2049 3162
189 166 253 199 1521

187 227 240 256 κᾶν
253 226 385 263 δεινότητι
398 228 444 255 καλ
457 226 618 263 καλλιεπείᾳ
631 227 695 263 δοκῇ
712 227 910 263 κεκοσμῆσθαι.

330 328 402 355 ΤῙΘ¹.
420 343 454 349 --
473 329 576 356 ΗΡΩΝΙ
596 329 830 365 ΠΡΕΣΒΥΤΕΡῼ.

621 160 895 198 EPISTOLARUM'
907 169 981 200 LIB.
1001 169 1034 200 ν.
1047 181 1082 188 -
1099 171 1218 202 EPIST.
1243 172 1421 204 CCCXXIII.

1744 171 1811 205 1522

990 236 1012 264 Α
1030 228 1130 255 malum
1146 229 1210 264 quid
1233 230 1391 263 admodum,
1413 229 1463 258 etsi
1483 228 1642 264 gravissima
1665 220 1819 257 disertissF

1028 280 1123 308 maque
1145 279 1266 302 comatur
1279 276 1413 308 oratione,
1429 275 1543 303 exsistit.

1125 327 1314 356 cccxtx.»_
1328 329 1454 357 ilERONi
1473 324 1710 361 PRESBYTEBOL

538 375 662 410 Aspectus
685 375 823 402 mulierum
849 374 1023 410 periculosus.
1042 372 1132 408 (Conf.
1152 374 1229 407 epist.
1245 374 1289 407 65,
1313 375 1374 408 175,
1388 375 1464 411 291.)

226 429 308 456 Ἶσθω
331 437 378 455 σου
402 429 480 456 τοῦτο
495 430 512 464 ἡ
530 429 679 465 φρόνησις,
702 429 727 455 εί
747 429 888 464 ἁγέρωχος
909 427 977 463 γυνὴ

189 473 412 509 καλλωπιζομένη
436 475 532 510 καλοίη
549 474 617 510 πρὸς
635 474 735 509 ἑαυτὴν
755 475 817 505 τοὺς
840 474 976 508 ὁρῶντας.

189 519 242 546 κᾶν
265 519 302 554 μὴ
324 519 371 555 ἕλῃ
391 519 440 555 τὴν
457 519 512 555 (94)
535 519 716 553 ἀπαντῶντα,
737 519 814 554 δίκην
833 519 939 545 δίδωσιν
959 520 976 554 ἡ

190 565 297 593 ἑλοῦσα.
315 565 352 591 Τὸ
369 566 423 600 γὰρ
446 565 558 593 κώνειον
574 565 759 592 κατεσκεύασε
770 585 778 598 ,
799 565 846 592 καὶ
862 565 909 592 τὺν
930 574 979 592 κυ-

191 611 279 638 κεῶνα
294 611 408 646 ὲκέρασε
418 631 426 644 ,
441 612 489 638 καὶ
506 611 556 648 τὴν
576 612 673 638 κύλικα
689 611 874 647 προσήγαγεν,
890 612 915 638 εί
930 611 977 638 καὶ

192 656 228 691 μὴ
244 656 342 691 εὑρέθη
358 657 372 682 ὁ
391 657 485 684 πίνων.
506 657 544 684 Οὐ
566 657 620 692 γὰρ
636 657 691 684 ἀπὸ
713 656 767 683 τῶν
791 656 978 691 ἀποτελεσμά-

189 710 242 728 των
252 721 258 732 .
276 701 333 728 ἀλλ’
353 702 407 729 ἀπὸ
421 702 474 729 τῶν
487 702 709 738 ἐπιχειρημάτων
724 702 758 729 τὰ
774 702 925 738 πράγματα
940 701 978 734 ὼς

190 745 225 772 τὰ
238 746 321 773 πολλὰ
334 747 466 782 κρίνεται.

346 800 411 827 TK].
428 815 465 820 —
486 801 636 836 ΕΥΤΟΝΙῼ
654 801 814 837 ΔΙΑΚΟΝῼ.

1062 428 1119 456 Νοιι
1142 429 1250 464 ignoras
1272 436 1325 464 qua
1349 438 1378 457 es
1395 433 1535 465 prudentia
1558 433 1698 467 praeditus,
1721 431 1815 459 forma

1026 474 1229 510 pulchritudine
1246 478 1394 501 tumentem
1408 475 1547 503 mulierem
1566 477 1587 504 si
1603 481 1756 510 spectantes
1776 475 1811 503 ad

1027 528 1057 548 se
1073 521 1183 554 alliciat,
1206 519 1314 547 tametsi
1333 527 1387 547 non
1404 520 1492 555 capiat
1506 520 1612 554 obvios,
1630 522 1753 549 daturam
1772 524 1814 547 ta-

1028 572 1088 593 men
1111 572 1208 600 pmnas
1227 565 1304 599 quasi
1324 565 1463 599 cepisset:
1480 572 1614 592 venenum
1637 566 1708 593 enim
1725 565 1815 600 prOpi-

1027 609 1113 642 navit,
1142 609 1305 643 miscuitque
1331 608 1469 643 poculum,
1496 607 1662 642 calicemque
1693 606 1814 642 protulit,

1031 656 1082 683 etsi
1106 663 1159 682 non
1188 654 1289 690 reperit
1311 654 1357 689 qui
1385 653 1500 681 biberet.
1530 653 1588 681 Non
1613 653 1684 680 enim
1706 651 1817 685 impleta

1031 701 1124 733 modo,
1145 700 1193 728 sed
1213 705 1241 727 et
1255 703 1358 727 tentata
1378 698 1481 734 ﬂagitia
1505 703 1534 726 ut
1553 697 1699 734 plurimum
1714 695 1816 732 judicio

1031 745 1229 781 expenduntur.

1159 799 1285 835 CCCXX.
1300 814 1336 821 —
1350 798 1501 827 EUTONIO
1525 796 1686 825 DiACONO.

299 845 336 872 De
347 845 465 879 Zosimo,
486 848 636 880 ceterisque
647 848 692 883 qui
706 847 754 875 Dei
770 848 968 883 longanimitate
989 847 1175 877 abutebantur.
1193 847 1280 882 Supra
1293 854 1361 881 stupe
1376 846 1407 873 de
1423 845 1520 873 eisdem
1533 845 1568 872 ad
1579 844 1708 872 eumdem.

227 897 291 926 Οἶδα
312 900 353 927 ὅτι
373 901 537 936 κρειττόνων
558 902 575 938 ἢ
591 902 652 929 καθ’
667 903 780 934 ἑαυτοὺς
799 904 980 938 τετυχήκασιν

1068 903 1130 930 Scio
1139 902 1283 939 dignitates
1289 909 1368 937 supra
1378 901 1502 928 meritum
1510 903 1667 928 consecutos
1675 894 1817 934 propterea

192 945 370 980 ἀξιωμάτων·
397 946 441 973 διὰ
460 946 538 973 τοῦτο
554 947 724 983 πλημμελεῖν
739 948 824 979 ἀδεῶς
845 949 979 984 οζόμενοι,

192 990 266 1017 οὐδὲν
282 990 391 1026 ἕτερον,
409 991 425 1026 ἣ
442 991 490 1027 τὴν
506 992 581 1019 θείαν
597 993 801 1028 φιλανθρωπίαν
814 993 862 1027 τὴν
880 994 980 1026 παντὸς

193 1036 304 1062 ἐπαίνου
319 1037 476 1072 κρείττονα,
496 1038 624 1065 ὑπόθεσιν
648 1039 699 1065 τῶν
716 1039 823 1066 οἰκείων
840 1039 979 1074 πταισμά-

193 1089 246 1107 των
257 1080 403 1116 ὁρίζονται,
420 1081 488 1118 ὅπερ
498 1082 557 1109 οὐδὲ
574 1084 660 1110 εἰπεῖν
676 1083 766 1118 θέμις.
789 1084 858 1111 Ἀλλ’
872 1085 903 1111 οὐ
917 1085 979 1116 τοὺς

194 1125 391 1161 εὐφρονοῦντας
405 1125 475 1152 οὕτω
490 1126 640 1154 διακεῖσθαι
657 1128 719 1163 χρὴ,
732 1129 792 1165 οὐδὲ
806 1129 845 1161 είς
860 1128 909 1164 τὴν
928 1129 979 1155 αὺ-

194 1170 242 1204 τὴν
268 1171 382 1203 ἐκείνοις
406 1172 528 1200 ἐλαύνειν
554 1173 671 1209 μανίαν,
690 1174 758 1201 ἀλλὰ
777 1175 836 1201 τότε
863 1174 980 1209 μάλιστα

196 1216 355 1248 σπουδάζειν
364 1218 469 1253 τῇτιμῇ
482 1218 664 1254 συμϐαίνοντα
675 1219 843 1255 παρέχεσθαι
853 1219 899 1246 τὸν
911 1219 978 1255 βίον,

195 1261 242 1287 καὶ
259 1261 295 1293 ὡς
308 1261 445 1297 ἐνδέχεται
459 1263 665 1299 λαμπρύνεσθαι
682 1266 738 1297 τοῖς
749 1265 857 1300 ἔργοις·
874 1265 917 1291 ἵνα
933 1265 981 1292 καὶ

196 1306 317 1340 γλῶτταν
333 1307 456 1343 εῠφημον
467 1329 474 1340 .
495 1310 542 1336 καὶ
561 1310 680 1337 διάνοιαν
695 1310 855 1346 εὐγνώμονα
875 1310 981 1346 ἔχοντες

197 1351 257 1382 τοὺς
276 1352 346 1378 κατὰ
361 1352 409 1387 τῆς
436 1353 512 1385 θείας
536 1354 727 1390 μακροθυμίας
752 1355 912 1387 ὁπλίζοντας
932 1354 981 1387 τὰς

196 1395 316 1431 γλώττας
330 1398 560 1434 ὲπιστομίζωμεν.
845 1401 853 1409 ⁵

328 1450 416 1479 ΤΚΑ’.
433 1467 468 1472 --
483 1453 599 1480 ΙΕΡΑΚΙ
617 1453 850 1489 ΠΡΕΣΒΥΤΕΡῼ.

1032 949 1191 984 delinquere
1217 948 1354 981 audacter,
1380 947 1451 981 quod
1472 946 1630 974 existiment
1654 943 1721 972 nihil
1744 943 1817 971 aliud

1033 1003 1114 1030 quam
1142 994 1258 1022 divinam
1288 993 1502 1028 benignitatem,
1532 999 1592 1027 quae
1618 989 1721 1019 laudari
1751 989 1817 1017 satis

1033 1047 1085 1066 non
1109 1039 1201 1074 possit,
1217 1037 1300 1073 656
1313 1040 1500 1072 argumentum
1527 1043 1638 1064 suorum
1663 1041 1725 1062 esse
1751 1033 1817 1061 deii-

1032 1089 1148 1116 ctorum,
1165 1083 1236 1118 quod
1252 1082 1327 1109 nefas
1351 1085 1392 1109 est
1414 1081 1515 1109 dicere.
1532 1081 1567 1108 At
1595 1087 1647 1107 non
1664 1079 1701 1106 ita
1716 1078 1817 1112 sentire

1032 1129 1108 1156 decet
1121 1128 1267 1162 sapientes.
1285 1134 1333 1154 nec
1351 1126 1378 1154 in
1390 1126 1512 1153 eamdem
1526 1133 1555 1153 se
1567 1125 1711 1152 immittere
1722 1130 1816 1150 amen-

1031 1175 1110 1207 tiam,
1133 1174 1180 1202 sed
1206 1179 1261 1201 tum
1282 1174 1400 1200 maxime
1421 1172 1488 1200 dare
1508 1178 1631 1206 operam,
1653 1175 1682 1198 ut
1707 1170 1818 1196 honeste

1032 1220 1087 1247 vita
1103 1220 1278 1255 transigatur,
1295 1222 1378 1253 utque
1399 1221 1472 1246 recte
1493 1217 1570 1245 factis
1589 1224 1649 1244 eam
1671 1215 1816 1248 illustrent,

1032 1269 1062 1292 ut
1077 1269 1104 1291 et
1117 1264 1236 1298 linguam
1251 1263 1366 1297 benigne
1379 1262 1545 1296 loquentem,
1563 1265 1733 1295 mentemque
1745 1262 1818 1287 recte

1031 1309 1192 1337 sentientem
1214 1308 1356 1340 habentes,
1373 1314 1465 1334 eormn
1489 1314 1535 1334 ora
1560 1307 1696 1339 obturent,
1717 1304 1763 1340 qui
1790 1304 1816 1331 in

1033 1355 1079 1382 Dei
1096 1353 1324 1389 longanimitatem
1340 1353 1448 1388 linguas
1463 1356 1602 1379 acuerunt.

1120 1452 1257 1481 CCCXXL
1276 1467 1311 1472 —
1331 1451 1471 1479 lllERACI
1490 1449 1727 1479 PRESBYTERO.

543 1499 681 1527 Sacerdoti
695 1500 802 1527 uitanda
815 1500 954 1533 scandala,
971 1504 999 1527 ut
1015 1504 1039 1527 et
1056 1499 1130 1535 epist.
1142 1507 1196 1534 seq.
1212 1499 1258 1526 lib.
1273 1506 1304 1532 lt,
1319 1499 1398 1534 epist.
1417 1498 1474 1525 I21.

231 1552 289 1580 οὐκ
306 1553 376 1590 ἴσην,
393 1550 415 1582 ὦ
432 1555 562 1591 μακάριε,
587 1555 640 1591 πρὸ
654 1556 701 1583 τοῦ
725 1557 874 1594 ἱερωσύνης
897 1556 993 1593 ὴξιῶ-“

1065 1555 1123 1584 Non
1140 1563 1244 1591 parem,
1266 1563 1282 1584 ο
1297 1557 1376 1589 bone,
1393 1561 1454 1583 ante
1468 1559 1494 1582 et
1507 1559 1568 1590 post
1584 1554 1708 1589 adeptum
1725 1561 1818 1582 sacer-

198 1597 275 1630 σθαι,
293 1599 339 1625 καὶ
355 1599 425 1634 μετὰ
441 1601 470 1627 τὸ
485 1601 652 1636 ἀξιωθῆναι,
671 1602 695 1628 εί
711 1603 886 1638 πταίσωμεν,
902 1604 979 1639 δίκην

197 1642 333 1679 δώσομεν,
353 1644 421 1672 ἀλλὰ
436 1645 524 1681 πολλῷ
542 1647 717 1682 πικροτέραν.
734 1648 765 1674 Οί
782 1648 836 1684 γὰρ
860 1649 927 1684 μηδὲ
940 1648 980 1684 τῷ

196 1689 247 1724 τῆς
266 1691 348 1725 τιμῆς
371 1691 497 1727 τοιαύτης
520 1692 652 1726 ἠξιῶσθαι
674 1692 872 1728 βελτιωθὲντες,
896 1695 981 1730 ἀργα-

196 1734 328 1770 λεώτερον
350 1736 449 1763 δίκαιοι
470 1736 503 1763 ἂν
518 1735 572 1763 εἷεν
593 1737 765 1769 κολάξεσθαι.
788 1739 914 1775 Γίγνεται
927 1739 981 1776 γὰρ

196 1781 309 1813 είκότως
334 1782 364 1809 τὸ
387 1783 435 1818 τῆς
453 1783 536 1818 τιμῆς
562 1783 676 1818 μέγεθος
701 1784 823 1820 μείζονος
848 1785 983 1821 τιμωρίας

198 1827 313 1862 ἑφόδιον.

378 1866 381 1869 ’
429 1874 515 1902 TKB’.
532 1890 567 1896 .-
580 1876 744 1917 manu.

1033 1602 1136 1631 dolium
1152 1602 1176 1630 si
1189 1601 1385 1638 delinquamus,
1409 1608 1514 1637 pinnam
1534 1600 1649 1634 luemus,
1664 1599 1710 1628 sed
1735 1599 1819 1628 multo

1034 1648 1211 1676 acerbiorem.
1227 1648 1293 1675 Nam
1304 1649 1348 1682 qui
1366 1655 1400 1675 ne
1414 1648 1467 1675 ista
1481 1647 1588 1682 quidem
1607 1646 1718 1674 honoris
1733 1645 1822 1680 digni-

1036 1697 1090 1721 tate
1108 1693 1205 1721 redditi
1226 1698 1289 1720 sunt
1312 1693 1449 1727 meliores,
1467 1700 1572 1728 aequum
1593 1697 1635 1720 est
1649 1699 1696 1720 eos
1711 1692 1819 1726 gravius

1034 1738 1136 1774 puniri.
1162 1739 1211 1767 Est
1233 1740 1305 1766 enim
1329 1740 1425 1767 merito
1450 1739 1506 1775 ipsa
1533 1738 1650 1766 honoris.
1663 1737 1818 1774 magnitudo

1035 1784 1160 1820 supplicii
1175 1785 1286 1822 majoris
1301 1786 1418 1814 occasio.

1263 1878 1411 1907 CCCXXII.
1429 1893 1464 1899 —
1478 1878 1591 1906 EIDEM.

642 1921 817 1949 Sacer-datum
830 1921 952 1956 grauiora
969 1930 1024 1952 esse
1037 1933 1116 1960 quam
1128 1924 1257 1952 luicorum
1268 1924 1375 1952 delirta.

232 1973 337 2010 Ὥσπερ
358 1974 387 2001 ἐν
406 1974 460 2011 νηῖ,
481 1975 544 2003 ὅταν
565 1975 613 2011 μὲν
636 1976 736 2012 ναύτης
757 1976 889 2012 σφαλείη,
915 1978 982 2013 βρα-

197 2022 273 2056 χεῖαν
288 2023 336 2057 τὴν
355 2022 457 2057 βλάϐην
470 2024 525 2055 τοῖς
544 2023 711 2058 συμπλέουσι
731 2023 827 2059 φέρει,
844 2024 907 2050 ὅταν
923 2025 952 2051 δὲ
968 2026 982 2052 ὀ

198 2067 383 2102 κυϐερνήτης,
404 2068 492 2094 κοινὸν
512 2068 621 2104 ὄλεθρον
636 2069 849 2104 παρασκευάζει,
865 2069 934 2097 οὓτω
948 2070 983 2097 τὰ

200 2113 248 2147 μὲν
262 2113 317 2140 τῶν
335 2113 461 2148 ὑπηκόων
477 2114 645 2149 πταίσματα,
659 2115 708 2141 οὐκ
722 2115 760 2146 είς
775 2115 906 2147 texatva
918 2124 982 2142 τοσ-

197 2159 275 2185 οῦτον
287 2179 293 2191 ,
307 2160 368 2186 ὅσον
388 2161 427 2191 είς
442 2160 539 2192 αὐτοὺς
556 2161 633 2196 φέρει
643 2161 692 2196 τὴν
704 2160 806 2196 βλάϐην
817 2169 824 2176 ⁸
837 2161 871 2188 τὰ
885 2161 913 2189 δὲ
927 2162 981 2189 τῶν

199 2204 356 2240 ἱερωμένων
371 2206 410 2237 εἰς
426 2206 530 2237 πάντας
546 2207 709 2240 ἀφικνεῖται.

426 2259 511 2286 Tlil".
532 2275 566 2280 _
587 2260 631 2295 Tu
653 2260 754 2296 ΑΥΤῼ.

1074 1980 1108 2008 Ut
1142 1981 1169 2008 in
1190 1981 1299 2015 navigio
1313 1980 1335 2007 si
1351 1980 1410 2014 quis
1426 1984 1506 2007 nauta
1523 1978 1669 2012 delinquat,
1687 1977 1774 2004 minus
1791 1977 1817 2004 id

1036 2027 1223 2062 navigantibus
1238 2026 1316 2054 atiert
1333 2026 1547 2057 incommodum;
1568 2024 1590 2053 si
1608 2031 1672 2051 vero
1684 2023 1818 2058 guberna-

1036 2076 1088 2105 tor,
1109 2079 1278 2100 communem
1304 2075 1429 2106 procurat
1455 2070 1611 2103 interitum;
1636 2069 1669 2096 ad
1695 2068 1821 2096 eumdem

1035 2118 1143 2145 modum
1166 2118 1333 2145 subditorum
1351 2122 1460 2152 peccata
1481 2124 1534 2144 non
1560 2121 1614 2142 tam
1642 2115 1713 2147 aliis,
1737 2121 1817 2148 quant

1035 2169 1084 2189 suo
1104 2154 1153 2196 ipsi
1169 2162 1248 2196 capiti
1265 2162 1363 2189 malum
1376 2165 1528 2189 arcessunt.
1541 2161 1575 2188 At
1592 2159 1762 2188 sacerdotum
1776 2158 1817 2185 vi-

998 2223 1020 2250 ο
1037 2208 1072 2235 tia
1087 2208 1113 2235 in
1126 2215 1221 2236 omnes
1233 2208 1356 2239 exemplo
1373 2207 1537 2236 redundant.

1255 2262 1415 2290 CCCXXIII.
1431 2277 1466 2282 —
1481 2261 1594 2289 EIDEM.

534 2305 705 2334 Sacer-datum
719 2312 758 2334 est
771 2307 937 2336 subditorum
951 2315 1080 2346 satagere.
1093 2310 1229 2345 Majorum
1240 2311 1335 2339 delicta
1349 2311 1480 2346 graviora.

233 2360 264 2388 Et
291 2361 383 2396 μόλις,
412 2358 434 2388 ὧ
463 2361 566 2396 ἀγαθὲ,
592 2361 787 2396 κατορθοῦντες
810 2363 836 2389 οί
854 2363 903 2399 τὴν
930 2363 981 2399 τῆς

199 2407 346 2442 ἱερωσύνης
371 2408 533 2442 ἐστεμμένοι
549 2406 720 2442 λειτουργίαν
743 2406 882 2444 ὠφελῆσαι
902 2408 982 2444 δυνη-

198 2453 269 2479 θεῖεν
289 2453 329 2487 (οί
345 2453 400 2488 γὰρ
415 2454 560 2489 ἀρχόμενοι
582 2453 616 2480 τὰ
640 2453 689 2488 μὲν
708 2453 909 2489 κατορθώματα
931 2454 982 2482 κᾶν

201 2498 304 2532 μεγάλα
322 2497 349 2534 ᾖ,
365 2498 494 2532 βραδέως,
515 2498 549 2524 τὰ
563 2498 590 2524 δὲ
606 2498 765 2532 πταίσματα
784 2498 835 2524 κᾶν
852 2499 938 2534 μικρὰ
952 2498 981 2536 ᾗ,

200 2544 279 2576 ὀξέως
304 2543 435 2579 ὁρῶσιν),
458 2545 482 2571 oi
507 2544 636 2579 ῥαθύμως
650 2543 760 2576 ζῶντες,
781 2544 828 2571 καὶ
848 2545 982 2580 μηδεμίαν

199 2589 252 2616 τῶν
262 2590 388 2624 ὑπηκόων
402 2590 557 2624 ποιούμενοι
571 2590 714 2625 πρόνοιαν,·
727 2588 805 2615 ποίαν
822 2590 873 2616 οὐκ
888 2591 983 2619 ἐνστά-

201 2635 273 2665 ζοοσι
287 2635 341 2670 (95)
364 2635 462 2662 κακίαν
484 2637 539 2667 τοῖς
560 2636 654 2670 ὥσπερ
670 2634 817 2669 ἀπολογίαν
837 2635 909 2671 ἔχειν
927 2638 981 2664 οίο-

202 2679 290 2714 μένοις
310 2680 363 2706 τῶν
381 2679 488 2707 οἰκείων
511 2681 688 2716 πταισμάτων
711 2680 744 2707 τὰ
759 2679 813 2706 τῶν
838 2682 978 2717 ἡγεμόνων

1070 2364 1098 2392 Si
1116 2365 1158 2392 vix
1175 2366 1291 2396 tandem,
1305 2365 1374 2392 bone
1386 2364 1436 2395 vir,
1450 2368 1522 2390 recte
1541 2362 1604 2397 quid
1621 2369 1653 2389 ac
1666 2368 1726 2388 cum
1741 2361 1818 2388 laude

1035 2415 1146 2445 agentes
1164 2410 1210 2444 qui
1231 2409 1317 2436 sacris
1341 2413 1403 2436 sunt
1428 2407 1524 2435 initiati
1557 2406 1685 2442 prodesse
1714 2409 1817 2441 queant

1035 2455 1146 2491 (subditi
1168 2455 1239 2482 enim
1261 2459 1334 2482 recte
1349 2455 1455 2490 quidem
1473 2456 1560 2489 gesta,
1576 2452 1698 2488 quamvis
1721 2458 1816 2485 magna

1032 2501 1098 2534 sint,
1122 2507 1175 2528 non
1198 2505 1253 2528 tam
1276 2500 1347 2533 cito;
1365 2503 1474 2535 peccata
1493 2506 1558 2526 vero
1580 2497 1687 2526 tametsi
1705 2497 1816 2523 minima

1031 2546 1164 2573 citissime
1186 2545 1428 2580 animadvertunt),
1442 2544 1609 2580 negligenter
1631 2543 1764 2575 viventes,
1790 2544 1817 2567 ct

1031 2591 1131 2619 nullam
1147 2591 1314 2618 subditorum
1333 2598 1425 2618 curam
1440 2593 1577 2624 gerentes,
1594 2595 1675 2624 quam
1695 2594 1748 2614 non
1767 2586 1816 2613 in-

1030 2637 1132 2665 stillant
1146 2637 1344 2672 improbitatem
1360 2638 1392 2665 iis
1404 2637 1449 2671 qui
1466 2635 1635 2671 propriorum
1652 2633 1813 2661 delictorum

1034 2683 1105 2710 velut
1123 2683 1305 2710 defensionem
1329 2683 1427 2711 habere
1448 2689 1477 2710 se
1490 2684 1587 2716 putant
1603 2683 1711 2715 peccata
1734 2683 1817 2711 supe-

743 2760 859 2789 VAHI/E
879 2759 1070 2789 LECTIONES
1092 2761 1134 2788 ET
1156 2761 1272 2790 NOTE.

311 2808 325 2815 ν

308 2831 387 2869 [idem
403 2833 450 2869 τὴν
467 2834 491 2869 in
506 2835 550 2862 τὸν
565 2816 676 2864 mutant.
693 2838 800 2865 Possm.

237 2866 294 2903 (05)
310 2867 362 2895 Pro
383 2866 539 2901 ἄνστάηζουσι
559 2872 637 2899 ambo
662 2873 737 2899 codd.
765 2875 861 2899 habent
886 2873 1051 2906 ἐνστάξουσι.
1072 2873 1108 2900 in.
