  <div class='ocr_page' id='page_1' title='image "/cluster/home/n/w/nwhite01/storage/ocr_20150623/78/njp.32101077772794/823.png"; bbox 0 0 2049 3162; ppageno 0'>
   <div class='ocr_carea' id='block_1_1' title="bbox 245 152 315 186">
    <p class='ocr_par' dir='ltr' id='par_1_1' title="bbox 245 152 315 186">
     <span class='ocr_line' id='line_1_1' title="bbox 245 152 315 186; baseline 0 -1"><span class='ocrx_word' id='word_1_1' title='bbox 245 152 315 186; x_wconf 78' lang='lat'><strong>1523</strong></span> 
     </span>
    </p>
   </div>
   <div class='ocr_carea' id='block_1_2' title="bbox 868 156 1308 191">
    <p class='ocr_par' dir='ltr' id='par_1_2' title="bbox 868 156 1308 191">
     <span class='ocr_line' id='line_1_2' title="bbox 868 156 1308 191; baseline 0.009 -5"><span class='ocrx_word' id='word_1_2' title='bbox 868 156 899 187; x_wconf 91' lang='lat' dir='ltr'><strong>S.</strong></span> <span class='ocrx_word' id='word_1_3' title='bbox 921 157 1069 188; x_wconf 86' lang='lat' dir='ltr'><strong>ISIDORI</strong></span> <span class='ocrx_word' id='word_1_4' title='bbox 1087 159 1308 191; x_wconf 67' lang='lat' dir='ltr'><strong>PELUSIOTxE</strong></span> 
     </span>
    </p>
   </div>
   <div class='ocr_carea' id='block_1_3' title="bbox 1813 161 1880 194">
    <p class='ocr_par' dir='ltr' id='par_1_3' title="bbox 1813 161 1880 194">
     <span class='ocr_line' id='line_1_3' title="bbox 1813 161 1880 194; baseline 0.015 -1"><span class='ocrx_word' id='word_1_5' title='bbox 1813 161 1880 194; x_wconf 65' lang='grc'><strong>1526</strong></span> 
     </span>
    </p>
   </div>
   <div class='ocr_carea' id='block_1_4' title="bbox 244 207 1059 255">
    <p class='ocr_par' dir='ltr' id='par_1_4' title="bbox 244 207 1059 255">
     <span class='ocr_line' id='line_1_4' title="bbox 244 207 1059 255; baseline 0.004 -18"><span class='ocrx_word' id='word_1_6' title='bbox 244 209 360 255; x_wconf 58' lang='grc' dir='ltr'>νίοιυιι),</span> <span class='ocrx_word' id='word_1_7' title='bbox 375 211 402 237; x_wconf 89' lang='lat' dir='ltr'><strong>et</strong></span> <span class='ocrx_word' id='word_1_8' title='bbox 416 207 550 244; x_wconf 86' lang='lat' dir='ltr'><strong>intrepide</strong></span> <span class='ocrx_word' id='word_1_9' title='bbox 561 208 587 236; x_wconf 93' lang='lat' dir='ltr'><strong>in</strong></span> <span class='ocrx_word' id='word_1_10' title='bbox 600 215 680 238; x_wconf 87' lang='lat' dir='ltr'><strong>omne</strong></span> <span class='ocrx_word' id='word_1_11' title='bbox 693 207 798 238; x_wconf 78' lang='lat' dir='ltr'><strong>facinus</strong></span> <span class='ocrx_word' id='word_1_12' title='bbox 811 210 912 238; x_wconf 81' lang='lat' dir='ltr'><strong>ruunt?</strong></span> <span class='ocrx_word' id='word_1_13' title='bbox 924 210 1040 240; x_wconf 79' lang='lat' dir='ltr'><strong>Maxime</strong></span> <span class='ocrx_word' id='word_1_14' title='bbox 1054 236 1059 245; x_wconf 49' lang='grc' dir='ltr'><strong><em>λ</em></strong></span> 
     </span>
    </p>
   </div>
   <div class='ocr_carea' id='block_1_5' title="bbox 1096 207 1881 255">
    <p class='ocr_par' dir='ltr' id='par_1_5' title="bbox 1096 213 1881 252">
     <span class='ocr_line' id='line_1_5' title="bbox 1096 213 1881 252; baseline 0.006 -13"><span class='ocrx_word' id='word_1_15' title='bbox 1096 215 1278 250; x_wconf 68' lang='grc' dir='ltr'>ἁμαρτήματα</span> <span class='ocrx_word' id='word_1_16' title='bbox 1288 233 1295 247; x_wconf 84' lang='grc'><strong>,</strong></span> <span class='ocrx_word' id='word_1_17' title='bbox 1312 214 1359 241; x_wconf 77' lang='grc' dir='ltr'>καὶ</span> <span class='ocrx_word' id='word_1_18' title='bbox 1373 213 1459 246; x_wconf 80' lang='grc' dir='ltr'>άδεῶς</span> <span class='ocrx_word' id='word_1_19' title='bbox 1473 215 1519 242; x_wconf 71' lang='grc' dir='ltr'><strong>ἐπὶ</strong></span> <span class='ocrx_word' id='word_1_20' title='bbox 1535 215 1623 244; x_wconf 70' lang='grc' dir='ltr'>πᾶσαν</span> <span class='ocrx_word' id='word_1_21' title='bbox 1639 216 1813 252; x_wconf 73' lang='grc' dir='ltr'><strong>παρανομίαν</strong></span> <span class='ocrx_word' id='word_1_22' title='bbox 1826 226 1881 252; x_wconf 75' lang='grc' dir='ltr'><strong>χω-</strong></span> 
     </span>
    </p>
   </div>
   <div class='ocr_carea' id='block_1_6' title="bbox 245 255 1059 300">
    <p class='ocr_par' dir='ltr' id='par_1_6' title="bbox 245 255 1040 293">
     <span class='ocr_line' id='line_1_6' title="bbox 245 255 1040 293; baseline 0.004 -10"><span class='ocrx_word' id='word_1_23' title='bbox 245 256 338 292; x_wconf 77' lang='lat' dir='ltr'><strong>itaque</strong></span> <span class='ocrx_word' id='word_1_24' title='bbox 358 255 437 284; x_wconf 90' lang='lat' dir='ltr'><strong>decet</strong></span> <span class='ocrx_word' id='word_1_25' title='bbox 460 255 619 284; x_wconf 79' lang='lat' dir='ltr'><strong>sacerdotes</strong></span> <span class='ocrx_word' id='word_1_26' title='bbox 642 260 767 292; x_wconf 78' lang='lat' dir='ltr'><strong>satagere</strong></span> <span class='ocrx_word' id='word_1_27' title='bbox 790 261 920 293; x_wconf 90' lang='lat' dir='ltr'><strong>tanquam</strong></span> <span class='ocrx_word' id='word_1_28' title='bbox 945 265 993 293; x_wconf 87' lang='lat' dir='ltr'><strong>pro</strong></span> <span class='ocrx_word' id='word_1_29' title='bbox 1011 266 1040 286; x_wconf 89' lang='lat' dir='ltr'><strong>se</strong></span> 
     </span>
    </p>
   </div>
   <div class='ocr_carea' id='block_1_7' title="bbox 1096 255 1881 300">
    <p class='ocr_par' dir='ltr' id='par_1_7' title="bbox 1096 259 1881 300">
     <span class='ocr_line' id='line_1_7' title="bbox 1096 259 1881 300; baseline 0.006 -15"><span class='ocrx_word' id='word_1_30' title='bbox 1096 259 1187 294; x_wconf 86' lang='grc' dir='ltr'>ροῦσι;</span> <span class='ocrx_word' id='word_1_31' title='bbox 1212 259 1337 287; x_wconf 83' lang='grc' dir='ltr'><strong>Μάλιστα</strong></span> <span class='ocrx_word' id='word_1_32' title='bbox 1353 260 1443 286; x_wconf 77' lang='grc' dir='ltr'>τοίνυν</span> <span class='ocrx_word' id='word_1_33' title='bbox 1460 261 1524 293; x_wconf 81' lang='grc' dir='ltr'>τοὺς</span> <span class='ocrx_word' id='word_1_34' title='bbox 1541 262 1706 298; x_wconf 79' lang='grc' dir='ltr'>ἱερωμένους</span> <span class='ocrx_word' id='word_1_35' title='bbox 1727 264 1881 300; x_wconf 79' lang='grc' dir='ltr'><strong>φροντίζειν</strong></span> 
     </span>
    </p>
   </div>
   <div class='ocr_carea' id='block_1_8' title="bbox 246 299 917 337">
    <p class='ocr_par' dir='ltr' id='par_1_8' title="bbox 246 299 917 337">
     <span class='ocr_line' id='line_1_8' title="bbox 246 299 917 337; baseline 0.004 -8"><span class='ocrx_word' id='word_1_36' title='bbox 246 301 353 337; x_wconf 83' lang='lat' dir='ltr'><strong>sibique</strong></span> <span class='ocrx_word' id='word_1_37' title='bbox 369 299 499 337; x_wconf 79' lang='lat' dir='ltr'><strong>subjectis</strong></span> <span class='ocrx_word' id='word_1_38' title='bbox 516 301 571 329; x_wconf 93' lang='lat' dir='ltr'><strong>sint</strong></span> <span class='ocrx_word' id='word_1_39' title='bbox 588 301 723 330; x_wconf 86' lang='lat' dir='ltr'><strong>rationem</strong></span> <span class='ocrx_word' id='word_1_40' title='bbox 741 302 873 331; x_wconf 81' lang='lat' dir='ltr'><strong>reddituri</strong></span> <span class='ocrx_word' id='word_1_41' title='bbox 884 304 917 332; x_wconf 81' lang='grc'><strong>³¹.</strong></span> 
     </span>
    </p>
   </div>
   <div class='ocr_carea' id='block_1_9' title="bbox 328 404 950 435">
    <p class='ocr_par' dir='ltr' id='par_1_9' title="bbox 328 404 950 435">
     <span class='ocr_line' id='line_1_9' title="bbox 328 404 950 435; baseline 0.002 -1"><span class='ocrx_word' id='word_1_42' title='bbox 328 404 490 434; x_wconf 75' lang='lat' dir='ltr'><strong>CCCXXIV.</strong></span> <span class='ocrx_word' id='word_1_43' title='bbox 511 420 546 426; x_wconf 92' lang='lat'><strong>—-</strong></span> <span class='ocrx_word' id='word_1_44' title='bbox 562 404 689 435; x_wconf 84' lang='lat' dir='ltr'><strong>ZOSIMO</strong></span> <span class='ocrx_word' id='word_1_45' title='bbox 710 405 950 435; x_wconf 74' lang='lat' dir='ltr'><strong>PRESBYTERO.</strong></span> 
     </span>
    </p>
   </div>
   <div class='ocr_carea' id='block_1_10' title="bbox 1093 304 1882 344">
    <p class='ocr_par' dir='ltr' id='par_1_10' title="bbox 1093 304 1882 344">
     <span class='ocr_line' id='line_1_10' title="bbox 1093 304 1882 344; baseline 0.006 -13"><span class='ocrx_word' id='word_1_46' title='bbox 1093 304 1156 340; x_wconf 80' lang='grc' dir='ltr'>χρὴ,</span> <span class='ocrx_word' id='word_1_47' title='bbox 1179 305 1217 337; x_wconf 84' lang='grc' dir='ltr'>ὡς</span> <span class='ocrx_word' id='word_1_48' title='bbox 1238 305 1285 332; x_wconf 74' lang='grc' dir='ltr'>καὶ</span> <span class='ocrx_word' id='word_1_49' title='bbox 1300 305 1371 342; x_wconf 80' lang='grc' dir='ltr'>ὑπὲρ</span> <span class='ocrx_word' id='word_1_50' title='bbox 1385 306 1505 340; x_wconf 80' lang='grc' dir='ltr'>ἑαυτῶν,</span> <span class='ocrx_word' id='word_1_51' title='bbox 1526 307 1572 335; x_wconf 82' lang='grc' dir='ltr'>καὶ</span> <span class='ocrx_word' id='word_1_52' title='bbox 1592 308 1661 344; x_wconf 75' lang='grc' dir='ltr'>ὑπὲρ</span> <span class='ocrx_word' id='word_1_53' title='bbox 1684 308 1739 336; x_wconf 84' lang='grc' dir='ltr'><strong>τῶν</strong></span> <span class='ocrx_word' id='word_1_54' title='bbox 1754 309 1882 344; x_wconf 77' lang='grc' dir='ltr'><strong>ὑπηκόων</strong></span> 
     </span>
    </p>
   </div>
   <div class='ocr_carea' id='block_1_11' title="bbox 1093 350 1386 385">
    <p class='ocr_par' dir='ltr' id='par_1_11' title="bbox 1093 350 1386 385">
     <span class='ocr_line' id='line_1_11' title="bbox 1093 350 1386 385; baseline 0.003 -8"><span class='ocrx_word' id='word_1_55' title='bbox 1093 350 1171 385; x_wconf 77' lang='grc' dir='ltr'>λόγον</span> <span class='ocrx_word' id='word_1_56' title='bbox 1188 350 1386 383; x_wconf 74' lang='grc' dir='ltr'><strong>ἀποδώσοντας.</strong></span> 
     </span>
    </p>
   </div>
   <div class='ocr_carea' id='block_1_12' title="bbox 1218 406 1760 444">
    <p class='ocr_par' dir='ltr' id='par_1_12' title="bbox 1218 406 1760 444">
     <span class='ocr_line' id='line_1_12' title="bbox 1218 406 1760 444; baseline 0.004 -10"><span class='ocrx_word' id='word_1_57' title='bbox 1218 406 1302 435; x_wconf 81' lang='lat' dir='ltr'><strong>TKA’;</strong></span> <span class='ocrx_word' id='word_1_58' title='bbox 1324 421 1360 429; x_wconf 89' lang='lat'><strong><em>—</em></strong></span> <span class='ocrx_word' id='word_1_59' title='bbox 1380 407 1504 442; x_wconf 77' lang='grc' dir='ltr'><strong>ΖΩΣΙΜῼ</strong></span> <span class='ocrx_word' id='word_1_60' title='bbox 1528 407 1760 444; x_wconf 81' lang='grc' dir='ltr'><strong>ΠΡΕΣΒΥΤΕΡῼ.</strong></span> 
     </span>
    </p>
   </div>
   <div class='ocr_carea' id='block_1_13' title="bbox 673 453 1459 490">
    <p class='ocr_par' dir='ltr' id='par_1_13' title="bbox 673 453 1459 490">
     <span class='ocr_line' id='line_1_13' title="bbox 673 453 1459 490; baseline 0.004 -10"><span class='ocrx_word' id='word_1_61' title='bbox 673 453 792 482; x_wconf 73' lang='lat' dir='ltr'><strong>Extremi</strong></span> <span class='ocrx_word' id='word_1_62' title='bbox 800 455 901 488; x_wconf 80' lang='lat' dir='ltr'><strong>judicii</strong></span> <span class='ocrx_word' id='word_1_63' title='bbox 917 460 1016 484; x_wconf 75' lang='lat' dir='ltr'><strong>terrore</strong></span> <span class='ocrx_word' id='word_1_64' title='bbox 1034 465 1050 486; x_wconf 78' lang='grc' dir='ltr'><strong>α</strong></span> <span class='ocrx_word' id='word_1_65' title='bbox 1068 455 1181 490; x_wconf 77' lang='lat' dir='ltr'><strong>peccatis</strong></span> <span class='ocrx_word' id='word_1_66' title='bbox 1202 463 1323 485; x_wconf 77' lang='lat' dir='ltr'><strong>revocare</strong></span> <span class='ocrx_word' id='word_1_67' title='bbox 1337 461 1459 484; x_wconf 77' lang='lat' dir='ltr'><strong>conatur.</strong></span> 
     </span>
    </p>
   </div>
   <div class='ocr_carea' id='block_1_14' title="bbox 285 509 1040 547">
    <p class='ocr_par' dir='ltr' id='par_1_14' title="bbox 285 509 1040 547">
     <span class='ocr_line' id='line_1_14' title="bbox 285 509 1040 547; baseline 0 -8"><span class='ocrx_word' id='word_1_68' title='bbox 285 509 321 542; x_wconf 82' lang='lat' dir='ltr'><strong>De</strong></span> <span class='ocrx_word' id='word_1_69' title='bbox 344 509 519 546; x_wconf 73' lang='lat' dir='ltr'><strong>iniuriarum,</strong></span> <span class='ocrx_word' id='word_1_70' title='bbox 544 510 632 546; x_wconf 81' lang='lat' dir='ltr'><strong>deque</strong></span> <span class='ocrx_word' id='word_1_71' title='bbox 654 511 814 546; x_wconf 73' lang='lat' dir='ltr'><strong>opinionum</strong></span> <span class='ocrx_word' id='word_1_72' title='bbox 842 512 1040 547; x_wconf 73' lang='lat' dir='ltr'><strong>magnitudine,</strong></span> 
     </span>
    </p>
   </div>
   <div class='ocr_carea' id='block_1_15' title="bbox 247 557 1040 592">
    <p class='ocr_par' dir='ltr' id='par_1_15' title="bbox 247 557 1040 592">
     <span class='ocr_line' id='line_1_15' title="bbox 247 557 1040 592; baseline -0.003 -7"><span class='ocrx_word' id='word_1_73' title='bbox 247 564 281 585; x_wconf 77' lang='lat' dir='ltr'><strong>ex</strong></span> <span class='ocrx_word' id='word_1_74' title='bbox 303 563 417 586; x_wconf 79' lang='lat' dir='ltr'><strong>numero</strong></span> <span class='ocrx_word' id='word_1_75' title='bbox 439 563 535 586; x_wconf 85' lang='lat' dir='ltr'><strong>eorum</strong></span> <span class='ocrx_word' id='word_1_76' title='bbox 557 557 602 592; x_wconf 87' lang='lat' dir='ltr'><strong>qui</strong></span> <span class='ocrx_word' id='word_1_77' title='bbox 623 557 726 586; x_wconf 76' lang='lat' dir='ltr'><strong>conscii</strong></span> <span class='ocrx_word' id='word_1_78' title='bbox 743 561 807 586; x_wconf 82' lang='lat' dir='ltr'><strong>sunt</strong></span> <span class='ocrx_word' id='word_1_79' title='bbox 829 558 968 586; x_wconf 71' lang='lat' dir='ltr'><strong>a&#39;stimars</strong></span> <span class='ocrx_word' id='word_1_80' title='bbox 994 565 1040 586; x_wconf 87' lang='lat' dir='ltr'><strong>so-</strong></span> 
     </span>
    </p>
   </div>
   <div class='ocr_carea' id='block_1_16' title="bbox 247 601 1042 643">
    <p class='ocr_par' dir='ltr' id='par_1_16' title="bbox 247 601 1042 643">
     <span class='ocr_line' id='line_1_16' title="bbox 247 601 1042 643; baseline -0.001 -11"><span class='ocrx_word' id='word_1_81' title='bbox 247 602 312 632; x_wconf 81' lang='lat' dir='ltr'><strong>lent.</strong></span> <span class='ocrx_word' id='word_1_82' title='bbox 326 601 442 640; x_wconf 80' lang='lat' dir='ltr'><strong>lnjurias</strong></span> <span class='ocrx_word' id='word_1_83' title='bbox 459 603 531 643; x_wconf 85' lang='lat' dir='ltr'><strong>enim</strong></span> <span class='ocrx_word' id='word_1_84' title='bbox 546 608 574 631; x_wconf 85' lang='lat' dir='ltr'><strong>et</strong></span> <span class='ocrx_word' id='word_1_85' title='bbox 589 603 785 639; x_wconf 74' lang='lat' dir='ltr'><strong>castigationes</strong></span> <span class='ocrx_word' id='word_1_86' title='bbox 800 603 834 633; x_wconf 82' lang='lat' dir='ltr'><strong>de</strong></span> <span class='ocrx_word' id='word_1_87' title='bbox 850 604 946 638; x_wconf 84' lang='lat' dir='ltr'><strong>quovis</strong></span> <span class='ocrx_word' id='word_1_88' title='bbox 967 612 1042 631; x_wconf 87' lang='lat' dir='ltr'><strong>sum-</strong></span> 
     </span>
    </p>
   </div>
   <div class='ocr_carea' id='block_1_17' title="bbox 248 649 1043 686">
    <p class='ocr_par' dir='ltr' id='par_1_17' title="bbox 248 649 1043 686">
     <span class='ocr_line' id='line_1_17' title="bbox 248 649 1043 686; baseline -0.001 -8"><span class='ocrx_word' id='word_1_89' title='bbox 248 653 321 685; x_wconf 78' lang='lat' dir='ltr'><strong>ptas.</strong></span> <span class='ocrx_word' id='word_1_90' title='bbox 334 657 389 678; x_wconf 86' lang='lat' dir='ltr'><strong>non</strong></span> <span class='ocrx_word' id='word_1_91' title='bbox 403 649 499 679; x_wconf 85' lang='lat' dir='ltr'><strong>eodem</strong></span> <span class='ocrx_word' id='word_1_92' title='bbox 518 650 599 679; x_wconf 85' lang='lat' dir='ltr'><strong>modo</strong></span> <span class='ocrx_word' id='word_1_93' title='bbox 613 650 790 686; x_wconf 75' lang='lat' dir='ltr'><strong>gravissimas</strong></span> <span class='ocrx_word' id='word_1_94' title='bbox 803 650 949 678; x_wconf 69' lang='lat' dir='ltr'><strong>astimant.</strong></span> <span class='ocrx_word' id='word_1_95' title='bbox 965 650 1043 683; x_wconf 87' lang='lat' dir='ltr'><strong>Quod</strong></span> 
     </span>
    </p>
   </div>
   <div class='ocr_carea' id='block_1_18' title="bbox 248 695 1038 731">
    <p class='ocr_par' dir='ltr' id='par_1_18' title="bbox 248 695 1038 731">
     <span class='ocr_line' id='line_1_18' title="bbox 248 695 1038 731; baseline 0 -8"><span class='ocrx_word' id='word_1_96' title='bbox 248 702 309 723; x_wconf 90' lang='lat' dir='ltr'><strong>cum</strong></span> <span class='ocrx_word' id='word_1_97' title='bbox 329 695 367 724; x_wconf 81' lang='lat' dir='ltr'><strong>ita</strong></span> <span class='ocrx_word' id='word_1_98' title='bbox 390 695 438 729; x_wconf 86' lang='lat' dir='ltr'><strong>sit,</strong></span> <span class='ocrx_word' id='word_1_99' title='bbox 457 695 530 730; x_wconf 81' lang='lat' dir='ltr'><strong>vide,</strong></span> <span class='ocrx_word' id='word_1_100' title='bbox 550 703 653 731; x_wconf 64' lang='lat' dir='ltr'><strong>quaso,</strong></span> <span class='ocrx_word' id='word_1_101' title='bbox 666 697 802 731; x_wconf 84' lang='lat' dir='ltr'><strong>quomodo</strong></span> <span class='ocrx_word' id='word_1_102' title='bbox 823 696 913 724; x_wconf 67' lang='lat' dir='ltr'><strong>allecti</strong></span> <span class='ocrx_word' id='word_1_103' title='bbox 925 696 1038 729; x_wconf 88' lang='lat' dir='ltr'><strong>erimus,</strong></span> 
     </span>
    </p>
   </div>
   <div class='ocr_carea' id='block_1_19' title="bbox 249 741 1042 778">
    <p class='ocr_par' dir='ltr' id='par_1_19' title="bbox 249 741 1042 778">
     <span class='ocr_line' id='line_1_19' title="bbox 249 741 1042 778; baseline 0.001 -9"><span class='ocrx_word' id='word_1_104' title='bbox 249 741 294 776; x_wconf 79' lang='lat' dir='ltr'><strong>qui</strong></span> <span class='ocrx_word' id='word_1_105' title='bbox 308 748 399 769; x_wconf 86' lang='lat' dir='ltr'><strong>coram</strong></span> <span class='ocrx_word' id='word_1_106' title='bbox 414 745 470 770; x_wconf 91' lang='lat' dir='ltr'><strong>tota</strong></span> <span class='ocrx_word' id='word_1_107' title='bbox 486 741 656 770; x_wconf 81' lang='lat' dir='ltr'><strong>humanitate</strong></span> <span class='ocrx_word' id='word_1_108' title='bbox 671 747 697 770; x_wconf 85' lang='lat' dir='ltr'><strong>et</strong></span> <span class='ocrx_word' id='word_1_109' title='bbox 714 742 872 778; x_wconf 77' lang='lat' dir='ltr'><strong>angelorum</strong></span> <span class='ocrx_word' id='word_1_110' title='bbox 889 742 1042 777; x_wconf 87' lang='lat' dir='ltr'><strong>pulchritu-</strong></span> 
     </span>
    </p>
   </div>
   <div class='ocr_carea' id='block_1_20' title="bbox 249 787 1040 824">
    <p class='ocr_par' dir='ltr' id='par_1_20' title="bbox 249 787 1040 824">
     <span class='ocr_line' id='line_1_20' title="bbox 249 787 1040 824; baseline 0.001 -10"><span class='ocrx_word' id='word_1_111' title='bbox 249 787 312 816; x_wconf 87' lang='lat' dir='ltr'><strong>dine</strong></span> <span class='ocrx_word' id='word_1_112' title='bbox 327 794 438 816; x_wconf 76' lang='lat' dir='ltr'><strong>causatn</strong></span> <span class='ocrx_word' id='word_1_113' title='bbox 458 787 591 822; x_wconf 73' lang='lat' dir='ltr'><strong>dicemus,</strong></span> <span class='ocrx_word' id='word_1_114' title='bbox 603 787 686 824; x_wconf 65' lang='lat'><strong>351</strong></span> <span class='ocrx_word' id='word_1_115' title='bbox 698 795 759 816; x_wconf 89' lang='lat' dir='ltr'><strong>cum</strong></span> <span class='ocrx_word' id='word_1_116' title='bbox 781 788 932 824; x_wconf 70' lang='lat' dir='ltr'><strong>praesertim</strong></span> <span class='ocrx_word' id='word_1_117' title='bbox 950 788 1040 816; x_wconf 86' lang='lat' dir='ltr'><strong>omnis</strong></span> 
     </span>
    </p>
   </div>
   <div class='ocr_carea' id='block_1_21' title="bbox 249 833 1045 870">
    <p class='ocr_par' dir='ltr' id='par_1_21' title="bbox 249 833 1045 870">
     <span class='ocr_line' id='line_1_21' title="bbox 249 833 1045 870; baseline 0.003 -10"><span class='ocrx_word' id='word_1_118' title='bbox 249 833 332 861; x_wconf 87' lang='lat' dir='ltr'><strong>etiam</strong></span> <span class='ocrx_word' id='word_1_119' title='bbox 352 833 380 861; x_wconf 88' lang='lat' dir='ltr'><strong>in</strong></span> <span class='ocrx_word' id='word_1_120' title='bbox 401 833 566 863; x_wconf 75' lang='lat' dir='ltr'><strong>verecundia</strong></span> <span class='ocrx_word' id='word_1_121' title='bbox 589 833 678 863; x_wconf 90' lang='lat' dir='ltr'><strong>locum</strong></span> <span class='ocrx_word' id='word_1_122' title='bbox 701 842 754 864; x_wconf 88' lang='lat' dir='ltr'><strong>non</strong></span> <span class='ocrx_word' id='word_1_123' title='bbox 777 835 906 870; x_wconf 85' lang='lat' dir='ltr'><strong>reperiet,</strong></span> <span class='ocrx_word' id='word_1_124' title='bbox 927 835 1045 869; x_wconf 83' lang='lat' dir='ltr'><strong>peccatis</strong></span> 
     </span>
    </p>
   </div>
   <div class='ocr_carea' id='block_1_22' title="bbox 249 880 973 917">
    <p class='ocr_par' dir='ltr' id='par_1_22' title="bbox 249 880 973 917">
     <span class='ocr_line' id='line_1_22' title="bbox 249 880 973 917; baseline -0.001 -9"><span class='ocrx_word' id='word_1_125' title='bbox 249 887 310 914; x_wconf 82' lang='lat' dir='ltr'><strong>nos,</strong></span> <span class='ocrx_word' id='word_1_126' title='bbox 327 880 400 910; x_wconf 88' lang='lat' dir='ltr'><strong>velut</strong></span> <span class='ocrx_word' id='word_1_127' title='bbox 415 881 510 910; x_wconf 89' lang='lat' dir='ltr'><strong>umbra</strong></span> <span class='ocrx_word' id='word_1_128' title='bbox 527 888 625 916; x_wconf 88' lang='lat' dir='ltr'><strong>corpus</strong></span> <span class='ocrx_word' id='word_1_129' title='bbox 639 881 719 914; x_wconf 88' lang='lat' dir='ltr'><strong>solet,</strong></span> <span class='ocrx_word' id='word_1_130' title='bbox 737 881 973 917; x_wconf 81' lang='lat' dir='ltr'><strong>consequentibus.</strong></span> 
     </span>
    </p>
   </div>
   <div class='ocr_carea' id='block_1_23' title="bbox 483 981 809 1012">
    <p class='ocr_par' dir='ltr' id='par_1_23' title="bbox 483 981 809 1012">
     <span class='ocr_line' id='line_1_23' title="bbox 483 981 809 1012; baseline -0.006 0"><span class='ocrx_word' id='word_1_131' title='bbox 483 981 635 1012; x_wconf 78' lang='lat' dir='ltr'><strong>CCCXXV.</strong></span> <span class='ocrx_word' id='word_1_132' title='bbox 646 981 809 1011; x_wconf 81' lang='lat' dir='ltr'><strong>-PAULO.</strong></span> 
     </span>
    </p>
   </div>
   <div class='ocr_carea' id='block_1_24' title="bbox 1128 511 1885 548">
    <p class='ocr_par' dir='ltr' id='par_1_24' title="bbox 1128 511 1885 548">
     <span class='ocr_line' id='line_1_24' title="bbox 1128 511 1885 548; baseline 0 -8"><span class='ocrx_word' id='word_1_133' title='bbox 1128 512 1241 548; x_wconf 81' lang='grc' dir='ltr'>Κρίνειν</span> <span class='ocrx_word' id='word_1_134' title='bbox 1263 512 1297 540; x_wconf 69' lang='grc' dir='ltr'><strong>τά</strong></span> <span class='ocrx_word' id='word_1_135' title='bbox 1310 520 1340 540; x_wconf 76' lang='grc' dir='ltr'><strong>τε</strong></span> <span class='ocrx_word' id='word_1_136' title='bbox 1362 511 1418 541; x_wconf 74' lang='grc' dir='ltr'>τῶν</span> <span class='ocrx_word' id='word_1_137' title='bbox 1438 511 1544 547; x_wconf 71' lang='grc' dir='ltr'>ὕϐρεων</span> <span class='ocrx_word' id='word_1_138' title='bbox 1556 531 1565 544; x_wconf 83' lang='lat'><strong>,</strong></span> <span class='ocrx_word' id='word_1_139' title='bbox 1580 511 1614 541; x_wconf 81' lang='grc' dir='ltr'><strong>τά</strong></span> <span class='ocrx_word' id='word_1_140' title='bbox 1628 520 1658 540; x_wconf 82' lang='lat' dir='ltr'><strong>1e</strong></span> <span class='ocrx_word' id='word_1_141' title='bbox 1677 512 1732 542; x_wconf 79' lang='grc' dir='ltr'>τῶν</span> <span class='ocrx_word' id='word_1_142' title='bbox 1747 512 1885 541; x_wconf 71' lang='grc' dir='ltr'>κολάσεων</span> 
     </span>
    </p>
   </div>
   <div class='ocr_carea' id='block_1_25' title="bbox 1095 557 1885 594">
    <p class='ocr_par' dir='ltr' id='par_1_25' title="bbox 1095 557 1885 594">
     <span class='ocr_line' id='line_1_25' title="bbox 1095 557 1885 594; baseline -0.001 -7"><span class='ocrx_word' id='word_1_143' title='bbox 1095 559 1198 594; x_wconf 79' lang='grc' dir='ltr'><strong>μεγέθη</strong></span> <span class='ocrx_word' id='word_1_144' title='bbox 1211 559 1236 585; x_wconf 82' lang='lat' dir='ltr'><strong>ot</strong></span> <span class='ocrx_word' id='word_1_145' title='bbox 1250 558 1391 594; x_wconf 63' lang='grc' dir='ltr'>ἄνθρωποι</span> <span class='ocrx_word' id='word_1_146' title='bbox 1404 558 1444 594; x_wconf 78' lang='grc' dir='ltr'>τῷ</span> <span class='ocrx_word' id='word_1_147' title='bbox 1463 557 1562 594; x_wconf 75' lang='grc' dir='ltr'>πλήθει</span> <span class='ocrx_word' id='word_1_148' title='bbox 1577 558 1633 587; x_wconf 75' lang='grc' dir='ltr'><strong>τῶν</strong></span> <span class='ocrx_word' id='word_1_149' title='bbox 1650 558 1809 587; x_wconf 76' lang='grc' dir='ltr'><strong>συνειδότων</strong></span> <span class='ocrx_word' id='word_1_150' title='bbox 1822 559 1885 586; x_wconf 76' lang='grc' dir='ltr'><strong>εἰῶ-</strong></span> 
     </span>
    </p>
   </div>
   <div class='ocr_carea' id='block_1_26' title="bbox 1094 604 1886 641">
    <p class='ocr_par' dir='ltr' id='par_1_26' title="bbox 1094 604 1886 641">
     <span class='ocr_line' id='line_1_26' title="bbox 1094 604 1886 641; baseline 0 -9"><span class='ocrx_word' id='word_1_151' title='bbox 1094 605 1168 633; x_wconf 84' lang='grc' dir='ltr'>θασι.</span> <span class='ocrx_word' id='word_1_152' title='bbox 1182 605 1238 637; x_wconf 72' lang='grc' dir='ltr'>Τὰς</span> <span class='ocrx_word' id='word_1_153' title='bbox 1253 605 1307 641; x_wconf 73' lang='grc' dir='ltr'><strong>γὰρ</strong></span> <span class='ocrx_word' id='word_1_154' title='bbox 1321 604 1408 636; x_wconf 73' lang='grc' dir='ltr'>αὑτὰς</span> <span class='ocrx_word' id='word_1_155' title='bbox 1422 604 1526 640; x_wconf 68' lang='grc' dir='ltr'>ὕϐρεις,</span> <span class='ocrx_word' id='word_1_156' title='bbox 1540 605 1588 633; x_wconf 74' lang='grc' dir='ltr'>καὶ</span> <span class='ocrx_word' id='word_1_157' title='bbox 1601 604 1651 637; x_wconf 75' lang='grc' dir='ltr'>τὰς</span> <span class='ocrx_word' id='word_1_158' title='bbox 1664 604 1750 637; x_wconf 76' lang='grc' dir='ltr'>αὑτὰς</span> <span class='ocrx_word' id='word_1_159' title='bbox 1761 605 1886 638; x_wconf 74' lang='grc' dir='ltr'><strong>κολάσεις</strong></span> 
     </span>
    </p>
   </div>
   <div class='ocr_carea' id='block_1_27' title="bbox 1097 651 1887 688">
    <p class='ocr_par' dir='ltr' id='par_1_27' title="bbox 1097 651 1887 688">
     <span class='ocr_line' id='line_1_27' title="bbox 1097 651 1887 688; baseline 0 -9"><span class='ocrx_word' id='word_1_160' title='bbox 1097 651 1134 688; x_wconf 77' lang='grc' dir='ltr'>μὴ</span> <span class='ocrx_word' id='word_1_161' title='bbox 1159 652 1207 679; x_wconf 66' lang='grc' dir='ltr'><strong>ἐπὶ</strong></span> <span class='ocrx_word' id='word_1_162' title='bbox 1228 652 1335 680; x_wconf 79' lang='grc' dir='ltr'><strong>πολλῶν</strong></span> <span class='ocrx_word' id='word_1_163' title='bbox 1350 651 1507 687; x_wconf 72' lang='grc' dir='ltr'>γινομένας,</span> <span class='ocrx_word' id='word_1_164' title='bbox 1527 651 1578 687; x_wconf 77' lang='grc' dir='ltr'><strong>οὐχ</strong></span> <span class='ocrx_word' id='word_1_165' title='bbox 1601 652 1703 688; x_wconf 77' lang='grc' dir='ltr'>ὁμοίως</span> <span class='ocrx_word' id='word_1_166' title='bbox 1731 651 1887 687; x_wconf 76' lang='grc' dir='ltr'><strong>βαρυτάτας</strong></span> 
     </span>
    </p>
   </div>
   <div class='ocr_carea' id='block_1_28' title="bbox 1095 697 1888 734">
    <p class='ocr_par' dir='ltr' id='par_1_28' title="bbox 1095 697 1888 734">
     <span class='ocr_line' id='line_1_28' title="bbox 1095 697 1888 734; baseline -0.001 -8"><span class='ocrx_word' id='word_1_167' title='bbox 1095 698 1235 734; x_wconf 78' lang='grc' dir='ltr'>ἡγοῦνται,</span> <span class='ocrx_word' id='word_1_168' title='bbox 1260 699 1292 726; x_wconf 78' lang='lat' dir='ltr'><strong>Ei</strong></span> <span class='ocrx_word' id='word_1_169' title='bbox 1313 699 1403 726; x_wconf 82' lang='grc' dir='ltr'>τοίνυν</span> <span class='ocrx_word' id='word_1_170' title='bbox 1425 698 1502 728; x_wconf 74' lang='grc' dir='ltr'>ταῦθ’</span> <span class='ocrx_word' id='word_1_171' title='bbox 1518 698 1605 730; x_wconf 74' lang='grc' dir='ltr'>οὕτως</span> <span class='ocrx_word' id='word_1_172' title='bbox 1620 697 1688 734; x_wconf 71' lang='grc' dir='ltr'>ἔχει,</span> <span class='ocrx_word' id='word_1_173' title='bbox 1710 698 1810 725; x_wconf 79' lang='grc' dir='ltr'>σκόπει</span> <span class='ocrx_word' id='word_1_174' title='bbox 1828 698 1888 730; x_wconf 78' lang='grc' dir='ltr'><strong>πῶς</strong></span> 
     </span>
    </p>
   </div>
   <div class='ocr_carea' id='block_1_29' title="bbox 1093 744 1888 781">
    <p class='ocr_par' dir='ltr' id='par_1_29' title="bbox 1093 744 1888 781">
     <span class='ocr_line' id='line_1_29' title="bbox 1093 744 1888 781; baseline 0 -10"><span class='ocrx_word' id='word_1_175' title='bbox 1093 744 1297 780; x_wconf 74' lang='grc' dir='ltr'>διακεισόμεθα,</span> <span class='ocrx_word' id='word_1_176' title='bbox 1315 745 1361 772; x_wconf 76' lang='grc' dir='ltr'><strong>ἐπὶ</strong></span> <span class='ocrx_word' id='word_1_177' title='bbox 1376 745 1468 780; x_wconf 83' lang='grc' dir='ltr'><strong>πάσης</strong></span> <span class='ocrx_word' id='word_1_178' title='bbox 1479 745 1527 780; x_wconf 87' lang='grc' dir='ltr'>τῆς</span> <span class='ocrx_word' id='word_1_179' title='bbox 1542 744 1764 781; x_wconf 80' lang='grc' dir='ltr'>ἁνθρωπότητος,</span> <span class='ocrx_word' id='word_1_180' title='bbox 1780 745 1830 771; x_wconf 80' lang='grc' dir='ltr'>καὶ</span> <span class='ocrx_word' id='word_1_181' title='bbox 1843 744 1888 771; x_wconf 81' lang='grc' dir='ltr'>τοῦ</span> 
     </span>
    </p>
   </div>
   <div class='ocr_carea' id='block_1_30' title="bbox 1093 791 1889 828">
    <p class='ocr_par' dir='ltr' id='par_1_30' title="bbox 1093 791 1889 828">
     <span class='ocr_line' id='line_1_30' title="bbox 1093 791 1889 828; baseline -0.003 -10"><span class='ocrx_word' id='word_1_182' title='bbox 1093 791 1148 819; x_wconf 85' lang='grc' dir='ltr'><strong>τῶν</strong></span> <span class='ocrx_word' id='word_1_183' title='bbox 1174 792 1298 826; x_wconf 83' lang='grc' dir='ltr'>ἀγγέλων</span> <span class='ocrx_word' id='word_1_184' title='bbox 1325 792 1413 828; x_wconf 83' lang='grc' dir='ltr'>δήμου</span> <span class='ocrx_word' id='word_1_185' title='bbox 1444 791 1588 828; x_wconf 76' lang='grc' dir='ltr'><strong>μέλλοντες</strong></span> <span class='ocrx_word' id='word_1_186' title='bbox 1621 791 1738 823; x_wconf 74' lang='grc' dir='ltr'>εὐθύνας</span> <span class='ocrx_word' id='word_1_187' title='bbox 1768 791 1889 826; x_wconf 65' lang='grc' dir='ltr'>ὑφέξειν,</span> 
     </span>
    </p>
   </div>
   <div class='ocr_carea' id='block_1_31' title="bbox 1060 837 1890 880">
    <p class='ocr_par' dir='ltr' id='par_1_31' title="bbox 1060 837 1890 880">
     <span class='ocr_line' id='line_1_31' title="bbox 1060 837 1890 880; baseline -0.002 -15"><span class='ocrx_word' id='word_1_188' title='bbox 1060 852 1081 880; x_wconf 73' lang='grc' dir='ltr'><strong><em>Β</em></strong></span> <span class='ocrx_word' id='word_1_189' title='bbox 1096 839 1161 867; x_wconf 73' lang='grc' dir='ltr'>ὅταν</span> <span class='ocrx_word' id='word_1_190' title='bbox 1190 839 1309 874; x_wconf 76' lang='grc' dir='ltr'>μάλιστα</span> <span class='ocrx_word' id='word_1_191' title='bbox 1333 839 1381 867; x_wconf 75' lang='grc' dir='ltr'>καὶ</span> <span class='ocrx_word' id='word_1_192' title='bbox 1410 839 1487 868; x_wconf 74' lang='grc' dir='ltr'>πᾶσα</span> <span class='ocrx_word' id='word_1_193' title='bbox 1514 838 1692 874; x_wconf 73' lang='grc' dir='ltr'><strong>ἀναισχυντία</strong></span> <span class='ocrx_word' id='word_1_194' title='bbox 1718 837 1813 873; x_wconf 83' lang='grc' dir='ltr'>χώραν</span> <span class='ocrx_word' id='word_1_195' title='bbox 1841 837 1890 872; x_wconf 78' lang='grc' dir='ltr'>οὐχ</span> 
     </span>
    </p>
   </div>
   <div class='ocr_carea' id='block_1_32' title="bbox 1095 883 1890 921">
    <p class='ocr_par' dir='ltr' id='par_1_32' title="bbox 1095 883 1890 921">
     <span class='ocr_line' id='line_1_32' title="bbox 1095 883 1890 921; baseline -0.004 -9"><span class='ocrx_word' id='word_1_196' title='bbox 1095 884 1167 918; x_wconf 75' lang='grc' dir='ltr'>ἔξει,</span> <span class='ocrx_word' id='word_1_197' title='bbox 1186 883 1242 912; x_wconf 81' lang='grc' dir='ltr'>τῶν</span> <span class='ocrx_word' id='word_1_198' title='bbox 1259 885 1468 921; x_wconf 74' lang='grc' dir='ltr'><strong>ἁμαρτημάτων</strong></span> <span class='ocrx_word' id='word_1_199' title='bbox 1485 885 1551 920; x_wconf 80' lang='grc' dir='ltr'>ἡμῖν</span> <span class='ocrx_word' id='word_1_200' title='bbox 1567 884 1661 921; x_wconf 81' lang='grc' dir='ltr'>ὥσπερ</span> <span class='ocrx_word' id='word_1_201' title='bbox 1677 884 1762 912; x_wconf 76' lang='grc' dir='ltr'>σκιῶν</span> <span class='ocrx_word' id='word_1_202' title='bbox 1777 883 1890 910; x_wconf 86' lang='grc' dir='ltr'>ἀκολου-</span> 
     </span>
    </p>
   </div>
   <div class='ocr_carea' id='block_1_33' title="bbox 1098 929 1226 958">
    <p class='ocr_par' dir='ltr' id='par_1_33' title="bbox 1098 929 1226 958">
     <span class='ocr_line' id='line_1_33' title="bbox 1098 929 1226 958; baseline 0.008 -1"><span class='ocrx_word' id='word_1_203' title='bbox 1098 929 1226 958; x_wconf 84' lang='grc' dir='ltr'>θούντων.</span> 
     </span>
    </p>
   </div>
   <div class='ocr_carea' id='block_1_34' title="bbox 1339 985 1639 1019">
    <p class='ocr_par' dir='ltr' id='par_1_34' title="bbox 1339 985 1639 1019">
     <span class='ocr_line' id='line_1_34' title="bbox 1339 985 1639 1019; baseline -0.003 -6"><span class='ocrx_word' id='word_1_204' title='bbox 1339 985 1428 1013; x_wconf 80' lang='lat' dir='ltr'><strong>TKE’.</strong></span> <span class='ocrx_word' id='word_1_205' title='bbox 1454 1001 1487 1006; x_wconf 90' lang='lat'><strong><em>—</em></strong></span> <span class='ocrx_word' id='word_1_206' title='bbox 1512 985 1639 1019; x_wconf 70' lang='lat' dir='ltr'><strong>ruma.</strong></span> 
     </span>
    </p>
   </div>
   <div class='ocr_carea' id='block_1_35' title="bbox 748 1028 1398 1066">
    <p class='ocr_par' dir='ltr' id='par_1_35' title="bbox 748 1028 1398 1066">
     <span class='ocr_line' id='line_1_35' title="bbox 748 1028 1398 1066; baseline 0.002 -9"><span class='ocrx_word' id='word_1_207' title='bbox 748 1029 784 1057; x_wconf 88' lang='lat' dir='ltr'><strong>De</strong></span> <span class='ocrx_word' id='word_1_208' title='bbox 804 1028 931 1056; x_wconf 78' lang='lat' dir='ltr'><strong>bonorum</strong></span> <span class='ocrx_word' id='word_1_209' title='bbox 947 1030 1056 1064; x_wconf 80' lang='lat' dir='ltr'><strong>pra-mia</strong></span> <span class='ocrx_word' id='word_1_210' title='bbox 1068 1039 1194 1066; x_wconf 69' lang='lat' dir='ltr'><strong>panaque</strong></span> <span class='ocrx_word' id='word_1_211' title='bbox 1209 1031 1398 1066; x_wconf 76' lang='lat' dir='ltr'><strong>improborum.</strong></span> 
     </span>
    </p>
   </div>
   <div class='ocr_carea' id='block_1_36' title="bbox 285 1083 1042 1121">
    <p class='ocr_par' dir='ltr' id='par_1_36' title="bbox 285 1083 1042 1121">
     <span class='ocr_line' id='line_1_36' title="bbox 285 1083 1042 1121; baseline -0.001 -8"><span class='ocrx_word' id='word_1_212' title='bbox 285 1083 414 1114; x_wconf 78' lang='lat' dir='ltr'><strong>Homines</strong></span> <span class='ocrx_word' id='word_1_213' title='bbox 433 1088 463 1113; x_wconf 90' lang='lat' dir='ltr'><strong>ut</strong></span> <span class='ocrx_word' id='word_1_214' title='bbox 480 1091 560 1121; x_wconf 70' lang='lat' dir='ltr'><strong>ptena</strong></span> <span class='ocrx_word' id='word_1_215' title='bbox 576 1085 722 1120; x_wconf 64' lang='lat' dir='ltr'><strong>praemiove</strong></span> <span class='ocrx_word' id='word_1_216' title='bbox 741 1085 896 1121; x_wconf 87' lang='lat' dir='ltr'><strong>quempiam</strong></span> <span class='ocrx_word' id='word_1_217' title='bbox 912 1085 1042 1118; x_wconf 78' lang='lat' dir='ltr'><strong>alliciant,</strong></span> 
     </span>
    </p>
   </div>
   <div class='ocr_carea' id='block_1_37' title="bbox 251 1131 1042 1168">
    <p class='ocr_par' dir='ltr' id='par_1_37' title="bbox 251 1131 1042 1168">
     <span class='ocr_line' id='line_1_37' title="bbox 251 1131 1042 1168; baseline -0.001 -8"><span class='ocrx_word' id='word_1_218' title='bbox 251 1139 305 1159; x_wconf 89' lang='lat' dir='ltr'><strong>non</strong></span> <span class='ocrx_word' id='word_1_219' title='bbox 319 1138 428 1168; x_wconf 88' lang='lat' dir='ltr'><strong>semper</strong></span> <span class='ocrx_word' id='word_1_220' title='bbox 454 1131 586 1160; x_wconf 81' lang='lat' dir='ltr'><strong>voluntati</strong></span> <span class='ocrx_word' id='word_1_221' title='bbox 612 1136 734 1167; x_wconf 83' lang='lat' dir='ltr'><strong>potestas</strong></span> <span class='ocrx_word' id='word_1_222' title='bbox 759 1132 916 1167; x_wconf 88' lang='lat' dir='ltr'><strong>respondet.</strong></span> <span class='ocrx_word' id='word_1_223' title='bbox 930 1131 964 1159; x_wconf 83' lang='grc' dir='ltr'><strong>Λι</strong></span> <span class='ocrx_word' id='word_1_224' title='bbox 993 1131 1042 1160; x_wconf 92' lang='lat' dir='ltr'><strong>Dei</strong></span> 
     </span>
    </p>
   </div>
   <div class='ocr_carea' id='block_1_38' title="bbox 251 1177 1042 1214">
    <p class='ocr_par' dir='ltr' id='par_1_38' title="bbox 251 1177 1042 1214">
     <span class='ocr_line' id='line_1_38' title="bbox 251 1177 1042 1214; baseline -0.003 -8"><span class='ocrx_word' id='word_1_225' title='bbox 251 1177 363 1212; x_wconf 82' lang='lat' dir='ltr'><strong>iustitia,</strong></span> <span class='ocrx_word' id='word_1_226' title='bbox 375 1185 435 1214; x_wconf 78' lang='lat' dir='ltr'><strong>quae</strong></span> <span class='ocrx_word' id='word_1_227' title='bbox 449 1182 476 1206; x_wconf 89' lang='lat' dir='ltr'><strong>et</strong></span> <span class='ocrx_word' id='word_1_228' title='bbox 489 1184 570 1214; x_wconf 71' lang='lat' dir='ltr'><strong>paena</strong></span> <span class='ocrx_word' id='word_1_229' title='bbox 593 1178 700 1214; x_wconf 72' lang='lat' dir='ltr'><strong>cogitur</strong></span> <span class='ocrx_word' id='word_1_230' title='bbox 726 1177 844 1210; x_wconf 78' lang='lat' dir='ltr'><strong>allicere.</strong></span> <span class='ocrx_word' id='word_1_231' title='bbox 855 1183 884 1206; x_wconf 89' lang='lat' dir='ltr'><strong>et</strong></span> <span class='ocrx_word' id='word_1_232' title='bbox 908 1178 984 1213; x_wconf 83' lang='lat' dir='ltr'><strong>cupit</strong></span> <span class='ocrx_word' id='word_1_233' title='bbox 999 1177 1042 1205; x_wconf 78' lang='lat' dir='ltr'><strong>di-</strong></span> 
     </span>
    </p>
   </div>
   <div class='ocr_carea' id='block_1_39' title="bbox 251 1224 1045 1261">
    <p class='ocr_par' dir='ltr' id='par_1_39' title="bbox 251 1224 1045 1261">
     <span class='ocr_line' id='line_1_39' title="bbox 251 1224 1045 1261; baseline 0 -8"><span class='ocrx_word' id='word_1_234' title='bbox 251 1231 320 1260; x_wconf 73' lang='lat' dir='ltr'><strong>gnos</strong></span> <span class='ocrx_word' id='word_1_235' title='bbox 334 1224 479 1260; x_wconf 69' lang='lat' dir='ltr'><strong>prmmiare</strong></span> <span class='ocrx_word' id='word_1_236' title='bbox 507 1224 748 1261; x_wconf 77' lang='lat' dir='ltr'><strong>(quandoquidem</strong></span> <span class='ocrx_word' id='word_1_237' title='bbox 767 1224 886 1252; x_wconf 81' lang='lat' dir='ltr'><strong>facultas</strong></span> <span class='ocrx_word' id='word_1_238' title='bbox 905 1224 1045 1253; x_wconf 77' lang='lat' dir='ltr'><strong>voluntate</strong></span> 
     </span>
    </p>
   </div>
   <div class='ocr_carea' id='block_1_40' title="bbox 251 1270 1046 1306">
    <p class='ocr_par' dir='ltr' id='par_1_40' title="bbox 251 1270 1046 1306">
     <span class='ocr_line' id='line_1_40' title="bbox 251 1270 1046 1306; baseline 0.003 -9"><span class='ocrx_word' id='word_1_239' title='bbox 251 1277 304 1298; x_wconf 89' lang='lat' dir='ltr'><strong>non</strong></span> <span class='ocrx_word' id='word_1_240' title='bbox 329 1275 373 1298; x_wconf 89' lang='lat' dir='ltr'><strong>est</strong></span> <span class='ocrx_word' id='word_1_241' title='bbox 399 1270 515 1299; x_wconf 79' lang='lat' dir='ltr'><strong>inferior</strong></span> <span class='ocrx_word' id='word_1_242' title='bbox 525 1277 546 1305; x_wconf 80' lang='grc'>),</span> <span class='ocrx_word' id='word_1_243' title='bbox 566 1275 681 1306; x_wconf 88' lang='lat' dir='ltr'><strong>utraque</strong></span> <span class='ocrx_word' id='word_1_244' title='bbox 705 1278 802 1306; x_wconf 82' lang='lat' dir='ltr'><strong>reapse</strong></span> <span class='ocrx_word' id='word_1_245' title='bbox 830 1271 942 1299; x_wconf 87' lang='lat' dir='ltr'><strong>omnino</strong></span> <span class='ocrx_word' id='word_1_246' title='bbox 966 1279 1046 1299; x_wconf 83' lang='lat' dir='ltr'><strong>excr-</strong></span> 
     </span>
    </p>
   </div>
   <div class='ocr_carea' id='block_1_41' title="bbox 251 1316 1043 1353">
    <p class='ocr_par' dir='ltr' id='par_1_41' title="bbox 251 1316 1043 1353">
     <span class='ocr_line' id='line_1_41' title="bbox 251 1316 1043 1353; baseline 0.001 -9"><span class='ocrx_word' id='word_1_247' title='bbox 251 1320 359 1345; x_wconf 84' lang='lat' dir='ltr'><strong>centur.</strong></span> <span class='ocrx_word' id='word_1_248' title='bbox 397 1316 452 1346; x_wconf 83' lang='lat' dir='ltr'><strong>llos</strong></span> <span class='ocrx_word' id='word_1_249' title='bbox 483 1317 556 1346; x_wconf 91' lang='lat' dir='ltr'><strong>enim</strong></span> <span class='ocrx_word' id='word_1_250' title='bbox 592 1317 715 1353; x_wconf 78' lang='lat' dir='ltr'><strong>praemio.</strong></span> <span class='ocrx_word' id='word_1_251' title='bbox 749 1317 809 1345; x_wconf 87' lang='lat' dir='ltr'><strong>illos</strong></span> <span class='ocrx_word' id='word_1_252' title='bbox 849 1324 929 1353; x_wconf 84' lang='lat' dir='ltr'><strong>poena</strong></span> <span class='ocrx_word' id='word_1_253' title='bbox 972 1317 1043 1345; x_wconf 86' lang='lat' dir='ltr'><strong>Deus</strong></span> 
     </span>
    </p>
   </div>
   <div class='ocr_carea' id='block_1_42' title="bbox 253 1362 344 1391">
    <p class='ocr_par' dir='ltr' id='par_1_42' title="bbox 253 1362 344 1391">
     <span class='ocr_line' id='line_1_42' title="bbox 253 1362 344 1391; baseline 0.011 -1"><span class='ocrx_word' id='word_1_254' title='bbox 253 1362 344 1391; x_wconf 79' lang='lat' dir='ltr'><strong>allicit.</strong></span> 
     </span>
    </p>
   </div>
   <div class='ocr_carea' id='block_1_43' title="bbox 252 1417 1045 1451">
    <p class='ocr_par' dir='ltr' id='par_1_43' title="bbox 252 1417 1045 1451">
     <span class='ocr_line' id='line_1_43' title="bbox 252 1417 1045 1451; baseline 0 -5"><span class='ocrx_word' id='word_1_255' title='bbox 252 1417 679 1451; x_wconf 79' lang='lat' dir='ltr'><strong>CCCXXVL—MARTINIANO,</strong></span> <span class='ocrx_word' id='word_1_256' title='bbox 697 1417 825 1447; x_wconf 75' lang='lat' dir='ltr'><strong>ZOSIMO</strong></span> <span class='ocrx_word' id='word_1_257' title='bbox 841 1418 886 1446; x_wconf 83' lang='lat' dir='ltr'><strong>ET</strong></span> <span class='ocrx_word' id='word_1_258' title='bbox 901 1418 1045 1446; x_wconf 73' lang='lat' dir='ltr'><strong>MAllONl.</strong></span> 
     </span>
    </p>
   </div>
   <div class='ocr_carea' id='block_1_44' title="bbox 1140 1083 1893 1122">
    <p class='ocr_par' dir='ltr' id='par_1_44' title="bbox 1140 1083 1893 1122">
     <span class='ocr_line' id='line_1_44' title="bbox 1140 1083 1893 1122; baseline -0.005 -8"><span class='ocrx_word' id='word_1_259' title='bbox 1140 1087 1202 1113; x_wconf 74' lang='grc' dir='ltr'><strong>Ἐπὶ</strong></span> <span class='ocrx_word' id='word_1_260' title='bbox 1227 1086 1277 1122; x_wconf 72' lang='grc' dir='ltr'>μὲν</span> <span class='ocrx_word' id='word_1_261' title='bbox 1295 1086 1448 1122; x_wconf 84' lang='grc' dir='ltr'>ἀνθρώπων</span> <span class='ocrx_word' id='word_1_262' title='bbox 1470 1086 1486 1121; x_wconf 84' lang='grc' dir='ltr'>ἢ</span> <span class='ocrx_word' id='word_1_263' title='bbox 1502 1085 1691 1121; x_wconf 79' lang='grc' dir='ltr'>ἀμυνομένων.</span> <span class='ocrx_word' id='word_1_264' title='bbox 1708 1085 1725 1119; x_wconf 80' lang='grc' dir='ltr'>ἢ</span> <span class='ocrx_word' id='word_1_265' title='bbox 1743 1083 1893 1119; x_wconf 67' lang='grc' dir='ltr'>ἀμειϐομέ-</span> 
     </span>
    </p>
   </div>
   <div class='ocr_carea' id='block_1_45' title="bbox 1099 1130 1891 1168">
    <p class='ocr_par' dir='ltr' id='par_1_45' title="bbox 1099 1130 1891 1168">
     <span class='ocr_line' id='line_1_45' title="bbox 1099 1130 1891 1168; baseline -0.006 -8"><span class='ocrx_word' id='word_1_266' title='bbox 1099 1141 1162 1165; x_wconf 86' lang='grc' dir='ltr'>νων,</span> <span class='ocrx_word' id='word_1_267' title='bbox 1178 1133 1209 1160; x_wconf 77' lang='grc' dir='ltr'>οὐ</span> <span class='ocrx_word' id='word_1_268' title='bbox 1226 1133 1335 1164; x_wconf 81' lang='grc' dir='ltr'>πάντως</span> <span class='ocrx_word' id='word_1_269' title='bbox 1350 1133 1366 1168; x_wconf 86' lang='grc' dir='ltr'><strong>ἡ</strong></span> <span class='ocrx_word' id='word_1_270' title='bbox 1379 1132 1493 1167; x_wconf 78' lang='grc' dir='ltr'>δύναμις</span> <span class='ocrx_word' id='word_1_271' title='bbox 1509 1133 1540 1167; x_wconf 78' lang='grc' dir='ltr'>τῇ</span> <span class='ocrx_word' id='word_1_272' title='bbox 1562 1131 1688 1166; x_wconf 80' lang='grc' dir='ltr'><strong>βουλήσει</strong></span> <span class='ocrx_word' id='word_1_273' title='bbox 1712 1130 1811 1156; x_wconf 78' lang='grc' dir='ltr'>ἕπεται</span> <span class='ocrx_word' id='word_1_274' title='bbox 1823 1138 1829 1144; x_wconf 93' lang='grc'><strong>·</strong></span> <span class='ocrx_word' id='word_1_275' title='bbox 1847 1130 1891 1156; x_wconf 77' lang='grc' dir='ltr'><strong>ἐπὶ</strong></span> 
     </span>
    </p>
   </div>
   <div class='ocr_carea' id='block_1_46' title="bbox 1098 1177 1891 1214">
    <p class='ocr_par' dir='ltr' id='par_1_46' title="bbox 1098 1177 1891 1214">
     <span class='ocr_line' id='line_1_46' title="bbox 1098 1177 1891 1214; baseline -0.004 -8"><span class='ocrx_word' id='word_1_276' title='bbox 1098 1178 1127 1206; x_wconf 76' lang='grc' dir='ltr'>δὲ</span> <span class='ocrx_word' id='word_1_277' title='bbox 1141 1179 1191 1214; x_wconf 82' lang='grc' dir='ltr'>τῆς</span> <span class='ocrx_word' id='word_1_278' title='bbox 1208 1178 1284 1211; x_wconf 84' lang='grc' dir='ltr'>θείας</span> <span class='ocrx_word' id='word_1_279' title='bbox 1304 1179 1392 1214; x_wconf 80' lang='grc' dir='ltr'>δίκης,</span> <span class='ocrx_word' id='word_1_280' title='bbox 1414 1179 1464 1214; x_wconf 82' lang='grc' dir='ltr'>τῆς</span> <span class='ocrx_word' id='word_1_281' title='bbox 1488 1177 1641 1213; x_wconf 74' lang='grc' dir='ltr'>ἀμύνεσθαι</span> <span class='ocrx_word' id='word_1_282' title='bbox 1661 1177 1710 1212; x_wconf 82' lang='grc' dir='ltr'>μὲν</span> <span class='ocrx_word' id='word_1_283' title='bbox 1736 1177 1891 1210; x_wconf 79' lang='grc' dir='ltr'>ἀναγκαζο-</span> 
     </span>
    </p>
   </div>
   <div class='ocr_carea' id='block_1_47' title="bbox 1100 1222 1892 1262">
    <p class='ocr_par' dir='ltr' id='par_1_47' title="bbox 1100 1222 1892 1262">
     <span class='ocr_line' id='line_1_47' title="bbox 1100 1222 1892 1262; baseline -0.005 -10"><span class='ocrx_word' id='word_1_284' title='bbox 1100 1225 1195 1262; x_wconf 84' lang='grc' dir='ltr'>μένης,</span> <span class='ocrx_word' id='word_1_285' title='bbox 1216 1225 1379 1261; x_wconf 76' lang='grc' dir='ltr'>ἀμείϐεσθαι</span> <span class='ocrx_word' id='word_1_286' title='bbox 1395 1225 1423 1252; x_wconf 79' lang='grc' dir='ltr'>δὲ</span> <span class='ocrx_word' id='word_1_287' title='bbox 1437 1224 1602 1260; x_wconf 74' lang='grc' dir='ltr'>βουλομένης</span> <span class='ocrx_word' id='word_1_288' title='bbox 1616 1232 1623 1238; x_wconf 85' lang='grc'><strong>”</strong></span> <span class='ocrx_word' id='word_1_289' title='bbox 1638 1223 1797 1259; x_wconf 81' lang='grc' dir='ltr'><strong>’ἐπειδήπερ</strong></span> <span class='ocrx_word' id='word_1_290' title='bbox 1812 1223 1828 1257; x_wconf 83' lang='grc' dir='ltr'>ἡ</span> <span class='ocrx_word' id='word_1_291' title='bbox 1849 1222 1892 1248; x_wconf 84' lang='grc' dir='ltr'><strong>δύ-</strong></span> 
     </span>
    </p>
   </div>
   <div class='ocr_carea' id='block_1_48' title="bbox 1096 1269 1891 1308">
    <p class='ocr_par' dir='ltr' id='par_1_48' title="bbox 1096 1269 1891 1308">
     <span class='ocr_line' id='line_1_48' title="bbox 1096 1269 1891 1308; baseline -0.006 -8"><span class='ocrx_word' id='word_1_292' title='bbox 1096 1282 1178 1308; x_wconf 85' lang='grc' dir='ltr'>ναμις</span> <span class='ocrx_word' id='word_1_293' title='bbox 1191 1273 1240 1308; x_wconf 87' lang='grc' dir='ltr'>τῆς</span> <span class='ocrx_word' id='word_1_294' title='bbox 1251 1272 1405 1308; x_wconf 76' lang='grc' dir='ltr'><strong>βουλήσεως</strong></span> <span class='ocrx_word' id='word_1_295' title='bbox 1417 1272 1468 1299; x_wconf 79' lang='grc' dir='ltr'>οὐκ</span> <span class='ocrx_word' id='word_1_296' title='bbox 1480 1271 1554 1298; x_wconf 76' lang='grc' dir='ltr'>ἔστιν</span> <span class='ocrx_word' id='word_1_297' title='bbox 1566 1270 1748 1306; x_wconf 77' lang='grc' dir='ltr'>ἀσθενεστέρα</span> <span class='ocrx_word' id='word_1_298' title='bbox 1763 1279 1768 1285; x_wconf 90' lang='grc'><strong>·</strong></span> <span class='ocrx_word' id='word_1_299' title='bbox 1786 1269 1891 1301; x_wconf 76' lang='grc' dir='ltr'>πάντως</span> 
     </span>
    </p>
   </div>
   <div class='ocr_carea' id='block_1_49' title="bbox 1097 1315 1892 1355">
    <p class='ocr_par' dir='ltr' id='par_1_49' title="bbox 1097 1315 1892 1355">
     <span class='ocr_line' id='line_1_49' title="bbox 1097 1315 1892 1355; baseline -0.005 -10"><span class='ocrx_word' id='word_1_300' title='bbox 1097 1318 1240 1355; x_wconf 74' lang='grc' dir='ltr'>ἀμφότερα</span> <span class='ocrx_word' id='word_1_301' title='bbox 1254 1319 1293 1350; x_wconf 83' lang='grc' dir='ltr'><strong>είς</strong></span> <span class='ocrx_word' id='word_1_302' title='bbox 1312 1318 1393 1354; x_wconf 81' lang='grc' dir='ltr'><strong>ἔργον</strong></span> <span class='ocrx_word' id='word_1_303' title='bbox 1413 1317 1572 1354; x_wconf 73' lang='grc' dir='ltr'>ἐκϐήσεται.</span> <span class='ocrx_word' id='word_1_304' title='bbox 1597 1317 1667 1348; x_wconf 78' lang='grc' dir='ltr'>Τοὺς</span> <span class='ocrx_word' id='word_1_305' title='bbox 1689 1316 1738 1351; x_wconf 79' lang='grc' dir='ltr'>μὲν</span> <span class='ocrx_word' id='word_1_306' title='bbox 1754 1315 1809 1351; x_wconf 83' lang='grc' dir='ltr'><strong>γὰρ</strong></span> <span class='ocrx_word' id='word_1_307' title='bbox 1825 1316 1892 1350; x_wconf 76' lang='grc' dir='ltr'>ἀμυ-</span> 
     </span>
    </p>
   </div>
   <div class='ocr_carea' id='block_1_50' title="bbox 1097 1364 1490 1400">
    <p class='ocr_par' dir='ltr' id='par_1_50' title="bbox 1097 1364 1490 1400">
     <span class='ocr_line' id='line_1_50' title="bbox 1097 1364 1490 1400; baseline -0.003 -9"><span class='ocrx_word' id='word_1_308' title='bbox 1097 1366 1193 1396; x_wconf 83' lang='grc' dir='ltr'><strong>νεῖται,</strong></span> <span class='ocrx_word' id='word_1_309' title='bbox 1214 1365 1278 1396; x_wconf 78' lang='grc' dir='ltr'>τοὺς</span> <span class='ocrx_word' id='word_1_310' title='bbox 1289 1364 1316 1391; x_wconf 74' lang='grc' dir='ltr'>δὲ</span> <span class='ocrx_word' id='word_1_311' title='bbox 1333 1364 1490 1400; x_wconf 65' lang='grc' dir='ltr'>ἀμείψεται.</span> 
     </span>
    </p>
   </div>
   <div class='ocr_carea' id='block_1_51' title="bbox 1134 1417 1857 1454">
    <p class='ocr_par' dir='ltr' id='par_1_51' title="bbox 1134 1417 1857 1454">
     <span class='ocr_line' id='line_1_51' title="bbox 1134 1417 1857 1454; baseline -0.007 -7"><span class='ocrx_word' id='word_1_312' title='bbox 1134 1420 1229 1453; x_wconf 69' lang='lat' dir='ltr'><strong>TKG’.</strong></span> <span class='ocrx_word' id='word_1_313' title='bbox 1249 1434 1283 1439; x_wconf 91' lang='lat'><strong>——-</strong></span> <span class='ocrx_word' id='word_1_314' title='bbox 1302 1417 1528 1454; x_wconf 77' lang='grc' dir='ltr'><strong>ΜΑΡΤΙΝΙΑΝῼ,</strong></span> <span class='ocrx_word' id='word_1_315' title='bbox 1547 1417 1671 1453; x_wconf 79' lang='grc' dir='ltr'><strong>ΖΩΣΙΜῼ</strong></span> <span class='ocrx_word' id='word_1_316' title='bbox 1683 1438 1689 1449; x_wconf 91' lang='grc'><strong>,</strong></span> <span class='ocrx_word' id='word_1_317' title='bbox 1711 1417 1857 1443; x_wconf 71' lang='grc' dir='ltr'><strong>ΜΑΡΩΝΙ.</strong></span> 
     </span>
    </p>
   </div>
   <div class='ocr_carea' id='block_1_52' title="bbox 495 1461 1645 1498">
    <p class='ocr_par' dir='ltr' id='par_1_52' title="bbox 495 1461 1645 1498">
     <span class='ocr_line' id='line_1_52' title="bbox 495 1461 1645 1498; baseline -0.003 -7"><span class='ocrx_word' id='word_1_318' title='bbox 495 1463 561 1492; x_wconf 84' lang='lat' dir='ltr'><strong>Boni</strong></span> <span class='ocrx_word' id='word_1_319' title='bbox 578 1465 707 1491; x_wconf 83' lang='lat' dir='ltr'><strong>neminem</strong></span> <span class='ocrx_word' id='word_1_320' title='bbox 721 1464 931 1491; x_wconf 78' lang='lat' dir='ltr'><strong>calumniantur.</strong></span> <span class='ocrx_word' id='word_1_321' title='bbox 947 1463 1013 1491; x_wconf 80' lang='lat' dir='ltr'><strong>Mali</strong></span> <span class='ocrx_word' id='word_1_322' title='bbox 1027 1472 1042 1490; x_wconf 93' lang='lat' dir='ltr'><strong>a</strong></span> <span class='ocrx_word' id='word_1_323' title='bbox 1056 1464 1190 1491; x_wconf 83' lang='lat' dir='ltr'><strong>calumnia</strong></span> <span class='ocrx_word' id='word_1_324' title='bbox 1204 1472 1252 1491; x_wconf 73' lang='lat' dir='ltr'><strong>cur</strong></span> <span class='ocrx_word' id='word_1_325' title='bbox 1273 1463 1356 1490; x_wconf 79' lang='lat' dir='ltr'><strong>liberi.</strong></span> <span class='ocrx_word' id='word_1_326' title='bbox 1372 1462 1461 1498; x_wconf 79' lang='lat' dir='ltr'><strong>(Conf.</strong></span> <span class='ocrx_word' id='word_1_327' title='bbox 1475 1463 1552 1494; x_wconf 73' lang='grc' dir='ltr'><strong>εμὶδι.</strong></span> <span class='ocrx_word' id='word_1_328' title='bbox 1570 1461 1645 1492; x_wconf 75' lang='grc'><strong>541.)</strong></span> 
     </span>
    </p>
   </div>
   <div class='ocr_carea' id='block_1_53' title="bbox 288 1514 1059 1556">
    <p class='ocr_par' dir='ltr' id='par_1_53' title="bbox 288 1519 1044 1556">
     <span class='ocr_line' id='line_1_53' title="bbox 288 1519 1044 1556; baseline -0.001 -8"><span class='ocrx_word' id='word_1_329' title='bbox 288 1521 345 1549; x_wconf 84' lang='lat' dir='ltr'><strong>Etsi</strong></span> <span class='ocrx_word' id='word_1_330' title='bbox 360 1520 519 1548; x_wconf 85' lang='lat' dir='ltr'><strong>incredibile</strong></span> <span class='ocrx_word' id='word_1_331' title='bbox 534 1519 612 1548; x_wconf 85' lang='lat' dir='ltr'><strong>vobis</strong></span> <span class='ocrx_word' id='word_1_332' title='bbox 624 1520 710 1548; x_wconf 87' lang='lat' dir='ltr'><strong>visum</strong></span> <span class='ocrx_word' id='word_1_333' title='bbox 739 1520 771 1548; x_wconf 86' lang='lat' dir='ltr'><strong>iri</strong></span> <span class='ocrx_word' id='word_1_334' title='bbox 785 1521 857 1556; x_wconf 91' lang='lat' dir='ltr'><strong>quod</strong></span> <span class='ocrx_word' id='word_1_335' title='bbox 868 1521 956 1549; x_wconf 89' lang='lat' dir='ltr'><strong>dicam</strong></span> <span class='ocrx_word' id='word_1_336' title='bbox 977 1521 1044 1554; x_wconf 87' lang='lat' dir='ltr'><strong>scio,</strong></span> 
     </span>
    </p>
   </div>
   <div class='ocr_carea' id='block_1_54' title="bbox 1096 1514 1891 1556">
    <p class='ocr_par' dir='ltr' id='par_1_54' title="bbox 1134 1517 1891 1556">
     <span class='ocr_line' id='line_1_54' title="bbox 1134 1517 1891 1556; baseline -0.005 -9"><span class='ocrx_word' id='word_1_337' title='bbox 1134 1521 1166 1547; x_wconf 81' lang='grc' dir='ltr'><strong>Εί</strong></span> <span class='ocrx_word' id='word_1_338' title='bbox 1189 1521 1235 1547; x_wconf 72' lang='grc' dir='ltr'>καὶ</span> <span class='ocrx_word' id='word_1_339' title='bbox 1259 1519 1412 1556; x_wconf 79' lang='grc' dir='ltr'>παράδοξον</span> <span class='ocrx_word' id='word_1_340' title='bbox 1433 1517 1503 1547; x_wconf 75' lang='grc' dir='ltr'>εἶναι</span> <span class='ocrx_word' id='word_1_341' title='bbox 1523 1519 1588 1554; x_wconf 80' lang='grc' dir='ltr'>ὑμῖν</span> <span class='ocrx_word' id='word_1_342' title='bbox 1607 1519 1677 1551; x_wconf 71' lang='grc' dir='ltr'>δόξει</span> <span class='ocrx_word' id='word_1_343' title='bbox 1691 1519 1721 1545; x_wconf 83' lang='grc' dir='ltr'>τὸ</span> <span class='ocrx_word' id='word_1_344' title='bbox 1740 1517 1891 1554; x_wconf 75' lang='grc' dir='ltr'>ῥηθησόμε-</span> 
     </span>
    </p>
   </div>
   <div class='ocr_carea' id='block_1_55' title="bbox 252 1565 1046 1602">
    <p class='ocr_par' dir='ltr' id='par_1_55' title="bbox 252 1565 1046 1602">
     <span class='ocr_line' id='line_1_55' title="bbox 252 1565 1046 1602; baseline -0.001 -8"><span class='ocrx_word' id='word_1_345' title='bbox 252 1567 359 1595; x_wconf 88' lang='lat' dir='ltr'><strong>dicetur</strong></span> <span class='ocrx_word' id='word_1_346' title='bbox 373 1571 476 1594; x_wconf 89' lang='lat' dir='ltr'><strong>tamen.</strong></span> <span class='ocrx_word' id='word_1_347' title='bbox 493 1565 693 1602; x_wconf 85' lang='lat' dir='ltr'><strong>Sentioitaque</strong></span> <span class='ocrx_word' id='word_1_348' title='bbox 721 1571 750 1594; x_wconf 86' lang='lat' dir='ltr'><strong>ut</strong></span> <span class='ocrx_word' id='word_1_349' title='bbox 772 1575 861 1602; x_wconf 87' lang='lat' dir='ltr'><strong>neque</strong></span> <span class='ocrx_word' id='word_1_350' title='bbox 885 1568 986 1594; x_wconf 88' lang='lat' dir='ltr'><strong>bonum</strong></span> <span class='ocrx_word' id='word_1_351' title='bbox 1004 1567 1046 1594; x_wconf 87' lang='lat' dir='ltr'><strong>vi-</strong></span> 
     </span>
    </p>
   </div>
   <div class='ocr_carea' id='block_1_56' title="bbox 253 1611 1047 1647">
    <p class='ocr_par' dir='ltr' id='par_1_56' title="bbox 253 1611 1047 1647">
     <span class='ocr_line' id='line_1_56' title="bbox 253 1611 1047 1647; baseline -0.003 -7"><span class='ocrx_word' id='word_1_352' title='bbox 253 1619 313 1640; x_wconf 93' lang='lat' dir='ltr'><strong>rum</strong></span> <span class='ocrx_word' id='word_1_353' title='bbox 324 1611 483 1640; x_wconf 88' lang='lat' dir='ltr'><strong>calumniari</strong></span> <span class='ocrx_word' id='word_1_354' title='bbox 514 1618 688 1647; x_wconf 87' lang='lat' dir='ltr'><strong>quemquam,</strong></span> <span class='ocrx_word' id='word_1_355' title='bbox 709 1611 745 1639; x_wconf 87' lang='lat' dir='ltr'><strong>ita</strong></span> <span class='ocrx_word' id='word_1_356' title='bbox 778 1619 866 1646; x_wconf 82' lang='lat' dir='ltr'><strong>neque</strong></span> <span class='ocrx_word' id='word_1_357' title='bbox 894 1611 1047 1646; x_wconf 88' lang='lat' dir='ltr'><strong>improbum</strong></span> 
     </span>
    </p>
   </div>
   <div class='ocr_carea' id='block_1_57' title="bbox 253 1656 1049 1692">
    <p class='ocr_par' dir='ltr' id='par_1_57' title="bbox 253 1656 1049 1692">
     <span class='ocr_line' id='line_1_57' title="bbox 253 1656 1049 1692; baseline -0.003 -6"><span class='ocrx_word' id='word_1_358' title='bbox 253 1657 388 1686; x_wconf 83' lang='lat' dir='ltr'><strong>calumnia</strong></span> <span class='ocrx_word' id='word_1_359' title='bbox 406 1658 508 1692; x_wconf 87' lang='lat' dir='ltr'><strong>appeti.</strong></span> <span class='ocrx_word' id='word_1_360' title='bbox 521 1656 600 1691; x_wconf 86' lang='lat' dir='ltr'><strong>Quod</strong></span> <span class='ocrx_word' id='word_1_361' title='bbox 612 1658 715 1685; x_wconf 85' lang='lat' dir='ltr'><strong>dictum</strong></span> <span class='ocrx_word' id='word_1_362' title='bbox 732 1657 755 1686; x_wconf 88' lang='lat' dir='ltr'><strong>si</strong></span> <span class='ocrx_word' id='word_1_363' title='bbox 780 1657 934 1692; x_wconf 74' lang='lat' dir='ltr'><strong>aenigmatis</strong></span> <span class='ocrx_word' id='word_1_364' title='bbox 960 1657 1049 1684; x_wconf 59' lang='lat' dir='ltr'><strong>instar</strong></span> 
     </span>
    </p>
   </div>
   <div class='ocr_carea' id='block_1_58' title="bbox 254 1703 1050 1739">
    <p class='ocr_par' dir='ltr' id='par_1_58' title="bbox 254 1703 1050 1739">
     <span class='ocr_line' id='line_1_58' title="bbox 254 1703 1050 1739; baseline -0.001 -8"><span class='ocrx_word' id='word_1_365' title='bbox 254 1705 388 1738; x_wconf 81' lang='lat' dir='ltr'><strong>videatur,</strong></span> <span class='ocrx_word' id='word_1_366' title='bbox 407 1704 557 1732; x_wconf 89' lang='lat' dir='ltr'><strong>dilucidius</strong></span> <span class='ocrx_word' id='word_1_367' title='bbox 572 1703 721 1739; x_wconf 83' lang='lat' dir='ltr'><strong>proferam.</strong></span> <span class='ocrx_word' id='word_1_368' title='bbox 733 1704 838 1732; x_wconf 80' lang='lat' dir='ltr'><strong>Probus</strong></span> <span class='ocrx_word' id='word_1_369' title='bbox 853 1705 875 1739; x_wconf 81' lang='lat' dir='ltr'><strong>si</strong></span> <span class='ocrx_word' id='word_1_370' title='bbox 899 1704 964 1739; x_wconf 89' lang='lat' dir='ltr'><strong>quid</strong></span> <span class='ocrx_word' id='word_1_371' title='bbox 976 1703 1050 1731; x_wconf 80' lang='lat' dir='ltr'><strong>dicat</strong></span> 
     </span>
    </p>
   </div>
   <div class='ocr_carea' id='block_1_59' title="bbox 255 1749 1047 1786">
    <p class='ocr_par' dir='ltr' id='par_1_59' title="bbox 255 1749 1047 1786">
     <span class='ocr_line' id='line_1_59' title="bbox 255 1749 1047 1786; baseline -0.001 -8"><span class='ocrx_word' id='word_1_372' title='bbox 255 1751 296 1780; x_wconf 73' lang='lat' dir='ltr'><strong>vel</strong></span> <span class='ocrx_word' id='word_1_373' title='bbox 312 1751 375 1779; x_wconf 87' lang='lat' dir='ltr'><strong>odio</strong></span> <span class='ocrx_word' id='word_1_374' title='bbox 387 1751 529 1784; x_wconf 90' lang='lat' dir='ltr'><strong>vitiorum,</strong></span> <span class='ocrx_word' id='word_1_375' title='bbox 541 1749 584 1778; x_wconf 87' lang='lat' dir='ltr'><strong>vel</strong></span> <span class='ocrx_word' id='word_1_376' title='bbox 596 1751 628 1778; x_wconf 90' lang='lat' dir='ltr'><strong>ad</strong></span> <span class='ocrx_word' id='word_1_377' title='bbox 640 1750 831 1786; x_wconf 74' lang='lat' dir='ltr'><strong>corrigendum</strong></span> <span class='ocrx_word' id='word_1_378' title='bbox 861 1751 1047 1782; x_wconf 80' lang='lat' dir='ltr'><strong>aberrantem,</strong></span> 
     </span>
    </p>
   </div>
   <div class='ocr_carea' id='block_1_60' title="bbox 254 1796 1047 1832">
    <p class='ocr_par' dir='ltr' id='par_1_60' title="bbox 254 1796 1047 1832">
     <span class='ocr_line' id='line_1_60' title="bbox 254 1796 1047 1832; baseline 0 -8"><span class='ocrx_word' id='word_1_379' title='bbox 254 1797 369 1826; x_wconf 88' lang='lat' dir='ltr'><strong>minime</strong></span> <span class='ocrx_word' id='word_1_380' title='bbox 393 1797 586 1826; x_wconf 87' lang='lat' dir='ltr'><strong>calumniatur.</strong></span> <span class='ocrx_word' id='word_1_381' title='bbox 600 1796 659 1825; x_wconf 87' lang='lat' dir='ltr'><strong>Non</strong></span> <span class='ocrx_word' id='word_1_382' title='bbox 684 1797 757 1825; x_wconf 90' lang='lat' dir='ltr'><strong>enim</strong></span> <span class='ocrx_word' id='word_1_383' title='bbox 788 1797 929 1824; x_wconf 85' lang='lat' dir='ltr'><strong>mendacia</strong></span> <span class='ocrx_word' id='word_1_384' title='bbox 957 1797 1047 1832; x_wconf 75' lang='lat' dir='ltr'><strong>ﬁngit,</strong></span> 
     </span>
    </p>
   </div>
   <div class='ocr_carea' id='block_1_61' title="bbox 255 1842 1045 1879">
    <p class='ocr_par' dir='ltr' id='par_1_61' title="bbox 255 1842 1045 1879">
     <span class='ocr_line' id='line_1_61' title="bbox 255 1842 1045 1879; baseline 0 -9"><span class='ocrx_word' id='word_1_385' title='bbox 255 1845 309 1872; x_wconf 86' lang='lat' dir='ltr'><strong>imo</strong></span> <span class='ocrx_word' id='word_1_386' title='bbox 323 1850 386 1871; x_wconf 88' lang='lat' dir='ltr'><strong>vera</strong></span> <span class='ocrx_word' id='word_1_387' title='bbox 399 1843 489 1879; x_wconf 85' lang='lat' dir='ltr'><strong>potius</strong></span> <span class='ocrx_word' id='word_1_388' title='bbox 501 1847 607 1871; x_wconf 88' lang='lat' dir='ltr'><strong>narrat.</strong></span> <span class='ocrx_word' id='word_1_389' title='bbox 624 1842 768 1878; x_wconf 88' lang='lat' dir='ltr'><strong>Improbus</strong></span> <span class='ocrx_word' id='word_1_390' title='bbox 796 1848 892 1871; x_wconf 88' lang='lat' dir='ltr'><strong>eontra</strong></span> <span class='ocrx_word' id='word_1_391' title='bbox 910 1843 1045 1871; x_wconf 84' lang='lat' dir='ltr'><strong>conviciis</strong></span> 
     </span>
    </p>
   </div>
   <div class='ocr_carea' id='block_1_62' title="bbox 256 1889 1049 1923">
    <p class='ocr_par' dir='ltr' id='par_1_62' title="bbox 256 1889 1049 1923">
     <span class='ocr_line' id='line_1_62' title="bbox 256 1889 1049 1923; baseline -0.001 -5"><span class='ocrx_word' id='word_1_392' title='bbox 256 1897 309 1919; x_wconf 90' lang='lat' dir='ltr'><strong>non</strong></span> <span class='ocrx_word' id='word_1_393' title='bbox 337 1894 478 1918; x_wconf 84' lang='lat' dir='ltr'><strong>oneratur.</strong></span> <span class='ocrx_word' id='word_1_394' title='bbox 502 1890 633 1923; x_wconf 82' lang='lat' dir='ltr'><strong>Quamvis</strong></span> <span class='ocrx_word' id='word_1_395' title='bbox 660 1889 731 1918; x_wconf 86' lang='lat' dir='ltr'><strong>enim</strong></span> <span class='ocrx_word' id='word_1_396' title='bbox 753 1889 888 1917; x_wconf 83' lang='lat' dir='ltr'><strong>calumnia</strong></span> <span class='ocrx_word' id='word_1_397' title='bbox 922 1889 982 1916; x_wconf 80' lang='lat' dir='ltr'><strong>fulsi</strong></span> <span class='ocrx_word' id='word_1_398' title='bbox 1007 1895 1049 1917; x_wconf 87' lang='lat' dir='ltr'><strong>est</strong></span> 
     </span>
    </p>
   </div>
   <div class='ocr_carea' id='block_1_63' title="bbox 255 1934 853 1971">
    <p class='ocr_par' dir='ltr' id='par_1_63' title="bbox 255 1934 853 1971">
     <span class='ocr_line' id='line_1_63' title="bbox 255 1934 853 1971; baseline 0 -9"><span class='ocrx_word' id='word_1_399' title='bbox 255 1935 380 1971; x_wconf 73' lang='lat' dir='ltr'><strong>quaedam</strong></span> <span class='ocrx_word' id='word_1_400' title='bbox 395 1934 478 1967; x_wconf 81' lang='lat' dir='ltr'><strong>lictio,</strong></span> <span class='ocrx_word' id='word_1_401' title='bbox 494 1935 569 1962; x_wconf 83' lang='lat' dir='ltr'><strong>audit</strong></span> <span class='ocrx_word' id='word_1_402' title='bbox 583 1938 674 1962; x_wconf 82' lang='lat' dir='ltr'><strong>tamen</strong></span> <span class='ocrx_word' id='word_1_403' title='bbox 687 1935 732 1963; x_wconf 87' lang='lat' dir='ltr'><strong>ille</strong></span> <span class='ocrx_word' id='word_1_404' title='bbox 747 1943 853 1963; x_wconf 86' lang='lat' dir='ltr'><strong>verum.</strong></span> 
     </span>
    </p>
   </div>
   <div class='ocr_carea' id='block_1_64' title="bbox 478 1989 829 2018">
    <p class='ocr_par' dir='ltr' id='par_1_64' title="bbox 478 1989 829 2018">
     <span class='ocr_line' id='line_1_64' title="bbox 478 1989 829 2018; baseline 0.003 -1"><span class='ocrx_word' id='word_1_405' title='bbox 478 1989 652 2018; x_wconf 76' lang='lat' dir='ltr'><strong>CCCXXVII.</strong></span> <span class='ocrx_word' id='word_1_406' title='bbox 659 2005 694 2010; x_wconf 84' lang='lat'><strong>-—</strong></span> <span class='ocrx_word' id='word_1_407' title='bbox 701 1989 829 2018; x_wconf 83' lang='lat' dir='ltr'><strong>IISDEM.</strong></span> 
     </span>
    </p>
   </div>
   <div class='ocr_carea' id='block_1_65' title="bbox 1096 1564 1891 1603">
    <p class='ocr_par' dir='ltr' id='par_1_65' title="bbox 1096 1564 1891 1603">
     <span class='ocr_line' id='line_1_65' title="bbox 1096 1564 1891 1603; baseline -0.005 -9"><span class='ocrx_word' id='word_1_408' title='bbox 1096 1577 1150 1599; x_wconf 88' lang='grc' dir='ltr'>νον,</span> <span class='ocrx_word' id='word_1_409' title='bbox 1163 1567 1220 1594; x_wconf 80' lang='grc' dir='ltr'><strong>ἀλλ’</strong></span> <span class='ocrx_word' id='word_1_410' title='bbox 1232 1567 1307 1603; x_wconf 68' lang='grc' dir='ltr'>ὅμως</span> <span class='ocrx_word' id='word_1_411' title='bbox 1320 1566 1467 1602; x_wconf 72' lang='grc' dir='ltr'>λελέξεται.</span> <span class='ocrx_word' id='word_1_412' title='bbox 1485 1566 1559 1601; x_wconf 66' lang='grc' dir='ltr'>Φημὶ</span> <span class='ocrx_word' id='word_1_413' title='bbox 1572 1565 1661 1592; x_wconf 79' lang='grc' dir='ltr'>τοίνυν</span> <span class='ocrx_word' id='word_1_414' title='bbox 1675 1566 1715 1592; x_wconf 75' lang='grc' dir='ltr'><strong>ὅτι</strong></span> <span class='ocrx_word' id='word_1_415' title='bbox 1731 1564 1820 1596; x_wconf 76' lang='grc' dir='ltr'>οὐδεὶς</span> <span class='ocrx_word' id='word_1_416' title='bbox 1833 1564 1891 1590; x_wconf 78' lang='grc' dir='ltr'>οὔτε</span> 
     </span>
    </p>
   </div>
   <div class='ocr_carea' id='block_1_66' title="bbox 1097 1611 1889 1650">
    <p class='ocr_par' dir='ltr' id='par_1_66' title="bbox 1097 1611 1889 1650">
     <span class='ocr_line' id='line_1_66' title="bbox 1097 1611 1889 1650; baseline -0.004 -10"><span class='ocrx_word' id='word_1_417' title='bbox 1097 1614 1234 1642; x_wconf 79' lang='grc' dir='ltr'>διαϐάλλει</span> <span class='ocrx_word' id='word_1_418' title='bbox 1249 1613 1378 1650; x_wconf 79' lang='grc' dir='ltr'>χρηστὸς,</span> <span class='ocrx_word' id='word_1_419' title='bbox 1402 1613 1463 1640; x_wconf 76' lang='grc' dir='ltr'>οὒτε</span> <span class='ocrx_word' id='word_1_420' title='bbox 1479 1612 1653 1640; x_wconf 80' lang='grc' dir='ltr'>διαϐάλλεται</span> <span class='ocrx_word' id='word_1_421' title='bbox 1670 1611 1801 1646; x_wconf 79' lang='grc' dir='ltr'>πονηρός.</span> <span class='ocrx_word' id='word_1_422' title='bbox 1820 1611 1849 1637; x_wconf 80' lang='lat' dir='ltr'><strong>El</strong></span> <span class='ocrx_word' id='word_1_423' title='bbox 1864 1611 1889 1637; x_wconf 79' lang='grc' dir='ltr'>δὲ</span> 
     </span>
    </p>
   </div>
   <div class='ocr_carea' id='block_1_67' title="bbox 1097 1657 1892 1696">
    <p class='ocr_par' dir='ltr' id='par_1_67' title="bbox 1097 1657 1892 1696">
     <span class='ocr_line' id='line_1_67' title="bbox 1097 1657 1892 1696; baseline -0.004 -10"><span class='ocrx_word' id='word_1_424' title='bbox 1097 1660 1213 1696; x_wconf 74' lang='grc' dir='ltr'>αἴνιγμα</span> <span class='ocrx_word' id='word_1_425' title='bbox 1228 1660 1302 1687; x_wconf 81' lang='grc' dir='ltr'>δοκεῖ</span> <span class='ocrx_word' id='word_1_426' title='bbox 1317 1659 1348 1686; x_wconf 79' lang='grc' dir='ltr'>τὸ</span> <span class='ocrx_word' id='word_1_427' title='bbox 1373 1658 1455 1695; x_wconf 74' lang='grc' dir='ltr'>ῥηθὲν</span> <span class='ocrx_word' id='word_1_428' title='bbox 1467 1679 1474 1692; x_wconf 89' lang='grc'><strong>,</strong></span> <span class='ocrx_word' id='word_1_429' title='bbox 1491 1658 1658 1694; x_wconf 80' lang='grc' dir='ltr'>σαφέστερον</span> <span class='ocrx_word' id='word_1_430' title='bbox 1683 1658 1837 1692; x_wconf 75' lang='grc' dir='ltr'>εἰρήσεται.</span> <span class='ocrx_word' id='word_1_431' title='bbox 1865 1657 1892 1683; x_wconf 93' lang='lat'><strong>&#39;0</strong></span> 
     </span>
    </p>
   </div>
   <div class='ocr_carea' id='block_1_68' title="bbox 1099 1702 1892 1741">
    <p class='ocr_par' dir='ltr' id='par_1_68' title="bbox 1099 1702 1892 1741">
     <span class='ocr_line' id='line_1_68' title="bbox 1099 1702 1892 1741; baseline -0.005 -9"><span class='ocrx_word' id='word_1_432' title='bbox 1099 1705 1213 1741; x_wconf 77' lang='grc' dir='ltr'>ἀγαθὸς,</span> <span class='ocrx_word' id='word_1_433' title='bbox 1227 1705 1278 1732; x_wconf 71' lang='grc' dir='ltr'>κᾶν</span> <span class='ocrx_word' id='word_1_434' title='bbox 1293 1706 1381 1732; x_wconf 73' lang='grc' dir='ltr'>εἰπεῖν</span> <span class='ocrx_word' id='word_1_435' title='bbox 1400 1713 1426 1730; x_wconf 87' lang='grc' dir='ltr'><strong>τι</strong></span> <span class='ocrx_word' id='word_1_436' title='bbox 1444 1704 1460 1739; x_wconf 81' lang='grc' dir='ltr'>ἢ</span> <span class='ocrx_word' id='word_1_437' title='bbox 1483 1704 1536 1730; x_wconf 78' lang='grc' dir='ltr'>ὑπὸ</span> <span class='ocrx_word' id='word_1_438' title='bbox 1555 1703 1767 1738; x_wconf 77' lang='grc' dir='ltr'>μισοπονηρίας,</span> <span class='ocrx_word' id='word_1_439' title='bbox 1784 1703 1802 1738; x_wconf 80' lang='grc' dir='ltr'>ἢ</span> <span class='ocrx_word' id='word_1_440' title='bbox 1827 1702 1892 1736; x_wconf 70' lang='grc' dir='ltr'>πρὸς</span> 
     </span>
    </p>
   </div>
   <div class='ocr_carea' id='block_1_69' title="bbox 1101 1747 1891 1786">
    <p class='ocr_par' dir='ltr' id='par_1_69' title="bbox 1101 1747 1891 1786">
     <span class='ocr_line' id='line_1_69' title="bbox 1101 1747 1891 1786; baseline -0.005 -8"><span class='ocrx_word' id='word_1_441' title='bbox 1101 1750 1245 1786; x_wconf 85' lang='grc' dir='ltr'>διόρθωσιν</span> <span class='ocrx_word' id='word_1_442' title='bbox 1259 1750 1422 1786; x_wconf 77' lang='grc' dir='ltr'>προαχθείη,</span> <span class='ocrx_word' id='word_1_443' title='bbox 1435 1749 1466 1776; x_wconf 82' lang='grc' dir='ltr'>οὐ</span> <span class='ocrx_word' id='word_1_444' title='bbox 1479 1749 1616 1776; x_wconf 73' lang='grc' dir='ltr'>διαϐάλλει</span> <span class='ocrx_word' id='word_1_445' title='bbox 1627 1757 1634 1764; x_wconf 91' lang='grc'><strong>·</strong></span> <span class='ocrx_word' id='word_1_446' title='bbox 1650 1750 1680 1775; x_wconf 82' lang='grc' dir='ltr'>οὐ</span> <span class='ocrx_word' id='word_1_447' title='bbox 1697 1749 1752 1784; x_wconf 78' lang='grc' dir='ltr'>γάρ</span> <span class='ocrx_word' id='word_1_448' title='bbox 1763 1749 1798 1775; x_wconf 75' lang='grc' dir='ltr'><strong>τὰ</strong></span> <span class='ocrx_word' id='word_1_449' title='bbox 1811 1747 1891 1783; x_wconf 83' lang='grc' dir='ltr'>ψευδῆ</span> 
     </span>
    </p>
   </div>
   <div class='ocr_carea' id='block_1_70' title="bbox 1103 1795 1892 1832">
    <p class='ocr_par' dir='ltr' id='par_1_70' title="bbox 1103 1795 1892 1832">
     <span class='ocr_line' id='line_1_70' title="bbox 1103 1795 1892 1832; baseline -0.004 -8"><span class='ocrx_word' id='word_1_450' title='bbox 1103 1798 1227 1830; x_wconf 85' lang='grc' dir='ltr'>πλάττει,</span> <span class='ocrx_word' id='word_1_451' title='bbox 1241 1797 1309 1824; x_wconf 82' lang='grc' dir='ltr'><strong>ἀλλὰ</strong></span> <span class='ocrx_word' id='word_1_452' title='bbox 1324 1796 1429 1832; x_wconf 80' lang='grc' dir='ltr'>τάληθῆ</span> <span class='ocrx_word' id='word_1_453' title='bbox 1445 1796 1554 1832; x_wconf 70' lang='grc' dir='ltr'>φράζει.</span> <span class='ocrx_word' id='word_1_454' title='bbox 1578 1796 1606 1822; x_wconf 93' lang='lat'><strong>&#39;0</strong></span> <span class='ocrx_word' id='word_1_455' title='bbox 1617 1796 1645 1822; x_wconf 83' lang='grc' dir='ltr'>δὲ</span> <span class='ocrx_word' id='word_1_456' title='bbox 1659 1796 1779 1831; x_wconf 72' lang='grc' dir='ltr'>πονηρὸς</span> <span class='ocrx_word' id='word_1_457' title='bbox 1793 1795 1822 1822; x_wconf 75' lang='grc' dir='ltr'>οὺ</span> <span class='ocrx_word' id='word_1_458' title='bbox 1838 1795 1892 1821; x_wconf 78' lang='grc' dir='ltr'>δια-</span> 
     </span>
    </p>
   </div>
   <div class='ocr_carea' id='block_1_71' title="bbox 1099 1840 1891 1878">
    <p class='ocr_par' dir='ltr' id='par_1_71' title="bbox 1099 1840 1891 1878">
     <span class='ocr_line' id='line_1_71' title="bbox 1099 1840 1891 1878; baseline -0.004 -9"><span class='ocrx_word' id='word_1_459' title='bbox 1099 1842 1225 1870; x_wconf 78' lang='grc' dir='ltr'>ϐάλλεται</span> <span class='ocrx_word' id='word_1_460' title='bbox 1236 1850 1241 1856; x_wconf 84' lang='grc'><strong>”</strong></span> <span class='ocrx_word' id='word_1_461' title='bbox 1255 1842 1301 1869; x_wconf 77' lang='grc' dir='ltr'>καὶ</span> <span class='ocrx_word' id='word_1_462' title='bbox 1315 1841 1370 1878; x_wconf 86' lang='grc' dir='ltr'>γὰρ</span> <span class='ocrx_word' id='word_1_463' title='bbox 1383 1843 1407 1868; x_wconf 84' lang='grc' dir='ltr'><strong>εί</strong></span> <span class='ocrx_word' id='word_1_464' title='bbox 1421 1841 1468 1868; x_wconf 76' lang='grc' dir='ltr'>καὶ</span> <span class='ocrx_word' id='word_1_465' title='bbox 1480 1840 1615 1876; x_wconf 76' lang='grc' dir='ltr'>ήδιαὸολὴ</span> <span class='ocrx_word' id='word_1_466' title='bbox 1630 1841 1744 1876; x_wconf 73' lang='grc' dir='ltr'>πλάσμα</span> <span class='ocrx_word' id='word_1_467' title='bbox 1757 1841 1816 1868; x_wconf 70' lang='grc' dir='ltr'>ἐστὶ</span> <span class='ocrx_word' id='word_1_468' title='bbox 1828 1840 1891 1876; x_wconf 51' lang='lat' dir='ltr'><strong>triaue</strong></span> 
     </span>
    </p>
   </div>
   <div class='ocr_carea' id='block_1_72' title="bbox 1098 1887 1472 1922">
    <p class='ocr_par' dir='ltr' id='par_1_72' title="bbox 1098 1887 1472 1922">
     <span class='ocr_line' id='line_1_72' title="bbox 1098 1887 1472 1922; baseline -0.003 -7"><span class='ocrx_word' id='word_1_469' title='bbox 1098 1888 1152 1920; x_wconf 78' lang='grc' dir='ltr'>δὲς,</span> <span class='ocrx_word' id='word_1_470' title='bbox 1168 1888 1236 1915; x_wconf 81' lang='grc' dir='ltr'>ἀλλὰ</span> <span class='ocrx_word' id='word_1_471' title='bbox 1250 1887 1354 1922; x_wconf 84' lang='grc' dir='ltr'>τάληθῆ</span> <span class='ocrx_word' id='word_1_472' title='bbox 1367 1887 1472 1914; x_wconf 86' lang='grc' dir='ltr'>ἀκούει.</span> 
     </span>
    </p>
   </div>
   <div class='ocr_carea' id='block_1_73' title="bbox 1305 1988 1689 2017">
    <p class='ocr_par' dir='ltr' id='par_1_73' title="bbox 1305 1988 1689 2017">
     <span class='ocr_line' id='line_1_73' title="bbox 1305 1988 1689 2017; baseline -0.003 -1"><span class='ocrx_word' id='word_1_473' title='bbox 1305 1989 1392 2017; x_wconf 82' lang='lat' dir='ltr'><strong>TKZ’.</strong></span> <span class='ocrx_word' id='word_1_474' title='bbox 1407 2004 1443 2009; x_wconf 89' lang='lat'><strong>—</strong></span> <span class='ocrx_word' id='word_1_475' title='bbox 1458 1989 1537 2016; x_wconf 83' lang='grc' dir='ltr'><strong>ΤΟΙΣ</strong></span> <span class='ocrx_word' id='word_1_476' title='bbox 1552 1988 1689 2016; x_wconf 83' lang='grc' dir='ltr'><strong>ΑΥΤΟΙΣ.</strong></span> 
     </span>
    </p>
   </div>
   <div class='ocr_carea' id='block_1_74' title="bbox 554 2034 1593 2072">
    <p class='ocr_par' dir='ltr' id='par_1_74' title="bbox 554 2034 1593 2072">
     <span class='ocr_line' id='line_1_74' title="bbox 554 2034 1593 2072; baseline -0.001 -10"><span class='ocrx_word' id='word_1_477' title='bbox 554 2034 624 2063; x_wconf 80' lang='lat' dir='ltr'><strong>Deus</strong></span> <span class='ocrx_word' id='word_1_478' title='bbox 639 2034 796 2070; x_wconf 71' lang='lat' dir='ltr'><strong>facientibus</strong></span> <span class='ocrx_word' id='word_1_479' title='bbox 811 2036 881 2071; x_wconf 80' lang='lat' dir='ltr'><strong>quod</strong></span> <span class='ocrx_word' id='word_1_480' title='bbox 898 2041 998 2071; x_wconf 75' lang='lat' dir='ltr'><strong>oportet</strong></span> <span class='ocrx_word' id='word_1_481' title='bbox 1015 2037 1066 2072; x_wconf 84' lang='lat' dir='ltr'><strong>[ert</strong></span> <span class='ocrx_word' id='word_1_482' title='bbox 1081 2036 1224 2064; x_wconf 72' lang='lat' dir='ltr'><strong>auxilium.</strong></span> <span class='ocrx_word' id='word_1_483' title='bbox 1239 2035 1320 2070; x_wconf 79' lang='lat' dir='ltr'><strong>(Vide</strong></span> <span class='ocrx_word' id='word_1_484' title='bbox 1339 2036 1416 2069; x_wconf 77' lang='lat' dir='ltr'><strong>epist.</strong></span> <span class='ocrx_word' id='word_1_485' title='bbox 1432 2035 1496 2069; x_wconf 79' lang='lat' dir='ltr'><strong>5l5,</strong></span> <span class='ocrx_word' id='word_1_486' title='bbox 1519 2034 1593 2070; x_wconf 73' lang='grc'><strong>459.)</strong></span> 
     </span>
    </p>
   </div>
   <div class='ocr_carea' id='block_1_75' title="bbox 291 2091 1047 2130">
    <p class='ocr_par' dir='ltr' id='par_1_75' title="bbox 291 2091 1047 2130">
     <span class='ocr_line' id='line_1_75' title="bbox 291 2091 1047 2130; baseline 0 -10"><span class='ocrx_word' id='word_1_487' title='bbox 291 2091 418 2121; x_wconf 86' lang='lat' dir='ltr'><strong>Mortales</strong></span> <span class='ocrx_word' id='word_1_488' title='bbox 429 2092 590 2129; x_wconf 85' lang='lat' dir='ltr'><strong>plerumque</strong></span> <span class='ocrx_word' id='word_1_489' title='bbox 604 2092 647 2121; x_wconf 91' lang='lat' dir='ltr'><strong>his</strong></span> <span class='ocrx_word' id='word_1_490' title='bbox 666 2092 836 2121; x_wconf 89' lang='lat' dir='ltr'><strong>collaborare</strong></span> <span class='ocrx_word' id='word_1_491' title='bbox 854 2097 881 2121; x_wconf 87' lang='lat' dir='ltr'><strong>et</strong></span> <span class='ocrx_word' id='word_1_492' title='bbox 903 2093 1047 2130; x_wconf 84' lang='lat' dir='ltr'><strong>cooperari</strong></span> 
     </span>
    </p>
   </div>
   <div class='ocr_carea' id='block_1_76' title="bbox 256 2139 1049 2177">
    <p class='ocr_par' dir='ltr' id='par_1_76' title="bbox 256 2139 1049 2177">
     <span class='ocr_line' id='line_1_76' title="bbox 256 2139 1049 2177; baseline 0.001 -8"><span class='ocrx_word' id='word_1_493' title='bbox 256 2141 375 2174; x_wconf 73' lang='lat' dir='ltr'><strong>student,</strong></span> <span class='ocrx_word' id='word_1_494' title='bbox 392 2139 491 2176; x_wconf 90' lang='lat' dir='ltr'><strong>quibus</strong></span> <span class='ocrx_word' id='word_1_495' title='bbox 514 2140 687 2169; x_wconf 89' lang='lat' dir='ltr'><strong>sedulitatem</strong></span> <span class='ocrx_word' id='word_1_496' title='bbox 712 2141 935 2177; x_wconf 71' lang='lat' dir='ltr'><strong>diligentiamque</strong></span> <span class='ocrx_word' id='word_1_497' title='bbox 959 2142 1049 2171; x_wconf 80' lang='lat' dir='ltr'><strong>inesse</strong></span> 
     </span>
    </p>
   </div>
   <div class='ocr_carea' id='block_1_77' title="bbox 255 2186 1048 2223">
    <p class='ocr_par' dir='ltr' id='par_1_77' title="bbox 255 2186 1048 2223">
     <span class='ocr_line' id='line_1_77' title="bbox 255 2186 1048 2223; baseline 0.004 -11"><span class='ocrx_word' id='word_1_498' title='bbox 255 2187 348 2215; x_wconf 83' lang='lat' dir='ltr'><strong>vident</strong></span> <span class='ocrx_word' id='word_1_499' title='bbox 358 2193 452 2215; x_wconf 92' lang='lat' dir='ltr'><strong>eorum</strong></span> <span class='ocrx_word' id='word_1_500' title='bbox 468 2193 529 2221; x_wconf 68' lang='lat' dir='ltr'><strong>qute</strong></span> <span class='ocrx_word' id='word_1_501' title='bbox 544 2186 616 2214; x_wconf 82' lang='lat' dir='ltr'><strong>facto</strong></span> <span class='ocrx_word' id='word_1_502' title='bbox 628 2190 670 2214; x_wconf 87' lang='lat' dir='ltr'><strong>cst</strong></span> <span class='ocrx_word' id='word_1_503' title='bbox 683 2186 761 2222; x_wconf 86' lang='lat' dir='ltr'><strong>opus.</strong></span> <span class='ocrx_word' id='word_1_504' title='bbox 775 2186 810 2214; x_wconf 81' lang='lat' dir='ltr'><strong>At</strong></span> <span class='ocrx_word' id='word_1_505' title='bbox 823 2188 963 2221; x_wconf 85' lang='lat' dir='ltr'><strong>socordes,</strong></span> <span class='ocrx_word' id='word_1_506' title='bbox 973 2188 1048 2223; x_wconf 77' lang='lat' dir='ltr'><strong>igna-</strong></span> 
     </span>
    </p>
   </div>
   <div class='ocr_carea' id='block_1_78' title="bbox 256 2232 1048 2268">
    <p class='ocr_par' dir='ltr' id='par_1_78' title="bbox 256 2232 1048 2268">
     <span class='ocr_line' id='line_1_78' title="bbox 256 2232 1048 2268; baseline 0 -8"><span class='ocrx_word' id='word_1_507' title='bbox 256 2241 313 2264; x_wconf 70' lang='grc' dir='ltr'>νοε.</span> <span class='ocrx_word' id='word_1_508' title='bbox 328 2240 360 2260; x_wconf 88' lang='lat' dir='ltr'><strong>ac</strong></span> <span class='ocrx_word' id='word_1_509' title='bbox 377 2232 493 2268; x_wconf 71' lang='lat' dir='ltr'><strong>propria:</strong></span> <span class='ocrx_word' id='word_1_510' title='bbox 512 2232 608 2260; x_wconf 82' lang='lat' dir='ltr'><strong>salutis</strong></span> <span class='ocrx_word' id='word_1_511' title='bbox 636 2233 861 2267; x_wconf 64' lang='lat' dir='ltr'><strong>praevaricatores</strong></span> <span class='ocrx_word' id='word_1_512' title='bbox 886 2233 984 2260; x_wconf 88' lang='lat' dir='ltr'><strong>merito</strong></span> <span class='ocrx_word' id='word_1_513' title='bbox 1000 2241 1048 2260; x_wconf 89' lang='lat' dir='ltr'><strong>nc-</strong></span> 
     </span>
    </p>
   </div>
   <div class='ocr_carea' id='block_1_79' title="bbox 256 2277 1043 2314">
    <p class='ocr_par' dir='ltr' id='par_1_79' title="bbox 256 2277 1043 2314">
     <span class='ocr_line' id='line_1_79' title="bbox 256 2277 1043 2314; baseline 0.001 -9"><span class='ocrx_word' id='word_1_514' title='bbox 256 2280 369 2314; x_wconf 68' lang='lat' dir='ltr'><strong>gligunt.</strong></span> <span class='ocrx_word' id='word_1_515' title='bbox 385 2277 461 2311; x_wconf 87' lang='lat' dir='ltr'><strong>Quod</strong></span> <span class='ocrx_word' id='word_1_516' title='bbox 478 2286 540 2306; x_wconf 91' lang='lat' dir='ltr'><strong>cum</strong></span> <span class='ocrx_word' id='word_1_517' title='bbox 572 2279 609 2306; x_wconf 84' lang='lat' dir='ltr'><strong>ita</strong></span> <span class='ocrx_word' id='word_1_518' title='bbox 633 2279 678 2312; x_wconf 84' lang='lat' dir='ltr'><strong>sit,</strong></span> <span class='ocrx_word' id='word_1_519' title='bbox 701 2280 799 2306; x_wconf 89' lang='lat' dir='ltr'><strong>merito</strong></span> <span class='ocrx_word' id='word_1_520' title='bbox 825 2279 907 2306; x_wconf 86' lang='lat' dir='ltr'><strong>etiam</strong></span> <span class='ocrx_word' id='word_1_521' title='bbox 932 2279 1043 2307; x_wconf 85' lang='lat' dir='ltr'><strong>divinus</strong></span> 
     </span>
    </p>
   </div>
   <div class='ocr_carea' id='block_1_80' title="bbox 257 2323 1047 2359">
    <p class='ocr_par' dir='ltr' id='par_1_80' title="bbox 257 2323 1047 2359">
     <span class='ocr_line' id='line_1_80' title="bbox 257 2323 1047 2359; baseline 0.001 -9"><span class='ocrx_word' id='word_1_522' title='bbox 257 2329 339 2351; x_wconf 84' lang='lat' dir='ltr'><strong>nutus</strong></span> <span class='ocrx_word' id='word_1_523' title='bbox 353 2330 406 2351; x_wconf 91' lang='lat' dir='ltr'><strong>non</strong></span> <span class='ocrx_word' id='word_1_524' title='bbox 419 2323 546 2351; x_wconf 91' lang='lat' dir='ltr'><strong>omnibus</strong></span> <span class='ocrx_word' id='word_1_525' title='bbox 561 2323 676 2351; x_wconf 85' lang='lat' dir='ltr'><strong>accedit.</strong></span> <span class='ocrx_word' id='word_1_526' title='bbox 691 2323 744 2351; x_wconf 86' lang='lat' dir='ltr'><strong>Sed</strong></span> <span class='ocrx_word' id='word_1_527' title='bbox 765 2330 813 2351; x_wconf 89' lang='lat' dir='ltr'><strong>eos</strong></span> <span class='ocrx_word' id='word_1_528' title='bbox 840 2323 991 2357; x_wconf 86' lang='lat' dir='ltr'><strong>dimittens,</strong></span> <span class='ocrx_word' id='word_1_529' title='bbox 1001 2324 1047 2359; x_wconf 85' lang='lat' dir='ltr'><strong>qui</strong></span> 
     </span>
    </p>
   </div>
   <div class='ocr_carea' id='block_1_81' title="bbox 256 2369 1044 2404">
    <p class='ocr_par' dir='ltr' id='par_1_81' title="bbox 256 2369 1044 2404">
     <span class='ocr_line' id='line_1_81' title="bbox 256 2369 1044 2404; baseline 0 -8"><span class='ocrx_word' id='word_1_530' title='bbox 256 2377 332 2396; x_wconf 76' lang='lat' dir='ltr'><strong>suum</strong></span> <span class='ocrx_word' id='word_1_531' title='bbox 350 2369 466 2397; x_wconf 86' lang='lat' dir='ltr'><strong>salutem</strong></span> <span class='ocrx_word' id='word_1_532' title='bbox 484 2376 533 2404; x_wconf 87' lang='lat' dir='ltr'><strong>per</strong></span> <span class='ocrx_word' id='word_1_533' title='bbox 548 2369 740 2404; x_wconf 72' lang='lat' dir='ltr'><strong>negligentiam</strong></span> <span class='ocrx_word' id='word_1_534' title='bbox 754 2369 920 2404; x_wconf 86' lang='lat' dir='ltr'><strong>decoquunt,</strong></span> <span class='ocrx_word' id='word_1_535' title='bbox 936 2370 981 2403; x_wconf 77' lang='lat' dir='ltr'><strong>iis,</strong></span> <span class='ocrx_word' id='word_1_536' title='bbox 998 2371 1044 2404; x_wconf 87' lang='lat' dir='ltr'><strong>qui</strong></span> 
     </span>
    </p>
   </div>
   <div class='ocr_carea' id='block_1_82' title="bbox 256 2415 1046 2452">
    <p class='ocr_par' dir='ltr' id='par_1_82' title="bbox 256 2415 1046 2452">
     <span class='ocr_line' id='line_1_82' title="bbox 256 2415 1046 2452; baseline 0 -10"><span class='ocrx_word' id='word_1_537' title='bbox 256 2425 299 2447; x_wconf 64' lang='grc' dir='ltr'>γε,</span> <span class='ocrx_word' id='word_1_538' title='bbox 316 2423 376 2451; x_wconf 73' lang='lat' dir='ltr'><strong>qum</strong></span> <span class='ocrx_word' id='word_1_539' title='bbox 400 2422 434 2443; x_wconf 77' lang='lat' dir='ltr'><strong>ex</strong></span> <span class='ocrx_word' id='word_1_540' title='bbox 453 2422 504 2442; x_wconf 85' lang='lat' dir='ltr'><strong>usu</strong></span> <span class='ocrx_word' id='word_1_541' title='bbox 534 2415 710 2447; x_wconf 83' lang='lat' dir='ltr'><strong>sunt,facere</strong></span> <span class='ocrx_word' id='word_1_542' title='bbox 737 2419 873 2443; x_wconf 82' lang='lat' dir='ltr'><strong>conantur</strong></span> <span class='ocrx_word' id='word_1_543' title='bbox 890 2415 934 2444; x_wconf 87' lang='lat' dir='ltr'><strong>vel</strong></span> <span class='ocrx_word' id='word_1_544' title='bbox 946 2424 1046 2452; x_wconf 82' lang='lat' dir='ltr'><strong>propo-</strong></span> 
     </span>
    </p>
   </div>
   <div class='ocr_carea' id='block_1_83' title="bbox 256 2461 794 2498">
    <p class='ocr_par' dir='ltr' id='par_1_83' title="bbox 256 2461 794 2498">
     <span class='ocr_line' id='line_1_83' title="bbox 256 2461 794 2498; baseline 0.002 -9"><span class='ocrx_word' id='word_1_545' title='bbox 256 2467 333 2496; x_wconf 84' lang='lat' dir='ltr'><strong>nunt,</strong></span> <span class='ocrx_word' id='word_1_546' title='bbox 346 2466 527 2498; x_wconf 85' lang='lat' dir='ltr'><strong>opportunum</strong></span> <span class='ocrx_word' id='word_1_547' title='bbox 542 2461 671 2489; x_wconf 82' lang='lat' dir='ltr'><strong>auxilium</strong></span> <span class='ocrx_word' id='word_1_548' title='bbox 690 2461 794 2490; x_wconf 86' lang='lat' dir='ltr'><strong>tribuit.</strong></span> 
     </span>
    </p>
   </div>
   <div class='ocr_carea' id='block_1_84' title="bbox 369 2563 924 2596">
    <p class='ocr_par' dir='ltr' id='par_1_84' title="bbox 369 2563 924 2596">
     <span class='ocr_line' id='line_1_84' title="bbox 369 2563 924 2596; baseline 0.004 -2"><span class='ocrx_word' id='word_1_549' title='bbox 369 2563 744 2594; x_wconf 77' lang='lat' dir='ltr'><strong>CCCXXVlll.—SERENO</strong></span> <span class='ocrx_word' id='word_1_550' title='bbox 764 2566 924 2596; x_wconf 78' lang='lat' dir='ltr'><strong>DIACONO.</strong></span> 
     </span>
    </p>
   </div>
   <div class='ocr_carea' id='block_1_85' title="bbox 1138 2091 1891 2128">
    <p class='ocr_par' dir='ltr' id='par_1_85' title="bbox 1138 2091 1891 2128">
     <span class='ocr_line' id='line_1_85' title="bbox 1138 2091 1891 2128; baseline -0.003 -8"><span class='ocrx_word' id='word_1_551' title='bbox 1138 2093 1242 2125; x_wconf 75' lang='grc' dir='ltr'>Πάντες</span> <span class='ocrx_word' id='word_1_552' title='bbox 1269 2092 1408 2128; x_wconf 78' lang='grc' dir='ltr'>ἅνθρωποι</span> <span class='ocrx_word' id='word_1_553' title='bbox 1430 2091 1536 2124; x_wconf 84' lang='grc' dir='ltr'>τούτοις</span> <span class='ocrx_word' id='word_1_554' title='bbox 1559 2091 1607 2118; x_wconf 72' lang='grc' dir='ltr'>καὶ</span> <span class='ocrx_word' id='word_1_555' title='bbox 1633 2091 1825 2127; x_wconf 81' lang='grc' dir='ltr'>συμπράττειν</span> <span class='ocrx_word' id='word_1_556' title='bbox 1849 2091 1891 2118; x_wconf 76' lang='grc' dir='ltr'>καὶ</span> 
     </span>
    </p>
   </div>
   <div class='ocr_carea' id='block_1_86' title="bbox 1103 2136 1891 2174">
    <p class='ocr_par' dir='ltr' id='par_1_86' title="bbox 1103 2136 1891 2174">
     <span class='ocr_line' id='line_1_86' title="bbox 1103 2136 1891 2174; baseline -0.003 -10"><span class='ocrx_word' id='word_1_557' title='bbox 1103 2139 1251 2174; x_wconf 84' lang='grc' dir='ltr'>συμπονεῖν</span> <span class='ocrx_word' id='word_1_558' title='bbox 1277 2138 1432 2171; x_wconf 77' lang='grc' dir='ltr'>ἐθέλουσιν,</span> <span class='ocrx_word' id='word_1_559' title='bbox 1447 2136 1488 2170; x_wconf 75' lang='grc' dir='ltr'>οἷς</span> <span class='ocrx_word' id='word_1_560' title='bbox 1503 2137 1537 2165; x_wconf 79' lang='grc' dir='ltr'>ἂν</span> <span class='ocrx_word' id='word_1_561' title='bbox 1558 2137 1642 2174; x_wconf 79' lang='grc' dir='ltr'>ὁρῶσι</span> <span class='ocrx_word' id='word_1_562' title='bbox 1664 2137 1714 2172; x_wconf 82' lang='grc' dir='ltr'>τὴν</span> <span class='ocrx_word' id='word_1_563' title='bbox 1741 2137 1891 2174; x_wconf 76' lang='grc' dir='ltr'>προθυμίαν</span> 
     </span>
    </p>
   </div>
   <div class='ocr_carea' id='block_1_87' title="bbox 1100 2183 1893 2220">
    <p class='ocr_par' dir='ltr' id='par_1_87' title="bbox 1100 2183 1893 2220">
     <span class='ocr_line' id='line_1_87' title="bbox 1100 2183 1893 2220; baseline -0.004 -8"><span class='ocrx_word' id='word_1_564' title='bbox 1100 2185 1146 2212; x_wconf 78' lang='grc' dir='ltr'>τοῦ</span> <span class='ocrx_word' id='word_1_565' title='bbox 1167 2185 1297 2220; x_wconf 84' lang='grc' dir='ltr'>πράττειν</span> <span class='ocrx_word' id='word_1_566' title='bbox 1313 2184 1330 2211; x_wconf 82' lang='grc' dir='ltr'>ἃ</span> <span class='ocrx_word' id='word_1_567' title='bbox 1350 2184 1403 2220; x_wconf 81' lang='grc' dir='ltr'><strong>χρὴ</strong></span> <span class='ocrx_word' id='word_1_568' title='bbox 1426 2184 1623 2219; x_wconf 76' lang='grc' dir='ltr'>ἀκμάζουσανο</span> <span class='ocrx_word' id='word_1_569' title='bbox 1640 2184 1704 2215; x_wconf 78' lang='grc' dir='ltr'>τοὺς</span> <span class='ocrx_word' id='word_1_570' title='bbox 1725 2183 1782 2219; x_wconf 75' lang='grc' dir='ltr'>γὰρ</span> <span class='ocrx_word' id='word_1_571' title='bbox 1800 2183 1893 2210; x_wconf 61' lang='lat' dir='ltr'><strong>x1056-</strong></span> 
     </span>
    </p>
   </div>
   <div class='ocr_carea' id='block_1_88' title="bbox 1097 2229 1892 2267">
    <p class='ocr_par' dir='ltr' id='par_1_88' title="bbox 1097 2229 1892 2267">
     <span class='ocr_line' id='line_1_88' title="bbox 1097 2229 1892 2267; baseline -0.004 -9"><span class='ocrx_word' id='word_1_572' title='bbox 1097 2231 1153 2259; x_wconf 78' lang='grc' dir='ltr'>δειν</span> <span class='ocrx_word' id='word_1_573' title='bbox 1177 2231 1223 2258; x_wconf 79' lang='grc' dir='ltr'>καὶ</span> <span class='ocrx_word' id='word_1_574' title='bbox 1241 2230 1374 2267; x_wconf 72' lang='grc' dir='ltr'>ῥᾳθυμεῖν</span> <span class='ocrx_word' id='word_1_575' title='bbox 1400 2230 1627 2266; x_wconf 74' lang='grc' dir='ltr'>προῃρημένους,</span> <span class='ocrx_word' id='word_1_576' title='bbox 1653 2230 1701 2256; x_wconf 74' lang='grc' dir='ltr'>καὶ</span> <span class='ocrx_word' id='word_1_577' title='bbox 1720 2229 1771 2266; x_wconf 76' lang='grc' dir='ltr'>τὴν</span> <span class='ocrx_word' id='word_1_578' title='bbox 1795 2229 1892 2256; x_wconf 76' lang='grc' dir='ltr'>οἰκείαν</span> 
     </span>
    </p>
   </div>
   <div class='ocr_carea' id='block_1_89' title="bbox 1100 2276 1891 2314">
    <p class='ocr_par' dir='ltr' id='par_1_89' title="bbox 1100 2276 1891 2314">
     <span class='ocr_line' id='line_1_89' title="bbox 1100 2276 1891 2314; baseline -0.003 -10"><span class='ocrx_word' id='word_1_579' title='bbox 1100 2278 1237 2313; x_wconf 77' lang='grc' dir='ltr'>σωτηρίαν</span> <span class='ocrx_word' id='word_1_580' title='bbox 1251 2277 1438 2314; x_wconf 83' lang='grc' dir='ltr'>προδιδόντας,</span> <span class='ocrx_word' id='word_1_581' title='bbox 1454 2277 1514 2304; x_wconf 77' lang='grc' dir='ltr'>οὐδὲ</span> <span class='ocrx_word' id='word_1_582' title='bbox 1533 2276 1613 2310; x_wconf 87' lang='grc' dir='ltr'>λόγου</span> <span class='ocrx_word' id='word_1_583' title='bbox 1631 2277 1746 2308; x_wconf 81' lang='grc' dir='ltr'>εἰκότως</span> <span class='ocrx_word' id='word_1_584' title='bbox 1762 2276 1891 2309; x_wconf 78' lang='grc' dir='ltr'>ἀξιοῦσιν.</span> 
     </span>
    </p>
   </div>
   <div class='ocr_carea' id='block_1_90' title="bbox 1099 2322 1893 2358">
    <p class='ocr_par' dir='ltr' id='par_1_90' title="bbox 1099 2322 1893 2358">
     <span class='ocr_line' id='line_1_90' title="bbox 1099 2322 1893 2358; baseline -0.004 -7"><span class='ocrx_word' id='word_1_585' title='bbox 1099 2324 1130 2351; x_wconf 84' lang='grc' dir='ltr'>Εί</span> <span class='ocrx_word' id='word_1_586' title='bbox 1151 2324 1240 2351; x_wconf 85' lang='grc' dir='ltr'>τοίνυν</span> <span class='ocrx_word' id='word_1_587' title='bbox 1254 2324 1330 2351; x_wconf 78' lang='grc' dir='ltr'>ταῦθ’</span> <span class='ocrx_word' id='word_1_588' title='bbox 1345 2323 1432 2355; x_wconf 73' lang='grc' dir='ltr'>οὕτως</span> <span class='ocrx_word' id='word_1_589' title='bbox 1445 2323 1513 2358; x_wconf 76' lang='grc' dir='ltr'>ἔχει,</span> <span class='ocrx_word' id='word_1_590' title='bbox 1527 2323 1640 2354; x_wconf 75' lang='grc' dir='ltr'>εἰκότως</span> <span class='ocrx_word' id='word_1_591' title='bbox 1655 2324 1702 2349; x_wconf 71' lang='grc' dir='ltr'><strong>καὶ</strong></span> <span class='ocrx_word' id='word_1_592' title='bbox 1751 2322 1812 2349; x_wconf 79' lang='grc' dir='ltr'>θεῖα</span> 
     </span>
    </p>
   </div>
   <div class='ocr_carea' id='block_1_91' title="bbox 1098 2368 1892 2405">
    <p class='ocr_par' dir='ltr' id='par_1_91' title="bbox 1098 2368 1892 2405">
     <span class='ocr_line' id='line_1_91' title="bbox 1098 2368 1892 2405; baseline -0.005 -7"><span class='ocrx_word' id='word_1_593' title='bbox 1098 2372 1127 2398; x_wconf 79' lang='grc' dir='ltr'>οὺ</span> <span class='ocrx_word' id='word_1_594' title='bbox 1149 2371 1231 2397; x_wconf 77' lang='grc' dir='ltr'>πᾶσιν</span> <span class='ocrx_word' id='word_1_595' title='bbox 1251 2371 1395 2405; x_wconf 72' lang='grc' dir='ltr'>ἐπιφοιτᾷ·</span> <span class='ocrx_word' id='word_1_596' title='bbox 1418 2369 1476 2396; x_wconf 74' lang='grc' dir='ltr'><strong>ἀλλ’</strong></span> <span class='ocrx_word' id='word_1_597' title='bbox 1496 2368 1619 2400; x_wconf 75' lang='grc' dir='ltr'>ἐκείνους</span> <span class='ocrx_word' id='word_1_598' title='bbox 1634 2369 1751 2402; x_wconf 74' lang='grc' dir='ltr'>ἀφεῖσα,</span> <span class='ocrx_word' id='word_1_599' title='bbox 1767 2369 1832 2399; x_wconf 64' lang='grc' dir='ltr'>τοὺς</span> <span class='ocrx_word' id='word_1_600' title='bbox 1847 2368 1892 2402; x_wconf 72' lang='grc' dir='ltr'>τὴν</span> 
     </span>
    </p>
   </div>
   <div class='ocr_carea' id='block_1_92' title="bbox 1100 2415 1893 2452">
    <p class='ocr_par' dir='ltr' id='par_1_92' title="bbox 1100 2415 1893 2452">
     <span class='ocr_line' id='line_1_92' title="bbox 1100 2415 1893 2452; baseline -0.005 -8"><span class='ocrx_word' id='word_1_601' title='bbox 1100 2417 1206 2444; x_wconf 79' lang='grc' dir='ltr'>ἑαυτῶν</span> <span class='ocrx_word' id='word_1_602' title='bbox 1228 2417 1366 2452; x_wconf 87' lang='grc' dir='ltr'>σωτηρίαν</span> <span class='ocrx_word' id='word_1_603' title='bbox 1389 2416 1434 2443; x_wconf 81' lang='grc' dir='ltr'>διὰ</span> <span class='ocrx_word' id='word_1_604' title='bbox 1457 2415 1596 2452; x_wconf 67' lang='grc' dir='ltr'>ρᾳθυμίαν</span> <span class='ocrx_word' id='word_1_605' title='bbox 1617 2415 1823 2450; x_wconf 77' lang='grc' dir='ltr'>προπίνοντας·</span> <span class='ocrx_word' id='word_1_606' title='bbox 1842 2415 1893 2444; x_wconf 68' lang='grc' dir='ltr'>τοῖς</span> 
     </span>
    </p>
   </div>
   <div class='ocr_carea' id='block_1_93' title="bbox 1102 2461 1892 2500">
    <p class='ocr_par' dir='ltr' id='par_1_93' title="bbox 1102 2461 1892 2500">
     <span class='ocr_line' id='line_1_93' title="bbox 1102 2461 1892 2500; baseline -0.005 -9"><span class='ocrx_word' id='word_1_607' title='bbox 1102 2465 1234 2500; x_wconf 80' lang='grc' dir='ltr'>πράττειν</span> <span class='ocrx_word' id='word_1_608' title='bbox 1263 2463 1281 2490; x_wconf 75' lang='grc' dir='ltr'><strong>ά</strong></span> <span class='ocrx_word' id='word_1_609' title='bbox 1307 2462 1359 2498; x_wconf 76' lang='grc' dir='ltr'><strong>χρὴ</strong></span> <span class='ocrx_word' id='word_1_610' title='bbox 1384 2462 1587 2499; x_wconf 82' lang='grc' dir='ltr'>προῃρημένοις</span> <span class='ocrx_word' id='word_1_611' title='bbox 1609 2461 1660 2497; x_wconf 85' lang='grc' dir='ltr'>τὴν</span> <span class='ocrx_word' id='word_1_612' title='bbox 1686 2462 1794 2488; x_wconf 68' lang='grc' dir='ltr'>οἰκείαν</span> <span class='ocrx_word' id='word_1_613' title='bbox 1821 2461 1892 2496; x_wconf 74' lang='grc' dir='ltr'>νέμει</span> 
     </span>
    </p>
   </div>
   <div class='ocr_carea' id='block_1_94' title="bbox 1102 2511 1272 2547">
    <p class='ocr_par' dir='ltr' id='par_1_94' title="bbox 1102 2511 1272 2547">
     <span class='ocr_line' id='line_1_94' title="bbox 1102 2511 1272 2547; baseline 0 -10"><span class='ocrx_word' id='word_1_614' title='bbox 1102 2519 1133 2537; x_wconf 82' lang='grc' dir='ltr'><strong>συ</strong></span> <span class='ocrx_word' id='word_1_615' title='bbox 1138 2520 1157 2546; x_wconf 91' lang='grc' dir='ltr'><strong>μ</strong></span> <span class='ocrx_word' id='word_1_616' title='bbox 1160 2511 1272 2547; x_wconf 79' lang='grc' dir='ltr'>μαχίαν.</span> 
     </span>
    </p>
   </div>
   <div class='ocr_carea' id='block_1_95' title="bbox 1254 2561 1738 2597">
    <p class='ocr_par' dir='ltr' id='par_1_95' title="bbox 1254 2561 1738 2597">
     <span class='ocr_line' id='line_1_95' title="bbox 1254 2561 1738 2597; baseline -0.006 -6"><span class='ocrx_word' id='word_1_617' title='bbox 1254 2562 1344 2591; x_wconf 83' lang='lat' dir='ltr'><strong>TKH&#39;.</strong></span> <span class='ocrx_word' id='word_1_618' title='bbox 1365 2579 1398 2583; x_wconf 98' lang='lat'><strong>—</strong></span> <span class='ocrx_word' id='word_1_619' title='bbox 1418 2562 1555 2597; x_wconf 77' lang='grc' dir='ltr'><strong>ΣΕΡΗΝῼ</strong></span> <span class='ocrx_word' id='word_1_620' title='bbox 1572 2561 1738 2597; x_wconf 75' lang='grc' dir='ltr'><strong>ΔῙΑΚΟΝῼ.</strong></span> 
     </span>
    </p>
   </div>
   <div class='ocr_carea' id='block_1_96' title="bbox 769 2612 1377 2643">
    <p class='ocr_par' dir='ltr' id='par_1_96' title="bbox 769 2612 1377 2643">
     <span class='ocr_line' id='line_1_96' title="bbox 769 2612 1377 2643; baseline -0.005 -2"><span class='ocrx_word' id='word_1_621' title='bbox 769 2613 903 2643; x_wconf 77' lang='lat' dir='ltr'><strong>Modeslia</strong></span> <span class='ocrx_word' id='word_1_622' title='bbox 919 2616 978 2643; x_wconf 69' lang='lat' dir='ltr'><strong>vita:</strong></span> <span class='ocrx_word' id='word_1_623' title='bbox 1001 2614 1186 2642; x_wconf 76' lang='lat' dir='ltr'><strong>commendata</strong></span> <span class='ocrx_word' id='word_1_624' title='bbox 1204 2614 1230 2640; x_wconf 85' lang='lat' dir='ltr'><strong>in</strong></span> <span class='ocrx_word' id='word_1_625' title='bbox 1244 2612 1377 2639; x_wconf 81' lang='lat' dir='ltr'><strong>omnibus.</strong></span> 
     </span>
    </p>
   </div>
   <div class='ocr_carea' id='block_1_97' title="bbox 295 2663 1059 2702">
    <p class='ocr_par' dir='ltr' id='par_1_97' title="bbox 295 2663 1045 2702">
     <span class='ocr_line' id='line_1_97' title="bbox 295 2663 1045 2702; baseline 0.007 -11"><span class='ocrx_word' id='word_1_626' title='bbox 295 2663 394 2692; x_wconf 78' lang='lat' dir='ltr'><strong>Virtuti</strong></span> <span class='ocrx_word' id='word_1_627' title='bbox 407 2665 527 2694; x_wconf 84' lang='lat' dir='ltr'><strong>deditum</strong></span> <span class='ocrx_word' id='word_1_628' title='bbox 540 2673 709 2702; x_wconf 80' lang='lat' dir='ltr'><strong>supervacua</strong></span> <span class='ocrx_word' id='word_1_629' title='bbox 740 2675 865 2696; x_wconf 86' lang='lat' dir='ltr'><strong>resecare</strong></span> <span class='ocrx_word' id='word_1_630' title='bbox 880 2668 967 2696; x_wconf 87' lang='lat' dir='ltr'><strong>decet.</strong></span> <span class='ocrx_word' id='word_1_631' title='bbox 985 2668 1045 2696; x_wconf 84' lang='lat' dir='ltr'><strong>Non</strong></span> 
     </span>
    </p>
   </div>
   <div class='ocr_carea' id='block_1_98' title="bbox 1096 2663 1886 2702">
    <p class='ocr_par' dir='ltr' id='par_1_98' title="bbox 1132 2663 1886 2702">
     <span class='ocr_line' id='line_1_98' title="bbox 1132 2663 1886 2702; baseline -0.005 -8"><span class='ocrx_word' id='word_1_632' title='bbox 1132 2668 1185 2694; x_wconf 81' lang='grc' dir='ltr'><strong>Τὸν</strong></span> <span class='ocrx_word' id='word_1_633' title='bbox 1199 2666 1344 2702; x_wconf 77' lang='grc' dir='ltr'>φιλάρετον</span> <span class='ocrx_word' id='word_1_634' title='bbox 1355 2665 1445 2691; x_wconf 85' lang='grc' dir='ltr'>πάντα</span> <span class='ocrx_word' id='word_1_635' title='bbox 1455 2663 1490 2691; x_wconf 81' lang='grc' dir='ltr'><strong>τὰ</strong></span> <span class='ocrx_word' id='word_1_636' title='bbox 1502 2665 1618 2700; x_wconf 77' lang='grc' dir='ltr'>περιττὰ</span> <span class='ocrx_word' id='word_1_637' title='bbox 1631 2665 1686 2700; x_wconf 75' lang='grc' dir='ltr'><strong>χρὴ</strong></span> <span class='ocrx_word' id='word_1_638' title='bbox 1700 2665 1886 2700; x_wconf 70' lang='grc' dir='ltr'>περικόπτειν·</span> 
     </span>
    </p>
   </div>
   <div class='ocr_carea' id='block_1_99' title="bbox 257 2709 1059 2749">
    <p class='ocr_par' dir='ltr' id='par_1_99' title="bbox 257 2709 1046 2748">
     <span class='ocr_line' id='line_1_99' title="bbox 257 2709 1046 2748; baseline 0.006 -10"><span class='ocrx_word' id='word_1_639' title='bbox 257 2709 327 2739; x_wconf 64' lang='lat' dir='ltr'><strong>enim</strong></span> <span class='ocrx_word' id='word_1_640' title='bbox 344 2711 370 2738; x_wconf 94' lang='lat' dir='ltr'><strong>in</strong></span> <span class='ocrx_word' id='word_1_641' title='bbox 389 2711 457 2739; x_wconf 90' lang='lat' dir='ltr'><strong>cibis</strong></span> <span class='ocrx_word' id='word_1_642' title='bbox 472 2713 562 2745; x_wconf 81' lang='lat' dir='ltr'><strong>modo.</strong></span> <span class='ocrx_word' id='word_1_643' title='bbox 583 2713 630 2741; x_wconf 88' lang='lat' dir='ltr'><strong>sed</strong></span> <span class='ocrx_word' id='word_1_644' title='bbox 657 2718 684 2741; x_wconf 88' lang='lat' dir='ltr'><strong>et</strong></span> <span class='ocrx_word' id='word_1_645' title='bbox 713 2714 739 2741; x_wconf 90' lang='lat' dir='ltr'><strong>in</strong></span> <span class='ocrx_word' id='word_1_646' title='bbox 765 2715 896 2747; x_wconf 85' lang='lat' dir='ltr'><strong>vestibus,</strong></span> <span class='ocrx_word' id='word_1_647' title='bbox 913 2715 1046 2748; x_wconf 59' lang='lat' dir='ltr'><strong>aediliciis,</strong></span> 
     </span>
    </p>
   </div>
   <div class='ocr_carea' id='block_1_100' title="bbox 1096 2709 1886 2749">
    <p class='ocr_par' dir='ltr' id='par_1_100' title="bbox 1097 2709 1886 2749">
     <span class='ocr_line' id='line_1_100' title="bbox 1097 2709 1886 2749; baseline -0.009 -8"><span class='ocrx_word' id='word_1_648' title='bbox 1097 2715 1127 2741; x_wconf 73' lang='grc' dir='ltr'>οὐ</span> <span class='ocrx_word' id='word_1_649' title='bbox 1143 2713 1198 2749; x_wconf 78' lang='grc' dir='ltr'><strong>γὰρ</strong></span> <span class='ocrx_word' id='word_1_650' title='bbox 1214 2714 1242 2740; x_wconf 77' lang='grc' dir='ltr'><strong>ἐν</strong></span> <span class='ocrx_word' id='word_1_651' title='bbox 1258 2713 1344 2748; x_wconf 73' lang='grc' dir='ltr'>τροφῇ</span> <span class='ocrx_word' id='word_1_652' title='bbox 1366 2711 1463 2748; x_wconf 84' lang='grc' dir='ltr'>μόνον,</span> <span class='ocrx_word' id='word_1_653' title='bbox 1483 2710 1552 2737; x_wconf 72' lang='grc' dir='ltr'>ἀλλὰ</span> <span class='ocrx_word' id='word_1_654' title='bbox 1575 2710 1622 2737; x_wconf 78' lang='grc' dir='ltr'>καὶ</span> <span class='ocrx_word' id='word_1_655' title='bbox 1638 2711 1668 2737; x_wconf 79' lang='grc' dir='ltr'><strong>ὲν</strong></span> <span class='ocrx_word' id='word_1_656' title='bbox 1688 2711 1833 2746; x_wconf 64' lang='grc' dir='ltr'>ἁμφιάσει,</span> <span class='ocrx_word' id='word_1_657' title='bbox 1848 2709 1886 2736; x_wconf 70' lang='grc' dir='ltr'>καὶ</span> 
     </span>
    </p>
   </div>
   <div class='ocr_carea' id='block_1_101' title="bbox 255 2755 1059 2796">
    <p class='ocr_par' dir='ltr' id='par_1_101' title="bbox 255 2758 1046 2796">
     <span class='ocr_line' id='line_1_101' title="bbox 255 2758 1046 2796; baseline 0.005 -11"><span class='ocrx_word' id='word_1_658' title='bbox 255 2765 287 2786; x_wconf 82' lang='lat' dir='ltr'><strong>ac</strong></span> <span class='ocrx_word' id='word_1_659' title='bbox 318 2758 495 2793; x_wconf 87' lang='lat' dir='ltr'><strong>supellectile,</strong></span> <span class='ocrx_word' id='word_1_660' title='bbox 515 2760 630 2796; x_wconf 82' lang='lat' dir='ltr'><strong>aliisque</strong></span> <span class='ocrx_word' id='word_1_661' title='bbox 664 2761 746 2789; x_wconf 91' lang='lat' dir='ltr'><strong>rebus</strong></span> <span class='ocrx_word' id='word_1_662' title='bbox 780 2768 846 2789; x_wconf 82' lang='lat' dir='ltr'><strong>usus</strong></span> <span class='ocrx_word' id='word_1_663' title='bbox 876 2762 1046 2795; x_wconf 85' lang='lat' dir='ltr'><strong>potissimum</strong></span> 
     </span>
    </p>
   </div>
   <div class='ocr_carea' id='block_1_102' title="bbox 1096 2755 1886 2796">
    <p class='ocr_par' dir='ltr' id='par_1_102' title="bbox 1097 2755 1886 2795">
     <span class='ocr_line' id='line_1_102' title="bbox 1097 2755 1886 2795; baseline -0.009 -8"><span class='ocrx_word' id='word_1_664' title='bbox 1097 2762 1127 2787; x_wconf 80' lang='grc' dir='ltr'><strong>ἐν</strong></span> <span class='ocrx_word' id='word_1_665' title='bbox 1142 2761 1249 2795; x_wconf 79' lang='grc' dir='ltr'>οἰκήσει</span> <span class='ocrx_word' id='word_1_666' title='bbox 1271 2759 1318 2785; x_wconf 71' lang='grc' dir='ltr'>καὶ</span> <span class='ocrx_word' id='word_1_667' title='bbox 1335 2758 1365 2784; x_wconf 77' lang='grc' dir='ltr'>ὲν</span> <span class='ocrx_word' id='word_1_668' title='bbox 1386 2757 1528 2789; x_wconf 82' lang='grc' dir='ltr'>ὲπίπλοις,</span> <span class='ocrx_word' id='word_1_669' title='bbox 1554 2757 1604 2784; x_wconf 79' lang='grc' dir='ltr'>καὶ</span> <span class='ocrx_word' id='word_1_670' title='bbox 1620 2756 1650 2782; x_wconf 74' lang='grc' dir='ltr'><strong>ἐν</strong></span> <span class='ocrx_word' id='word_1_671' title='bbox 1670 2758 1727 2789; x_wconf 89' lang='grc' dir='ltr'>τοῖς</span> <span class='ocrx_word' id='word_1_672' title='bbox 1743 2756 1830 2787; x_wconf 76' lang='grc' dir='ltr'>ἄλλοις</span> <span class='ocrx_word' id='word_1_673' title='bbox 1844 2755 1886 2789; x_wconf 66' lang='grc' dir='ltr'>τὴν</span> 
     </span>
    </p>
   </div>
   <div class='ocr_carea' id='block_1_103' title="bbox 256 2802 1059 2842">
    <p class='ocr_par' dir='ltr' id='par_1_103' title="bbox 256 2803 1046 2842">
     <span class='ocr_line' id='line_1_103' title="bbox 256 2803 1046 2842; baseline 0.005 -12"><span class='ocrx_word' id='word_1_674' title='bbox 256 2803 428 2837; x_wconf 74' lang='lat' dir='ltr'><strong>spectandus,</strong></span> <span class='ocrx_word' id='word_1_675' title='bbox 445 2805 596 2842; x_wconf 84' lang='lat' dir='ltr'><strong>modusque</strong></span> <span class='ocrx_word' id='word_1_676' title='bbox 619 2814 671 2835; x_wconf 91' lang='lat' dir='ltr'><strong>non</strong></span> <span class='ocrx_word' id='word_1_677' title='bbox 685 2806 873 2836; x_wconf 78' lang='lat' dir='ltr'><strong>excedendus.</strong></span> <span class='ocrx_word' id='word_1_678' title='bbox 888 2805 958 2840; x_wconf 86' lang='lat' dir='ltr'><strong>Quid</strong></span> <span class='ocrx_word' id='word_1_679' title='bbox 974 2808 1046 2835; x_wconf 89' lang='lat' dir='ltr'><strong>enim</strong></span> 
     </span>
    </p>
   </div>
   <div class='ocr_carea' id='block_1_104' title="bbox 1096 2802 1886 2842">
    <p class='ocr_par' dir='ltr' id='par_1_104' title="bbox 1098 2802 1886 2842">
     <span class='ocr_line' id='line_1_104' title="bbox 1098 2802 1886 2842; baseline -0.005 -10"><span class='ocrx_word' id='word_1_680' title='bbox 1098 2807 1193 2842; x_wconf 72' lang='grc' dir='ltr'>χρείαν</span> <span class='ocrx_word' id='word_1_681' title='bbox 1208 2805 1261 2842; x_wconf 78' lang='grc' dir='ltr'><strong>χρὴ</strong></span> <span class='ocrx_word' id='word_1_682' title='bbox 1278 2805 1370 2840; x_wconf 77' lang='grc' dir='ltr'>ἰμᾷν,</span> <span class='ocrx_word' id='word_1_683' title='bbox 1388 2804 1434 2831; x_wconf 83' lang='grc' dir='ltr'><strong>καί</strong></span> <span class='ocrx_word' id='word_1_684' title='bbox 1453 2803 1502 2839; x_wconf 84' lang='grc' dir='ltr'>τὴν</span> <span class='ocrx_word' id='word_1_685' title='bbox 1520 2803 1690 2839; x_wconf 77' lang='grc' dir='ltr'>αὐτάρκειαν</span> <span class='ocrx_word' id='word_1_686' title='bbox 1710 2803 1748 2838; x_wconf 80' lang='grc' dir='ltr'>μὴ</span> <span class='ocrx_word' id='word_1_687' title='bbox 1762 2802 1886 2837; x_wconf 71' lang='grc' dir='ltr'>ὖῦρίζειν.</span> 
     </span>
    </p>
   </div>
   <div class='ocr_carea' id='block_1_105' title="bbox 285 2880 532 2917">
    <p class='ocr_par' dir='ltr' id='par_1_105' title="bbox 285 2880 532 2917">
     <span class='ocr_line' id='line_1_105' title="bbox 285 2880 532 2917; baseline 0.012 -9"><span class='ocrx_word' id='word_1_688' title='bbox 285 2880 294 2897; x_wconf 78' lang='grc'><strong><em>⁸</em></strong></span> <span class='ocrx_word' id='word_1_689' title='bbox 308 2880 390 2912; x_wconf 84' lang='lat' dir='ltr'><strong>Hebr.</strong></span> <span class='ocrx_word' id='word_1_690' title='bbox 408 2890 470 2917; x_wconf 80' lang='lat' dir='ltr'><strong>xm,</strong></span> <span class='ocrx_word' id='word_1_691' title='bbox 490 2883 532 2911; x_wconf 86' lang='lat' dir='ltr'><strong>l7.</strong></span> 
     </span>
    </p>
   </div>
  </div>
