2049 3162
161 155 229 188 1525

602 155 873 188 EPISTULARUM
891 154 965 186 LIB.
986 153 1022 184 γ.
1039 164 1074 170 -
1092 149 1211 182 EPIST.
1232 148 1388 181 CCCXXX.

1722 144 1789 179 1526

154 212 196 240 τί
210 212 276 248 γὰρ¹
293 213 316 239 εί
333 212 472 248 νηστεύοις
491 213 550 249 μὲν,
564 211 723 248 χρηματίζῃ
733 211 779 245 δέ;
795 211 812 247 ἢ
831 210 869 247 μὴ
883 217 949 246 χρη·
964 233 968 240 .

1010 207 1023 234 ti
1036 206 1150 242 jejnnes,
1163 206 1212 234 sed
1225 204 1367 241 pecuniam
1391 209 1474 231 avare
1491 201 1622 238 colligas;
1640 201 1682 229 vel
1700 201 1722 229 si
1735 208 1789 229 non

165 258 263 295 ματίζῃ
279 259 345 291 μὲν,
364 259 470 294 οἴκησιν
492 258 520 285 δὲ
542 258 653 293 ζητοίης
672 257 722 292 τῆς
744 257 839 293 χρείας
855 255 948 292 κρείτ-

163 309 241 334 rava;
255 301 287 327 Τί
303 302 348 335 δὲ,
367 303 391 328 ει
408 302 507 338 μετρίᾳ
521 301 571 337 μὲν
586 301 691 336 οἰκήσει
710 302 799 337 χρῷο,
815 300 949 337 ἀμφιάσει

163 345 191 372 δὲ
212 346 352 383 περιέργῳ
376 347 570 379 καλλωπίζοιος
594 347 711 384 Μέτριον
734 347 788 382 γὰρ
804 344 874 374 εἶναι
896 346 948 382 χρὴ

163 391 210 418 καὶ
224 391 305 426 λόγῳ,
318 391 364 418 καὶ
379 393 507 426 σχήματι,
522 391 568 418 καὶ
579 393 665 427 φωνῇ,
679 391 726 418 καὶ
741 391 888 427 βλέμματι,
903 390 950 417 καὶ

165 437 321 471 βαδίσματι.
345 437 441 464 Πολλοὶ
457 437 511 472 γὰρ
536 437 584 464 καὶ
607 436 722 464 πλούτου
737 436 814 468 ὄντες
833 436 948 472 ἔρημοι,

165 482 212 509 καὶ
222 483 380 517 οἰκημάτων
390 484 436 509 καὶ
446 483 503 510 ὲνδύ
509 491 576 514 eam;
588 482 720 518 λαμπρᾶς
732 482 842 513 ἐνδεεῖς,
851 481 949 508 τοσαύ-

163 537 213 562 την
229 527 273 554 διὰ
283 527 329 554 τοῦ
347 527 502 564 βαδίσαντος
518 528 679 564 ἐμφαίνουσι
693 527 741 564 τὴν
762 527 900 562 βλακείαν,
917 527 955 558 ὡς

166 572 270 607 γέλωτα
284 572 468 608 ὀφλισκάνειν.

283 625 370 653 ΤΚΘ’.
393 642 428 647 -
448 629 576 663 ΖΩΣΙΜῼ
597 628 833 662 ΠΡΕΣΒΥΤΕΡῼ.

1002 253 1029 280 id
1042 259 1116 287 agas,
1133 257 1263 288 augustas
1278 258 1384 287 quaeras
1398 251 1470 278 aedes
1487 249 1547 277 usui
1562 249 1628 276 tuo?
1644 247 1714 281 Quid
1726 254 1790 276 vero

1003 299 1026 327 si
1039 299 1081 326 his
1095 297 1234 326 moderate
1248 297 1288 326 uti
1318 297 1438 329 videare,
1448 296 1607 331 indumento
1623 298 1713 322 tamen
1744 301 1790 321 su-

1002 343 1106 380 perﬂuo
1117 344 1245 371 orneris?
1264 343 1416 373 Modestum
1441 343 1543 377 etenim
1569 342 1645 371 decet
1675 347 1736 368 esse
1763 343 1789 366 et

1002 397 1130 418 sermone
1158 393 1185 416 et
1215 389 1321 425 habitu,
1339 396 1372 416 ac
1397 394 1464 416 voce
1487 391 1662 424 aspectuque,
1682 386 1788 420 incessu

1003 435 1128 470 denique.
1142 434 1216 462 Multi
1233 434 1305 472 enim
1321 441 1336 461 a
1353 433 1435 462 rebus
1447 433 1551 468 inopes,
1563 434 1642 460 domo
1653 440 1685 459 ac
1698 431 1789 466 splen-

1001 481 1061 509 dida
1079 483 1202 508 carentes
1216 483 1301 512 veste,
1315 479 1423 507 incessu
1441 484 1531 507 tamen
1555 486 1614 507 eam
1634 485 1688 512 pne
1703 485 1731 505 se
1749 477 1790 504 le-

1003 530 1064 553 runt
1078 524 1227 558 mollitiem,
1245 523 1330 552 risum
1348 526 1376 550 ut
1388 522 1514 550 omnibus
1533 513 1632 549 debere
1656 513 1684 549 et
1700 521 1792 548 conci-

1004 575 1028 597 tn
1034 578 1061 598 re
1076 571 1226 598 videantur.

1048 626 1133 665 553
1142 625 1303 664 cccxxnt.
1312 640 1348 645 -
1355 623 1486 653 zosnto.
1510 622 1748 660 russuvrsno.

165 674 268 700 Αηίιηατ
283 674 409 706 Pallorem
429 683 509 710 quam
533 677 650 710 corporis
665 685 755 703 rurant
776 674 924 709 gerendam.
942 673 1010 700 Vita:
1025 674 1146 710 breuitas
1165 673 1274 710 uigilare
1287 672 1380 710 iubet.
1399 671 1508 699 iMatth.
1532 678 1596 703 xxv.
1613 669 1690 705 Con].
1706 669 1758 705 λιι.
1768 677 1792 702 ι,

644 712 719 743 epist.
737 707 806 738 lS‘et
821 709 866 736 lib.
882 718 917 741 ιγ,
933 709 1007 742 epist.
1022 708 1067 742 Ἡ,
1081 707 1144 740 lie,
1160 708 1211 735 126
1223 713 1246 735 et
1265 708 1338 743 146.)

202 755 274 790 Πρὸς
288 754 319 782 τὸ
336 755 410 788 τέλος
426 755 518 782 λοιπδν
531 756 545 782 ὁ
562 756 663 791 κόσμος
677 756 813 791 ἐπείγεται
825 765 831 771 ·
851 755 880 782 οὺ
899 755 954 790 γὰρ

166 799 200 836 δὴ
214 799 342 835 ψεύσεται
356 802 372 836 ἡ
385 800 508 837 ἀλήθεια,
523 801 677 828 συντέλειαν
691 801 799 828 ἔσεσθαι
812 800 953 836 προμηνὺ-

1043 755 1082 781 Αι1
1099 754 1222 782 ultimum
1245 754 1329 782 tendit
1346 754 1425 781 linem
1452 753 1567 781 mundus
1585 762 1593 781 :
1611 759 1699 788 neque
1720 752 1794 780 enim

1009 800 1075 828 fallit
1091 801 1146 835 ipsa
1180 799 1286 828 Veritas
1314 800 1574 828 consummationem
1604 798 1662 826 fore
1689 797 1795 826 denun-

169 834 248 873 σασα.
268 847 301 873 El
316 846 345 873 δὲ
363 834 475 882 κάκείνη
489 847 584 883 πόρῤω
599 847 669 873 τισὶν
684 843 754 873 εἴναι
769 834 880 879 δόξειεν,
896 834 953 872 ἀλλ’

1010 847 1088 874 Iians.
1102 834 1154 879 Qui
1170 847 1261 873 mundi
1277 846 1348 879 linis,
1363 846 1415 873 etsi
1432 845 1538 880 longius
1558 844 1653 874 abesse
1680 844 1795 879 quibus-

168 891 183 916 ὅ
197 899 228 924 γε
244 891 351 926 ἑκάστῳ
366 891 461 926 χρόνος
479 891 538 918 καθ’
553 891 658 927 ἡμέραν
674 891 894 923 δαπανᾶται,καὶ
907 891 956 926 τὴν

166 936 295 972 τελευτὴν
310 936 401 963 ὠδίνει
412 957 419 969 ,
436 938 484 964 καὶ
503 936 572 973 πρὸς
587 938 616 964 τδ
637 937 723 971 πέρας
740 938 801 973 ὁρᾷ.
824 937 884 964 Τῶν
907 937 956 972 μὲν

167 982 223 1017 γὰρ
234 983 427 1019 πρεσϐυτέρων
443 983 510 1020 δήλη
526 984 599 1010 ἐστὶν
616 984 633 1020 ἡ
650 984 773 1020 τελευτὴ,
789 983 844 1011 τῶν
860 984 888 1011 δὲ
906 984 957 1011 ἀκ-

171 1028 311 1063 μαζόντων
329 1029 428 1064 ἄδηλος
446 1031 463 1066 ἡ
483 1031 551 1066 ζωή.
573 1031 746 1067 Προθεσμίαν
763 1031 817 1068 γὰρ
836 1031 899 1067 μίαν
919 1031 956 1067 μὴ

167 1073 276 1109 ἔχοντος
293 1074 339 1101 τοῦ
358 1075 431 1110 βίου,
447 1076 515 1103 ἀλλά
537 1077 628 1104 πᾶσαν
643 1076 752 1112 ἡλικίαν
772 1077 818 1104 τοῦ
842 1077 956 1104 θανάτου

169 1119 384 1156 ἐπινεμομένου,
404 1121 509 1154 πάντας
528 1124 678 1158 γρηγρρεῖν
694 1122 762 1159 χρὴ,
777 1123 825 1150 καὶ
841 1123 957 1159 προσδο-

169 1164 222 1200 κᾷν
239 1164 269 1191 τὸ
283 1165 390 1198 πάντως
406 1166 544 1202 ἐσόμενον.
568 1167 637 1194 Ἀλλ’
655 1168 736 1204 ἡμεῖς
755 1169 844 1196 πάντα
859 1169 958 1204 μᾶλλον

167 1209 186 1245 ἢ
200 1209 277 1236 τοῦτο
289 1211 483 1247 προσδοκῶμεν
493 1220 500 1228 ο
517 1213 552 1240 τὰ
569 1213 619 1248 μὲν
633 1214 687 1248 γὰρ
703 1213 823 1249 ἀδόκητα
841 1213 898 1250 (96)
911 1214 958 1241 καὶ

168 1255 318 1284 ἀνέλπιστα
336 1257 397 1284 καθ’
420 1258 540 1294 ἑκάστην
563 1258 637 1294 ὥραν
662 1259 887 1296 ὀνειροπολοῦμεν
911 1260 958 1287 καὶ

168 1301 333 1337 ἐλπίζομεν·
360 1303 390 1330 τὸ
409 1304 437 1331 δὲ
458 1304 546 1341 πάντῃ
565 1313 595 1331 τε
618 1305 664 1332 καὶ
683 1305 791 1337 πάντως
811 1306 957 1341 ἐσόμενον,

171 1349 218 1375 καὶ
231 1349 333 1376 αὐτίκα
351 1349 382 1385 δὴ
404 1350 476 1385 μάλα
494 1350 625 1383 πολλάκις
644 1351 876 1386 ὲπιστησόμενον,
898 1352 959 1379 οὐδὲ

171 1395 272 1421 ἐννοεῖν
284 1394 429 1430 ἀξιοῦμεν·
450 1395 518 1423 ἀλλὰ
534 1396 626 1432 θνητοὶ
641 1397 716 1428 ὄντες
737 1397 809 1424 κατὰ
828 1397 858 1424 τὸ
879 1397 959 1433 σῶμα

170 1440 218 1466 καὶ
230 1440 367 1476 ὲπίκηροι,
381 1441 418 1474 ὡς
434 1441 563 1469 ἀθάνατοι
577 1442 757 1477 διανοούμεθα
768 1451 773 1458 ·
786 1443 834 1470 καὶ
848 1445 896 1479 τῆς
910 1445 960 1479 μὲν
981 1462 983 1465 τ

169 1485 305 1535 αθανάτου
324 1486 412 1535 φυχῆς
431 1487 603 1523 ἀμελοῦμεν,
634 1488 734 1523 μᾶλλον
754 1488 782 1515 δὲ
806 1489 868 1516 οὐδὲ
887 1489 958 1525 ἔχειν
972 1505 994 1535 C

170 1531 260 1567 ψυχὴν
273 1532 417 1569 νομίζομεν
429 1541 435 1548 ·
452 1533 482 1559 τδ
494 1533 521 1560 δὲ
537 1533 632 1568 θνητὸν
648 1533 725 1569 σῶμα
740 1534 874 1562 ἀθάνατον
888 1532 959 1562 εἶναι

169 1577 329 1613 ἡγούμενοι,
346 1578 410 1614 περὶ
433 1579 499 1605 αὐτὸ
513 1579 603 1606 πᾶσαν
621 1579 670 1615 τὴν
683 1580 802 1615 σπουδὴν
819 1581 959 1608 ἀναλίσκο-

172 1631 232 1658 μεν.
255 1623 337 1655 [Ιοίας
354 1621 400 1650 οὖν
422 1624 612 1660 ἀπολαύσομεν
633 1625 812 1661 συγγνώμης,
836 1627 885 1661 τῆς
907 1626 959 1662 μὲν

171 1668 306 1695 ἀθανάτου
329 1668 442 1697 θάνατον
470 1668 740 1706 καταψηφιζόμενοι,
763 1670 794 1697 τὸ
814 1671 843 1697 δὲ
862 1671 959 1706 θνητὸν

171 1715 261 1749 πάσης
276 1714 527 1754 τιμῆςοὰξιοῦντεςς
550 1715 679 1750 κάκείνην
703 1716 958 1751 παραϐλάπτοντες,

171 1759 216 1786 ἵνα
239 1759 317 1787 τοῦτο
338 1761 539 1796 κοσμήσωμενς
563 1761 694 1796 κάκείνην
715 1762 787 1797 λιμῷ
812 1763 957 1798 τήκοντες,

171 1803 216 1831 ἵνα
239 1804 318 1832 τοῦτο
335 1805 448 1840 σκιρτᾷν
472 1805 520 1832 καὶ
541 1806 646 1841 τρυφᾷν
672 1805 743 1840 exon;
768 1807 829 1842 Χρὴ
853 1807 908 1843 γὰρ
926 1807 960 1834 τὰ

173 1850 224 1884 μὲν
240 1851 362 1885 πρωτεῖα
380 1852 413 1886 τῇ
429 1851 501 1887 ψυχῇ
513 1871 520 1883 ,
544 1851 578 1878 τὰ
597 1852 626 1879 δὲ
645 1852 783 1888 δευτερεῖα
800 1853 838 1888 τῷ
854 1853 960 1889 σώματι

171 1896 265 1931 νέμειν
277 1905 283 1912 ·
299 1897 329 1922 οὺ
349 1897 403 1932 γὰρ
417 1897 537 1923 ἐναντίον
557 1897 642 1933 αὐτῆς
663 1899 751 1930 ἐστιν,
772 1898 830 1925 ἀλλ’
844 1898 960 1933 ὄργανον

172 1942 220 1969 καὶ
240 1942 357 1978 κιθάρα·
380 1943 537 1978 ἐπιμελείας
561 1943 615 1979 γὰρ
636 1944 739 1977 δεῖται,
762 1944 813 1971 οὐκ
839 1944 961 1972 ἀπολαύ-

173 1996 243 2021 σεως
257 1989 411 2024 ἀνωφελοῦς
421 1998 428 2006 ο
447 1989 569 2025 τροφῆς,
584 1990 614 2016 οὺ
631 1991 737 2026 τρυφῆς
749 1998 755 2006 ⁸
776 1991 941 2025 αὐταρκείας
951 2010 960 2023 ,

172 2034 204 2061 οὐ
219 2034 380 2070 πλησμονῆς
393 2043 399 2050 ·
415 2035 443 2062 εἴ
452 2044 483 2070 γε
498 2036 590 2071 μέλλοι
606 2036 644 2072 μὴ
659 2035 797 2072 πολέμιον,
812 2036 879 2063 ἀλλὰ
893 2036 961 2072 σύμ-

175 2089 262 2117 μαχον
276 2082 309 2117 τῇ
323 2081 396 2117 ψυχῇ
411 2079 492 2110 εῖναι.

291 2182 341 2209 mi
356 2197 391 2202 —
404 2182 587 2218 ΜΑΡΚΙΔΝῼ
600 2182 834 2218 ΠΡΕΣΒΥΤΕΡῼ.

1007 893 1068 920 dam
1083 892 1215 925 videatur,
1231 892 1363 927 cujusque
1379 896 1470 919 tamen
1488 891 1546 920 dies
1579 891 1636 919 abit
1663 889 1795 925 quotidie,

1008 939 1120 971 transit.
1152 939 1232 966 tinem
1263 939 1398 974 parturit,
1423 938 1588 974 respicitque
1628 941 1794 965 extremum.

1008 984 1109 1013 Senum
1127 985 1200 1013 enim
1213 989 1284 1020 patet
1296 985 1323 1012 in
1340 985 1400 1012 dies
1416 984 1517 1016 exitus,
1533 987 1614 1010 aetate
1637 982 1796 1010 ﬂorentium

1008 1031 1128 1059 incertus
1141 1031 1250 1065 quidem
1267 1030 1330 1058 vitae
1347 1030 1415 1063 dies,
1431 1029 1496 1057 nulli
1516 1029 1616 1058 etenim
1640 1033 1715 1057 certa
1731 1031 1797 1055 aetas

1007 1078 1070 1104 vitae
1088 1076 1220 1115 terminus
1237 1079 1290 1110 est,
1303 1075 1350 1104 sed
1363 1074 1452 1103 omnis
1477 1079 1542 1103 aetas
1559 1067 1653 1113 morti.~
1668 1073 1796 1101 obnoxia.

1000 1122 1182 1158 'Vigilandum
1219 1121 1313 1156 itaque
1353 1120 1494 1153 omnibus.
1531 1119 1798 1155 exspectantiumque

1009 1170 1080 1204 quod
1097 1168 1180 1197 semel
1198 1167 1312 1196 accidet.
1329 1167 1365 1194 At
1396 1173 1446 1194 nos
1475 1165 1556 1194 hodie
1575 1165 1682 1201 quidvis
1711 1160 1798 1200 p0tiu's

1010 1222 1091 1251 quam
1104 1214 1200 1243 mortis
1215 1217 1322 1249 tempus
1345 1217 1545 1248 exspectamus.
1561 1211 1700 1252 Insperata
1722 1210 1797 1239 enim

1011 1267 1091 1296 atque
1102 1261 1286 1295 inexspectata
1311 1259 1424 1296 singulis
1441 1259 1516 1293 horis
1544 1258 1623 1294 quasi
1655 1265 1704 1294 per
1722 1265 1797 1285 som-

1010 1307 1085 1334 nium
1100 1306 1260 1341 conjicimus
1282 1312 1313 1333 ac
1335 1311 1486 1340 speramus.
1499 1302 1575 1337 Quod
1597 1309 1661 1330 vero
1691 1309 1799 1337 semper

1009 1357 1037 1380 et
1051 1352 1149 1387 ubique
1162 1351 1280 1379 futurum
1289 1355 1341 1384 est,
1357 1357 1388 1378 ac
1401 1356 1471 1386 szepe
1484 1348 1540 1384 jam
1552 1348 1668 1381 instans,
1685 1355 1720 1376 ue
1750 1355 1797 1374 co-

1010 1398 1098 1434 gitare
1109 1396 1217 1432 quidem
1233 1404 1283 1424 nos
1298 1396 1454 1431 dignamur,
1469 1392 1516 1433 sed
1537 1400 1652 1430 corpore
1674 1391 1798 1420 mortali-

1012 1443 1061 1471 tati
1077 1441 1198 1475 obnoxii,
1214 1446 1242 1469 et
1269 1440 1428 1474 imbecilles,
1445 1444 1533 1467 tamen
1557 1437 1725 1466 immortales
1743 1444 1793 1466 nos

1010 1497 1071 1518 esse
1097 1489 1251 1525 opinamur.
1265 1488 1365 1515 Verum
1391 1487 1425 1515 de
1453 1486 1599 1514 immortali
1616 1486 1706 1514 anima
1729 1485 1797 1513 nihil

1014 1536 1057 1564 hic
1072 1534 1193 1567 solliciti,
1212 1534 1299 1562 anima
1313 1534 1394 1561 etiam
1411 1533 1468 1568 ipsa
1486 1538 1580 1560 carere
1599 1540 1648 1559 nos
1660 1531 1801 1558 existima-

1013 1589 1082 1614 mus,
1113 1582 1139 1608 in
1167 1587 1282 1616 corpore
1310 1586 1377 1609 vero
1404 1583 1521 1613 cuteque
1545 1578 1664 1605 curanda
1688 1584 1798 1612 operam

1012 1634 1120 1655 omnem
1147 1627 1291 1661 oleumque
1315 1625 1518 1658 consumimus;
1539 1631 1620 1658 quam
1650 1623 1730 1659 igitur
1755 1630 1801 1650 ve-

1014 1673 1085 1700 niam
1105 1673 1287 1708 adipiscemur
1302 1676 1400 1704 morte,
1417 1671 1537 1700 animam
1553 1671 1726 1701 damnuntes,
1738 1677 1800 1704 quae

1014 1718 1110 1746 mortis
1127 1722 1217 1746 tamen
1233 1725 1330 1752 expers
1344 1721 1404 1744 est:
1420 1716 1491 1751 quod
1517 1720 1608 1742 autem
1629 1714 1742 1742 mortale
1760 1719 1802 1740 est

1014 1771 1113 1798 corpus
1125 1764 1198 1791 omni
1213 1764 1315 1791 honore
1324 1761 1471 1790 allicientes
1483 1781 1490 1794 ,
1510 1766 1591 1795 atque
1615 1760 1686 1787 illam
1702 1759 1802 1787 lauden-

1015 1814 1065 1842 tes,
1083 1813 1112 1837 ut
1139 1809 1191 1836 hoc
1219 1815 1346 1836 ornemus
1362 1817 1370 1841 ;
1387 1807 1460 1835 fame
1479 1806 1551 1834 illam
1581 1809 1761 1836 macerantes,
1773 1809 1802 1831 ut

1015 1854 1066 1882 hoc
1079 1854 1158 1882 saltui
1171 1853 1328 1887 deliciisque
1343 1851 1493 1886 indulgeat?
1504 1851 1684 1884 Quamobrem
1696 1856 1801 1884 aequum

1014 1907 1081 1928 sane
1094 1904 1136 1928 est
1151 1899 1254 1935 primas
1264 1899 1362 1926 anima:
1375 1902 1465 1933 partes
1491 1897 1567 1930 dare,
1583 1896 1688 1930 corpori
1702 1903 1801 1923 secun-

1014 1946 1062 1973 das
1075 1946 1194 1973 tribuere
1214 1955 1221 1972 :
1241 1952 1293 1973 non
1332 1944 1404 1972 enim
1428 1944 1479 1971 hoc
1501 1943 1549 1978 ipsi
1566 1943 1738 1975 adversatur,
1754 1943 1802 1970 sed

1016 1992 1226 2019 instrumentum
1249 1995 1331 2018 estet
1359 1991 1475 2019 cithara.
1491 1989 1563 2017 Cura
1589 1988 1661 2017 enim
1689 1989 1801 2022 indiget,

1015 2044 1068 2065 non
1096 2037 1184 2064 inutili
1210 2037 1361 2072 diligentia,
1393 2035 1461 2064 cibis
1489 2043 1542 2063 non
1568 2035 1684 2067 deliciis,
1711 2033 1801 2061 edulio

1015 2083 1158 2112 suﬁcienti
1181 2090 1234 2111 non
1261 2084 1413 2115 saturitate,
1444 2090 1478 2110 ne
1507 2081 1718 2109 hostis.anima¢
1745 2080 1801 2112 ﬁat,

1016 2129 1063 2157 sed
1080 2129 1231 2157 subsidium
1247 2129 1338 2164 potius
1351 2128 1447 2156 anima:
1459 2135 1557 2162 corpus
1570 2127 1693 2154 exsistat.

1086 2183 1238 2211 CCCXXX.
1249 2197 1284 2203 —-
1295 2181 1473 2210 MARCIANO
1493 2181 1730 2210 PRESBYTERU.

440 2227 599 2255 lnveleratte
615 2227 747 2262 opiniones
766 2227 901 2255 hominum
916 2229 1046 2264 quomodo
1060 2229 1216 2257 evertendw.
1235 2227 1354 2264 (Confer.
1368 2229 1446 2262 epist.
1463 2227 1539 2262 256.)

211 2277 263 2311 Τὸν
289 2277 419 2312 μέλλοντα
438 2277 606 2305 διασαλεύειν
629 2278 685 2314 (97)
701 2278 748 2306 καὶ
768 2279 962 2314 ἀναμοχλεὺειν

175 2322 253 2355 δόξαν
282 2322 402 2349 παλαιὰν
431 2323 478 2350 καὶ
503 2324 674 2358 πεπηγυῖαν,
704 2324 751 2351 καὶ
778 2324 864 2359 καλὴν
891 2322 962 2352 εἶναι

175 2369 214 2405 τῷ
227 2369 318 2401 κακῶς
339 2368 521 2405 προληφθέντι
539 2369 718 2405 νομιζομένην
730 2391 738 2403 ,
754 2370 848 2406 ἐπειδὴ
869 2371 898 2397 τὸ
921 2379 967 2397 κο-

178 2415 241 2450 μιδῇ
261 2415 425 2450 παράδοξον,
451 2416 502 2442 οὐκ
527 2415 560 2442 ἂν
586 2415 628 2450 εἴη
651 2415 801 2450 προοιμίων
826 2416 888 2442 ἄνευ
908 2416 964 2452 (98)

176 2461 395 2496 εὐπαράδεκτονθ
426 2461 477 2488 οὐκ
499 2461 580 2493 εὐθὺς
605 2461 734 2488 τάναντία
757 2460 869 2496 φράζειν
902 2462 964 2496 χρή.

183 2506 261 2533 Ἐπεὶ
296 2506 498 2541 καταγέλαστος
537 2506 613 2533 ἔσται
654 2506 701 2533 καὶ
731 2506 961 2542 κωμῳδηθήσεται

178 2551 230 2579 ὑπὸ
256 2552 310 2579 τῶν
343 2552 628 2589 προκαταληφθέντων
659 2554 692 2587 τῇ
723 2553 832 2587 ἐναντίᾳ
861 2553 960 2588 ψήφῳ·

178 2598 245 2625 ἀλλὰ
265 2598 397 2634 πρότερον
417 2599 590 2635 ὑπορύξαντα
610 2599 699 2630 καλῶς
723 2599 756 2625 δι’
772 2598 874 2633 ἑτέρων
897 2598 962 2625 πολ-

1050 2279 1101 2314 Qui
1116 2279 1237 2307 inolitam
1247 2283 1274 2306 ct
1290 2287 1338 2306 usu
1362 2278 1550 2306 conﬁrmatam
1568 2277 1732 2312 opinionem,
1744 2285 1804 2312 qua:

1016 2325 1085 2353 male
1111 2325 1263 2353 informatis
1288 2324 1399 2360 pulchra
1423 2324 1557 2356 videatur,
1576 2323 1694 2351 eﬂ'odere
1716 2328 1797 2358 atque

1014 2379 1109 2399 eruere
1137 2371 1262 2404 voluerit,
1290 2378 1350 2398 cum
1374 2378 1429 2397 rem
1454 2369 1532 2398 valde
1562 2369 1674 2397 arduam
1708 2378 1803 2405 aggre-

1015 2417 1115 2449 diatur,
1135 2425 1187 2444 non
1200 2416 1226 2443 id
1242 2415 1425 2450 auspicabitur
1441 2416 1501 2443 sine
1524 2416 1676 2443 animorum
1693 2411 1800 2450 prirpn-

1018 2462 1133 2496 ratione,
1150 2469 1238 2497 neque
1260 2462 1389 2489 continuo
1415 2461 1585 2496 repugnabit.
1602 2460 1742 2488 Ridiculus
1762 2460 1801 2486 si-

1016 2508 1124 2543 quidem
1153 2508 1215 2541 erit,
1247 2507 1514 2543 reprehendeturque
1534 2507 1638 2542 judicio
1663 2505 1801 2533 contraria

1014 2553 1142 2587 opinione
1171 2557 1364 2588 praeceptorum
1391 2561 1397 2579 :
1422 2552 1469 2579 sed
1501 2556 1582 2579 antea
1611 2551 1795 2578 demonstrata

1016 2599 1085 2626 male
1099 2600 1132 2626 ab
1154 2599 1213 2627 aliis
1240 2599 1340 2631 multis,
1356 2603 1420 2626 tunc
1447 2599 1473 2626 in
1504 2597 1668 2626 contrarium
1703 2599 1801 2628 vertet,

705 2673 820 2702 VARM‘I
838 2673 1030 2702 LECTIONES
1048 2673 1092 2701 ET
1111 2674 1227 2704 NUT/E.

208 2751 268 2812 £96)
285 2751 337 2778 Pro
352 2751 470 2789 ἀδόκητοι
485 2751 561 2790 codd.
583 2751 642 2779 Vat.
664 2750 716 2778 650
736 2756 762 2778 et
776 2751 828 2778 All.
845 2754 965 2780 scribunt

177 2787 207 2813 ἀδ
224 2795 302 2813 κιιια.
317 2786 421 2813 Ροειιιι.

213 2793 302 2820 οκιμα.
317 2793 421 2814 rosus.

213 2820 490 2863 (97)‘At'ao’aotet’:s~tr.
510 2821 551 2863 An
578 2829 633 2863 non,
651 2821 702 2856 leg.
729 2821 817 2863 potius
841 2823 965 2863 videatur

176 2855 377 2888 διασκαλεὺειν,
392 2856 431 2883 vel
444 2855 686 2888 Etasxaleuﬁzduv,
704 2855 774 2890 quod
799 2863 838 2884 cst
858 2857 963 2883 surculo

1019 2757 1114 2778 (errant
1131 2753 1254 2786 e/fodere.
1268 2761 1379 2784 versare,
1405 2752 1542 2779 suscitare.
1561 2749 1623 2777 Mox
1641 2751 1721 2776 etiam
1737 2748 1805 2776 ἀτω-

1028 2785 1298 2822 ρύξανταιθεθιιᾴιιιη
1316 2793 1423 2814 censeo.
1441 2785 1559 2822 Scunrr,

1061 2822 1115 2856 (98)
1136 2818 1219 2851 Codd.
1241 2821 1300 2851 Vat.
1322 2821 1373 2849 650
1389 2825 1415 2848 et
1432 2821 1484 2848 Alt.
1502 2821 1629 2847 omittunt
1645 2818 1719 2846 ἄνευ.
1738 2818 1805 2846 Pos-

1021 2864 1072 2883 Ill.
