2049 3162
191 177 260 210 1523

620 178 886 209 EPISTOLARUM
905 178 977 208 LIB.
997 178 1075 208 V.—
1091 177 1208 208 EPIST.
1239 179 1435 211 CCCXXXVI.

1751 177 1818 210 1530

192 236 306 271 μηδενὸς
330 235 380 271 μὲν
397 236 551 272 δεομένους,
574 237 617 264 διὰ
638 237 667 264 δὲ
694 236 912 273 φιλοχρηματίαν
935 236 1002 266 ἀεὶέ

1037 236 1137 271 ιυίάοιη
1160 236 1275 271 indigos.
1294 236 1382 269 Quare
1395 237 1511 264 habendi
1526 237 1674 273 cupiditate
1693 238 1818 272 accipere

192 282 242 316 μὲν
256 281 404 317 λαμϐάνειν
421 282 620 315 σπουδάζοντας
631 304 638 316 ,
662 282 793 319 παρέχειν
815 282 843 309 δὲ
866 283 897 309 οὺ
914 282 978 317 βου-

190 326 330 362 λομένους.
351 327 422 358 Τοὺς
438 327 487 362 μὲν
508 328 562 363 γὰρ
579 329 608 354 ἐν
621 327 700 363 χρείᾳ
714 328 896 363 τυγχάνοντας
906 349 914 361 ,
929 327 978 354 οὐκ

191 373 292 400 ἄτοπον
313 373 393 408 χάριν
410 374 506 406 αἰτεῖν,
523 373 586 405 τούς
605 383 635 400 τε
660 373 791 410 παρέχειν
813 373 979 409 δυναμένους

192 418 289 450 αἰτεῖν,
306 417 490 444 ἀτοπώτατον.
515 418 561 449 Δὶς
577 418 614 453 (5)
642 417 696 454 γὰρ
716 418 903 454 ἁμαρτάνουσι
929 419 980 452 μέ-

192 473 274 498 γιστα
284 484 291 496 ,
308 464 337 491 ἓν
350 463 408 499 μὲν,
424 464 502 491 αὑτοὶ
516 464 560 491 διὰ
571 464 654 491 πόθον
667 464 814 500 ἀκόρεστον
829 463 981 496 αἰτοῦντες·

193 509 285 544 ἕτερον
305 509 354 541 δὲ,
379 509 426 535 καὶ
450 511 506 541 τοῖς
525 509 610 542 ὄντως
630 510 767 545 δεομένοις
789 509 981 542 ἀποκλείοντες

193 555 256 586 τοὺς
277 554 326 589 τῆς
350 554 555 589 φιλανθρωπίας
575 554 701 590 λιμένας*
730 554 905 582 ἀναλίσκουσι
927 554 983 590 γὰρ

193 599 286 631 κακῶς
303 599 337 626 τά
349 598 439 631 καλῶς
453 599 563 635 δοθῆναι
575 599 728 635 ὀφείλοντα.

343 685 469 714 ΤΛΓ’.-
481 687 652 725 massam
671 688 832 724 ΔῙΑΚΟΝῼ.

1031 290 1139 317 semper
1153 283 1315 311 beneﬁcium
1345 289 1481 319 satagunt,
1499 285 1563 312 dare
1591 290 1679 312 :mtem
1713 285 1817 312 nolunt.

1032 327 1082 361 Qui
1111 335 1175 355 vero
1197 329 1286 363 inopia
1314 329 1448 362 laborant,
1463 331 1591 359 beneﬁcia
1611 331 1748 366 postulare
1763 339 1816 358 non

1031 373 1179 400 absurdqu
1196 378 1247 402 est.
1263 375 1355 408 Atqui
1374 375 1438 402 dare
1460 376 1521 404 aliis
1544 382 1656 411 possunt
1681 376 1819 412 postulare

1031 419 1065 446 ab
1081 418 1154 452 aliis,
1171 419 1196 446 id
1211 419 1448 447 absurdissimum.
1466 421 1509 449 Bis
1534 423 1605 450 enim
1630 427 1744 456 peccant
1757 429 1818 457 gra-

1031 465 1156 497 vissime,
1177 464 1260 492 semel
1274 465 1382 499 quidem
1411 467 1549 501 exigentes
1568 468 1729 495 beneﬁcium
1747 469 1819 495 insa-

1035 510 1119 537 tiabili
1134 510 1294 545 cupiditate,
1311 511 1409 538 deinde
1424 513 1486 545 quia
1512 521 1605 540 revera
1634 514 1817 548 indigentibus

1034 555 1212 582 humanitatis
1226 554 1356 582 claudunt
1367 562 1400 582 ac
1415 555 1598 584 beneﬁcentiae
1625 563 1740 592 portum.
1753 558 1821 585 Male

1033 600 1104 628 enim
1135 606 1297 629 consumunt
1326 608 1386 636 qua:
1414 602 1527 630 honeste
1550 603 1615 630 dare
1642 603 1705 630 aliis
1737 612 1820 639 opor-

1035 647 1119 674 tebat.

1132 692 1317 721 CCCXXXlll.
1327 710 1363 714 —
1371 694 1540 722 PALLADIO
1564 693 1721 723 DlACONO.

400 731 435 759 In
450 732 580 767 beneﬁciis
592 726 688 760 dandis
705 733 840 760 laudanda
853 739 890 761 es!
905 734 1026 764 υοίιιηιαι
1037 745 1048 765 :
1059 746 1091 765 ea:
1107 739 1207 771 animo,
1223 747 1275 766 non
1291 747 1324 768 ex
1337 745 1427 767 eventu
1437 741 1623 776 judicandum.

231 785 301 825 Τοὺς
314 784 461 820 εὐεργέτας
472 786 502 813 οὐ
519 787 656 822 μόνον’ἀφ¹
672 785 709 814 ὧν
723 788 905 824 ἠδυνήθησαν,
917 788 985 815 ἀλλὰ

197 831 244 858 καὶ
267 831 314 865 ἀφ’
330 827 368 858 ὧν
384 831 575 868 ἠϐουλήθησαν
600 833 661 868 μὲν,
685 833 735 861 οὐκ
750 834 922 870 ἠδυνήθησαν
935 835 964 861 δὲ
975 854 983 866 ,

1076 792 1110 821 Ut
1125 793 1238 826 beneﬁci
1253 802 1306 822 non
1333 796 1412 823 ntodo
1434 796 1561 824 laudandi
1588 801 1651 824 sttnt
1672 797 1697 824 in
1716 797 1748 824 iis
1761 805 1821 832 quae

1037 846 1090 866 non
1104 843 1248 874 potuerunt
1260 841 1336 874 dare,
1352 843 1398 869 sed
1413 843 1495 869 etiam
1513 843 1539 870 in
1553 843 1587 870 iis
1602 851 1662 878 quae
1676 843 1820 871 voluerunt

195 877 372 924 ξνυμνεῖσθαι
387 878 460 914 χρὴ,
485 880 531 906 καὶ
547 880 646 906 εἰδέναι
667 881 715 915 μὲν
732 881 824 912 αὺτοῖς
840 881 920 916 χάριν
935 881 981 916 ἀφ’
999 888 1002 915 ]

1037 886 1137 920 largiri.
1156 882 1375 922 neepotuernnt,
1394 888 1570 924 habendaque
1583 877 1617 916 iis
1631 889 1718 924 gratia
1742 889 1775 916 de
1788 889 1822 916 iis

195 919 232 949 ὧν
243 923 388 958 ἠθέλησαν,
405 924 434 951 τὺ
455 925 492 960 μὴ
509 925 668 962 δεδυνῆσθαι
680 926 708 953 δὲ
726 927 762 962 μὴ
778 927 927 954 αἰτιᾶσθαι.
951 928 983 954 '0

196 968 250 1004 γάρ
262 968 299 1004 μὴ
312 969 366 996 ἀπὸ
376 971 425 1005 τῆς
435 971 633 1006 προαιρέσεως,
649 972 706 1002 ἀλλ’
715 973 769 1000 ἀπὸ
781 973 830 1008 τῆς
842 974 984 1006 ἐκϐάσεως

195 1015 230 1042 τὰ
254 1014 406 1050 πράγματα.
428 1017 540 1052 κρίνων,
566 1018 728 1051 ἀπαίδευτός
752 1019 832 1052 ἐστι,
859 1020 906 1046 καὶ
929 1021 984 1047 τῶν

196 1061 364 1096 πραγμάτων
378 1062 409 1089 οὗ
423 1063 554 1097 γινώσκει
571 1064 619 1099 τὴν
642 1064 734 1099 φύσιν,
756 1065 806 1100 τὴν
827 1066 858 1092 οὐ
875 1065 985 1099 πάντως

195 1106 228 1139 τῇ
246 1104 370 1142 βουλήσει
386 1106 534 1143 ἑπομένην,
553 1108 612 1135 ἀλλ’
635 1108 692 1135 ἔσθ’
708 1109 752 1135 ὅτε
775 1109 824 1136 καὶ
847 1110 984 1137 ἐναντιου-

198 1160 294 1187 μενην.

261 1205 342 1234 ΤΛΔ’.
359 1221 394 1228 —-
411 1207 666 1237 ΑΓΑΘΟΔΔῙΜΟΝΙ
681 1210 920 1248 ΓΡΑΜΜΑΤΙΚῼ.

1034 940 1094 967 quae
1110 937 1172 960 sunt
1187 934 1275 961 conati
1293 943 1300 961 :
1314 934 1385 969 quod
1401 943 1467 963 vero
1485 943 1539 963 non
1559 935 1696 970 potuerint
1709 935 1820 962 tnininte

1034 979 1160 1014 culpandi
1173 983 1245 1006 sunt.
1267 979 1313 1007 Est
1328 981 1401 1008 enim
1425 981 1543 1008 hominis
1557 981 1674 1016 imperiti
1689 981 1722 1008 ab
1736 988 1820 1008 even-

1035 1027 1075 1057 tu,
1091 1031 1145 1051 non
1174 1031 1189 1051 a
1213 1025 1328 1052 consilio
1361 1033 1404 1053 res
1423 1026 1557 1060 judicare,
1582 1034 1613 1054 ac
1637 1034 1671 1054 ne
1696 1032 1821 1054 naturam

1033 1069 1141 1104 quidem
1155 1070 1325 1104 negotiorum
1341 1071 1428 1104 novit,
1445 1079 1505 1106 qua:
1515 1072 1549 1099 ad
1574 1071 1739 1099 voluntatem
1770 1079 1822 1098 non

1035 1115 1146 1143 omnino
1161 1115 1266 1144 lluunt:
1282 1117 1335 1144 imo
1349 1124 1420 1152 saepe
1433 1123 1529 1145 contra
1547 1118 1658 1146 eadunt.

1038 1215 1224 1245 CCCXXXIV.
1234 1232 1269 1237 -—
1276 1215 1477 1245 AGATllOD/E
1483 1215 1564 1244 MONl
1580 1215 1824 1244 GRAMMATICO.

372 1252 462 1282 Turda
474 1255 554 1283 etiam
568 1256 673 1292 ingenia
685 1257 809 1286 discendo
824 1266 973 1293 processum
990 1261 1102 1296 faciunt.
1119 1262 1180 1290 Non
1201 1271 1233 1290 ea:
1244 1264 1335 1298 quovis
1348 1264 1417 1298 ligna
1430 1264 1460 1298 ﬁt
1481 1263 1640 1291 Hercuriua.

237 1307 269 1334 Ἦ
290 1307 430 1340 παίδευσις
452 1309 498 1336 τὸν
513 1309 562 1345 μὲν
582 1310 656 1344 ὀξὺν,
676 1311 760 1347 ἄκρον
777 1314 871 1340 ’ποιεῖ’
887 1314 932 1341 τὸν
953 1315 982 1342 δὲ

199 1351 300 1387 βραδὺν
325 1353 454 1388 ἀμείνονά
477 1363 535 1386 πως
559 1355 657 1382 ἑαυτοῦ
682 1357 854 1392 καθίστησιν.
880 1359 985 1394 ’Ὠσπερ

198 1395 294 1434 γὰρόὺ
315 1399 415 1431 πάντες
429 1400 454 1426 οι
469 1400 498 1427 ὲν
513 1401 706 1436 παιδοτριϐίοις
722 1401 760 1438 (4)
783 1404 986 1439 γυμνασθέντες

197 1444 314 1480 ἀθληταὶ
340 1445 550 1479 ἀποτελοῦνται,
577 1447 663 1479 οὕτως
686 1448 746 1475 οὐδὲ
777 1449 878 1482 πάντες
902 1451 926 1477 οἱ
957 1452 986 1477 ἐν

200 1490 335 1525 μουσεὶοις
358 1492 536 1528 φοιτήσαντες
558 1494 687 1529 ῥήτορες·
710 1495 771 1526 ταῖς
786 1494 840 1531 γὰρ
861 1496 985 1530 εὐφυΐαις

1070 1316 1185 1345 Acutum
1198 1318 1306 1353 quidem
1326 1318 1462 1354 ingenium
1488 1319 1621 1346 institutio
1637 1326 1669 1346 ac
1684 1317 1825 1353 disciplina

1035 1364 1171 1398 provehit,
1186 1365 1294 1392 tardum
1321 1373 1384 1392 vero
1397 1366 1487 1401 seipso
1501 1367 1586 1394 reddit
1605 1366 1755 1393 meliorem.
1773 1364 1824 1392 Ut-

1036 1417 1089 1444 qtte
1104 1417 1156 1436 non
1171 1417 1266 1438 omnes
1278 1411 1322 1445 qui
1337 1411 1362 1438 in
1383 1411 1531 1446 gymnasiis
1545 1415 1718 1441 exercentur,
1733 1410 1823 1437 athle-

1038 1458 1072 1480 tre
1088 1453 1205 1481 absoluti
1220 1453 1306 1488 fiunt;
1330 1455 1367 1482 ita
1386 1463 1435 1482 nec
1452 1463 1547 1483 omnes
1574 1455 1680 1482 scholas
1696 1454 1826 1489 frequen-

1038 1502 1126 1526 tantes
1140 1504 1264 1527 oratores
1274 1500 1404 1527 evadunt.
1418 1500 1532 1534 Optima:
1543 1505 1645 1527 naturae
1655 1505 1687 1526 ac
1703 1499 1826 1526 facultati

199 1537 246 1562 καὶ
257 1538 317 1569 ταῖς
329 1537 474 1574 δυνάμεσιν
489 1540 517 1565 αἰ
531 1539 641 1574 μελέται
656 1540 870 1576 προσομιλοῦσαι
886 1542 987 1577 ἄκρους

1037 1543 1131 1578 juncta
1159 1544 1249 1572 studia
1274 1552 1395 1573 summes
1421 1545 1573 1578 perficiunt.
1591 1545 1619 1572 Si
1649 1553 1713 1572 vero
1742 1551 1829 1579 neque

199 1584 386 1612 ἀποτελοῦσιν.
404 1585 434 1611 Εἰ
446 1585 474 1612 δὲ
490 1586 558 1620 μήτε
572 1585 667 1622 ἀλκὴν,
687 1587 756 1622 μήτε
771 1586 886 1620 εὐφυΐαν
900 1587 987 1623 εὕρω-

199 1638 251 1662 σιν,
269 1630 383 1658 ἀσκοῦσι
396 1631 446 1666 μὲν
457 1631 511 1658 τῶν
526 1631 575 1666 μὲν
589 1632 638 1663 τὰς
653 1632 742 1667 ψυχὰς
754 1653 761 1665 ,
775 1632 829 1658 τῶν
840 1633 869 1659 δὲ
884 1633 917 1660 τά
934 1633 987 1660 σώ-

201 1686 283 1711 ματα,
299 1678 330 1704 οὐ
349 1679 402 1714 μὴν
421 1678 559 1713 ἀοιδίμους
572 1679 672 1710 αὐτοὺς
689 1679 914 1714 δημιουργοῦσιν.

349 1725 434 1752 TAE'.
451 1739 487 1744 —
506 1725 636 1760 ΙΣῙΔΩΡῼ
653 1725 835 1761 summat).

1040 1590 1133 1622 robttr,
1149 1597 1238 1625 neque
1253 1596 1357 1618 naturae
1384 1591 1560 1626 aptitudinem
1588 1592 1738 1622 inveniant,
1749 1597 1828 1618 exer~

1038 1640 1100 1662 cent
1128 1637 1237 1671 quidem
1268 1637 1374 1664 animos
1414 1638 1610 1671 quorumdam,
1639 1636 1752 1663 aliorum
1780 1643 1826 1663 ve-

1039 1689 1069 1709 ro
1084 1688 1192 1717 corpus,
1208 1682 1329 1709 celebres
1347 1687 1435 1708 tamen
1453 1683 1526 1716 ipsos
1539 1689 1589 1708 non
1606 1681 1729 1717 ηοιΙιΙιιηι.

1144 1726 1256 1754 CCCXX
1264 1726 1318 1754 XV.
1331 1742 1365 1747 —-
1376 1726 1513 1754 lSlDOItO
1543 1725 1719 1753 El'lSCOl‘O.

325 1781 334 1798 ι
355 1771 446 1799 Εδιοιε
460 1773 580 1807 perfecti,
596 1772 666 1799 sicut
690 1772 774 1800 Pater
794 1778 876 1800 vester
898 1773 1020 1800 (celestis.
1037 1782 1047 1799 I
1067 1773 1173 1808 (Matth.
1186 1782 1213 1806 ν,
1228 1774 1285 1808 48.)
1308 1773 1472 1800 Imitatiom's
1488 1774 1568 1804 ratio,
1583 1773 1705 1806 inferior.

241 1819 349 1854 Ἐπειδὴ
362 1819 475 1851 εἰκότως
487 1820 606 1859 νομίζων
618 1820 667 1856 τήν
685 1820 759 1847 θείαν
773 1821 874 1856 ἀρετὴν
892 1821 988 1856 ἀνέφι-

200 1873 263 1892 κτον
285 1865 333 1892 καὶ
363 1866 511 1902 ἀμίμητον,
537 1867 679 1902 γέγραφας
705 1867 864 1902 θαυμάζων,
892 1867 949 1899 πῶς
975 1868 989 1894 ὁ

201 1911 295 1947 Σωτὴρ
316 1912 422 1938 καὶτὸν
444 1912 552 1948 Πατέρα
570 1913 617 1939 καὶ
638 1913 732 1940 ἑαυτὸν
749 1914 891 1949 μιμεῖσθαι
914 1915 989 1949 ἡμᾶς

201 1957 428 1992 παρακελεύεται,
444 1958 529 1992 Φημὶ,
542 1959 583 1985 ὄτι
598 1959 710 1991 εἰκότως
723 1959 758 1986 τὰ
770 1960 921 1995 πράγματα
935 1960 988 1986 ἀπὸ

200 2003 254 2030 τῶν
271 2003 401 2038 μειζόνων
421 2004 556 2040 λαμϐάνει
578 2005 614 2032 τά
628 2005 836 2040 παραδείγματα
847 2026 854 2039 ,
878 2006 921 2033 ἵνα
938 2005 988 2034 κᾶν

201 2049 247 2076 τοῦ
262 2049 400 2082 ἐλάττονος
417 2050 590 2086 ἑφικοίμεθα,
610 2052 641 2078 Εἰ
664 2052 718 2087 γὰρ
742 2051 788 2078 καὶ
812 2052 949 2087 ἀμίμητος
971 2052 988 2086 ἡ

201 2095 354 2131 Δεσποτικὴ
380 2096 465 2132 ἀρετὴ
479 2117 486 2129 ,
509 2097 568 2124 ἀλλ’
587 2095 634 2124 οὖν
655 2106 687 2132 γε
706 2098 770 2125 ὅταν
786 2098 857 2124 κατά
876 2098 989 2133 δύναμιν

204 2139 343 2174 μιμεῖσθαι
363 2141 449 2175 αὐτὴν
475 2141 680 2178 σπουδάζωμεν,
701 2143 750 2177 τῆς
771 2144 915 2178 μιμήσεως
938 2139 999 2169 οὐχ’

1077 1820 1144 1848 Cum
1162 1821 1444 1855 incmnpreltensibilis
1457 1821 1493 1847 sit
1522 1821 1599 1853 Dens,
1613 1826 1692 1855 atque
1706 1820 1827 1847 inimita—

1042 1866 1114 1898 bilis,
1134 1867 1260 1894 admirari
1283 1871 1309 1894 te
1331 1867 1441 1898 scribis,
1454 1874 1503 1893 cur
1531 1866 1656 1893 Salvator
1677 1870 1704 1893 et
1720 1866 1826 1892 Patrem

1042 1913 1191 1944 caelestem,
1209 1917 1237 1939 et
1255 1915 1314 1940 sese
1330 1913 1363 1939 ad
1379 1912 1730 1947 imitandumproposuerit.
1746 1910 1826 1945 Equi-

1042 1958 1102 1985 dem
1138 1959 1288 1993 respondeo
1318 1966 1360 1986 res
1401 1959 1463 1993 jure
1499 1958 1601 1992 optimo
1628 1965 1643 1984 ο
1680 1956 1828 1990 majoribus

1041 2002 1163 2038 exempla
1184 2011 1292 2039 capere,
1320 2008 1349 2031 ut
1375 2003 1470 2030 saltent
1499 2003 1587 2029 minus
1620 2007 1826 2035 consequamur.

1041 2049 1171 2082 Quamvis
1196 2049 1269 2076 enim
1296 2048 1465 2076 iuimitabilis
1492 2048 1538 2075 Dei
1570 2047 1656 2074 virtus
1685 2050 1736 2078 est,
1754 2045 1827 2072 illam

1042 2100 1189 2130 tamenpro
1219 2095 1290 2123 virili
1321 2095 1425 2122 imitari
1459 2099 1599 2126 conantes,
1615 2094 1649 2120 ab
1678 2092 1828 2119 imitatione

1040 2149 1094 2168 non
1109 2141 1293 2168 discedemus.
1312 2140 1348 2168 Ut
1374 2139 1419 2175 qui
1448 2139 1569 2166 scribere
1592 2145 1690 2172 pueros
1717 2137 1827 2168 docent,

203 2185 470 2223 ἁπολειςραησόμεθα.
511 2177 625 2224 Ὥσπερ
641 2188 695 2225 γὰρ
728 2189 752 2216 οἰ
772 2177 989 2225 γραμματισταί

1043 2191 1151 2221 arrepto
1166 2187 1236 2222 stylo
1249 2187 1342 2221 pueris
1354 2194 1437 2221 quam
1461 2184 1682 2220 elegantissimos
1705 2183 1828 2230 νείκεσι-ῆι

203 2229 386 2266 λαμϐάνοντες
402 2232 452 2268 τὴν
471 2233 591 2269 γραφίδα
602 2254 610 2266 ,
625 2235 680 2265 τοῖς
695 2235 774 2261 παισὶ
799 2234 869 2270 μετὰ
890 2234 988 2262 πολλοῦ

1042 2232 1109 2259 bunt
1128 2233 1312 2262 characteres,
1328 2231 1379 2257 etsi
1394 2229 1539 2257 inferiores
1557 2228 1612 2254 sint
1637 2227 1663 2253 in
1679 2227 1829 2252 imitatione

203 2276 248 2303 τοῦ
264 2277 379 2309 κάλλους
388 2278 423 2305 τά
439 2281 558 2314 στοιχεῖα
572 2280 734 2316 γράφουσιν,
751 2269 864 2308 ἴνανκᾶν
879 2281 948 2315 πρὸς
959 2280 989 2307 τὸ

1042 2277 1126 2305 futuri
1143 2286 1150 2305 :
1169 2278 1205 2304 ita
1218 2281 1245 2305 et
1257 2277 1347 2304 divina
1363 2275 1448 2310 gratia
1474 2273 1585 2301 virtutis
1614 2271 1691 2299 nobis
1706 2269 1828 2316 exempla

204 2323 415 2359 καταδεέστερον
436 2324 533 2352 ἔλθωσι
551 2326 602 2360 τῆς
626 2327 784 2361 μιμήσεως,
807 2325 878 2353 οὕτω
901 2326 949 2353 καὶ
972 2328 987 2362 ὴ

205 2368 262 2395 θεία
280 2369 359 2405 χάρις
375 2370 639 2407 ὑποδείγματαήμζν
656 2373 756 2407 ἀρετῆς
772 2371 938 2408 προΰθηκεν,
954 2372 988 2399 ἵν’

205 2413 242 2445 ὡς
261 2414 369 2448 ἐφικτὸν
385 2416 579 2452 μιμησώμεθα.
604 2417 650 2453 Μὴ
673 2418 763 2444 τοίνυν
785 2418 816 2444 τὺ
839 2418 876 2453 μὴ
899 2419 992 2453 ἄκρως

205 2458 333 2487 δύνασθαι
356 2461 514 2496 μιμεῖσθαι,
537 2462 584 2489 τοῦ
606 2463 781 2498 ἐνδεχομένου
802 2452 877 2498 ἡμᾶς
891 2452 990 2490 ἀποσο-

206 2503 288 2531 ϐείτω
298 2526 306 2538 ,
322 2506 389 2533 ἀλλὰ
399 2506 478 2533 τοῦτο
499 2508 617 2543 μάλιστα
633 2508 703 2544 μέγα
715 2509 780 2544 ἡμῖν
799 2509 944 2543 φαινέσθω,
962 2509 992 2535 τὺ

206 2549 338 2583 ἠξιῶσθαι
355 2552 476 2587 μερικῶς
496 2553 639 2588 μιμήσεως
653 2553 727 2584 θείας
739 2554 842 2586 εἰκόνος
855 2554 931 2585 ὲντδς
945 2561 993 2588 γε·

207 2593 309 2622 νισθαι.

430 2643 521 2676 TAG’.
537 2658 572 2664 —
594 2643 771 2679 ΓΕΝΝᾹΔΙῼ.

1043 2323 1193 2360 proposuit,
1207 2328 1236 2351 ut
1265 2329 1393 2357 tauquam
1422 2322 1493 2356 quod
1522 2323 1604 2356 queat
1636 2315 1827 2352 comprehendi

1041 2371 1190 2398 imitentur.
1213 2369 1293 2404 εει
1317 2368 1355 2396 Ne
1376 2368 1460 2403 igitur
1486 2367 1556 2403 quod
1581 2371 1687 2393 summa
1716 2368 1845 2396 quasque-

1043 2416 1145 2444 imitari
1160 2424 1213 2443 non
1227 2416 1374 2450 possimus,
1391 2415 1417 2442 id
1436 2421 1484 2442 nos
1504 2415 1655 2440 absterreat
1667 2410 1700 2436 ab
1716 2409 1830 2440 iis,qute

1044 2463 1172 2497 consequi
1186 2463 1315 2495 valemus,
1333 2461 1387 2488 imo
1403 2467 1528 2493 magnum
1550 2458 1615 2486 illud
1641 2455 1720 2483 nobis
1736 2453 1829 2480 videa-

1040 2514 1095 2542 tur,
1109 2510 1182 2544 quod
1196 2509 1270 2544 digni
1286 2509 1372 2536 simus
1386 2507 1480 2540 habiti,
1495 2506 1536 2533 vel
1548 2513 1579 2533 ex
1609 2508 1685 2539 parte
1710 2500 1828 2528 di\inam

1041 2555 1142 2583 imitari
1156 2556 1311 2591 imaginem.

1218 2645 1403 2674 CCCXXX“.
1418 2659 1452 2665 —
1468 2640 1653 2671 GENNADlO.

503 2689 542 2716 De
554 2690 646 2725 gloria
664 2691 817 2724 cupiditate,
832 2690 869 2718 vel
886 2695 1045 2726 contemptu.
1064 2692 1286 2729 Vulgijudicium
1301 2692 1529 2720 contemnendum.

243 2736 274 2764 Εἰ
293 2737 339 2765 καὶ
353 2736 504 2773 παράδοξόν
519 2746 560 2765 σοι
572 2736 640 2766 εἶναι
658 2739 728 2772 δόξει
741 2738 771 2765 τὸ
782 2739 990 2775 λεχθησόμενον,

1082 2741 1136 2769 Etsi
1157 2741 1229 2776 qttod
1252 2742 1339 2769 dicam
1364 2740 1518 2776 paradoaou
1535 2737 1582 2764 tibi
1605 2735 1691 2762 visum
1708 2733 1740 2760 iri
1763 2730 1830 2760 satis

754 2793 872 2821 VARIE
891 2793 1082 2822 LECTIONES
1102 2794 1146 2822 ET
1165 2795 1281 2824 ΝΟΤᾹἸ.

245 2848 283 2882 (3)
299 2848 381 2876 Iidem
397 2849 436 2880 δίς
455 2853 559 2876 mutant
576 2850 600 2875 in
619 2849 674 2877 δύο.
689 2850 793 2876 Possm.

245 2884 352 2918 (4)1’I‘o
366 2884 566 2919 ﬁtnﬁotptﬁim;
597 2885 676 2912 iidem
703 2884 824 2912 scribunt
854 2884 1038 2920 παιδοτρίϐου.
1055 2884 1093 2910 ἰν.
