2049 3162
182 179 247 212 1541

618 181 886 212 EPISTOLARUM
905 181 978 211 LIB.
1000 182 1204 212 V.—EPIST.
1227 180 1370 212 CCCLIX.

1745 177 1814 210 ibi?

183 235 385 273 μακροθυμίαν,
414 237 464 274 τὴν
492 237 590 272 μικρὸν
609 237 733 273 ὕστερον,
753 239 776 264 εἰ
805 237 843 274 μὴ
871 245 971 272 γνωσι-

1032 237 1080 264 .ius
1104 238 1274 265 tolerantiam
1300 238 1483 270 admiremini,
1505 245 1563 271 qua:
1578 239 1638 272 post
1659 235 1739 271 paulo
1760 235 1812 263 nisi

182 283 334 318 μαχήσειε,
360 283 490 314 τοιαύτας
520 283 601 310 αὐτὴν
632 283 851 320 είσπραξομένην
879 284 967 316 δίκας,

180 328 219 359 ὡς
235 328 298 360 τοὺς
331 328 380 356 νῦν
406 328 609 362 καταϐοῶντας,
636 329 685 365 τὴν
713 329 862 357 ἀδέκαστον
886 329 970 365 αὐτῆς

180 374 350 411 ἀνακηρύξαι
361 375 461 410 ψῆφον.

381 424 467 460 TNZ'.
478 449 512 454 _
529 428 606 460 T012
622 430 759 460 Al‘TOlE.

1023 283 1067 310 ille
1081 283 1225 317 rcsiptterit
1251 289 1340 311 tantas
1365 284 1438 311 brevi
1459 290 1553 318 poenas
1585 282 1686 317 exiget,
1713 285 1743 308 ut
1767 281 1811 315 qui

1025 334 1096 355 nun‘c
1129 328 1291 362 acclamant,
1319 329 1505 364 incorruptum
1536 329 1595 364 ejus
1609 329 1663 356 sint
1681 326 1811 362 judicium

1024 372 1206 407 prtedicaturi.

1252 431 1394 459 CCCLVII.
1408 447 1443 451 —
1456 431 1584 460 llSDEM.

728 488 789 516 Non
802 492 840 516 ut
859 488 927 515 idem
940 487 1045 523 jubere,
1067 494 1090 516 et
1110 489 1270 524 permittere.

216 545 274 572 Οὐκ
287 545 346 572 ἔστι
360 547 458 574 ταυτὸν
472 547 619 581 κελεύειν,
635 547 682 574 καὶ
693 546 736 582 μὴ
756 547 899 574 κωλύειν’
911 546 971 573 οὐδὲ

183 591 358 626 χειροτονεῖν,
377 591 424 618 καὶ
444 592 606 627 συγχωρεῖν.
632 591 669 618 Τὸ
693 591 741 626 μὲν
755 591 809 625 γὰρ
835 590 873 622 ὡς
899 590 970 622 δέον,

183 636 306 670 γίνεσθαι
332 637 548 672 προστάττεται·
566 637 596 664 τὸ
608 637 636 664 δὲ
648 638 692 664 διὰ
707 637 756 673 τὴν
772 637 819 664 τοῦ
839 636 970 669 αὐτεξου-

183 682 241 710 σίου
257 682 427 719 προαίρεσιν,
473 683 504 710 τὸ
519 683 687 719 ἀνθρώπινον
699 682 868 719 κεκόσμηται
881 683 970 718 γένος,

184 731 376 766 συγχωρεϊται.
397 729 443 764 Μὴ
464 730 554 757 τοίνυν
582 731 636 757 τῶν
652 729 840 766 ἀγοραζὸντων
864 729 914 765 τὴν
933 730 972 756 ἱε-

186 775 310 811 ρωσύνην
337 775 479 810 ἀφέμενοι,
497 775 543 802 τὸν
566 775 761 811 συγχωροῦντα
788 775 921 802 αἱτιᾶσθε.
941 775 973 802 El

187 820 236 855 μὲν
252 820 306 856 γὰρ
322 820 466 852 ἀνεύθυνος
485 818 519 856 ἦν
541 821 558 856 ἡ
573 821 654 857 ἀρχὴ,
675 820 788 851 εἰκότως
815 819 973 855 ἐδυσχεραί-

185 873 254 892 νετε.
270 865 302 892 El
313 865 341 892 δὲ
356 865 492 901 τοσαύτην
501 867 658 893 ἀπαιτεῖται
671 866 721 901 τὴν
745 865 823 900 δίκην
839 865 854 891 ὸ
870 865 973 900 ταύτην

1060 544 1190 573 ὓὶαἱτιιιιῑ
1208 551 1273 573 sane
1284 545 1378 580 jubere
1390 549 1417 572 et
1427 545 1585 580 permittere,
1601 550 1629 573 ut
1642 549 1670 574 et
1686 546 1815 574 ordinare

1026 598 1105 618 manu
1132 591 1270 626 imposita,
1292 595 1319 619 et
1340 591 1466 618 toterare.
1497 589 1562 618 Illud
1585 591 1656 618 enim
1680 596 1721 619 est
1744 592 1815 626 quod

1023 641 1129 669 oportet
1145 637 1214 670 lteri,
1229 637 1336 672 jubere;
1348 637 1399 664 hoc
1414 639 1478 664 vero
1489 641 1599 671 propter
1615 637 1720 663 arbitrii
1735 637 1815 664 Iiber-

1026 686 1118 716 tatem,
1135 688 1187 717 qua
1202 683 1330 718 praeditus
1354 682 1435 710 homo
1460 687 1511 715 eSI,
1538 682 1703 716 permittere.
1728 674 1816 710 Nolite

1027 728 1111 763 igitur
1130 736 1188 761 cos,
1201 730 1245 763 qui
1271 729 1421 756 sacerdotia
1445 733 1602 756 mercantur
1623 728 1775 760 absolvere,
1790 733 1817 755 et

1027 780 1088 800 eum
1104 774 1149 808 qui
1163 775 1271 801 eosdem
1301 774 1408 805 tolerat.
1429 769 1570 802 accusare.
1586 773 1725 809 Siquidem
1743 774 1816 800 enim

1027 819 1170 847 reddendis
1184 819 1334 848 rationibus
1351 820 1483 848 obnoxius
1507 828 1558 847 non
1584 824 1657 847 esset
1672 820 1816 854 magistra-

1027 869 1081 898 tus,
1097 866 1194 892 merito
1215 865 1400 902 indignemini.
1418 865 1446 894 Si
1466 874 1530 894 vero
1547 871 1680 894 tantarum
1700 865 1818 901 postule-

185 911 295 944 διέπων,
315 912 377 938 ὅσον
405 912 453 939 καὶ
478 913 528 948 τὴν
542 911 626 948 τιμὴν
646 911 720 947 ἔσχε,
743 911 973 947 καταθρηνεῖσοαι

1032 921 1068 940 ιιι·
1080 920 1220 947 ρωποι-ιιιιι
1237 913 1291 945 ille,
1308 912 1353 947 qui
1374 920 1420 940 eas
1440 913 1591 948 dispensat,
1614 917 1744 948 quantum
1768 912 1816 939 ha-

185 956 219 984 ἂν
234 957 276 992 εἴη
290 957 404 990 δίκαιος,
428 958 469 985 ὃτι
485 959 520 994 τῇ
542 958 602 994 θείᾳ
621 957 799 994 μακροθυμίᾳ
819 958 858 990 είς
874 957 973 989 κακίας

186 1003 290 1037 ἑφόδιον
305 1004 490 1039 ὲπεχρήσατο.

307 1059 397 1085 ΤΝΗ¹.
409 1074 445 1079 ——-
465 1060 590 1095 ΖΟΣΙΜῼ
609 1060 848 1095 ΠΡΕΣΒΥΤΕΡῼ.

1027 959 1086 986 bttit
1105 958 1248 991 honorem,
1263 959 1354 993 potius
1369 958 1562 993 deplorandus,
1574 958 1644 994 quod
1667 959 1757 986 divina
1773 959 1820 986 bo-

1028 1005 1112 1032 nitate
1124 1005 1157 1032 ad
1171 1004 1270 1032 malum
1287 1005 1322 1032 sit
1333 1006 1445 1032 abusus.

1114 1059 1270 1088 CCCLVlll.
1289 1075 1325 1080 —
1340 1059 1466 1088 ZOSlllO
1484 1059 1729 1087 PRESBYTERO.

267 1115 401 1142 Bonorum
415 1116 530 1143 virorum
549 1117 694 1143 acerbiores
710 1115 921 1149 reprehensiones
938 1124 989 1144 non
1011 1116 1100 1152 inique
1117 1117 1250 1151 ferendas.
1265 1115 1384 1151 (Confer.
1401 1115 1479 1148 epist.
1497 1115 1564 1146 578,
1581 1115 1644 1147 448,
1661 1114 1737 1147 466.)

206 1171 253 1206 ,Εί
281 1171 328 1198 καὶ
348 1171 420 1207 πέρα
432 1171 488 1206 (ll)
517 1171 565 1198 τοῦ
588 1171 694 1203 δέοντος
714 1171 811 1208 πρώην
832 1171 911 1207 ὤφθη
934 1181 975 1199 σοι

187 1217 314 1253 φορτικὸς
330 1218 378 1244 καὶ
404 1217 527 1253 ἐπαχθὴς
541 1219 555 1244 ὸ
573 1218 674 1250 παντὸς
699 1219 810 1245 ἐπαίνου
826 1219 973 1254 κρείττων,

1060 1173 1099 1200 Ne
1119 1173 1269 1208 indigneris
1286 1173 1337 1200 etsi
1354 1172 1454 1208 praste‘r
1469 1171 1516 1206 fus
1535 1173 1571 1200 ac
1590 1171 1717 1199 decorum
1734 1179 1820 1206 nuper

1027 1220 1076 1247 tibi
1095 1219 1169 1246 visus
1189 1219 1280 1254 gravis
1307 1223 1350 1246 est
1371 1222 1453 1253 atque
1477 1218 1619 1251 onerosus,
1636 1218 1709 1245 omni
1735 1218 1822 1252 major

193 1264 359 1299 Ἑρμογένης
371 1265 385 1291 6
398 1264 559 1296 ἐπίσκοπος,
575 1265 792 1300 πληκτικωτέριει
805 1265 977 1301 χρησάμενος

1032 1266 1107 1294 laude
1127 1265 1311 1299 Hermogenes
1336 1259 1587 1300 cpiscopus,
1613 1264 1730 1292 mordaci
1758 1272 1821 1291 usus

187 1308 268 1344 λόγῳ,
284 1309 331 1335 καὶ
347 1309 454 1345 μακρὰν
466 1310 537 1336 κατὰ
550 1311 600 1345 τῆς
616 1310 665 1345 σῆς
683 1310 819 1346 ῥᾳθυμίας
834 1310 979 1342 ἀποτείνας

1032 1312 1166 1342 oratione,
1184 1311 1345 1344 longamque
1368 1310 1480 1344 ignaviae
1497 1314 1550 1336 tute
1563 1307 1693 1336 aditibcus
1709 1317 1822 1336 accusa-

187 1356 236 1390 τὴν
250 1355 427 1391 κατηγορίαν,
456 1355 494 1391 μὴ
520 1355 698 1392 δυσχεράνῃς.
728 1357 759 1382 Et
781 1357 830 1392 μὲν
845 1357 898 1392 γὰρ
914 1356 978 1382 αὐτὸ

1032 1357 1142 1384 tionem.
1160 1357 1187 1384 Si
1205 1358 1275 1384 enim
1291 1356 1341 1383 hoc
1360 1356 1448 1390 ipsum
1474 1355 1582 1383 fecisset
1594 1361 1621 1382 ut
1635 1359 1661 1382 tc
1673 1355 1821 1383 contrista-

189 1400 280 1434 τοῦτο,
296 1400 416 1436 λυπῆσαί
441 1408 470 1426 σε
492 1400 673 1436 προελόμενος
688 1401 778 1436 μόνον,
792 1402 824 1428 τὰ
841 1401 875 1428 σὰ
891 1410 979 1436 γεγω-

1032 1408 1071 1430 ret
1088 1403 1184 1435 solum,
1201 1407 1226 1429 ct
1252 1407 1295 1428 tua
1317 1401 1402 1435 magis
1427 1401 1615 1435 proscindcrct
1631 1400 1706 1433 vitia,
1725 1401 1822 1427 merito

189 1446 298 1481 νότερον
318 1445 522 1481 ὲξετραγῴδησε
541 1447 624 1477 κακὰ,
642 1447 756 1479 εἰκότως
781 1447 978 1482 ἐδυσχέραινες,

1032 1449 1223 1483 indignareris.
1243 1447 1270 1474 Si
1286 1446 1351 1474 vero
1364 1448 1396 1474 ad
1413 1451 1486 1474 tuam
1503 1447 1588 1474 solum
1608 1451 1734 1482 spectans
1750 1447 1823 1472 utili-

191 1491 221 1518 Εὶ
243 1491 270 1517 δὲ
285 1492 351 1527 πρὸς
374 1491 404 1518 τὸ
418 1491 557 1528 συμφέρον
585 1500 626 1518 σοι
647 1492 726 1527 μόνον
753 1492 870 1527 βλέπων,
886 1492 936 1528 τὴν
951 1493 979 1518 ὲν

1032 1499 1115 1522 tatem
1133 1494 1223 1521 verbis
1241 1494 1276 1520 sit
1301 1500 1366 1520 usus
1384 1492 1569 1528 asperioribus
1583 1498 1609 1519 et
1623 1492 1738 1527 gratiam
1753 1500 1822 1526 pne-

189 1539 244 1569 τοῖς
258 1537 348 1571 λόγοις
362 1538 450 1573 ἄωρον
467 1538 515 1564 καὶ
530 1538 666 1573 ἐπιϐλαϐἦ
681 1539 762 1574 χάριν
776 1539 915 1573 παρεῖδεν,
936 1538 979 1566 ἵνα

1032 1541 1128 1569 stando
1145 1545 1170 1567 te
1182 1539 1294 1572 laeserit,
1310 1546 1364 1574 quo
1379 1546 1422 1566 res
1435 1543 1494 1565 luas
1513 1538 1672 1573 corrigeret,
1690 1538 1823 1572 siquidem

190 1582 225 1610 τὰ
237 1583 389 1618 πράγματα
416 1583 586 1619 διορθώσεως
606 1584 685 1619 τύχῃ.
707 1585 732 1611 εί
761 1585 807 1611 καὶ
827 1583 864 1620 μὴ
885 1584 979 1611 ἀποδέ-

1034 1586 1249 1615 benevolentiam
1274 1584 1333 1617 eius
1352 1585 1496 1612 admittere
1512 1584 1590 1616 nolis,
1612 1585 1659 1612 sed
1684 1583 1826 1619 ignoscere

191 1629 288 1661 ξασθαι
299 1629 388 1663 βούλει
405 1629 453 1663 τ’ἧς
482 1629 588 1660 εὐνοίας
617 1629 708 1661 αὑτὸν,
735 1629 802 1656 ἀλλὰ
826 1630 979 1664 συγγνῶναι

1034 1640 1059 1662 te
1072 1635 1132 1669 ejus
1151 1633 1235 1661 amori
1251 1640 1356 1667 aequum
1378 1636 1431 1660 est.
1452 1631 1556 1659 Etenim
1575 1631 1654 1658 valde
1670 1637 1775 1660 vereor.
1793 1637 1826 1656 ne

190 1677 240 1710 τῆς
257 1675 393 1710 τοσαύτης
409 1675 602 1710 φιλοστοργίας
615 1675 716 1706 δίκαιος
729 1675 762 1701 ἃν
775 1675 842 1709 εἴης.
858 1676 913 1701 Καὶ
926 1675 979 1710 γὰρ

1034 1681 1125 1708 divina
1154 1679 1336 1714 providentia.
1371 1682 1481 1713 propter
1498 1677 1592 1712 ignave
1608 1681 1689 1711 atque
1705 1676 1826 1710 improbe

191 1720 295 1756 σφόδρα
305 1720 433 1753 δέδοικεν,
451 1720 488 1756 μὴ
511 1719 588 1755 παρὰ
606 1719 662 1755 (ιῖ)
683 1719 733 1754 τῆς
749 1719 824 1751 θείας
839 1719 978 1754 προνοίας,

1034 1727 1184 1753 traductam
1203 1725 1285 1752 vitam
1309 1730 1404 1758 poenas
1419 1725 1476 1754 des,
1495 1728 1523 1749 ut
1546 1730 1580 1750 ne
1600 1729 1691 1748 vocem
1717 1721 1825 1755 quidem

191 1766 262 1792 οὕτω
273 1766 317 1792 διὰ
338 1765 387 1802 τὴν
401 1766 450 1801 σὴν
473 1765 611 1801 ρᾳθυμίαν
639 1766 685 1792 καὶ
702 1765 802 1791 κακίαν
821 1765 979 1800 δυσφημού-

1036 1778 1118 1798 ausus
1134 1771 1241 1798 mittere
1259 1770 1293 1798 ob
1317 1769 1385 1797 tales
1400 1769 1549 1796 concitatas
1569 1767 1662 1795 turbas
1679 1767 1826 1794 factiones-

193 1812 289 1848 μένης,
311 1812 390 1845 δίκας
425 1812 492 1839 αὐτὸ
523 1811 701 1846 ἀπαιτηθείη,
729 1811 767 1842 ὼς
792 1811 860 1846 μηδὲ
889 1810 979 1846 φωνὴν

1036 1825 1097 1852 que.
1117 1817 1299 1850 Quamobrem
1328 1820 1376 1843 aut
1390 1817 1448 1843 haec
1474 1820 1584 1849 patrare
1602 1814 1705 1847 desine,
1729 1819 1775 1840 aut
1793 1820 1828 1840 Ite

194 1858 274 1894 ῥῆξαι
294 1858 432 1894 τολμήσας
445 1857 569 1884 τοιούτων
581 1856 882 1892 δραματουργουμένων
895 1864 982 1891 τραγ-

195 1904 294 1940 ῳδιῶν.
309 1905 344 1931 Ἢ
359 1901 405 1931 οὖν
431 1902 534 1930 παῦσαι
545 1902 660 1930 τοιαῦτα
676 1902 758 1939 δρῶν,
774 1902 790 1938 ἦ
810 1902 847 1938 μὴ
866 1901 982 1929 ἐπαιτιῶ

193 1951 256 1983 τοὺς
267 1950 316 1987 τὴν
334 1950 382 1986 σὴν
395 1949 633 1985 καταθρηνοῦντας
649 1949 757 1985 μανίαν.

334 2007 420 2036 ΤΝΘι.
433 2022 467 2027 -
483 2007 608 2043 ΙΑΚΩΒῼ
622 2006 841 2042 ΑΝΛΓΝΩΣΤῌ.

1036 1870 1084 1891 eos
1099 1870 1210 1891 accuses
1225 1863 1270 1898 qui
1288 1866 1360 1890 luant
1382 1861 1524 1897 deplorant
1544 1860 1702 1888 amentiam.

1187 2003 1320 2033 CCCLIX.
1336 2019 1370 2024 —-
1381 2001 1510 2031 ΙΙΑΟΟΒΟ
1524 2001 1683 2030 LECTORI.

667 2065 749 2090 Deum
761 2071 812 2090 non
823 2063 932 2095 mutari,
948 2070 961 2090 e
981 2062 1064 2090 sacris
1081 2067 1213 2090 ostensum
1231 2062 1350 2090 Litteris.

237 2122 269 2150 'H
285 2123 346 2151 θεία
362 2123 410 2151 καὶ
427 2124 565 2160 ἀκήρατος
590 2123 637 2150 καὶ
651 2123 786 2159 ἀήττητος
805 2122 879 2155 δεξιὰ
902 2121 984 2149 ἀναλ-

196 2170 306 2202 λοίωτός
322 2171 380 2197 ἐστι
395 2170 462 2206 (15),
478 2170 525 2197 καὶ
540 2170 583 2197 ἀεὶ
602 2169 672 2196 κατὰ
686 2169 720 2196 τὰ
731 2168 812 2202 αὐτὰ,
833 2169 879 2195 καὶ
895 2167 985 2194 ὡσαύ‹

1075 2120 1169 2148 Divina
1188 2125 1215 2147 et
1231 2121 1386 2155 incorrupta
1411 2118 1566 2153 invictaque
1590 2116 1636 2144 Dei
1651 2117 1761 2144 dextera
1776 2116 1828 2143 im-

1039 2166 1176 2193 mutabilis
1201 2170 1243 2194 est
1263 2165 1362 2193 eadem
1389 2171 1498 2198 semper
1522 2163 1670 2196 eodemque
1691 2163 1769 2189 modo
1786 2162 1831 2189 Ita‘

199 2225 254 2248 τως
276 2216 344 2252 ἔχει,
364 2216 426 2243 οὕτε
450 2216 592 2252 προκοπὴν
613 2216 793 2251 ὲπιδεχομένη
819 2215 868 2250 τὴν
890 2215 936 2242 ἐπὶ
955 2214 979 2241 τί

1039 2212 1116 2244 bens,
1132 2219 1218 2246 neque
1231 2211 1427 2239 incrementum
1449 2209 1558 2244 capiens
1573 2209 1599 2235 in
1613 2207 1698 2241 majus
1714 2207 1829 2243 (summa

199 2263 324 2298 κρεῖττον
338 2271 344 2277 ·
365 2263 504 2298 ἀκροτάτη
524 2263 577 2297 γάρ
592 2263 666 2289 ἐστιν
688 2263 771 2297 ἀρετή
785 2270 791 2277 ·
809 2260 870 2288 οὔτε
909 2269 992 2295 μετα-

199 2308 280 2344 ϐολὴν
294 2308 343 2344 τὴν
365 2308 411 2335 ἐπὶ
424 2307 458 2335 τὰ
472 2308 557 2344 χείρω
570 2316 577 2323 ·
593 2308 624 2334 οὐ
641 2307 695 2343 γὰρ
712 2305 767 2333 οἶόν
780 2315 820 2333 τε.
842 2307 988 2334 Μεταόάλ-

200 2355 240 2381 λει
256 2355 284 2381 δὲ
302 2354 350 2381 καὶ
369 2355 474 2381 ἀλλοιοῖ
494 2355 529 2381 τὰ
553 2353 721 2390 βελτιώσεως
735 2352 861 2388 δεόμενα.
877 2352 923 2378 Διὸ
943 2351 990 2378 καὶ

202 2400 314 2435 Ψαλμδς
335 2400 538 2436 ἐπιγέγραπται
567 2409 576 2425 t
604 2399 659 2426 τῶν
687 2397 954 2433 ἀλλοιωθησομένων*
975 2407 985 2424 ι

201 2446 343 2480 τουτέστι,
359 2445 414 2473 τῶν
435 2446 575 2482 βελτίωσιν
599 2445 808 2480 ὲπιδεξομένων,
829 2445 877 2471 καὶ
904 2445 943 2476 εἰς
959 2443 989 2470 τὸ

203 2493 325 2528 κρεῖττον
354 2492 401 2520 καὶ
433 2493 546 2528 ἄμεινον
572 2490 823 2527 ἀναχοησομένων·
848 2491 874 2517 εί
898 2490 989 2516 τοίνυν

192 2536 277 2569 ,ταῦθ’
294 2537 379 2570 οὕτως
397 2537 454 2573 ἔχει
467 2557 475 2570 ,
500 2537 551 2564 οὑκ
571 2537 628 2563 ἐστι
649 2536 819 2572 περισκελὲς,
843 2536 911 2571 ὅπερ
926 2535 990 2571 ὴθέ-

202 2582 287 2619 λησας
309 2583 415 2619 μαθεῖν,
438 2593 449 2609 ‹
471 2583 545 2619 Αὕτη
560 2584 577 2619 ἡ
602 2583 746 2615 ἀλλοίωσις
768 2583 818 2614 τῆς
839 2581 929 2614 δεξιᾶς
943 2581 991 2609 τοῦ

246 2663 270 2680 ⁸⁸
287 2663 357 2691 Psal.
371 2670 444 2696 XLIV,
465 2662 490 2689 l.
520 2662 542 2679 ⁸³
564 2662 635 2690 Psal.
658 2670 758 2694 Lxxw,
773 2662 816 2689 ll.

1043 2259 1115 2286 enitn
1135 2258 1174 2286 \‘is
1183 2257 1255 2286 Deus
1268 2257 1332 2292 est),
1351 2264 1382 2284 ac
1399 2263 1432 2284 ne
1447 2255 1473 2283 in
1487 2254 1606 2282 deterius
1621 2253 1738 2288 quidem,
1758 2253 1830 2288 quod

1040 2305 1097 2332 ﬁeri
1110 2304 1212 2339 nequit,
1224 2308 1356 2331 mutatur.
1368 2301 1523 2330 Abscednnt
1534 2300 1606 2327 enim
1620 2305 1646 2327 et
1659 2304 1830 2327 commutan-

1041 2355 1084 2377 tur
1094 2357 1155 2384 qure
1169 2349 1318 2377 mutatione
1334 2348 1463 2382 indigent.
1477 2346 1545 2373 Hinc
1566 2346 1647 2373 etiam
1660 2345 1778 2380 psalmus
1791 2344 1832 2371 sic

1040 2397 1187 2432 inscriptus
1206 2404 1213 2423 :
1239 2405 1247 2421 ι
1268 2395 1321 2422 Pro
1335 2395 1367 2422 iis
1381 2394 1426 2428 qui
1451 2393 1610 2420 commutati
1624 2391 1731 2424 sunt”,
1753 2400 1761 2416 ι
1780 2390 1831 2417 hoc

1041 2448 1082 2471 est
1097 2443 1142 2478 qui
1156 2442 1280 2470 meliores
1292 2441 1400 2474 redditi,
1414 2447 1464 2468 nec
1473 2439 1569 2468 melius
1579 2438 1731 2466 deteriusve
1740 2443 1831 2464 susce-

1041 2493 1150 2524 perunt.
1167 2488 1232 2521 Quae
1253 2495 1313 2515 cum
1330 2488 1365 2515 ita
1382 2487 1446 2520 sint,
1473 2494 1527 2514 non
1549 2489 1592 2513 est
1609 2484 1691 2512 nimis
1714 2481 1830 2513 ditIlcile,

1043 2535 1113 2569 quod
1127 2540 1290 2570 cognoscere
1307 2533 1420 2569 optabas
1450 2541 1458 2560 :
1479 2541 1488 2559 ι
1509 2532 1571 2560 llaec
1593 2529 1706 2558 mutatio
1730 2528 1832 2555 dextra:

1043 2580 1148 2609 Excelsi
1166 2581 1200 2609 "'.
1225 2589 1235 2607 ι
1253 2580 1312 2609 Non
1325 2581 1398 2616 quod
1411 2583 1542 2612 mutetur,
1560 2576 1606 2613 qui
1620 2580 1662 2604 est
1676 2573 1832 2603 immutabi-

750 2738 869 2766 νΑῐιιΑι
889 2737 1079 2767 LECTIONES
1098 2738 1141 2766 ET
1164 2737 1281 2768 NOTAE.

240 2818 296 2889 ρι)
313 2818 365 2847 Pro
378 2818 451 2855 πέρα
467 2818 559 2854 legunt
579 2817 654 2854 παρὰ
668 2818 746 2845 codd.
771 2817 862 2844 iidem.
882 2816 989 2844 Possm.

255 2854 298 2889 12)
314 2854 395 2882 Iidem
412 2855 509 2882 tollunt
523 2855 598 2889 παρὰ
606 2855 677 2889 quod
690 2853 716 2880 in
731 2852 804 2880 edito
817 2857 856 2880 est
873 2852 989 2886 positunt

255 2854 298 2889 12)
314 2853 509 2890 ιίάειιιᾼιοιιμηι
523 2855 598 2890 παρὰ
606 2853 677 2889 quod
690 2853 716 2880 in
731 2853 804 2880 edito
817 2857 856 2880 est
873 2853 991 2886 positunt

208 2888 278 2916 inter
290 2888 331 2924 μὴ
346 2895 371 2916 et
385 2888 444 2924 τῆς.
462 2889 499 2916 In.

1081 2817 1138 2878 (ἶό)
1152 2817 1221 2844 Ante
1243 2815 1302 2843 ἐστὶ
1323 2814 1400 2843 codd.
1421 2814 1481 2841 Vat.
1509 2812 1561 2841 650
1582 2817 1609 2841 et
1626 2812 1685 2848 _Alt.
1711 2808 1835 2840 inserunt

1081 2871 1085 2878 ι
1110 2860 1135 2878 D.

1045 2860 1085 2878 τε.
1100 2860 1135 2879 ID.
