2049 3162
217 173 284 206 1543

812 175 844 206 8.
863 174 1010 205 ISIDORI
1028 172 1246 204 PELUSIOT.E

1773 163 1840 197 15H

213 231 248 259 lis
257 237 284 258 ct
298 231 372 259 omni
386 231 536 260 mutatione
549 232 673 267 superior
685 231 771 260 Deus:
786 240 795 258 ι
809 231 903 260 Videte
915 231 1001 265 enim,
1017 253 1021 263 λ

1058 229 1186 266 Ὑψίστου
1196 238 1202 244 ·
1223 239 1232 256 ι
1249 229 1297 264 οὐχ
1305 229 1338 264 ἢν
1351 227 1514 260 ἀλλοιοῦται,
1531 225 1708 256 ἀναλλοίωτος
1722 225 1778 260 γάρ
1788 224 1847 251 ἐστι

214 278 262 311 ait,
280 277 368 305 videte
387 278 449 312 quia
470 285 520 314 ego
547 285 619 311 sum,
635 282 661 305 et
686 285 740 305 non
764 283 853 305 mutor
866 277 907 311 '°;
929 288 939 305 ι
955 279 1001 306 sed

215 328 302 351 mutat
317 324 395 357 alios,
409 328 436 351 et
451 324 476 350 in
497 324 593 351 melius
605 327 757 352 commutat
775 332 782 351 :
799 323 927 351 meliores
948 324 1001 351 ita-

214 377 266 404 que
281 369 361 396 efﬁcit
379 375 460 404 atque
474 370 500 397 in
525 375 625 397 statum
653 370 804 404 meliorem,
820 370 913 405 quieo
931 369 1004 398 indi-

214 419 287 447 gent,
305 414 429 440 traducit.

424 468 547 497 CCCLX.
575 484 610 490 ——
631 469 792 498 EULOGIO.

1055 278 1102 305 καὶ
1118 277 1208 311 πάσης
1228 274 1377 311 μεταϐολῆς
1393 273 1542 309 κρείττων·
1568 282 1577 299 ι
1607 272 1692 298 Ἴδετε
1707 270 1773 306 γὰρ,
1794 279 1847 305 φη-

1057 323 1110 356 σὶν,
1127 322 1207 354 ἴδετε,
1218 322 1260 348 ὃτι
1273 319 1328 355 ἐγώ
1342 321 1411 354 εἰμι,
1427 319 1475 346 καὶ
1489 318 1539 345 οὐκ
1556 317 1709 352 ὴλλοίωμαι
1721 323 1729 332 ·
1751 324 1760 341 ι
1779 313 1848 341 ἀλλὰ

1056 368 1091 404 ἢν
1108 367 1226 399 ἀλλοιοῖ,
1249 366 1297 393 καὶ
1324 364 1487 401 μεταϐάλλει
1500 383 1508 396 ,
1525 363 1574 390 καὶ
1591 361 1709 397 βελτιοῐ,
1735 360 1783 387 καὶ
1808 360 1848 391 εἰς

1057 413 1190 449 ἀμείνονα
1202 412 1368 439 κατάστασιν
1386 411 1448 445 ἄγει
1461 410 1526 441 τοὺς
1538 408 1640 443 ταύτης
1653 405 1808 442 δεομένους.

1311 466 1371 494 ΤΞ’.
1388 483 1423 488 —
1442 465 1598 500 ΕΥΛΟΓΙῼ.

690 515 724 543 In
740 515 869 551 loquendo
884 520 908 543 et
923 514 1061 543 scribendo
1075 515 1169 543 modus
1189 515 1363 543 adhibendus.

249 576 386 610 Siquidem
405 575 464 610 plus
487 575 558 610 loqui
576 583 659 610 quam
681 580 805 610 oporteat
830 582 884 602 non
899 578 942 603 est
961 574 1002 602 vi-

213 621 263 648 rile
280 629 287 647 :
303 620 362 655 plus
380 621 461 648 etiam
476 621 597 649 scribere
624 629 705 656 quam
727 628 838 649 necesse
853 622 900 655 sit,
925 622 1008 649 {emi-

215 673 295 693 neum
311 665 403 694 fuerit.
420 665 506 702 Igitur
521 670 550 695 et
564 666 706 702 loquentes
726 674 758 694 ac
772 667 925 695 scribentes
943 674 1005 695 ser-

212 718 306 739 vemus
320 711 440 739 modum.

407 768 542 797 CCCLXI.
564 785 600 791 —
614 768 810 797 SERAPIONI.

213 917 236 943 si
258 916 322 951 quid
338 916 447 944 absurdi
460 917 645 952 commiseris,
659 918 705 946 sed
719 919 830 946 omnino
842 919 931 947 cilicio
945 927 1005 948 meo

213 960 366 994 functurus,
379 966 460 996 teque
470 969 504 990 ex
515 967 589 990 caatu
602 963 749 990 amicorum
763 964 1002 993 exterminaturus.

319 1016 466 1045 CCCLX".
482 1032 517 1039 —-
528 1017 715 1046 EPIPHANIO
735 1019 896 1048 DIACONO.

1092 575 1123 602 El
1143 574 1173 602 τὸ
1188 574 1269 602 πλέον
1282 574 1336 601 τῶν
1349 573 1507 608 ἀναγκαίων
1521 573 1622 608 λέγειν,
1636 572 1688 600 οὐκ
1703 571 1778 598 ἐστιν
1796 569 1843 596 ἀνί

1055 621 1128 657 δρὸς,
1146 620 1177 647 τὸ
1192 619 1273 646 πλέον
1291 619 1347 646 τῶν
1362 619 1521 653 ἀναγκαίων
1536 618 1664 654 γράφειν,
1683 617 1726 652 εῐη
1750 624 1845 650 γυναι-

1055 668 1113 699 κός.
1131 665 1237 693 Οὐκοῦν
1250 666 1298 692 καὶ
1319 665 1455 700 λέγοντες,
1475 665 1522 691 καὶ
1539 671 1691 699 γραφοντες
1705 665 1756 698 τὴν
1773 670 1845 695 συμ·

1012 739 1016 743 .
1056 713 1169 749 μετρίαν
1186 713 1322 748 τιμῶμεν.

1284 767 1368 795 ΤΞΑἌ
1387 781 1422 787 -—
1436 765 1630 793 ΣΕΡΑΠΙΩΝΙ.

823 815 956 843 Amicitia:
971 815 1083 851 improbi
1094 815 1239 842 renuntiat.

248 872 287 898 lta
303 870 336 898 de
351 878 394 898 me
404 871 556 904 existimes,
571 878 625 899 non
649 873 726 907 quasi
751 872 915 900 toleraturus
942 873 1006 906 sim,
1022 871 1043 899 B

1099 871 1143 904 Ὠς
1164 871 1214 898 οὐκ
1228 869 1391 905 ἁνεξομένου
1413 877 1475 904 μου,
1492 867 1519 894 εἴ
1535 876 1561 894 τι
1583 867 1684 894 ἄτοπον
1699 866 1829 902 δράσειας
1840 872 1846 880 ·

1060 918 1129 946 ἀλλὰ
1143 918 1252 949 πάντως
1273 918 1304 943 τὸ
1323 915 1444 952 ἐμαυτοῦ
1458 915 1616 950 ποιήσοντος
1632 914 1679 940 καὶ
1692 911 1849 947 ἐξοστρακίδ

1059 963 1151 995 σοντός
1164 971 1193 989 σε
1204 961 1250 989 τοῦ
1265 961 1347 997 χοροῦ
1360 960 1413 987 τῶν
1429 958 1611 995 φίλων,.οΰτω
1625 958 1743 985 διανοοῦ.

1205 1016 1287 1044 ΤΞΒ’.
1307 1031 1343 1036 -
1360 1016 1524 1050 ΕΗΙΦΑΝΙῼ
1538 1013 1700 1050 ΔῘᾹΚΟΝῼ.

588 1064 670 1093 Bonis
693 1066 804 1093 adversa
820 1068 878 1101 pati
895 1066 969 1093 laudi
989 1069 1038 1098 est,
1053 1065 1117 1092 mali
1131 1064 1271 1096 dedecori;
1286 1068 1309 1090 et
1324 1056 1378 1098 seq.
1400 1062 1475 1096 epist.

249 1108 427 1144 Aiquumcst
452 1110 525 1138 hunc
545 1110 654 1146 quidem
668 1112 703 1139 ob
729 1112 860 1139 maleﬁcia
883 1112 1006 1147 punitum

216 1156 390 1189 erubescere,
406 1156 522 1184 alterum
544 1164 609 1184 vero
623 1157 732 1185 virtutis
746 1158 834 1193 gratia
849 1157 933 1193 668
946 1157 1006 1192 glo-

215 1201 293 1228 riati.
306 1201 364 1229 Non
384 1202 456 1228 enim
470 1202 564 1229 cadent
580 1202 613 1230 de
627 1207 742 1237 utroque
762 1210 812 1237 par
827 1208 869 1230 est
892 1203 1005 1235 sentire,

215 1252 374 1281 argumento
397 1256 487 1275 rerum
503 1252 640 1283 gestarum
663 1249 809 1284 plurimum
833 1250 948 1277 invicem
964 1249 1006 1277 di-

214 1299 367 1329 screpante.
387 1293 481 1329 Neque
494 1294 568 1321 enim
581 1295 603 1322 si
621 1295 691 1322 latro
707 1301 734 1323 et
750 1302 852 1332 martyr
866 1303 945 1332 pares
961 1304 1007 1331 pa~

215 1341 318 1368 tiantur
335 1341 482 1374 cruciatus,
495 1341 588 1368 eadem
607 1347 671 1369 sunt
686 1343 791 1369 ratione
808 1343 960 1370 mstimamli
971 1343 1005 1371 θ’.

214 1386 260 1413 ille
276 1386 348 1414 enim
363 1394 423 1421 qua:
439 1387 577 1414 commisit
590 1394 621 1414 ea
638 1388 665 1414 in
679 1395 787 1422 pomum
809 1393 930 1422 vertunt.
943 1387 1007 1417 huic

214 1437 304 1458 autem
319 1439 426 1459 coronae
446 1439 523 1466 seges
537 1432 701 1467 suppeditat.
721 1433 769 1460 llle
783 1434 865 1469 Igitur
879 1434 1006 1462 miserum

214 1486 244 1505 se
260 1478 374 1513 appellet
391 1486 503 1507 necesse
517 1483 580 1512 est;
599 1479 644 1508 hic
668 1487 733 1508 vero
755 1480 865 1509 beatum
883 1489 913 1509 se
935 1489 1004 1508 nun-
1019 1468 1041 1497 θ

215 1528 306 1557 cupel.

443 1581 598 1610 CCCLXIII.
613 1597 650 1603 -
663 1583 780 1612 ElDEM.

1065 1127 1067 1130 ι
1097 1111 1128 1137 '0
1145 1110 1194 1145 μὲν
1213 1109 1258 1136 διὰ
1273 1108 1375 1135 κακίαν
1383 1106 1571 1142 ’κολαζόμενος
1587 1105 1775 1140 αἰσχύνεσθαι,
1795 1105 1809 1131 ὸ
1821 1105 1847 1131 δὲ

1055 1155 1089 1182 δι’
1104 1154 1205 1190 ἀρετὴν
1220 1153 1417 1190 ὲναόρύνεσοαι
1436 1153 1542 1184 δίκαιος
1560 1152 1593 1178 ἇν
1609 1151 1664 1187 εἴη.
1681 1152 1719 1178 Οὐ
1743 1151 1796 1186 γὰρ
1813 1151 1848 1178 τὰ

1056 1201 1253 1238 αὐτὰ-φρονεῖν
1269 1200 1368 1231 αὐτοὺς
1387 1198 1461 1234 χρὴ,
1485 1198 1535 1233 τῆς
1550 1197 1707 1228 ὑποθέσεως
1719 1215 1727 1228 ν
1746 1196 1793 1230 ἀφ’
1813 1194 1847 1232 ἧς

1056 1249 1174 1283 γίνεται,
1189 1247 1315 1273 πλεῖστον
1327 1243 1548 1279 διαλλαττούσης.
1560 1243 1627 1270 Οὐδὲ
1639 1243 1695 1278 γὰρ
1708 1243 1733 1269 εί
1748 1242 1847 1278 λῃστὴς

1056 1295 1103 1321 καὶ
1118 1294 1223 1330 μάρτυς
1238 1293 1273 1319 τὰ
1285 1291 1356 1319 αὐτὰ
1371 1291 1522 1322 πείσονται,
1536 1289 1638 1325 ὁμοίως
1655 1288 1844 1316 διακείςονταιε

1057 1341 1103 1375 Τῷ
1117 1340 1165 1375 μὲν
1179 1339 1234 1375 γάρ
1253 1339 1312 1366 ἐστι
1327 1338 1447 1374 τιμωρία
1463 1336 1498 1363 τὰ
1515 1337 1646 1372 γινόμενα
1659 1344 1666 1351 ·
1685 1335 1724 1370 τῷ
1742 1335 1769 1362 δὲ
1786 1343 1847 1361 στε-

1057 1385 1150 1419 φάνων
1165 1385 1310 1416 ὑπόθεσις”
1325 1383 1365 1410 διδ
1379 1383 1394 1409 ὸ
1411 1382 1462 1418 μὲν
1482 1379 1638 1414 ταλανίζειν
1661 1380 1758 1408 ἑαυτὸν
1771 1379 1844 1414 ὀφεί-

1056 1431 1108 1464 λει,
1127 1431 1141 1458 ό
1153 1430 1182 1458 δὲ
1200 1429 1375 1466 μακαρίζειν.

1306 1583 1388 1611 ΤΞιν.
1404 1598 1439 1604 —-
1451 1584 1495 1619 Τῼ
1511 1583 1613 1627 ΑΥἹᾨ.

938 1631 976 1659 Dc
987 1632 1077 1659 eadem
1093 1640 1131 1660 re.

252 1684 308 1712 Non
329 1685 422 1713 eodem
440 1685 510 1713 allici
538 1686 637 1715 debent
656 1687 736 1716 modo
763 1689 861 1723 quibus
881 1688 966 1724 juste,
980 1693 1007 1717 et

215 1732 314 1767 quibus
337 1732 436 1766 injuste
449 1732 475 1759 in
489 1732 540 1760 hoc
556 1733 657 1761 mundo
679 1734 767 1762 tristia
787 1734 947 1763 obveniunt.
962 1736 1004 1763 llli

215 1777 287 1804 enim
306 1778 432 1804 accidunt
458 1777 539 1811 mala,
556 1782 585 1805 ut
606 1779 745 1813 probetur,
771 1780 833 1807 huic
849 1789 881 1807 ex
906 1781 1004 1808 merito

215 1830 262 1850 sua
279 1823 367 1858 culpa.
380 1822 447 1850 lluic
467 1823 558 1858 itaque
571 1823 635 1851 illud
647 1824 709 1859 jure
730 1829 774 1853 est
794 1826 979 1859 usurpandum
994 1834 1002 1852 :

218 1877 228 1894 ι
249 1868 308 1895 Non
328 1876 376 1903 pro
399 1869 517 1903 peccatis
539 1870 620 1905 digne
646 1871 713 1898 satis
743 1870 910 1907 ﬂagellamur
931 1872 966 1903 ⁹³;
992 1881 1001 1898 ι

219 1915 292 1950 justo
316 1922 379 1942 vero
397 1923 404 1941 :
426 1923 435 1940 ι
453 1914 511 1941 Non
525 1920 589 1942 sunt
609 1917 751 1951 condigna:
767 1917 906 1951 passiones
926 1917 1006 1951 limus

217 1959 347 1992 temporis
370 1959 402 1985 ad
421 1957 541 1985 futuram
558 1959 672 1994 gloriam
685 1960 718 1987 ’³.
739 1969 748 1986 ι
765 1961 811 1988 Sic
835 1961 944 1995 quidem
961 1961 1006 1989 ille

216 2001 306 2029 ferens
323 2003 458 2036 patienter
475 2008 585 2037 peccata
608 2005 699 2039 expiat
726 2014 734 2032 :
766 2006 812 2033 hic
841 2013 904 2034 vero
921 2014 1005 2043 gene-

217 2055 288 2081 rose,
309 2048 440 2075 illustrem
455 2049 628 2076 nanciscetur
644 2058 784 2078 coronam.

350 2105 506 2135 CCCLXIV.
523 2122 556 2127 —
572 2106 686 2134 PETRO
700 2107 876 2136 MONACHO.

1091 1688 1148 1723 Οὐχ
1163 1689 1178 1714 ὁ
1195 1687 1308 1719 δικαίως
1320 1687 1367 1713 καὶ
1377 1686 1477 1718 ἀδίκως
1498 1686 1610 1721 πάσχων
1622 1694 1649 1711 τι
1664 1684 1783 1712 ἐνταῦθα
1801 1684 1847 1711 λυ-

1057 1734 1157 1770 πηρὸν,
1184 1733 1282 1769 ὁμοίως
1305 1732 1458 1760 διακεῖσθαι
1483 1732 1642 1766 ὀφείλουσι·
1661 1731 1701 1766 τῷ
1726 1731 1774 1766 μὲν
1797 1730 1848 1765 γὰρ

1056 1781 1116 1807 κατ’
1137 1780 1216 1814 ἀξίαν
1242 1780 1402 1815 συμϐαίνει,
1424 1779 1464 1815 τῷ
1488 1779 1516 1805 δὲ
1535 1779 1569 1806 δι’
1595 1778 1785 1814 εὐδοκίμησιν.
1806 1778 1849 1804 Διὸ

1055 1827 1102 1853 καὶ
1117 1826 1131 1853 ὁ
1159 1826 1207 1861 μὲν
1231 1825 1321 1860 λέγειν
1348 1825 1452 1857 δίκαιος
1468 1825 1501 1852 ἂν
1522 1825 1586 1860 εἴη·
1614 1834 1623 1850 ι
1651 1825 1710 1851 Οὐκ
1734 1825 1798 1857 ἄξια
1813 1821 1848 1851 ὦν

1057 1872 1181 1908 ἥμαρτον
1191 1873 1415 1907 μεμαστίγωμαι.
1426 1881 1435 1898 ι
1454 1872 1483 1898 Ὀ
1491 1871 1520 1899 δὲ
1530 1872 1581 1898 οὐκ
1589 1871 1652 1904 ἄξια
1660 1871 1696 1898 τὰ
1704 1871 1848 1907 παθήματα

1057 1918 1105 1944 τοῦ
1119 1917 1166 1944 νῦν
1184 1919 1280 1954 καιροῦ
1305 1919 1373 1954 πρὸς
1388 1918 1436 1954 τὴν
1457 1918 1608 1953 μέλλουσαν
1631 1917 1722 1950 δόξαν.
1744 1927 1752 1943 ι
1768 1917 1850 1957 ,Οὕτω

1058 1963 1113 1999 γὰρ
1137 1965 1149 1990 ὁ
1168 1964 1216 1999 μὲν
1245 1964 1426 1999 εὐγνωμόνως
1442 1964 1592 1998 ὑπομείνας
1616 1963 1799 1998 ἀποτρίψεται
1817 1961 1849 1989 τὰ

1060 2010 1221 2045 πταίσματα
1236 2018 1243 2026 ·
1259 2011 1273 2036 ὸ
1288 2010 1316 2036 δὲ
1334 2011 1357 2037 εί
1374 2010 1507 2044 γενναίως
1527 2011 1595 2037 οἴσει
1608 2031 1615 2043 ,
1635 2010 1786 2044 στεφάνους
1797 2008 1849 2041 ἕξει

1059 2055 1304 2091 τιμαλφεστέρους.

1211 2113 1294 2140 τΞΔι.
1310 2126 1346 2133 —-
1362 2114 1476 2148 ΠΕΤΡῼ
1495 2113 1709 2140 ΜΟΝΑΖΟΝΤΚ.

641 2152 797 2180 Gratulatur
810 2155 842 2181 de
856 2154 1049 2189 afflictionibus,
1066 2162 1090 2184 et
1109 2158 1237 2192 quomodo
1260 2159 1427 2194 superanda'.

251 2211 359 2238 Clarum
375 2211 492 2239 habuisti
505 2213 688 2240 certaminum
704 2212 878 2247 principium,
891 2219 946 2247 quo
959 2219 1009 2240 no-

217 2256 290 2283 mine
305 2257 452 2291 gaudemus
469 2263 551 2292 atque
573 2258 641 2286 adeo
654 2258 823 2285 exsultantus
846 2266 853 2285 :
877 2263 906 2286 et
920 2263 1008 2286 tnate-

219 2301 286 2328 riam
303 2302 472 2336 panegyricu:
489 2304 646 2338 Suppeditas
661 2303 804 2331 Orationis.
825 2302 878 2331 Par
899 2309 940 2331 est
955 2305 1008 2332 ita-

218 2356 271 2383 que
286 2346 446 2383 advigilare,
470 2355 551 2384 atquc
578 2351 642 2378 huic
660 2350 771 2385 operam
792 2351 858 2379 dare
882 2359 935 2386 quo
950 2351 1011 2378 linis

218 2393 381 2427 sitfelieior,
401 2396 676 2430 quem'consequeris
692 2397 728 2429 si,
749 2406 758 2422 ι
777 2405 839 2431 quae
851 2402 926 2425 retro
947 2401 1012 2424 sunt

217 2441 382 2468 obliviscens
398 2440 431 2466 ad
461 2441 493 2467 ea
513 2448 573 2474 quae
587 2447 650 2468 sunt
669 2443 762 2476 priora
782 2444 898 2478 teipsum
918 2449 1013 2471 exten-

219 2488 266 2514 das
285 2487 324 2520 “,
358 2496 367 2512 ι
391 2493 479 2521 neque
501 2487 641 2514 existimes
670 2494 799 2516 coronato
824 2490 1012 2518 abstinendum

219 2541 307 2560 ossea
334 2533 425 2560 labore
440 2533 578 2567 deinceps.
604 2533 678 2560 Multi
707 2535 778 2562 enim
814 2536 912 2563 illustri
936 2535 1007 2563 iacto

219 2579 416 2614 pugmeinitio,
436 2579 497 2606 mox
516 2579 614 2613 supine
626 2584 737 2614 agentes
752 2585 857 2616 turpem
874 2582 937 2609 vitae
951 2581 1008 2609 exi-

220 2629 276 2650 tum
294 2623 379 2650 secuti
392 2627 455 2650 sunl
474 2632 480 2649 :
500 2623 574 2657 quod
589 2630 682 2657 outer),
707 2630 782 2659 opto,
800 2627 871 2656 Deus
893 2635 906 2653 a
930 2634 1009 2654 sacro

220 2673 264 2696 tuo
279 2669 364 2703 capite
382 2674 495 2696 avertat.

325 2715 470 2744 CCCLXV.
485 2732 521 2737 —
531 2715 730 2745 LAMPRETIO
744 2717 900 2747 DIACONO.

1098 2218 1238 2253 Δαμπρὰν
1254 2218 1305 2253 μὲν
1320 2217 1399 2253 ἔσχες
1417 2217 1472 2244 τῶν
1486 2216 1602 2251 ἀγώνων
1624 2216 1675 2251 τὴν
1690 2216 1779 2250 ἀρχήν
1790 2223 1795 2228 ·
1808 2213 1852 2240 διὰ

1060 2265 1140 2292 τοῦτο
1160 2265 1207 2291 καὶ
1226 2264 1393 2300 σκιρτῶμεν,
1417 2264 1465 2291 καὶ
1481 2263 1629 2298 χαίρομεν,
1659 2263 1706 2289 καί
1727 2261 1850 2296 ﬁam-(.5-

1064 2319 1133 2347 ρεως
1148 2310 1278 2338 ὑπόθεσιν
1293 2311 1342 2345 τὴν
1358 2311 1406 2345 σὴν
1427 2310 1603 2345 εὐδοκίμησιν
1623 2308 1788 2344 ποιούμεθα.
1805 2307 1849 2333 Δί-

1062 2365 1140 2388 καιος
1158 2356 1180 2383 δ’
1199 2356 1232 2383 ἄν
1255 2356 1316 2391 εῐης
1340 2356 1492 2392 ἀγρυπνεῖν
1516 2355 1563 2382 καί
1588 2354 1758 2390 φροντίζειν,
1779 2354 1852 2384 ὅπως

1061 2402 1258 2438 λαμπροτέραν
1274 2401 1345 2434 ἔξεις
1359 2402 1408 2437 τὴν
1423 2401 1551 2436 τελευτήν
1562 2409 1568 2415 ⁸
1584 2400 1657 2433 ἔξεις
1671 2400 1711 2433 δὲ,
1725 2400 1750 2425 εἰ
1769 2409 1778 2424 ι
1795 2398 1849 2424 τῶν

1064 2449 1113 2484 μὲν
1137 2448 1249 2476 ὕπισθεν
1271 2448 1421 2480 ὲπιλάθοιο,
1448 2450 1504 2477 τοῖς
1520 2448 1548 2474 δὲ
1559 2446 1715 2482 ἔμπροσθεν
1729 2445 1852 2472 ἐπεκτεί-

1065 2503 1139 2522 νοιο·
1161 2504 1171 2521 ›
1199 2495 1248 2521 καὶ
1277 2495 1314 2530 μὴ
1341 2494 1460 2530 νομίσας
1482 2493 1534 2528 ἥδη
1560 2492 1778 2528 ἐστεφανῶσθαι,
1800 2492 1852 2518 τῶν

1064 2542 1155 2568 πόνων
1167 2540 1292 2568 παύσαιο.
1306 2539 1402 2567 Πολλοὶ
1417 2539 1471 2574 γὰρ
1483 2539 1618 2574 λαμπρῶς
1633 2538 1853 2574 προοιμιασάμε-

1061 2596 1118 2619 νοι,
1146 2587 1194 2614 καὶ⁸
1216 2585 1418 2624 ὑπτιωθὲντες,
1441 2585 1622 2616 τελευτῶντες
1642 2584 1765 2620 αἰσχρῶς
1789 2592 1853 2611 κατ-

1063 2632 1210 2668 έστρεψαψ
1226 2632 1295 2667 ὅπερ
1311 2631 1393 2666 ἀπείη
1408 2631 1458 2666 τῆς
1475 2630 1551 2665 ἱερᾶς
1567 2639 1614 2656 σου
1630 2630 1765 2665 κεφαλῆς.

1188 2719 1271 2748 TEE'.
1285 2734 1321 2740 —
1342 2718 1545 2753 ΔΔΜΠΡΕΤΙῼ
1557 2717 1721 2752 ΔιΑκοΝο.

660 2765 793 2793 Severian
810 2766 904 2795 iudicii
918 2767 1002 2793 divini
1020 2774 1068 2800 pro
1089 2772 1257 2801 peccatorum
1273 2766 1409 2802 qualitate.

256 2809 348 2844 Magna
360 2810 468 2845 quidem
486 2811 531 2838 Dei
548 2809 650 2845 judicis
663 2812 770 2846 summi
790 2817 833 2839 est
859 2813 1008 2844 accuratio,

1100 2813 1190 2848 Πολλὴ
1203 2813 1253 2848 μὲν
1267 2813 1314 2839 τοῦ
1328 2812 1401 2839 θείου
1416 2811 1546 2839 δικαστοῦ
1561 2812 1578 2847 ὴ
1591 2811 1732 2847 ἀκρίϐεια,
1743 2810 1790 2838 καλ
1803 2808 1850 2845 ῥή-

243 2870 266 2886 ’⁰
283 2877 397 2905 Malacli.
419 2884 461 2911 tu,
477 2877 505 2906 6.
531 2879 553 2895 ⁹¹
571 2878 581 2906 l
601 2878 674 2906 Petr.
694 2887 732 2912 nr,
750 2879 793 2906 £5.
824 2879 848 2895 ”
864 2878 955 2908 Judith
967 2889 1021 2915 vm1

1058 2882 1090 2910 Π.
1116 2882 1140 2899 ’⁸
1157 2883 1237 2910 Rom.
1254 2882 1370 2915 "11,18.
1399 2881 1423 2897 ’⁸
1440 2880 1557 2916 Philipp.
1572 2888 1613 2914 in,
1630 2880 1672 2908 ιδ.
