2049 3162
168 169 237 202 1545

569 171 835 202 EPISTOLARUM
854 170 926 200 LIB.
948 171 981 200 V.
1002 183 1037 188 -
1057 171 1175 202 EPIST.
1196 172 1377 203 CCCLXVII.

1725 176 1790 209 15’th

169 236 240 263 ματα
249 226 297 252 καὶ
313 226 474 261 πράγματα,
493 225 539 252 καὶ
555 227 736 261 ἐνθυμήματα
758 225 951 260 βασανίζουσα,

1006 226 1088 252 verba
1103 225 1180 259 juxta
1193 234 1224 253 ac
1240 234 1293 259 res,
1316 228 1486 263 cogitataque
1510 229 1673 263 expendens,
1698 232 1730 258 ad
1752 233 1795 259 in-

166 274 214 300 καὶ
227 273 279 304 ἕως
299 271 403 298 ἀδύτων
418 271 564 306 χωροῦσα,
586 272 632 297 καὶ
653 271 696 297 διὰ
716 271 825 298 πάντων
850 270 954 303 ἄγουσα

167 319 216 353 τὴν
230 318 354 353 ἔρευναν,
377 315 467 350 Πολλὴ
494 315 586 342 δὲκαὶ
610 316 688 350 ἡμῶν
710 316 726 351 ὴ
752 316 878 350 ἀμέλεια.
901 314 955 340 Καὶ

166 363 252 390 ταῦτα.
268 362 388 395 εἰδότων,
408 362 450 388 ὅτι
467 362 577 394 πάντως
598 362 676 396 δίκην
700 362 845 397 ὑφέξομεν,
863 362 887 388 εί
908 361 956 388 καὶ

167 409 204 444 μὴ
217 409 265 444 τὴν
279 408 363 443 αὐτὴν
380 407 511 439 ἅπαντες.
529 407 565 433 Οὐ
583 407 635 442 γὰρ
650 409 674 434 οἱ
688 408 744 438 τοῖς
757 408 849 438 αὐτοῖς
864 407 954 441 ἁμαρ-

164 453 269 488 τήμασι
289 452 499 487 περιπεσόντες,
526 451 634 482 πάντως
654 451 704 486 τὴν
729 451 814 486 αὐτὴν
840 450 954 476 δώσουσι

165 498 253 533 δίκην,
271 498 308 533 τῷ
325 498 371 524 καὶ
397 497 485 528 αἰτίας
506 496 690 529 ἐξετάζεσθαι,
707 496 754 523 καὶ
767 496 880 532 καιροὺς
906 496 954 522 καὶ

165 544 278 575 τόπους·
298 540 354 568 οἷόν
375 551 401 568 τι
415 542 486 576 λέγω
497 549 504 557 ⁸
521 542 620 577 ἐναγὴς
636 543 650 568 ὁ
673 542 762 576 φόνος.
787 541 835 573 Τίς
851 541 906 575 γὰρ
922 541 953 567 οὐ

165 589 262 624 (most;
293 588 363 615 Ἀλλ’
384 588 448 614 ὅταν
460 588 507 614 καὶ
522 589 550 614 ὲν
573 588 663 622 ἁγίαις
688 587 804 623 ἡμέραις
820 587 952 621 γένηται,

165 635 342 669 ὲναγέστερος
362 635 484 668 γίνεταισ
501 635 524 660 εἰ
545 635 573 661 δὲ
590 635 636 661 καὶ
652 635 681 660 ἐν
708 634 773 670 ἱερῷ
792 634 885 668 τόπῳ,
910 634 953 659 ὲν-

164 681 324 715 αγέστατοςι
337 679 383 706 τοῦ
399 679 484 706 κακοῦ
497 680 543 706 καὶ
554 679 661 707 ἀπὸτοῦ
677 680 773 715 καιροῦ
787 680 833 706 καὶ
845 679 898 705 ἀπὸ
907 678 952 705 τοῦ

164 727 247 753 τόπου
271 726 475 760 αὐξανομένου,
492 725 540 752 καὶ
566 725 726 761 προσθήκην
751 726 791 757 εἰς
817 724 952 760 τιμωρίαν

163 772 359 808 λαμϐάνοντος,
377 772 452 806 καὶὴ
470 771 584 806 πορνεία
603 771 653 806 μία
670 769 740 797 εἶναι
762 770 889 801 δοκοῦσα,
905 769 954 796 καὶ

164 818 219 844 ἀπὸ
237 817 333 853 καιροῦ
345 837 351 848 ,
371 816 416 843 καὶ
437 817 492 843 ἀπὸ
507 816 592 843 τόπου
610 816 750 852 βαρυτέρα
771 816 888 850 γίνεται.
904 816 951 841 Ἓν

162 864 253 889 τοίνυν
266 862 411 898 σκοπῶμεν
425 863 498 894 ὅπως
507 862 541 889 τὰ
551 862 611 889 καθ’
624 862 738 893 ἑαυτοὺς
751 859 780 888 εὖ
793 860 944 895 διαθῶμεν·

1008 271 1072 298 tima
1085 279 1169 305 usque
1185 274 1350 305 penetranth
1368 281 1399 300 ac
1413 276 1561 302 scrutando
1575 281 1681 304 cuncta.
1697 276 1732 304 At
1750 278 1790 304 in-

1005 324 1071 351 gens
1091 317 1169 344 nobis
1201 317 1320 351 ignavia,
1348 319 1400 346 etsi
1424 328 1477 347 non
1505 320 1589 355 fugiat
1618 329 1668 349 nos
1696 329 1790 357 pmnas

1006 363 1117 389 omnino
1136 363 1336 396 persoluturos,
1353 366 1477 399 quamvis
1498 374 1550 393 non
1563 368 1671 395 easdem
1685 375 1788 397 omnes.

1005 408 1097 442 Neque
1112 408 1184 435 enim
1200 416 1304 442 omnes,
1328 411 1421 437 eadem
1447 412 1644 447 delinquentes,
1668 415 1789 442 eamdem

1005 453 1079 480 luem
1105 461 1224 488 pmnam,
1240 454 1304 488 quia
1331 459 1358 481 et
1376 462 1468 488 causa,
1486 462 1514 484 et
1529 457 1597 490 loca,
1619 466 1651 486 ac
1671 464 1791 494 tempora

1004 499 1241 526 exandnabuntur.
1256 499 1336 526 Verbi
1351 500 1436 533 gratia
1452 501 1627 530 homicidium
1645 511 1789 532 exsecran-

1005 545 1067 570 dum
1087 544 1216 578 ﬂagitium
1228 548 1279 576 est,
1294 544 1355 578 quis
1370 545 1468 578 neget?
1484 545 1558 578 Quod
1572 548 1594 573 si
1610 547 1685 574 festis
1702 553 1791 582 patra-

1007 595 1061 616 tuut
1076 591 1111 617 sit
1126 589 1221 616 diebus
1238 591 1323 624 magis
1338 595 1380 617 est
1405 592 1612 624 exsecrandum,
1637 594 1659 620 si
1687 595 1712 620 in
1733 595 1791 622 loco

1007 644 1086 663 sacro
1100 636 1217 663 tuaxime
1231 637 1348 668 exsistit,
1376 636 1576 670 detestandum,
1597 637 1699 674 ﬂagitio
1718 647 1792 667 sum-

1005 688 1139 715 moperea
1157 680 1206 707 loci
1228 681 1414 716 temporisque
1433 682 1636 709 circumstantia
1665 684 1790 716 aulaueto,

1005 717 1083 760 p'mna
1096 726 1178 752 etiam
1192 731 1367 760 augmentum
1384 727 1445 753 inde
1457 733 1581 755 sumente
1597 737 1604 755 :
1621 734 1646 756 et
1663 730 1791 757 scortatio

1005 773 1067 799 licet
1091 780 1143 799 una
1169 772 1301 804 videatur,
1329 773 1450 799 Variatur
1468 777 1558 801 tamen
1590 775 1791 809 intenditurque

1005 817 1135 851 temporis
1150 817 1257 851 locique
1277 817 1420 850 adiunctis.
1438 819 1571 846 Curemus
1592 820 1682 855 itaque
1697 822 1722 847 in
1735 822 1790 856 pri-

1005 863 1066 895 mis,
1085 867 1114 890 nt
1131 871 1221 890 mores
1241 871 1433 898 componamus
1445 869 1554 892 nostros
1585 874 1592 892 :
1621 867 1703 900 judici
1726 874 1790 894 vero

162 908 203 944 τῷ
214 909 242 935 δὲ
255 910 334 944 κριτῇ
349 908 540 945 ἐπιτετράφθω
552 910 568 944 ὴ
582 907 697 944 ἀκριϐὴς
709 908 836 942 βάσανος.
848 908 885 933 Οὐ
897 906 952 941 γὰρ

1006 910 1061 937 Deo
1073 910 1176 944 optimo
1187 910 1305 936 maximo
1319 910 1410 937 relicta
1428 911 1463 938 sit
1489 917 1614 938 accurata
1643 914 1729 940 nostri
1745 921 1790 940 co-

162 956 188 980 εἱ
210 955 291 990 ἡμεῖς
317 955 365 982 νῦν
387 955 528 991 ὁριοῦμεν,
545 955 627 986 αὐτὸς
643 953 844 988 ἐπιψηφιεῖται.
867 952 950 980 Ἀλλὰ

162 999 270 1034 ἀνάγκη
288 1000 361 1035 ἡμᾶς
375 1000 423 1036 τὴν
435 1000 583 1027 ἀδέκαστον
598 1000 745 1034 ἀναμένειν
759 999 860 1033 ψῆφον.

411 1148 500 1182 Tag”.
515 1163 548 1168 —
563 1148 700 1183 ruma.

1004 954 1090 989 gnitio
1114 959 1141 980 et
1167 954 1330 988 disquisitio.
1350 954 1407 982 Non
1435 955 1507 982 enim
1524 958 1546 983 si
1572 957 1634 990 quid
1655 965 1725 984 nunc
1741 959 1789 992 ipsi

1003 1000 1164 1032 deﬁnimus,
1186 1001 1245 1034 ipse
1261 1002 1423 1028 sententiam
1441 1002 1479 1029 sic
1494 1002 1572 1036 feret,
1590 1003 1672 1039 669
1691 1005 1737 1032 sed
1751 1006 1791 1032 in-

1005 1052 1109 1081 tegrum
1125 1047 1367 1082 incorruptumque
1382 1048 1441 1083 ejus
1452 1053 1562 1083 oportet
1578 1056 1735 1084 exspectare
1747 1051 1790 1086 ju-

1003 1092 1112 1120 dicium.

1194 1145 1352 1174 CCCLXVI.
1378 1162 1412 1167 ——
1433 1146 1595 1175 IIYPATIO.

554 1195 645 1223 Virtus
655 1201 712 1230 pos!
734 1196 842 1222 sudores
857 1195 986 1230 gaudium
998 1199 1022 1221 et
1038 1201 1162 1221 coronant
1180 1194 1249 1228 parit
1268 1194 1404 1222 mlestem.

201 1251 278 1287 Ἔχει
298 1251 346 1286 μὲν
364 1250 381 1286 ἢ
400 1251 484 1285 ἁρετὴ
500 1249 670 1285 εὐφροσύνην
691 1248 824 1285 εἰλικρινῆ
840 1248 887 1275 καὶ
907 1248 949 1275 ἕν-

158 1296 239 1330 δοξον
265 1297 312 1323 καὶ
331 1296 519 1332 ἀτελεύτητον,
538 1296 590 1322 ὑπὸ
611 1295 660 1330 μὲν
673 1295 718 1321 τοῦ
740 1294 843 1329 ἀγα.θοῦ
859 1303 948 1321 συνει-

159 1343 238 1374 δότος
252 1343 425 1378 τικτομένην,
445 1341 497 1368 ὑπὸ
516 1341 543 1367 δὲ
567 1341 620 1367 τῶν
638 1341 831 1376 ὑπερκοσμίων
849 1340 949 1374 στεφά-

158 1397 217 1415 νων
232 1388 428 1423 τιθηνουμένην
453 1387 518 1423 (14),
532 1387 578 1414 καὶ
595 1387 646 1413 ὑπὸ
661 1387 708 1421 τῆς
725 1386 780 1413 τῶν
799 1386 949 1421 μελλόιτων

158 1434 271 1466 ἐλπίδος
293 1434 462 1469 τρεφομένην
472 1442 478 1448 ·
494 1433 550 1468 ἔχει
564 1433 592 1459 δὲ
607 1433 653 1459 καὶ
668 1433 777 1464 πόνους,
797 1432 844 1458 καὶ
862 1433 950 1466 ἀγρυ-

159 1480 256 1511 πνίας,
274 1480 320 1506 καὶ
334 1480 474 1513 ἀσκήσεις,
494 1479 526 1505 δι’
547 1475 584 1505 ὧν
604 1477 793 1513 κατορθοῦται.
810 1477 847 1503 Οὐ
867 1478 919 1511 γὰρ
935 1477 949 1502 ὁ

1039 1249 1130 1276 Virtus
1145 1256 1208 1276 sane
1223 1248 1368 1280 sinceram,
1387 1249 1542 1282 gloriosam.
1570 1254 1650 1285 atque
1676 1251 1788 1277 immor-

1003 1295 1081 1322 talem
1095 1294 1294 1330 perfectamque
1309 1295 1425 1322 continet
1438 1295 1568 1329 Itetiliam,
1584 1304 1597 1323 a
1613 1297 1681 1324 bona
1695 1298 1789 1332 quavis

998 1340 1163 1367 conscientia
1181 1340 1307 1374 genitam,
1325 1341 1433 1368 coronis
1454 1346 1542 1368 autem
1566 1342 1720 1370 ctelcstibus
1739 1351 1788 1370 nu-

999 1386 1089 1412 tritam
1104 1386 1300 1419 educatamque
1315 1393 1361 1419 spe
1377 1385 1528 1413 futurorum
1544 1387 1685 1416 bouorttm.
1701 1387 1787 1415 liabet

998 1438 1063 1458 vero
1086 1431 1167 1458 etiam
1195 1430 1301 1457 labores
1325 1430 1483 1465 vigiliasque
1512 1437 1538 1459 et
1565 1433 1786 1465 exercitationes,

998 1477 1096 1511 quibus
1112 1476 1199 1503 virtus
1223 1476 1369 1510 perﬁcitur.
1389 1476 1504 1510 Ignavus
1520 1478 1591 1504 enim
1611 1483 1637 1505 et
1652 1479 1788 1506 dormiens

160 1524 296 1559 ῥᾳθυμῶν
318 1524 366 1550 καὶ
392 1523 530 1550 καθεύδων
553 1523 684 1559 τρόπαιον
714 1523 819 1557 στήσει,
851 1521 909 1548 ἀλλ’
934 1522 949 1548 ὁ

1004 1526 1101 1556 lropwa
1121 1529 1175 1548 non
1195 1525 1305 1553 statuet,
1326 1521 1372 1548 sed
1391 1521 1436 1556 qui
1455 1522 1541 1548 valide
1561 1523 1587 1549 in
1616 1523 1718 1550 hostem
1740 1531 1788 1557 pu«

158 1569 298 1604 λαμπρῶς
314 1569 382 1604 πρὸς
395 1569 459 1600 τοὺς
480 1569 619 1599 ἐναντίους
645 1567 860 1601 ἀγωνισάμενος.
875 1567 906 1593 Ei
921 1567 950 1593 δὲ

159 1615 249 1650 φαίης
264 1614 355 1646 πάλιν,
371 1614 465 1649 ὥσπερ
479 1612 525 1641 οὖν
541 1614 587 1640 καὶ
602 1613 679 1648 ἔφης,
698 1609 752 1639 οἷόν
766 1621 796 1638 τε
822 1610 890 1638 εἶναι
904 1612 950 1638 τὸν

157 1660 198 1687 τὰ
214 1659 328 1695 βιωτικὰ
347 1660 498 1695 πράγματα
515 1659 772 1694 μεταχειριζόμενον
790 1659 948 1693 στεφθῆναι,

157 1706 257 1732 πάντα
270 1705 304 1732 τὰ
317 1705 374 1740 εἴδη
390 1706 439 1739 τῆς
451 1705 552 1740 ἀρετῆς
563 1704 786 1740 κατορθώσειντα,
808 1704 855 1730 καὶ
869 1711 951 1729 σπου-

157 1751 265 1783 δάζων,
292 1751 360 1777 ἀλλὰ
385 1750 422 1785 μὴ
442 1750 547 1781 παίζων
567 1749 689 1785 ἀκριϐῶς
712 1749 800 1775 ταῦτα
826 1749 896 1783 φής·
914 1747 951 1782 μὴ

158 1795 304 1831 φθονήσῃς
317 1794 420 1827 διδάξαι
439 1803 472 1829 με
488 1795 518 1821 τὸ
547 1794 698 1830 παράδοξον
714 1792 793 1820 τοῦτο
811 1793 859 1818 καὶ
883 1791 951 1817 νεώ-

158 1849 245 1876 τερον
262 1841 384 1876 μάθημα.
402 1841 469 1867 Οὐδὲ
481 1841 535 1876 γὰρ
550 1840 644 1875 ῥᾳδίας
663 1840 729 1875 (IS),
746 1839 793 1866 καὶ
810 1838 950 1869 πλατείας,

157 1887 215 1913 καὶ
231 1885 383 1920 ίππηλάτου
399 1884 481 1920 οὗσης
498 1885 548 1918 τῆς
561 1884 688 1918 τοιαύτης
706 1882 777 1913 ὁδοῦ,
796 1881 952 1916 πράγματα

162 1931 301 1967 βούλομαι
318 1931 398 1962 αὑτός
412 1939 441 1956 τε
459 1931 541 1965 ἔχειν,
558 1929 606 1955 καὶ
627 1929 683 1959 τοῖς
705 1927 794 1958 ἄλλοις
810 1926 950 1960 παρέχειν,

157 1977 254 2010 λέγων
270 1976 300 2002 τὸ
325 1975 521 2008 ἀποστολικὺν,
543 1976 584 2000 ὅτι
605 1984 613 1999 ί
634 1974 682 2000 Διὰ
705 1972 811 1999 πολλῶν
836 1970 952 2004 θλίψεων

156 2021 206 2048 δεῖ
223 2021 295 2056 ἡμᾶς
310 2020 438 2047 εἰσελθεῖν
451 2021 490 2052 είς
504 2020 552 2055 τὴν
564 2019 702 2049 βασιλείαν
718 2018 772 2044 τῶν
789 2016 922 2052 οὐρανῶν.
941 2024 949 2040 ι

164 2067 202 2093 '0
220 2066 274 2102 γὰρ
292 2067 428 2100 Δεσπότης
450 2065 566 2100 Χριστὸς
585 2064 754 2099 ἀπεφήνατο,
771 2061 865 2096 στενὴν
884 2059 952 2087 εἶναι

156 2113 217 2147 τὴν
231 2111 332 2147 πύλην,
349 2111 396 2137 καὶ
414 2110 597 2145 τεθλιμμένην
611 2110 660 2145 τὴν
680 2109 749 2139 ὁδὸν,
766 2107 813 2143 τὴν
830 2106 952 2140 ἀπάγου-

157 2166 219 2185 σαν
234 2158 272 2188 είς
289 2157 337 2191 τὴν
352 2156 433 2192 ζωὴν,
451 2156 498 2182 καὶ
514 2156 620 2190 ὀλίγους
646 2153 716 2181 εἶναι
730 2155 792 2186 τοὺς
811 2153 952 2188 εὑρίσκον-

1001 1565 1133 1600 gnaverit.
1151 1564 1179 1592 Si
1196 1565 1293 1592 iterum
1316 1564 1440 1598 olq‘ieias,
1459 1566 1529 1600 quod
1543 1566 1622 1597 facis,
1639 1567 1695 1594 fieri
1709 1572 1787 1601 posSe

1002 1615 1029 1637 ut
1045 1610 1091 1645 qui
1107 1611 1140 1636 ad
1158 1611 1301 1636 humanam
1320 1610 1401 1636 vitam
1421 1611 1525 1645 negotia
1545 1612 1704 1645 pertinentia
1733 1618 1787 1640 tra-

1002 1660 1065 1687 ctet,
1089 1660 1235 1682 coronetur
1252 1655 1325 1682 omni
1347 1656 1475 1682 virtutum
1497 1661 1610 1684 ornatus
1632 1665 1738 1692 genere.
1756 1657 1789 1685 Et

1002 1701 1073 1726 serio
1100 1700 1155 1727 haec
1179 1699 1298 1733 quidem,
1317 1704 1496 1734 accurateque
1518 1709 1569 1728 non
1593 1702 1710 1736 jocando
1732 1702 1787 1729 lure

1002 1744 1118 1778 profers,
1135 1752 1187 1770 non
1206 1744 1316 1771 moleste
1330 1749 1418 1772 tamen
1435 1745 1505 1772 feres
1518 1746 1614 1772 docere
1630 1754 1672 1773 me
1689 1754 1786 1773 novum

1003 1790 1054 1817 hoc
1078 1795 1104 1816 et
1133 1789 1288 1816 inusitatum
1313 1794 1360 1816 aut
1388 1790 1545 1818 incredibile
1571 1791 1678 1825 dogma.
1696 1791 1788 1825 Neque

1002 1841 1066 1861 vero
1079 1841 1129 1868 ego
1143 1834 1248 1861 tametsi
1266 1833 1364 1866 facilis,
1390 1834 1454 1867 lata,
1476 1839 1502 1861 et
1526 1843 1618 1869 prope,
1635 1841 1664 1863 ut
1687 1837 1722 1862 ita
1748 1837 1788 1863 di-

1003 1887 1072 1911 cant,
1086 1880 1187 1906 curulis
1203 1886 1274 1906 esset
1294 1881 1346 1912 via,
1365 1888 1423 1913 qua:
1439 1881 1471 1907 ad
1492 1881 1589 1907 ctelum
1614 1881 1697 1912 ducit,
1721 1881 1786 1908 mihi

1005 1930 1093 1951 tamen
1117 1925 1210 1951 aliisve
1225 1933 1283 1951 eam
1300 1924 1433 1951 difﬁcilem
1452 1926 1564 1952 reddere
1581 1925 1671 1955 velim.
1686 1933 1788 1953 memor

1003 1970 1060 2003 ejus
1087 1970 1225 2004 apostolici
1253 1970 1341 1997 dicti:
1362 1980 1372 1996 ι
1406 1971 1456 1998 Per
1478 1971 1575 1997 multas
1602 1971 1788 1998 tribulatioues

1003 2020 1109 2049 oportet
1126 2023 1175 2042 nos
1201 2015 1302 2042 intrare
1323 2015 1349 2042 in
1376 2023 1486 2050 regnum
1512 2017 1556 2043 Dei
1571 2016 1605 2044 θ’.
1627 2025 1636 2042 ι
1665 2016 1789 2044 Christus

1003 2069 1068 2088 vero
1094 2060 1222 2088 Dominus
1257 2061 1377 2088 ostendit
1417 2066 1556 2096 angustam
1585 2069 1647 2089 esse
1672 2067 1787 2096 portam,

1005 2106 1129 2140 viamque
1158 2106 1330 2139 laboriosam,
1351 2114 1410 2140 qum
1426 2107 1458 2133 ad
1476 2107 1556 2133 vitam
1586 2107 1666 2133 ducat
1690 2107 1790 2141 sempi-

1005 2156 1120 2183 ternam,
1136 2159 1287 2186 panemque
1313 2152 1379 2178 adeo
1400 2159 1471 2184 csse,
1495 2152 1540 2186 qui
1558 2158 1617 2179 eam
1643 2152 1788 2186 reperiant.

107 2218 118 2222 ο
232 2183 325 2237 αὑτήν.Δ
344 2183 433 2228 ’Ᾰλλὰι
441 2203 494 2238 γὰρ
521 2183 599 2228 τοέτο
611 2183 646 2228 ⁷οὐ
664 2183 790 2236 δύναμοιι⁷
799 2183 906 2235 μαθεῖν,
923 2198 953 2225 οὺ

1007 2198 1061 2224 Sed
1088 2197 1138 2224 hoc
1160 2197 1283 2231 equidem
1300 2204 1352 2223 non
1372 2204 1479 2231 possum
1498 2196 1601 2223 discere
1618 2205 1624 2223 :
1645 2204 1697 2223 nou
1717 2197 1789 2224 enim

156 2250 223 2284 γὰρ
249 2250 296 2284 ἐᾷς
311 2249 342 2274 σὺ
361 2249 407 2275 καὶ
424 2249 458 2274 δι’
471 2245 507 2275 ὧν
522 2248 623 2282 λέγεις,
638 2249 687 2274 καὶ
702 2248 734 2274 δι’
760 2243 798 2273 ὧν
813 2246 953 2281 πράττεις,

155 2294 415 2328 ἁντιφθεγγόμενος
432 2293 517 2330 ταύτῃ
532 2302 561 2319 τε
576 2295 609 2328 τῇ
624 2293 706 2328 ψήφῳ
716 2313 723 2325 ,
736 2292 784 2319 καὶ⁹
797 2293 853 2323 τοῖς
871 2290 954 2322 θείοις

155 2340 314 2377 χρησμοῖς,
332 2340 379 2366 καὶ
395 2339 526 2366 τάναντία
541 2339 686 2366 παιδεύων.

264 2392 345 2420 TEZ’.
365 2408 401 2414 —
419 2393 617 2427 ΘΕΟΓΝΩΣΤῼ
637 2391 869 2426 ΠΡΕΣΒΥΤΕΙᾮ.

1007 2242 1108 2269 desinis
1126 2246 1152 2268 tu
1169 2249 1216 2276 per
1238 2249 1267 2268 ea
1283 2248 1343 2275 quae
1360 2241 1448 2276 jactus
1462 2241 1573 2276 agisque
1588 2242 1707 2276 quotidie
1727 2242 1790 2269 huic

1007 2288 1149 2315 sententia:
1166 2287 1324 2319 reclamare,
1349 2291 1428 2321 atque
1454 2287 1551 2314 divinis
1561 2288 1677 2315 oraculis
1691 2288 1788 2319 obniti,

1008 2334 1062 2361 imo
1073 2334 1207 2361 contraria
1221 2334 1301 2360 etiam
1323 2333 1422 2367 passim
1437 2333 1542 2360 docere.

1007 2385 1178 2414 CCCLXV“.
1204 2400 1239 2405 —
1267 2385 1509 2413 'I‘HEOGNOSTE
1544 2385 1789 2417 ,PRESBYTERO.

410 2440 447 2466 De
461 2441 558 2467 ultione
568 2439 656 2466 divina
673 2440 701 2465 iu
717 2439 774 2465 illos
787 2439 832 2470 qui
847 2437 950 2464 nomine
964 2439 987 2462 et
1007 2439 1105 2465 tropaeo
1120 2433 1206 2460 crucis
1218 2433 1314 2467 signati
1334 2433 1440 2466 indigne
1454 2433 1551 2461 vivunt.

202 2495 354 2523 Πέπτωκεν
376 2495 391 2521 ὁ
411 2493 542 2526 διάὁολος,
565 2494 589 2520 εἰ
603 2494 650 2519 καὶ
665 2492 874 2527 ἀπερισκέπτως
890 2491 953 2527 θρα-

153 2541 290 2569 σύνεται.
313 2539 483 2575 Θρασύνεται
505 2539 552 2572 δὲ,
573 2538 622 2573 τὴν
650 2538 788 2574 ἡμετέραν
815 2536 954 2573 ρᾳθυμίαν

151 2586 276 2621 ἑφόδιον
296 2585 346 2620 τῆς
367 2585 469 2616 οἰκείας
494 2584 622 2615 ἀπονοίας
643 2583 813 2617 ποιούμενος.
840 2583 876 2608 Τὸ
899 2581 954 2617 γὰρ

154 2639 300 2668 μιγιστον
315 2631 363 2657 καὶ
383 2630 454 2656 θεῖον
474 2629 616 2665 τρόπαιον,
642 2629 710 2664 ὅπερ
726 2629 740 2654 ὁ
765 2628 858 2664 Σωτὴρ
873 2628 954 2662 δεῦρο

183 2721 216 2736 ’⁸
234 2720 292 2748 Ant.
314 2729 369 2754 xw,
384 2721 430 2747 Ἢ.

1045 2488 1171 2515 Diabolus
1191 2488 1258 2515 coelo
1274 2487 1383 2520 decidit,
1398 2492 1515 2515 attamen
1545 2487 1607 2516 ferit
1639 2495 1671 2514 ac
1697 2487 1790 2515 ferocit

1009 2535 1180 2562 temerarius.
1196 2534 1303 2561 Fcrocit
1319 2534 1390 2560 enim
1412 2534 1546 2568 audetque
1560 2534 1681 2562 socordia
1700 2539 1790 2561 nostra

1008 2580 1159 2608 subsidium
1170 2579 1220 2607 sibi
1237 2579 1352 2614 propria:
1362 2586 1459 2614 parare
1475 2578 1610 2606 amentiae.
1625 2577 1701 2611 Quod
1720 2578 1790 2605 enim

1010 2626 1157 2653 maximum
1172 2633 1204 2652 ac
1218 2625 1339 2653 divinum
1356 2629 1485 2660 tropteum
1501 2624 1591 2652 crucis
1606 2625 1638 2652 ad
1656 2631 1705 2651 nos
1721 2624 1790 2650 Deus

725 2775 842 2803 VARI/il
862 2775 1051 2804 LECTIO‘NES
1071 2775 1115 2803 ET
1134 2775 1248 2804 ΝΟΤᾹΞ.

197 2855 262 2890 (Η)
280 2855 317 2882 Ex
339 2855 530 2890 τιθυνουμένην
546 2855 605 2882 cod.
628 2855 679 2882 Alt.
700 2854 767 2882 tollit
791 2863 825 2880 τι.
849 2852 951 2881 Possm.

292 2903 424 2934 PATtwL.
441 2904 498 2934 Gtt.
520 2902 678 2933 LXXVIII.

1044 2853 1099 2888 (lsi
1125 2852 1232 2889 Ῥᾳδίας
1246 2853 1306 2881 cod.
1319 2851 1371 2880 Alt.
1387 2855 1470 2879 mutat
1483 2850 1509 2878 in
1526 2849 1635 2886 ῥᾳδίως.
1650 2848 1688 2876 In.

1552 2895 1589 2926 49
