2049 3162
207 173 274 205 1549

645 168 910 200 EPISTOLARUM
930 167 1002 196 LIB.
1024 167 1057 197 V.
1073 179 1106 185 —
1125 168 1243 198 EPIST.
1265 166 1456 197 CCCLXXIV.

1768 163 1835 196 1550

205 228 354 265 ἀπαιτῶμεν
382 228 497 259 ἑαυτοὺς
523 228 754 263 παρασκευάζειν,
777 227 853 253 οὐδὲν
881 223 939 253 οἶόν
964 230 1020 255 τεί

1052 225 1178 258 temporis
1203 233 1244 251 res
1260 232 1309 251 nos
1330 225 1402 258 ipsos
1428 222 1593 258 decipit-mes
1616 227 1746 256 apparare
1761 221 1834 247 vide-

205 276 294 302 ποιεῖν
310 274 510 309 ἐξελέγχονται.

332 372 393 400 TO'.
410 388 445 393 —
460 372 656 408 ΔΠΟΛΛΩΝΙῼ
674 374 858 409 ΕΠΙΣΚΟΠῼ.

1049 278 1120 302 mur,
1157 271 1228 305 quod
1256 271 1397 298 absolvere
1437 277 1489 296 non
1523 268 1700 301 potuerimus,
1725 274 1836 295 accusa-

1048 318 1147 344 bitnur.

1145 370 1294 398 CCCLXX.
1305 386 1339 390 —
1354 369 1548 398 APOLLONIO
1563 369 1734 398 EPISCOPO.

726 421 816 448 Victor
828 422 887 455 quis
905 428 972 447 ιιι-γε.
987 419 1077 454 (Conf.
1093 420 1171 454 epist.
1192 418 1224 445 76
1237 424 1259 446 et
1274 417 1332 452 88.)

241 475 273 502 Ei
302 475 350 501 καὶ
376 474 464 501 δειναὶ
485 475 514 500 ἐν
537 476 594 506 τοῖς
621 474 766 510 πράγμασι
797 475 994 510 συμϐαίνουσαι

206 519 317 555 ἀπορίαι
340 520 371 546 τὸ
392 520 466 551 εἰκὸς
487 519 604 553 ἀνελεῖν,
622 521 670 546 καὶ
692 520 747 555 (19))
772 519 820 546 τοῦ
845 520 995 555 πρέποντος

205 565 391 600 ἀναγκάζουσι
406 566 435 592 τὸ
461 567 657 601 παρεμπίπτον
683 566 810 592 ἑλέσθαι·
834 566 892 592 ἀλλ’
911 563 956 593 οὖν
971 567 995 592 οἱ

206 611 367 646 φρονήσεως
386 612 437 637 οὐκ
453 612 649 647 ὰμοιροῦντες,
672 611 719 637 καὶ
733 613 766 647 τῇ
783 612 843 647 θείᾳ
867 611 942 646 δεξιᾷ
963 612 997 638 τὰ

207 656 269 683 καθ’
287 657 401 688 ἑαυτοὺς
418 656 627 691 ἐπιτρέποντες,
649 657 679 684 τὺ
699 657 805 692 πρέπον
830 657 932 692 μᾶλλον
948 657 995 683 τοῦ

207 702 363 736 παραυτίκα
387 702 528 733 δοκοῦντος
555 701 732 736 αἱρούμενοι,
750 702 779 727 οὐ
796 700 834 736 τῷ
857 701 932 733 δόξαι
949 702 996 736 ήε-

207 747 306 782 τῆσθαι
323 747 559 782 δυσχεραίνουσιν,
578 747 645 773 ἀλλὰ
660 746 699 781 τῷ
724 746 809 778 ὕνεως
824 746 996 780 νενικηκέναι

208 793 380 827 ἀγάλλονται.
403 793 475 827 Νίκη
494 792 549 827 γὰρ
570 792 678 828 ἀληθῶς
700 792 731 818 οὐ
751 791 782 818 τὸ
797 792 885 818 δοκεῖν
907 800 996 826 παρα-

208 840 302 874 χρῆμα
319 838 492 873 νενικηκέναι
506 857 513 870 ,
530 837 598 864 ἀλλὰ
613 837 644 863 τὸ
666 837 768 872 ἀρετῆς
784 837 831 863 καὶ
855 836 997 868 εὐσεῦείας

210 883 247 918 μὴ
263 883 481 909 ἐκπεπτωκέναι.

221 937 305 964 ΤΟΛ¹.
322 952 357 957 -
374 936 506 971 ΕΡΜΙΝῼ
523 936 583 962 ΚΑΙ
600 936 717 962 IEPAKI
732 935 977 970 ΛΑΜΠΡΟΤΑΤῼ.

1086 473 1141 500 Etsi
1151 480 1211 508 quia
1224 473 1250 500 in
1262 473 1342 499 rebus
1352 472 1479 507 gravibus
1490 476 1637 499 occurrunt
1648 473 1837 507 ambiguitates

1049 520 1161 547 multum
1176 519 1284 546 Valeant
1295 526 1326 545 ac
1340 525 1408 553 pene
1420 522 1517 552 cogant
1531 518 1564 544 ab
1575 518 1686 544 honesto
1697 518 1838 552 oﬂicioque

1049 566 1167 598 deviare,
1191 570 1280 592 tamen
1304 565 1349 600 qui
1376 564 1518 599 prudentia
1540 571 1591 590 non
1612 567 1715 595 carent,
1736 571 1838 597 suaque

1050 611 1146 638 divina:
1161 610 1260 636 dextra!
1286 609 1467 639 committunt.
1490 609 1616 635 decorum
1644 607 1731 641 potius
1756 615 1837 642 quam

1051 654 1077 681 id
1089 654 1160 690 quod
1174 653 1257 687 prima
1277 653 1366 681 fronte
1388 656 1499 687 apparet
1524 652 1664 687 eligentes,
1691 659 1743 678 non
1767 659 1839 686 :egre

1052 700 1141 727 ferunt
1172 700 1242 734 quod
1266 699 1334 726 vinci
1361 699 1512 731 videantur,
1545 698 1592 725 sed
1617 705 1711 724 revera
1742 697 1838 723 vicisse

1051 745 1212 780 gloriantur.
1226 745 1305 780 671
1324 744 1392 771 Vera
1404 745 1476 771 enim
1490 743 1602 770 victoria
1619 750 1671 769 non
1684 748 1725 769 est
1741 742 1839 768 vicisse

1051 791 1134 817 videri
1154 791 1180 817 in
1197 795 1328 825 tempore,
1347 791 1394 818 sed
1410 790 1508 817 virtute
1524 796 1555 816 ac
1573 788 1673 824 pietate
1689 795 1740 815 non
1763 788 1837 814 exci-

1051 836 1132 863 disse.

1050 936 1211 964 CCCLXXI.
1239 952 1274 956 —
1306 935 1459 963 HERMINO
1489 935 1532 962 ET
1564 932 1712 965 IIIERACI,
1747 930 1839 958 VIRIS

1329 970 1553 999 CLARISSIMIS.

402 1018 470 1044 Deus
488 1025 539 1043 non
558 1017 642 1043 solum
658 1025 690 1044 ea;
706 1018 809 1048 merito,
822 1017 866 1043 sed
880 1022 904 1044 et
925 1025 1005 1050 supra
1020 1018 1142 1045 meritum
1160 1026 1220 1045 suos
1236 1019 1368 1045 honorare
1390 1023 1412 1045 et
1432 1018 1483 1046 uult
1499 1022 1524 1045 et
1544 1023 1636 1052 potest.

250 1073 281 1100 'H
303 1074 440 1109 ἀκήρατος
456 1074 503 1099 καὶ
519 1073 578 1099 θεία
606 1072 726 1108 δύναμις
743 1072 810 1107 μόνη
838 1072 886 1108 μὲν
915 1072 1002 1099 ἐθέλει

210 1120 268 1146 κατ’
281 1119 358 1151 ἀξίαν
375 1119 468 1154 τιμᾷν.
485 1119 562 1154 Μόνη
577 1118 606 1144 δὲ
624 1118 671 1144 καὶ
694 1117 750 1153 ἔχει
765 1118 798 1144 δι’
821 1115 858 1145 ὦν
874 1118 998 1153 τιμήσει,

210 1167 242 1201 τῇ
271 1165 400 1200 βουλήσει
425 1165 476 1199 τῆς
503 1164 644 1199 δυνάμεως
664 1164 868 1199 ἀμιλλωμένης.
895 1164 1001 1191 Οὐκοῦν

211 1212 401 1246 ἀγαπήσωμεν
418 1210 512 1246 αὐτὴν,
529 1210 579 1246 τὴν
597 1210 742 1245 μόνην,καὶ
762 1209 907 1236 ἐθέλουσαν
927 1210 1002 1245 ἡμᾶς

210 1257 342 1291 τιμῆσαι,
359 1255 405 1281 καὶ
426 1254 552 1290 ἔχουσαν,
577 1255 611 1281 δι’
624 1251 660 1280 ὦν
676 1253 706 1280 οὑ
725 1253 806 1288 μόνον
832 1254 891 1280 κατ’
911 1252 1001 1286 ἀξίαν,

211 1304 279 1331 ἀλλὰ
295 1304 342 1330 καὶ
362 1304 432 1339 ὑπὲρ
445 1303 494 1338 τὴν
518 1303 595 1336 ἀξίαν
611 1303 739 1338 τιμήσει·
757 1311 766 1328 ι
785 1302 842 1328 Οὐκ
858 1302 921 1335 ἄξια
933 1303 998 1338 γὰρ,

213 1351 289 1386 φησι,
304 1350 338 1377 τὰ
353 1350 504 1385 παθήματα
529 1349 576 1375 τοῦ
592 1348 639 1375 νῦν
664 1348 760 1384 καιροῦ
785 1348 853 1382 πρὸς
867 1349 917 1384 τὴν
935 1349 1001 1384 μέλ-

214 1395 313 1422 λουσαν
331 1394 410 1427 δόξαν
425 1394 661 1428 ἀποκαλυφθῆναι.
686 1402 696 1419 r

371 1439 455 1466 TOB'.
475 1455 510 1459 —
523 1438 676 1474 ΘΕΟΔΩΡῼ
693 1438 842 1473 ΕΠΑΡΧῼ.

1088 1073 1245 1109 lneorrupta
1261 1081 1369 1108 semper
1383 1073 1526 1108 divinaque
1552 1074 1593 1100 vis
1624 1073 1680 1099 vult
1699 1077 1726 1100 et
1751 1076 1839 1107 potest

1052 1119 1168 1154 aliquem
1181 1120 1324 1147 honorare.
1344 1119 1424 1146 Solus
1437 1119 1509 1146 enim
1535 1119 1603 1146 Deus
1625 1119 1706 1145 habet
1720 1126 1773 1152 quo
1789 1119 1838 1145 ho-

1052 1170 1140 1198 noret,
1161 1165 1300 1193 Voluntate
1328 1165 1436 1198 quidem
1464 1172 1524 1191 eum
1555 1164 1682 1191 facultate
1706 1169 1838 1192 certante.

1052 1210 1142 1243 Quare
1156 1212 1311 1238 adamemus
1324 1210 1420 1244 Deum,
1442 1210 1488 1245 qui
1513 1210 1585 1238 solus
1611 1217 1637 1238 et
1657 1210 1713 1237 vult
1738 1210 1840 1238 honore

1053 1253 1173 1288 aﬂ‘icere,
1191 1259 1217 1282 et
1233 1255 1314 1282 habet
1328 1262 1380 1290 quo
1391 1262 1444 1282 non
1455 1260 1557 1282 tantum
1575 1262 1622 1289 pro
1638 1254 1777 1289 dignitate,
1792 1254 1851 1281 sed‘

1053 1301 1134 1328 etiam
1148 1308 1229 1336 supra
1249 1302 1372 1329 meritum
1398 1301 1514 1328 honoret
1540 1309 1546 1328 :
1574 1309 1583 1326 ι
1614 1300 1672 1327 Non
1694 1302 1777 1333 enim,
1802 1299 1840 1326 ait

1050 1346 1201 1381 Scriptura,
1216 1347 1355 1381 condigna:
1370 1350 1432 1374 sunt
1458 1346 1597 1381 passiones
1614 1345 1692 1380 hujus
1711 1345 1840 1380 temporis

1052 1394 1085 1420 ad
1101 1392 1218 1419 futuram
1231 1392 1353 1428 gloriam,
1370 1400 1430 1427 quae
1453 1392 1615 1419 revelabitur
1639 1392 1665 1418 in
1688 1391 1765 1419 nobis
1775 1392 1808 1418 ".
1825 1400 1836 1418 ι

1125 1437 1188 1465 CCC
1194 1437 1296 1464 LXXII.
1312 1454 1346 1459 —
1359 1436 1544 1465 TllEODORO
1567 1436 1767 1465 PBJEFECTO.

703 1483 767 1515 Quis
790 1483 886 1517 optime
904 1483 1056 1518 reipublica:
1073 1483 1161 1518 pra’sit
1179 1483 1354 1518 δημαγωγός.

250 1541 379 1576 Ἀριστον
392 1538 557 1574 δημαγωγὸν
568 1538 615 1565 καὶ
623 1537 745 1573 ἡγεμόνα
754 1538 855 1564 ἐκεῖνον
866 1537 898 1564 ἂν
913 1537 1000 1572 ἔγωγε
1015 1535 1020 1558 ί

1089 1539 1251 1574 Reipublicae
1268 1539 1399 1574 optimum
1415 1546 1477 1567 eum
1496 1538 1610 1566 dixerim
1631 1539 1839 1574 gubernatorem

214 1586 371 1622 ὁρισαίμην,
394 1585 424 1611 οὑ
441 1585 484 1610 τον
515 1583 697 1619 μισθοδοσὶαις
720 1583 827 1615 στάσεις
853 1583 999 1616 κινοῦντα,

215 1632 263 1658 καὶ
277 1632 330 1657 τῶν
350 1630 448 1657 ἑαυτοῦ
466 1629 531 1655 ἴσων
562 1629 601 1665 (οὺ
617 1629 671 1663 γὰρ
684 1627 717 1654 ἂν
736 1628 840 1663 εἴποιμι
861 1629 1000 1664 χειρόνων)

216 1677 310 1711 ὥσπερ
324 1674 460 1702 δεσποτῶν
476 1674 524 1704 τὰς
542 1673 632 1707 φωνὰς
652 1672 834 1707 ὲξωνούμενον
847 1681 853 1688 -
871 1673 939 1699 ἀλλὰ
956 1673 1002 1699 τὸν

216 1723 250 1749 δι’
263 1723 364 1758 ἀρετῆς
378 1722 424 1748 καὶ
439 1720 580 1751 εὐσεϐείας
594 1721 657 1751 τοὺς
671 1719 774 1754 δήμους
795 1718 982 1754 ἐξαρτώμενον
992 1739 1001 1752 ,

218 1768 266 1795 καὶ
281 1768 331 1794 οὐκ
340 1768 368 1793 ἐν
381 1768 440 1797 ταῖς
456 1767 558 1801 φωναῖς
570 1765 649 1800 μόνον
659 1765 922 1800 ἀνακηρυττόμενον,
936 1765 1003 1792 ἀλλὰ

221 1813 267 1840 καὶ
282 1814 311 1839 ὲν
330 1814 389 1844 ταῖς
403 1811 529 1846 γνώμαις
547 1810 772 1845 στεφανούμενον.

234 1867 315 1895 ΤΟΓ¹.
329 1882 361 1888 -
378 1864 904 1927 ΖΩΣΙΜῼ.ΕῐᾉὲξξὲἕῖὸΧΑΙΡΗΜΟΝΙ,
929 1866 990 1892 ΚΑΙ

1054 1593 1086 1613 ac
1103 1586 1270 1620 praefectum,
1285 1594 1336 1612 non
1352 1585 1397 1620 qui
1410 1585 1598 1620 largitionibus
1614 1585 1760 1613 seditiones
1776 1593 1841 1613 con-

1054 1631 1130 1662 citet,
1146 1638 1177 1658 ac
1203 1631 1244 1657 sui
1267 1630 1405 1662 similium,
1421 1636 1472 1656 non
1488 1629 1577 1656 dicam
1600 1629 1775 1661 deteriorum.
1792 1637 1840 1657 ve-

1055 1674 1104 1701 luti
1125 1675 1295 1702 dominorum
1311 1681 1391 1701 voces
1412 1673 1537 1706 redimat,
1551 1673 1599 1701 sed
1623 1674 1669 1708 qui
1695 1673 1794 1702 virtute
1809 1681 1841 1701 ac

1056 1720 1157 1755 pietate
1179 1728 1338 1754 suspensum
1359 1723 1448 1747 teneat
1466 1719 1612 1754 populum:
1630 1726 1715 1754 tneque
1728 1719 1774 1754 qui
1792 1727 1842 1754 po-

1057 1768 1110 1802 puli
1136 1773 1240 1795 tantum
1265 1775 1390 1795 sermone
1411 1772 1438 1795 et
1461 1775 1527 1795 voce
1555 1767 1719 1799 celebretur,
1742 1767 1789 1794 sed
1813 1771 1842 1795 et

1054 1821 1155 1841 aunno.

1054 1867 1235 1896 CCCLXXIII.
1250 1883 1284 1888 —-
1297 1867 1436 1900 ZOSIMO,
1449 1867 1592 1902 MARONI,
1617 1867 1840 1902 CHEREMONI,

1315 1903 1356 1930 [ST
1375 1903 1581 1931 EUSTATIIIO.

581 1945 622 1971 Ad
637 1945 732 1972 bonum
751 1953 842 1972 rursus
862 1946 963 1981 frugem
984 1947 1088 1975 inuitat.
1103 1948 1180 1983 (Sup.
1195 1950 1271 1984 epist.
1286 1949 1347 1981 105,
1362 1954 1386 1976 et
1402 1949 1474 1985 511.)

261 2001 414 2036 Ἐλλόγιμοι
432 2000 479 2026 καὶ
491 1998 600 2034 ἀληθεῖς
618 1998 714 2034 ἄνδρες
725 1999 845 2030 ἐκτόπως
866 2000 938 2034 ὑμᾶς
957 2001 1005 2036 τῆς

1091 2002 1188 2029 Diserti
1209 2003 1258 2029 viii
1275 2003 1410 2038 iidemque
1431 2004 1486 2031 veri
1508 2009 1629 2032 amantes
1648 2009 1768 2036 narrant,
1790 2013 1838 2032 vos

221 2047 321 2078 κακίας
334 2044 552 2072 διαϐεϐαιοῦνται
576 2041 647 2070 εἶναι
666 2044 793 2079 ἐραστὰς,
818 2045 865 2071 καὶ
889 2045 923 2071 τὰ
946 2045 1006 2071 κατ’

1055 2055 1136 2082 supra
1150 2049 1256 2075 modum
1269 2049 1406 2083 improbos
1421 2055 1491 2082 esse,
1509 2055 1652 2085 vestraque
1668 2051 1766 2085 ﬂagitia
1785 2052 1843 2078 siu—

221 2091 292 2123 εἶδος
308 2090 533 2126 πλημμελήματα
545 2089 622 2124 ὑμῶν
643 2089 881 2124 ὲκκωμῳδοῦντες,
906 2090 1006 2125 πολλὴν

1057 2092 1167 2126 gulatim
1190 2093 1417 2127 reprehendentes
1443 2095 1555 2121 multum
1585 2095 1700 2122 atl'eruut
1727 2096 1844 2122 tristitia:
1876 2122 1881 2127 ,

220 2138 383 2171 καταχέουσι
399 2137 455 2166 τοῖς
470 2136 507 2169 μὴ
520 2135 684 2170 ἀναλγήτοις
703 2134 751 2169 τὴν
769 2134 875 2168 ὀδύνην.
899 2135 969 2169 Ἐγὼ
979 2136 1007 2161 δὲ

1057 2144 1166 2164 sensum
1182 2137 1297 2171 aliquem
1312 2138 1483 2166 habentibus.
1500 2139 1628 2174 Equidem
1647 2141 1714 2168 duas
1728 2141 1762 2167 ob
1778 2148 1843 2168 cau-

220 2183 290 2210 αὐτὰ
305 2182 335 2209 οὗ
351 2182 446 2216 φράσω
461 2181 533 2206 δυοῖν
548 2180 650 2206 ἕνεκεν.
664 2179 733 2205 Οὔτε
745 2179 799 2215 γὰρ
812 2180 942 2215 βούλομαι
958 2189 1006 2215 μο-

1058 2189 1102 2209 sas
1115 2182 1158 2209 illa
1176 2191 1228 2210 non
1245 2182 1370 2210 referam.
1387 2182 1477 2217 Neque
1489 2184 1558 2210 enim
1572 2184 1690 2218 linguam
1701 2187 1844 2212 narrandis

219 2229 298 2256 λῦναι
314 2228 364 2263 τὴν
382 2227 516 2261 γλῶτταν,
541 2225 602 2252 οὔτε
621 2225 645 2251 εἰ
674 2225 830 2260 βουλοίμην,
854 2226 1004 2260 δυναίμην·

1060 2227 1093 2254 iis
1107 2229 1293 2255 contaminare
1307 2228 1377 2260 volo,
1391 2236 1487 2262 neque,
1504 2228 1526 2256 si
1546 2229 1635 2263 velim,
1653 2230 1763 2263 possim,
1778 2231 1844 2257 adeo

219 2274 305 2305 οὕτως
329 2273 436 2299 ἅπαντα
459 2271 537 2305 λόγον
561 2270 730 2305 ὑπερϐαίνει.
754 2271 845 2306 Ὑμῶν
869 2269 915 2297 οὖν
947 2273 1005 2298 ἐστι

1059 2279 1166 2300 omnem
1181 2277 1310 2307 superant
1338 2273 1442 2300 dicendi
1470 2273 1533 2300 vim.
1553 2272 1641 2306 Quare
1657 2278 1775 2301 vestrum
1801 2280 1843 2302 est

221 2321 343 2352 σκοπεῖν,
354 2319 428 2349 ὅπως
443 2317 585 2352 παύσησθε
601 2316 655 2342 τῶν
668 2315 796 2343 τοιούτων
812 2317 973 2352 δραμάτων,
986 2317 1004 2343 ἃ.

1059 2318 1274 2345 animadvertere
1296 2322 1325 2344 ut
1347 2322 1373 2345 et
1396 2318 1491 2345 horum
1509 2318 1668 2346 delictorum
1691 2320 1770 2347 tinem
1785 2329 1842 2347 mo-

220 2366 268 2393 καὶ
279 2366 341 2397 τοὺς
353 2365 481 2396 λέγοντας
499 2363 627 2398 ἑρυθριᾷν
640 2361 854 2397 παρασκευάζει.

476 2453 558 2481 ΤοΔι.
574 2467 607 2473 -
623 2452 749 2488 unae.

1061 2365 1177 2398 dumque
1192 2363 1326 2396 statuatis,
1343 2367 1371 2390 ut
1383 2363 1417 2390 ab
1427 2363 1557 2397 ejusmodi
1572 2365 1698 2398 operibus
1711 2367 1842 2394 abstinea-

1061 2408 1095 2435 tis
1113 2415 1173 2442 quae
1190 2408 1363 2435 narrantibus
1378 2408 1505 2442 pudorem
1527 2409 1668 2438 incutiunt.

1268 2452 1450 2482 CCCLXXIV.
1465 2468 1501 2474 —
1512 2454 1634 2482 PAULO.

891 2499 979 2526 Virtus
994 2500 1185 2535 amplectenda.

257 2556 311 2588 Τὰς
326 2556 426 2592 ἀρετὰς
438 2557 516 2591 εἷμα,
550 2556 587 2592 μὴ
605 2555 654 2588 τὰς
683 2555 834 2590 εὐημερίας
859 2554 1004 2590 θεράπευε.

221 2603 253 2629 Al
266 2603 314 2637 μὲν
328 2602 380 2638 γὰρ
395 2602 529 2630 ἀθάνατόν
549 2603 603 2628 εἰσι
615 2602 721 2637 χρῆμα,
734 2601 763 2628 αἱ
777 2601 805 2627 δὲ
815 2600 914 2636 ῥᾳδίως
929 2600 1006 2627 σϐέν-

222 2657 324 2676 νυνται.

261 2704 284 2720 ⁹⁶
298 2703 376 2731 Rom.
392 2711 452 2735 vttt,
477 2702 522 2729 18.

1097 2556 1229 2583 Virtutem
1256 2557 1325 2590 cole,
1350 2564 1401 2585 nec
1425 2557 1540 2585 fortuna”:
1564 2557 1641 2585 bonis
1668 2558 1781 2586 servias.
1796 2558 1842 2585 illa

1060 2601 1131 2627 enim
1147 2600 1209 2634 quid
1234 2600 1386 2629 immortale
1404 2606 1466 2635 est;
1483 2601 1540 2629 haec
1555 2608 1617 2628 vero
1632 2600 1701 2628 ﬂuxa
1715 2605 1788 2636 sunt,
1805 2601 1844 2627 ci-

1062 2651 1144 2680 toque
1160 2651 1282 2681 pereunt.

774 2743 889 2772 VARle
913 2742 1105 2772 LECTIONES
1130 2744 1313 2778 ET_NOT/E.

260 2819 314 2854 (l9)
331 2818 402 2847 lnter
418 2819 464 2845 καὶ
478 2822 504 2845 et
516 2816 562 2843 τοῦ
579 2815 657 2844 ambo
672 2815 749 2843 codd.
785 2815 907 2842 inserunt
929 2813 980 2847 πρὸ
1005 2821 1019 2841 e

1063 2815 1141 2850 paulo
1169 2820 1229 2851 post
1255 2823 1304 2851 pro
1322 2815 1504 2850 ἀναγκάζουσι
1529 2815 1651 2843 scribunt
1677 2815 1854 2855 (ξιναιγκοὶιοιι.¹

224 2854 328 2882 Possm.
