2049 3162
232 187 240 219 l
246 189 297 221 555

824 187 854 217 S.
875 187 1019 217 ISIDORI
1038 185 1256 216 PELUSIOTxE

1786 185 1795 217 l
1802 187 1852 218 556

227 246 299 279 quod
314 248 367 276 est,
380 243 493 278 ingenue
508 241 689 270 conﬁtendum
708 249 803 269 omnes
815 241 1004 276 semiperfecta

1067 241 1220 277 ἀκρότατον
1234 239 1384 276 ἀφίξονται.
1407 241 1477 268 Ἀλλ’
1491 242 1515 269 εί
1527 242 1578 278 χρὴ
1589 242 1618 269 τὸ
1629 241 1742 276 ἀκριϐὲς
1755 243 1854 276 εἰπεῖν,

227 289 359 316 etcrudas
374 296 421 315 seu
439 294 598 322 pnecoquas
614 287 763 322 possident.
784 285 811 314 Si
826 291 915 314 autem
931 287 1016 313 abun-

227 335 292 362 dare
310 341 342 361 ac
363 340 491 368 superare
505 333 603 359 artium
630 331 742 359 scientia
763 332 914 364 videantur,
934 339 1016 366 snpe-

227 385 322 408 rantur
333 379 464 411 vicissim,
473 379 544 413 quod
557 377 707 405 accuratius
718 377 838 412 singulas
849 381 1015 412 cognoscant

227 425 291 457 alii,
306 430 387 460 alque
404 433 418 452 a
436 429 510 460 tergo
527 424 679 458 relinquant
697 423 862 458 disciplinas.

225 480 308 517 675
323 479 506 508 CCCLXXXI.
520 477 750 540 -ἁ
766 476 1011 505 REMPUBLICAM

1068 287 1132 317 ὅλας
1149 286 1290 322 ἡμιτελεῖς
1309 287 1356 313 καὶ
1378 287 1486 322 ἀώρους
1500 289 1689 322 κεκτήσονται.
1712 288 1742 314 Εἰ
1758 287 1786 314 δὲ
1808 289 1856 315 καὶ

1069 332 1172 359 δοκοῖεν
1197 333 1370 359 πλεονεκτεῖν
1393 332 1431 368 τῷ
1452 333 1548 364 πολλὰς
1570 333 1680 365 εἰδέναι,
1704 333 1761 359 ἀλλ’
1781 334 1858 360 ἀντι-

1069 378 1295 405 πλεονεκτοῦνται
1317 378 1356 413 τῷ
1371 378 1514 405 λείπεσθαι
1529 379 1584 409 τοῖς
1607 379 1645 410 είς
1669 379 1717 413 τὴν
1736 379 1856 414 ἑκάστην

1068 422 1165 458 τέχνην
1182 423 1286 458 ἄκροις.

1144 477 1230 505 THA'.
1249 493 1283 498 —
1298 478 1471 513 ΚΑΣΣῘΔΝῼ
1496 478 1777 514 ΠΟΛΙΤΕΥΟΜΕΝῼ.

602 560 740 594 Cupientes
754 567 821 593 stupe
831 559 911 592 capti.
930 558 967 585 De
979 559 1062 592 fratre
1083 559 1118 585 ad
1137 558 1236 585 Cliriui
1250 559 1327 593 [idem
1340 567 1472 586 cam-erae.

260 615 350 644 Fratri
371 619 416 642 luo
427 614 496 642 idem
511 621 594 648 prope
609 614 719 647 accidit,
734 613 804 648 quod
818 613 948 641 ministris
961 612 1012 640 illis

225 661 316 690 missis
328 669 342 688 a
352 660 497 688 Pharismis
511 663 541 686 ut
552 658 690 686 Christum
707 658 881 690 abducerent,
900 658 1013 684 redeun-

226 707 298 734 tibus
310 713 372 733 vero
387 713 448 732 mox
464 711 524 731 cum
541 703 641 738 ingenti
655 703 842 730 admirationis
856 708 965 737 stupore
974 704 1008 729 ³⁸.

226 751 262 780 Ut
277 752 348 779 enim
371 751 408 778 illi
423 756 549 778 sermone
563 749 622 783 ejus
642 749 713 784 capti
736 754 818 783 sunt,
833 754 860 776 et
883 749 958 777 missi
982 753 1011 777 ut

224 802 367 833 caperent,
381 796 452 831 capti
470 794 649 822 admiratione
665 794 814 822 discedunt.
836 793 881 822 Sic
897 799 924 821 et
942 795 1008 829 ipse,

225 847 256 870 ut
277 842 382 874 aiebat,
398 847 491 876 captus
507 841 638 869 orationis
653 841 787 876 elegantia
814 846 917 868 tantum
935 841 1011 868 abest

224 892 253 914 ut
271 887 392 922 religioni
411 888 531 914 adversa:
542 886 695 919 obstiterit,
708 891 737 913 ιιι
751 886 833 913 etiam
851 886 908 920 ejus
922 893 1010 920 prmco

1101 612 1296 648 Παραπλήσιόν
1309 622 1334 639 τι
1348 613 1483 640 πέπονθεν
1498 614 1512 640 ὁ
1529 613 1573 645 σὸς
1586 612 1701 648 ἀδελφὸς
1725 615 1780 646 τοῖς
1799 615 1851 641 ὑπ-

1065 658 1185 693 ηρέταις,
1209 660 1266 691 τοῖς
1287 659 1436 695 πεμφθεῖσι
1458 660 1508 695 μὲν
1526 661 1638 694 ἀγαγεῖν
1659 661 1704 687 τὸν
1719 660 1847 696 Χριστὸν,

1064 705 1244 732 ἐπανελθοῦσι
1261 706 1290 732 δὲ
1310 705 1381 740 μετὰ
1396 705 1494 732 πολλοῦ
1515 705 1562 732 τοῦ
1581 706 1728 741 θαύματος.
1746 707 1853 742 Ὠσπερ

1064 750 1118 786 γὰρ
1132 752 1231 778 ἐκεῖνοι
1247 751 1434 787 ἐχειρώθησαν
1450 751 1504 778 ἀπὸ
1523 751 1572 786 τῆς
1595 751 1775 787 δημηγορίας,
1802 752 1851 778 καὶ

1065 797 1236 832 πεμφθέντες
1253 797 1343 832 δῆσαι,
1360 798 1514 833 ἐπανῆλθον
1526 797 1648 829 δεθέντες
1660 798 1699 832 τῷ
1709 798 1831 832 θαύματι
1842 805 1851 812 ·

1061 843 1133 870 οὕτω
1149 845 1196 871 καὶ
1209 844 1300 876 αὐτὸς,
1316 844 1354 875 ὡς
1365 844 1428 879 ἔφη,
1447 843 1530 875 ἁλοὺς
1543 844 1582 878 τῷ
1597 844 1690 870 κάλλει
1709 844 1763 870 τῶν
1775 845 1853 879 εἰρη-

1063 889 1162 924 μένων,
1177 889 1207 916 οὑ
1225 889 1305 924 μόνον
1319 889 1365 916 τοῦ
1379 889 1570 916 ἐναντιοῦσθαι
1588 891 1620 924 τῇ
1636 889 1759 926 θειοτάτῃ
1777 891 1847 926 θρη-

225 940 257 960 ac
281 933 417 968 professor
438 933 473 960 sit
499 932 598 960 factus.
628 932 748 960 Veritate
773 933 844 960 enim
874 933 938 959 nihil
969 939 1004 960 est

1064 935 1142 970 σκείᾳ
1159 936 1275 971 ἀπέστη,
1290 935 1357 962 ἀλλὰ
1370 936 1417 962 καὶ
1437 936 1526 972 κήρυξ
1542 935 1628 970 αὐτῆς
1641 936 1687 962 καὶ
1701 937 1849 971 συνήγορος

225 978 355 1006 illustrius
370 984 416 1006 aut
432 979 591 1013 simplicius,
609 987 669 1006 cum
686 986 738 1006 non
752 979 804 1013 agit
819 978 880 1012 quis
897 978 1008 1006 fraudu-

223 1023 319 1050 lenter.
351 1024 582 1057 Quemadmodum
607 1025 629 1051 si
656 1023 790 1051 malitiose
804 1028 866 1057 agat
891 1024 957 1050 nihil
976 1031 1007 1051 ea

224 1070 373 1098 molestius.
390 1070 515 1098 Gaudens
529 1071 619 1106 itaque
633 1071 770 1098 nobiscum
788 1076 897 1104 precare
912 1069 1007 1103 Deum,

223 1116 309 1151 utqui
322 1124 413 1144 verum
428 1122 627 1151 consequentur
642 1124 694 1144 non
709 1115 787 1143 modo
801 1123 851 1142 non
864 1115 1006 1149 ledantur,

222 1163 270 1189 sed
285 1167 312 1190 et
328 1167 416 1189 monte
434 1162 611 1190 illustrentnr.

398 1215 592 1244 CCCLXXXII.
611 1231 646 1237 —
667 1216 828 1246 EULOGlO.

1063 980 1192 1014 κατέστη.
1208 980 1292 1006 Οὐδὲν
1310 979 1364 1015 γὰρ
1379 980 1429 1015 τῆς
1449 979 1581 1015 ἀληθείας
1597 980 1772 1016 σαφέστερον,
1787 981 1849 1007 οὐδὲ

1062 1025 1255 1061 ἁπλούστερον,
1284 1026 1348 1053 ὅταν
1375 1034 1416 1057 τις
1439 1025 1476 1061 μὴ
1499 1027 1651 1061 κακουργῇ.
1680 1027 1784 1062 Ὠσπερ
1801 1024 1849 1053 οὖν

1061 1072 1111 1098 ἐὰν
1126 1073 1280 1108 κακουργῇ,
1290 1072 1366 1099 οὐδὲν
1374 1072 1450 1099 δοκεῖ
1462 1072 1673 1108 δυσκολώτερον.
1688 1073 1849 1109 Συγχαίρων
1897 1099 1899 1104 ,

1059 1118 1149 1144 τοίνυν
1164 1119 1230 1153 ἡμῖν
1247 1118 1340 1153 εὖχου,
1357 1119 1431 1150 ὅπως
1446 1119 1469 1145 οἱ
1483 1119 1692 1154 ἐντυγχάνοντες
1711 1118 1749 1154 μὴ
1766 1119 1848 1153 μόνον

1061 1164 1098 1200 μὴ
1114 1163 1298 1199 βλάπτωνται,
1314 1163 1381 1190 ἀλλὰ
1401 1164 1448 1191 καὶ
1461 1163 1632 1198 φωτίζωνται
1649 1163 1698 1200 τὴν
1714 1164 1846 1191 διάνοιαν.

1299 1219 1384 1245 TElB'.
1399 1233 1435 1239 -
1448 1218 1604 1255 ΕΥΔΟΓΙῼ.

221 1261 359 1298 Diﬁcilius
373 1267 410 1290 ut
424 1262 565 1290 secundum
579 1271 657 1298 quam
675 1264 813 1291 adversam
827 1264 896 1326 fer‘rle
909 1265 1054 1336 [οἱὲιηαιῃι.
1072 1264 1202 1327 Secundinil
1222 1272 1273 1334 n)on
1292 1264 1423 1292 tollendus
1443 1265 1556 1296 animus.
1574 1272 1621 1291 nec
1644 1264 1760 1292 adversis
1776 1272 1847 1292 mer-

820 1308 867 1334 gen
889 1309 927 1327 ns.
977 1309 1009 1327 on
1023 1308 1061 1327 er.
1076 1305 1151 1334 epist.
1209 1300 1236 1327 5.

820 1301 927 1334 gelidus.
943 1300 1061 1334 (Confer.
1076 1301 1151 1334 epist.
1175 1300 1236 1327 115.

254 1341 342 1378 Magni
355 1343 477 1378 equidem
491 1343 560 1370 duco
573 1350 661 1371 rerum
674 1343 885 1373 vicissitudinem
900 1347 1006 1374 fortiter

219 1386 302 1414 ferre.
322 1386 396 1415 Multi
417 1388 507 1422 itaque
521 1388 655 1417 dilIicilius
669 1390 826 1418 existimant
838 1399 852 1418 a
869 1391 948 1418 rebus
962 1399 1005 1418 se-

218 1432 314 1459 cundis
331 1431 356 1458 in
372 1432 499 1460 adversas
514 1432 687 1467 incidentem,
701 1436 803 1463 celsum
820 1444 929 1464 servare
943 1436 1004 1462 ani-

219 1484 303 1503 mum.
330 1477 385 1511 Ego
402 1485 464 1505 vero
479 1478 664 1506 dilIicillimum
679 1481 808 1514 arbitror,
827 1489 888 1509 eum
908 1482 952 1516 qui
970 1482 1003 1508 ab

219 1521 339 1549 adversis
355 1523 433 1550 rebus
445 1523 478 1550 ad
492 1524 623 1551 secundas
639 1525 717 1558 redit,
732 1527 899 1553 moderatum
913 1532 1004 1554 custo-

1095 1345 1131 1372 Οὺ
1150 1345 1246 1380 μικρὸν
1259 1345 1346 1379 ἔγωγε
1360 1344 1478 1380 ἠγοῦμαι
1493 1344 1523 1370 τὸ
1545 1344 1695 1380 μεταϐολὴν
1714 1346 1846 1381 πραγμά-

1057 1398 1111 1416 των
1129 1390 1260 1426 ἀνδρείως
1279 1392 1402 1424 ἐνεγκεῖν
1414 1399 1420 1405 ·
1443 1390 1535 1416 πολλοὶ
1554 1390 1602 1425 μὲν
1616 1389 1663 1417 οὖν
1678 1391 1845 1418 δυσκολώτε-

1059 1443 1105 1470 ρον
1118 1434 1187 1462 εἶναι
1202 1436 1332 1471 ἡγοῦνται
1347 1437 1376 1462 τὸ
1391 1436 1446 1462 ἀπὸ
1461 1436 1612 1471 εὐημερίας
1625 1436 1665 1467 είς
1675 1435 1846 1471 δυσπραγίαν

1057 1481 1261 1517 ἐμπεπτωκότα
1287 1481 1344 1514 (ἳὸ)
1374 1482 1435 1508 τινὰ
1461 1480 1578 1515 φυλάξαι
1606 1481 1792 1508 ἀταπείνωτον
1817 1483 1848 1508 τὸ

1057 1527 1196 1563 φρόνημα.
1219 1526 1290 1561 Ἐγὼ
1315 1527 1342 1553 δὲ
1373 1526 1576 1553 δδσκολώτατον
1592 1527 1712 1561 ἡγοῦμαι
1732 1527 1762 1552 τὸ
1792 1528 1846 1554 ἀπὸ

219 1566 278 1593 dire
289 1567 416 1595 auinnnn.
434 1568 467 1595 Et
481 1574 624 1604 utrumque
635 1571 741 1604 quidem
753 1571 817 1597 mihi
835 1570 914 1598 fortis
922 1572 1003 1598 animi

1058 1572 1230 1608 δυσπραγίας
1256 1573 1295 1603 είς
1321 1572 1471 1607 εὐημερίαν
1497 1572 1695 1607 ἀναδραμόντα,
1730 1572 1846 1606 φυλάξαι

218 1618 279 1639 esse
299 1618 484 1647 argumentum
503 1619 561 1647 est.
584 1622 633 1642 nec
650 1615 776 1643 secundis
792 1617 901 1650 extolli,
919 1625 1004 1652 neque

218 1657 245 1684 in
259 1657 380 1685 adversis
394 1658 493 1694 abjecti
512 1667 572 1687 esse
585 1660 666 1687 animi
679 1669 686 1694 ;
710 1661 756 1688 sed
771 1669 876 1697 aequarit
895 1669 1004 1689 servare

219 1708 347 1731 mentem.

288 1805 495 1835 CCCLXXXI".
515 1823 549 1828 —
569 1807 683 1836 PETRO
699 1807 930 1836 COIiRECTOﬂl.

1060 1619 1169 1654 μέτριον
1189 1618 1220 1644 τὸ
1244 1617 1383 1653 φρόνημα.
1407 1618 1462 1644 Καὶ
1479 1617 1557 1644 τοῦτο
1576 1617 1630 1652 γὰρ
1652 1617 1764 1643 κάκεῖνο
1785 1618 1846 1652 ἐμοὶ

1057 1664 1182 1699 ἀνδρείας
1195 1663 1357 1698 τεκμήριον,
1375 1663 1444 1698 μήτε
1457 1661 1608 1697 ἐξυϐρίζειν
1626 1663 1654 1689 ὲν
1667 1664 1729 1694 ταῖς
1745 1663 1846 1698 εὑημε-

1058 1708 1139 1744 ρίαις,
1159 1709 1227 1743 μήτε
1240 1707 1434 1734 ταπεινοῦσθαι
1450 1708 1478 1734 ἐν
1500 1708 1560 1739 ταῖς
1581 1707 1774 1742 δυσημερίαις,
1788 1708 1844 1734 ἀλλ’

1056 1753 1154 1788 ὁμαλὸν
1167 1754 1198 1780 τὺ
1211 1753 1339 1789 φρόνημα
1355 1753 1438 1788 ἔχειν.

1177 1808 1263 1836 TUI".
1287 1822 1322 1828 ο·-
1338 1807 1451 1843 ΠΕΤΡῼ
1467 1807 1701 1836 ΚΟΡΡΗΚΤΩΡΙ,

217 1850 410 1886 Rempublicam
423 1854 496 1888 jusle
520 1855 724 1882 administrandi
740 1861 908 1890 pra'ceptum.
926 1856 1001 1883 Disce
1023 1856 1096 1890 jusle
1118 1863 1248 1890 prmesse;
1267 1858 1291 1881 et
1314 1863 1323 1880 ι
1345 1854 1403 1881 Tibi
1427 1855 1476 1881 soli
1499 1856 1613 1888 peccavi.
1627 1864 1636 1881 ι
1656 1855 1745 1889 (Psal.
1763 1863 1790 1885 ι..
1805 1855 1842 1885 6.)

254 1898 382 1933 Quisquis
395 1899 519 1932 imperat,
530 1899 633 1934 legibus
646 1907 707 1926 eum
723 1908 817 1935 parere
827 1908 936 1928 necesse
949 1905 999 1927 est.

217 1943 294 1978 Quod
311 1945 332 1971 si
353 1949 471 1977 recuset,
487 1945 608 1978 quinam,
630 1953 731 1980 qnmso,
744 1945 862 1981 legitime
877 1946 1000 1980 imperet,

218 1988 261 2015 cui
279 1988 343 2014 vitia
358 1988 516 2021 imperent?
544 1988 614 2021 iuste
628 1989 718 2023 itaque
741 1994 768 2016 et
785 1989 902 2025 legitime
920 1990 1003 2025 impe-

218 2038 287 2066 rato,
302 2037 331 2060 ut
348 2033 394 2060 tibi
416 2034 583 2067 polissimum
601 2035 715 2069 imperes
729 2054 736 2066 ,
752 2035 849 2063 dehinc
864 2037 1004 2064 commode

217 2079 299 2106 etiam
316 2079 386 2107 aliis.
409 2077 437 2106 Si
458 2078 562 2114 justum
581 2079 704 2114 ignorare
723 2085 749 2107 te
766 2081 864 2116 ﬁngas.
881 2089 941 2109 cum
959 2090 1003 2109 sa-

217 2124 352 2159 pientibus
374 2129 455 2159 atque
479 2125 692 2160 intelligentibns
716 2127 930 2160 communicato,
956 2128 1001 2161 qui

215 2170 346 2205 justitiam
372 2171 478 2203 colant,
501 2176 528 2198 et
552 2170 620 2198 foeda
636 2172 726 2198 omnia
749 2178 935 2200 contemnant.
974 2173 1002 2200 Si

1092 1900 1120 1926 ’0
1135 1900 1231 1935 ἄρχειν
1245 1899 1345 1934 λαχὼν,
1361 1900 1413 1926 ὑπὸ
1435 1899 1487 1926 τῶν
1511 1900 1602 1934 νόμων
1628 1900 1735 1932 δίκαιος
1755 1901 1787 1928 ἂν
1802 1902 1842 1936 ετη

1051 1946 1195 1981 ἄρχεσθαι.
1214 1947 1244 1972 Ei
1261 1946 1289 1973 δὲ
1308 1946 1388 1977 αὐτὸς
1405 1946 1503 1981 ἀκυροῖ
1517 1946 1639 1979 τούτους,
1653 1947 1712 1978 πῶς
1725 1947 1758 1973 ἂν
1769 1947 1843 1982 νόμι-

1056 1999 1105 2025 μος
1120 1991 1161 2026 εἴη
1183 1991 1285 2026 ἄρχων,
1309 1991 1390 2023 αὐτὲις
1412 1991 1464 2017 ὑπὸ
1479 1991 1528 2025 τῆς
1550 1991 1650 2023 κακίας
1675 1992 1842 2027 ἀρχόμενος;

1054 2037 1172 2069 Δικαίως
1198 2037 1344 2073 τοιγαροῦν
1367 2037 1414 2064 καὶ
1443 2037 1567 2072 νομίμως
1592 2037 1670 2072 ἄρχε,
1697 2037 1780 2069 αὐτὸς
1798 2037 1844 2072 μὲν

1055 2084 1154 2110 σαυτοῦ
1168 2084 1218 2119 τὴν
1235 2084 1368 2120 μεγίστην
1379 2085 1477 2120 ἀρχὴν,
1490 2084 1544 2110 τῶν
1556 2084 1585 2111 δὲ
1598 2084 1759 2119 ἀρχομένων
1773 2084 1843 2110 δεόν-

1054 2139 1118 2162 τως.
1134 2131 1166 2157 El
1181 2131 1204 2157 δ’
1221 2131 1331 2165 ἄγνοιαν
1354 2130 1399 2157 τοῦ
1428 2130 1535 2157 δικαίου
1555 2130 1674 2166 σκήπτῃ,
1700 2130 1840 2156 ἀνακοίνου

1053 2176 1110 2207 τοῖς
1128 2177 1229 2210 σοφοῖς,
1248 2177 1296 2202 καὶ
1312 2177 1442 2208 συνετοῐς,
1462 2176 1551 2202 καὶτὸ
1569 2175 1672 2202 δίκαιον
1690 2176 1742 2210 μὲν
1758 2176 1841 2209 τιμῶ-

218 2216 356 2251 veroquid
373 2218 502 2251 peccaris,
524 2217 548 2244 id
564 2217 702 2253 corrigitu.
735 2217 762 2245 Si
778 2226 841 2246 vero
859 2220 999 2247 existimas

1058 2223 1104 2254 ςῐν,
1128 2222 1248 2257 αἰσχρῶν
1263 2222 1290 2248 δὲ
1321 2222 1475 2257 λημμάτιον
1506 2221 1735 2256 καταφρονοίσιν.
1762 2222 1793 2247 Εἰ
1815 2221 1842 2247 δὲ

218 2261 244 2288 id
269 2261 451 2297 praeiudicium
476 2263 628 2290 auctoritati
650 2263 764 2296 ali‘crre,
782 2263 851 2291 scito
871 2264 896 2290 id
913 2264 1002 2291 maxi-

217 2315 288 2334 mam
309 2315 403 2341 parere
420 2308 539 2336 laudem.
560 2309 651 2344 Neque
665 2317 728 2336 vero
744 2314 797 2336 tam
822 2309 886 2336 illud
910 2317 941 2336 ex
958 2317 1000 2337 me

217 2353 370 2387 pronuntio,
387 2361 467 2386 quam
482 2360 514 2381 ex
531 2354 642 2382 historia
661 2355 686 2381 in
701 2363 781 2389 quam
803 2363 888 2390 nuper
905 2355 997 2383 incidi.

214 2399 338 2427 Rexerat
350 2398 415 2433 justi
430 2400 536 2434 etasqui
554 2400 579 2427 in
597 2401 691 2434 primis
705 2401 852 2432 studiosus,
870 2401 903 2428 ad
920 2403 1000 2429 urbes

215 2446 255 2472 sic
274 2445 467 2479 perscribens:
489 2454 497 2470 ι
517 2445 544 2472 Si
563 2446 626 2480 quid
644 2451 736 2473 contra
754 2447 825 2482 leges
850 2447 906 2474 licri
924 2448 997 2475 ordi-

215 2491 304 2518 nando
318 2490 520 2525 praescripsero,
545 2491 626 2518 nolite
644 2497 671 2518 ut
695 2492 829 2527 ignoranti
853 2494 972 2520 obedire.
987 2504 996 2520 ι

215 2534 244 2561 Si
257 2542 322 2562 vero
334 2534 376 2561 ille
388 2542 448 2561 cum
469 2542 513 2561 rex
528 2539 615 2568 esset,
631 2543 679 2562 nec
703 2537 820 2564 humano
835 2538 937 2572 judicio
951 2539 999 2566 ob-

215 2581 313 2607 noxius
333 2579 394 2613 (soli
412 2580 483 2606 enim
507 2579 553 2606 Dei
573 2579 673 2614 judicio
689 2581 801 2615 subjecti
820 2588 881 2610 sunt
906 2584 1000 2618 hujus--

215 2624 285 2651 modi
299 2635 306 2653 :
323 2625 393 2652 unde
410 2630 438 2653 et
451 2624 556 2653 Psaltes
571 2626 609 2653 ait
623 2635 630 2654 :
650 2626 708 2654 Tibi
725 2628 773 2655 soli
790 2629 924 2665 peccavi),
960 2631 1000 2657 sic

214 2669 389 2697 nihilominus
405 2670 538 2705 justitiam
557 2671 659 2705 coluit,
676 2678 702 2700 te
720 2681 785 2700 sane
801 2679 827 2701 et
851 2676 957 2710 regibus
973 2680 999 2702 et

236 2749 259 2764 ν’
276 2747 370 2775 Matth.
391 2756 458 2783 xxu,
477 2749 569 2777 45-22.

1057 2267 1104 2294 καὶ
1129 2267 1209 2294 ἔλαθέ
1233 2276 1269 2300 τι,
1299 2267 1467 2301 ἑπονόρθου·
1493 2267 1518 2293 εί
1536 2267 1564 2293 δὲ
1581 2268 1633 2293 οἴει
1655 2267 1736 2293 τοῦτο
1760 2267 1842 2293 κατά-

1055 2321 1157 2347 γνωσιν
1178 2312 1281 2348 φέρειν,
1304 2312 1357 2339 ἴσθι
1375 2312 1415 2338 ὅτι
1447 2311 1556 2338 ἔπαινον
1586 2312 1714 2347 μέγιστον
1739 2313 1838 2338 τίκτει·

1055 2359 1101 2385 καὶ
1120 2358 1199 2385 τοῦτο
1223 2358 1273 2385 οὐκ
1292 2359 1339 2385 ἀπ’
1368 2357 1487 2393 ἐμαυτοῦ
1513 2359 1641 2385 τοσοῦτον
1669 2358 1753 2392 λέγω,
1783 2359 1840 2384 ὅσον

1054 2404 1181 2439 ἀρχαίαις
1199 2404 1329 2440 ἱστορίαις
1349 2404 1479 2438 ἐντυχών.
1499 2404 1631 2435 Βασιλεὺς
1648 2404 1704 2440 γάρ
1722 2413 1764 2436 τις
1781 2404 1840 2430 λίαν

1051 2450 1098 2476 τοῦ
1115 2449 1219 2477 δικαίου
1237 2450 1387 2486 φροντίζων
1403 2450 1507 2486 ἔγραφε
1525 2451 1586 2482 ταῖς
1610 2450 1738 2476 πόλεσιν·
1757 2459 1767 2475 ‹
1794 2450 1842 2475 Ἀν

1051 2504 1078 2522 τι
1093 2496 1191 2531 γράψω
1208 2496 1284 2530 παρὰ
1310 2496 1372 2528 τοὺς
1389 2496 1488 2531 νόμους
1504 2496 1687 2530 παρατάττων
1708 2494 1840 2528 γίνεσθαι,

1054 2542 1091 2576 μὴ
1107 2541 1252 2576 προσέχειν
1262 2541 1300 2573 ὡς
1312 2542 1469 2576 ἠγνοηκότι.
1486 2551 1494 2566 ι
1514 2541 1544 2567 Εἰ
1561 2540 1588 2566 δὲ
1603 2541 1705 2572 ἐκεῖνος
1718 2539 1842 2575 βασιλεὺς

1053 2585 1100 2618 ὣν,
1118 2587 1165 2613 καὶ
1185 2587 1302 2619 εὐθύνας
1322 2587 1398 2622 παρὰ
1410 2586 1561 2622 ἀνθρώπων
1578 2586 1616 2621 μὴ
1633 2585 1740 2620 μέλλων
1761 2586 1839 2611 ἀπαι-

1053 2632 1158 2658 τεῖσθαι
1180 2633 1232 2668 (τῇ
1248 2633 1303 2668 γὰρ
1323 2633 1383 2668 θείᾳ
1402 2633 1464 2668 δίκῃ
1483 2632 1562 2668 μόνος
1579 2633 1593 2658 ὁ
1617 2631 1738 2662 τοιοῦτος
1762 2629 1842 2656 ὑπεύ-

1052 2675 1141 2708 θυνος.
1158 2677 1203 2703 Διὸ
1217 2677 1263 2703 καὶ
1279 2677 1294 2703 ὁ
1308 2676 1433 2712 Μελῳδὺς
1448 2677 1523 2711 ἔλεγε
1534 2684 1541 2692 '
1560 2686 1569 2701 ι
1596 2676 1643 2702 Σοὶ
1659 2676 1733 2711 μόνῳ
1755 2675 1840 2710 ἦμαρ-

761 2805 878 2832 νΑῐιιΑι
899 2805 1088 2834 LECTIONES
1107 2808 1151 2835 ET
1173 2807 1288 2837 NOTAE.

248 2882 306 2919 (25)
326 2881 542 2918 Ἐμπεπτωκότα
558 2886 671 2917 uterque
688 2883 747 2911 cod.
766 2883 792 2910 in
817 2883 1004 2918 ἐμπεπτωκότα

1058 2891 1150 2913 mutat.
1166 2886 1271 2915 Possm.
