2049 3162
189 168 255 202 1557
562 171 827 204 EPISTOLARUM
845 174 918 204 LIB.
941 175 972 204 V.
994 186 1027 192 -
1046 173 1162 203 EPISI‘.
1182 172 1420 203 CCCLXXXVIE.
1737 169 1804 199 155R

186 234 231 252 τον
242 230 275 259 ι),
295 224 366 251 οὕτω
377 225 424 252 τοῦ
438 225 543 253 δικαίου
559 228 711 262 ὲςρρόντιζε,
731 230 761 256 σὲ
775 229 820 256 τὸν
835 230 880 256 καὶ
897 229 972 264 βασι-

1035 229 1251 263 plliernatoribus
1273 229 1422 262 subjectum
1445 234 1495 262 par
1517 231 1558 253 est
1582 225 1682 259 justum
1707 225 1806 255 ευιωηι,

186 270 263 297 λεῦσι
283 271 330 298 καὶ
350 270 465 306 ἄρχουσι
481 272 600 306 μείζοσιν
619 274 808 309 ὑποκείμενον,
824 275 926 302 δίκαιον
939 274 972 301 ἂν

1035 274 1104 309 575
1126 274 1182 301 lucc
1201 275 1235 301 ab
1249 282 1282 301 eo
1297 275 1432 306 recedere,
1458 274 1620 308 cogitantem
1640 272 1710 306 quod
1726 271 1747 298 si
1765 271 1809 298 hic

188 317 230 351 εἴη
249 315 296 342 τοῦ
312 316 416 343 δικαίου
433 317 553 352 ἔχεσθαι,
577 319 624 345 καὶ
639 319 770 355 μηδαμῶς
786 321 865 347 τοῦτο
885 329 972 356 παρα-

1035 320 1168 347 vindictam
1184 320 1314 352 evaseris,
1331 321 1423 355 utique
1442 319 1560 346 divinam
1576 326 1627 346 nou
1647 317 1753 344 evades.

186 361 300 387 ὁαὶνειν·
318 360 468 393 ἐννοοῦντα,
482 362 523 389 ὅτι
540 363 565 389 εἰ
581 364 629 390 καὶ
643 364 693 400 τὴν
705 365 822 393 ἐνταῦθα
831 365 972 400 διαςςύγοις

186 405 276 440 δίκην,
292 406 341 442 τὴν
362 406 437 433 θείαν
452 408 481 433 οὐ
495 407 638 445 διαφεύξῃ.

432 461 516 488 ΤΠΔἌ
534 477 568 481 -—
587 463 731 490 ΜΛΡΩΝΙ.

1211 464 1417 493 CCCLXXXIV.
1434 480 1468 485 —
1489 465 1630 493 MARONI.

240 507 341 540 Corpus
354 513 453 540 pareat,
475 516 546 534 utens
570 509 686 542 imperet.
704 509 811 543 (Confer
824 511 900 544 epist.
915 511 967 538 529
981 516 1004 538 et
1021 512 1065 539 lib.
1082 520 1100 544 ι,
1122 512 1197 546 epist.
1217 511 1260 544 15,
1272 515 1294 538 et
1311 511 1355 538 lib.
1373 518 1409 543 tv,
1427 511 1502 545 epist.
1525 511 1586 544 124,
1604 510 1666 543 126,
1681 510 1752 546 M6.)

230 564 258 590 Ὀ
272 562 325 589 ὑπὸ
337 563 391 590 τῶν
406 562 589 598 ἀνελευθέρων
605 563 655 598 τῆς
669 564 770 599 σαρκὸς
787 565 880 592 παθῶν
895 566 973 598 ἐξαν-

1063 567 1112 601 Qui
1128 567 1217 595 carnis
1233 565 1356 594 illiberali
1375 565 1541 598 mancipatus
1551 570 1592 592 est
1606 565 1671 592 vitio
1684 565 1724 600 (ιιι
1737 573 1808 593 cras-

187 609 376 645 δραποδισοεὶς
399 609 460 642 (ἵνα
483 609 530 635 καὶ
555 609 702 646 παχυτέρῳ
719 609 865 645 χρήσωμαι
884 619 973 645 παρα-

1035 615 1097 641 aiore
1114 618 1174 640 utar
1189 612 1323 646 exemplo)
1345 619 1397 639 non
1420 610 1551 638 absimilis
1568 614 1608 637 cst
1629 610 1744 645 aurigae,
1764 611 1808 644 qui

187 655 341 690 δείγματι),
366 654 454 681 ἔοικεν
469 654 580 690 ἡνιόχῳ,
596 655 784 682 ἐκπεπτωκότι
798 655 847 690 μὲν
861 656 908 682 τοῦ
925 656 973 691 ἆρ-

1035 668 1102 687 :urru
1117 658 1232 689 excidit,
1249 661 1369 692 raptatus
1386 664 1401 684 a
1413 655 1556 691 iumentis,
1575 662 1624 682 nec
1639 655 1672 682 ab
1696 655 1747 681 illis
1765 663 1807 681 so-

191 710 285 736 ματος,
307 700 448 736 συρομένῳ
468 700 496 726 δὲ
511 700 563 727 ὑπὸ
587 700 642 727 τῶν
662 700 755 735 ἡνιῶν,
772 702 827 728 τῶν
854 702 891 736 μὴ
907 702 973 728 ἀπο-

1035 711 1110 737 utus,
1138 704 1184 731 sed
1210 704 1275 738 jugo
1300 703 1451 737 implicatus
1478 701 1611 729 socordia:
1635 701 1700 728 dans
1722 700 1810 734 justas

188 747 311 774 λυουσῶν
337 747 429 779 αὑτὸν,
453 746 522 773 ἀλλὰ
544 746 775 781 συμπλεκομένων
794 746 877 781 αὐτῷ,
897 747 973 782 δίκην

1035 757 1126 778 urnas.
1147 749 1210 776 [hec
1223 750 1295 775 enim
1312 749 1418 775 inversa
1432 747 1557 775 accidunt
1572 750 1678 773 natura.
1694 745 1809 774 Currum

188 794 235 828 τῆς
251 791 386 828 ῥᾳθυμίας
402 791 603 826 ἁπαιτουμὲνῳ.
621 792 705 818 Ἔνθα
718 792 750 827 δὴ
767 792 821 818 τῶν
837 793 906 819 κατὰ
922 793 973 827 φύ-

1035 797 1093 823 inim
1120 800 1191 822 recte
1207 802 1239 822 ex
1256 799 1314 821 arte
1329 800 1424 828 regere
1437 792 1563 820 convenit
1574 801 1590 824 ;,
1602 791 1670 818 male
1685 798 1749 818 vero
1765 799 1809 817 re-

190 846 231 864 σιν
246 836 377 864 τάναντία
391 836 522 864 ἐκϐαίνει.
545 837 609 863 Δέον
630 836 685 872 γὰρ
703 837 734 863 τὸ
750 837 828 873 ἆρμσ.
851 837 904 864 ὑπὸ
925 838 973 874 τῆς

1035 850 1099 876 gens,
1116 842 1149 868 ab
1166 841 1242 875 cquis
1258 844 1378 874 raptatur
1391 838 1495 873 auriga.
1519 838 1644 865 Evertere
1658 837 1728 865 enim
1743 844 1805 864 eum

188 882 284 917 τέχνης
301 881 349 908 τοῦ
373 881 481 916 ἡνιόχου
498 881 612 914 ἄγεσθαι
636 881 735 914 καλῶς,
754 883 767 908 ὁ
792 882 897 917 ἡνίοχος
921 882 973 908 ὑπὸ

1035 888 1069 922 ιιιὶ
1086 896 1118 915 ex
1137 891 1233 914 natura
1257 886 1386 920 imperat,
1409 885 1435 912 id
1457 889 1497 912 est
1518 889 1643 911 naturam
1661 883 1808 910 invertere.

189 927 243 953 τῶν
265 928 355 954 ἵππων
383 926 494 962 σύρεται
516 926 619 958 κακῶς.
642 927 697 962 Τῆς
723 927 778 962 γὰρ
797 927 867 954 κατὰ
892 927 973 961 φύσιν

1035 932 1128 966 Ξοτριιε
1143 931 1232 965 itaque
1249 937 1264 957 ο
1280 934 1369 957 mente
1385 928 1440 963 regi
1457 936 1506 962 par
1523 933 1564 956 est
1582 935 1613 955 ac
1630 927 1783 962 gubernari.

189 972 336 1008 ἡγεμονίας
351 972 501 1008 ἀνατροπὴ,
526 973 542 1007 ἠ
559 973 634 1008 παρὰ
647 973 727 1007 φύσιν
744 973 920 1009 παρατροπὴ,
934 972 974 999 διδ

189 1018 241 1054 χρὴ
253 1018 298 1045 τὸν
313 1018 375 1045 νοῦν
393 1019 528 1055 κυϐερνᾷν
541 1019 572 1045 τὸ
590 1018 679 1053 σῶμα.

423 1083 509 1110 ΤΠΕ¹.
525 1097 561 1104 —
573 1083 616 1118 Τῼ
632 1083 733 1119 ΔΥΤῼ.
1226 1084 1420 1113 ΟΕΩΙᾹΧΧἺ.
1441 1099 1476 1104 -
1503 1081 1617 1110 EIDEM.

679 1129 856 1158 Fortitudinis
878 1137 1000 1158 cat/remo:
1016 1132 1130 1159 audacia
1146 1136 1169 1159 et
1190 1132 1330 1158 timiditas.

222 1186 259 1212 Τδ
275 1185 324 1220 μὲν
336 1185 526 1220 λελογισμένον
543 1185 590 1212 καὶ
601 1186 734 1219 γενναῖον,
748 1186 870 1221 ἀνδρεῖον
887 1186 973 1220 ἔγωγε

1063 1187 1138 1219 Quod
1154 1191 1195 1214 est
1210 1193 1271 1214 cum
1287 1186 1394 1213 ratione
1407 1192 1438 1212 ac
1455 1191 1586 1219 generoso
1602 1187 1706 1218 gestum
1718 1183 1811 1215 ,idcm

188 1229 278 1257 καλῶ⁸
298 1229 327 1256 τὸ
345 1229 374 1256 δὲ
388 1229 495 1263 ἄλογον,
517 1230 563 1256 καὶ
577 1230 627 1265 τὴν
642 1229 706 1256 ἄνευ
728 1229 782 1257 νοῦ
793 1230 890 1265 ἀλκὴν,
908 1231 973 1266 θρα-

1035 1241 1077 1266 3go
1091 1232 1162 1261 forte
1177 1240 1208 1259 ac
1220 1231 1296 1260 virile
1313 1232 1435 1267 appello;
1453 1236 1557 1263 contra,
1568 1230 1638 1265 quod
1657 1229 1813 1264 imprudens

190 1275 291 1310 αὑτητα
306 1274 510 1310 προσαγορεύω,

1035 1283 1069 1304 :st
1086 1286 1116 1304 ac
1133 1278 1191 1304 sine
1208 1282 1297 1304 mente
1311 1277 1449 1304 robustum
1461 1295 1468 1307 ,
1484 1276 1510 1303 id
1525 1283 1574 1311 ego
1590 1275 1732 1302 audaciam
1747 1281 1812 1301 con-

1028 1323 1220 1358 ﬁdentiamque
1235 1323 1338 1349 dixero.

322 1376 416 1409 TUG’.
435 1391 469 1396 —
484 1375 607 1412 ΛΛΦΕΙῼ
624 1376 837 1404 ΜΟΝΑΖΟΝΤΙ.

1126 1375 1334 1404 CCCLXXXVI.
1353 1391 1387 1396 —
1404 1375 1531 1403 ALPlllO
1549 1373 1724 1402 MONACIIO.

811 1425 850 1452 De
860 1425 922 1458 jure
934 1425 994 1452 belli
1006 1433 1036 1452 ac
1049 1425 1180 1453 t‘imlictaa.

291 1484 341 1519 μὲν
351 1483 405 1510 τῶν
418 1485 566 1520 ἀλλοτρίων
579 1485 661 1513 ἕνεκα
675 1487 799 1522 κτήσεως
809 1488 892 1523 μόνης
906 1488 972 1523 (26),

1064 1487 1136 1515 Bella
1171 1488 1226 1515 fere
1250 1486 1286 1515 ob
1307 1486 1410 1514 alienas
1440 1484 1591 1512 conﬂantur
1617 1486 1810 1519 possessiones,

188 1529 204 1561 ἢ
232 1529 359 1563 μάλιστα,
382 1530 407 1556 οἱ
425 1530 538 1566 πόλεμοι
557 1532 801 1567 ἀναρριπίζονται·
817 1533 847 1560 οὐ
871 1534 973 1564 πάντας

1038 1541 1167 1568 ωιιηεμιει
1185 1541 1216 1560 ac
1232 1541 1264 1560 ne
1276 1540 1370 1559 omnes
1386 1532 1491 1565 quidem
1509 1531 1575 1558 bella
1592 1534 1714 1566 gerentes
1732 1537 1813 1556 accu—

188 1575 216 1600 ὂὲ
233 1574 295 1607 τοὺς
317 1575 502 1611 πολεμοῦντας
523 1579 656 1606 αἰτιατέον
668 1587 675 1594 ·
697 1579 764 1606 ἀλλὰ
777 1580 840 1611 τοὺς
857 1579 906 1614 μὲν
924 1579 973 1615 ἆρ-

1035 1580 1118 1612 ιδιηίῑ,
1135 1580 1181 1606 sed
1202 1579 1246 1613 qui
1262 1577 1412 1612 suscipiunt
1428 1576 1469 1604 vel
1493 1576 1609 1610 injuriae,
1628 1576 1666 1603 vel
1692 1575 1812 1610 rapiendi

190 1621 288 1652 Ξαντας
301 1620 318 1655 ἢ
336 1621 435 1656 χειρῶν
459 1622 559 1649 ἀδίκων
574 1623 590 1657 ἢ
608 1623 748 1659 ἁρπαγῆς,
766 1624 804 1656 ὡς
821 1624 973 1660 ἀλιτηρίους

1035 1632 1117 1656 rausa,
1133 1624 1159 1651 hi
1176 1623 1318 1658 perniciosi
1331 1623 1405 1650 velut
1419 1623 1554 1649 daamones
1570 1621 1696 1648 habendi.
1718 1621 1750 1646 At
1766 1620 1810 1654 qui

189 1664 317 1699 δαίμονας
332 1665 483 1700 νομιστέον.
511 1666 579 1698 Τοὺς
596 1667 625 1694 δὲ
640 1668 828 1703 ἀμυνομένους
847 1669 973 1704 μετρίως,

1037 1669 1148 1696 nodeste
1163 1668 1302 1695 vindicant
1320 1675 1351 1694 ac
1367 1667 1506 1694 moderate
1520 1667 1684 1693 ulciscuntur
1702 1665 1813 1700 injurias

191 1708 251 1735 οὔτε
278 1711 415 1745 μεμπτέον
440 1711 477 1743 ὡς
507 1711 627 1744 ἀδίκους.
654 1713 778 1748 Νόμιμον
792 1713 846 1747 γὰρ
861 1714 973 1749 πρᾶγμα

1039 1714 1125 1746 llatas,
1139 1722 1191 1740 non
1206 1718 1269 1741 sunt
1293 1718 1321 1740 ut
1343 1713 1405 1747 justi
1433 1712 1656 1747 rcprchemlendi.
1674 1711 1712 1738 Ex
1728 1711 1814 1745 legum

193 1753 329 1781 ποιοῦσιν·
349 1755 410 1782 οὕτε
432 1758 485 1791 μὴν
510 1757 680 1791 θαυμαστέον
696 1759 735 1790 ὡς
752 1759 913 1794 φιλοσόφους
932 1760 973 1786 καὶ

1035 1759 1100 1785 :nim
1111 1759 1268 1793 praescripto
1283 1765 1338 1785 rem
1353 1762 1466 1792 gerunt:
1481 1764 1567 1790 neque
1579 1764 1624 1783 eos
1635 1756 1715 1783 veluti
1729 1756 1815 1790 philo-

192 1800 406 1835 ἀνακηρυκτέον,
419 1802 467 1828 ἆτε
482 1802 537 1837 (⁵2.7)
551 1803 657 1838 οὐρανῷ
670 1804 828 1839 πρέπουσαν
842 1799 973 1831 πολιτείαν

1035 1805 1130 1839 sophOS
1144 1803 1273 1830 admirari
1290 1807 1397 1837 oportet
1423 1810 1471 1830 nec
1488 1802 1668 1836 deprtcdicare
1682 1802 1756 1834 quasi
1774 1801 1814 1827 vi-

193 1844 426 1881 πολιτευομὲνους,
448 1848 498 1875 οὐκ
521 1849 549 1875 ἐν
569 1849 608 1884 τῷ
623 1850 751 1885 ὰντιδρᾷν
768 1850 786 1878 ὃ,
800 1851 973 1883 πεπόνθασιν,

1035 1854 1084 1876 tam
1099 1849 1169 1877 cmlo
1184 1849 1288 1882 dignam
1305 1849 1450 1879 ducentes,
1466 1855 1518 1874 non
1538 1848 1564 1874 in
1585 1847 1762 1880 rependendis
1775 1847 1816 1873 in-

193 1889 251 1916 ἁλλ’
264 1891 293 1916 ἐν
308 1891 347 1926 τῷ
364 1892 494 1926 γενναίως
511 1895 633 1927 ἐνεγκεῖν
647 1894 696 1930 τὴν
710 1894 855 1929 ἀνανδρίαν
871 1895 973 1930 κρίναν-

1035 1896 1108 1928 luriis
1121 1903 1189 1930 quas
1204 1895 1323 1929 perpessi
1343 1899 1422 1926 sunt,
1437 1894 1565 1927 sedquod
1579 1892 1694 1919 viriliter
1711 1897 1737 1919 et
1751 1899 1814 1918 con-

192 1944 252 1967 τας.
279 1936 347 1968 Τοὺς
365 1937 393 1964 δὲ
412 1937 524 1970 δικαίως
550 1939 600 1974 μὲν
624 1940 820 1974 ἀμυνομένους,
846 1939 973 1974 ὑπερϐαί-

1035 1946 1134 1968 stanter
1149 1941 1206 1967 illas
1220 1941 1366 1974 perferant.
1384 1939 1507 1966 inertiam
1522 1937 1669 1972 culpantes.
1687 1936 1737 1969 Qui
1751 1943 1816 1963 vero

194 1989 288 2012 νοντας
309 1982 337 2008 δὲ
361 1983 409 2018 τῆς
436 1984 544 2019 ἀμύνης
567 1985 597 2011 τὸ
622 1985 729 2020 μέτρον,
756 1985 793 2017 ὡς
820 1984 973 2016 ἀδικοῦντας

1035 1988 1099 2019 iuste
1114 1987 1221 2020 quidem
1235 1993 1265 2013 se
1284 1985 1429 2015 vindicant.
1447 1983 1553 2011 modum
1571 1988 1658 2010 tamen
1671 1982 1814 2012 excedunt,

195 2027 341 2061 γραπτέον.
367 2029 399 2055 Οἱ
426 2029 480 2064 γὰρ
503 2030 630 2064 ἀμέτρως
658 2031 834 2065 ἀμυνόμενοι,
858 2030 973 2066 δεύτεροι

1035 2032 1048 2058 ii
1073 2036 1101 2058 ut
1118 2032 1208 2066 injuSti
1230 2037 1294 2059 sunt
1314 2030 1468 2058 accusandi.
1489 2030 1538 2062 Qui
1550 2029 1622 2056 enim
1641 2028 1817 2056 immoderate

196 2072 276 2099 πάλιν
304 2074 497 2109 κατάρχουσιν.
532 2076 718 2112 Ἀντιμετρεῐν
745 2076 799 2112 γὰρ
836 2077 887 2112 χρὴ
923 2077 973 2107 τοῖς

1035 2077 1210 2109 ulciscuntur,
1224 2077 1368 2104 secundam
1380 2081 1407 2103 et
1419 2083 1513 2102 novam
1525 2075 1667 2102 ordiuntur
1681 2073 1805 2107 injuriam
1813 2095 1819 2101 .

200 2116 414 2153 πλημμελήμαςι
431 2118 480 2150 τὰς
495 2120 640 2154 τιμωρίας,
658 2121 707 2154 οὐχ
724 2120 899 2154 ὑπερϐαίνειν
913 2128 918 2134 ·
937 2119 973 2145 ἵνα

1035 2123 1130 2150 Paznas
1143 2123 1214 2150 enim
1239 2122 1343 2149 delictis
1354 2129 1414 2148 esse
1428 2128 1508 2155 pares
1523 2124 1645 2154 oportet,
1664 2127 1716 2146 non
1732 2118 1816 2152 majo-

197 2162 233 2196 μὴ
253 2161 283 2188 τὸ
302 2162 405 2189 δίκαιον
429 2165 477 2190 καὶ
496 2165 527 2190 τὸ
542 2165 655 2200 νόμιμον
671 2165 849 2200 ὑπερϐάντες,
867 2166 913 2191 καὶ
933 2165 973 2201 rip

1035 2176 1087 2200 res,
1104 2175 1136 2195 ne
1150 2167 1250 2201 justum
1269 2171 1296 2193 et
1313 2173 1419 2200 a-quum
1437 2165 1596 2200 transgressi
1609 2169 1636 2192 et
1655 2164 1767 2198 iustitiae
1786 2163 1816 2189 li-

195 2207 241 2233 ἐπὶ
262 2207 300 2243 τῷ
321 2208 431 2240 δικαίως
451 2209 673 2245 ἑπεξεληλυθὲναι
689 2210 767 2243 δόξαν
783 2211 973 2247 λυμηνάμενοι,

1035 2222 1081 2242 nes
1095 2214 1249 2242 excedenda
1264 2213 1376 2248 gloriam
1396 2212 1616 2242 dehonestantes,
1635 2210 1704 2237 inter
1718 2209 1819 2236 alasto-

196 2254 235 2285 εις
253 2254 315 2285 τοὺς
331 2254 482 2291 ἀλάστορας
497 2256 681 2292 ὲγγραφῶαιν.

1035 2269 1077 2288 rcs
1091 2260 1253 2291 referantur,
1269 2259 1398 2286 excedere
1412 2257 1529 2284 videare.
1550 2256 1668 2284 Gloriatu
1683 2257 1755 2283 enim
1772 2256 1818 2282 αθ-

1035 2307 1190 2338 honestam,
1206 2304 1317 2339 iustitia:
1335 2305 1400 2331 lines
1415 2303 1579 2336 cxcedcndo,
1594 2306 1675 2336 utque
1688 2301 1755 2329 diris
1771 2308 1818 2329 ex—

1035 2350 1156 2378 secraudi
1175 2350 1290 2377 habendi
1306 2354 1378 2377 sunt.

426 2403 509 2432 TDZ'.
529 2420 564 2425 -
584 2405 751 2441 ΟΛΥΜΠΙῼ.

1202 2403 1422 2432 CCCLXXXVII.
1443 2419 1476 2424 —
1495 2403 1657 2432 OLYMPIO.

507 2459 556 2487 Sui
568 2461 680 2495 cognitio
697 2462 783 2495 prima
798 2462 832 2487 ad
855 2462 991 2488 scientiam
1005 2463 1045 2488 eiu
1057 2469 1065 2494 ;
1079 2470 1111 2488 ea;
1128 2460 1243 2487 Plutonis
1257 2459 1393 2486 Alcibiade
1407 2458 1504 2493 priore.

235 2512 296 2539 Ὀτι
309 2513 339 2539 τὸ
353 2513 451 2540 εἰδέναι
466 2513 568 2540 οἴεσθαι
587 2514 634 2540 τοῦ
650 2515 686 2549 μὴ
702 2515 799 2541 εἰδέναι
816 2515 902 2542 αἴτιον
913 2516 973 2541 καθ-

1069 2515 1118 2548 Qui
1136 2515 1207 2542 scire
1221 2522 1250 2541 se
1264 2517 1349 2548 putat,
1363 2521 1411 2540 cur
1424 2512 1490 2539 nihil
1505 2511 1573 2538 sciat
1592 2509 1642 2537 sibi
1660 2516 1739 2536 causa
1754 2512 1815 2536 est:

199 2559 328 2593 έστηκεν·
354 2560 377 2585 εί
401 2559 447 2585 καὶ
468 2559 582 2593 αἴνιγμα
607 2560 680 2586 δοκεῖ
698 2558 768 2586 εἷναί
794 2568 835 2586 σοι
857 2559 887 2586 τὸ
903 2560 973 2595 εἰρη-

1035 2560 1111 2586 multi
1127 2560 1159 2586 ad
1171 2559 1348 2586 eruditionem
1363 2557 1558 2592 pervenissent,
1572 2555 1622 2582 nisi
1636 2561 1665 2582 sc
1685 2553 1740 2587 jam
1757 2560 1818 2586 per-

202 2603 289 2638 μένον.
313 2605 456 2640 Μαρτυρεῖ
476 2604 599 2636 Πλάτων,
615 2605 643 2631 ὃν
663 2606 705 2631 ἀεὶ
726 2606 773 2632 ἐπὶ
789 2606 922 2641 στόματος
936 2606 973 2640 φέ-

1037 2606 1140 2632 \'enisse
1156 2609 1308 2640 putassent,
1339 2604 1377 2631 ait
1394 2603 1507 2631 Seneca.
1539 2601 1567 2628 ld
1595 2600 1618 2627 si
1641 2599 1754 2634 artiigma
1772 2599 1818 2625 tibi

201 2658 265 2685 ρεις,
288 2650 374 2684 λέγων
396 2650 463 2685 πρὸς
476 2650 521 2677 τὸν
540 2651 720 2686 Ἀλκιϐιάδην.
732 2653 811 2678 Σωκ·
840 2661 848 2676 ι
867 2652 973 2685 Πότερον

1038 2651 1170 2684 videatur,
1187 2650 1263 2678 testis
1277 2650 1388 2677 idoneus
1401 2649 1477 2676 Plato
1493 2652 1533 2675 est
1545 2667 1552 2680 ,
1573 2654 1652 2682 quem
1669 2653 1775 2679 semper
1790 2644 1815 2671 iu

201 2695 298 2722 σαυτὸν
318 2695 444 2730 λέληθας,
471 2696 511 2723 ὅτι
538 2697 587 2724 οὐκ
610 2697 754 2724 ἐπίστασαι
781 2697 908 2733 τοῦτο;ἢ
934 2698 973 2732 ὲμς

1038 2704 1086 2723 0ιέ
1109 2695 1211 2722 habens
1234 2695 1344 2728 laudas,
1370 2702 1430 2722 cum
1448 2691 1585 2721 Alcibiade
1609 2691 1649 2719 sic
1673 2691 1819 2719 disserens.

741 2789 855 2816 VARIxE
875 2788 1066 2817 LECTlONES
1087 2787 1129 2815 ET
1148 2787 1263 2815 NOTAE.

241 2864 268 2897 f2
280 2865 295 2900 ἰ)
310 2864 371 2893 Post
389 2866 472 2901 μόνης
490 2866 567 2894 iidem
592 2867 690 2894 addunt
705 2867 752 2899 ὡς.
772 2867 822 2894 l‘ro
845 2867 890 2894 ἅτε
907 2866 973 2894 iidcu

1035 2870 1091 2901 ;uut
1107 2864 1178 2892 οὔτε.
1195 2865 1299 2892 l'ossm.
