2049 3162
184 186 248 219 1561

599 187 866 218 EPISTOLARUM
886 187 957 216 LIB.
978 187 1011 216 ν.
1032 199 1066 205 *-
1085 188 1202 218 EPIST.
1219 189 1385 221 CCCXCIV.

1748 188 1812 219 15:32

183 244 284 279 (πάσης
297 244 351 280 γὰρ
363 245 394 271 ἂν
402 242 471 280 ἦσαν
486 245 663 280 ἀναρρήσεως
675 244 767 280 ἄξιοι),
780 243 847 270 ἀλλὰ
860 243 898 278 τῷ
911 250 970 276 μει-
985 247 1003 273 Α

1033 249 1173 271 emnerent
1189 245 1295 279 (quovis
1310 246 1380 272 enint
1397 247 1531 281 priceouio
1545 247 1616 282 digni
1633 245 1740 280 erant),
1765 246 1813 273 sed

184 290 268 321 ζὸνων
285 290 424 324 ἐφίεσθαι·
455 290 553 322 οἵτινες
568 290 614 316 καὶ
636 289 714 321 δόξαν
730 289 890 323 σκαιότητος
909 295 974 322 κερ-

183 336 313 367 δαίνουσι,
331 335 382 369 τῆς
397 335 483 366 ὅντως
495 335 620 366 εὐκλείας
635 335 828 369 γυμνούμενοι.
842 333 901 368 Χρὴ
916 331 973 358 τοί-

184 390 231 407 νυν
250 382 366 416 μάλιστα
382 380 431 416 μὲν
446 381 604 415 κρείττονας
623 377 692 406 εἶναι
707 379 812 414 κερδῶν
822 387 829 394 '
845 379 868 405 εἰ
882 378 910 404 δὲ
923 377 971 412 μὴ,

182 426 294 462 ἀγαπᾷν
317 426 347 452 τὸ
371 425 497 462 μέτριον·
517 426 560 452 ἵνα
585 425 622 460 μὴ
637 425 668 452 τὸ
682 424 750 459 ὑπὲρ
765 424 816 459 τὴν
830 424 908 457 ἀξίαν
924 423 973 457 ζη-

184 472 303 502 τοῦντες,
320 471 367 498 καὶ
383 471 430 498 τοῦ
448 471 508 498 κατ’
527 470 606 503 ἀξίαν
621 469 793 504 ἐκπέσωμεν,
814 469 862 495 καὶ
879 467 973 494 σκαιό-

187 526 268 553 τητος
281 517 359 549 δόξαν
375 516 518 552 σχοίημεν,
534 516 584 543 οὐκ
599 515 646 542 ἐπὶ
657 514 695 550 τῷ
713 514 806 542 λαϐεῖν
822 523 849 540 τι
871 513 973 547 ἀγαθὸν

186 562 432 598 ὲγκωμιαζόμενοι,
448 562 506 590 ἀλλ’
530 562 577 589 hct
600 561 640 597 τῷ
657 560 820 597 προσλαϐεῖν
843 569 870 586 τι
890 559 974 586 κακὸν

188 616 227 634 κω
230 607 317 643 μῳδού
321 616 408 643 μενοι.

449 651 532 684 τιμιι.
547 665 583 671 -
597 649 711 686 ΝΕΙΛῼ.

1025 292 1054 313 ιιι
1070 288 1225 322 acciperem
1241 290 1341 324 majora
1355 311 1362 324 ,
1378 291 1429 318 hac.
1445 292 1549 319 ratione
1564 292 1701 319 sinistram
1719 290 1809 325 adepti

1025 331 1137 363 famam,
1150 338 1176 359 et
1189 341 1250 360 vera
1264 335 1371 368 privati.
1386 336 1468 371 677
1486 337 1566 364 Decet
1580 337 1669 372 itaque
1696 336 1812 364 maxime

1024 376 1092 403 lucri
1114 381 1317 412 contemptores
1333 387 1392 407 esse
1408 389 1414 408 :
1443 382 1483 408 sin
1508 389 1604 414 secus,
1624 383 1732 409 modum
1747 388 1812 408 con-

1024 423 1096 449 venit
1112 431 1232 458 servare,
1251 434 1285 452 ne
1299 426 1362 460 quid
1387 433 1467 460 supra
1485 427 1642 462 dignitatem
1656 427 1813 454 aﬂ‘ectautcs

1024 472 1053 494 et
1061 468 1149 502 dignis
1158 470 1314 496 excidamus
1322 474 1349 497 et
1360 470 1498 497 sinistram
1509 478 1635 505 paremus
1642 472 1812 506 opinionem;

1026 520 1079 540 non
1097 513 1221 542 laudandi
1243 515 1315 550 quod
1344 516 1406 542 boni
1428 515 1529 549 aliquid
1549 517 1749 551 acceperimus,
1767 516 1813 543 sed

1027 560 1097 593 quod
1116 560 1180 588 mali
1199 562 1261 596 quid
1278 562 1351 589 nacti
1371 562 1467 594 simus,
1487 562 1666 596 vituperandi.

1268 652 1402 681 CCCXC].
1419 667 1455 674 —
1472 652 1564 680 NILO.

191 696 223 724 In
239 697 318 724 nimio
332 697 422 724 dolare
443 704 511 730 saepe
523 701 616 731 stupor
629 701 653 724 et
667 695 798 723 silentium
811 694 920 722 obvenil.
938 693 1077 730 Obstupui,
1091 701 1268 733 steteruntque
1285 706 1375 731 comaz,
1393 703 1416 725 et
1433 706 1482 725 vox
1496 697 1616 732 faucibus
1627 696 1711 724 limit.
1727 695 1802 730 Virg.

225 743 257 769 01.
279 742 328 777 μὲν
347 741 465 777 μετρίως
482 741 648 776 λυπούμενοι
663 740 710 767 καὶ
723 739 853 775 δακρύειν
870 739 977 774 ἰσχύου-

1066 741 1115 774 Qui
1130 742 1267 770 moderate
1284 743 1384 775 dolent,
1401 743 1544 778 laci-ymari
1567 742 1651 770 etiam
1675 747 1788 777 possunt
1807 749 1813 766 :

191 797 247 815 σιν·
261 789 286 814 οἱ
299 788 327 814 δὲ
344 787 594 822 καταπληττόμενοι
609 787 656 813 ἐπὶ
669 787 729 817 ταῖς
747 785 891 820 μεγίσταις
910 793 977 819 συμ-

1033 787 1075 821 qui
1092 795 1154 814 vero
1166 788 1265 823 ingenti
1284 784 1437 815 calamitate
1454 788 1581 822 perculsi,
1611 795 1645 815 ne
1671 787 1816 822 lacryutari

191 835 295 869 φοραῖς,
319 833 378 859 οὐδὲ
405 832 539 868 δακρῦσαι
566 831 703 862 δύνανται,
733 831 765 865 τῇ
796 829 842 855 τοῦ
873 828 977 860 πάθους

1033 832 1139 866 quidem
1154 838 1264 867 queunt,
1282 833 1382 860 doloris
1397 833 1461 860 victi
1474 832 1671 867 magnitudine,
1687 835 1714 858 et
1736 831 1816 865 quid-

191 879 327 914 ὑπερϐολῇ
354 877 516 909 ἑαλωκότες,
544 877 591 903 καὶ
605 877 659 902 πᾶν
675 876 737 902 ὅσον
760 873 831 909 εἶχον
845 875 926 909 ὑγρὸν
943 875 975 909 τῇ

1033 878 1093 912 quid
1109 878 1176 905 inest
1188 879 1288 905 humidi
1301 879 1382 913 ignita
1396 879 1420 905 vi
1435 882 1621 905 consumente.
1635 876 1713 904 Vultu
1727 877 1816 910 itaque

190 924 237 951 τοῦ
260 923 344 959 πυρὸς
364 924 440 958 ἀκμῇ
460 922 675 956 δαπανήσαντες.
698 921 819 955 ’Δχανεῖς
842 919 908 953 γοῦν
931 920 978 946 καὶ
996 915 1003 942 Ι

1033 923 1135 949 attoniti
1162 930 1193 950 ac
1209 923 1324 957 perculsi
1354 930 1480 956 maerore,
1503 930 1589 957 neque
1613 929 1706 949 vocem
1730 928 1817 956 neque

191 970 323 1003 κατηφεῖς
336 969 402 994 εισι⁶
416 967 484 1002 μήτε
500 966 588 1000 λόγον,
606 967 674 1001 μήτε
689 965 794 1000 δάκρυα
809 963 976 999 προϊέμενοι,

190 1016 223 1050 τῇ
239 1014 267 1040 δὲ
290 1013 337 1040 τοῦ
363 1012 508 1048 προσώπου
537 1011 698 1045 στυγνότητι
724 1009 902 1045 ἐμφαίνοντες
929 1010 978 1044 τῆς

190 1059 279 1094 ψυχῆς
297 1058 348 1091 τὴν
371 1057 548 1084 κατάστασιν.
573 1054 657 1082 Τοῦτο
676 1053 704 1080 δὲ
730 1054 821 1084 αὐτοῖς
838 1053 924 1080 τίκτει
949 1053 980 1079 τὸ

191 1105 330 1139 ἀδόκητον·
350 1103 380 1130 τὸ
397 1102 450 1138 γὰρ
465 1102 502 1138 μὴ
523 1101 606 1128 πάλαι
631 1099 776 1135 μελετηθὲν
787 1099 828 1134 τῷ
844 1098 978 1134 λογισμῷ,

191 1150 230 1186 τῷ
246 1150 351 1185 ἀθρόως
365 1148 536 1183 συμϐαίνειν,
552 1146 700 1181 ἐξίστησιν.

340 1193 421 1228 Τι,Βν.
438 1207 474 1213 -
490 1193 640 1228 ΕΥΤΟΝΙᾩ
660 1191 824 1226 ΔΙᾹΚΟΝῼ.

1032 967 1163 1003 lacrymas
1175 969 1311 1001 emittunt,
1324 968 1468 1002 vultusque
1490 968 1600 995 tristitia
1613 967 1695 994 animi
1714 974 1768 1001 pra:
1788 973 1817 993 sc

1031 1012 1122 1040 ferunt
1135 1013 1280 1040 tristitiam.
1292 1013 1346 1040 Hoc
1355 1014 1406 1040 illis
1419 1014 1630 1047 inexspectatum
1644 1013 1816 1046 subitumque

1028 1058 1112 1092 gignit
1132 1059 1241 1085 malttm.
1260 1059 1336 1091 Quod
1353 1059 1424 1085 enim
1447 1065 1499 1084 non
1521 1058 1595 1092 prius
1614 1058 1704 1083 animo
1719 1057 1809 1090 provi-

1031 1110 1091 1130 sum
1107 1103 1153 1136 sit,
1173 1104 1235 1132 hinc
1248 1105 1346 1132 mentis
1360 1104 1466 1138 copiosa
1484 1103 1604 1130 nascitur
1614 1102 1753 1129 alienatio.

1149 1192 1299 1221 CCCXC“.
1318 1208 1353 1214 ——-
1370 1193 1522 1221 EUTONIO
1540 1192 1701 1220 DIACONO.

225 1239 308 1266 Bonis
323 1247 427 1274 propter
449 1238 627 1272 improborum
642 1238 768 1264 invidiam
779 1235 882 1262 uirtutis
902 1236 1018 1263 studium
1039 1246 1090 1265 non
1107 1237 1289 1267 deserendum.
1311 1239 1398 1266 Virtus
1419 1239 1505 1265 claros
1523 1243 1683 1272 aeternaeque
1701 1236 1784 1271 eﬁicit.

226 1285 258 1312 Et
275 1285 322 1311 καὶ
338 1283 423 1319 πολλὴ
434 1283 482 1310 καὶ¹
496 1282 665 1313 πολύπλοκος
675 1282 726 1317 τῆς
741 1281 866 1316 κακίαςὴ
881 1289 981 1307 σκαιω-

195 1330 250 1367 ρία,
262 1330 329 1356 ἁλλὰ
342 1330 373 1356 σὺ
388 1331 422 1365 τῇ
435 1330 519 1365 ἀρετῇ
531 1328 634 1363 ταύτην
646 1326 846 1362 καταγωνίζου.
869 1326 981 1361 Ἐπειδὴ

193 1376 248 1409 γὰρ
264 1375 363 1409 ἀρετῆς
380 1374 428 1409 μὲν
443 1373 632 1408 λαμπρότερον
646 1372 732 1405 οὐδὲν,
749 1371 848 1404 κακίας
862 1371 891 1398 δὲ
906 1371 983 1398 οὐδὲν

194 1421 404 1455 ζοφωὸέστερον,
430 1419 523 1446 πολλοὶ
546 1418 677 1449 πολλάκις
705 1417 759 1445 τῶν
785 1418 855 1452 μήτε
881 1418 979 1450 εἰπεῖν,

196 1467 263 1502 μήτε
280 1466 382 1501 πρᾶξαί
395 1474 421 1492 τι
439 1465 565 1500 λαμπρὸν
589 1464 768 1498 βουλομένων,
784 1462 902 1497 ὁρῶντες
916 1463 980 1489 ἑαυ-

193 1501 247 1539 τῶν
272 1511 320 1546 μὲν
344 1511 393 1546 τὴν
417 1509 593 1545 αἰσχρότητα,
621 1509 676 1535 τῶν
704 1507 732 1534 δὲ
753 1508 907 1542 φιλαρέτων
931 1508 981 1542 τὴν
996 1501 1017 1530 C

193 1557 390 1593 λαμπρότητα·
416 1555 594 1590 ὲκλεξάμενοί
617 1563 680 1581 τινα
700 1554 754 1581 τῶν
771 1554 853 1590 μηδὲν
869 1554 982 1588 ἀγαθὸν,

196 1605 263 1639 μήτε
277 1603 373 1634 εἰπεῖν,
391 1602 459 1637 μήτε
482 1601 595 1636 ποιῆσαι
610 1600 823 1636 προῃρημένων,
840 1599 983 1635 ἐπαίρουσι

194 1649 242 1675 καὶ
260 1647 446 1683 θαυμάζουσιν
467 1646 537 1680 ὑπὲρ
551 1646 601 1681 τὴν
621 1646 710 1677 ἀξίαν,
723 1646 748 1671 οι
765 1645 814 1680 μὲν
827 1645 943 1679 ἀμαθίᾳ,
958 1643 983 1670 οἱ

194 1694 222 1720 δὲ
238 1693 370 1729 βασκανίᾳ
382 1693 461 1719 τοῦτο
483 1691 613 1727 δρῶντες,
633 1691 676 1718 ἵνα
690 1691 740 1726 τὴν
754 1690 833 1724 δόξαν
850 1690 983 1716 καθέλωσι

195 1737 248 1764 τῶν
264 1737 427 1771 φιλοπόνων,
443 1736 492 1770 οὐχ
509 1736 552 1761 ἶνα
567 1734 674 1766 δείξωσι
690 1734 846 1769 θαυμαστὸν
860 1735 924 1760 ὄντα
937 1734 984 1760 τὸν

199 1783 236 1818 μὴ
249 1782 314 1809 ὄντα
328 1782 459 1809 τοιοῦτον.
483 1781 564 1807 Ἀλλὰ
583 1781 629 1807 τὸν
644 1780 785 1807 σπουδαῖον
799 1780 916 1814 μάλιστα
934 1779 984 1814 μὲν

195 1828 243 1855 καὶ
264 1827 384 1854 ἐπαίνων
400 1825 468 1854 εἶναι
491 1827 637 1862 κρείττονα
660 1826 727 1862 χρή·
744 1826 768 1852 εἰ
785 1826 813 1852 δὲ
837 1827 883 1852 καὶ
896 1825 982 1860 διψῴη

195 1871 308 1902 τούτων,
335 1871 450 1906 συνορᾷν
472 1870 518 1896 τὸν
535 1870 621 1902 δόλον,
646 1870 687 1896 ὅτι
711 1871 810 1896 ἐκεῖνοι
834 1870 982 1904 ἢὲκκόψαι

197 1915 272 1951 αὐτῷ
293 1916 338 1942 τὸν
359 1917 399 1948 εἰς
414 1916 464 1951 τὴν
488 1915 590 1951 ἀρετὴν
607 1915 707 1950 δρόμον
726 1915 892 1950 βουλόμενοι,
908 1915 982 1949 ἢλυ-

197 1961 293 1996 πῆσαι,
310 1960 444 1996 ἐπῄνεσαν
463 1960 508 1987 τὸν
531 1959 702 1996 κακηγορίας
727 1959 812 1991 ἄξιον.
839 1959 894 1986 Καὶ
919 1959 983 1991 τοὺς

200 2007 248 2042 μὲν
259 2007 292 2032 δι’
304 2006 423 2041 ἀμαθίαν
434 2006 513 2033 τοῦτο
529 2006 683 2039 ποιοῦντας,
700 2004 865 2040 συγγνώμης
879 2005 980 2038 ἀξιοῦν·

196 2053 260 2085 τοὺς
274 2052 303 2079 δὲ
316 2052 360 2079 διὰ
381 2052 488 2086 φθόνον,
506 2052 616 2088 θρηνεῖν
626 2060 632 2067 ·
649 2053 690 2078 ὃτι
708 2051 834 2078 τοσοῦτον
849 2051 982 2085 ἀπέχουσι

197 2097 243 2124 τοῦ
266 2097 368 2131 πρᾶξαί
389 2106 416 2124 τι
442 2097 537 2130 καλὸν,
561 2098 602 2124 ὅτι
627 2098 686 2124 οὐδὲ
703 2097 771 2133 πρὸς
796 2096 842 2123 τὸν
857 2097 983 2131 ἐνάρετον

199 2143 367 2170 σπένδονται.

320 2187 399 2221 τιιιν.
417 2203 451 2208 -
467 2188 593 2223 ΖΩΣΙΜῼ
612 2187 849 2222 ΠΡΕΣΒΥΤΕΡῼ.

1069 1284 1126 1310 Etsi
1145 1284 1237 1311 varius
1249 1289 1290 1311 est
1302 1289 1383 1318 atque
1405 1283 1552 1318 implicitus
1576 1282 1756 1317 improbitatis
1772 1281 1821 1308 do-

1033 1329 1088 1361 lus,
1106 1335 1167 1355 eum
1181 1333 1208 1355 tu
1226 1329 1326 1356 virtute
1339 1337 1472 1364 expugna.
1488 1328 1618 1361 Quoniam
1632 1327 1702 1355 enim
1719 1328 1820 1354 virtute

1035 1372 1103 1400 nihil
1132 1378 1174 1400 est
1201 1373 1345 1406 illustrius,
1371 1374 1470 1400 malitia
1485 1381 1549 1400 vero
1573 1372 1639 1399 nihil
1661 1372 1815 1404 obscurius,

1035 1418 1111 1446 multi
1128 1427 1314 1453 saepenumero
1336 1419 1382 1454 qui
1401 1426 1489 1453 neque
1505 1414 1596 1446 dicere
1619 1426 1705 1452 neque
1727 1417 1816 1444 facere

1038 1463 1175 1498 quidpiam
1202 1465 1322 1498 przeclari
1339 1465 1442 1496 volunt,
1464 1472 1539 1491 suatu
1563 1463 1767 1497 turpitudinem,
1794 1468 1822 1489 et

1036 1509 1180 1543 proborum
1202 1510 1393 1538 claritudinem
1419 1511 1552 1542 videntes,
1570 1510 1686 1544 aliquem
1706 1509 1820 1544 eligunt,

1036 1563 1086 1582 nec
1105 1556 1299 1589 hcuedicendi,
1325 1564 1374 1584 nec
1390 1556 1505 1584 faciendi
1526 1556 1670 1590 cupidum,
1705 1561 1822 1588 eumque

1035 1608 1117 1634 supra
1137 1603 1231 1628 merita
1250 1602 1382 1629 extollunt
1406 1607 1434 1629 ct
1458 1602 1637 1634 admirantur,
1666 1601 1692 1628 hi
1713 1600 1822 1634 quidem

1036 1653 1084 1680 per
1101 1646 1263 1680 imperitiam
1278 1648 1328 1674 hoc
1339 1647 1477 1679 facientes,
1491 1647 1528 1673 illi
1542 1654 1605 1673 vero
1621 1654 1668 1681 per
1682 1645 1821 1676 invidiam,

1037 1698 1064 1718 ut
1081 1692 1192 1726 gloriam
1213 1693 1356 1727 ai-quirant
1376 1692 1474 1720 laboris
1492 1700 1524 1719 ac
1544 1691 1701 1726 diligentiae,
1724 1699 1775 1717 non
1794 1694 1823 1716 ut

1036 1736 1213 1763 admiratione
1224 1739 1332 1771 dignum
1343 1744 1403 1765 esse
1413 1738 1635 1768 ostendanteum,
1644 1736 1688 1771 qui
1698 1735 1757 1762 talis
1769 1742 1821 1762 non

1036 1782 1071 1809 sit
1085 1790 1091 1808 :
1108 1782 1154 1809 sed
1168 1782 1279 1816 probum
1297 1783 1459 1817 virtutisque
1475 1783 1622 1809 studiosum
1637 1781 1760 1807 lattdibtts
1772 1787 1821 1815 po-

1037 1827 1169 1854 tissimttm
1184 1835 1243 1854 esse
1253 1828 1382 1862 majorem
1397 1833 1514 1862 oportet,
1529 1828 1550 1854 si
1562 1835 1625 1854 vero
1639 1827 1732 1853 laudes
1740 1826 1821 1853 etiam

1036 1873 1121 1904 sitiat,
1133 1872 1230 1899 intueri
1243 1872 1332 1900 dolum
1347 1877 1462 1906 oportet,
1474 1872 1544 1907 quod
1556 1872 1593 1898 illi
1606 1876 1652 1898 aut.
1671 1871 1817 1898 interrqu-

1037 1925 1099 1952 pere
1107 1926 1214 1945 cursum
1224 1919 1256 1945 ad
1265 1919 1400 1951 virtutem,
1411 1924 1457 1946 aut
1466 1919 1582 1946 dolorem
1593 1918 1693 1946 inferre
1702 1918 1821 1946 volentes

1037 1963 1234 1997 vituperatione
1251 1963 1360 1998 dignum
1376 1964 1519 1991 laudarim.
1536 1963 1568 1990 Et
1579 1964 1686 1998 quidem
1702 1964 1747 1999 qui
1769 1971 1818 1998 per

1037 2008 1198 2042 imperitiam
1210 2008 1236 2035 id
1255 2008 1367 2041 faciunt,
1385 2009 1461 2036 venia
1478 2010 1574 2043 dignos
1586 2009 1756 2042 existimem;
1774 2009 1820 2043 qui

1036 2060 1100 2080 vero
1114 2060 1162 2087 per
1176 2053 1303 2082 invidiam
1318 2054 1343 2080 id
1357 2055 1529 2082 committunt
1545 2054 1685 2089 deplorare
1704 2059 1821 2089 oportet,

1036 2098 1107 2131 quod
1122 2103 1225 2124 tantum
1240 2105 1254 2125 a
1270 2099 1338 2126 bene
1355 2099 1458 2133 agendo
1481 2099 1626 2132 abstinent,
1654 2104 1683 2125 ut
1694 2106 1781 2134 neque
1796 2098 1823 2125 hi

1037 2150 1097 2169 cum
1110 2143 1210 2170 virtute
1224 2144 1335 2178 praedito
1347 2143 1434 2171 [tentus
1447 2145 1547 2172 ineant.

1120 2187 1275 2216 CCCXCIII.
1299 2203 1334 2209 -—
1351 2189 1477 2216 ZOSlMO
1501 2189 1741 2216 PRESBYTERO.

251 2233 378 2261 Simonidi
391 2233 639 2268 nundinatianisque
656 2233 842 2267 beneﬁciorum
859 2237 976 2265 accusat,
994 2241 1003 2259 ι

1037 2232 1105 2260 alia;
1127 2241 1207 2266 ηερε,
1225 2233 1271 2260 lib.
1289 2242 1308 2266 ι,
1325 2239 1348 2261 ιι
1363 2235 1411 2262 lib.
1426 2243 1470 2266 ιιι,
1488 2241 1511 2262 ει
1523 2244 1581 2268 sup.
1602 2235 1680 2269 epist.
1698 2235 1768 2262 276.

232 2278 316 2313 Δῆλος
334 2278 382 2313 μὲν
393 2275 427 2313 ἦς
442 2278 559 2305 ἔκπαλαι
578 2278 628 2313 τὴν
643 2277 792 2313 ἱερωσύνην
808 2277 857 2303 οὑκ
872 2278 980 2311 εὐαγῶς

199 2323 336 2358 κτώμενος
346 2331 353 2338 ·
369 2324 398 2350 οὺ
416 2324 470 2360 γὰρ
487 2323 533 2350 διὰ
549 2323 687 2354 πολιτείας
704 2323 819 2358 ἀρίστης
832 2324 982 2358 κτήσασθαι

199 2369 343 2401 ὲδικαίους,
366 2369 434 2396 ἀλλά
450 2369 588 2404 χρήμασιν
607 2368 765 2403 ὠνήσασθαι
781 2368 982 2403 ὠνειροπόλεις.

198 2413 280 2447 Δῆλος
302 2413 330 2440 δὲ
345 2412 426 2440 εἶκαὶ
440 2413 485 2440 νῦν
499 2413 548 2448 τὴν
560 2413 705 2447 ἐπιθυμίαν
717 2413 755 2444 εἰς
771 2412 848 2447 ἔργον
859 2412 981 2447 ἀγαγὼν,

198 2458 286 2486 καίτοι
311 2459 352 2490 εἰς
373 2458 479 2493 δυσμὰς
507 2457 545 2484 ὣν
564 2458 657 2484 λοιπὸν
670 2457 718 2484 τοῦ
733 2457 801 2492 βίου.
819 2457 867 2489 Τίς
882 2455 929 2484 οὖν
945 2467 986 2484 σοι

199 2503 348 2539 συγγνώμη
360 2503 523 2538 λελείψεται,
539 2505 572 2538 τῇ
589 2503 674 2538 κακία
700 2502 893 2530 συναποθανεῖν
918 2512 984 2538 προ-

198 2549 342 2585 ηρημένφ;

446 2590 525 2624 Τι,Δ’.
545 2606 579 2611 -
596 2590 736 2625 ΙΣΙΔΩΡῼ.

1071 2278 1108 2305 Te
1136 2279 1315 2306 sacerdotium
1332 2279 1430 2315 injuste
1448 2281 1585 2314 possidere
1600 2284 1691 2307 notmn
1722 2280 1823 2314 pridem

1035 2324 1171 2351 omnibus.
1198 2324 1291 2359 Neque
1317 2327 1389 2352 enim
1425 2325 1544 2360 legitime
1576 2325 1691 2360 iureque
1719 2326 1824 2359 optimo

1037 2368 1148 2402 adipisci
1170 2370 1308 2402 studuisti,
1329 2371 1377 2398 sed
1398 2371 1511 2405 pecunia
1541 2377 1676 2398 mercatus
1699 2377 1728 2397 es
1759 2378 1824 2397 cau-

1035 2413 1169 2447 punaudo.
1191 2415 1362 2442 Manifestum
1376 2421 1418 2443 est
1431 2421 1456 2443 te
1471 2424 1540 2443 nunc
1561 2423 1668 2450 quoque
1695 2416 1728 2441 ad
1753 2421 1820 2448 opus

1035 2458 1207 2492 cupiditatem
1236 2460 1347 2494 referre,
1380 2461 1504 2496 quamvis
1531 2462 1557 2488 in
1585 2469 1683 2488 occasu
1699 2460 1760 2486 vita:
1774 2459 1821 2485 sis.

1036 2501 1102 2535 Quis
1120 2503 1201 2538 igitur
1219 2505 1304 2532 venite
1320 2505 1429 2532 relictus
1449 2505 1535 2537 locus,
1560 2514 1620 2532 cum
1638 2505 1670 2530 ad
1688 2505 1749 2530 vitae
1761 2503 1819 2530 exi-

1037 2553 1091 2574 tum
1114 2549 1243 2583 improbis
1255 2551 1346 2578 venire
1364 2551 1486 2578 moribus
1502 2550 1648 2578 malueris?

1083 2591 1178 2626 678,
1193 2593 1347 2621 CCCXCIV.
1370 2607 1406 2613 —-
1438 2593 1573 2622 lSlDORO
1598 2590 1772 2620 EPISCOI‘O.

603 2636 720 2663 Prudens
736 2635 793 2669 quis
811 2640 835 2661 et
848 2635 924 2668 fortis
939 2635 1141 2663 existimandus.
1159 2637 1249 2673 (Conf.
1266 2640 1343 2674 epist.
1359 2640 1417 2674 76.)

233 2683 265 2709 Et
281 2683 438 2719 θεασοίμην,
460 2680 483 2710 ὦ
509 2682 654 2718 ὁμώνυμε,
670 2681 754 2717 ἄνδρα
778 2681 864 2708 δεινὸν
885 2681 934 2716 μὲν
949 2682 981 2708 ἐκ

199 2727 253 2755 τῶν
267 2729 436 2764 φαινομένων
454 2728 484 2755 τὸ
497 2728 570 2760 εἰκὸς
585 2727 734 2763 συμϐαλεῖν
752 2726 819 2762 (29),
830 2726 981 2762 δεινότερον

1073 2682 1100 2709 Si
1112 2685 1306 2718 perspexerim,
1319 2694 1334 2712 υ
1346 2686 1410 2712 mihi
1426 2683 1715 2720 cognominislsidore,
1732 2681 1820 2708 virum

1035 2733 1143 2755 acutum
1169 2736 1201 2756 ex
1217 2730 1297 2757 rebus
1313 2730 1506 2765 apparentibus
1525 2730 1596 2763 quod
1612 2726 1757 2755 verisimile
1768 2730 1819 2758 est,

756 2782 874 2810 VAttt/E
894 2771 1084 2811 LecTIONes
1102 2784 1146 2811 ar
1167 2785 1281 2813 NUTAS.

237 2842 292 2878 ('29)
308 2842 358 2870 Pro
370 2844 516 2877 συμῦαλεῖν
530 2844 609 2871 ambo
621 2844 701 2871 iidem
715 2843 792 2871 codd.
811 2844 836 2870 in
853 2847 980 2870 contextu

200 2876 300 2906 habent
316 2876 466 2912 συλλαϐεῖν,
482 2879 528 2907 sed
546 2884 659 2912 uterque
682 2879 822 2907 lectionem
846 2879 911 2906 editi
931 2877 1039 2905 exhibet
1053 2877 1079 2904 in
1097 2878 1225 2912 margine.
1243 2876 1345 2904 Possm.
