2049 3162
156 191 222 224 1565

633 195 899 226 EPISTOLARUM
919 194 992 225 LIB.
1010 195 1043 225 V.
1062 208 1097 212 —
1115 196 1233 228 EPIST.
1253 197 1325 227 CDI.

1708 195 1776 228 1566

152 255 214 273 τινα
231 245 382 281 γεγονότων
411 247 525 283 ἐχθρῶν,
543 248 660 285 θελήσας
684 250 713 277 δὲ
736 250 865 282 εὔξασθαι
894 249 941 276 καὶ

998 254 1078 280 catus,
1091 251 1135 284 qui
1154 258 1186 278 ev
1210 259 1274 278 casu
1292 252 1419 286 quodam,
1436 256 1462 278 et
1476 251 1502 278 in
1514 251 1672 286 quihusdam
1686 259 1776 279 rerum

152 293 222 328 ὑπὲρ
236 292 289 319 τῶν
302 292 372 319 κατὰ
388 293 501 328 μελέτην
516 295 562 321 καὶ
576 295 706 330 σπουδὴν,
725 296 767 322 διὰ
780 295 825 321 τοῦ
840 295 941 328 στόμα-

153 347 198 370 τος
223 339 302 374 μόνου
318 337 397 364 τοῦτο
412 339 570 374 πεποιηκὼς
584 340 681 366 ὲάλων.
700 341 736 366 Οὐ
759 340 810 375 μὴν
835 339 941 365 ἀπιστῶ

154 384 210 415 τοῖς
230 383 271 415 είς
298 383 426 410 τοσοῦτον
451 384 552 418 ἀρετῆς
576 385 784 420 ἀναδεδηκόπιν,
802 385 870 411 ἀλλὰ
895 384 941 410 καὶ

153 429 242 464 χαίρω
260 429 308 455 καὶ
327 429 478 465 συγχαίρω,
494 431 540 456 καὶ
553 431 686 466 εὐξαίμην
700 432 739 462 είς
749 431 827 457 τοῦτο
840 430 941 464 φθάσαι

152 474 183 500 τὸ
195 474 306 509 μέτρον.
325 474 363 501 Οὐ
379 474 432 510 γὰρ
443 475 556 510 πάθοιμι
568 475 598 502 τὸ
611 476 714 502 πολλῶν
730 476 825 508 πάθος,
840 477 865 501 οἳ
878 476 941 502 ὅταν

152 519 225 551 τινὸς
243 519 281 555 μὴ
305 519 456 555 δυνηθῶσιν
472 520 649 548 ἐπιλαϐέσθαι
670 522 779 556 ἀρετῆς,
796 521 896 547 ἄτοπόν
915 530 941 547 τι

153 565 252 600 δρῶσιν
263 573 270 580 ·
288 565 305 600 ἢ
320 566 374 602 γὰρ
389 567 534 593 ἀπιστοῦσι
550 568 606 598 τοῖς
621 567 840 602 κατωρθωκόσιν,
857 566 887 598 ἐξ
905 563 941 593 ὧν

155 610 303 645 πράττουσι
327 611 374 638 καὶ
390 611 453 646 περῖ
468 611 522 638 τῶν
538 612 625 639 ἄλλων
641 612 821 647 ψηφιζόμενοι
843 611 941 647 (πεφύ-

153 664 220 682 κασι
239 656 294 690 γὰρ
309 656 401 690 σχεδὸν
423 657 541 689 ἅπαντες
561 658 593 684 ὲκ
607 657 661 684 τῶν
676 657 736 684 καθ’
762 657 875 688 ἑαυτοὺς
895 656 942 683 καὶ

155 701 203 731 τὰς
218 701 282 736 περὶ
296 701 348 727 τῶν
367 701 451 733 πέλας
466 702 559 737 φέρειν
571 703 702 738 Momm)-
718 703 734 738 ἢ
752 703 942 738 αἰσχυνόμενοι

154 745 185 772 τὸ
197 745 242 772 ἐπὶ
260 746 427 782 μικροψυχίᾳ
448 747 558 779 ἁλῶναι,
577 747 769 784 ὲναὸρύνονται
786 747 823 779 ὠς
842 756 940 782 κατορ-

156 791 309 823 θώσαντες·
328 793 375 819 καὶ
391 794 508 828 μάλιστα
521 794 585 820 ὃταν
608 795 672 829 περὶ
693 794 793 829 ἀδήλου
812 795 942 830 πράγμα-

154 846 200 869 τος
213 838 227 863 ό
241 837 320 871 λόγος
359 847 365 853 ·
381 838 397 874 ἢ
413 840 453 870 είς
468 839 584 874 θεωρίας
597 841 810 874 καταφεύγουσι,
824 841 854 867 τὸ
870 841 942 876 πρᾶ-

155 890 213 917 γμα
232 883 486 918 ἀποδιδράσκοντες.
510 885 554 911 ἵνα
568 885 669 917 δόξοιεν
688 886 724 921 μὴ
742 887 774 912 ἐκ
793 886 940 922 ῥᾳθυμίας,

996 296 1135 323 eventibus
1168 296 1233 323 mihi
1264 298 1397 324 adversati
1430 296 1557 329 filerunt.
1585 298 1681 324 deinde
1711 305 1777 324 vero

995 340 1108 373 idipsnm
1126 348 1174 373 pro
1190 341 1222 367 iis
1239 341 1328 367 facere
1343 346 1450 369 teutans
1474 342 1518 376 qui
1537 342 1569 368 de
1592 341 1724 368 industria
1750 347 1778 369 et

995 386 1083 412 studio
1098 385 1162 412 mihi
1179 386 1389 413 adversarentur
1407 395 1473 414 sane
1489 392 1543 413 tum
1559 392 1685 421 expertus
1703 395 1775 418 sum,

995 431 1065 464 quod
1084 438 1135 457 non
1152 430 1202 456 nisi
1229 438 1276 458 are
1299 437 1376 457 lcuus
1407 432 1480 466 prius
1509 433 1535 459 id
1566 433 1700 460 fecissem.
1719 432 1776 458 Non

994 475 1065 502 enim
1083 476 1116 502 iis
1131 475 1236 508 diﬂido,
1252 476 1296 510 qui
1316 477 1348 502 ad
1368 484 1501 503 summam
1525 483 1707 511 pervenerunt
1724 479 1777 504 vir-

996 524 1091 559 tutem,
1111 521 1164 548 imo
1178 521 1281 554 gaudeo
1297 526 1378 555 atque
1390 522 1456 548 adeo
1473 523 1655 556 congratulor,
1672 528 1778 557 optem’

995 574 1047 601 que
1065 574 1097 594 eo
1119 567 1293 601 perfectionis
1309 568 1475 601 pertingere.
1497 567 1588 601 Neque
1612 569 1683 594 enim
1707 569 1777 594 nmi-

999 617 1086 639 torum
1096 611 1188 638 laboro
1197 610 1586 645 invidia:perturbatione,qui,
1597 620 1655 638 cum
1665 613 1778 647 alicujus

996 657 1102 690 assequi
1121 661 1256 691 nequeant
1276 657 1414 688 virtutem,
1434 656 1542 684 absurdi
1560 657 1625 691 quid
1652 657 1779 684 commit-

998 706 1077 729 tunt:
1094 701 1134 728 vel
1149 702 1219 728 enim
1237 701 1357 728 iuvudeut
1373 707 1446 729 recte
1473 702 1628 736 agentibus,
1653 707 1681 729 et
1696 710 1729 729 ex
1745 703 1778 729 iis

995 754 1055 781 quae
1069 752 1149 781 agunt
1163 747 1194 773 de
1219 746 1278 773 aliis
1302 746 1424 780 judicent
1441 746 1539 780 (solent
1568 747 1640 774 enim
1659 748 1779 782 plerique

995 799 1089 819 omnes
1100 799 1132 818 ex
1151 792 1206 818 suis
1222 792 1272 826 ipsi
1289 792 1368 818 rebus
1392 793 1424 819 de
1445 792 1505 819 aliis
1531 792 1602 820 ferre
1622 793 1780 827 judicium),

995 837 1037 865 vel
1051 838 1112 864 dum
1133 838 1216 872 pudet
1228 837 1287 864 illos
1299 837 1529 871 pusillanitnitatis
1546 838 1635 872 argui,
1660 838 1781 872 glorian-

999 887 1052 914 tur,
1070 882 1146 917 quasi
1161 886 1233 909 recte
1263 881 1378 908 fecerint
1403 882 1573 916 maximeque
1595 890 1656 909 cum
1684 883 1717 909 de
1750 889 1780 909 re

155 927 214 955 ἀλλ’
232 928 286 954 ἀπὸ
303 929 422 964 κρίσεως
435 929 528 963 ὑγιοῦς
551 930 588 965 μὴ
608 931 830 966 κατωρθωκέναι.
856 932 944 967 Ὅπερ

998 929 1098 955 incerta
1119 927 1200 954 verba
1235 927 1311 954 ﬁunt.
1333 927 1380 955 Vel
1402 927 1518 961 deniqtte
1543 929 1576 954 ad
1596 927 1781 962 contemplan-

157 973 232 1005 τινὰς
253 971 312 1001 οῖδα
340 975 477 1007 παθόντας
502 975 557 1010 ἐγὼ
578 976 632 1002 τῶν
653 976 690 1011 μὴ
706 977 872 1012 δυνηθέντων
891 986 942 1004 κα-

156 1018 302 1053 τορθῶσαι,
314 1020 391 1054 μηδὲ
403 1020 457 1047 δύο
469 1021 606 1055 χιτῶνας.
622 1022 721 1057 Ἐχρῆν
733 1023 787 1058 γὰρ
797 1023 834 1058 μὴ
845 1024 942 1055 εἰπεῖν,

156 1063 197 1089 ὅτι
210 1063 380 1100 θεωρηθῆναι
393 1066 457 1101 χρὴ,
472 1067 539 1093 ἀλλὰ
552 1066 691 1102 θαυμάσαι
708 1068 756 1102 μὲν
767 1069 830 1100 τοὺς
843 1077 943 1103 κατορ-

158 1108 308 1143 θώσαντας,
333 1111 501 1146 ὁμολογῆσαι
524 1113 552 1139 δὲ
568 1112 664 1139 τούτου
680 1114 727 1140 τοῦ
742 1114 824 1140 ἄθλου
847 1114 944 1140 ἀπολε-

156 1154 274 1190 λεῖφθαι.
301 1156 373 1190 Ἐγὼ
395 1157 450 1193 γὰρ
466 1158 587 1190 ἐκείνους
613 1159 730 1193 μάλιστα
750 1159 943 1195 ἀνακηρύττω,

156 1203 218 1233 τοὺς
232 1201 384 1235 ἀνύσαντας
397 1203 469 1239 ἅπερ
484 1204 553 1236 τέως
564 1204 660 1232 ἀνύσαι
677 1206 728 1232 οὐκ
743 1206 889 1241 ἠδυνήθην.

157 1248 203 1281 qui
230 1253 305 1275 recte
328 1256 360 1275 ac
382 1250 511 1283 praeclare
535 1251 598 1284 quid
611 1256 691 1286 agant
713 1260 721 1278 :

997 973 1061 1000 dum
1076 980 1105 1001 se
1117 973 1261 1007 recipiunt,
1279 973 1412 999 actionem
1428 972 1603 1007 refugientes,
1621 979 1653 1000 ne
1670 972 1779 999 videan-

999 1024 1043 1046 tur
1059 1026 1090 1046 ex
1111 1018 1214 1052 ignavia
1238 1018 1418 1053 socordiaque
1443 1019 1489 1046 sed
1514 1025 1580 1045 sano
1602 1018 1705 1053 judicio
1724 1025 1778 1045 non

1000 1068 1072 1091 recte
1090 1064 1196 1091 fecisse.
1218 1062 1294 1096 Quod
1325 1064 1418 1091 multis
1442 1064 1499 1091 scio
1528 1071 1577 1090 usu
1605 1064 1721 1093 venisse.
1748 1063 1781 1090 iis

997 1111 1146 1146 praesertim
1169 1110 1215 1145 qui
1232 1110 1295 1137 illud
1318 1117 1428 1136 servare
1459 1117 1512 1136 non
1543 1110 1647 1144 possint
1673 1118 1679 1136 :
1711 1109 1781 1135 Duas

998 1157 1099 1184 tunicas
1114 1164 1158 1183 nec
1185 1155 1330 1182 Itabealis‘.
1360 1155 1418 1183 Non
1439 1155 1511 1182 enim
1542 1155 1696 1186 dicendum,
1720 1162 1784 1181 cott-

997 1202 1163 1235 templationi
1177 1201 1292 1228 dandam
1308 1208 1430 1236 operam,
1458 1201 1504 1228 sed
1528 1201 1716 1227 admirandum
1739 1206 1786 1226 eos

754 1240 937 1278 conﬁtendum
973 1256 1038 1277 vero
1055 1249 1104 1275 hoc
1122 1255 1151 1274 se
1193 1247 1341 1274 certamine
1362 1240 1448 1279 vinci;
1469 1250 1496 1273 et
1520 1253 1534 1273 a
1553 1250 1627 1280 tergo
1656 1245 1783 1280 relinqui.

158 1296 213 1330 Ego
230 1303 296 1324 sane
319 1296 379 1324 illos
400 1297 518 1324 maxime
534 1299 651 1332 przedico
675 1299 719 1334 qui
745 1299 771 1327 id
799 1303 939 1335 praestant,
959 1297 1029 1333 quod
1048 1297 1104 1332 ipse
1121 1296 1252 1323 hactenus
1266 1303 1317 1321 non
1339 1294 1411 1329 potui
1426 1299 1566 1328 praestare.

380 1351 463 1385 Tw.
479 1367 515 1372 -
529 1353 717 1388 ΜΛΡΤΥΡιῼ.

1179 1348 1337 1377 CCCXCIX.
1357 1364 1392 1369 —
1403 1347 1596 1376 MARTYRIO.

460 1406 590 1439 Temporis
603 1406 813 1446 ratio/iubenda.
831 1405 943 1432 Occasio
960 1412 1013 1431 non
1028 1403 1193 1438 negligenda.
1211 1401 1300 1436 (Couf.
1319 1402 1395 1436 epist.
1411 1401 1486 1437 266.)

194 1457 322 1493 Ἀριστόν
337 1457 426 1491 ἐστιν,
444 1455 466 1485 ὦ
484 1459 594 1494 φίλτατε
605 1479 612 1491 ,
628 1459 658 1486 τὸ
672 1459 768 1495 χρόνου
786 1459 943 1494 φείδεσθαι·

158 1504 208 1530 οὐκ
225 1504 349 1538 ἀνέχεται
366 1504 421 1539 γὰρ
434 1502 511 1536 αὖθις
527 1506 670 1540 ὲπιφοιτᾷν
680 1525 687 1537 ,
703 1505 765 1531 οὔτε
781 1504 868 1539 μάτην
881 1504 946 1531 ἀνα-

1033 1456 1158 1490 Tempori
1169 1463 1280 1491 parcere
1291 1455 1421 1489 optimum
1431 1459 1483 1487 est,
1498 1453 1661 1482 amicissime
1674 1463 1680 1481 :
1697 1457 1786 1481 trans-

997 1503 1062 1530 itum
1082 1502 1153 1529 enim
1166 1508 1217 1528 nou
1235 1500 1313 1533 redit,
1334 1508 1384 1527 nec
1403 1500 1472 1527 tnale
1488 1500 1658 1530 collocatum,
1688 1499 1781 1526 eadem

159 1548 255 1580 λωθεὶς
274 1549 324 1584 τὴν
347 1549 432 1583 αὐτὴν
448 1550 628 1585 ὑποστρέφειν
647 1551 722 1577 ὁδόν·
741 1550 815 1585 νόμῳ
842 1550 870 1576 δὲ
893 1549 945 1584 φύ-

998 1548 1143 1575 revertitur
1165 1547 1218 1574 via.
1245 1545 1423 1573 Indissolubili
1450 1545 1522 1572 enim
1539 1550 1642 1571 natura;
1668 1544 1718 1578 legi
1742 1544 1787 1570 ob-

160 1602 228 1626 σεως
254 1593 345 1629 ἀλύτῳ
373 1595 531 1630 πειθόμενος
558 1595 715 1629 (ὠκύτατος
735 1595 791 1630 γάρ
816 1597 874 1621 ἐστι
898 1595 946 1621 καὶ

158 1639 339 1675 ταχύτατος),
357 1640 413 1667 θέει
432 1640 481 1675 μὲν
495 1640 626 1675 ἀκίχητον
644 1641 758 1675 δρόμον,
777 1640 906 1667 λαϐέσθαι
918 1640 947 1666 δὲ

159 1686 214 1717 τοῖς
228 1685 400 1720 βουλομένοις
414 1685 443 1711 οὐ
458 1685 574 1711 δίδωσιν.
591 1684 695 1711 Οὐκοῦν
712 1684 764 1719 χρὴ
780 1684 888 1719 ἔχεσθαι
901 1683 948 1710 αὗ-

158 1730 207 1758 τοῢ
226 1730 422 1766 πλησιάζοντος
433 1738 440 1745 ·
455 1728 511 1757 οἷόν
522 1739 551 1757 τε
567 1730 622 1765 γὰρ
636 1730 696 1756 τότε
712 1729 781 1756 ἑλεῖν
801 1729 845 1756 καὶ
862 1737 948 1756 κατα-

160 1777 245 1812 σχεῖν.
260 1775 506 1812 Παριππεύσαντος
522 1776 576 1810 γὰρ
590 1776 637 1802 καὶ
649 1775 679 1802 τὸ
694 1773 870 1810 μεταδιώκειν
880 1774 946 1810 ἀνή-

160 1830 238 1850 νυτον
247 1843 255 1856 ,
270 1823 318 1850 καὶ
330 1822 360 1849 τὸ
372 1822 591 1857 καταλαμϐάνειν
608 1822 760 1857 ἀμήχανον.

353 1877 392 1904 Υν.
409 1892 445 1897 ——
459 1875 591 1912 ΕΡΜΙΝῼ
608 1875 756 1903 ΚΟΜΗΤΙ.

1000 1598 1153 1628 temperans
1172 1592 1382 1627 (velocissimum
1403 1595 1445 1618 est
1470 1591 1541 1618 enim
1558 1598 1589 1617 ac
1602 1588 1785 1624 celerrimum)

1000 1638 1300 1673 incomprehensibilem
1321 1637 1407 1663 currit
1434 1644 1556 1666 cursum.
1575 1639 1604 1662 ut
1618 1635 1677 1668 cepi
1693 1643 1708 1661 ιι
1739 1642 1788 1661 \‘o-

1000 1685 1070 1711 lcntc
1085 1688 1210 1718 nequeat.
1225 1682 1350 1709 Pra'sens
1375 1682 1464 1715 itaque
1481 1685 1586 1715 tempus
1602 1679 1787 1714 arripiondum

1000 1734 1052 1761 est.
1069 1733 1131 1756 tunc
1148 1729 1218 1756 euitn
1235 1729 1437 1762 apprehendere
1458 1727 1540 1753 liceat
1569 1733 1600 1753 ac
1620 1725 1712 1760 potiri.
1734 1724 1788 1751 Ob-

1001 1775 1129 1809 equitans
1149 1779 1239 1801 autent
1258 1781 1289 1800 ac
1314 1774 1459 1800 decurrens
1487 1771 1547 1806 capi
1572 1778 1624 1798 non
1654 1773 1742 1805 potest
1757 1776 1788 1796 ac

1002 1820 1203 1854 comprehendi.

1173 1872 1227 1899 CD.
1247 1886 1282 1891 —
1307 1869 1460 1898 llER‘ill‘NO
1483 1869 1614 1898 COMITI.

587 1927 620 1954 In
633 1927 716 1954 malas
734 1932 853 1962 pastores
867 1935 944 1961 pecus
960 1927 1137 1962 deglubentes,
1160 1926 1255 1953 Ezec/i.
1273 1933 1364 1953 xxxw.

194 1994 242 2030 Μὴ
267 1993 405 2029 θαύμαζε,
428 1994 453 2020 εἰ
481 1992 614 2020 τοσούτων
635 1993 773 2028 ποιμένων
798 1991 951 2027 λεγομένων

1035 1991 1094 2019 Noli
1119 1990 1248 2018 admirari
1276 1995 1313 2016 tot
1341 1993 1531 2022 tautormnque
1563 1993 1702 2021 pastorum
1721 1994 1788 2014 oves

161 2041 196 2068 τὰ
209 2039 334 2076 πρόϐατα
349 2039 488 2066 λυκοῦται.
505 2039 637 2065 Τοσοῦτον
655 2039 710 2073 γὰρ
724 2037 854 2073 ἀπέχουσί
878 2045 950 2068 τινες

1000 2037 1081 2064 veluti
1114 2043 1128 2062 a
1156 2035 1225 2070 lupis
1248 2034 1384 2061 dilauiari.
1404 2033 1517 2065 Quidam
1543 2032 1614 2058 enim
1632 2031 1696 2065 (non
1713 2031 1786 2058 enim

163 2085 192 2118 ὲξ
222 2085 312 2112 αὐτῶν
343 2085 392 2121 (οὐ
430 2084 485 2120 γὰρ
518 2084 621 2115 πάντας
649 2083 803 2116 αἰτιατέον)
827 2082 873 2109 τοῦ
901 2091 951 2117 φυ-

1000 2080 1143 2108 accusaudi
1159 2078 1264 2114 omnes)
1279 2082 1382 2106 mttunt
1399 2078 1449 2104 sibi
1462 2079 1615 2111 temperant
1631 2084 1644 2102 a
1659 2075 1787 2103 custodia

162 2129 269 2156 λάττειν
290 2129 338 2156 καὶ
365 2128 571 2163 ἐπιμελεῖσθαι,
590 2129 631 2154 ὅτι
647 2128 708 2154 οὐδὲ
724 2127 812 2154 κυνῶν
834 2126 949 2161 μιμοῦν-

999 2131 1026 2153 et
1040 2133 1114 2158 cura,
1131 2130 1160 2152 ut
1177 2132 1210 2152 ne
1219 2132 1315 2150 canum
1331 2123 1414 2158 680
1425 2123 1531 2157 quidem
1548 2129 1655 2156 gregem
1673 2128 1788 2148 servan-

162 2183 209 2202 ται
228 2175 328 2210 τρόπον
345 2174 546 2208 φυλαττόντων,
564 2174 631 2200 ἀλλὰ
646 2174 680 2200 τὰ
693 2173 782 2199 λύκων
796 2173 897 2208 δρῶσι,
915 2173 947 2199 τὰ

1001 2171 1065 2198 tium
1088 2178 1189 2197 morem
1213 2175 1331 2201 teneant,
1360 2169 1405 2195 sed
1435 2168 1556 2202 luporum
1578 2171 1670 2201 partes
1687 2172 1778 2201 agant.

164 2218 288 2254 πρόϐατα
310 2218 507 2250 κατεσθίοντες.
533 2219 570 2245 Οὐ
596 2219 648 2253 γὰρ
662 2218 778 2254 ἤρκεσεν
803 2218 894 2248 αὐτοῖς
915 2217 950 2243 τά

164 2264 225 2299 ἔρια
242 2264 290 2291 καὶ
316 2263 347 2290 τὸ
364 2263 450 2298 γάλα,
469 2264 537 2290 ἀλλὰ
564 2264 611 2290 καὶ
636 2263 726 2290 αὐτῶν
743 2263 862 2298 ἥψαντο,
890 2263 949 2298 οὐχὶ

163 2310 217 2337 τῶν
238 2310 371 2344 σωμάτων
386 2307 482 2345 (ἦττον
501 2309 554 2344 γὰρ
569 2310 601 2336 ἂν
615 2308 678 2345 ἦν),
693 2309 760 2335 ἀλλὰ
775 2308 828 2334 τῶν
840 2307 948 2343 ψυχῶν·

165 2355 218 2381 πᾶν
243 2355 292 2390 μὲν
314 2354 429 2389 λιπαρὸν
453 2354 688 2388 κατασφάζοντες,
711 2355 764 2380 πᾶν
784 2353 812 2380 δὲ
836 2353 946 2382 ἀσθενὲς

164 2398 348 2434 παρορῶντες,
359 2400 413 2425 πᾶν
425 2399 453 2425 δὲ
463 2399 730 2434 τετραυματισμένον
742 2400 772 2426 οὐ
787 2398 951 2433 θεραπεύον-

164 2453 219 2477 τες,
237 2445 267 2471 τὺ
281 2445 309 2471 δὲ
331 2445 440 2480 ἰσχυρὸν
462 2445 509 2472 καὶ
525 2445 562 2480 μὴ
578 2443 650 2471 εἶκον
666 2446 699 2480 τῇ
718 2445 823 2480 ἀσωτίᾳ
844 2444 950 2477 αὐτῶν,

163 2490 249 2523 δόλοις
262 2491 309 2517 καὶ
324 2491 479 2522 ἐπιϐουλαῖς
494 2490 733 2525 κατεργαζόμενοι.

288 2544 351 2572 ΥΑι.
367 2559 402 2564 -
421 2545 571 2581 ΔΩΡΟΘΕῼ
586 2545 829 2580 ΛΑΜΠΡΟΤΑΤῼ.

1004 2216 1095 2250 Neque
1109 2216 1180 2242 enim
1197 2215 1263 2242 satis
1279 2215 1379 2241 ducunt
1397 2213 1457 2240 lana
1485 2217 1511 2240 et
1534 2212 1603 2239 lacte
1629 2212 1677 2244 uti,
1702 2212 1746 2238 sed
1761 2215 1788 2238 et

1004 2261 1124 2296 ipsorum
1153 2261 1272 2294 rapiunt,
1295 2265 1346 2285 non
1364 2263 1416 2284 tam
1443 2265 1568 2292 corpora,
1597 2257 1669 2292 quod
1697 2257 1787 2283 minus

1003 2306 1083 2337 foret,
1102 2313 1181 2340 quam
1195 2305 1310 2335 animas,
1327 2311 1409 2337 pecus
1426 2310 1506 2329 omne
1525 2303 1625 2337 pingue
1642 2303 1789 2327 absumen-

1001 2356 1080 2384 tes,et
1094 2352 1229 2378 intiruium
1240 2349 1310 2384 quod
1326 2354 1366 2376 est
1380 2353 1594 2378 contemnentes,
1610 2352 1637 2374 et
1654 2347 1785 2380 quidquid

1001 2398 1093 2425 larsum
1107 2397 1216 2423 vulnere
1227 2400 1268 2422 est
1278 2402 1330 2421 non
1341 2395 1516 2421 incdit-antes.
1528 2393 1661 2426 Quidquid
1677 2393 1782 2418 ﬁrmum

1002 2446 1044 2468 est
1058 2448 1088 2467 ac
1102 2441 1253 2471 robustum.
1277 2444 1370 2466 contra
1391 2443 1472 2472 atque
1492 2438 1644 2472 oportebat,
1669 2436 1787 2471 ingluVie

1004 2495 1063 2519 sua,
1084 2485 1221 2512 fraudibus
1238 2489 1319 2519 atque
1333 2484 1438 2510 insidiis
1455 2483 1698 2517 comprehendunt.

1094 2539 1159 2566 CDI.
1184 2553 1219 2558 —
1242 2536 1428 2565 DOltOTllEO
1451 2536 1531 2564 VlliO
1547 2534 1699 2563 CLARISS.

611 2599 733 2627 Veritatis
747 2602 796 2632 vis,
812 2604 836 2627 et
857 2597 992 2626 candoris.
1018 2596 1126 2628 Semper
1143 2594 1238 2621 veritas
1259 2593 1348 2619 uincit.

206 2662 306 2695 Ἡδέως
320 2663 353 2689 ἂν
367 2662 414 2689 καὶ
427 2662 552 2698 ἀσμένως
565 2663 613 2697 τὴν
629 2663 756 2698 ἀλήθειαν
770 2662 857 2698 τιμῶν
872 2663 952 2698 ἡττῆ-

168 2710 230 2736 σθαι
244 2709 329 2741 δοκῶ,
343 2709 360 2744 ἢ
376 2709 539 2744 ψευδόμενος
555 2708 633 2735 νικῶ.
655 2709 807 2744 ’Δληθεύων
825 2709 874 2744 μὲν
887 2709 952 2743 γὰρ,

1040 2659 1149 2687 Lubens
1176 2658 1321 2692 volensque
1351 2656 1492 2684 veritatem
1530 2655 1665 2682 honorans
1697 2653 1788 2680 malint

1004 2705 1088 2736 vinci,
1106 2711 1185 2738 qttam
1203 2704 1318 2730 mendax
1332 2702 1452 2729 vincere.
1470 2700 1537 2727 Vera
1554 2699 1651 2726 ctenim
1666 2705 1789 2730 narrans,

167 2755 218 2782 κᾶν
236 2754 369 2790 ἡττῆσθαι
381 2754 462 2787 δόξω,
477 2755 607 2789 νενίκηκα
618 2763 625 2770 ·
638 2754 731 2790 ἀπάτῃ
749 2754 777 2780 δὲ
794 2754 934 2789 κρατήσας
948 2771 955 2784 ,

1005 2751 1056 2778 etsi
1072 2750 1143 2777 vinci
1156 2749 1258 2780 videar,
1283 2749 1371 2776 vinco.
1389 2746 1454 2773 Dolo
1483 2753 1545 2772 vero
1567 2745 1635 2772 malo
1647 2752 1789 2780 superans,

169 2801 218 2828 κᾶν
233 2801 404 2836 νενικηκέναι
424 2800 492 2834 δόξω
503 2821 510 2834 ,
525 2801 656 2836 ἥττημαι.

203 2889 209 2904 ¹
225 2888 319 2916 Matth.
342 2896 369 2922 ι,
388 2888 431 2916 10.

1009 2795 1115 2824 tametsi
1129 2795 1226 2823 vicisse
1243 2794 1345 2826 videar,
1358 2793 1445 2820 victus
1462 2791 1538 2818 abeo.
