2049 3162
192 158 259 190 1573

630 156 895 187 EPISTOLARUM
915 156 986 186 LIB.
1013 157 1046 186 V.
1064 169 1099 173 —
1116 156 1232 186 EPIST.
1251 156 1406 187 CDXVIII.
1742 153 1810 188 1574

423 211 494 238 rta’.
515 227 550 232 —
569 213 728 247 AEONTIQ.
986 219 1009 246 Α

1254 211 1370 238 CDXIV.
1380 210 1580 239 υ-ιΕοΝτιο,

640 267 677 294 De
690 267 792 294 virtutis
806 265 933 293 utilitate.
948 265 1065 301 (Confer.
1082 267 1157 301 epist.
1171 267 1223 295 406
1238 273 1261 295 et
1285 268 1358 304 407.)

226 324 257 350 'll
274 322 359 358 ἀρετὴ
386 321 511 349 τοσοῦτον
531 322 627 358 ἀπέχει
650 321 698 348 τοῦ
716 322 769 349 ἀπὸ
788 321 841 348 τῶν
858 321 973 357 μεταϐο-

184 370 237 396 λῶν
260 369 435 403 ἐλέγχεσθαι,
449 368 489 394 ὃτι
502 368 550 394 καὶ
564 369 659 399 αὐταῖς
673 367 722 399 τὰς
739 366 896 403 πρεπούσας
912 367 973 393 ἐπι-

185 415 320 442 ϐάλλουσαι
337 414 415 449 ἡνίας
433 413 540 440 εὐθύνει
563 414 631 449 πρὸς
649 414 680 440 τὸ
705 413 774 440 δέον.
796 413 840 448 Τῷ
858 413 906 448 μὲν
920 412 974 447 γὰρ

185 461 292 496 πλούτῳ
317 460 348 486 τὸ
374 459 546 494 οἰκονομικὸν
570 459 720 494 συγκιρνᾷ,
739 460 772 494 τῇ
800 458 828 484 δὲ
850 458 912 493 δόξῃ
926 458 975 493 τὴν

186 507 360 542 μετριότητα·
377 505 425 532 καὶ
449 505 482 539 τῇ
505 505 554 539 μὲν
574 505 645 539 ἀρχῇ
670 504 719 539 τὴν
735 503 863 538 ἀτυφίαν.
883 504 921 538 Τῇ
948 502 976 528 δὲ

188 552 265 587 πενία
285 551 335 586 τὴν
350 549 485 585 ἀνδρείαν.
504 550 535 576 Εί
557 549 648 575 τοίνυν
667 549 712 575 καὶ
734 548 788 575 Ιτῶν
803 550 974 584 πραγμάτων

185 597 247 628 τοὺς
273 595 476 632 νεωτερισμοὺς
503 595 580 629 νικᾷ,
610 594 658 621 καὶ
683 594 804 628 ἀοίδιμον
838 593 975 620 κάνταῦοα

186 644 241 678 ἔχει
262 644 373 669 κάκεῖσε
397 642 454 675 ἕξει
468 641 499 668 τὺ
512 641 592 672 κλέος
604 661 610 672 ,
626 641 697 668 διατί
711 641 750 676 μὴ
767 640 868 676 ταύτην
885 641 975 667 ἀσπα-

187 688 302 724 ζόμεοα;

340 785 413 812 TIE'.
433 799 469 805 -
485 784 650 820 ΔΡΠΟΚΡᾼ
669 784 821 820 Σοψιετξι.

1062 321 1153 348 Virtus
1170 326 1272 349 tantum
1286 322 1362 350 abest
1378 327 1406 349 ut
1421 327 1546 357 tanquam
1569 330 1657 350 rerum
1674 321 1811 350 vicissitu~

1026 366 1096 392 ditiis
1107 365 1139 392 sit
1155 373 1234 393 causa
1247 366 1405 400 judieanda,
1420 371 1449 394 ut
1465 367 1529 401 ipsis
1552 367 1633 394 etiam
1647 368 1811 394 convenien-

1028 411 1063 438 tia
1079 411 1220 445 imponens
1236 412 1312 438 frena
1332 412 1431 445 dirigat
1455 413 1487 439 ad
1505 412 1620 439 ollicium
1646 413 1810 440 faciendum.

1028 456 1109 484 Diriti
1134 457 1205 483 enim
1239 456 1347 484 familiae
1379 458 1500 491 regendae
1526 465 1646 484 normam
1671 464 1811 493 temperat,

1028 503 1118 538 gloriae
1132 502 1239 529 modum
1256 502 1408 536 imp0ttens,
1425 503 1457 529 iis
1473 503 1519 536 qui
1545 509 1664 536 praesunt
1678 512 1709 531 ac
1725 505 1811 539 magi-

1028 548 1124 576 stratui
1141 557 1174 575 ne
1189 553 1323 583 turgescat
1339 547 1424 581 fastu;
1444 550 1554 583 pauperi
1567 557 1629 576 vero
1644 551 1717 576 addit
1734 550 1812 577 forti-

1030 593 1160 619 tudinem.
1175 593 1263 626 Quare
1276 593 1297 620 si
1321 600 1411 619 rerum
1438 601 1565 619 novarum
1591 595 1709 620 studium
1734 601 1813 628 supe-

1025 644 1077 671 rat,
1092 643 1172 673 atque
1188 640 1213 666 in
1230 640 1280 666 hac
1304 639 1436 666 celebrem
1457 640 1548 670 habet.
1566 639 1591 666 in
1607 639 1745 674 alteraque
1757 641 1811 667 vita

1024 683 1137 718 gloriam
1152 689 1345 720 consequetur,
1363 685 1457 719 quidni
1474 686 1544 712 hanc
1558 685 1638 720 igitur
1663 685 1813 719 amplecti-

1025 731 1105 758 mur?

1151 784 1503 813 CDXV.—llARPOCR/E
1522 785 1684 814 RIIETORI.

191 833 322 860 Hortatur
334 838 363 860 ut
378 833 463 859 amica
480 841 593 864 mortuo,
609 841 658 858 non
677 837 781 858 mortuo
805 835 892 891 νιῖιιιιὶ.
903 836 1080 892 monttntenttlt,
1095 832 1262 892 Zedd[ttlt€bl‘l
1276 841 1333 859 cum
1346 839 1418 859 ornet
1438 833 1567 860 oratione.
1582 832 1715 866 Epitapltii
1740 832 1814 866 λόγοι

819 874 873 892 (ut)
887 873 919 892 tct
936 874 1040 892 nomine
1065 875 1090 892 ta
1112 875 1141 892 en
1164 875 1182 892 t.

819 867 919 900 duplici
936 868 1040 892 nomine
1057 867 1182 893 habendi.

222 922 262 948 Τὰ
287 921 335 956 μὲν
362 921 408 947 ἐπὶ
433 921 492 952 ταῖς
517 922 616 954 ταφαῖς
639 920 695 951 τοῖς
722 919 898 953 ἁφιλοσόφοις
926 919 973 945 καὶ

1059 921 1126 948 Aliis
1150 921 1324 956 relinquenda
1341 928 1402 948 sunt
1415 929 1446 948 ca
1462 929 1521 956 qua:
1540 922 1690 956 sepulchris
1709 923 1813 950 rudium

188 967 378 1001 ἀπειροκάλως
401 965 516 992 είωθότα
549 964 734 1000 πληροῦσθαι,
760 965 850 995 ἄλλοις
873 965 976 991 ἐατέον.

189 1013 224 1038 Σὺ
237 1013 265 1038 δὲ
284 1013 344 1043 ταῖς
360 1011 564 1046 ὲντελεστέραις
584 1010 732 1045 εὐφημίαις
755 1010 912 1044 περίστελλε
932 1010 977 1036 τὸν

189 1057 361 1092 μεταστάντα
373 1076 380 1088 ,
403 1057 449 1083 καὶ
468 1057 524 1088 τοῖς
540 1055 651 1087 ἀσύλοις
675 1056 722 1081 καὶ
741 1055 980 1090 πρεπωδεστάτοις

189 1102 326 1136 ἐνταφίοις
343 1102 459 1137 κόσμει,
477 1101 526 1136 τὴν
541 1101 587 1127 τοῦ
604 1101 683 1134 λόγου
698 1100 868 1135 δωρούμενος
887 1100 976 1135 χάριν·

190 1147 233 1174 ἵνα
249 1148 374 1174 κάκεῖνον
388 1147 522 1183 τιμήσῃς,
538 1146 584 1173 καὶ
599 1146 664 1177 τους
678 1145 738 1180 μεθ’
755 1146 828 1181 ἡμᾶς
841 1146 881 1176 είς
898 1145 978 1181 ζῆλον

189 1193 305 1228 ἀγάγῃς.
561 1222 564 1224 γ

313 1246 395 1280 Υιπι,
411 1261 447 1267 -
461 1245 557 1281 rem;
580 1245 858 1280 ΠΟΛΙΤΕΥΟΜΕΝῼ.

1029 966 1168 993 hominum
1188 972 1270 1001 atque
1289 967 1440 1000 ineplorum
1459 969 1560 1003 imponi
1588 969 1685 996 solent.
1695 969 1733 995 Tu
1752 976 1815 995 vero

1028 1013 1262 1047 apprecationibus
1274 1021 1437 1047 prosequere
1453 1015 1618 1047 defunctum,
1629 1019 1655 1041 et
1676 1015 1814 1049 sepultura

1028 1066 1042 1084 a
1063 1058 1151 1091 praeda
1165 1058 1277 1085 imtnuni
1305 1066 1337 1085 ae
1363 1059 1554 1086 decentissima
1578 1068 1691 1092 exorna,
1708 1060 1815 1087 dicendi

1029 1103 1161 1130 adhibens
1176 1104 1301 1138 gratiam,
1319 1109 1348 1130 ut
1368 1108 1394 1130 et
1409 1104 1482 1131 illum
1501 1105 1616 1132 honores
1633 1105 1666 1133 ad
1683 1105 1816 1132 imitatio-

1029 1155 1144 1184 tletnque
1157 1153 1281 1184 pOSlCl'OS
1296 1150 1439 1178 acccndas.

1075 1249 1191 1278 CDXVI.
1200 1249 1342 1278 —GES|0
1366 1251 1468 1279 ιιΕΜΡ.
1487 1252 1769 1281 ADMINISTRANTI.

830 1292 964 1326 lnjurium
981 1295 1174 1323 remittendam.

225 1348 256 1374 Ei
267 1348 314 1374 καὶ
324 1346 500 1383 νενικημένος
516 1347 560 1381 ὑφ¹
575 1342 612 1373 ὧν
634 1346 773 1378 πέπονθας
786 1367 793 1378 ,
809 1345 888 1373 οΰπω
903 1347 979 1382 νικῆ-

192 1402 236 1420 σαι
250 1394 347 1420 σαυτὸν
362 1394 475 1428 ἴσχυσας
490 1393 530 1424 είς
541 1393 570 1419 τὸ
586 1393 624 1429 μὴ
640 1392 805 1427 ἀμύνασθαι,
821 1392 889 1419 ἀλλά
903 1393 980 1426 δίκας

191 1439 342 1473 ἀπαιτῆσαι
370 1440 415 1465 τὸν
444 1439 594 1474 ὑϐρίσαντα
626 1438 825 1474 ὀνειροπολεῖς·
860 1439 977 1473 μάλιστα

194 1487 242 1521 μὲν
260 1485 398 1521 ἀλλότριον
425 1485 503 1512 τοῦτο
531 1484 705 1520 Χριστιανοῦ.
728 1485 760 1510 Ei
784 1484 812 1511 δὲ
835 1485 874 1520 τῷ
903 1485 978 1521 νόμῳ

192 1531 328 1567 ἐπερείδῃ,
344 1531 412 1562 τέως
439 1531 532 1561 ἔνδος·
560 1530 577 1565 ἢ
602 1531 657 1565 γὰρ
684 1531 699 1556 ὁ
721 1531 817 1564 χρόνος
843 1538 872 1556 σε
900 1530 996 1565 Οεραν

193 1577 304 1609 πεύσει,
316 1578 332 1612 ἢ
347 1578 449 1608 ἐκεῖνος
460 1576 668 1611 ἀπολογήσεται,
682 1576 761 1611 εἴπερ
773 1576 890 1610 τοσαύτη
907 1575 979 1602 ἐστὶν

193 1625 209 1659 ἡ
223 1624 291 1659 ὀργή
301 1631 308 1638 '
329 1623 375 1649 καὶ
400 1622 468 1658 μετὰ
481 1622 569 1648 ταῦτα
588 1622 669 1648 αὑτὸν
686 1620 842 1656 ἀμύνασθαι
857 1620 960 1656 δυνήσῃ
970 1642 977 1654 ,

193 1669 267 1695 οὐδὲν
281 1669 333 1695 ὑπὸ
344 1668 390 1694 τοῦ
406 1668 501 1703 χρόνου
518 1668 556 1698 είς
570 1667 600 1693 τὸ
623 1667 660 1702 μὴ
678 1667 768 1693 δοῦναι
787 1667 864 1701 δίκην
879 1668 981 1692 ἐκεῖνον

194 1715 467 1751 παραϐλαπτόμενος.
482 1713 537 1740 Καὶ
550 1713 634 1740 ταῦτα
648 1713 697 1748 μὲν
708 1714 747 1744 είς
761 1712 898 1738 τοσοῦτον.
916 1711 981 1738 Εἰπὲ

194 1762 222 1788 δὲ
242 1762 280 1796 τῷ
298 1761 398 1788 σαυτοῦ
418 1761 504 1795 φίλῳ·
529 1759 606 1786 Ἐλθὲ
621 1759 658 1790 ὡς
674 1759 765 1794 ἡμᾶς,
784 1758 799 1794 ἢ
819 1757 982 1793 μεταδώσων

195 1804 232 1834 ὦν
245 1806 328 1842 ἔχεις,
347 1807 364 1841 ἢ
387 1805 506 1841 μεθέξων
526 1801 563 1832 ὧν
576 1805 626 1831 οὐκ
641 1804 721 1839 ἔχεις.
742 1804 780 1830 Σὺ
805 1804 853 1838 μὲν
871 1803 925 1838 γὰρ
939 1811 982 1828 σο-

196 1851 259 1887 φίαν
286 1851 358 1886 ἐχειν
382 1850 435 1886 φὴς
460 1850 658 1885 μεγαληγορεῖν
685 1849 715 1875 ού
745 1849 978 1884 παραιτουμένην,

195 1899 274 1933 ἡμεῖς
295 1897 324 1924 δέ
345 1905 433 1932 φαμεν
448 1895 576 1931 ἀλήθειαν
589 1895 720 1930 ἁπλότητι
744 1894 792 1920 καὶ
815 1894 882 1920 αίδυῖ
906 1902 985 1920 κεκο-

197 1942 352 1978 σμημένην.
371 1942 407 1968 Ἦ
426 1941 480 1977 γὰρ
495 1941 645 1976 κρείττοσιν
666 1940 801 1976 εὑρεθεῖσι
816 1939 982 1966 κατακολου-

196 1988 290 2023 θήσεις
309 1987 473 2023 ἀσμενος,ἢ
494 1986 638 2021 ἐπανήξεις
659 1986 751 2013 οἴκαδε
772 1985 856 2021 μηδὲν
878 1984 983 2021 ζημιω-

197 2033 262 2065 θείς.

318 2087 393 2115 ΥΙΖ’.
415 2101 452 2107 —-
476 2086 601 2121 ΖΩΣΙΜῼ
626 2086 859 2121 ΙῙΡΕΣΒΥΤΕΙᾮ.

555 2132 587 2159 Ut
598 2134 631 2159 sit
643 2134 711 2168 frugi
726 2133 859 2164 hortatur,
869 2137 925 2158 utet
935 2131 1019 2158 tribus

231 2190 265 2217 Ei
282 2190 330 2225 μὲν
353 2190 432 2225 μόνος
453 2197 493 2216 σοι
509 2191 523 2216 ὁ
545 2189 594 2225 τῆς
618 2187 835 2224 φιλοχρηματίας
851 2187 919 2222 ἔρως
934 2187 982 2213 καὶ

197 2235 300 2271 ἐπῆλθε
314 2236 360 2262 καὶ
371 2233 509 2268 εἴλεν,ούκ
517 2235 549 2262 ἂν
561 2234 693 2269 τοσαύτην
708 2233 784 2269 παρὰ
805 2233 914 2259 πάντων
933 2233 985 2259 ὺπ-

197 2280 293 2316 ἑμενες
304 2281 422 2316 γραφήν.
443 2279 551 2314 Ἐπειδὴ
568 2279 596 2305 δὲ
612 2279 711 2310 πάντες
725 2280 754 2305 ὲν
772 2279 823 2310 σοὶ,
841 2277 878 2309 ὣς
892 2286 983 2312 φασιν,

197 2324 352 2360 ἀχορεύτως
371 2324 551 2360 χορεύσαντες
566 2321 647 2357 εἷλον,
665 2323 776 2358 μείζονά
791 2331 820 2348 σε
841 2323 930 2356 πάσης
943 2331 985 2348 τι-

199 2370 304 2406 μωρίας
319 2370 486 2406 ἁμαρτάνειν
503 2370 650 2405 ἡγούμενοι
664 2388 671 2401 ,
688 2369 725 2399 ὡς
741 2368 860 2395 ποικίλον
875 2367 920 2393 καὶ
937 2375 987 2393 πο-

198 2414 337 2450 λύμορφον
358 2414 452 2450 θηρίον
469 2415 659 2450 ἐκτρέπονται.
675 2414 707 2439 Ei
725 2413 813 2439 τοίνυν
829 2412 915 2447 βούλει
936 2411 984 2446 τὴν

197 2460 324 2495 τοιαύτην
341 2460 544 2495 ἀποτρίψασθαι
571 2459 690 2491 ἀδοξίαν,
707 2458 741 2485 τὰ
753 2457 909 2492 ἀνθρώποις
922 2457 983 2492 φιλ-

198 2507 305 2541 αρὲτοις
322 2507 461 2541 πρέποντα
473 2505 519 2532 καὶ
530 2505 592 2539 λέγε
606 2505 653 2531 καὶ
668 2505 781 2538 πρᾶττε.

321 2559 397 2587 Tlll’.
413 2575 448 2579 —
461 2559 610 2594 ΔΥΣΟΝΙῼ
630 2556 861 2585 ΚΟΡΡΗΚΤΩΡΙ.

235 2613 357 2647 Ἀγαμαί
374 2621 421 2639 σου
436 2613 467 2639 τὸ
481 2612 561 2647 σοφὸν
578 2611 721 2646 φρόνημα,
741 2611 781 2637 ὅτι
802 2609 883 2644 φόϐον
899 2609 983 2644 πραό-

198 2667 260 2694 τητι
278 2659 358 2694 μίξας
374 2658 485 2690 οἰδένας
505 2659 595 2693 ἔχεις,
617 2657 677 2684 οὗτε
693 2657 757 2689 τοὺς
771 2657 816 2683 διὰ
838 2657 884 2683 τδν
903 2656 984 2690 φόϐον

200 2705 361 2741 μισοῦντας,
381 2704 442 2731 οὔτε
458 2705 521 2736 τοὺς
534 2705 578 2731 διὰ
596 2704 645 2739 τὴν
662 2703 801 2739 πραότητα
822 2702 982 2733 πταίοντας’

199 2751 266 2778 ἀλλὰ
282 2759 323 2777 σοι
338 2751 388 2786 τὴν
400 2750 545 2777 ἀκόλουθον
560 2750 658 2784 κρᾶσιν
674 2749 851 2776 ἁντιδιδόασιν
865 2749 889 2774 οἰ
904 2747 985 2783 ἀρχό-

200 2804 286 2831 μενοι,
300 2796 462 2832 σωφροσύνῃ
476 2795 566 2830 φιλίαν
582 2793 759 2829 συνάψαντες·
777 2792 869 2827 ἐπειδὴ
884 2792 937 2827 γὰρ
951 2792 984 2818 τὰ

199 2842 323 2868 πλεῖστον
337 2842 382 2868 ἀπ’
394 2841 515 2876 ἀλλήλων
524 2839 672 2867 διεστῶστα
685 2839 829 2873 ὲκέρασας,
843 2837 889 2863 καὶ
905 2836 980 2862 αὐτοὶ

1067 1351 1095 1378 Si
1108 1356 1219 1386 accepta
1231 1351 1317 1378 victus
1341 1351 1438 1386 injuria
1454 1360 1468 1379 a
1487 1358 1513 1380 te
1536 1353 1681 1388 impetrare
1695 1357 1759 1390 quin
1776 1357 1816 1384 ul-

1031 1398 1135 1425 cisrare
1160 1405 1212 1424 tton
1237 1403 1323 1431 potes,
1339 1399 1386 1425 sed
1406 1398 1546 1426 laedentem
1574 1401 1669 1434 punire
1698 1402 1816 1429 animum

1030 1442 1169 1469 induxeris
1192 1447 1279 1475 tuum,
1303 1444 1420 1470 maxime
1436 1444 1462 1470 id
1480 1449 1522 1472 est
1547 1453 1561 1471 ιι
1583 1445 1738 1473 Christiano
1767 1448 1817 1475 ho-

1030 1489 1102 1515 mine
1117 1488 1247 1516 alieuum.
1264 1489 1338 1522 Quod
1351 1490 1372 1516 si
1383 1489 1485 1523 legibus
1500 1491 1607 1518 assidue
1623 1492 1746 1519 decertes
1760 1493 1818 1529 (vel

1028 1534 1100 1561 enim
1118 1539 1223 1568 tempus
1238 1535 1283 1562 tibi
1308 1536 1519 1568 medebitur,rel
1543 1537 1598 1570 ipse
1615 1545 1644 1565 se
1676 1538 1814 1572 defendet,

1031 1581 1052 1606 si
1070 1583 1141 1606 tanta
1154 1585 1196 1607 est
1213 1579 1310 1615 ira)et
1330 1586 1422 1615 postea
1446 1581 1539 1609 ulcisci
1566 1583 1679 1617 poteris,
1695 1589 1819 1619 tempore

1032 1625 1081 1659 ipsi
1098 1634 1148 1653 non
1166 1626 1326 1660 opitulante,
1341 1627 1485 1660 quominus
1505 1629 1550 1656 det
1561 1629 1606 1656 tibi
1624 1631 1819 1668 poenasssql

1032 1671 1064 1698 Et
1080 1673 1136 1699 hate
1151 1673 1257 1706 quidem
1280 1673 1421 1701 hactenus.
1436 1673 1483 1700 Dic.
1508 1675 1596 1701 atttico
1618 1680 1663 1702 tuo
1679 1685 1686 1703 :
1704 1675 1768 1702 Vetti
1784 1678 1817 1703 ad

1033 1724 1084 1749 me,
1103 1717 1144 1744 vel
1161 1718 1413 1746 communicaturus
1429 1726 1488 1753 qua:
1509 1720 1602 1751 hahes,
1621 1720 1661 1747 Vel
1693 1727 1816 1755 receptu-

1032 1771 1077 1790 rus
1096 1770 1150 1797 quo
1164 1771 1252 1790 cares.
1269 1765 1278 1773 ‘
1297 1763 1336 1789 Ttt
1365 1764 1515 1798 sapientem
1538 1772 1600 1792 esse
1618 1765 1747 1800 pratdieas
1772 1767 1817 1800 qui

1033 1809 1175 1843 magnifice
1194 1816 1223 1836 se
1235 1808 1330 1843 jactat,
1350 1816 1399 1836 nec
1417 1809 1521 1836 veniam
1539 1816 1633 1844 poscat
1652 1823 1657 1838 ;
1681 1818 1729 1838 nos
1755 1819 1818 1838 vero

1033 1855 1173 1881 veritatem
1193 1853 1365 1888 simplicitate
1382 1861 1413 1880 ac
1427 1856 1586 1883 verecundia
1613 1856 1737 1883 vestitam
1750 1863 1817 1890 prae-

1034 1900 1227 1927 dicatnns.Aut
1244 1903 1314 1928 enim
1330 1902 1440 1930 meliora
1455 1903 1562 1929 inventa
1580 1909 1694 1936 sequere
1720 1901 1817 1934 libens,

1034 1945 1075 1972 vel
1095 1946 1195 1973 redibis
1207 1946 1315 1974 domum
1338 1952 1410 1974 tuam
1431 1947 1497 1974 nihil
1519 1954 1625 1981 passus.

1140 2078 1267 2107 CDXVll.
1286 2095 1321 2099 —
1333 2079 1459 2108 ZOSIMO
1473 2080 1711 2110 PBESBYTERO.

1032 2137 1102 2164 sequ.
1117 2127 1192 2162 epist.
1210 2132 1234 2154 et
1250 2128 1312 2160 5H,
1327 2128 1389 2160 ιιι,
1406 2128 1467 2154 562.

1073 2182 1129 2210 Nisi
1143 2182 1229 2210 solum
1246 2187 1272 2209 te
1287 2181 1460 2216 pecuniarum
1492 2182 1625 2215 cupiditas
1650 2187 1677 2209 et
1707 2182 1819 2217 cepisset

1036 2233 1063 2256 et
1081 2232 1195 2260 teneret,
1212 2235 1264 2254 non
1284 2227 1350 2254 adeo
1365 2235 1458 2254 omnes
1473 2227 1519 2253 tibi
1544 2227 1630 2254 dicam
1659 2228 1819 2256 scriberent.

1034 2273 1101 2301 Cum
1131 2281 1206 2306 vero,
1222 2277 1251 2299 ut
1282 2271 1382 2304 ferunt,
1403 2280 1499 2299 omnes
1526 2272 1605 2300 simul
1623 2273 1730 2307 agmine
1751 2273 1821 2301 facto

1036 2324 1061 2346 te
1079 2319 1238 2350 ittvaScrint,
1257 2318 1308 2344 rati
1327 2325 1405 2351 supra
1426 2326 1533 2345 omnem
1557 2323 1582 2344 te
1597 2325 1703 2352 poenam
1733 2319 1820 2345 delin-

1037 2371 1129 2398 quere,
1142 2367 1172 2389 ut
1184 2362 1285 2388 variant
1302 2369 1333 2389 ac
1345 2362 1521 2396 multiplicem
1551 2363 1635 2390 ferant
1653 2371 1685 2389 ac
1704 2363 1819 2389 ltclluattt

1035 2413 1060 2435 te
1075 2409 1253 2440 detestantur,
1267 2415 1298 2434 ac
1325 2407 1470 2441 refugiunt.
1495 2407 1570 2434 lianc
1597 2408 1679 2443 igitur
1706 2408 1727 2434 si
1749 2407 1820 2435 infa<

1036 2455 1116 2482 ntiatn
1129 2455 1204 2488 cupis
1217 2455 1331 2485 evitare,
1344 2454 1426 2480 dicito
1445 2460 1477 2480 ac
1497 2453 1580 2480 facito
1594 2462 1654 2489 qua:
1684 2453 1819 2481 hominem

1037 2501 1135 2528 virtute
1149 2500 1289 2534 prmdilum
1302 2499 1419 2526 maxime
1435 2500 1540 2526 decent.

1136 2555 1275 2583 CDXVIII.
1283 2569 1319 2576 —
1327 2554 1480 2582 AUSONIO
1495 2555 1724 2583 CORHECTORI.

1073 2611 1157 2638 Tuam
1181 2610 1290 2645 quidem
1317 2608 1476 2643 prudentem
1505 2609 1625 2637 admiror
1648 2609 1819 2644 sapientiam,

1036 2657 1107 2690 quod
1125 2661 1224 2682 metum
1249 2653 1409 2689 benignitati
1439 2655 1604 2687 admiscens,
1626 2655 1821 2682 neminemha-

1036 2701 1101 2728 beas
1110 2701 1155 2735 qui
1169 2706 1194 2727 te
1206 2699 1246 2726 vel
1264 2699 1298 2726 ob
1315 2701 1415 2724 metunt
1426 2698 1525 2730 oderit,
1542 2698 1583 2726 vel
1606 2699 1639 2726 ob
1650 2699 1820 2727 clementiam

1035 2745 1164 2778 olfcttdat,
1180 2745 1226 2773 sed
1241 2745 1340 2772 subditi
1354 2751 1460 2772 omnetn
1489 2744 1698 2771 moderationem
1723 2752 1819 2772 consc-

1037 2795 1163 2825 qucnles.
1181 2789 1294 2816 affectus
1307 2791 1456 2824 rependant
1473 2797 1534 2816 cum
1562 2789 1739 2823 temperantia
1753 2791 1821 2816 anti-

1037 2837 1127 2864 citittul
1156 2835 1361 2870 eoujuttgentcs.
1392 2836 1458 2863 Cum
1493 2836 1607 2863 misceas
1633 2836 1821 2871 concinneque
