2049 3162
173 186 237 219 1561

589 186 854 218 EPISTOLARUM
875 186 946 215 LIB.
967 186 999 215 ν.
1021 199 1055 204 --
1074 187 1192 217 EPIST.
1208 188 1374 220 CCCXCIV.

1737 187 1802 218 Ῑῠῇἓ

173 245 274 280 (πάσης
287 245 340 280 γὰρ
351 245 383 272 ἂν
391 242 461 281 ἦσαν
475 245 652 281 ἀναρρήσεως
664 244 756 280 ἄξιοι),
769 243 836 270 ἀλλὰ
850 242 887 277 τῷ
900 249 959 275 μει-
973 246 994 272 Α

1024 249 1162 270 etnnerent
1178 244 1285 278 (quovis
1299 245 1369 271 enim
1386 245 1520 280 prthonio
1534 246 1605 281 digni
1623 245 1730 279 erant),
1755 245 1802 272 Sed

173 291 257 322 ζόνων
274 290 413 324 ἐφίεσθαι·
444 290 543 321 οἵτινες
557 290 604 316 καὶ
625 289 703 321 δόξαν
719 289 879 322 σκαιότητος
898 295 963 321 κερ-

172 337 303 368 δαίνουσι,
321 336 371 370 τῆς
387 335 472 367 ὅντως
484 335 609 366 εὐκλείας
625 334 817 370 γυμνούμενοι.
831 332 891 367 Χρὴ
905 330 962 357 τοί-

174 391 221 408 νυν
239 383 355 417 μάλιστα
371 381 420 416 μὲν
435 381 593 415 κρείττονας
613 377 682 407 εἶναι
696 379 818 415 κερδῶν·
834 379 858 404 εἰ
871 377 900 404 δὲ
912 377 960 412 μὴ,

172 427 283 462 ἀγαπᾷν
306 427 337 453 τὸ
361 426 469 462 μέτριον
481 434 487 440 ·
507 426 550 452 ἵνα
575 425 612 460 μὴ
627 425 657 452 τὸ
672 425 740 459 ὑπὲρ
755 425 805 459 τὴν
820 423 898 457 ἀξίαν
914 423 962 457 ζη-

173 472 292 503 τοῦντες,
309 472 357 499 καὶ
373 472 420 498 τοῦ
437 471 498 498 κατ’
516 470 595 503 ἀξίαν
611 470 782 504 ἐκπέσωμεν,
805 469 851 495 καὶ
869 468 962 494 σκαιό-

176 527 257 553 τητος
270 517 349 549 δόξαν
365 517 508 552 σχοιημεν,
524 516 574 543 οὐκ
589 515 636 541 ἐπὶ
647 514 685 550 τῷ
703 515 796 542 λαόεϊν
812 523 839 540 τι
861 513 962 547 ἀγαθὸν

176 563 422 599 ὲγκωμιαζόμενοι,
438 562 495 590 ἀλλ’
519 562 566 589 ἐπὶ
590 560 630 597 τῷ
647 560 810 597 προσλαϐεῖν
833 569 860 586 τι
880 559 964 586 κακὸν

178 617 217 635 κω
220 608 307 644 μῳδού
311 617 397 643 μενοι.

440 651 521 684 τιμιι.
536 665 573 671 -
587 649 701 685 ΝΕῐΛῼ.

1014 291 1043 312 ιιι
1059 287 1214 321 acciperem
1230 289 1330 323 majora
1344 310 1351 323 ,
1367 290 1418 317 hac
1434 291 1538 317 ratione
1554 291 1690 318 sinistram
1709 289 1799 323 adepti

1014 330 1125 363 tentiam,
1139 337 1166 359 et
1178 340 1239 359 vera
1253 334 1360 367 privati.
1376 335 1457 370 677
1475 336 1555 363 Decet
1569 336 1658 370 itaque
1685 335 1802 362 maxime

1013 376 1080 403 lucri
1103 381 1306 411 contemptores
1322 387 1382 406 esse
1397 388 1404 406 :
1431 381 1472 407 sin
1497 388 1575 408 secus
1586 401 1593 413 ,
1613 381 1721 407 modum
1736 388 1802 407 con-

1012 422 1085 449 venit
1101 430 1221 458 servare,
1240 433 1274 452 ne
1288 425 1351 459 quid
1376 433 1456 459 supra
1474 426 1631 460 dignitatem
1645 425 1802 452 atl‘eetantcs

1014 471 1042 494 et
1050 467 1138 502 dignis
1147 469 1303 496 exeidamus
1312 474 1338 496 et
1349 469 1486 496 sinistram
1499 477 1624 504 paremus
1631 470 1783 504 opinionem
1794 478 1801 501 ;

1016 520 1068 539 non
1086 513 1210 542 laudandi
1232 514 1304 550 quod
1334 515 1395 541 boni
1417 514 1518 549 aliquid
1538 516 1738 549 acceperimus,
1756 515 1803 542 sed

1016 560 1086 593 quod
1106 560 1169 588 mali
1188 561 1251 596 quid
1267 561 1341 589 nacti
1360 561 1457 593 simus,
1475 561 1655 596 vituperandi.

1258 651 1391 680 CCCXCI.
1408 667 1444 674 —
1462 651 1553 679 NILO.

181 697 213 724 In
229 698 307 724 nimio
322 697 411 724 dolore
433 705 500 731 step:
513 701 606 730 stupor
619 700 642 722 et
656 694 788 722 silentium
800 693 910 720 obvenil.
928 693 1067 729 Obstupui,
1081 701 1258 733 steteruntque
1274 706 1365 730 comae,
1383 703 1405 724 et
1423 705 1471 724 eoa:
1486 697 1606 732 faucibus
1616 695 1700 723 Ita'sil.
1716 694 1791 729 Virg.

215 743 246 770 Οἱ
270 743 318 778 μὲν
337 741 455 777 μετρίως
472 741 637 776 λυπούμενοι
653 740 700 766 καὶ
713 738 843 774 δακρύειν
860 738 967 774 ἰσχύου-

1055 740 1105 773 Qui
1120 742 1257 769 moderate
1273 743 1373 774 dolent,
1390 742 1533 777 laerytnari
1556 741 1640 769 etiam
1664 746 1778 776 possunt
1796 748 1802 765 :

181 797 237 816 σιν·
252 789 276 814 οἱ
289 788 317 814 δὲ
334 787 584 822 καταπληττόμενοι
599 786 645 812 ἐπὶ
659 787 719 816 ταῖς
737 784 881 820 μεγίσταις
899 792 967 818 συμ-

1024 786 1065 820 qui
1082 794 1144 814 vero
1156 787 1255 822 ingenti
1274 783 1426 814 calamitate
1444 787 1570 821 perculsi,
1601 795 1635 814 ne
1661 786 1806 821 lacrymari

181 836 286 870 φοραῖς,
309 833 368 860 οὐδὲ
395 832 529 868 δακρύσαι
556 831 693 861 δύνανται,
722 831 755 864 τῇ
785 828 832 854 τοῦ
862 827 966 858 πάθους

1024 831 1129 865 quidem
1144 837 1254 866 queunt,
1272 833 1372 860 doloris
1387 832 1451 859 victi
1464 831 1660 867 magnitudine,
1676 835 1703 858 et
1726 830 1805 864 quid-

181 879 317 914 ὑπερϐολῇ
345 877 506 909 ὲαλωκότες,
534 876 581 902 καὶ
595 876 649 902 πᾶν
666 876 728 901 ὅσον
749 872 820 908 εἶχον
835 873 916 908 ὑγρὸν
932 874 965 908 τῇ

1024 877 1083 910 quid
1098 877 1166 904 inest
1177 878 1278 904 humidi
1291 878 1372 912 ignita
1386 878 1410 904 vi
1425 881 1611 904 consumente.
1625 875 1703 903 Vultu
1717 875 1806 909 itaque

180 925 227 951 τοῦ
250 924 334 959 πυρὸς
354 924 430 958 ἀκμῇ
450 922 665 956 δαπανήσαντες.
688 920 809 954 ’Λχανεῖς
832 918 897 952 γοῦν
921 919 968 945 καὶ
986 915 994 940 Ι

1024 922 1125 948 attoniti
1152 930 1184 949 ac
1199 923 1314 956 perculsi
1344 930 1470 955 maerore,
1493 929 1579 956 neque
1602 928 1696 948 vocem
1720 927 1806 954 neque

181 971 313 1004 κατηφεῖς
327 969 392 995 εἱσι·
406 967 474 1002 μήτε
490 966 578 1000 λόγον,
596 966 665 1001 μήτε
679 964 784 1000 δάκρυα
799 963 966 998 προϊέμενοι⁷

180 1017 213 1050 τῇ
229 1015 257 1041 δὲ
280 1013 328 1040 τοῦ
353 1012 499 1048 προσώπου
527 1010 687 1045 στυγνότητι
714 1009 892 1044 ἐμφαίνοντες
919 1009 968 1043 τῆς

180 1059 269 1094 ψυχῆς
288 1058 338 1092 τὴν
361 1057 539 1084 κατάστασιν.
564 1054 648 1082 Τοῦτο
666 1053 694 1080 δὲ
720 1054 811 1084 αὐτοῖς
828 1053 915 1079 τίκτει
940 1052 970 1078 τὸ

181 1105 320 1139 ἀδόκητον·
340 1104 370 1129 τὸ
387 1102 441 1137 γὰρ
455 1102 492 1138 μὴ
513 1101 596 1128 πάλαι
621 1099 766 1135 μελετηθὲν
778 1099 817 1134 τῷ
834 1097 968 1134 λογισμῷ,

181 1150 220 1186 τῷ
236 1150 341 1185 ἀθρόως
355 1148 526 1183 συμὸαίνειν,
542 1146 691 1180 ἐξίστησιν.

330 1193 411 1227 mox
428 1207 464 1213 -
481 1192 631 1227 errem-st
650 1190 814 1225 ΔΙΑΚΟΝῼ.

1022 965 1153 1001 lacrymas
1165 968 1301 1000 emittunt,
1314 967 1457 1001 vultusque
1479 967 1590 994 tristitia
1603 966 1684 993 animi
1704 973 1758 1000 pra:
1779 972 1807 992 sc

1022 1011 1112 1038 ferunt
1125 1013 1270 1039 tristitiam.
1282 1012 1336 1039 lloc
1345 1013 1396 1039 illis
1409 1013 1620 1045 inexspectatum
1634 1012 1806 1044 subitumque

1018 1057 1102 1091 gignit
1123 1057 1231 1084 malum.
1250 1057 1326 1090 Quod
1344 1058 1414 1084 enim
1438 1064 1489 1083 non
1511 1057 1585 1090 prius
1605 1057 1694 1082 animo
1709 1055 1799 1089 provi-

1022 1109 1081 1129 sum
1097 1102 1142 1135 sit,
1164 1103 1225 1130 hinc
1239 1103 1336 1130 mentis
1351 1103 1457 1137 copiosa
1474 1102 1594 1129 nascitur
1604 1101 1743 1128 alienatio.

1139 1191 1289 1220 CCCXC“.
1308 1207 1344 1213 -
1360 1191 1511 1220 EUTONIO
1530 1191 1691 1219 DlACONO.

215 1239 299 1267 Boni:
313 1246 418 1274 propter
440 1238 618 1271 improborum
633 1237 758 1264 invidiam
770 1234 873 1262 virtutis
892 1235 1009 1262 studium
1030 1245 1080 1264 non
1098 1236 1280 1266 deserendum.
1301 1237 1388 1265 Virtus
1409 1238 1495 1264 claros
1513 1242 1673 1270 wlernosque
1690 1235 1775 1270 efﬁcit.

216 1286 249 1311 Et
265 1285 312 1311 καὶ
329 1283 414 1318 πολλὴ
424 1283 472 1310 καὶ
486 1282 655 1313 πολύπλοκος
665 1281 716 1316 τῆς
731 1280 829 1310 κακίας
840 1281 857 1315 ἡ
871 1288 971 1306 σκαιω-

185 1330 240 1367 ρία,
252 1329 320 1356 ἀλλὰ
332 1330 363 1356 σὺ
379 1331 412 1364 τῇ
425 1330 510 1365 ἀρετῇ
522 1328 624 1362 ταύτην
637 1326 837 1361 καταγωνίζου.
859 1326 971 1360 Ἐπειδὴ

183 1376 238 1409 γὰρ
254 1375 353 1409 ἀρετῆς
370 1374 418 1409 μὲν
433 1372 623 1408 λαμπρότερον
637 1371 723 1404 οὐδὲν,
739 1371 838 1403 κακίας
853 1370 882 1397 δὲ
897 1371 974 1397 οὐδὲν

184 1421 394 1455 ζοφωδέστερον,
421 1419 514 1446 πολλοὶ
537 1417 668 1449 πολλάκις
696 1417 750 1444 τῶν
776 1417 845 1452 μήτε
871 1417 970 1450 εἰπεῖν,

186 1468 254 1503 μήτε
271 1466 372 1501 πρᾶξαί
386 1474 412 1492 τι
430 1464 556 1500 λαμπρὸν
579 1463 758 1498 βουλομένων,
775 1462 892 1497 ὁρῶντες
907 1463 971 1488 ὲαυ-

183 1500 237 1539 τῶν
263 1500 311 1546 μέν
335 1511 384 1546 τὴν
407 1509 584 1545 αἰσχρότητα,
612 1508 667 1534 τῶν
695 1507 723 1534 δὲ
744 1507 898 1541 φιλαρέτων
922 1506 971 1540 τὴν
986 1500 1008 1529 C

183 1557 381 1593 λαμπρότητω
407 1555 585 1590 ἐκλεξάμενοι
608 1563 671 1581 τινα
690 1553 744 1580 τῶν
761 1553 844 1589 μηδὲν
860 1553 973 1587 ἀγαθὸν,

186 1605 254 1639 μήτε
269 1603 364 1633 εἰπεῖν,
382 1602 450 1637 μήτε
473 1601 586 1635 ποιῆσαι
601 1599 813 1635 προῃρημένων,
831 1598 973 1634 ἐπαίρουσι

185 1649 233 1675 καὶ
251 1647 436 1683 θαυμάζουσιν
457 1646 528 1680 ὑπὲρ
542 1646 591 1681 τὴν
612 1645 701 1677 ἀξίαν,
714 1645 738 1671 οἱ
755 1645 805 1679 μὲν
818 1644 934 1679 ἀμαθίᾳ,
949 1643 974 1669 οἱ

184 1694 212 1721 δὲ
228 1693 362 1729 βασκανίᾳ
374 1693 452 1719 τοῦτο
474 1691 604 1727 δρῶντες,
623 1691 666 1717 ἴνα
681 1691 731 1726 τὴν
745 1690 823 1723 δόξαν
840 1689 974 1716 καθέλωσι

185 1737 239 1764 τῶν
255 1736 418 1771 φιλοπόνων,
435 1736 483 1770 οὐχ
499 1735 543 1761 ἵνα
557 1734 664 1766 δείξωσι
680 1734 836 1769 θαυμαστὸν
851 1735 915 1760 ὄντα.
928 1733 974 1760 τὸν

190 1782 227 1818 μὴ
241 1783 305 1809 ὄντα
319 1781 450 1808 τοιοῦτον.
474 1781 555 1807 Ἀλλὰ
574 1781 620 1807 τὸν
634 1780 775 1807 σπουδαῖον
789 1780 907 1813 μαλιστα
924 1779 974 1813 μὲν

186 1828 234 1855 καὶ
255 1827 375 1854 ἐπαίνων
391 1825 459 1854 εῐναι
483 1827 628 1862 κρείττονα
651 1827 718 1862 χρή·
735 1827 759 1851 εἰ
776 1826 804 1851 δὲ
827 1826 873 1852 καὶ
887 1825 972 1860 διψῴη

187 1871 299 1902 τούτων,
326 1871 441 1906 συνορᾷν
464 1870 509 1896 τὸν
527 1870 612 1901 δόλον,
637 1870 678 1896 ὅτι
702 1870 801 1895 ἐκεῖνοι
825 1869 973 1904 ἢεκκόψαι

189 1916 262 1951 αὑτῷ
284 1916 328 1942 τὸν
350 1917 390 1948 εις
405 1916 455 1951 τὴν
480 1915 582 1950 ἀρετὴν
598 1914 698 1950 δρόμον
717 1914 882 1950 βουλόμενοι,
899 1914 916 1948 ἢ
928 1914 974 1940 λυ-

188 1961 284 1996 πῆσαι,
301 1959 435 1996 ἐπῄνεσαν
453 1960 500 1986 τὸν
523 1959 694 1995 κακηγορίας
719 1959 804 1991 ἄξιον.
831 1959 885 1985 Καὶ
910 1959 974 1990 τοὺς

191 2007 240 2041 μὲν
251 2006 284 2032 δι’
295 2006 414 2041 ἀμαθίαν
426 2006 504 2033 τοῦτο
521 2005 675 2038 ποιοῦντας,
692 2004 857 2039 συγγνώμης
871 2004 972 2037 ἀξιοῦν·

187 2053 251 2084 τοὺς
265 2052 294 2078 δὲ
307 2052 351 2079 διὰ
372 2052 479 2086 φθόνον,
497 2051 607 2088 θρηνεῖν
618 2059 624 2066 ·
641 2052 682 2077 ὅτι
700 2050 826 2077 τοσοῦτον
841 2050 974 2084 ἀπέχουσι

188 2097 234 2124 τοῦ
257 2097 360 2131 πρᾶξαί
381 2106 408 2124 τι
433 2097 528 2129 καλὸν,
552 2097 593 2124 ὅτι
618 2097 677 2123 οὐδὲ
695 2096 763 2132 πρὸς
788 2096 834 2122 τὸν
848 2096 975 2129 ἐνάρετον

190 2143 359 2170 σπένδονται.

312 2186 390 2221 Τι,Γ’.
409 2203 443 2208 -
459 2188 584 2222 ΖΩΣΙΜῼ
603 2186 841 2220 ΠΡΕΣΒΥΤΕΡῼ,

1059 1283 1116 1310 Etsi
1136 1283 1227 1310 varius
1240 1289 1280 1310 est
1293 1288 1373 1318 atque
1395 1282 1543 1317 implicitus
1567 1281 1746 1316 improbitatis
1763 1280 1811 1307 do-

1023 1329 1078 1360 lus,
1097 1335 1158 1354 eum
1171 1332 1198 1354 tu
1216 1328 1316 1355 virtute
1329 1335 1462 1363 expugna.
1478 1327 1609 1360 Quoniam
1622 1326 1692 1354 enim
1709 1327 1809 1352 virtute

1025 1371 1093 1399 nihil
1123 1377 1164 1399 est
1192 1372 1335 1405 illustrius,
1361 1373 1460 1399 malitia
1475 1380 1539 1399 vero
1563 1371 1630 1398 nihil
1652 1371 1805 1402 obscurius,

1026 1417 1102 1444 mulli
1118 1425 1304 1452 saepenumero
1327 1418 1372 1452 qui
1391 1425 1479 1452 neque
1495 1413 1586 1444 dicere
1609 1424 1695 1451 neque
1717 1416 1807 1443 facere

1029 1462 1166 1497 quidpiam
1193 1463 1313 1497 praeclari
1330 1463 1432 1495 volunt,
1454 1471 1530 1490 suam
1553 1462 1758 1496 turpitudinem,
1785 1467 1812 1488 et

1026 1508 1170 1542 probarunt
1193 1509 1384 1536 claritudinem
1410 1510 1543 1540 videntes,
1560 1509 1677 1543 aliquem
1696 1508 1810 1542 eligunt.

1026 1561 1077 1581 nec
1096 1555 1290 1588 benedicendi,
1315 1563 1364 1582 nec
1380 1555 1495 1583 faciendi
1516 1555 1660 1589 cupidum,
1696 1559 1813 1587 eumque

1026 1607 1108 1633 supra
1127 1601 1222 1627 merita
1241 1601 1373 1628 extollunt
1397 1606 1424 1627 et
1448 1600 1627 1632 admirantur,
1657 1599 1682 1626 hi
1703 1599 1812 1633 quidem

1027 1651 1074 1679 per
1092 1644 1253 1679 imperitiam
1269 1646 1319 1673 hoc
1329 1646 1468 1678 facientes,
1481 1645 1519 1672 illi
1532 1653 1595 1672 vero
1611 1652 1658 1679 per
1673 1643 1811 1675 invidiam,

1028 1697 1054 1718 ut
1072 1691 1183 1725 gloriam
1203 1692 1346 1726 arquirant
1367 1691 1464 1718 laboris
1483 1698 1514 1718 ac
1534 1690 1691 1725 diligentiae,
1715 1697 1766 1716 non
1784 1693 1813 1715 ut

1026 1736 1204 1763 admiratione
1215 1737 1323 1770 dignum
1334 1743 1394 1764 esse
1404 1737 1625 1767 ostendanteum,
1634 1735 1678 1769 qui
1689 1734 1747 1761 talis
1760 1741 1811 1760 non

1027 1782 1062 1808 sit
1075 1789 1081 1807 :
1099 1781 1145 1808 sed
1159 1782 1270 1816 probum
1287 1782 1449 1816 virtutisque
1465 1781 1612 1808 studiosum
1627 1779 1750 1806 laudibus
1762 1786 1811 1814 po-

1028 1827 1160 1853 tissimum
1175 1835 1234 1854 esse
1243 1827 1373 1862 majorem
1388 1831 1504 1861 oportet,
1519 1827 1541 1853 si
1552 1834 1615 1853 vero
1630 1826 1722 1852 laudes
1730 1825 1812 1851 etiam

1027 1872 1112 1903 sitiat,
1123 1871 1221 1898 intueri
1234 1871 1323 1898 dolum
1338 1875 1453 1906 oportet,
1465 1871 1535 1906 quod
1546 1871 1583 1897 illi
1597 1875 1642 1897 aut
1661 1870 1808 1897 interrum-

1028 1925 1090 1951 pere
1098 1926 1206 1944 cursum
1215 1918 1247 1944 ad
1256 1918 1391 1949 virtutem,
1402 1923 1448 1944 aut
1456 1918 1573 1945 dolorem
1584 1917 1683 1944 inferre
1692 1917 1811 1944 volentes

1029 1962 1225 1996 vituperatione
1242 1963 1351 1998 dignum
1367 1964 1511 1990 laudarim.
1527 1962 1559 1989 Et
1570 1963 1677 1997 quidem
1693 1963 1737 1997 qui
1760 1970 1809 1997 per

1028 2007 1189 2041 imperitiam
1201 2007 1227 2034 id
1246 2008 1358 2040 faciunt,
1376 2008 1453 2036 venia
1469 2009 1565 2042 dignos
1577 2008 1747 2041 existimem;
1765 2007 1811 2042 qui

1028 2059 1092 2078 vero
1105 2059 1153 2086 per
1168 2052 1294 2080 invidiam
1309 2053 1335 2080 id
1348 2054 1520 2080 committunt
1536 2053 1677 2088 deplorare
1695 2057 1812 2087 oportet,

1028 2096 1098 2129 quod
1114 2101 1217 2123 tantum
1232 2104 1246 2123 a
1261 2097 1330 2124 bene
1347 2098 1449 2132 agendo
1473 2098 1617 2131 abstinent,
1645 2102 1674 2124 ut
1685 2105 1771 2133 neque
1787 2097 1814 2124 hi

1029 2149 1089 2168 cum
1102 2142 1202 2168 virtute
1216 2143 1327 2176 praedito
1338 2142 1426 2170 ἰωιιιιε
1439 2144 1539 2171 ineant.

1112 2185 1267 2214 CCCXClll.
1291 2202 1326 2207 —
1342 2187 1468 2215 ZOSIMO
1493 2188 1732 2215 PRESBYTERO.

244 2233 369 2261 Simonide
383 2233 631 2267 nundinationisque
647 2233 833 2266 beneﬁciorum
851 2235 968 2263 accusat,
985 2237 1012 2258 ut
1029 2231 1097 2258 alius
1119 2240 1200 2265 stupe,
1217 2232 1263 2258 lib.
1281 2240 1300 2264 ι,
1316 2238 1340 2260 el
1355 2233 1402 2260 lib.
1418 2241 1461 2265 ιιι,
1480 2240 1502 2260 et
1515 2243 1572 2267 sup.
1594 2235 1671 2268 epist.
1690 2234 1723 2260 27
1733 2234 1759 2261 6.

224 2278 308 2313 Δῆλος
326 2278 374 2313 μὲν
385 2276 419 2314 ἧς
434 2278 551 2304 ἔκπαλαι
569 2278 619 2312 τὴν
634 2276 784 2312 ἱερωσύνην
799 2276 849 2302 οὐκ
864 2276 972 2310 εὐαγῶς

191 2323 345 2358 κτώμενος·
361 2324 390 2349 οὐ
408 2324 462 2359 γὰρ
479 2323 524 2350 διὰ
541 2323 678 2353 πολιτείας
696 2322 811 2357 ἀρίστης
824 2322 974 2357 κτήσασθαι

191 2369 335 2401 ὲδικαίους,
358 2369 426 2395 ἀλλὰ
443 2369 579 2403 χρήμασιν
599 2367 756 2403 ὠνήσασθαι
773 2367 974 2402 ώνειροπόλεις.

189 2413 272 2447 Δῆλος
294 2413 323 2439 δὲ
337 2411 362 2439 εἴ
372 2413 418 2439 καὶ
432 2413 477 2439 νῦν
491 2413 540 2448 τὴν
552 2412 697 2447 ἐπιθυμίαν
708 2412 746 2443 είς
762 2411 840 2446 ἔργον
851 2411 973 2446 ἀγαγὼν,

190 2458 278 2486 καίτοι
303 2459 344 2489 εἰς
366 2457 471 2493 δυσμὰς
499 2456 537 2484 ὣν
556 2457 649 2484 λοιπὸν
662 2456 709 2483 τοῦ
724 2456 792 2491 βίου.
810 2457 859 2488 Τίς
874 2455 921 2484 οὖν
936 2466 977 2484 σοι

191 2503 340 2538 συγγνώμη
353 2503 515 2538 λελείψεται,
531 2504 564 2537 τῇ
581 2502 666 2537 κακίᾳ
691 2501 885 2529 συναποθανεῖν
910 2511 975 2538 προ-

190 2549 333 2584 necuim»;

439 2589 517 2624 TtA'.
537 2605 571 2610 —
588 2589 728 2624 ΙΣΙΔΩΡῼ,

1063 2277 1100 2304 Te
1129 2277 1307 2304 sacerdotium
1324 2278 1422 2313 injuste
1440 2279 1576 2312 possidere
1591 2283 1683 2306 notum
1714 2279 1814 2313 pridem

1027 2323 1163 2350 omnibus.
1190 2322 1283 2357 Neque
1309 2325 1380 2350 enim
1417 2323 1535 2358 legitime
1568 2323 1682 2358 jureque
1711 2324 1815 2357 optimo

1028 2367 1140 2401 adipisci
1162 2368 1300 2400 studuisti,
1321 2369 1368 2396 sed
1389 2370 1503 2404 pecunia
1533 2375 1667 2396 mercatus
1691 2376 1719 2396 es
1750 2377 1815 2395 cau—

1027 2413 1161 2446 ponando.
1183 2413 1354 2440 Manifestum
1368 2420 1409 2441 est
1423 2419 1448 2441 te
1463 2422 1532 2442 nunc
1553 2422 1660 2448 quoque
1686 2414 1719 2440 ad
1744 2420 1812 2447 opus

1027 2457 1200 2492 cupiditatem
1229 2458 1339 2492 referre,
1371 2459 1496 2494 quamvis
1523 2460 1549 2486 in
1577 2467 1675 2486 occasu
1690 2459 1751 2485 vita:
1765 2458 1812 2484 sis.

1028 2500 1094 2534 Quis
1112 2503 1194 2537 igitur
1212 2504 1296 2531 venia:
1312 2504 1421 2531 relictus
1441 2504 1527 2536 locus,
1552 2512 1611 2531 ctnn
1629 2503 1662 2529 ad
1680 2503 1740 2529 vitae
1752 2503 1810 2528 exi-

1029 2551 1084 2574 tum
1106 2547 1235 2582 improbis
1247 2549 1338 2576 venire
1356 2549 1478 2577 moribus
1493 2549 1639 2576 malueris?

1075 2590 1170 2625 678.
1185 2591 1339 2619 (LCCXCIV.
1362 2606 1398 2612 -—-
1430 2592 1565 2620 ISIDORO
1589 2589 1764 2619 EPISCOI‘O.

595 2635 712 2662 Prudens
728 2635 785 2669 quia
803 2639 827 2661 et
839 2635 916 2668 [orlis
932 2634 1133 2662 existimandus.
1151 2636 1242 2672 (Conf.
1259 2639 1334 2672 epist.
1351 2639 1409 2673 76.)

225 2683 257 2709 Εἰ
273 2682 431 2718 θεασοίμην,
453 2679 476 2709 ὥ
501 2681 646 2717 ὁμώνυμε,
662 2681 746 2716 ἄνδρα
770 2681 856 2707 δεινὸν
877 2681 926 2715 μὲν
941 2681 974 2707 ὲκ

191 2727 245 2754 τῶν
259 2728 429 2764 φαινομένων
446 2727 476 2754 τὺ
490 2727 562 2760 εἰκὸς
578 2727 726 2763 συμϐαλεῖν
744 2726 811 2761 (29),
823 2726 973 2762 δεινότερον

1065 2681 1092 2708 Si
1105 2684 1298 2717 Perspexcrim,
1311 2692 1326 2710 υ
1338 2685 1402 2711 mihi
1419 2682 1707 2719 cognominislsidore,
1725 2679 1811 2707 virum

1027 2732 1136 2754 acutum
1161 2735 1193 2755 ex
1209 2729 1289 2756 rebus
1305 2729 1498 2763 apparentibus
1518 2730 1589 2763 quod
1605 2725 1749 2755 verisimile
1760 2729 1811 2757 est,

748 2782 866 2810 varum
887 2770 1076 2811 temones
1095 2783 1139 2810 ET
1159 2783 1274 2812 ΝυτΑς.

229 2842 284 2877 (‘29)
301 2842 351 2870 Pro
362 2843 508 2877 συμϐαλεῖν
523 2844 602 2870 ambo
613 2843 693 2870 iidem
707 2843 785 2870 codd.
803 2843 828 2869 in
846 2846 972 2869 contextu

191 2875 293 2906 habent
309 2875 458 2912 συλλαϐεῖν,
474 2879 520 2906 sed
538 2883 652 2912 uterque
674 2878 814 2906 lectionem
838 2878 903 2905 editi
924 2877 1031 2904 exhibet
1045 2877 1072 2903 in
1089 2877 1217 2910 margine.
1235 2875 1337 2903 Possm.
