2049 3162
169 186 236 218 1565

647 190 913 221 EPISTOLARUM
933 190 1006 220 LIB.
1024 191 1056 220 V.
1077 204 1111 208 —
1129 192 1247 224 EPIST.
1267 193 1339 224 CDI.

1722 193 1733 225 1
1740 195 1790 227 566

166 250 227 268 τινα
244 240 396 276 γεγονότων
425 241 539 278 ἐχθρῶν,
557 242 674 280 θελήσας
698 245 726 272 δὲ
750 245 878 277 εὔξασθαι
908 245 955 271 καὶ

1009 250 1091 276 catus.
1105 247 1149 280 qui
1168 255 1200 274 ev
1223 256 1288 275 casu
1306 249 1433 282 quodam,
1450 254 1476 275 et
1490 249 1516 276 in
1528 249 1685 284 quibusdam
1701 257 1790 278 rerum

166 288 236 322 ὑπὲρ
249 287 303 314 τῶν
315 287 385 314 κατὰ
401 288 515 323 μελέτην
529 290 576 315 καὶ
589 290 719 325 σπουδὴν,
738 291 781 317 διὰ
794 290 839 316 eo")
854 291 954 324 στόμα-

166 342 212 364 τος
236 333 316 368 μόνου
331 332 410 359 τοῦτο
425 334 583 369 πεποιηκὼς
598 335 695 362 ἑάλων.
714 336 750 362 Οὐ
772 335 824 370 μὴν
848 335 954 361 ἀπιστῶ

167 379 223 409 τοῖς
243 379 284 410 είς
312 378 439 405 τοσοῦτον
464 379 565 413 ἀρετῆς
589 380 798 415 ἀναϐεσηκόσινγ
816 380 884 406 ἀλλὰ
908 380 954 406 κοιλ¹

166 423 255 458 χαίρω
273 423 321 450 καὶ
340 424 492 460 συγχαίρω,
507 426 553 452 καὶ
566 426 699 461 εὐξαίμην
713 427 752 458 είς
763 426 841 453 τοῦτο
854 426 954 460 φθάσαι

165 468 196 494 τὸ
208 468 319 504 μέτρον.
337 469 376 496 Οὐ
392 469 445 505 γὰρ
455 470 570 506 πάθοιμι
581 471 611 498 τὺ
625 472 728 498 πολλῶν
743 472 839 504 πάθος,
854 473 878 498 οἳ
892 472 954 498 ὅταν

165 514 238 545 τινὸς
256 514 294 549 μὴ
318 514 470 549 δυνηθῶσιν
485 516 662 543 ἐπιλαϐέσθαι
683 518 792 552 ἀρετῆς,
809 517 910 544 ἄτοπόν
928 526 954 544 τι

166 560 265 594 δρῶσιν
276 568 283 575 ⁸
301 560 317 595 ἢ
332 561 387 597 γὰρ
402 561 548 588 ἀπιστοῦσι
563 564 619 594 τοῖς
634 562 853 598 κατωρθωκόσιν,
870 562 900 595 ἐξ
918 560 955 589 ὧν

167 605 316 640 πράττουσι
339 606 386 632 καὶ¹
403 606 466 641 περὶ
481 606 534 633 τῶν
551 607 638 634 ἄλλων
654 608 834 643 ψηφιζόμενοι
855 607 954 643 (πεφύ-

166 658 232 676 κασι
252 651 306 685 γὰρ
321 651 413 686 σχεδὸν
435 652 554 684 ἅπαντες
573 653 606 679 ὲκ
619 653 674 680 τῶν
689 652 749 679 καθ’
775 652 888 684 ἑαυτοὺς
908 653 955 679 καὶ

167 695 216 726 τὰς
231 695 294 731 περὶ
308 696 361 722 τῶν
379 696 463 728 πέλας
478 697 571 732 φέρειν
583 698 714 733 ψήφουςγ
730 698 746 734 ἢ
764 698 954 733 αἰσχυνόμενοι

166 740 198 766 τὸ
209 740 255 766 ἐπὶ
272 741 439 777 μικροψυχίᾳ
461 742 571 774 ἁλῶναι,
589 743 782 778 ὲναϐρύνονται
798 743 836 775 ὡς
855 752 952 778 κατορ-

168 786 322 818 θώσαντες·
340 788 387 814 καὶ.
403 788 520 823 μάλιστα
533 789 597 816 ὅταν
620 790 685 825 περὶ
706 790 805 824 ἀδήλου
824 791 955 826 πράγμα-

166 840 212 863 τος
226 833 240 858 ὁ
253 831 332 866 λόγος
371 842 377 848 ·
393 834 410 869 ἢ
425 835 465 866 είς
480 834 596 870 θεωρίας
609 836 822 870 καταφεύγουσι,
836 836 866 862 τὸ
883 837 955 872 πρᾶ-

166 885 226 911 γμα
243 878 498 913 ἀποδιδράσκοντες,
522 880 566 906 ἴνα
580 879 681 912 δόξοιεν
700 881 736 916 μὴ
754 882 786 908 ἐκ
806 882 952 918 ῥᾳθυμίας,

1009 292 1149 319 eventibus
1181 293 1247 319 mihi
1278 295 1411 321 adversati
1444 294 1571 326 fuerunt.
1598 296 1695 323 deinde
1725 304 1790 323 vero

1008 336 1122 370 idipsum
1139 344 1187 370 pro
1203 337 1236 364 iis
1253 338 1342 365 facere
1357 343 1464 366 tcutans
1487 339 1532 374 qui
1551 340 1582 365 de
1606 339 1738 366 industria
1763 346 1791 367 et

1008 382 1096 408 studio
1111 382 1175 408 mihi
1192 383 1402 410 adversarentur
1420 392 1486 411 sane
1502 389 1557 411 tum
1573 390 1699 419 expertus
1718 393 1789 417 sum,

1008 427 1078 461 quod
1097 435 1148 454 non
1165 427 1214 454 nisi
1242 435 1289 455 ore
1312 434 1390 455 lenus
1420 430 1494 464 prius
1523 431 1548 456 id
1579 431 1713 458 fecissem.
1733 431 1789 457 Non

1007 472 1078 499 enim
1095 473 1129 499 iis
1144 472 1249 505 ditlido,
1265 473 1309 507 qui
1329 474 1361 500 ad
1381 481 1513 500 summam
1539 482 1721 509 pervenerunt
1737 477 1790 502 vir-

1009 521 1104 549 tutem,
1123 518 1176 545 imo
1191 519 1294 551 gaudeo
1310 524 1391 553 atque
1403 520 1469 546 adeo
1486 521 1669 554 congratulor,
1685 526 1791 555 optem~

1008 571 1060 597 que
1078 571 1110 591 eo
1132 564 1306 598 perfectionis
1322 565 1488 599 pertingere.
1509 565 1601 599 Neque
1625 567 1696 593 enim
1720 567 1790 593 mul-

1012 613 1099 636 torum
1109 608 1201 636 laboro
1209 608 1598 644 invidiaeperturbatione,qui,
1609 618 1668 637 cum
1678 611 1790 645 alicujus

1009 654 1115 687 assequi
1134 658 1269 688 nequeant
1289 654 1427 686 virtutem,
1446 654 1554 682 absurdi
1572 655 1638 690 quid
1664 656 1791 682 commit-

1010 702 1069 726 tunt
1083 706 1090 724 :
1107 698 1147 726 vel
1162 699 1232 726 enim
1249 699 1370 726 invident
1385 704 1459 726 recte
1485 701 1639 735 agentibus,
1665 706 1693 728 et
1708 709 1741 728 ex
1758 702 1790 728 iis

1008 751 1067 777 qua:
1081 749 1162 777 agunt
1175 744 1207 770 de
1232 743 1291 770 aliis
1314 743 1437 777 judicant
1454 745 1552 778 (solent
1580 746 1651 772 enim
1671 747 1791 780 plerique

1007 795 1102 815 omnes
1113 795 1144 816 ex
1163 789 1219 816 suis
1235 789 1284 823 ipsi
1301 790 1381 816 rebus
1404 791 1437 817 de
1458 790 1517 817 aliis
1543 790 1614 818 ferre
1634 791 1791 826 judicium),

1007 834 1050 861 vel
1064 835 1125 861 dum
1145 835 1228 869 pudet
1241 835 1300 862 illos
1311 835 1541 869 pnsillanimitatis
1558 836 1646 870 argui,
1672 837 1793 870 glorian-

1011 883 1064 911 tur,
1082 879 1158 914 quasi
1174 883 1245 906 recte
1275 879 1390 906 fecerint
1415 880 1585 915 maximeque
1606 888 1668 907 cum
1696 881 1728 907 de
1762 888 1791 907 re

167 922 226 949 ἁλλ’
244 923 298 949 ἀπὸ
315 923 434 958 κρίσεως
447 924 540 958 ὑγιοῦς
562 925 600 960 μὴ
620 926 842 961 κατωρθωκέναι.
868 928 956 963 ’Ὅπερ

1009 925 1110 952 incerta
1131 924 1212 951 verba
1247 924 1323 951 liunt.
1345 925 1393 953 Vel
1414 925 1530 959 denique
1555 927 1588 953 ad
1608 925 1793 960 contemplan-

168 968 244 1000 τινὰς
265 966 324 995 οἴδα
352 969 489 1002 παθόντας
514 970 569 1005 ἐγὼ
590 971 644 998 τῶν
665 972 702 1007 μὴ
718 972 884 1008 δυνηθέντων
903 982 954 1000 κα-

168 1013 314 1048 τορθῶσαι,
326 1015 403 1049 μηδὲ
414 1015 469 1042 δύο
480 1016 617 1050 χιτῶνας.
634 1017 734 1053 Ἐχρῆν
745 1019 799 1054 γὰρ
809 1018 845 1053 μὴ
857 1019 954 1051 εἰπεῖν,

167 1057 209 1084 ὅτι
221 1058 391 1094 θεωρηθῆναι
405 1061 468 1096 χρὴ,
483 1062 550 1088 ἀλλὰ
564 1061 702 1097 θαυμάσαι
719 1063 768 1097 μὲν
778 1064 841 1095 τοὺς
855 1073 955 1100 κατορ-

169 1103 320 1138 θώσαντας,
345 1105 513 1142 ὁμολογῆσαι
535 1108 563 1134 δὲ
579 1108 675 1135 τούτου
691 1109 738 1136 τοῦ
754 1109 836 1136 ἄθλου
858 1110 956 1136 ἀπολε-

167 1149 285 1185 λεῖφθαι.
312 1151 384 1185 Ἐγὼ
406 1152 461 1188 γὰρ
477 1154 598 1186 ἐκείνους
624 1154 741 1189 μάλιστα
761 1155 954 1190 ἀνακηρύττω,

167 1197 230 1228 τοὺς
243 1196 395 1230 ἀνύσαντας
408 1198 480 1234 ἅπερ
495 1199 564 1232 τέως
575 1200 671 1228 ἀνύσαι
688 1202 738 1228 οὐκ
754 1201 900 1237 ἠδυνήθην.

1008 970 1072 996 dum
1089 976 1117 997 se
1129 970 1273 1004 recipiunt,
1291 970 1424 997 actionem
1440 970 1615 1005 refugientes,
1632 978 1665 998 ne
1682 971 1791 998 videan-

1011 1019 1055 1043 tur
1071 1023 1102 1042 ex
1124 1015 1226 1049 ignavia
1250 1015 1430 1050 socordiaque
1454 1017 1501 1044 sed
1526 1023 1592 1043 sano
1614 1017 1717 1052 judicio
1736 1024 1789 1043 non

1011 1065 1084 1088 recte
1102 1061 1208 1088 fecisse.
1230 1060 1306 1094 Quod
1336 1061 1429 1088 multis
1454 1062 1510 1089 scio
1539 1070 1589 1088 usu
1617 1062 1733 1092 venisse.
1759 1061 1793 1088 iis

1009 1107 1158 1142 praesertim
1181 1107 1226 1142 qui
1244 1107 1307 1134 illud
1330 1115 1440 1134 servare
1471 1115 1524 1134 non
1555 1109 1659 1142 possint
1684 1116 1691 1134 :
1722 1107 1793 1134 Duas

1009 1154 1110 1180 tunicas
1125 1161 1169 1180 nec
1196 1153 1342 1180 ltabeatia‘.
1371 1153 1429 1180 Non
1451 1153 1523 1180 enim
1553 1153 1707 1185 dicendum,
1731 1160 1795 1179 con-

1008 1199 1174 1232 templationi
1188 1199 1304 1226 dandam
1319 1206 1441 1233 operam,
1469 1198 1515 1226 sed
1539 1199 1727 1226 admirandum
1750 1205 1797 1225 eos

168 1242 214 1276 qui
242 1248 316 1270 recte
338 1250 371 1270 ac
393 1245 522 1278 praeclare
546 1246 609 1280 quid
622 1251 702 1281 agant
724 1255 731 1274 :
765 1247 948 1274 conﬁtendum
985 1253 1049 1273 vero
1066 1245 1115 1271 hoc
1134 1252 1162 1271 se
1204 1244 1352 1272 certamine
1373 1238 1459 1277 vinci,-
1480 1249 1507 1271 et
1531 1251 1545 1271 a
1564 1248 1638 1279 tergo
1667 1243 1794 1279 relinqui.

169 1290 224 1325 Ego
241 1297 307 1318 sane
330 1291 391 1319 illos
411 1293 529 1320 maxime
545 1294 661 1328 przedico
685 1295 730 1329 qui
756 1295 782 1322 id
810 1299 949 1331 prazstaut,
970 1293 1040 1330 quod
1059 1293 1115 1328 ipse
1132 1293 1263 1320 hactenus
1277 1300 1328 1319 non
1349 1293 1422 1327 potui
1437 1297 1577 1326 praastare.

391 1345 473 1380 Tw.
490 1362 526 1367 -
540 1348 728 1384 ΜΔΡΤΥΡΙῼ.

1190 1346 1347 1375 CCCXCIX.
1368 1346 1606 1374 —lll.-\RTYR10.

470 1401 601 1434 Temporis
613 1403 680 1429 ratio
694 1402 824 1429 habenda.
841 1401 953 1429 Occasio
971 1409 1023 1428 non
1039 1399 1204 1434 negligenda.
1222 1398 1311 1434 (Conf.
1330 1399 1406 1433 epist.
1421 1399 1497 1434 266.)

206 1451 333 1488 Ἀριστόν
348 1452 436 1486 ἐστιν,
454 1450 477 1480 ὦ
494 1454 605 1489 φίλτατε
616 1475 623 1487 ,
638 1455 668 1482 τὺ
683 1455 778 1491 χρόνου
796 1455 933 1490 φείδεσθαι
945 1463 954 1471 ⁶

169 1498 219 1525 οὒκ
235 1498 359 1533 ἀνέχεται
376 1499 431 1534 γὰρ
444 1497 522 1531 αὖθις
538 1501 697 1536 ἐπιφοιτᾷν,
713 1501 775 1527 οὔτε
791 1501 879 1535 μάτην
892 1501 957 1527 ἀνα-

1044 1453 1168 1488 Tempori
1180 1460 1290 1488 parcere
1302 1453 1432 1487 optimum
1442 1457 1493 1485 est,
1509 1452 1671 1480 amicissime
1684 1461 1691 1479 :
1708 1456 1796 1480 trans-

1007 1500 1073 1526 itum
1093 1499 1228 1526 enimnon
1245 1498 1324 1531 redit,
1344 1505 1394 1525 nec
1413 1498 1482 1525 male
1499 1498 1668 1528 collocatum,
1698 1498 1791 1524 eadem

170 1543 265 1575 λωθεὶς
284 1544 335 1579 τὴν
357 1544 442 1578 αὐτὴν
458 1545 638 1580 ὑποστρέφειν
658 1546 732 1573 ὁδόν·
751 1546 826 1582 νόμῳ
853 1546 880 1573 δὲ
903 1546 955 1581 φύ-

1009 1545 1153 1572 rcvertitur
1175 1544 1229 1571 via.
1255 1543 1433 1570 lndissolubili
1461 1543 1532 1569 enim
1549 1548 1652 1569 naturae
1678 1543 1728 1577 legi
1752 1543 1797 1569 ob-

171 1596 239 1620 σεως
264 1588 355 1624 ἀλύτῳ
383 1589 542 1625 πειθόμενος
569 1591 725 1625 (ὠκύτατος
746 1591 801 1627 γάρ
827 1593 883 1618 ἐστι
909 1592 956 1617 καὶ

169 1634 349 1669 ταχύτατός),
368 1635 423 1662 θέει
443 1635 492 1670 μὲν
505 1636 635 1671 ἀκίχητον
653 1636 767 1671 δρόμον,
787 1636 916 1663 λαόέσθαι
928 1636 957 1662 δὲ

169 1681 226 1711 τοῖς
239 1679 410 1715 βουλομένοις
424 1680 453 1706 οὗ
468 1680 584 1707 δίδωσιν.
601 1680 705 1707 Οὐκοῦν
722 1680 774 1716 χρὴ
790 1680 898 1715 ἔχεσθαι
911 1680 958 1707 αὒ-

169 1724 218 1752 τοῦ
237 1725 432 1760 πλησιάζοντος
443 1733 450 1740 ·
465 1723 520 1753 οἷόν
532 1734 561 1752 τε
577 1726 631 1761 γὰρ
646 1726 706 1752 τότε
721 1726 791 1752 ἑλεῖν
811 1726 854 1752 καὶ
871 1734 957 1752 κατα-

171 1771 255 1806 σχεῖν.
271 1770 516 1806 Παριππεύσαντος
532 1772 586 1805 γὰρ
600 1772 647 1798 καὶ
659 1771 689 1798 τὸ
703 1769 879 1806 μεταδιώκειν
890 1771 956 1806 ἁνή-

171 1825 264 1851 νυτον,
280 1818 328 1845 καὶ
340 1817 370 1844 τὺ
382 1817 600 1853 καταλαμϐάνειν
617 1818 770 1853 ἀμήχανον.

363 1871 401 1899 Υ¹.
419 1887 454 1892 -
469 1871 601 1908 ΕΡΜΙΝῼ
617 1872 765 1899 ΚΟΜΗΤΙ.

1011 1595 1163 1625 temperans
1182 1589 1392 1624 (velocissimum
1414 1593 1455 1616 est
1480 1589 1552 1616 enim
1568 1596 1599 1615 ac
1612 1586 1796 1622 celerrimum)

1010 1635 1309 1670 incomprehensibilem
1331 1635 1417 1661 currit
1444 1641 1566 1665 cursum,
1585 1637 1614 1660 ut
1629 1634 1687 1667 capi
1703 1642 1718 1659 a
1749 1640 1797 1660 ιο-

1011 1681 1081 1708 lcntc
1095 1685 1220 1715 nequeat.
1235 1680 1359 1707 Prmsens
1384 1680 1474 1713 itaque
1492 1684 1596 1713 tempus
1611 1677 1797 1713 arripiendum

1010 1731 1062 1757 est,
1079 1731 1142 1753 tunc
1158 1726 1228 1753 enim
1245 1727 1448 1760 apprehendere
1468 1725 1550 1751 liccat
1579 1732 1611 1751 ac
1630 1724 1721 1758 potiri.
1744 1723 1798 1750 Obv-

1011 1772 1139 1806 equitans
1159 1777 1248 1798 autem
1268 1778 1299 1798 ac
1324 1771 1469 1797 decurrens
1497 1769 1556 1804 capi
1581 1777 1634 1796 non
1664 1773 1751 1804 potest
1767 1775 1798 1795 ac

1011 1817 1212 1851 comprehendi.

1183 1870 1236 1896 CD.
1256 1884 1291 1889 —-
1316 1867 1469 1896 HERMINO
1493 1867 1623 1896 COMITI.

597 1922 629 1949 In
643 1923 726 1950 malos
743 1928 862 1958 pastores
876 1932 953 1958 pecus
969 1924 1146 1959 deglubenles,
1170 1924 1264 1951 Exeo/1.
1282 1931 1373 1951 xxxtv.

204 1989 252 2025 Μὴ
277 1987 415 2024 θαύμαζε,
437 1988 462 2015 ει
490 1988 624 2016 τοσούτων
645 1989 782 2024 ποιμένων
807 1988 960 2023 λεγομένων

1044 1988 1103 2016 Noli
1129 1988 1257 2016 admirari
1285 1992 1322 2014 tot
1350 1991 1540 2021 lanterumque
1572 1991 1711 2019 pastorum
1730 1993 1797 2013 oves

170 2035 205 2062 τὰ
219 2034 343 2070 πρόϐατα
359 2034 497 2062 λυκοῦται.
514 2034 646 2061 Τοσοῦτον
665 2035 718 2069 γὰρ
733 2034 863 2069 ἀπέχουσε
887 2042 959 2065 τινες

1009 2034 1090 2062 veluti
1123 2041 1137 2060 a
1165 2033 1234 2067 lupis
1257 2032 1393 2060 dilauiari.
1414 2031 1526 2064 Quidam
1552 2030 1623 2057 enim
1641 2030 1705 2065 (non
1722 2030 1795 2058 enim

172 2079 202 2112 ἐξ
231 2080 321 2107 αὐτῶν
352 2079 401 2115 (οὐ
439 2079 494 2115 γὰρ
526 2079 630 2111 πάντας
658 2079 812 2112 αἰτιατέον)
836 2079 882 2105 τοῦ
910 2088 960 2113 φυ-

1009 2077 1152 2105 accusandi
1168 2076 1273 2111 omnes)
1288 2080 1391 2104 tantum
1408 2076 1457 2103 sibi
1471 2079 1624 2110 temperant
1640 2083 1653 2101 a
1668 2075 1796 2102 custodia

171 2123 278 2150 λάττειν
299 2124 346 2150 καὶ
373 2123 579 2158 ἐπιμελεῖσθαι,
598 2124 640 2150 ὅτι
656 2123 717 2150 οὐδὲ
733 2123 821 2150 κυνῶν
843 2123 958 2158 μιμοῦν-

1009 2128 1034 2150 et
1049 2130 1123 2156 cura,
1140 2127 1170 2149 ut
1186 2130 1324 2149 necanum
1340 2121 1423 2156 680
1434 2121 1540 2155 quidem
1556 2128 1664 2154 gregem
1682 2127 1796 2147 servan-

171 2177 218 2196 ται
237 2169 336 2204 τρόπον
353 2169 555 2203 φυλαττόντων,
573 2169 639 2196 ἀλλὰ
655 2169 689 2195 τὰ
702 2169 790 2195 λύκων
805 2169 905 2204 δρῶσι,
923 2169 956 2196 τὰ

1010 2168 1074 2195 tium
1096 2175 1198 2195 merent
1222 2173 1340 2199 teneant,
1369 2167 1414 2193 sed
1444 2166 1565 2200 luporum
1587 2170 1678 2199 partes
1696 2171 1787 2200 agant.

172 2213 296 2249 πρόϐατα
319 2213 515 2245 κατεσθίοντες.
541 2214 578 2240 Οὐ
604 2214 657 2249 γὰρ
671 2214 787 2249 ἤρκεσεν
812 2214 903 2245 αὐτοῖς
924 2213 958 2240 τὰ

172 2257 233 2293 ἔρια
252 2259 299 2285 καὶ
325 2258 355 2284 τὸ
373 2259 458 2292 γάλα,
477 2259 545 2285 ἀλλὰ
572 2259 619 2285 καὶ
644 2259 734 2286 αὐτῶν
751 2260 871 2294 ἥψαντο,
899 2259 958 2294 οὐχὶ

171 2304 226 2331 τῶν
246 2304 379 2339 σωμάτων
394 2302 490 2340 (ἧττον
510 2305 563 2340 γὰρ
577 2305 609 2331 ἂν
623 2303 687 2340 ἦν),
701 2305 769 2331 ἀλλὰ
783 2305 837 2330 τῶν
848 2304 956 2339 ψυχῶν·

172 2349 227 2375 πᾶν
251 2349 300 2384 μὲν
323 2349 438 2384 λιπαρὸν
461 2349 696 2384 κατασφάζοντες.
719 2351 773 2376 πᾶν
792 2349 820 2376 δὲ
844 2349 955 2379 ἀσθενὲς

172 2393 357 2429 παρορῶντες,
368 2395 421 2420 πᾶν
433 2394 461 2420 δὲ
472 2394 738 2429 τετραυματισμένον
750 2396 780 2422 οὐ
795 2395 822 2421 Os
827 2395 959 2430 ραπεύον-

171 2447 227 2472 τες,
245 2439 275 2466 τὸ
289 2440 318 2466 δὲ
338 2440 448 2475 ἰσχυρὸν
470 2441 516 2466 καὶ
533 2440 570 2475 μὴ
586 2439 658 2466 εἶκον
674 2442 706 2476 τῇ
726 2441 831 2476 ἀσωτίᾳ
853 2441 958 2474 αὐτῶν,

171 2484 257 2517 δόλοις
270 2485 317 2512 καὶ
332 2486 487 2517 ἐπιϐουλαῖς
501 2486 741 2521 κατεργαζόμενοι.

296 2539 358 2567 ΥΑ¹.
374 2554 410 2559 -
428 2540 579 2576 ΔΩΡΟΘΕῼ
594 2541 837 2576 ΛΛΜΠΡΟΤΑΤῼ.

619 2595 740 2623 Veritatis
755 2598 803 2628 vis,
820 2601 843 2623 el
865 2595 999 2623 candoris.

214 2657 314 2689 Ἡδέως
327 2657 360 2684 ἂν
375 2657 422 2684 καὶ
434 2657 559 2693 ἀσμένως
572 2659 620 2693 τὴν
637 2659 763 2694 ἀλήθειαν
777 2659 864 2694 τιμῶν
879 2660 960 2694 ἡττῆ-

175 2704 237 2730 σθαι
251 2703 337 2735 δοκῶ,
351 2704 367 2739 ἢ
383 2703 547 2739 ψευδόμενος
563 2704 640 2731 νικῶ.
663 2705 814 2740 ’Δληθεύων
832 2705 880 2740 μὲν
894 2705 959 2740 γὰρ,

174 2749 225 2776 κᾶν
243 2749 376 2785 ἡττῆσθαι
388 2749 470 2782 δόξω,
485 2750 615 2785 νενίκηκα
625 2759 632 2766 ·
645 2750 737 2786 ἀπάτῃ
755 2750 784 2777 δὲ
801 2751 941 2786 κρατήσας
955 2768 961 2780 .

175 2795 225 2822 κᾶν
240 2796 412 2831 νενικηκέναι
430 2796 498 2830 δόξω
511 2817 517 2830 ,
531 2796 663 2832 ἦττημαι.

210 2882 216 2898 ¹
233 2882 326 2910 Matth.
349 2891 376 2916 ι,
396 2883 438 2910 ιο.

1012 2213 1104 2248 Neque
1118 2213 1188 2240 enim
1206 2213 1272 2240 satis
1288 2213 1388 2239 ducunt
1406 2211 1465 2238 lana
1493 2216 1520 2238 et
1542 2210 1611 2237 lacte
1638 2211 1686 2243 uti,
1710 2211 1755 2237 scd
1769 2214 1797 2237 et

1013 2259 1132 2293 ipsorum
1161 2258 1280 2292 rapiunt,
1304 2261 1425 2283 nontam
1452 2263 1576 2290 corpora,
1606 2256 1677 2290 quod
1705 2256 1796 2282 minus

1011 2303 1091 2335 foret,
1110 2311 1190 2338 quam
1204 2302 1318 2333 animas,
1335 2309 1417 2336 pecus
1434 2308 1514 2327 omne
1534 2302 1633 2335 pingue
1650 2302 1796 2326 absumen-

1009 2354 1089 2380 tes.et
1102 2349 1237 2375 intirmum
1248 2347 1318 2381 quod
1334 2352 1374 2373 est
1388 2351 1602 2377 contemnentes,
1618 2351 1645 2372 et
1662 2346 1792 2380 quidquid

1010 2395 1101 2422 latsum
1115 2395 1224 2420 vulnere
1236 2398 1276 2420 est
1286 2400 1338 2419 non
1349 2393 1524 2419 medicantes.
1536 2391 1668 2425 Quidquid
1684 2391 1790 2417 lirmum

1010 2443 1051 2465 est
1065 2446 1096 2464 ac
1110 2439 1261 2469 robustum,
1286 2442 1378 2464 contra
1399 2441 1479 2470 atque
1500 2437 1652 2470 oportebat,
1676 2435 1794 2470 inglmie

1012 2492 1071 2516 sua,
1091 2483 1230 2510 fraudibus
1247 2487 1327 2516 atque
1340 2482 1446 2508 insidiis
1462 2481 1705 2515 comprehendunt.

1102 2537 1167 2563 CDI.
1192 2551 1227 2556 —
1250 2534 1435 2563 DOIiOTHEO
1457 2535 1538 2562 Ἠίὶο
1554 2534 1706 2562 CLARISS.

1026 2593 1133 2626 Semper
1150 2591 1245 2618 veritas
1267 2591 1355 2617 vincit.

1048 2656 1156 2684 Lubens
1183 2655 1328 2689 volensque
1359 2655 1499 2681 veritatem
1537 2654 1672 2680 honorans
1705 2653 1796 2680 malim

1011 2702 1095 2733 vinci,
1113 2709 1193 2736 quam
1211 2701 1325 2728 mendax
1339 2700 1459 2727 vincere.
1477 2698 1544 2725 Vcra
1561 2698 1658 2725 ctenim
1673 2705 1796 2730 narrans,

1012 2748 1062 2775 etsi
1079 2747 1149 2774 vinci
1163 2746 1265 2777 videar,
1291 2746 1378 2773 vinco.
1396 2745 1461 2772 Dolo
1490 2751 1553 2771 vero
1574 2744 1642 2771 malo
1655 2751 1796 2779 superans,

1015 2793 1121 2821 tametsi
1136 2792 1233 2820 vicisse
1250 2792 1352 2824 videar,
1365 2791 1452 2818 victus
1469 2790 1545 2817 abeo.
