2049 3162
202 151 269 184 1573

640 150 905 181 EPISTOLARUM
925 150 996 180 LIB.
1023 151 1057 180 V.
1075 163 1110 167 —
1126 151 1242 180 EPIST.
1261 151 1416 181 CDXVIII.

434 205 504 232 rta’.
525 221 560 226 -
580 206 738 241 ΛΕΟΝΤΙῼ.
996 213 1019 240 Α

1752 148 1820 183 1574

1264 205 1380 232 CDXlV.
1390 205 1589 234 υ-ΙᾸΞΟΝΤΙΟ.

649 261 688 288 De
701 261 802 288 virtutis
816 259 943 287 utilitate.
958 259 1075 295 (Confer.
1092 262 1167 295 epist.
1181 262 1233 289 406
1248 267 1270 289 et
1294 262 1368 298 407.)

237 318 268 343 'H
284 316 369 352 ἀρετὴ
396 315 521 342 τοσοῦτον
541 316 637 352 ἀπέχει
660 316 708 343 τοῦ
726 316 780 343 ἀπὸ
798 315 851 342 τῶν
868 315 983 351 μεταϐο-

194 363 248 390 λῶν
271 363 445 397 ἐλέγχεσθαι,
459 362 499 388 ὅτι
513 362 561 387 καὶ
575 362 669 393 αὑταῖς
683 361 732 394 τὰς
749 361 907 398 πρεπούσας
922 361 983 388 επι-

195 409 330 436 6άλλουσα
348 408 425 443 ἡνίας
444 407 550 434 εὐθύνει
574 408 641 443 πρὸς
660 408 690 434 τὸ
716 407 785 434 δέον.
806 407 851 442 Τῷ
868 407 916 442 μὲν
930 407 984 441 γὰρ

195 455 303 490 πλούτῳ
328 453 358 480 τὺ
385 453 556 487 οἰκονομικὸν
581 453 730 487 συγκιρνᾷ,
749 454 782 488 τῇ
810 453 839 478 δὲ
860 452 923 487 δόξῃ
936 453 985 487 τὴν

197 500 371 536 μετριότητα·
388 499 435 525 καὶ
459 499 492 533 τῇ
516 499 564 533 μὲν
584 499 656 533 ἀρχῇ
680 498 729 532 τὴν
746 498 873 532 ἀτυφίαν.
893 498 931 532 Τῇ
958 497 987 523 δὲ

198 546 276 581 πενίᾳ.
295 545 345 580 τὴν
360 543 495 579 ἀνδρείαν.
514 544 545 570 Εἰ
567 543 658 569 τοίνυν
677 543 723 569 καὶ
744 543 799 569 τῶν
814 544 985 578 πραγμάτων

196 591 258 621 τοὺς
284 589 487 625 νεωτερισμοὺς
513 589 590 622 νικᾷ,
620 588 667 614 καὶ
693 588 814 622 ἀοίδιμον
848 587 986 614 κάνταῦθα

196 637 252 672 ἔχει
272 637 384 663 κάκεῖσε
408 635 464 669 ἕξει
478 635 509 661 τὸ
522 634 602 666 κλέος
614 655 621 666 ,
637 635 707 661 διατὶ
722 634 760 670 μὴ
777 634 879 669 ταύτην
895 635 985 661 ἀσπακ

197 681 312 718 ξάμεοα;

350 779 423 806 rlE'.
443 793 479 799 —
496 778 660 814 ΑΡΠΟΚΡᾼ
679 778 831 814 ΣοψιΣΤξι.

1072 315 1163 343 Vinus
1180 320 1282 343 tantum
1296 317 1373 344 abest
1388 322 1416 344 ut
1431 321 1556 352 tanquam
1579 325 1667 344 rerum
1684 317 1822 345 vicissitu-

1036 360 1106 387 dinis
1116 360 1149 387 sil
1165 368 1244 387 causa
1257 361 1415 394 jndicanda,
1430 366 1459 388 ut
1475 362 1539 395 ipsis
1563 362 1643 389 etiam
1657 364 1821 390 convenien-

1038 406 1073 432 tia
1088 405 1229 440 imponens
1245 407 1321 434 frena
1342 407 1441 440 dirigat
1465 408 1498 434 ad
1515 407 1631 434 cilicium
1657 408 1820 435 faciendum.

1038 451 1119 478 Diviti
1143 452 1214 478 enim
1249 451 1356 478 familia
1389 453 1510 486 regenda:
1535 460 1656 479 normam
1681 459 1821 488 temperat,

1038 498 1128 532 gloriae
1142 497 1248 524 modum
1266 498 1416 531 imponens,
1435 498 1467 524 iis
1483 498 1528 532 qui
1555 504 1673 531 praesunt
1687 507 1719 526 ac
1735 500 1822 534 magi—

1039 543 1134 570 stratui
1151 551 1183 570 ne
1199 547 1332 578 turgescat
1348 542 1433 576 fastu;
1453 545 1563 578 pauperi
1577 552 1639 571 vero
1654 545 1727 571 addit
1744 545 1822 572 forti-

1040 588 1169 614 tudinem.
1184 588 1273 621 Quare
1286 588 1306 615 si
1330 595 1420 614 rerum
1447 596 1575 614 novarum
1600 590 1718 616 studium
1743 597 1823 623 supe-

1036 638 1087 666 rat,
1101 639 1182 668 atque
1198 635 1223 661 in
1240 635 1289 661 hae
1313 634 1445 662 celebrem
1467 635 1557 665 habet,
1575 635 1600 661 in
1616 635 1754 669 alteraque
1767 636 1820 662 vita

1034 678 1147 712 gloriam
1162 684 1354 715 consequetur,
1372 681 1466 715 quidni
1483 681 1553 708 hanc
1568 681 1647 715 igitur
1672 681 1822 714 amplecti-

1035 726 1115 752 tunc?

1161 779 1513 807 CDXV.—llARPOGRAS
1531 780 1693 808 RIlE'l'Ol'tl.

200 827 332 854 Hortatur
344 831 372 853 ut
388 826 473 853 nmiw
490 834 603 858 mortua,
619 834 669 852 mm
688 831 791 852 mortua
815 829 902 885 p711:sz
913 830 1090 886 trionunienltlz,
1105 826 1272 887 zeddtitricbri
1286 836 1343 854 eum
1356 834 1428 854 ornet
1448 829 1576 855 oratione.
1592 827 1724 861 Epitapltii
1749 827 1823 861 λόγοι

829 867 928 887 (ιιυιει
946 868 1050 886 nomine
1075 869 1100 887 ut
1122 869 1150 887 en
1174 869 1192 887 ι.

829 867 928 894 uupuct
946 868 1050 886 nonune
1067 867 1192 888 ItaDenttt.

232 915 272 941 Τὰ
297 915 345 950 μὲν
373 914 418 941 ἐπὶ
443 915 502 946 ταῖς
527 915 625 948 ταφαῖς
649 914 705 944 τοῖς
732 913 908 948 ἀφιλοσόφοις
936 913 982 939 καὶ

1069 915 1136 942 Aliis
1160 916 1334 950 relinquenda
1351 923 1412 943 sunt
1425 923 1455 943 ca
1472 924 1530 951 qum
1550 917 1700 950 sepulchris
1719 918 1823 945 rudium

199 960 387 994 ἀπειροκάλως
411 959 527 986 εἰωθότα
559 958 745 994 πληροῦσθαι,
770 958 860 989 ἄλλοις
883 959 986 985 ἐατέον.

199 1006 234 1032 Σὺ
248 1006 275 1032 δὲ
294 1006 354 1037 ταῖς
370 1005 574 1040 ὲντελεστέραις
595 1004 742 1038 εὐφημίαις
765 1004 922 1038 περίστελλε
942 1004 987 1030 τὸν

199 1051 371 1086 μεταστάντα
383 1069 390 1082 ,
413 1050 459 1077 καὶ
477 1052 534 1081 τοῖς
551 1049 661 1080 ἀσύλοις
685 1050 731 1075 καὶ
751 1049 989 1084 πρεπωδεστὰτοις

199 1096 336 1130 ἐνταφίοις
353 1096 469 1131 κόσμει,
487 1095 536 1130 τὴν
551 1095 597 1121 τοῦ
614 1095 693 1129 λόγου
708 1094 878 1129 δωρούμενος
897 1095 986 1129 χάριν·

200 1140 244 1167 ἴνα
259 1141 384 1167 κάκεῖνον
398 1141 532 1177 τιμήσῃς,
548 1140 595 1166 καὶ
609 1140 673 1171 τοὺς
688 1139 748 1174 μεθ’
765 1140 838 1175 ἡμᾶς
851 1140 891 1170 είς
908 1139 987 1175 ζῆλον

199 1187 314 1222 ἀγάγῃς.
571 1216 574 1217 ν

323 1240 405 1274 Υιπι.
421 1254 458 1260 —-
470 1239 567 1275 ΓΕΣΙῼ
590 1239 868 1274 ΠΟΛΙΤΕΥΟΜΕΝῼ.

1039 961 1178 987 hominum
1197 967 1280 996 atque
1298 962 1449 995 incptorum
1469 963 1569 997 imponi
1598 964 1695 991 solent.
1705 964 1743 990 Tu
1762 971 1824 990 vero

1038 1007 1272 1041 apprecationibus
1284 1015 1447 1042 prosequere
1462 1009 1628 1042 defunctum,
1639 1014 1665 1036 et
1686 1009 1824 1044 sepultura

1038 1060 1052 1078 ιι
1073 1053 1161 1086 prada
1175 1053 1287 1080 immttni
1314 1061 1346 1081 ac
1373 1054 1565 1081 decentissima
1587 1063 1700 1087 exorna,
1717 1055 1825 1082 dicendi

1039 1097 1170 1124 adhibens
1186 1099 1311 1132 gratiam,
1329 1105 1357 1126 ut
1378 1103 1404 1125 et
1418 1099 1492 1126 illum
1510 1100 1625 1128 honores
1642 1101 1675 1128 ad
1692 1101 1825 1128 imitatio-

1039 1150 1154 1178 nemque
1167 1148 1291 1178 posteros
1305 1145 1448 1173 acccndas.

1085 1243 1201 1272 CDXVI.
1210 1244 1352 1272 —GESIO
1376 1245 1478 1274 [ὶΕΜΡ.
1496 1247 1778 1276 ADMINISTBANTI.

840 1286 974 1320 lnjuriam
991 1289 1183 1316 remittendam.

235 1341 265 1368 El
277 1341 324 1368 καὶ
334 1340 510 1377 νενικημένος
525 1340 570 1375 ὑφ’
585 1336 622 1367 ὧν
643 1339 782 1372 πέπονθας
795 1360 802 1372 ,
818 1339 897 1367 οὔπω
913 1341 989 1377 νικῆ-

201 1396 245 1414 σαι
259 1387 356 1413 σαυτὸν
372 1387 485 1421 ἴσχυσας
500 1387 540 1418 εἰς
551 1386 580 1413 τὺ
596 1386 634 1422 μὴ
650 1386 814 1421 ἀμύνασθαι,
831 1386 899 1413 ἀλλὰ
913 1387 990 1420 δίκας

201 1433 351 1467 ἀπαιτῆσαι
379 1433 424 1458 τὸν
454 1432 604 1467 ὑϐρίσαντα
635 1432 835 1468 ὀνειροπολεῖς’
869 1433 987 1467 μάλιστα

203 1480 251 1514 μὲν
269 1479 408 1514 ἀλλότριον
434 1479 512 1505 τοῦτο
540 1478 714 1514 Χριστιανοῠ.
737 1479 769 1504 Et
794 1478 822 1505 δὲ
844 1479 884 1514 τῷ
913 1480 988 1515 νόμῳ

201 1524 337 1561 ὲπερείδῃ,
353 1525 422 1556 τέως
449 1524 542 1555 ἔνδος·
570 1524 586 1558 ἢ
612 1525 666 1559 γὰρ
694 1525 708 1550 ὁ
731 1525 826 1558 χρόνος
852 1532 882 1550 σε
909 1523 1005 1560 Θερα-¹

202 1570 313 1602 πεύσει,
325 1571 341 1606 ἢ
356 1571 458 1601 ἐκεῖνος
470 1570 678 1604 ἀπολογήσεται,
692 1570 770 1605 εἴπερ
782 1570 900 1605 τοσαύτη
916 1569 988 1596 ἐστὶν

202 1618 219 1652 ὴ
233 1617 317 1652 ὀργή·
337 1616 384 1643 καὶ
409 1616 477 1651 μετὰ
491 1615 579 1642 ταῦτα
598 1616 679 1642 αὐτὸν
695 1614 851 1649 ἀμύνασθαι
866 1614 969 1650 δυνήσῃ
979 1636 986 1648 ,

202 1662 277 1688 οὐδὲν
290 1662 342 1688 ὑπὸ
353 1661 399 1688 τοῦ
415 1661 511 1696 χρόνον
527 1662 566 1692 εἰς
580 1661 610 1687 τὸ
633 1660 670 1695 μὴ
687 1661 778 1687 δοῦναι
797 1661 874 1695 δίκην
888 1662 990 1687 ἐκεῖνον

203 1708 476 1744 παραϐλαπτόμενος.
491 1707 546 1734 Καὶ
559 1707 644 1733 ταῦτα
657 1707 706 1742 μὲν
717 1708 757 1738 εἰς
770 1706 907 1733 τοσοῦτον.
924 1705 990 1732 Εἰπὲ

203 1755 231 1781 δὲ
251 1755 290 1790 τῷ
307 1753 407 1781 σαυτοῦ
427 1754 496 1788 φίλῳ
507 1761 514 1768 ·
539 1752 615 1779 uno;
631 1753 668 1784 ὡς
683 1753 774 1788 ἡμᾶς,
792 1752 808 1788 ἢ
828 1751 991 1787 μεταδώσων

204 1797 241 1827 ὧν
254 1800 337 1835 ἔχεις,
357 1800 373 1834 ἢ
396 1798 515 1834 μεθέξων
535 1794 572 1825 ὧν
586 1798 635 1824 οὐκ
650 1798 730 1833 ἔχεις.
752 1798 789 1823 Σὺ
814 1798 862 1832 μὲν
879 1797 934 1832 γὰρ
948 1805 992 1822 σο-

205 1845 268 1880 φίαν
296 1845 368 1880 ἔχειν
392 1844 445 1879 φὴς
469 1843 667 1879 μεγαληγορεῖν
694 1842 724 1868 οὐ
754 1842 986 1878 παραιτουμένην,

205 1892 284 1926 ἡμεῖς
305 1891 333 1917 δέ.
354 1898 443 1925 φαμεν
457 1889 585 1924 ἀλήθειαν
597 1888 729 1923 ἁπλότητι
754 1888 801 1914 καὶ
824 1888 891 1914 αἰδοῖ
914 1896 993 1914 κεκο-

207 1936 361 1972 σμημένην.
380 1935 416 1962 Ἦ
435 1935 488 1970 γὰρ
503 1934 654 1970 κρείττοσιν
675 1933 810 1969 εὑρεθεῖσι
825 1933 992 1960 κατακολου-

206 1981 300 2017 θήσεις
318 1980 482 2016 ἄσμενος-,ἥ
503 1980 647 2015 ἐπανήξεις
667 1979 759 2006 οἴκαδε
781 1979 865 2014 μηδὲν
886 1978 992 2015 ζημιω-

206 2026 271 2059 θείς.

327 2080 402 2108 ΥΙΖ¹.
425 2094 461 2101 -——
485 2080 610 2115 ΖΩΣΙΜῼ
634 2079 868 2115 ΠΡΕΣΒΥΤΕΡῼ.

1078 1345 1105 1372 Si
1117 1350 1228 1380 accepta
1241 1345 1327 1372 vielus
1351 1346 1448 1380 injuria
1464 1355 1478 1374 ιι
1497 1353 1522 1375 te
1546 1349 1690 1384 impetrare
1705 1353 1768 1386 quin
1785 1353 1826 1379 ul-

1041 1392 1145 1419 ciscare
1170 1399 1222 1418 non
1247 1397 1332 1426 putes,
1348 1393 1396 1420 sed
1416 1393 1555 1420 laedentem
1583 1397 1678 1429 punire
1707 1398 1825 1425 animum

1040 1437 1178 1464 induxeris
1202 1442 1288 1469 tuum,
1312 1438 1429 1465 maxime
1446 1438 1471 1465 id
1490 1444 1532 1466 est
1556 1448 1570 1466 ιι
1593 1440 1747 1468 Christiano
1776 1443 1826 1470 ho-

1040 1483 1111 1510 mine
1126 1483 1256 1510 alienum.
1273 1483 1347 1516 Quod
1360 1484 1381 1510 si
1392 1484 1494 1518 legibus
1510 1486 1616 1513 assidue
1632 1487 1755 1514 decertes
1769 1489 1828 1524 (vel

1038 1528 1109 1555 enim
1128 1533 1232 1563 tempus
1247 1530 1293 1556 tibi
1318 1530 1476 1563 medebilurl
1487 1531 1528 1557 vel
1553 1532 1607 1565 ipse
1624 1540 1653 1560 se
1685 1533 1823 1568 defendet,

1041 1575 1062 1600 si
1079 1578 1151 1601 tanta
1163 1579 1205 1601 est
1222 1574 1319 1610 ira)et
1339 1580 1431 1609 postea
1456 1576 1548 1604 ulcisci
1576 1579 1689 1612 poteris,
1705 1585 1827 1614 tempore

1042 1620 1090 1653 ipsi
1108 1628 1158 1647 non
1175 1621 1335 1655 opitulante,
1349 1622 1494 1655 quominus
1514 1624 1558 1650 det
1569 1624 1615 1651 tibi
1633 1627 1828 1663 prenas.685

1042 1666 1074 1692 Et
1089 1667 1145 1693 haec
1160 1667 1267 1700 quidem
1289 1667 1430 1695 hactenus.
1445 1668 1492 1695 Dic
1517 1670 1604 1696 amico
1628 1675 1672 1697 tuo
1688 1680 1695 1698 :
1714 1671 1778 1698 Veni
1793 1674 1826 1698 ad

1042 1718 1094 1744 nne,
1112 1711 1154 1738 vel
1171 1713 1422 1740 communicaturus
1438 1721 1498 1748 qua:
1518 1715 1611 1746 habes,
1629 1716 1670 1743 vel
1702 1723 1826 1751 receptu-

1041 1765 1087 1784 rus
1105 1764 1159 1791 quo
1173 1765 1262 1784 cares.
1278 1759 1287 1767 '
1306 1757 1345 1784 Tn
1373 1759 1525 1792 sapientem
1548 1767 1608 1787 esse
1627 1761 1756 1795 praedicas
1781 1763 1826 1796 qui

1042 1803 1184 1838 magniﬁce
1203 1811 1232 1831 se
1244 1803 1339 1837 jactat,
1358 1811 1408 1830 nec
1427 1805 1530 1830 veniam
1548 1810 1642 1839 poscat
1661 1818 1666 1834 ;
1690 1814 1738 1833 nos
1764 1815 1827 1834 vero

1043 1849 1183 1875 veritatem
1202 1848 1374 1883 simplicitate
1391 1856 1422 1874 ac
1436 1851 1595 1877 verecundia
1622 1852 1746 1878 vestitam
1759 1858 1826 1885 prae-

1043 1894 1174 1921 dicamus.
1184 1894 1236 1922 Aut
1253 1897 1323 1923 enim
1339 1897 1449 1924 meliora
1464 1897 1571 1924 inventa
1589 1904 1703 1931 sequere
1729 1896 1826 1930 libens,

1043 1939 1084 1966 vel
1104 1940 1203 1968 redibis
1217 1941 1324 1968 domum
1347 1946 1419 1969 tuam
1439 1942 1506 1969 nihil
1528 1949 1634 1976 passus.

1148 2073 1275 2101 cnxvu.
1295 2074 1468 2103 —zosmo
1482 2059 1730 2105 raasuvruno.‘

564 2126 595 2153 Ut
606 2128 639 2153 ait
651 2128 720 2162 frugi
735 2127 867 2158 hortatur,
878 2125 1028 2152 utettribus
1040 2131 1111 2158 sequ.
1126 2122 1201 2156 epist.
1218 2127 1242 2148 et
1259 2123 1321 2155 5H,
1336 2123 1398 2154 445,
1415 2122 1476 2149 562.

241 2183 273 2211 Εἰ
291 2183 339 2219 μὲν
362 2183 442 2218 μόνος
461 2191 502 2210 σοι
518 2184 532 2210 ό
554 2184 603 2218 τῆς
626 2181 843 2218 φιλοχρηματίας
859 2181 928 2216 ἔρως
943 2181 991 2207 καὶ

205 2229 308 2264 ἐπῆλθε
323 2229 368 2255 καὶ
380 2227 518 2261 εἶλεν,ούκ
526 2229 558 2255 ἂν
569 2227 702 2262 τοσαύτην
716 2227 793 2262 παρὰ
813 2227 922 2253 πάντων
941 2227 993 2253 ὐπ-

206 2273 302 2309 ἐμενες
312 2274 431 2310 γραφήν.
451 2273 560 2308 Ἐπειδὴ
577 2272 605 2299 δὲ
620 2273 719 2304 πάντες
734 2273 762 2298 ὲν
781 2273 832 2303 σοὶ,
849 2271 887 2303 ὥς
901 2280 992 2306 φασιν,

207 2318 361 2354 ὰχορεύτως
380 2317 559 2354 χορεύσαντες
575 2315 656 2350 εἷλον,
673 2317 784 2352 μείζονά
799 2325 829 2342 σε
849 2317 938 2350 πάσης
952 2325 993 2342 τι-

208 2363 312 2399 μωρίας
328 2363 494 2399 ἁμαρτάνειν
512 2363 658 2398 ἡγούμενοι
672 2382 680 2394 ,
696 2362 733 2393 ὡς
749 2361 868 2389 ποικίλον
883 2361 929 2387 καὶ
946 2369 996 2387 πο-

207 2408 346 2444 λύμορφον
367 2408 460 2443 Θηρίον
478 2408 668 2443 ἐκτρέπονται.
684 2407 715 2433 Εἰ
733 2407 821 2433 τοίνυν
837 2406 923 2441 βούλει
944 2405 993 2440 τὴν

205 2453 333 2488 τοιαύτην
350 2453 552 2489 ἀποτρίψασθαι
580 2453 698 2485 ἀδοξίαν,
715 2452 748 2479 τὰ
761 2451 917 2486 ἀνθρώποις
930 2451 992 2486 φιλ-

206 2500 313 2534 αρέτοις
330 2500 470 2535 πρέποντα
481 2499 527 2526 καὶ
539 2498 601 2533 λέγε
615 2498 662 2525 καὶ
676 2499 789 2532 πρᾶττε.

330 2553 405 2580 Υιιιν.
421 2568 456 2573 -
470 2553 619 2588 ΔΥΣΟΝΙῼ
639 2550 869 2579 ΚΟΡΡΗΚΤΩΡΙ.

244 2606 366 2641 Ἀγαμαί
383 2615 430 2632 σου
445 2606 476 2632 τὸ
489 2606 569 2640 σοφὸν
586 2605 730 2640 φρόνημα,
749 2605 789 2631 ὅτι
810 2603 891 2638 φόϐον
907 2603 991 2638 πραό-

206 2661 268 2688 τητι
287 2652 366 2687 μίξας
383 2652 493 2683 οὐδένας
514 2652 604 2687 ἔχεις,
625 2651 685 2678 οὔτε
702 2651 765 2682 τοὺς
779 2651 824 2677 διὰ
846 2651 892 2677 τὸν
912 2649 992 2684 φόϐον

209 2699 370 2734 μισοῦντας,
389 2698 450 2725 οὕτε
466 2699 530 2730 τοὺς
543 2698 587 2725 διὰ
604 2697 653 2733 τὴν
669 2698 809 2733 πραότητα
829 2696 990 2727 πταίοντας·

207 2744 274 2771 ἀλλά
291 2753 331 2771 σοι
347 2744 396 2780 τὴν
409 2744 554 2771 ἀκόλουθον
568 2743 666 2778 κρᾶσιν
682 2742 859 2769 ἁντιδιδόασιν
873 2743 897 2768 οἰ
912 2741 993 2776 ἀρχό-

209 2798 295 2824 μενοι,
309 2789 469 2826 σωφροσύνῃ
484 2788 574 2824 φιλίαν
590 2787 767 2822 συνάψαντες
785 2786 877 2821 ἐπειδὴ
892 2786 945 2821 γὰρ
959 2787 992 2812 τὰ

208 2835 331 2861 πλεῖστον
345 2835 390 2862 ἀπ’
402 2834 523 2870 ἀλλήλων
532 2833 680 2860 διεστῶστα
693 2832 837 2867 ὲκέρασας,
851 2831 897 2858 καὶ
912 2831 988 2857 αὐτοὶ

1081 2176 1137 2204 Nisi
1152 2176 1238 2204 solum
1255 2181 1280 2203 te
1296 2176 1469 2211 pecuniarum
1501 2176 1633 2210 cupiditas
1659 2182 1686 2204 et
1716 2177 1827 2212 cepisset

1044 2227 1072 2250 et
1090 2227 1204 2254 teneret,
1221 2229 1272 2248 non
1292 2222 1358 2248 adeo
1373 2229 1467 2248 omnes
1482 2222 1527 2248 tibi
1553 2222 1639 2248 dicam
1667 2224 1827 2251 scriberent.

1043 2267 1110 2295 Cum
1139 2274 1215 2300 vero,
1231 2272 1259 2293 ut
1290 2265 1390 2298 ferunt,
1412 2274 1507 2294 omnes
1535 2267 1614 2294 simul
1631 2268 1737 2302 agmine
1759 2268 1829 2296 facta

1044 2319 1070 2341 te
1087 2314 1246 2345 inva8erint,
1266 2312 1316 2339 rati
1335 2320 1413 2346 supra
1435 2320 1541 2340 omnem
1566 2317 1590 2339 te
1605 2320 1711 2347 poenam
1741 2314 1829 2340 delin-

1045 2365 1137 2393 quere,
1150 2362 1181 2384 ut
1192 2357 1294 2383 variam
1310 2364 1341 2383 ac
1354 2356 1530 2390 multiplicem
1559 2357 1643 2385 feram
1661 2366 1693 2384 ac
1713 2358 1828 2385 belluam

1044 2408 1068 2430 le
1084 2404 1261 2434 detestantur,
1275 2410 1306 2430 ac
1333 2402 1478 2436 refugiunt.
1503 2402 1578 2430 lianc
1606 2403 1687 2438 igitur
1714 2404 1735 2430 si
1757 2403 1829 2430 inia-

1044 2450 1124 2476 miam
1137 2450 1212 2483 cupis
1225 2450 1339 2480 evitare,
1352 2449 1435 2476 dicito
1454 2456 1485 2476 ac
1506 2448 1588 2476 facito
1603 2457 1662 2484 quae
1692 2449 1828 2477 hominem

1045 2496 1143 2522 virtute
1158 2495 1297 2529 praeditum
1310 2494 1427 2522 maxime
1443 2495 1548 2522 decent.

1145 2550 1283 2578 CDXVlIl.
1291 2565 1327 2572 —
1336 2549 1488 2577 AUSONIO
1503 2550 1733 2579 CORRECTOBL

1081 2605 1165 2632 Tuam
1189 2605 1298 2640 quidem
1325 2603 1484 2638 prudentem
1512 2605 1632 2632 admiror
1656 2605 1826 2640 sapientiam,

1045 2652 1115 2684 quod
1133 2655 1232 2676 metum
1257 2648 1417 2683 benignitati
1447 2650 1611 2682 admiscens,
1634 2651 1829 2678 neminemha-

1044 2695 1109 2722 beas
1119 2695 1163 2729 qui
1177 2701 1202 2721 te
1214 2694 1254 2721 vel
1273 2693 1306 2721 ob
1323 2697 1422 2719 metum
1434 2693 1533 2726 oderit,
1550 2693 1591 2721 vel
1613 2695 1647 2721 ob
1658 2695 1828 2722 clementiam

1044 2740 1172 2773 offendat,
1188 2740 1234 2767 sed
1249 2740 1348 2768 subditi
1362 2746 1468 2767 onmem
1497 2740 1706 2767 moderationem
1731 2748 1827 2768 conse-

1045 2789 1172 2819 quentes,
1189 2783 1302 2811 allectus
1315 2786 1464 2820 rependant
1481 2794 1542 2813 cum
1571 2785 1747 2820 temperantia
1761 2787 1829 2812 ami-

1045 2831 1135 2858 citiam
1163 2830 1370 2866 conjungeulcs.
1400 2831 1466 2859 Cum
1501 2832 1616 2860 misceas
1642 2832 1828 2867 concinneque
