2049 3162
169 150 237 181 1577

608 147 875 178 EPISTOLARUM
895 147 968 177 LIB.
989 148 1022 177 V.
1041 159 1077 165 ’-
1095 147 1212 178 EPIST.
1231 147 1412 181 CDXXVIII.

1732 149 1798 185 1578

170 207 204 234 τὰ
219 205 336 242 τρόπαια
352 205 481 237 πολλάκις
498 204 588 240 ἵστησι
599 225 607 237 ,
631 204 685 231 τῶν
705 203 811 239 ὲχῡρῶν
825 203 892 238 πρὸς
905 203 960 230 ἱκε-

1014 209 1116 238 troptca
1129 211 1201 239 saepe
1212 204 1365 238 constituit,
1381 205 1503 234 hostibus
1514 207 1655 242 supplices
1669 212 1799 237 tendenti-

170 250 230 280 σίαν
252 251 413 287 χωρούντων
435 251 481 278 καὶ
503 250 740 286 πρεσσευομένων.
770 249 847 276 Ἐπεὶ
867 249 958 276 τοίνυν

168 297 255 326 ¹ιαῦτα
272 297 337 333 παρ’
354 297 433 332 ἡμῶν
449 296 591 331 ὀςρείλοντα
608 295 733 330 γενέσθαι
750 296 821 323 κατὰ
833 295 888 322 τῶν
900 295 957 321 δαι-

168 344 270 379 μόνων,
295 343 326 370 ob
339 342 453 377 γίνεται·
476 342 507 369 οὺ
523 342 576 378 γὰρ
596 343 654 378 μετ’
666 341 790 378 ἀλλήλων
812 340 874 368 κατ’
886 340 957 367 ὲκεί-

169 399 233 423 νων,
247 389 315 417 ἀλλὰ
328 389 388 416 κατ’
398 388 522 424 ἀλλήλων
538 389 596 424 μετ’
607 387 718 415 ἐκείνων
733 386 940 422 στρατευόμεθα
949 394 956 401 ·

169 437 200 464 οὑ
217 436 383 472 θαυμαστὸν,
399 436 423 462 εί
438 434 592 471 ἡττώμεθαο
609 434 677 461 ἀλλὰ
697 433 797 469 μᾶλλον
811 433 900 460 ἐκεῖνο
911 452 918 466 ,
934 433 958 459 εί

171 483 254 520 μηδὲν
286 482 426 515 ποιοῦντες
451 479 489 510 ὧν
507 483 562 514 τοῖς
590 481 686 509 νικῶσι
717 479 856 515 προσῆκε,
881 479 960 514 νικᾷν

169 530 305 566 ἀξιοῦμεν.

259 586 349 615 ΥΚΕ’.
367 601 403 607 -
419 585 495 613 ΤΟΙΣ
513 582 713 612 ΑΡΧΟΝἸΊΟΥ
732 581 861 609 ΠΛΙΣῘΝ.

1012 249 1062 277 bus
1076 257 1182 283 manus,
1195 250 1417 287 legationemque
1437 253 1617 282 mittentibus.
1635 254 1702 282 Cum
1719 256 1801 291 igitur

1011 295 1070 323 lucc
1088 296 1180 323 omnia
1204 303 1219 323 a
1243 297 1322 325 nobis
1335 298 1453 326 debeant
1472 299 1532 328 ﬁeri
1555 301 1686 329 adversus
1700 302 1800 330 daemo.

1010 349 1069 374 nes,
1089 349 1140 370 nec
1156 341 1222 369 (iant
1234 342 1299 377 (non
1315 344 1387 371 enim
1407 344 1479 372 inter
1501 353 1550 373 nos
1564 351 1657 374 contra
1674 346 1737 380 bos,
1753 349 1799 376 sed

1010 387 1037 415 in
1052 394 1101 415 nos
1115 392 1210 415 mutuo
1225 395 1285 415 eum
1303 388 1356 416 illis
1367 390 1453 417 aciem
1475 390 1658 428 instruimus),
1674 393 1802 422 nibilmi--

1012 435 1126 462 randum
1144 434 1166 461 si
1183 434 1341 469 vincamur,
1357 436 1415 463 sed-
1428 436 1493 464 illud
1517 438 1606 473 potius
1617 459 1624 472 ,
1640 440 1661 467 si
1680 440 1747 468 nihil
1761 440 1802 468 fa-

1011 480 1116 507 cientes
1135 487 1229 507 eorum
1254 487 1314 515 quae
1339 481 1509 510 vincentibus
1534 487 1721 520 conveniunt,
1747 494 1800 516 nos

1012 527 1123 554 vincere
1136 533 1184 561 par
1199 533 1260 554 esse
1275 531 1413 562 putemus.

1133 579 1264 608 CDXXV.
1278 596 1314 602 —-—
1326 582 1510 612 PRAEFECTI
1530 583 1677 615 LIBERIS.

468 642 508 670 De
523 641 639 669 Eutonz‘o
656 641 779 668 diacono.
795 639 929 666 Hortatur
946 643 988 665 at!
997 637 1143 664 amicitiam
1159 642 1184 665 et
1197 639 1363 666 concordiam
1376 645 1506 668 mutuam.

204 699 334 735 Ἔπεμψα
349 698 395 726 τδν
411 698 576 734 πανάριστον
592 697 727 728 Εὐτόνιον,
744 696 831 730 λόγων
855 695 961 730 συμὸαυ

166 746 268 782 τηρίων
279 745 343 780 ὑμῖν
353 744 586 780 καθηγησόμενον.
595 742 742 778 Αίδέσθητε
752 741 842 768 τοίνυν
852 741 961 777 πρῶτον

169 790 219 826 μὲν
242 790 272 817 τὸ
293 790 408 825 πρέπον,
432 789 558 824 δεύτερον
574 789 602 815 δὲ
619 788 744 819 ἑαυτοὺς,
769 787 862 822 τρίτον
886 786 956 821 ἐμὲ,

166 835 212 862 τὸν
237 836 266 862 ἐν
288 831 329 865 οἷς
349 833 451 867 ἔξεστιν
471 834 636 866 ἐπιτάττειν,
657 832 893 868 συμβουλεύοντα·
915 831 958 858 τέ-

1048 693 1186 729 Optimum
1201 695 1262 722 misi
1278 695 1433 730 Eutonium,
1452 698 1497 732 qui
1515 698 1642 733 paciﬁcos
1656 699 1732 727 vobis
1745 707 1804 728 ser-

1012 746 1107 767 mones
1123 739 1233 767 rel'erat.
1256 739 1428 769 Reveremini
1448 743 1538 778 itaque
1558 744 1646 778 primo
1661 745 1801 779 decorum,

1011 784 1110 812 deinde
1123 791 1171 813 vos
1186 784 1270 820 ipsos,
1288 787 1367 814 tertio
1387 795 1440 820 me,
1453 789 1499 822 qui
1517 789 1659 816 consilium
1677 790 1712 818 do
1727 791 1754 818 in
1769 791 1803 818 iis

1009 837 1069 864 quae
1093 830 1152 858 ﬁeri
1176 836 1283 865 oportet
1299 840 1306 864 ;
1320 837 1420 867 quarto
1444 840 1518 866 cum,
1543 835 1588 869 qui
1605 839 1708 863 tantum
1727 837 1803 871 pacis

167 889 277 918 ταρτον,
299 880 345 907 τὸν
368 879 589 915 καταδεξάμενον
609 878 737 906 τοσοῦτον
754 878 898 912 ὑπομεῖναι
911 876 957 903 διὰ

1011 880 1107 904 vestrae
1120 878 1207 911 gratia
1224 876 1326 905 laboris
1348 878 1475 913 sumpsit,
1488 879 1572 915 686
1585 879 1715 916 omnique
1739 881 1802 909 odio

166 908 216 963 τὴν
248 908 384 961 ὑίιετέραν
414 908 526 961 είρήνην
557 925 690 960 κάματον.
714 923 769 951 Καὶ
791 908 882 950 etiam
905 923 960 950 ἀπ-

1012 922 1146 956 deposito.
1158 927 1280 951 mutuam
1295 923 1367 952 inter
1381 931 1430 952 vos
1445 930 1552 953 servate
1570 926 1728 955 amicitiam.

167 973 276 1009 έχθειαν
285 973 465 1009 ὲξορίσαντες,
476 973 590 1009 ἄσμενοι
601 971 649 1008 τὴν
663 972 731 1009 πρὸς
743 971 856 1003 ἑαυτοὺς
867 969 959 1005 φιλίαν

168 1019 329 1047 ἀσπάσασθε
334 1039 342 1046 .

286 1075 384 1109 Υκςῖι.
401 1090 436 1098 -
449 1075 575 1110 ΖΩΣΙΜῼ
591 1073 827 1109 ΠΡΕΣΒΥΤΕΡῼ.

1110 1069 1252 1098 CDXXVL
1268 1085 1304 1091 —-
1320 1070 1447 1100 ZOSIMO
1466 1071 1703 1102 PRESBYTERO.

168 1123 203 1153 In
218 1125 274 1160 ejus
296 1124 368 1158 vitia,
391 1125 437 1160 qui
460 1128 554 1152 temere
568 1124 601 1151 ab
628 1123 743 1150 Eusebio
760 1127 825 1150 esset
848 1117 1090 1191 ordir;¢;;:is.s332{.a)li
1103 1120 1136 1146 ab
1158 1119 1283 1148 Ecclesia:
1304 1122 1487 1148 communione
1509 1123 1661 1156 separandi.
1681 1122 1799 1158 (Confer.

203 1219 236 1246 Et
257 1218 306 1246 καὶ
330 1217 468 1250 ἐνταῦθα,
484 1214 507 1244 ὧ
529 1216 619 1244 πάντα
642 1215 730 1252 μικρὰ
752 1214 820 1252 πρὸς
835 1213 885 1250 τὴν
910 1213 959 1249 σὴν

167 1265 335 1300 ἀναλγησίαν
358 1264 544 1299 φθέγξασθαι,
556 1263 645 1299 χῶρος
662 1262 810 1298 εἰσδέχεται
825 1261 889 1293 τοὺς
908 1261 958 1288 οὐκ

167 1312 223 1338 ἀπὸ
235 1311 290 1338 τῶν
304 1310 393 1338 αὐτῶν
407 1311 535 1345 ἥκοντας,
550 1309 607 1336 ἀλλ’
621 1310 710 1336 ἐκεῖσε
727 1309 863 1345 διάκρισις
882 1308 959 1335 ἔσται

167 1358 296 1394 ἀκριϐής.
313 1357 412 1393 Πρὼην
436 1356 486 1392 μὲν
504 1353 562 1388 οὗν,
577 1355 660 1391 ἡνίκα
679 1356 705 1382 οἱ
719 1355 769 1391 τῆς
795 1354 959 1389 Ἐκκλησίας

166 1404 310 1430 παιδευταί
328 1403 376 1430 καὶ
397 1402 432 1429 δι’
445 1402 562 1438 ἀρίστην
585 1401 724 1428 πολιτείαν
737 1401 778 1435 τῷ
798 1400 863 1435 θείῳ
875 1400 959 1434 ἐλαμ-

166 1449 303 1485 πρύνοντο
320 1447 473 1483 Πνεὺματι,
489 1446 629 1474 κάνταῦθα
642 1445 804 1481 ὲχωρίζοντο
815 1445 840 1472 οἱ
852 1444 958 1472 πταίον-

166 1502 224 1527 τες·
244 1495 292 1523 καὶ
307 1493 547 1529 γνωσιμαχοῦντες
559 1512 567 1526 ,
583 1492 665 1519 πάλιν
682 1490 903 1527 κατηριθμοῦντο
917 1490 958 1521 είς

167 1541 214 1568 τὸν
237 1540 309 1576 ἱερὸν
324 1540 373 1575 τῆς
397 1539 561 1574 Ἑκκλησίας
587 1537 727 1572 σύλλογον.
751 1535 809 1563 Νῦν
836 1535 865 1563 δὲ
889 1535 958 1583 (αλλ’
971 1554 993 1583 c

164 1588 244 1615 οὐδὲν
272 1586 403 1622 βούλομαι
434 1585 565 1620 δυσχερὲς
590 1585 697 1619 εἰπεῖν)
724 1583 814 1610 πάντα
845 1582 957 1616 ἀναίδην

165 1633 312 1668 τολμᾶται,
333 1632 380 1658 καὶ
392 1630 480 1662 οὐδεὶς
493 1631 507 1656 ὁ
517 1629 643 1662 ἐπεξιών.
663 1628 744 1655 Ἀλλὰ
761 1628 818 1659 τοῖς
833 1627 882 1662 μὲν
899 1625 959 1660 φιλ-

166 1679 276 1714 αρέτοις
298 1678 352 1705 εἰσὶ
373 1677 482 1712 βαρεῖς,
503 1677 559 1707 τοῖς
577 1675 605 1701 δὲ
630 1674 856 1709 φιλαμαρτήμοσι
872 1680 959 1708 προσ-

166 1726 253 1760 ηνεῖς.
269 1724 339 1755 Τοὺς
353 1723 402 1756 μὲν
424 1722 477 1758 γὰρ
490 1720 681 1755 ἀπναρκῆσαι
696 1717 936 1754 παρασκευάζουσι
949 1736 957 1749 ,

166 1770 232 1801 τοὺς
245 1769 273 1795 δὲ
290 1770 330 1800 εἰς
351 1768 452 1795 κακίαν
471 1766 583 1802 μείζονα
600 1764 804 1800 παιδοτριϐοῦσι
817 1771 824 1779 ·
842 1762 959 1798 μάλιστα

167 1816 234 1842 ὅταν
258 1815 305 1841 καὶ
328 1813 443 1845 πλοῦτος
471 1813 564 1844 αὐτοῖς
596 1811 742 1847 περιρῤἑῃ.
774 1809 821 1845 Μὴ
855 1808 957 1841 τοίνυν,

168 1861 264 1897 ἐπειδὴ
277 1862 324 1887 καὶ⁵
338 1859 468 1891 Εὐσέϐιος
489 1859 520 1895 (ὁ
534 1859 585 1887 οὐκ
599 1856 648 1885 οἷδ’
672 1858 747 1888 ὅπως
762 1865 790 1882 σε
804 1855 959 1891 χειροτονή-

169 1915 236 1938 σας,
256 1907 289 1941 τῇ
306 1906 390 1941 ἀρετῇ
410 1904 538 1939 πολέμιος
558 1902 720 1938 τυγχάνων)
738 1902 767 1928 σὲ
786 1902 826 1933 είς
843 1900 959 1935 ἐσχάτην

170 1951 271 1978 κακίαν
283 1951 416 1978 ἐλάσαντα
431 1950 479 1976 οὐκ
493 1948 639 1975 ἀπελαύνει
652 1947 699 1974 τοῦ
714 1946 896 1982 πληρώματος
910 1945 960 1980 τῆς

175 1995 358 2031 Ἐκκλησίας,
382 1995 433 2030 ἤδη
457 1993 550 2029 νόμιζε
574 1994 686 2020 κάκεῖσε
712 1992 796 2027 μηδὲν
818 1990 959 2018 πείσεσθαι

165 2042 266 2070 δεινόν.
286 2036 418 2067 Τοσοῦτον
442 2040 495 2075 γὰρ
512 2040 637 2066 κάκεῖνον
651 2038 699 2065 καὶ
716 2038 746 2064 σὲ
768 2036 959 2072 μετελεύσεται

169 2089 188 2123 ἡ
205 2087 277 2123 δίκη,
293 2088 354 2114 ὅσον
369 2085 486 2113 ἐνταῦθα
503 2084 744 2121 μακροθυμήσασα
756 2083 831 2109 οὐδὲν
841 2082 957 2118 ὤνησεν,

167 2132 238 2162 ἀλλὰ
255 2132 302 2160 καὶ
321 2130 551 2168 βλασφημηθῆναι
565 2129 598 2156 δι’
610 2129 683 2165 ὑμᾶς
696 2127 868 2161 κατεδέξατο.

307 2233 394 2262 ΥΚΖ⁷.
414 2248 450 2255 -
468 2231 639 2270 ΠΔΛΛΑΔΙῼ
657 2229 818 2266 ΔΙΑΚΟΝῼ.

1050 1211 1106 1240 Etsi
1120 1213 1146 1240 in
1163 1213 1214 1241 hac
1225 1213 1339 1249 quidem.
1358 1214 1411 1242 vita
1431 1221 1513 1250 parva
1527 1217 1617 1244 omnia
1633 1216 1753 1244 et-cxilia
1769 1217 1802 1244 ad

1014 1263 1040 1286 te
1061 1259 1234 1294 passionibus
1256 1264 1395 1288 carentem
1423 1261 1515 1290 alieni
1540 1262 1615 1291 locus
1631 1263 1738 1298 patitur
1757 1271 1804 1291 eos

1012 1305 1058 1340 qui
1083 1306 1117 1333 ab
1133 1306 1230 1334 iisdem
1252 1313 1305 1334 non
1322 1307 1435 1335 veniunt
1452 1308 1538 1342 locis;
1555 1309 1581 1336 in
1605 1309 1688 1336 altera
1714 1315 1803 1337 tamen

1011 1351 1104 1378 futura
1119 1356 1161 1379 est
1177 1354 1305 1380 ac‘curata
1319 1352 1481 1387 disceptatio
1495 1359 1577 1389 atque
1587 1355 1731 1388 judicium.
1746 1355 1800 1383 Nu-
1823 1376 1826 1382 .

1012 1404 1062 1432 per
1072 1397 1165 1432 itaque
1179 1405 1239 1425 cum
1255 1398 1384 1426 Ecclesiae
1396 1399 1531 1433 doctores,
1544 1401 1644 1436 quique
1658 1402 1684 1429 in
1700 1402 1807 1437 optima

1011 1442 1183 1478 gubernandi
1203 1443 1309 1471 ratione
1327 1444 1498 1478 claruerunt,
1519 1446 1610 1473 divino
1632 1447 1735 1482 Spiritu
1758 1455 1804 1476 or-

1011 1487 1068 1514 nati
1085 1492 1174 1520 erant,
1191 1492 1273 1523 atque
1286 1489 1340 1516 huc
1362 1495 1537 1518 accesserunt
1558 1499 1631 1519 nunc
1645 1498 1802 1527 peccantes,

1010 1540 1083 1561 nunc
1098 1534 1185 1561 denuo
1200 1533 1392 1568 rcsipiscentes
1408 1541 1622 1564 annumerentur
1635 1539 1719 1565 ccetui
1738 1546 1802 1567 san-

1010 1583 1060 1606 cire
1079 1578 1218 1607 Ecclesiae.
1239 1578 1317 1607 Nunc
1338 1587 1419 1615 vero,
1441 1588 1475 1609 ne
1496 1582 1561 1616 quid
1577 1583 1686 1617 gravius
1703 1584 1802 1621 dicam,

1010 1624 1118 1658 quidvis
1140 1624 1222 1652 audet
1241 1625 1385 1660 impudens
1406 1626 1498 1660 homo,
1522 1631 1549 1655 et
1571 1636 1651 1656 nemo
1667 1630 1804 1666 redarguit

1010 1668 1097 1703 illum,
1120 1670 1168 1697 sed
1197 1670 1298 1698 virtute
1327 1672 1449 1705 prteditis
1477 1672 1628 1700 molestiam
1650 1674 1803 1710 facessunt,

1010 1715 1187 1748 peccantibus
1204 1722 1269 1742 vero
1285 1716 1359 1744 lenes
1374 1721 1468 1744 contra
1484 1726 1516 1745 ac
1537 1719 1629 1746 blandi
1646 1725 1720 1747 sunt.
1743 1721 1801 1749 illis

1011 1760 1178 1793 torpediuem
1199 1760 1326 1797 alierum,
1348 1762 1398 1789 hos
1422 1763 1455 1790 ad
1474 1763 1576 1797 majora
1599 1765 1680 1792 etiam
1701 1765 1801 1801 ﬂagitia

1011 1811 1169 1840 provocant,
1191 1807 1308 1834 maxime
1335 1815 1398 1835 vero
1424 1816 1486 1836 cum
1509 1811 1631 1844 pecuniis
1652 1811 1800 1840 abundant.

1012 1849 1053 1878 Ne
1070 1851 1153 1886 igitur
1170 1859 1231 1880 cum
1243 1852 1375 1881 Eusebius
1390 1854 1471 1881 etiam
1490 1854 1546 1890 (qui
1563 1856 1655 1884 nescio
1668 1859 1802 1892 quomodo

1012 1899 1038 1922 te
1053 1896 1078 1922 in
1097 1897 1266 1925 sacerdotem
1286 1898 1435 1926 ordinando
1452 1900 1562 1927 virtutis
1578 1902 1665 1930 hostis
1685 1902 1800 1931 eil‘ectus

1010 1942 1062 1976 est)
1081 1947 1106 1969 te
1122 1943 1155 1970 ad
1170 1947 1322 1971 extremum
1339 1945 1465 1980 nequitim
1484 1948 1638 1976 tendentem
1660 1949 1694 1976 ab
1707 1947 1802 1979 Eccle-

1012 1988 1059 2014 siae
1081 1995 1133 2015 non
1158 1988 1262 2022 repellit
1283 1988 1458 2024 plenitudine,
1478 1990 1534 2026 jam
1551 1997 1629 2027 putes
1654 1995 1735 2024 etiam
1763 1995 1800 2024 ibi

1012 2037 1036 2060 te
1050 2041 1132 2068 grave
1153 2033 1220 2060 nihil
1248 2042 1401 2069 passurum.
1427 2037 1514 2065 Tanto
1541 2039 1649 2073 gravius
1676 2042 1747 2068 enim
1775 2047 1802 2070 to

1010 2083 1091 2113 atque
1111 2078 1198 2113 ipsum
1216 2085 1307 2108 manet
1321 2087 1411 2115 poena,
1433 2088 1563 2117 quantum
1589 2085 1633 2112 hic
1657 2086 1724 2114 nihil
1741 2087 1802 2115 diu-

1013 2125 1065 2152 tius
1078 2124 1159 2152 dilata
1174 2125 1286 2160 profuit,
1309 2126 1375 2161 quin
1396 2131 1424 2155 et
1440 2135 1455 2154 ιι
1477 2128 1553 2156 vobis
1568 2129 1743 2165 blasphemiis
1757 2137 1801 2161 est

1011 2177 1135 2207 excepta.

1119 2228 1272 2258 CDXXVII.
1287 2244 1323 2251 ——
1336 2230 1507 2259 PALLADIO
1530 2231 1693 2262 DIACONO.

789 2276 917 2304 Laborem
933 2275 1007 2311 quies
1031 2277 1182 2304 comitatur.

204 2339 258 2367 Τδν
276 2338 370 2374 ὥσπερ
393 2339 426 2366 σὺ
449 2337 581 2372 ἄγευστον
601 2337 654 2364 τῶν
679 2337 780 2367 πόνων,
805 2335 834 2362 οὺ
854 2334 959 2361 δίκαιον

169 2385 259 2420 λέγειν
275 2385 434 2420 ἀναπαὺλης
447 2385 562 2412 δεῖσθαι.
583 2383 702 2418 Δευτέρα
723 2383 777 2418 γὰρ
795 2381 849 2408 τῶν
868 2383 958 2407 πόνων

170 2431 355 2466 ἡάνάπαυλα·
378 2432 464 2466 χωρὶς
485 2431 513 2457 δὲ
535 2430 658 2462 ἐκείνων,
681 2428 770 2465 τρυφὴ
792 2428 904 2458 δικαίως
925 2427 959 2453 ἂν

170 2478 287 2504 καλοῖτο.
301 2478 370 2509 Τοὺς
390 2478 439 2512 μὲν
447 2477 501 2512 γὰρ
517 2477 605 2503 πόνων
619 2476 754 2511 λήγοντας
771 2473 958 2501 ἀναπαύεσθαι

170 2523 222 2558 χρή
232 2531 239 2538 ·
259 2523 323 2554 τοὺς
335 2523 356 2550 δ’
372 2523 440 2554 ὅλως
452 2522 642 2557 ἀφεστηκότας
652 2521 701 2556 τοῦ
717 2521 820 2551 πονεῖν,
836 2519 959 2551 ἀσώτους

170 2568 283 2603 κλητέον
301 2569 347 2595 καὶ
358 2568 470 2604 ἀργούς.
488 2568 571 2594 Ὥστε
584 2567 638 2598 ἕως
647 2566 680 2593 ἂν
699 2566 730 2593 σὺ
744 2565 781 2601 μὴ
793 2564 959 2600 παραδέξαιο

169 2614 233 2646 τοὺς
262 2614 393 2649 ἱδρῶτας,
414 2613 547 2648 ἀφεκτέον
569 2613 616 2639 καὶ
637 2612 684 2639 τοῦ
707 2612 757 2647 τῆς
780 2610 960 2642 ἀναπαύσεως

168 2659 310 2696 ὀνόματος.

270 2716 362 2744 ΥΚΗ’.
381 2731 417 2736 —
435 2715 584 2750 ΔΥΣΟΝΙῼ
601 2714 836 2741 ΚΟΡΡΗΚΤΩΡΙ.

1047 2335 1160 2364 Laboris
1184 2341 1334 2371 expertem,
1360 2341 1461 2372 tuoque
1488 2339 1609 2373 exemplo
1633 2344 1798 2373 cessantem.

1011 2381 1103 2416 quiete
1129 2381 1270 2417 indigere.
1303 2383 1412 2411 minime
1444 2385 1684 2418 pronuntiandum.
1718 2386 1801 2420 Quies

1012 2428 1083 2455 enim
1099 2428 1227 2462 laborem,
1238 2436 1290 2456 non
1304 2430 1402 2462 otium,
1417 2431 1537 2465 sequitur
1547 2440 1556 2458 :
1566 2431 1625 2458 sine
1640 2440 1692 2466 quo
1708 2433 1800 2461 labore

1011 2472 1124 2500 delicias
1137 2473 1227 2507 potius
1250 2474 1334 2501 otium
1357 2475 1545 2510 appellaveris.
1566 2477 1646 2504 Decet
1661 2478 1731 2504 enim
1753 2479 1800 2512 qui

1012 2518 1134 2546 laborare
1150 2519 1287 2553 desinunt,
1310 2521 1462 2555 quiescere.
1488 2522 1538 2555 Qui
1556 2531 1618 2550 vero
1641 2523 1696 2550 otio
1712 2523 1800 2550 indul-

1011 2568 1084 2599 gent,
1105 2565 1235 2599 temporis
1254 2567 1382 2602 prodigos
1403 2574 1431 2595 et
1455 2569 1568 2604 ignavos
1586 2569 1682 2600 merito
1695 2576 1800 2596 nuncu-

1012 2617 1070 2644 pes.
1088 2609 1272 2643 Quamobrem
1298 2612 1344 2639 tibi
1367 2614 1460 2646 etiam,
1484 2614 1547 2641 dum
1570 2615 1668 2641 sudare
1689 2622 1800 2642 recusas

1012 2660 1093 2689 atque
1109 2655 1255 2690 detrectas,
1273 2665 1287 2684 a
1304 2658 1405 2692 quietis
1420 2663 1462 2685 est
1474 2659 1582 2686 nomine
1596 2659 1798 2687 abstinendum.

1083 2711 1246 2740 CDXXVIII.
1263 2728 1299 2733 ——
1314 2713 1464 2742 AUSONIO
1493 2713 1726 2742 CORRECTORL

614 2762 805 2797 Ignoscendum
819 2761 932 2788 aliorum
947 2760 1060 2788 delictis.
1077 2759 1168 2795 (Supr.
1184 2761 1260 2795 epist.
1281 2762 1357 2797 “6.)

207 2820 239 2848 οι
255 2820 304 2855 μὲν
324 2819 401 2856 νόμοι
422 2818 468 2845 τὸν
492 2821 531 2849 εἰς
548 2820 578 2847 σὲ
595 2820 800 2857 παροινήσαντα
815 2818 958 2845 συλλαϐόν-

171 2875 218 2901 ’κς
232 2866 415 2902 παρέπεμψαν
430 2865 482 2892 ὑπὸ
494 2864 543 2899 τὰς
558 2864 606 2895 σὰς
619 2868 712 2899 χεῖρας
722 2867 801 2903 δίκην
816 2866 958 2901 ὑφέξοντα-

330 2914 464 2947 ΡΑτιιοι.
486 2913 544 2944 Gn.
566 2912 720 2971 LXXViII.

1046 2817 1132 2853 Leges
1148 2825 1209 2845 eum
1227 2819 1272 2857 qui
1289 2824 1314 2846 te
1327 2819 1433 2854 probris
1452 2818 1551 2852 affecit,
1567 2817 1616 2846 sub
1633 2817 1729 2846 manus
1739 2822 1799 2845 tuas

1011 2864 1178 2892 deduxerunt
1201 2871 1297 2900 pmnas
1316 2865 1452 2892 tla'urum.
1475 2864 1509 2892 At
1533 2868 1560 2890 tu
1577 2864 1617 2897 (es
1632 2863 1703 2891 enim
1723 2862 1798 2891 omni

1545 2910 1583 2943 50
