2049 3162
211 169 275 202 ιτκι

460 225 544 252 ΥΛΔ¹.
564 239 598 244 —-
623 223 735 263 ΘΕΩΝΙ.

627 169 890 199 El‘ISTOLARUM
908 169 981 198 LIB.
1004 170 1035 199 V.
1054 181 1088 187 ·-
1108 169 1226 200 EPIST.
1239 170 1420 202 CDXXXIX.
1769 168 1836 202 158?.

1251 223 1418 251 CDXXXIV.
1434 237 1470 243 —
1487 220 1624 249 ΤΙΙΕΟΝΙ.

894 281 1050 316 Παράδοξον
1070 282 1143 316 quid.

245 338 397 374 Ιιαράδοξόν
413 339 498 369 ὲστιν,
523 336 545 365 ὧ
564 339 685 374 βέλτιστε
701 360 707 370 ,
731 339 761 366 τὸ
776 340 825 375 τῆς
841 338 994 375 κρατούσης

206 385 284 420 δόξης
302 386 433 421 κρεῖττον,
450 385 495 412 καὶ
510 386 559 421 τῆς
576 386 720 422 συνηθείας
737 387 890 422 ἀλλότριον-

374 487 460 515 ΥΑΕν.
476 503 511 508 -
523 488 674 524 ΛΕΟΝΤΙῼ
688 488 848 524 amnem.

1083 339 1111 367 ld
1128 341 1277 376 παράδοξον
1294 346 1335 368 est
1351 341 1561 376 (inopinatum),
1584 341 1702 368 virorum
1721 340 1832 375 optime,

1049 386 1248 421 appellandum,
1268 387 1340 421 quod
1363 394 1472 414 omnem
1495 387 1602 414 excedit
1620 387 1786 422 opinionem,
1807 391 1835 414 et

1048 432 1082 460 ab
1097 439 1146 460 usu
1160 436 1201 459 est
1213 432 1340 459 alienum.

1109 484 1194 521 688
1210 486 1365 515 CDXXXV.
1378 502 1414 507 -—
1427 485 1573 514 LEONTIO
1593 486 1770 515 EPlSCOPO.

745 534 811 560 Mali
824 534 977 569 ruperbique
989 534 1136 562 sacerdotes
1153 533 1295 561 coercendi.

240 590 342 626 Μηδὲν,
363 587 386 617 ὦ
412 591 527 626 ἄριστε,
551 590 600 617 ἐπὶ
623 591 673 626 τῆς
695 591 746 626 σῆς
773 591 875 627 ἀρετῆς
902 592 994 627 ἄχαρι,

207 638 269 673 μηδ’
281 638 396 674 ἀπηχὲς,
406 638 436 664 τό
452 646 484 672 γε
496 638 542 664 ἐπὶ
553 638 654 674 σαυτῷ,
666 638 847 674 συγχωρήσῃς
860 638 996 672 γενέσθαι,

193 684 273 711 ’ἀλλὰ
288 684 336 711 καὶ
347 686 403 716 τοῖς
416 683 536 719 νεώτερά
545 693 608 711 τινα
622 685 663 716 είς
676 685 739 716 τοὺς
751 684 997 720 ἐκκλησιαστικοὺς

205 729 323 765 θεσμοὺς
342 729 511 765 βουλεύουσι,
528 729 592 764 λέγε
618 729 655 762 ὼς
671 729 835 765 οἰμώξονται
856 729 996 756 κάνταῦθα

205 777 328 809 κάκεῖσε,
343 777 367 803 εὶ
384 777 421 812 μὴ
436 775 483 803 τοῦ
499 776 684 811 νεωτερισμοῦ
699 776 931 812 λήξειαν.Ὢσπερ
942 776 996 812 γὰρ

208 822 257 848 σὺν
274 821 371 857 ἀλογίᾳ
395 821 530 857 ἥρθησαν,
555 821 642 856 τόλμῃ
664 822 770 857 ἀκρίτῳ
789 821 889 857 μᾶλλον
911 822 996 858 ἐπαρ-

1084 591 1168 624 Νἱιιίί,
1184 592 1224 618 vir
1245 591 1357 626 optime,
1376 591 1470 618 virtuti
1488 595 1540 618 tua:
1563 591 1700 625 ingratum
1718 596 1764 619 aut
1789 593 1836 619 ab-

1049 645 1146 665 sonum
1162 636 1286 664 accidere
1303 635 1455 670 permittas,
1480 643 1572 663 verum
1591 636 1623 663 iis
1641 636 1685 670 qui
1707 636 1838 664 innovare

1049 683 1115 718 quid
1135 684 1162 711 in
1186 682 1380 710 ecclesiasticis
1404 682 1514 710 student
1537 681 1720 709 functionibus
1744 683 1836 714 dicito,

1049 730 1214 765 ploraturos,
1241 729 1266 756 id
1289 733 1330 757 est
1353 729 1411 756 fore
1434 729 1556 756 infelices
1581 728 1607 755 in
1632 729 1682 755 hac
1699 729 1838 762 alteraque

1049 776 1115 809 vita,
1143 776 1194 802 nisi
1211 775 1292 803 rebus
1316 775 1425 802 studere
1448 774 1525 802 novis
1547 774 1692 802 desistant.
1712 773 1837 802 Utenim

1050 822 1229 858 imprudentia
1249 821 1326 854 elati,
1350 821 1463 849 audacia
1483 821 1626 848 temeraria
1650 820 1739 855 magis
1753 827 1834 855 quant

205 867 297 899 θέντες
312 868 352 899 εἰς
366 867 415 902 τὴν
432 867 614 903 ἐπιχείρησιν,
631 866 647 902 ἢ
664 866 803 900 ἀξιώσεως
821 867 913 903 δικαίᾳ
933 867 993 903 κρί-

1047 869 1120 905 justo
1137 868 1274 904 opinionis
1287 867 1390 902 judicio
1403 867 1563 900 incitantur,
1584 867 1621 894 ita
1640 866 1780 902 probabile
1796 869 1838 893 est

205 923 257 945 σει,
271 913 353 945 οὕτω,
363 913 434 940 κατὰ
446 913 476 940 τὸ
489 913 574 946 εἰκὸς,
585 913 632 940 καὶ
643 913 889 949 καθαιρεθήσονται
904 913 996 941 πάλιν.

211 958 334 990 ’Λσθενὲς
349 958 402 994 γὰρ
421 958 464 985 ἀεὶ
484 958 514 985 τὸ
529 959 594 994 παρ’
610 958 688 990 ἀξίαν
700 966 708 973 ·
724 958 837 985 καὶτῶν
856 958 927 985 κατὰ
938 958 997 985 τόλ-

206 1013 259 1040 μαν
273 1004 414 1038 ἀλόγιστον
432 1004 624 1040 ἐπαιρομένων
644 1004 722 1031 οὐδὲν
744 1004 868 1039 βέϐαιον,
884 1005 996 1039 ταχεῖαν

203 1051 232 1077 δὲ
247 1050 302 1085 ἔχει
320 1050 368 1086 τὴν
384 1050 548 1086 μεταὸολὴν,
562 1051 586 1077 εἰ
604 1051 642 1086 μὴ
657 1051 705 1078 σὺν
719 1050 804 1087 ἀρετῇ
820 1051 953 1085 γίγνοιτο.

324 1117 418 1151 ΥΛΓΓ.
439 1133 474 1139 -
493 1118 618 1154 ΖΩΣΙΜῼ
636 1118 871 1154 ΠΡΕΣΒΥΤΕΡῼ.

1051 915 1151 942 iterum
1170 914 1375 941 subvertendos.
1394 913 1530 940 lnlirutum
1555 917 1596 940 est
1617 912 1688 939 enim
1709 911 1838 947 quidquid

1050 959 1211 994 dignitatem
1241 962 1372 993 supcrat,
1402 965 1515 992 quicque
1546 958 1691 985 indiscreta
1726 956 1839 983 audacia
1868 963 1869 969 π

1050 1005 1120 1033 elata
1138 1009 1211 1037 sunt,
1236 1004 1384 1036 iustabilia,
1407 1005 1516 1038 citoque
1532 1004 1726 1035 immutantur,
1750 1002 1803 1029 nisi
1824 1009 1839 1028 a

1049 1052 1149 1079 virtute
1164 1051 1382 1086 proficiscantur.

1134 1118 1300 1146 CDXXXVI.
1317 1134 1352 1139 —
1369 1117 1495 1146 ZOSlMO
1515 1116 1751 1146 PRESBYTEKO.

661 1165 752 1202 Iniqui
764 1167 851 1201 arguit
864 1166 1016 1198 sacerdotii,
1028 1171 1054 1193 ut
1065 1171 1087 1193 et
1107 1166 1181 1200 epist.
1196 1173 1268 1200 ceqtt.
1288 1171 1312 1192 et
1326 1165 1389 1192 “0.

239 1221 331 1249 Δεινὸν
348 1222 397 1258 μὲν
419 1222 466 1249 καὶ
482 1222 513 1250 τὸ
535 1224 628 1259 τρυφῇ
645 1222 693 1249 καὶ
707 1222 821 1259 λαγνείᾳ
842 1223 993 1250 ἑαλωκέναι

203 1269 345 1304 ἄνθρωπον
361 1269 401 1300 είς
419 1269 571 1306 ἱερωσύνην
593 1270 668 1302 ὅπως
685 1270 786 1306 δήποτε
803 1270 935 1297 δοκοῦντα
949 1278 994 1296 τε-

205 1315 271 1342 λεῖν.
288 1315 325 1341 Τὸ
341 1315 368 1341 δὲ
388 1315 498 1342 πάντων
524 1315 721 1350 σχετλιώτατον
743 1315 832 1343 ἐκεῖνό
853 1316 939 1348 ἐστιν,
955 1316 996 1342 ὃτι

205 1361 239 1387 τὰ
249 1361 302 1387 τῶν
314 1360 430 1396 ἀνιέρων
443 1361 490 1387 καὶ
502 1360 606 1395 ἐναγῶν
620 1360 760 1396 πράττεις,
771 1360 821 1395 τῆς
836 1360 864 1387 δὲ
876 1361 929 1387 ἀπὸ
943 1358 990 1385 τοῦ

205 1406 292 1433 δοκεῖν
306 1405 456 1442 ἱερωσύνην
472 1405 621 1442 κεκτῆσθαι
636 1407 763 1441 ἀντιποιῇ
779 1405 869 1441 δόξης.

357 1462 442 1489 ΥΛΖ¹.
453 1476 488 1481 —
503 1461 655 1497 ΕΥΤΟΝΙῼ
671 1462 833 1497 maxuma.

1084 1222 1224 1250 Molestum
1241 1229 1306 1250 sane
1318 1222 1421 1250 deliciis
1439 1229 1471 1249 ac
1483 1221 1587 1250 libidini
1609 1221 1729 1250 deditum
1752 1221 1838 1250 homi-

1048 1277 1108 1295 nem
1126 1269 1293 1304 sacerdotem
1307 1268 1437 1296 ordinari.
1452 1267 1480 1295 ld
1494 1275 1558 1296 vero
1577 1268 1696 1296 maxime
1715 1269 1837 1296 omnium

1048 1313 1243 1346 deplorandum
1257 1318 1310 1345 est.
1325 1313 1396 1348 quod
1411 1313 1543 1348 sacrilege
1555 1312 1691 1348 impieque
1709 1317 1733 1341 te
1748 1321 1838 1348 geras.

1048 1356 1140 1391 Fingis
1157 1364 1222 1384 vero
1238 1355 1492 1391 sacerdotiumjure
1514 1361 1544 1384 ut
1561 1357 1701 1391 possidere
1717 1357 1836 1385 videare.

1150 1457 1326 1486 CDXXXVII.
1344 1473 1378 1478 —-
1397 1457 1549 1486 EUTONIO
1568 1459 1730 1488 DIACONO.

591 1507 630 1535 De
649 1506 750 1535 Zosimi
766 1508 848 1540 vitiis,
861 1515 908 1542 pro
922 1515 972 1541 quo
987 1513 1063 1532 orare
1076 1511 1170 1532 mouet.
1185 1504 1265 1540 (Vide
1278 1506 1353 1539 epist.
1371 1505 1446 1540 105.)

238 1568 274 1595 Σὺ
292 1567 342 1603 μὲν
357 1566 473 1599 εἰκότως
488 1566 652 1602 θαυμάζεις,
673 1567 746 1598 ὅπως
762 1567 776 1593 ὁ
794 1565 885 1597 ἅθλιος
908 1565 993 1593 Ζώσι-

1083 1564 1166 1592 Recte
1177 1565 1302 1599 equidem
1316 1563 1434 1599 jureque
1448 1565 1550 1599 optimo
1566 1565 1684 1600 miraris,
1699 1566 1836 1595 Zosimum

204 1623 254 1650 μσς
269 1613 396 1648 ἐκθύμως
416 1614 467 1647 τῆς
485 1612 584 1644 κακίας
609 1612 713 1648 ἔχεται,
731 1612 778 1638 καὶ
803 1611 902 1646 δεσμὸς
917 1607 994 1642 οὗτός

202 1661 275 1686 ἐστιν
291 1658 427 1694 ἀρραγὴς,
440 1657 470 1684 ὃν
485 1658 536 1684 οὐκ
555 1657 588 1684 ἂν
602 1657 733 1691 διακόψας
752 1655 856 1691 οἴχεται
873 1656 994 1691 φερόμε-

202 1714 245 1737 νος
265 1705 310 1732 ἐπὶ
327 1705 376 1736 τὰς
389 1704 508 1736 ἀτόπους
524 1703 651 1738 πράξεις.
666 1703 776 1738 Ἕτεροι
790 1703 818 1729 δὲ
835 1702 866 1728 οὐ
888 1702 995 1737 θαυμά-

202 1751 306 1783 ζουσιν,
323 1749 391 1778 ἀλλὰ
413 1750 460 1776 καὶ
485 1749 598 1780 εἰκότως
620 1749 652 1784 τῇ
673 1747 703 1780 ἐξ
725 1747 813 1783 ἀρχῆς
836 1747 994 1782 ὰναστροςῇ

202 1797 251 1831 τὴν
267 1795 367 1822 κακίαν
386 1794 523 1831 ηὐξῆσθαι
538 1794 688 1830 νομίζουσι.
706 1793 742 1821 Τὸ
761 1793 808 1828 μὲν
822 1792 876 1828 γὰρ
891 1793 923 1819 ὲκ
934 1791 994 1818 δού-

202 1842 249 1868 λου
280 1841 382 1877 πατρῆς
412 1840 617 1876 πεφυτεῦσθαι,
642 1839 898 1876 παραλιμπάνουσιν
925 1838 994 1864 εἰκό-

203 1896 267 1919 τως.
295 1887 391 1915 Πολλοὶ
405 1889 460 1922 γὰρ
474 1886 578 1913 οἰκέται
595 1885 747 1921 ἐλευθέρων
762 1882 831 1912 εἶναι
845 1884 994 1911 δοκούντων

202 1935 331 1969 ἀμείνους
345 1934 397 1960 εἰσὶ
416 1933 487 1960 κατὰ
504 1934 568 1964 τοὺς
587 1932 722 1968 τρόπους·
738 1931 788 1967 τὴν
804 1931 833 1958 δὲ
848 1931 878 1964 ἐξ
890 1930 993 1965 ἐφήϐου

203 1977 315 2012 ἀγωγὴν
331 1977 499 2009 κακίζουσιν,
509 1976 547 2008 ὡς
559 1976 653 2012 πάσης·
662 1976 762 2008 κακίας
772 1974 854 2002 οὖσαν
869 1975 973 2010 μεστήν
984 1982 992 1990 ⁸

203 2023 245 2049 διὸ
269 2022 315 2049 καὶ
344 2022 517 2058 συνηνδρὼοη
539 2022 614 2057 αὑτῷ
638 2022 692 2048 τῶν
709 2022 801 2049 κακῶν
823 2022 840 2057 ἡ
863 2021 992 2052 διάθεσις,

203 2067 251 2094 καὶ
267 2067 307 2099 είς
327 2067 383 2100 ἕξιν
409 2067 516 2103 προῦϐη
535 2068 552 2103 ἡ
582 2067 710 2103 πονηρία.
739 2067 887 2102 Ἀφέμενος
903 2067 994 2094 τοίνυν

207 2113 257 2140 τοῦ
276 2112 437 2149 θαυμάζειν,
453 2114 501 2149 τὴν
513 2114 558 2141 διὰ
570 2113 625 2140 τῶν
641 2114 748 2148 εὑαγῶν
763 2113 862 2141 σαυτοῦ
878 2121 994 2149 προσευ-

204 2160 259 2195 χῶν
292 2160 367 2195 αὐτῷ
394 2160 506 2195 χάρισαι
531 2159 698 2196 θεραπείαν·
724 2160 794 2195 τάχα
822 2169 880 2192 πως
914 2168 994 2195 μετα-

206 2205 293 2241 γνοίη.

465 2261 554 2289 rana
570 2277 605 2282 —
617 2261 734 2297 ΝΕΙΛῼ.

1048 1611 1122 1638 illum
1148 1615 1272 1637 nostrum
1294 1615 1419 1645 prompte
1436 1610 1504 1638 mala
1530 1619 1645 1647 quaeque
1666 1617 1784 1647 patrare,
1803 1620 1837 1641 ac

1047 1656 1154 1683 vinculo
1171 1651 1251 1684 veluti
1268 1655 1385 1683 infracto
1408 1656 1560 1692 colligatum
1576 1657 1603 1684 in
1619 1665 1739 1693 praeceps
1757 1658 1836 1692 ferri.

1049 1702 1166 1728 absurda
1185 1709 1299 1736 quicque
1321 1702 1527 1730 committendo.
1543 1703 1577 1730 At
1594 1703 1637 1730 alii
1662 1704 1774 1732 minime
1788 1706 1836 1733 ad-

1048 1747 1191 1780 mirantur,
1215 1744 1357 1775 credentes
1371 1748 1428 1783 jam
1453 1748 1516 1776 inde
1535 1748 1569 1775 ab
1586 1748 1699 1776 infantia
1722 1758 1836 1784 perver-

1046 1799 1090 1819 sos
1103 1791 1129 1819 in
1142 1792 1200 1820 dies
1211 1800 1301 1821 mores
1314 1794 1509 1821 accumulasse.
1521 1793 1601 1820 Patre
1615 1794 1686 1821 enim
1701 1796 1836 1830 mancipio

1047 1841 1140 1864 natum
1162 1845 1221 1866 esse
1245 1838 1342 1866 merito
1368 1843 1542 1873 prrelereunt.
1565 1837 1644 1865 Servi
1664 1840 1736 1867 enim
1760 1841 1836 1868 multi

1047 1881 1139 1910 liberis
1151 1882 1306 1911 hominibus
1325 1891 1397 1918 saepe
1411 1890 1542 1918 prmstare
1562 1885 1682 1914 moribus
1694 1887 1835 1922 reperiun-

1046 1932 1101 1955 tur.
1121 1928 1186 1963 Ejus
1200 1936 1265 1957 vero
1283 1937 1315 1957 ex
1339 1929 1451 1964 ephebis
1474 1931 1632 1959 excedentis
1647 1933 1834 1960 educationem

1046 1979 1187 2007 accusant,
1204 1979 1234 2002 ut
1249 1975 1338 2002 omnis
1353 1975 1459 2010 generis
1475 1975 1601 2003 refertam
1617 1976 1700 2004 vitiis.
1723 1977 1790 2005 llinc
1807 1983 1835 2006 et

1047 2019 1079 2046 ad
1097 2020 1200 2047 virilem
1218 2028 1304 2055 usque
1323 2026 1429 2049 aetatem
1455 2022 1583 2049 comitata
1609 2022 1766 2057 improbitas
1781 2028 1833 2056 est.

1046 2065 1168 2100 abiitque
1184 2068 1211 2094 in
1235 2067 1368 2094 habitum.
1390 2067 1482 2095 Mirari
1499 2067 1590 2103 itaque
1613 2069 1716 2102 desine,
1734 2069 1757 2096 si
1773 2077 1835 2104 prc-

1046 2111 1124 2139 cibus
1142 2119 1191 2146 pro
1204 2119 1237 2140 eo
1249 2113 1282 2140 ad
1295 2113 1378 2140 Deum
1403 2114 1470 2142 fusis
1491 2114 1580 2149 placet
1604 2113 1642 2141 illi
1667 2115 1832 2150 gratificari;

1046 2158 1162 2192 gratiam
1180 2158 1249 2186 forte
1266 2164 1326 2193 post
1343 2164 1384 2186 est
1399 2160 1550 2188 habiturus.

1265 2260 1454 2288 CDXXXV’III.
1474 2277 1508 2282 —-
1523 2261 1615 2291 NlLO.

331 2307 467 2335 Moderata
482 2307 593 2334 laudare
609 2311 708 2342 oportet
721 2327 728 2339 ,
742 2314 785 2333 nec
801 2306 921 2333 extollere
932 2305 1020 2333 nimiis
1033 2305 1166 2333 laudibus.
1179 2305 1267 2341 (Conf.
1280 2307 1355 2341 epist.
1368 2307 1431 2339 536,
1443 2307 1506 2340 557,
1524 2307 1575 2335 417
1590 2313 1615 2336 ει
1627 2309 1656 2336 ll
1666 2309 1700 2345 l.)

238 2367 269 2394 El
286 2363 334 2394 xui.
351 2367 374 2393 οί
393 2366 529 2401 φιλότιμοι
551 2366 584 2392 δι’
598 2364 717 2392 ἐπαίνων
736 2366 854 2400 μάλιστα
868 2365 993 2401 παραθή-

203 2419 296 2445 γονται
322 2411 436 2446 (διψῶσι
460 2411 514 2446 γὰρ
540 2411 658 2438 ἐπαίνων
683 2412 794 2446 μᾶλλον,
824 2411 841 2446 ἢ
865 2411 992 2445 ποτῶν),

203 2457 270 2484 ἀλλὰ
288 2457 406 2492 μετρίως
428 2457 482 2492 χρὴ
502 2457 614 2489 τούτους
630 2457 783 2490 ποιεῖσθαι,
804 2457 903 2493 καὶμὴ
923 2457 993 2491 ἄγαν

203 2499 336 2534 ὑφαίνειν.
351 2500 447 2526 Πολλοὶ
468 2500 523 2535 γὰρ
545 2501 576 2527 ἐκ
598 2501 647 2536 τῆς
662 2501 816 2536 ὑπερϐολῆς
838 2502 892 2528 τῶν
907 2503 990 2536 ἐγκων

203 2545 273 2579 μίων
289 2545 449 2578 ἐκλυθέντες
460 2565 468 2579 ,
481 2545 608 2572 ἐκλύουσι
624 2547 673 2582 τὴν
690 2548 729 2578 εἰς
739 2547 805 2584 τοὺς
823 2547 919 2579 πόνους
939 2557 992 2575 πα-

204 2592 352 2627 ρασκευήν.

203 2648 288 2676 ΥΛΘ¹.
304 2664 340 2669 ——
352 2648 681 2712 AFAGOAAlll}%lz(lnl§Al
697 2650 817 2687 ΩΦΕΑΙῼ
833 2651 992 2678 ΓΡΔΜΜΑ-

769 2733 932 2760 Mirandum
950 2734 1015 2761 utile
1030 2734 1101 2761 dulci
1116 2735 1143 2762 in
1159 2735 1275 2770 scriptis.

247 2787 355 2823 Ἐπειδὴ
375 2791 402 2815 αἱ
420 2792 566 2824 μονοειδεῖς
583 2793 692 2828 μελέται
705 2801 734 2820 τε
750 2793 796 2820 καὶ
813 2793 991 2828 παραινέσεις

204 2832 334 2861 κόπτουσι
349 2835 451 2870 τρόπον
474 2839 535 2864 τινὰ
555 2840 603 2874 τῆς
621 2840 676 2866 τῶν
699 2840 888 2876 ἀμελεστέρων
903 2841 992 2876 ψυχῆς

204 2879 238 2906 τὰ
250 2877 332 2915 νεῦρα
354 2879 439 2918 (δοκεῖ
459 2881 513 2918 γὰρ
534 2881 626 2915 αὐτοῖς
643 2885 718 2912 πᾶσα
736 2885 870 2920 μεταϐολὴ
886 2886 994 2921 σχήμα-

1077 2363 1134 2391 Etsi
1150 2364 1236 2392 laudis
1257 2365 1346 2400 cupidi
1359 2365 1443 2400 gloria
1467 2366 1636 2402 potissimum
1655 2369 1834 2396 exstimulan-

1045 2413 1090 2436 tur
1105 2410 1221 2446 (laudent
1233 2411 1381 2446 enim_plus
1396 2420 1478 2447 quam
1496 2419 1588 2449 potum
1605 2414 1723 2450 sitiunt).
1743 2415 1834 2442 mode-

1045 2460 1102 2482 rate
1125 2461 1213 2483 tamen
1238 2458 1370 2491 agendum
1396 2458 1459 2492 illis,
1482 2468 1568 2494 neque
1593 2464 1686 2488 texere
1707 2461 1831 2491 nimium.

1044 2499 1170 2536 Plerique
1184 2501 1256 2528 enim
1271 2502 1349 2529 laude
1371 2503 1484 2531 nimium
1502 2504 1565 2531 elati
1580 2504 1697 2532 laborem
1713 2505 1833 2532 vicissim

1046 2545 1268 2582 ditigentiamque
1284 2549 1439 2578 remittunt.

1045 2651 1212 2680 CDXXXIX.
1236 2667 1273 2673 -—
1297 2652 1581 2681 AGATllOD/EMONI
1612 2653 1654 2682 ET
1685 2653 1835 2683 OPllELIO

1317 2688 1567 2716 GRAMMATICIS.

1082 2793 1196 2826 Quando
1209 2794 1418 2822 declamationes
1434 2794 1654 2830 hortationcsque
1662 2795 1746 2832 689
1755 2795 1834 2822 unius

1048 2839 1119 2866 modi
1139 2846 1237 2866 nervos
1252 2839 1337 2866 animi
1363 2839 1514 2874 pratcidunt
1539 2839 1731 2874 negligentium
1754 2844 1836 2874 atque

1049 2887 1204 2921 ignavorum
1234 2887 1334 2923 (omnis
1358 2887 1430 2914 enim
1457 2886 1625 2915 schematum
1657 2885 1770 2914 variatio
1792 2886 1834 2917 iu-
