2049 3162
230 144 294 176 1583
815 149 844 178 S.
866 149 1011 179 ISIDORI
1032 148 1248 179 PELUSIOTE
1782 150 1850 184 1.586

227 205 312 233 cunda
335 205 387 234 illis
407 205 536 241 exsistit),
555 205 656 240 scripta
674 206 751 234 deoct
767 207 857 234 studio
872 207 1010 242 animique
1025 209 1046 236 A

1068 215 1104 238 τος
1119 206 1190 241 ἡδὺ),
1201 205 1252 241 χρὴ
1267 206 1300 232 τὰ
1317 206 1520 241 συγγράμματα
1534 209 1564 233 ὲκ
1585 207 1699 243 σπουδῆς
1715 209 1763 235 καὶ
1778 210 1850 244 ψυχ-

227 258 301 280 motu
326 257 487 287 temperare.
515 252 554 279 Es
577 252 660 279 animi
689 252 821 287 siquidem
844 259 918 280 motu
947 253 1013 280 nihil

1068 252 1190 287 αγωγίας
1205 252 1368 286 κεκρᾶσθαι.
1393 253 1442 278 Ἐκ
1463 253 1512 286 μὲν
1526 253 1581 288 γὰρ
1599 253 1648 289 τῆς
1671 254 1850 289 ψυχαγωγίας

226 299 338 326 studiosi
352 298 533 326 oli'enduntur.
543 298 715 333 Negligentes
731 305 793 326 vero
803 306 837 326 ex
851 300 939 326 studio
951 307 1011 326 cum

1068 299 1086 325 οἱ
1113 299 1242 333 ἐμμελεῖς
1267 298 1344 325 οὐδὲν
1366 297 1622 334 παραϐλαὸήσονται
1637 319 1644 331 ,
1671 300 1724 326 ὑπὸ
1748 300 1777 327 δὲ
1803 301 1851 335 τῆς

227 344 309 372 animi
327 349 399 377 motu
416 348 620 378 contemperato
638 343 761 371 utilitatis
779 343 922 380 plurimum
945 345 1011 372 bau-

227 391 306 418 rient.

427 445 529 473 CDXL.
547 460 582 465 -—-
601 444 804 473 THEODOSIO.

1063 345 1181 380 σπουδῆς
1203 345 1253 380 τῆς
1266 346 1299 380 τῇ
1316 344 1480 380 ψυχαγωγία
1497 346 1671 381 κεκραμένης
1689 347 1714 373 οἱ
1732 346 1770 382 μὴ
1788 347 1850 374 λίαν

1063 390 1131 427 ῥᾴθυ
1136 399 1180 425 μοι
1192 389 1422 426 ὠφεληθήσονται.

1301 445 1370 473 ΥΜ’.
1390 461 1423 465 -
1439 445 1615 482 ΘΕΟΔΟΣΙῼ.

228 495 264 522 De
277 492 377 521 Zosimi
391 493 485 520 iterum
496 494 548 520 vita
559 492 667 524 vitiosa,
677 492 794 526 precibus
804 493 891 526 itaque
905 491 957 517 Deo
968 492 1214 519 commendantium.
1228 490 1319 527 (Supr.
1330 492 1406 525 epist.
1422 491 1440 518 2
1452 495 1477 518 et
1491 491 1561 525 457;
1579 479 1674 520 similis
1689 493 1764 527 epist.
1777 479 1852 528 103.)

260 549 347 576 Audio
358 554 383 576 te
394 548 427 576 de
442 548 522 576 rebus
539 555 592 575 non
603 548 702 576 dudum
718 547 861 582 prieteritis
873 546 1010 574 Zosimum

225 603 354 623 accusare
368 615 376 629 ,
397 602 484 629 neque
498 602 530 622 es
546 593 676 629 temporis
691 593 766 628 lapsu
782 593 1010 628 opportunitatem

225 647 358 676 quatere,
371 645 401 667 ut
419 640 486 667 falso
500 646 624 667 accuses.
644 639 732 667 [labes
745 639 816 666 enim
834 639 859 665 in
874 642 1008 673 promptu.

225 695 284 722 qua:
311 686 434 722 proferas
461 690 546 721 gesta.
578 684 679 712 Verum
703 692 755 712 non
774 689 828 711 tam
857 684 1011 712 accusando

227 734 345 768 linguam
369 732 396 760 in
411 739 472 759 eum
497 731 576 759 decet
592 738 742 762 exacuere,
765 738 846 766 quam
873 730 900 757 in
915 737 947 757 eo
962 730 1010 757 de-

226 779 370 814 plorando,
391 782 419 805 ct
440 777 523 805 Deum
550 784 600 812 pro
624 777 670 804 illo
695 776 863 811 deprecando
889 781 1012 811 satagere

225 825 361 852 convenit.
388 824 537 851 Accusatus
556 823 628 850 enim
647 823 679 850 ad
703 823 820 856 malum,
843 827 873 850 ut
887 827 1009 858 apparet,

226 869 383 898 incitabitur
403 869 488 904 magis
501 878 508 896 :
525 868 680 903 deploratus
693 875 758 896 vero
771 869 864 904 pedem
882 868 951 896 forte
966 876 1010 896 re-

227 917 306 944 teret.

461 971 575 1000 CDXLI.
591 986 626 991 —
643 970 781 999 ZOSIMO.

1099 545 1164 575 Οἶδα
1181 548 1230 583 μὲν
1244 547 1274 580 ἐξ
1287 544 1324 575 ὧν
1337 547 1439 581 ἀκούω,
1455 548 1492 580 ὠς
1508 548 1557 584 οὐχ
1569 547 1639 584 ὑπὲρ
1654 549 1715 576 λίαν
1729 549 1853 585 ἀρχαίων

1065 594 1235 630 πραγμάτων
1255 595 1351 629 λέγων,
1375 594 1461 626 ἀδεῶς
1485 595 1617 630 πρᾶττεις
1636 595 1684 631 τὴν
1709 596 1779 623 κατά
1802 597 1850 623 τοῦ

1065 639 1157 666 ἀθλίου
1184 639 1309 674 Ζωσίμου
1348 639 1537 675 κατηγορίαν,
1566 642 1770 678 συναγωνιστὴν
1801 643 1853 669 οὐκ

1066 685 1136 720 ἔχων
1153 686 1192 717 εἰς
1208 685 1385 720 ψευδολογίαν
1410 685 1456 712 τὸν
1479 686 1594 721 χρόνον*
1612 686 1683 712 αὐτὰ
1707 687 1761 722 γὰρ
1780 687 1853 722 ἔχεις

1067 730 1259 766 μαρτυροῦντα
1272 731 1306 757 τὰ
1321 731 1484 766 πράγματα.
1508 731 1589 758 Ἀλλά
1605 731 1658 768 χρὴ
1673 731 1710 767 μὴ
1723 732 1853 759 τοσοῦτον

1064 776 1113 812 τὴν
1131 776 1255 811 γλῶτταν
1271 776 1394 808 ὁπλίζειν
1411 777 1450 808 εἰς
1469 776 1519 811 τὴν
1546 777 1607 803 κατ’
1634 777 1715 804 αὐτοῦ
1733 786 1854 814 κατηγο-

1066 822 1136 859 ρίαν,
1151 823 1212 850 ὅσον
1233 823 1272 854 είς
1287 824 1350 854 τοὺς
1364 823 1403 854 εἰς
1416 822 1496 849 αὑτὸν
1509 822 1624 858 θρήνους
1639 823 1686 849 καὶ
1705 823 1754 854 τὰς
1768 832 1853 858 προσ-

1063 868 1155 903 ευχάς.
1180 868 1426 903 Κατηγοροὺμενος
1440 868 1504 902 γὰρ.
1526 868 1608 894 πλέον
1633 869 1673 900 εἰς
1687 869 1796 900 κακίαν,
1815 869 1853 900 ὡς

1064 915 1162 947 ἔοικεν,
1177 914 1329 950 ἐρεθίζεται
1342 922 1349 929 ⁸
1363 913 1546 949 θρηνούμενος
1561 914 1600 946 δὲ,
1619 915 1683 946 ἴσως
1696 915 1851 949 ἀνενέγκοι,

1311 970 1402 997 ΥΜΑν.
1415 985 1448 990 -
1463 970 1599 1006 ΖΩΣΙΜῼ.

628 1015 750 1044 Gentium
767 1025 852 1044 mores
867 1024 926 1047 enm
942 1017 1038 1044 nostris
1059 1015 1160 1043 collati.
1180 1014 1268 1051 (Conf.
1286 1015 1360 1049 epist.
1376 1014 1449 1048 164.)

263 1074 338 1102 Multi
359 1074 429 1109 apud
442 1074 552 1102 Greecos
570 1074 702 1109 gentiles,
726 1075 797 1102 bone
816 1074 866 1106 vir,
882 1074 1008 1101 virtutem

1098 1071 1195 1098 Πολλοὶ
1212 1071 1272 1106 μὲν,
1290 1067 1312 1097 ὦ
1328 1071 1461 1105 βέλτιστε,
1479 1072 1544 1107 παρ’
1562 1071 1676 1107 Ἕλλησι
1691 1072 1740 1107 τὴν
1754 1071 1855 1108 ἠθικὴν

230 1127 332 1147 murum
353 1119 448 1147 sectati
461 1123 534 1146 sunt.
564 1118 592 1146 Si
605 1126 669 1146 vero
686 1119 781 1154 ignave
795 1125 876 1154 agere
892 1118 1008 1153 patrium

1068 1117 1287 1153 κατορθώσαντες
1303 1117 1403 1153 ἀρετὴν
1426 1118 1533 1154 ᾅδονται
1548 1126 1554 1132 ·
1571 1119 1594 1144 εἰ
1608 1118 1637 1145 δὲ
1657 1118 1705 1145 καὶ
1724 1119 1754 1145 τὺ
1772 1118 1856 1154 ρᾳθυ-

229 1166 282 1192 ίίιὶς
295 1166 476 1200 usitatumque
496 1169 572 1198 erat,
589 1173 622 1193 ne
643 1166 684 1192 sic
697 1164 806 1200 quidem
827 1171 876 1192 nos
888 1163 1014 1192 convenit

1070 1165 1130 1200 μεῖν
1147 1163 1264 1195 ἐκείνοις
1288 1164 1404 1198 πάτριον
1426 1164 1474 1191 καὶ
1498 1164 1612 1200 σύνηθες
1628 1162 1673 1200 ἧν,
1697 1164 1752 1191 οὐδ’
1767 1165 1855 1197 οὓτως

229 1212 336 1238 virtutis
353 1212 533 1239 intermittere
544 1211 674 1239 studium.
692 1210 760 1238 Nam
776 1211 946 1239 intervallum
959 1218 1012 1247 quo

1068 1209 1136 1245 ἡμᾶς
1161 1209 1303 1244 προσῆκεν
1327 1209 1376 1244 τὴν
1403 1209 1468 1245 περὶ
1490 1209 1540 1245 τὴν
1565 1209 1667 1245 ἀρετὴν
1693 1211 1854 1246 ἐπιμέλειαν

229 1258 289 1286 illos
303 1265 462 1293 superamus
475 1258 582 1286 veniam
601 1264 653 1284 non
670 1257 803 1284 concedit.

1068 1254 1203 1291 προέσθαι.
1220 1254 1256 1280 Τὺ
1271 1254 1325 1289 γὰρ
1340 1254 1420 1289 μέσον
1436 1255 1502 1290 ἡμῖν
1517 1255 1585 1290 πρὸς
1596 1256 1717 1287 ἐκείνους
1729 1256 1779 1282 οὐχ
1803 1256 1856 1282 ὀλί-

1061 1310 1108 1336 γον
1128 1301 1249 1336 ὑπάρχον
1269 1301 1425 1335 ἀφαιρεῖται
1437 1301 1486 1336 τὴν
1507 1300 1683 1336 συγγνώμην.

348 1358 474 1388 CDXLll.
491 1374 526 1379 —
546 1358 699 1387 MACABIO
717 1357 894 1386 EPlSCOl‘O.

1195 1357 1286 1384 )‘MB’.
1304 1372 1335 1377 ——
1365 1358 1524 1393 ΜΛΚΔΡΙῼ
1543 1358 1731 1394 ΕΠΙΣΚΟΠῼ.

636 1406 735 1433 Orator
750 1414 801 1433 non
817 1414 916 1441 seraper
933 1406 1082 1440 persuadet.
1101 1404 1158 1440 (Sic
1171 1407 1245 1439 epist.
1264 1405 1314 1431 {20
1328 1411 1350 1432 et
1367 1405 1439 1440 547.)

264 1473 292 1501 Si
309 1473 407 1502 talibus
417 1480 464 1500 usa
478 1473 570 1501 verbis
580 1473 678 1505 oratio,
695 1480 753 1507 qua:
766 1473 849 1500 etiam
865 1471 1011 1499 inanitnem
1028 1491 1049 1519 c

229 1518 336 1545 ﬂectere
353 1521 478 1544 naturam
499 1517 595 1544 merito
611 1522 707 1551 queat,
724 1516 920 1551 implacabilem
940 1517 1012 1543 illam
1032 1516 1049 1519 ’

1070 1517 1120 1552 τὴν
1132 1517 1235 1551 ἄψυχον
1257 1517 1336 1549 φύσιν
1358 1516 1469 1548 εἰκότως
1485 1516 1517 1544 ἂν
1542 1517 1681 1552 ἔκαμψαν,
1697 1516 1749 1543 οὐκ
1763 1516 1854 1543 ἔπεισι

229 1564 312 1589 feram
335 1562 362 1589 in
384 1561 501 1596 seipsam
523 1561 679 1589 satvientem
697 1561 818 1588 emollire
843 1569 894 1588 non
913 1562 1010 1595 potuit,

1068 1563 1096 1590 τδ
1113 1562 1273 1597 ἀμείλικτον
1297 1564 1386 1589 ἐκεῖνο
1405 1562 1499 1598 θηρίον
1516 1562 1546 1589 τὺ
1565 1563 1626 1590 κατ’
1643 1563 1726 1590 αὑτοῦ
1747 1563 1856 1589 ὲπιλυτ-

228 1608 345 1636 ostendit
364 1612 466 1643 aperte,
490 1608 561 1643 quod
589 1607 669 1635 ﬁdem
686 1607 786 1641 facere,
806 1612 851 1635 aut
878 1615 929 1635 non
950 1615 1011 1642 pcr-

1068 1608 1170 1643 τῆσανο
1187 1607 1270 1640 ἔδειξε
1285 1608 1419 1644 λαμπρῶς
1433 1630 1439 1642 ,
1458 1609 1499 1635 ὅτι
1514 1609 1545 1635 τὸ
1566 1610 1712 1645 πεισθῆναι
1735 1609 1781 1636 καὶ
1797 1609 1834 1644 μὴ
1845 1629 1852 1638 .

228 1654 351 1685 studere,
367 1653 403 1681 sit
425 1652 452 1680 in
467 1652 601 1681 auditoris
625 1657 769 1688 porestate,
786 1658 896 1688 propter
909 1653 1013 1680 arbitrii

1068 1654 1122 1681 τῶν
1143 1654 1295 1681 ἀκουόντων
1319 1655 1377 1681 ἐστὶ
1390 1675 1397 1687 ,
1422 1655 1466 1681 διὰ
1482 1654 1526 1681 τὸν
1546 1656 1595 1689 τῆς
1618 1655 1854 1689 αὖτεξουσιότητος

1105 1473 1136 1499 Et
1160 1471 1290 1503 τοιούτοις
1310 1472 1482 1507 χρησάμενος
1501 1471 1592 1506 λόγοις
1607 1472 1620 1497 6
1639 1472 1734 1505 λόγος,
1756 1471 1782 1497 οἳ
1808 1472 1855 1498 καὶ

229 1699 391 1730 libertatem,
407 1698 443 1726 ob
460 1705 541 1732 quam
556 1698 643 1726 oratio
657 1698 758 1732 judicio
771 1704 811 1726 est
828 1699 916 1733 digna.

422 1764 560 1792 CDXLIII.
576 1780 611 1784 —
631 1764 822 1793 MARTYRIO.

1069 1701 1142 1736 ὅρον,
1157 1701 1190 1727 δι’
1206 1701 1234 1727 ὂν
1250 1701 1297 1728 καὶ
1315 1702 1328 1728 6
1343 1702 1392 1736 τῆς
1407 1701 1524 1736 κρίσεως
1540 1702 1680 1735 ἀξιόλογός
1694 1702 1751 1728 ἐστι
1765 1701 1852 1733 λόγος.

1291 1766 1381 1794 ΥΜΓ.
1391 1781 1425 1786 --
1442 1767 1630 1801 ΜΛΡΤΥΡΙῼ.

456 1809 568 1837 Animus
585 1811 719 1838 instabiiis
734 1817 844 1846 utraque
862 1817 932 1839 sorte
950 1817 1077 1846 movetur,
1090 1813 1194 1846 sapiens
1211 1820 1262 1839 non
1279 1812 1349 1840 item.
1365 1812 1446 1847 (Vide
1461 1813 1538 1846 epist.
1552 1813 1627 1846 603.)

265 1867 376 1895 Incerta:
397 1867 459 1895 ﬁdei
481 1872 508 1896 et
534 1867 673 1896 instabiles
700 1869 822 1896 homines
840 1869 967 1903 gaudium
988 1873 1015 1895 ct

229 1913 305 1940 dolor
323 1919 339 1940 a
354 1912 460 1940 decenti
480 1913 620 1940 dimovent
644 1919 729 1940 statu.
750 1913 883 1941 Gaudium
906 1914 1014 1948 quidem

229 1958 287 1984 alas
304 1957 424 1989 addens,
444 1963 476 1984 ac
492 1957 573 1984 veluti
589 1957 750 1985 debaccltari
775 1959 912 1990 suadens;
937 1958 1016 1986 dolor

230 2010 293 2030 vero
306 2009 335 2029 se
349 2002 494 2030 demittere
509 2002 735 2038 formidoloseque
747 2011 827 2038 agere
839 2005 920 2039 cogit.
941 2004 1014 2030 Con-

229 2052 331 2076 stantes
344 2055 408 2075 vero
427 2048 551 2082 beneque
572 2048 707 2076 stabilitas
728 2056 760 2076 ac
787 2050 933 2084 prudentes
947 2049 1015 2076 niltil

231 2096 324 2122 horum
339 2101 354 2121 a
367 2094 465 2122 decoro
475 2095 605 2122 dimovet.
625 2095 709 2129 llujus
720 2096 791 2123 enim
805 2097 1014 2124 exsultationem

231 2140 423 2174 lasciviamque
437 2140 592 2176 comprimit
603 2161 610 2172 ,
640 2145 770 2176 tauquam
786 2143 918 2170 rationem
935 2142 1015 2169 intel-

1106 1870 1175 1902 Τοὺς
1192 1870 1242 1905 μὲν
1254 1870 1430 1906 εὒριπίστους
1444 1871 1491 1897 χαί
1501 1870 1648 1902 ἀϐεϐαίους
1665 1871 1712 1897 καὶ
1725 1870 1798 1906 χαρὰ
1810 1871 1856 1897 καὶ

1069 1915 1141 1951 λύπη
1155 1917 1204 1950 τῆς
1225 1916 1383 1952 πρεπούσης
1405 1918 1601 1947 καταστάσεως
1622 1917 1853 1949 ἐξακοντίζουσιν·

1069 1963 1086 1997 ἡ
1104 1962 1152 1996 μὲν
1179 1962 1316 1997 πτεροῦσα
1341 1963 1388 1989 καὶ
1415 1964 1552 1998 παροινεῖν
1575 1964 1780 1994 ἀναπείθουσα,
1799 1965 1815 1998 ἠ
1830 1964 1856 1990 δὲ

1070 2007 1236 2034 ταπεινοῦσα
1249 2007 1296 2034 καὶ
1309 2007 1448 2042 ψοςεοδεείς
1464 2009 1724 2042 παρασκευάζουσα.
1745 2010 1812 2040 Τοῦς
1830 2009 1858 2036 δὲ

1071 2053 1196 2087 βεσαίους
1209 2054 1257 2080 καὶ
1270 2055 1480 2090 ἐρηρεισμένους
1490 2075 1497 2086 ,
1511 2057 1557 2082 καὶ
1569 2056 1690 2090 κρηπῖδα
1704 2057 1859 2092 φρονήςεως

1071 2099 1193 2135 ἔχοντας,
1221 2100 1276 2127 οὐδ’
1295 2101 1413 2136 ὁποτέρα
1427 2101 1529 2128 τούτων
1548 2101 1595 2129 τοῦ
1617 2103 1803 2137 προσήκοντος
1817 2102 1860 2134 ὲξ-

1073 2146 1174 2182 ίστησι.
1197 2147 1252 2182 Τῆς
1267 2147 1315 2182 μὲν
1328 2148 1382 2183 γὰρ
1396 2148 1607 2175 καταστέλλουσι
1622 2148 1658 2175 τὰ
1674 2149 1858 2183 σκιρτήματα,

233 2186 317 2213 lectus
333 2185 410 2213 freno
423 2187 552 2221 regendo.
573 2185 622 2214 lllo
634 2195 699 2214 vero
710 2187 863 2221 superiores
878 2187 1017 2222 reperiun-
1035 2189 1049 2216 [ἶ

1071 2192 1196 2228 καθάπερ
1212 2193 1313 2228 χαλινῷ
1329 2202 1383 2220 τινι
1407 2194 1446 2228 τῷ
1465 2194 1590 2229 λογισμῷ
1608 2194 1837 2229 ἀνασειράζοντες
1849 2201 1856 2207 ·

233 2237 286 2264 tur,
301 2232 430 2266 quidquid
444 2233 616 2260 immodicum
633 2233 659 2260 in
675 2232 720 2260 illo
734 2233 904 2268 castigando.

321 2334 404 2370 690
428 2333 565 2362 CDXLIV.
585 2350 619 2355 ——
639 2334 935 2362 AGATHODEMONI.

1070 2238 1118 2272 τῆς
1131 2237 1160 2264 δὲ
1177 2238 1331 2273 κρείττονες
1353 2238 1542 2274 εὑρίσκονται,
1559 2239 1608 2275 τὴν
1623 2240 1760 2275 ἀμετρίαν
1774 2239 1856 2273 αὐτῆς

1069 2282 1237 2314 κολάζοντες.

1254 2338 1337 2366 ΥΜΔ’.
1352 2354 1387 2360 -—
1403 2340 1670 2368 ΛΓΑΘΟΔΜΜΟΝΙ.

237 2382 271 2408 De
289 2381 373 2408 tribus
395 2381 499 2407 dicendi
515 2382 663 2415 generibus,
686 2390 797 2414 summa,
821 2382 905 2421 medio
920 2382 1070 2422 ent‘i_mon,_e_x
1091 2383 1217 2422 "ornere,
1235 2386 1316 2422 pilam
1341 2386 1458 2414 oratione
1478 2387 1563 2422 magis
1581 2387 1750 2421 persuadere.
1770 2385 1857 2421 (Conf.

828 2418 904 2450 epist.
921 2417 985 2449 eis,
1005 2418 1060 2445 253
1077 2425 1100 2446 et
1115 2419 1178 2450 eos,
1195 2419 1268 2454 503.)

267 2486 373 2514 Novum
385 2485 450 2520 quid
467 2484 603 2519 spectavi,
622 2485 694 2519 quod
719 2493 769 2512 non
785 2486 862 2514 facile
880 2487 940 2522 quis
955 2494 1018 2522 per-

231 2531 329 2566 cipiat,
349 2529 401 2557 nisi
424 2536 481 2556 rem
497 2533 624 2555 accurate
640 2529 760 2557 edoctus.
786 2530 824 2557 De
840 2531 927 2559 tribus
943 2532 1017 2559 enim

231 2575 325 2602 amicis
339 2574 373 2601 ad
395 2581 477 2600 unum
489 2573 628 2600 advocatis
647 2574 782 2608 negotium
794 2594 802 2606 ,
817 2575 862 2609 qui
879 2576 911 2601 ad
924 2576 1017 2603 dicen-

230 2624 293 2648 dum
310 2620 467 2655 aptissimus
484 2623 555 2652 erat,
577 2619 691 2648 dicendo
707 2620 818 2647 offendit
834 2629 840 2647 :
867 2622 911 2656 qui
928 2622 1017 2650 minus

231 2669 320 2700 aptus,
337 2665 442 2692 animos
454 2665 596 2698 demulsit,
616 2670 644 2692 at
668 2666 763 2692 tertius
776 2666 880 2693 dicendi
904 2667 1014 2702 imperi-

231 2717 288 2742 tus,
318 2709 468 2744 persuasit,
507 2714 665 2745 tantumque
694 2710 818 2737 indoctus
843 2711 887 2739 hic
916 2713 1013 2746 potuit,

230 2759 359 2789 quantum
377 2762 430 2782 non
445 2763 567 2783 summus
581 2755 635 2783 ille.
663 2755 894 2789 Eloquentissinto
907 2758 1014 2791 accidit,

231 2805 360 2835 quantum
378 2801 568 2830 indoctiSSimo
584 2802 694 2830 evenire
711 2810 760 2836 par
776 2808 844 2831 erat.
875 2803 909 2831 Ut
931 2804 1016 2832 inter-

232 2851 340 2883 rogatus
354 2848 479 2882 quidam,
499 2848 531 2876 ad
546 2855 624 2883 quem
643 2847 804 2884 legationem
827 2847 920 2882 ferret,
941 2850 1015 2878 dice-

1107 2487 1273 2523 Καινότερὸν
1292 2496 1319 2515 τι
1336 2489 1480 2525 τεθέαμαι,
1497 2490 1570 2517 ὅοὺκ
1584 2490 1617 2517 ἀν
1629 2499 1673 2522 τις
1691 2490 1792 2526 ῥᾳδίως
1812 2497 1859 2515 κα·

1071 2532 1222 2567 ταδέξοιτο,
1241 2533 1278 2568 μὴ
1289 2535 1410 2569 ἀκρισῶς
1420 2536 1449 2562 τὸ
1463 2536 1578 2571 πρᾶγμα
1595 2536 1758 2571 πυθόμενος.
1771 2535 1858 2570 Τριῶν

1072 2577 1127 2612 γὰρ
1139 2577 1207 2613 ὁμοῦ
1228 2579 1312 2614 φίλων
1325 2581 1389 2616 περὶ
1401 2580 1460 2612 ἑνὸς
1476 2581 1712 2616 παρακαλούντων
1727 2582 1858 2616 πράγμα-

1071 2632 1117 2654 τος
1128 2644 1135 2656 ,
1155 2625 1169 2650 6
1185 2625 1235 2659 μὲν
1251 2625 1403 2658 δεινότατος
1423 2627 1656 2662 προσπαρώξυνεν
1669 2649 1676 2660 ,
1699 2629 1714 2654 6
1734 2628 1762 2654 δὲ
1780 2625 1859 2663 ἦττον

1069 2670 1155 2702 δεινὸς
1173 2671 1322 2705 ὲπράῦνεν·
1339 2672 1353 2698 6
1373 2672 1402 2698 δὲ
1419 2672 1565 2708 ἠμεληκὼς
1579 2674 1627 2700 τοῦ
1649 2674 1740 2708 λέγειν
1755 2674 1858 2700 ἔπεισε.

1069 2716 1125 2742 Καὶ
1136 2716 1256 2752 ἠδυνήθη
1270 2717 1319 2751 μὲν
1335 2718 1348 2744 6
1361 2719 1470 2753 ἀμαθὴς
1483 2719 1621 2754 τοςοῧτον,
1640 2721 1703 2747 ὅσον
1715 2721 1801 2756 ἐχρῆν
1816 2720 1856 2744 τὸν

1069 2761 1221 2788 δεινότατον
1232 2769 1239 2777 ³
1262 2762 1347 2789 ἔπαθε
1364 2763 1392 2790 δὲ
1405 2764 1419 2790 6
1440 2765 1672 2800 ρητορικώτατος,
1688 2767 1756 2799 amp
1775 2764 1855 2799 ἐχρῆν

1069 2808 1115 2836 τὸν
1139 2809 1339 2843 ἀμαθέστατον.
1361 2811 1406 2843 Ὠς
1430 2811 1457 2837 δὲ
1473 2812 1600 2846 ὴρωτᾶτο
1623 2812 1746 2843 εκεῖνος,
1766 2809 1788 2845 ᾧ
1807 2811 1855 2846 τὴν

1071 2853 1219 2888 πρεσΰείαν
1236 2855 1414 2891 προσέφερον,
1434 2856 1496 2889 εφη,
1515 2865 1524 2880 t
1543 2855 1582 2890 τῷ
1597 2856 1692 2892 τρόπῳ
1703 2857 1756 2884 τῶν
1770 2865 1854 2893 παρ-ι-
