2049 3162
189 229 257 262 1585

605 226 874 256 EPISTOLARUM
893 225 967 256 LIB.
988 226 1022 256 V.
1048 238 1072 243 —
1090 225 1209 256 EPIST.
1224 226 1406 258 CDXLVIII.

1760 226 1827 258 1586

189 285 345 314 καλούντων
361 283 418 320 (56)
437 283 642 320 προεσχηκέναι
662 283 729 319 (57),
745 284 774 310 οὺ
786 283 825 319 τῷ
839 283 911 319 λόγῳ
921 291 928 299 ·
942 284 976 318 τῇ
994 284 1013 312 Α

1041 286 1082 316 'et,
1108 292 1118 308 ι
1133 283 1177 310 hic
1192 290 1282 310 mores
1296 283 1444 310 dicentium
1460 283 1619 317 observari,
1639 291 1692 311 non
1715 283 1820 312 oratio-

188 331 311 366 πολιτείᾳ
333 329 489 362 πεπεῖσθαι,
513 330 543 356 οὺ
568 330 601 364 τῇ
626 329 786 365 εὐγλωττιᾳ.
803 329 833 356 Εἰ
847 328 937 356 τοίνυν
953 329 967 355 ὁ

191 379 249 414 βίος
261 377 309 404 τοῦ
325 377 406 411 λόγου
423 376 607 412 περιγίνεται,
620 376 669 403 καὶ
684 377 701 412 ἡ
716 376 813 412 γνώμη
826 375 876 411 τῆς
892 375 980 411 γλώτ-

189 433 254 460 της,
270 423 380 458 πρῶτον
393 423 442 458 τὴν
457 422 581 458 γνώμην,
600 420 660 449 εἶτα
677 421 725 458 τὴν
739 422 864 456 γλῶτταν
877 430 981 456 κοσμη-

189 470 253 497 τέον
264 477 270 484 ”
283 469 344 496 εἰδὲ
355 469 480 500 ἀπιστεῖς
493 467 578 495 ταῦτα
593 468 769 502 γεγενῆσθαι,
784 467 824 500 είς
833 466 882 503 τὴν
899 467 982 502 Ὁμη-

192 514 272 551 ρικὴν
287 513 445 550 πρεσϐείαν,
459 513 491 547 ἢν
503 513 546 540 ἀεὶ
563 513 608 539 ἐπὶ
628 512 749 548 γλώττης
762 513 844 548 ἔχεις,
861 512 907 538 τὸν
921 511 983 538 νοῦν

191 558 377 594 παράπεμψον
389 565 395 572 ·
411 557 475 584 ἔνθα
495 558 508 583 ὁ
524 558 573 592 μὲν
594 557 747 592 ἰοακήσιος
768 557 920 589 δεινότατος
933 556 982 589 ὢν,

192 604 272 631 πλέον
293 603 437 639 παρώξυνε
455 603 502 630 τὸν
523 603 644 636 Πηλέως.
663 603 693 630 '0
709 603 737 630 δὲ
758 601 838 639 ἦττον
857 603 953 636 δεινὸς,
969 604 983 630 ὁ

192 648 367 683 παιδαγωγός
381 657 464 683 φημι,
484 647 687 683 κατεπράϋνεν.
707 647 737 674 '0
752 648 780 674 δὲ
799 647 982 683 Τελαμώνιος,

192 697 206 722 ὁ
217 695 278 722 λίαν
292 693 439 730 ἠμεληκὼς
454 694 500 720 τοῦ
516 693 618 728 λέγειν,
639 693 732 720 ἔπεισε
747 702 753 709 ’
779 694 826 721 καὶ
840 694 983 729 δεδύνηται

195 741 244 777 μὲν
260 742 274 767 ὁ
286 739 460 775 Τελαμώνιος
471 740 609 773 τοσοῦτον,
621 741 682 767 ὅσον
696 739 779 775 ἐχρῆν
795 740 840 766 τὸν
852 739 982 775 Λαέρτου·

193 785 280 813 ἔπαθε
296 785 325 812 δὲ
338 781 431 819 οὗτος,
448 785 517 821 ὅπερ
537 785 620 822 ἐχρῆν
638 785 752 812 ἐκεῖνον.

311 934 401 962 ΥΜΕ’.
419 949 453 955 ——
474 933 600 970 ΖΩΣΙΜῼ
617 933 852 970 ΠΡΕΣΒΥΤΕΡῼ.

1035 336 1117 362 nem;
1133 338 1142 354 ι
1162 329 1255 364 politia
1274 329 1464 365 institutoque
1486 331 1547 358 vitae
1569 331 1725 366 persuaderi
1738 352 1747 364 ,
1772 338 1826 358 non

1034 373 1201 408 eloquentia.
1233 373 1415 407 Quamobrem
1441 374 1462 402 si
1479 375 1597 403 orationi
1618 376 1674 403 vita
1703 380 1827 410 praestat,

1036 420 1118 448 etiam
1139 427 1214 448 mens
1230 419 1329 455 lingua:
1347 421 1501 455 antecellit,
1523 429 1600 449 mens
1618 422 1708 456 itaque
1728 421 1827 456 primo,

1037 466 1135 494 dehinc
1150 465 1241 501 lingua
1258 469 1300 492 est
1316 466 1487 493 exornanda.
1520 466 1598 500 Quod
1623 467 1646 494 si
1673 467 1700 494 id
1727 466 1826 493 factum

1038 519 1098 539 esse
1115 512 1239 547 negabis,
1263 510 1435 539 Homericam
1453 511 1634 547 legationem,
1648 520 1728 547 quam
1751 517 1778 540 et
1801 513 1827 539 in

1037 566 1085 586 ore
1097 558 1366 593 semperhabes,‘in
1393 558 1551 585 memoriam
1565 565 1673 587 revoca.
1693 558 1731 586 lbi
1754 559 1828 586 enim

1038 605 1149 641 Ulysses
1178 605 1345 636 Ithacensis,
1375 604 1616 639 eloquentissimus
1648 612 1708 632 cum
1742 609 1826 636 esset,

1036 650 1152 686 amplius
1177 650 1302 678 incitavit
1330 649 1402 677 Pelei
1425 649 1509 677 lilium
1525 649 1668 679 Achillem.
1703 649 1750 676 llic
1764 657 1829 677 vero

1035 697 1124 724 minus
1136 697 1292 729 vehemens,
1310 696 1469 730 paedagogus
1495 696 1620 731 inquam,
1634 695 1753 724 sedatior
1769 695 1828 722 fuit.

1035 741 1191 770 Telamonis
1200 750 1263 770 vero
1277 742 1349 770 Illius
1360 741 1439 776 Ajax,
1456 742 1501 776 qui
1514 741 1630 769 dicendo
1642 741 1751 768 infimus
1767 740 1825 771 fuit.

1035 788 1174 824 persuasit
1187 797 1194 815 :
1211 788 1350 824 potuitque
1362 787 1430 823 Ajax
1439 786 1614 815 Telamonius
1630 791 1734 814 tantum
1746 793 1829 821 quan-

1037 839 1093 862 tutn
1107 834 1214 862 Laertis
1227 833 1312 862 liliutn
1327 833 1450 869 Ulyssem
1467 833 1618 869 oportebat.
1639 833 1679 860 llli
1692 841 1758 860 vero
1770 836 1830 860 tan-

1038 886 1094 908 tum
1106 881 1216 913 accidit,
1232 885 1362 916 quantum
1379 880 1451 907 hunc
1467 880 1589 914 perferre
1604 887 1654 914 par
1669 884 1738 906 erat.

1137 935 1266 965 CDXLV.
1285 951 1322 956 —
1341 935 1467 963 ZOSIMO
1484 934 1724 963 PRESBYTERO.

200 982 330 1010 Virtutem
343 982 479 1010 colendum
506 987 641 1015 portatur,
655 990 736 1017 quam
754 983 886 1018 proposita
896 981 980 1018 etiam
1013 991 1070 1011 tgna
1089 993 1118 1011 se
1139 985 1236 1011 sectari
1258 983 1337 1011 matle
1351 987 1472 1016 testatur,
1491 990 1570 1018 quam
1588 982 1678 1010 vitium
1693 983 1831 1017 proposito

679 1017 797 1052 prwmio.
817 1015 935 1052 (Confer.
956 1017 1002 1045 lib.
1016 1027 1047 1052 ll,
1063 1020 1139 1054 epist.
1154 1019 1207 1046 240
1220 1023 1244 1046 et
1260 1018 1337 1054 2‘25.)

226 1083 282 1119 Τὴν
302 1083 422 1119 ἐμαυτοῦ
447 1082 562 1118 γνώμην
580 1082 674 1118 σαφῶς
690 1084 778 1110 εἰπεῖν
796 1082 938 1117 βούλομαι.
955 1082 986 1108 Ei

193 1130 221 1157 δέ
234 1139 276 1162 τις
286 1129 477 1166 ὑπερὸολικῶς
495 1129 623 1165 εἰρῆσθαι
639 1129 710 1162 δόξει
722 1150 728 1160 ,
740 1129 863 1156 δοκείτω.
880 1129 912 1155 Οί
932 1129 987 1164 γὰρ

193 1177 244 1210 τῆς
256 1177 355 1212 ἀρετῆς
371 1176 487 1212 ἐρασταὶ
511 1176 720 1211 μαρτυρήσουσι
733 1175 772 1210 τῷ
797 1174 985 1210 ῥηθησομένῳ.

193 1222 267 1258 Φημὶ
287 1222 378 1250 τοίνυν
388 1242 396 1254 ,
410 1222 435 1248 ει
453 1221 502 1256 μὲν
513 1222 547 1257 τῇ
558 1222 643 1257 ἀρετῇ
656 1220 789 1256 τιμωρία,
805 1222 838 1256 τῇ
860 1220 888 1247 δὲ
903 1220 988 1256 κακίᾳ

195 1268 325 1302 στέφανος
345 1267 488 1301 ἀπέκειτο,
504 1267 591 1303 ἥδιστ’
609 1267 642 1294 ἂν
662 1267 739 1302 δίκην
754 1266 858 1293 δέδωκα
875 1266 988 1302 φιλάρε-

194 1323 240 1346 τος
255 1313 304 1347 ὢν,
329 1314 346 1350 ἢ
371 1313 506 1348 ὲστέφθην
527 1312 628 1344 κακίας
645 1311 682 1338 ὢν
705 1312 837 1348 ἐραστής.
858 1311 952 1343 οὕτως
973 1312 989 1346 ἡ

197 1362 245 1397 μὲν
259 1360 343 1388 κακία
355 1380 362 1393 ,
379 1360 431 1387 xiv
454 1359 588 1394 στέφανον
605 1358 764 1394 προξενοίη,
781 1358 872 1394 πάσης
885 1367 930 1394 μοι
947 1367 988 1384 τι-

198 1407 304 1443 μωρίας
318 1406 393 1433 δοκεί
405 1405 587 1441 χαλεπωτέρα
599 1403 679 1432 εἶναι.
699 1404 731 1431 'H
741 1405 770 1431 δὲ
786 1404 872 1440 ἀρετὴ
887 1404 987 1439 τιμαλ-

197 1453 333 1488 φεστέρα,
363 1452 417 1479 κᾶν
449 1451 586 1487 τιμωρίας
607 1451 645 1487 μὴ
661 1451 799 1487 ἀμοιροίη.
823 1451 854 1477 Ἡ
871 1451 919 1486 μὲν
943 1448 990 1477 οὖν

196 1498 330 1534 εἰρημένη
348 1507 392 1534 μοι
403 1498 450 1534 ἥδε
463 1497 612 1533 ὑπερϐολὴ,
624 1497 662 1529 ὡς
681 1497 760 1532 φαῖέν
772 1506 854 1530 τινες,
869 1494 920 1524 ὦδε
933 1497 990 1532 ἔχει

197 1543 244 1570 καὶ
256 1543 316 1575 ἃλις
331 1542 427 1578 ἐχέτω.
444 1543 475 1570 Εἰ
487 1542 515 1569 δὲ
528 1543 576 1569 καὶ
586 1543 695 1574 πάντως
709 1544 742 1578 τῇ
763 1542 814 1577 μὲν
829 1543 913 1578 ἀρετῇ
932 1542 992 1570 στέ-

198 1599 282 1624 φανος
293 1610 301 1622 ,
331 1590 406 1626 τῇδὲ
425 1590 510 1624 κακίᾳ
527 1589 647 1625 τιμωρία
671 1589 833 1621 ἀπόκειται,
845 1589 871 1615 τί
884 1590 942 1616 ἐστι
962 1589 993 1616 τδ

198 1636 295 1662 πεῖσάν
309 1645 339 1663 σε
355 1637 396 1667 εἰς
407 1635 454 1662 τὸν
467 1635 596 1671 πυθμένα
608 1636 657 1670 τῆς
671 1635 770 1667 κακίας
781 1635 992 1663 καταποντῶσαι

199 1682 312 1716 σαυτόν;
328 1681 414 1718 ἡδέως
425 1681 458 1709 ἄν
474 1690 521 1708 σου
535 1681 671 1716 πυθοίμην
684 1680 750 1715 ἐγώ.

325 1741 426 1775 rttq'.
442 1754 478 1761 —
497 1739 670 1774 ΠΑΛΛΑΔΙῼ
688 1738 850 1774 ΔΙΑΚΟΝῼ.

1073 1083 1151 1113 Libet
1165 1091 1252 1112 meam
1267 1084 1340 1112 clare
1357 1083 1479 1119 proferre
1499 1083 1672 1112 sententiam.
1691 1083 1745 1111 Etsi
1763 1083 1827 1118 quid

1037 1139 1119 1167 supra
1137 1131 1216 1158 ﬁdem
1233 1131 1322 1158 dicere
1345 1130 1457 1162 videar,
1477 1130 1512 1157 sit
1531 1130 1568 1157 ita
1587 1137 1664 1157 sane.
1685 1129 1827 1157 Testilica-

1038 1180 1140 1206 buntur
1154 1178 1227 1206 enim
1240 1177 1352 1205 virtutis
1373 1176 1487 1204 studiosi
1507 1176 1578 1212 quod
1595 1176 1696 1204 dicam.
1719 1175 1831 1203 Aflirmo

1039 1226 1140 1260 itaqtte,
1162 1223 1296 1259 siquidem
1315 1223 1408 1250 virtuti
1433 1229 1529 1257 poena,
1545 1221 1619 1249 vitiis
1646 1228 1711 1249 vero
1729 1228 1830 1249 corona

1040 1271 1177 1307 proposita
1199 1271 1251 1302 sit,
1276 1269 1423 1303 jucundius
1448 1275 1573 1303 pinnam,
1596 1267 1641 1303 qui
1664 1267 1770 1294 virtutis
1796 1269 1832 1294 sit

1040 1325 1146 1349 amans,
1160 1316 1298 1348 daturum,
1314 1323 1394 1349 quam
1409 1314 1431 1342 si
1450 1319 1605 1347 coronetur,
1618 1315 1652 1341 ob
1668 1314 1830 1349 improbita-

1041 1368 1095 1390 tem
1123 1362 1202 1397 hujus
1227 1369 1340 1390 amans:
1359 1362 1399 1389 sic
1417 1361 1587 1395 improbitas,
1603 1368 1732 1388 coronatn
1750 1361 1832 1388 etiam

1043 1409 1150 1442 adepta,
1164 1407 1238 1434 omni
1253 1415 1314 1435 esse
1328 1415 1426 1442 genere
1439 1407 1631 1441 suppliciorum
1645 1405 1784 1434 molestior
1797 1406 1836 1432 vi-

1042 1453 1232 1481 detur.Virtus
1244 1461 1308 1480 vero
1320 1453 1478 1488 pretiosior,
1493 1453 1546 1481 etsi
1565 1460 1646 1488 poena
1663 1460 1715 1480 non
1731 1457 1833 1480 careat.

1042 1499 1105 1528 llazc
1128 1499 1218 1534 ilaquc
1234 1499 1314 1527 ﬁdem
1328 1500 1463 1527 excedens
1483 1499 1618 1527 sententia
1632 1519 1639 1532 ,
1659 1503 1688 1526 ut
1709 1499 1838 1526 dixerunt

1043 1545 1166 1581 quidam,
1185 1545 1247 1573 talis
1258 1549 1300 1573 est
1318 1549 1345 1572 et
1361 1545 1470 1572 suilicil.
1497 1545 1525 1572 Si
1543 1552 1607 1572 vero
1622 1545 1733 1572 omnino
1750 1544 1836 1570 virtu-

1045 1596 1098 1620 tem
1121 1591 1280 1626 praamium,
1298 1591 1391 1618 vitium
1410 1595 1500 1619 autem
1521 1598 1602 1625 poena
1624 1594 1751 1622 maneat,
1774 1588 1836 1623 quid

1044 1642 1086 1665 est
1101 1637 1173 1672 quod
1196 1642 1222 1665 te
1236 1637 1358 1670 alliciat,
1388 1642 1416 1664 ut
1440 1637 1466 1664 in
1490 1637 1619 1672 nequitiae
1635 1636 1796 1664 barathrum
1813 1641 1838 1663 te

1047 1683 1196 1719 coniicias?
1215 1683 1330 1711 libenter
1345 1690 1395 1718 ego
1409 1683 1436 1710 id
1455 1687 1481 1710 to
1495 1690 1632 1718 rogarem.

1156 1738 1295 1766 CDXLVI.
1312 1753 1348 1758 —
1368 1737 1539 1766 PALLADIO
1558 1736 1719 1765 DlACONO.

511 1786 600 1813 Manet
614 1790 642 1813 ut
657 1790 746 1812 caveat
762 1793 793 1812 ne
812 1786 839 1812 in
852 1785 943 1812 eadem
966 1785 1066 1813 incidat
1081 1785 1144 1813 vitia
1162 1793 1220 1821 qua:
1240 1787 1268 1813 in
1284 1786 1338 1813 alio
1353 1785 1526 1818 reprehendit.

240 1843 408 1879 ’Δνορώπιον
429 1842 531 1878 φαῦλον
545 1863 553 1877 ,
565 1842 613 1870 καὶ
633 1842 773 1878 βδελυρὸν,
790 1842 838 1869 καὶ
853 1842 991 1877 κίϐδηλον,

200 1890 247 1916 καὶ
256 1889 283 1916 τί
297 1889 351 1924 γὰρ
365 1889 396 1915 οὺ
419 1889 475 1924 (ὄὸ)
491 1887 546 1915 τῶν
561 1888 684 1924 αἰσχρῶν
697 1888 814 1920 καλέσας
826 1888 856 1915 ἐν
871 1889 928 1920 τοῖς
944 1888 993 1914 αὕη

198 1935 246 1963 τοῦ
258 1935 402 1970 γράμμασι
420 1934 556 1969 Ζώσιμον,
573 1934 662 1969 ἀληϐῆ
685 1934 733 1969 μὲν
747 1933 840 1968 λέγεις
855 1942 861 1949 ’
885 1934 993 1961 δέδοικα

199 1982 230 2009 δὲ
248 1982 284 2017 μὴ
299 1982 347 2008 καὶ
362 1981 443 2013 αὐτὸς
457 1981 556 2017 μικρὸν
569 1980 683 2015 ὕστερον
699 1979 821 2012 τοιοῦτος
840 1980 992 2016 εὑρεθείης.

207 2027 315 2054 Ἐκεῖνα
331 2026 395 2062 γὰρ.
413 2026 451 2059 ὣς
462 2025 529 2061 φασί
545 2033 629 2058 τινες,
645 2025 721 2061 ἤρξω
732 2026 874 2061 πράττειν,
891 2025 909 2053 ἃ
920 2026 991 2052 ἐκεῖ·

201 2082 246 2106 νος
273 2073 402 2109 πράττων
428 2072 468 2105 εἰς
492 2072 642 2109 ἀνήκεστον
667 2070 837 2107 ἀναλγησίαν
862 2069 990 2098 τετελεύα

201 2128 280 2155 τηκε.

373 2176 464 2205 ΥΜΖ’,
477 2192 511 2198 -
522 2176 643 2212 (ΜΩΣΕῼ
661 2175 820 2212 ΔΙΑΚΟΝῼ.

1082 1840 1191 1868 Falsum
1209 1841 1431 1873 homuncionem,
1449 1841 1647 1868 exsecrandum
1663 1846 1745 1875 atque
1765 1841 1838 1868 adul-

1048 1887 1185 1920 terinum,
1206 1891 1233 1914 et
1249 1887 1314 1922 quid
1336 1894 1390 1914 non
1404 1886 1469 1914 foedi
1483 1887 1605 1914 criminis
1620 1887 1673 1914 tuis
1696 1887 1722 1914 in
1741 1887 1839 1914 litteris

1047 1932 1187 1960 Zosimum
1206 1932 1361 1966 nominans,
1377 1940 1441 1960 vere
1456 1932 1565 1967 quidem
1578 1932 1664 1960 dicis:
1688 1940 1785 1960 vereor
1797 1936 1837 1958 ta—

1048 1985 1110 2006 men
1131 1985 1164 2005 ne
1180 1982 1207 2006 et
1233 1978 1293 2012 ipse
1323 1983 1386 2013 post
1412 1978 1493 2013 paulo
1517 1978 1578 2006 talis
1597 1978 1757 2012 reperiaris.
1792 1977 1838 2004 Illa

1047 2024 1147 2052 etenim
1162 2031 1242 2060 agere
1252 2024 1358 2060 incipis,
1373 2025 1454 2060 691
1466 2029 1495 2052 ut
1505 2025 1615 2060 quidam
1632 2024 1767 2056 referunt,
1779 2032 1840 2059 quae

1047 2070 1092 2099 ille
1107 2070 1280 2099 committens
1296 2070 1323 2099 in
1341 2069 1519 2099 iucurabilem
1535 2070 1630 2098 incidit
1647 2070 1782 2098 morbum.

1205 2173 1357 2202 CDXLVII.
1376 2189 1411 2194 -
1431 2173 1511 2201 MOSI
1528 2171 1687 2201 DlACONO.

802 2223 838 2250 De
854 2222 963 2251 divitiis.
978 2222 1063 2259 (qur.
1077 2223 1154 2258 epist.
1169 2223 1246 2259 450.)

241 2282 290 2309 Ἐν
309 2283 389 2318 μόνον
413 2283 495 2310 καλὺν
517 2283 589 2319 ἔχειν
606 2291 652 2318 μοι
679 2281 780 2309 δοκεῖὸ
805 2280 930 2312 πλοῦτος,
952 2281 994 2307 ὅτι

1087 2279 1192 2307 Divitite
1215 2286 1298 2307 unum
1328 2278 1393 2306 mihi
1417 2278 1558 2306 continere
1582 2278 1684 2306 bonum
1702 2277 1840 2310 videntur,

202 2330 260 2361 τοῖς
290 2311 409 2365 μαλιστα
436 2311 559 2366 φιλοῦσίῖδ
584 2311 665 2357 αίιτδν
693 2329 835 2360 κινδύνους
858 2311 995 2360 ἐξαισίους

1049 2324 1121 2360 quod
1135 2332 1183 2352 eas
1199 2323 1353 2351 amantibus
1373 2323 1492 2358 ingentia
1511 2322 1620 2358 pariant
1636 2321 1770 2357 pericula.

203 2375 356 2403 ἀποτίκτει.

447 2431 540 2459 ΥΜΗ’.
558 2446 594 2452 --
609 2431 749 2459 ΖΗΝΩΝΙ.

1260 2425 1421 2454 CDXLVIII.
1440 2441 1475 2446 —
1500 2423 1635 2452 ZENONL

613 2476 785 2512 Hermogenis
800 2477 916 2511 episcopi
931 2475 1001 2503 laus.
1021 2474 1140 2511 (Confer.
1160 2473 1235 2508 epist.
1255 2473 1307 2500 558
1321 2478 1345 2500 et
1357 2472 1431 2508 466.)

242 2537 276 2564 ’0
307 2535 438 2572 βούλομαι
464 2536 605 2572 συντόμως
626 2536 731 2572 φράσαι
757 2535 884 2572 περὶτοῦ
905 2535 996 2563 πάντα

205 2581 317 2617 ἀρίστου
338 2582 532 2617 Ἑρμογένους,
558 2582 606 2609 τοῦ
630 2582 716 2614 ὅντως
728 2582 890 2614 ἐπισκόπου,
914 2580 995 2608 τοῦτό

206 2628 295 2654 ὲοτιν·
318 2627 360 2654 ὅτι
387 2627 516 2655 τοσοῦτον
537 2628 622 2663 ἀρετῇ
650 2628 714 2660 τοὺς
741 2628 810 2662 ἄγαν
837 2627 999 2662 εὐδοκίμους

207 2671 325 2707 παριὼν,
342 2672 404 2699 ὅσον
419 2673 519 2700 ἐκεῖνοι
535 2673 599 2705 τοὺς
620 2673 718 2704 ἄλλους
745 2673 878 2705 ἅπαντας,
891 2673 929 2704 ὼς
948 2680 1000 2707 μη-

208 2717 252 2744 δὲν
275 2718 348 2754 μέγα
374 2719 618 2755 διαπραττόμενος,
647 2719 718 2746 οὕτω
742 2719 886 2750 διάκειται,
913 2717 999 2749 οὕτως

1086 2534 1164 2562 Libet
1189 2535 1284 2570 paucis
1312 2534 1345 2562 de
1369 2534 1473 2569 optimo
1495 2533 1554 2561 viro
1581 2531 1752 2566 Hermogene
1780 2537 1843 2556 vere

1050 2579 1178 2615 episcopo
1191 2579 1273 2606 verba
1293 2578 1395 2612 facere,
1417 2578 1547 2606 nimirum
1564 2576 1663 2603 virtute
1679 2574 1758 2602 valde
1780 2581 1843 2608 pro-

1052 2626 1146 2653 batum
1160 2630 1273 2652 caeteros
1299 2629 1403 2652 tantum
1428 2623 1542 2651 transire
1566 2627 1649 2656 atque
1668 2619 1843 2650 autecellere,

1052 2677 1182 2706 quantum
1203 2671 1241 2698 illi
1258 2671 1364 2698 ueteris
1384 2674 1516 2705 praestant
1532 2678 1538 2695 :
1561 2667 1584 2696 is
1596 2667 1672 2702 quasi
1693 2664 1761 2693 nihil
1779 2672 1846 2699 pra:-

1052 2718 1156 2746 clarum
1171 2717 1283 2753 egisset,
1306 2717 1343 2744 ita
1360 2717 1392 2745 de
1407 2724 1436 2745 se
1455 2714 1598 2747 sentiebat,
1612 2718 1641 2740 ut
1665 2711 1844 2740 humilitatem

756 2808 873 2836 VARl/E
892 2807 1086 2837 LECTIONES
1104 2807 1149 2835 ET
1170 2805 1286 2836 ΝΟΤᾸΞ.

247 2888 305 2924 (56)
321 2888 362 2921 Τῷ
379 2889 476 2922 τρόπῳ
490 2888 756 2922 παρακαλούντων,
768 2891 820 2924 etc.
838 2886 903 2914 Viue
917 2895 1004 2924 meum

212 2923 258 2959 plo
274 2924 357 2959 magis
370 2931 446 2957 quam
461 2924 581 2951 oratione
596 2924 760 2959 persuaderi.
776 2923 913 2959 Menandri
937 2923 1002 2959 illud

212 2957 332 2995 respexit
345 2971 350 2988 ;
365 2959 471 2995 Τρόπος
484 2958 539 2986 ἔσθ’
552 2960 565 2986 ὁ
579 2958 678 2986 πείθων
694 2958 740 2985 τοῦ
755 2957 890 2993 λέγοντος,
911 2959 940 2984 οὐ
962 2957 1004 2984 λό-

1057 2894 1114 2920 γος.
1131 2885 1231 2911 Confer
1247 2884 1326 2918 epist.
1342 2883 1404 2920 215.
1427 2882 1546 2911 δειιυττ.

1093 2915 1148 2954 (57)
1166 2920 1227 2948 Val.
1241 2915 1294 2946 650
1311 2924 1337 2944 ιιι
1353 2918 1405 2944 Alt.
1424 2916 1652 2954 προσεσχηκέναι.
1664 2915 1770 2943 I'OSSIN.

1096 2957 1151 2989 (38)
1167 2956 1248 2983 Iidem
1266 2954 1362 2982 tollunt
1379 2954 1419 2979 οὐ.
1435 2954 1472 2981 In.
