2049 3162
171 198 239 232 1589

611 200 879 231 EPISTOLARUM
898 201 971 231 LIB.
992 202 1026 231 V.
1046 214 1080 219 -η
1096 203 1214 232 EI'IST.
1238 203 1360 233 CDLIV'.

169 255 270 288 ⁸ιιολλιίις
282 255 392 290 εἰδέναι,
409 256 677 284 ἀντιπλεονεκτεῖται
700 257 728 284 δὲ
751 257 816 292 παρ’
841 257 959 284 ἑκάστου

1020 257 1114 285 multas
1137 258 1223 290 sciat,
1244 259 1335 286 omnia
1363 258 1414 286 sibi
1438 257 1578 292 superiora
1597 255 1733 289 vindicat,
1757 256 1805 284 sed

169 301 225 329 τῶν
245 301 310 336 μίαν
325 301 423 337 τέχνην
439 304 478 334 είς
496 302 580 338 ἄκρον
610 303 783 338 ἠσκηκότων.
805 303 851 338 Μὴ
868 303 958 330 τοίνυν

171 346 233 382 μηδ’
250 346 332 379 αὐτὸς
359 347 448 374 πάντα
468 348 566 375 εἰδέναι
591 348 662 375 Θέλε.
686 348 734 375 Ἐκ
750 349 804 384 γὰρ
820 348 916 375 τούτου
931 349 961 375 τὺ

172 393 254 428 μηδὲν
267 393 388 429 ἀκριϐῶς
401 394 500 421 είδέναι
527 395 591 431 περὶ
616 395 732 422 ἕκαστον
758 395 882 430 γίγνεται
894 393 962 430 (40).

177 440 257 467 Ἀλλὰ
285 441 354 477 πρὸς
377 441 426 468 ἕνα
456 441 563 477 βλέπων
596 442 710 476 σκοπὸν,
741 443 801 468 ἐκεῖ
825 443 914 469 τεῖνον
932 441 963 468 τὸ

171 487 249 522 δμμα.
271 488 322 522 τῆς
335 487 465 520 διανοίας.
490 488 568 514 Οὖτω
595 488 649 524 γὰρ
675 489 790 524 περιέσῃ
806 487 852 515 τοῦ
871 488 961 523 πράγ-

172 540 240 567 ματο
245 541 266 565 ς.

402 590 489 618 ΥΝΓ¹.
508 606 544 610 -
563 591 606 626 Tt)
628 591 730 627 ΑΥΤῼ.

1015 307 1110 330 contra
1126 297 1290 338 deprimitur
1304 303 1338 330 ab
1356 310 1519 338 unoquoque
1532 310 1644 336 eorum,
1658 302 1703 337 qui
1725 309 1806 328 unam

1017 349 1049 376 ad
1067 356 1200 376 summum
1214 350 1400 377 exc-oluerunt.
1419 349 1458 377 Ne
1475 350 1557 384 igitur
1569 349 1659 376 omnia
1673 347 1745 376 scire
1758 354 1806 374 ve-

1018 394 1071 421 lis:
1089 401 1120 421 ex
1141 394 1192 421 hoe
1207 394 1279 421 enim
1294 394 1408 422 emcitur
1421 395 1488 421 nihil
1508 399 1634 422 accurate
1651 395 1678 421 in
1693 393 1807 429 singulis

1018 440 1142 475 cognosci
1160 449 1167 468 :
1191 441 1239 468 sed
1256 449 1338 468 unum
1354 446 1480 476 spectans
1493 449 1622 476 scopum,
1641 441 1694 468 huc
1709 441 1807 469 mentis

1017 487 1104 514 aciem
1129 486 1224 522 dirige.
1261 486 1307 514 Sic
1327 487 1399 514 enim
1423 493 1478 513 rem
1502 486 1672 522 expugnabis
1691 491 1719 514 et
1740 493 1807 515 con-

1018 533 1152 567 sequeris.

1264 589 1375 617 CliLlll.
1393 604 1427 608 ——
1444 588 1559 616 EIDEM.

171 636 264 665 Aliena
279 641 387 672 peccata
399 639 540 665 verecunde
555 639 767 680 perstringenda,
791 647 822 665 ne
841 639 910 679 alios
927 643 1087 708 rint-938?)“
1106 638 1159 670 ipse
1179 636 1296 672 tinguant
1319 636 1488 663 contamines.
1512 634 1592 670 (Vide
1611 635 1687 668 epist.
1701 634 1769 667 4‘21;
1784 639 1808 662 et

901 682 928 700 ιη
945 682 972 700 ru
1049 693 1055 699 .

901 682 972 700 ιηιηι
993 682 1055 700 ὓυΙ.

209 730 339 766 Εὔφημον
364 731 414 767 μὲν
438 731 511 768 ἔχειν
536 733 590 768 χρὴ
615 732 661 758 καὶ
691 732 792 767 σεμνὴν
813 731 862 767 τὴν
878 729 964 765 γλῶτ-

174 785 224 804 ταν
234 786 241 793 ’
260 778 354 813 ἐπειδὴ
369 778 398 804 δὲ
411 779 474 810 τοὺς
496 779 536 810 εἰς
550 778 632 805 αὐτὸν
649 778 698 813 τῆς
711 777 810 809 κακίας
829 777 874 803 τὸν
894 774 963 801 πυθ-

179 825 247 858 μένα
274 825 496 859 νεναυαγηκότας
520 824 670 860 ἁνιμᾶσθαι
696 824 759 860 χρὴ,
786 823 964 850 ἀτοπώτατον

173 869 201 895 δὲ
217 869 291 896 δοκεῖ
313 869 359 896 τὸν
387 869 483 902 ἄλλους
500 870 652 905 ἀναστῆσαι
683 869 856 905 βουλόμενον,
882 867 964 894 αὑτὸν

1051 731 1154 758 Bonam
1179 730 1257 758 decet
1290 735 1454 764 gravemque
1477 727 1607 754 adhibere
1631 727 1659 765 in
1683 732 1808 753 sermone

1016 776 1134 812 linguam
1146 797 1153 809 ,
1178 775 1396 811 quandoquidem
1412 777 1520 809 oportet
1544 780 1560 800 e
1583 771 1717 807 profundo
1731 779 1809 799 omne

1015 823 1144 850 vitiorum
1163 823 1231 850 alios
1257 826 1380 857 prompte
1395 820 1549 848 extrahere.
1576 818 1732 846 Absurdum
1746 824 1809 844 vero

1017 869 1126 896 videtur
1141 869 1209 896 alios
1230 869 1335 903 erigere
1352 871 1495 894 conantem
1513 865 1599 900 ipsum
1621 864 1686 891 labi.
1716 862 1752 890 Ut
1775 863 1810 891 sit

174 914 366 943 καταπίπτειν,
395 915 437 948 Ὠς
457 916 490 943 ἂν
513 913 568 947 οἷός
586 924 616 942 τε
642 915 782 951 τυγχάνει,
807 915 912 945 δίκαιος
929 913 962 940 ἂν

1020 922 1141 950 aequum,
1163 914 1250 949 quoad
1265 913 1323 948 ejus
1339 913 1396 940 tieri
1424 915 1528 947 potest,
1545 917 1700 938 sermonum
1718 909 1810 943 gravi-

174 962 217 997 εἴη
243 962 431 997 περιστέλλειν
456 963 506 998 τὴν
527 963 582 990 τῶν
602 963 775 998 πραγμάτων
796 960 964 996 αἰσχρότητα

173 1009 206 1043 τῇ
219 1008 274 1034 τῶν
285 1008 384 1042 λέξεων
410 1009 554 1044 σεμνότητι
567 1018 574 1024 ·
593 1009 637 1036 ἵνα
663 1009 702 1044 μὴ
725 1007 872 1042 ὲπιστύψαι
893 1006 965 1034 ὲκεί-

173 1052 234 1085 νόυς
248 1053 409 1089 βουλόμενος
423 1052 472 1090 τὴν
488 1055 585 1082 ἑαυτοῦ
597 1054 722 1089 γλῶτταν
733 1053 961 1089 καταρρυπαίνοι·

175 1100 243 1135 μηδὲ
257 1100 409 1132 ἀπαλλάξαι
425 1101 565 1137 μολυσμοῦ
580 1100 691 1134 ἐθέλων,
708 1100 790 1132 αὐτὸς
812 1099 962 1136 μολύνοιτο.

173 1145 208 1172 Ei
233 1146 260 1172 δὲ
287 1147 370 1182 φαίης
387 1147 428 1174 ὅτι
453 1147 484 1174 οὐ
504 1147 617 1174 δυνατόν
642 1148 700 1174 ἐστι
729 1147 776 1174 καὶ
799 1146 897 1182 σεμνὸν
923 1146 963 1172 ει-

174 1192 233 1217 πεῖν
243 1191 310 1227 (41),
336 1193 384 1219 καὶ
410 1193 584 1228 καθάψασθαι
605 1193 651 1220 τοῦ
681 1193 842 1225 ἀκούοντος·
871 1191 964 1227 φαίην,

173 1237 240 1263 ὅτιὸ
261 1237 308 1264 τοῦ
332 1239 443 1274 μετρίου
457 1239 570 1275 ἐλέγχου
596 1239 789 1274 καταφρονῶν,
819 1234 899 1271 οὗτος
916 1238 964 1266 καὶ

173 1284 221 1311 τοῦ
236 1285 357 1322 ἀμέτρου
373 1287 419 1313 καὶ
433 1286 540 1322 γυμνοῦ
557 1286 637 1313 πλέον
649 1286 853 1322 ὀλιγωρήσειεν.
868 1285 899 1311 Εἰ
911 1284 965 1319 γὰρ

175 1330 191 1365 ἡ
211 1331 331 1366 πραότης
346 1331 394 1358 τοῦ
405 1332 543 1367 λέγοντος.
556 1332 602 1359 καὶ
649 1333 698 1368 τῆς
716 1331 815 1364 λέξεως
831 1330 965 1366 σεμνότης

175 1375 225 1403 οὐκ
244 1377 362 1412 ὠφελεῖ,
393 1378 475 1414 σχολῇ
502 1386 533 1413 γε
557 1378 649 1414 γυμνὴ
681 1378 734 1404 τῶν
763 1375 966 1412 πεπραγμένων

175 1421 249 1458 αὑτῴ
265 1423 281 1459 ή
299 1424 426 1459 προφορὰ
449 1424 597 1460 ὠφελήσει.

228 1479 314 1508 ΥΝΔν.
334 1497 369 1505 -
393 1482 650 1509 ΑΓΑΘΟΔΛΙΜΟΝΙ
668 1481 910 1518 ΓΡΑΜΜΑΤΙΚῼ.

1021 965 1075 988 tate
1089 968 1178 987 rerum
1193 965 1283 995 tegere
1295 958 1501 994 turpitudinem,
1515 965 1548 984 ne
1562 957 1624 983 dum
1639 956 1707 983 alios
1720 955 1811 983 studet

1018 1007 1154 1039 mordere,
1167 1014 1243 1034 suam
1258 1006 1316 1040 ipse
1329 1006 1451 1040 inquinet
1469 1005 1600 1038 linguam,
1614 1009 1702 1038 neque
1716 1002 1810 1029 sordes

1017 1053 1112 1080 volens
1126 1053 1239 1080 alterius
1252 1052 1356 1084 tollere,
1372 1052 1429 1086 ipse
1443 1050 1611 1085 inquinetur.
1627 1049 1662 1075 At
1672 1048 1695 1075 si
1707 1047 1811 1075 dixeris

1018 1100 1076 1127 ﬁeri
1094 1107 1146 1127 non
1166 1105 1246 1134 posse
1262 1103 1291 1126 ut
1304 1098 1366 1133 quis
1380 1097 1495 1125 sublime
1509 1096 1596 1130 dicat,
1612 1100 1640 1123 et
1656 1095 1690 1122 ab
1703 1095 1811 1122 audito-

1017 1146 1092 1174 ribus
1101 1145 1277 1180 intelligatur,
1286 1143 1437 1179 respondeo
1450 1152 1456 1170 :
1467 1142 1518 1176 Qui
1532 1142 1698 1169 moderatam
1706 1139 1809 1174 respuit

1017 1192 1264 1228 reprehensionem,
1281 1191 1325 1219 hic
1338 1194 1366 1217 et
1386 1188 1558 1217 immodicam
1574 1187 1727 1222 nudamque
1747 1193 1812 1214 cort-

1019 1242 1132 1266 temnet.
1151 1237 1179 1265 Si
1192 1237 1264 1266 enim
1278 1236 1395 1264 dicentis
1410 1235 1476 1262 ruite
1488 1234 1635 1270 ingenium,
1651 1232 1810 1260 verborum-

1017 1292 1070 1319 que
1085 1284 1205 1319 gravitas
1218 1283 1284 1311 nihil
1303 1283 1423 1319 prodest,
1439 1289 1472 1310 ne
1493 1282 1564 1309 nuda
1579 1280 1688 1315 quidem
1703 1286 1718 1307 a
1731 1279 1812 1307 rebus

1018 1332 1169 1359 enuntiatio
1183 1336 1226 1359 est
1242 1331 1393 1367 profutura.

1043 1480 1158 1509 CDLlV.
1176 1496 1211 1501 —
1236 1480 1524 1509 AGATIIODZEMONI
1545 1478 1786 1510 GRAMMATICO.

431 1526 469 1554 De
483 1526 638 1554 Mithridate
651 1535 708 1562 rege
720 1527 826 1563 ejusque
841 1532 933 1554 contra
946 1534 1045 1554 venena
1064 1525 1286 1562 alexiplmrnmco.
1303 1526 1391 1562 (Conl.
1407 1527 1484 1562 epist.
1498 1526 1555 1563 66.)

210 1591 344 1624 Πολλάκις
356 1592 370 1618 ὃ
381 1593 484 1619 ἐπινοεῖ
498 1601 539 1624 τις
548 1593 588 1624 εἰς
602 1592 753 1626 ἀσφάλειαν
762 1592 876 1625 ἑαυτοῦ,
885 1591 966 1619 τοῦτο

175 1638 336 1673 εὑρίσκεται
372 1639 572 1674 χαλεπωτάτων
606 1638 694 1666 αἴτιον
721 1639 880 1674 συμφορῶν.
911 1640 965 1666 Καὶ
982 1623 1003 1652 C

173 1683 219 1710 ἴνα
231 1683 265 1710 τὰ
282 1684 351 1711 ἄλλα
365 1684 455 1720 παρῶ,
475 1685 514 1718 ἓν,
527 1685 560 1712 δι’
575 1683 604 1713 οὗ
623 1687 713 1713 πάντα
740 1686 862 1722 μηνύσω,
885 1685 964 1718 λέξω.

173 1729 354 1765 Μιθριδάτης,
368 1731 406 1763 ὦς
423 1733 537 1766 tenor/,6
554 1733 703 1768 Παρθυέων
726 1733 774 1760 καὶ
789 1732 877 1759 ἄλλων
901 1733 968 1759 πολι

173 1773 227 1801 λῶν
240 1774 324 1802 ὲθνῶν
340 1775 503 1810 βασιλεύσας
514 1796 521 1808 ,
532 1776 578 1803 ἐπὶ
599 1777 672 1811 μέγα
698 1777 840 1812 δυνάμεως
869 1777 968 1813 προελ-

174 1819 238 1853 θὼν,
263 1821 310 1848 καὶ
335 1820 443 1856 πλούτῳ
473 1821 567 1857 κομῶν
593 1823 643 1849 καὶ
669 1822 825 1858 συμμαχίᾳ,
851 1823 898 1849 καὶ
927 1823 967 1854 είς

173 1865 254 1892 αὑτὸν
270 1866 369 1898 ἐλάσας
395 1867 444 1902 τῆς
459 1867 635 1903 ἀνθρωπίνης
659 1868 811 1904 εὐημερίας
830 1869 874 1894 τὸν
891 1868 964 1904 ὅρον,

175 1911 305 1947 φοϐηθεὶς
323 1913 360 1948 μὴ
377 1913 534 1949 δηλητηρίῳ
551 1914 720 1950 ἀναιρεθείη,
741 1914 965 1949 ἀλεξιφάρμακον

173 1957 264 1992 ἑαυτῷ
289 1959 502 1986 κατεσκεύασεν.
525 1960 739 1995 Μεταῧαλούσης
756 1958 802 1987 οὖν
824 1959 898 1995 αὐτῷ
917 1959 966 1994 τῆς

174 2002 335 2038 εὐημερίας,
358 2005 399 2035 είς
427 2004 564 2040 τοσαύτην
585 2002 667 2040 ἦλθεν
694 2006 828 2040 ἀνάγκην,
859 2005 897 2037 ὡς
925 2006 966 2037 είς

173 2049 404 2084 φαρμακοποσίαν
440 2050 591 2085 τραπῆναι.
636 2051 681 2082 Ὠς
711 2050 752 2077 δὲ·
775 2051 851 2078 οὐδὲν
885 2051 966 2086 ἦνυεν

174 2093 264 2129 (ἔτυχε
283 2095 347 2130 γὰρ,
359 2095 395 2126 ὡς
410 2095 488 2131 ἔφην,
506 2096 636 2132 πρόπομα
654 2096 722 2131 πρὸς
747 2097 801 2123 πᾶν
817 2096 964 2132 φάρμακον

173 2140 335 2176 ἀνδροφόνον
350 2142 574 2178 ἀλεξιφάρμακον
605 2142 744 2178 προπιὼν,
768 2142 839 2169 ὥστε
867 2142 904 2178 μὴ
931 2142 965 2169 τὰ

173 2186 327 2223 δηλητήρια
363 2189 444 2215 αὑτὸν
478 2189 601 2225 βλάψαι),
627 2186 658 2216 οὗ
686 2188 922 2225 προκατειληφυῖα
949 2189 966 2224 ἡ

132 2231 137 2235 ”
172 2233 299 2269 δύναμις,
316 2234 362 2262 τὸν
378 2236 410 2262 ἐκ
423 2236 471 2262 τοῦ
488 2236 652 2272 δηλητηρίου
672 2236 711 2262 [ev
727 2236 777 2263 οὐκ
794 2237 870 2262 εἴασε
896 2244 965 2271 κρα-

172 2280 265 2315 τῆσαι.
297 2280 330 2307 Τί
354 2279 400 2308 οὖν
436 2282 615 2314 τούντεῦθεν;
639 2281 707 2309 Τινὰ
731 2283 785 2309 τῶν
807 2282 967 2318 δορυφόρων

1057 1591 1122 1624 Qum
1149 1591 1182 1618 ad
1208 1598 1332 1618 securam
1358 1591 1400 1618 sui
1425 1591 1535 1619 tutelam
1557 1591 1618 1626 quis
1639 1590 1812 1625 excogitavit,

1019 1637 1102 1672 693
1126 1637 1184 1664 luce
1201 1644 1273 1672 saepe
1290 1645 1399 1665 causam
1415 1645 1476 1666 esse
1495 1638 1675 1665 maximarum
1693 1638 1813 1672 comperi

1021 1682 1216 1710 calamitatum.
1238 1683 1327 1718 thue
1341 1688 1438 1711 caetera
1456 1683 1591 1716 omittam,
1607 1691 1689 1710 unum
1709 1683 1742 1710 ad
1757 1690 1813 1710 rem

1021 1729 1090 1756 lianc
1105 1729 1295 1757 declarandam
1311 1730 1421 1758 afferam
1435 1739 1442 1758 :
1460 1731 1676 1763 Mithridates,nt
1690 1735 1814 1762 narrant,

1021 1774 1184 1802 Parthorum
1197 1775 1243 1804 ille
1256 1777 1433 1812 gentiumque
1447 1777 1625 1812 plurimarum
1640 1785 1696 1808 res,
1712 1777 1812 1811 ingenti

1020 1826 1165 1856 provectus
1188 1823 1318 1857 potentia,
1337 1823 1432 1858 opibus
1447 1823 1569 1855 attinens,
1584 1831 1616 1850 ac
1633 1823 1810 1850 ﬁnitimorum

1021 1867 1165 1901 societate,
1180 1876 1266 1903 eoque
1277 1868 1364 1897 elatus
1382 1870 1490 1897 tandem
1505 1870 1629 1897 humanae
1646 1870 1812 1904 prosperita-

1022 1914 1070 1947 tis,
1093 1915 1176 1950 C(Bpil
1195 1915 1282 1942 vereri
1307 1923 1340 1943 ne
1358 1924 1462 1944 veneno
1480 1917 1630 1944 tolleretur.
1661 1916 1814 1943 Pharmaco

1020 1961 1114 1996 itaque
1128 1966 1154 1989 ct
1169 1962 1291 1990 antidoto
1305 1969 1333 1990 se
1348 1963 1454 1990 munire
1466 1963 1586 1990 animum
1602 1963 1707 1990 induxit
1722 1971 1812 1990 suum.

1022 2006 1150 2035 Vcrtcnte
1166 2007 1255 2042 itaque
1271 2015 1360 2034 rerum
1377 2009 1556 2035 secundarum
1574 2009 1764 2043 prosperitate,
1780 2015 1813 2035 eo

1021 2052 1141 2080 vicissim
1156 2052 1267 2080 adactus
1283 2057 1325 2080 est
1337 2055 1507 2080 necessitatis
1525 2058 1565 2086 ut,
1582 2060 1686 2081 veneno
1703 2054 1812 2086 hausto,

1020 2100 1104 2125 vitam
1128 2098 1205 2126 linire
1228 2104 1348 2134 cupcrct.
1367 2099 1444 2132 Quod
1471 2107 1530 2126 cum
1556 2107 1609 2127 non
1639 2100 1810 2135 procederet,

1022 2143 1147 2179 (bibebat
1161 2146 1245 2178 extim,
1270 2150 1299 2172 ut
1312 2145 1398 2177 aiunt,
1415 2153 1448 2173 cx
1467 2145 1545 2173 mclle
1559 2149 1585 2173 et
1599 2146 1664 2173 vino
1687 2145 1813 2181 poculum

1022 2191 1152 2218 adversus
1174 2191 1254 2218 noxia
1274 2191 1365 2218 omnia
1387 2192 1475 2218 toxica
1502 2191 1669 2224 remedium,
1696 2198 1730 2218 nc
1750 2191 1813 2226 quid

1021 2236 1129 2264 aconita
1152 2238 1308 2272 necereut),
1323 2237 1365 2265 vis
1390 2236 1461 2264 illius
1486 2237 1656 2272 praeveniens
1679 2245 1813 2265 venenum

1021 2289 1151 2317 superare
1167 2290 1220 2310 non
1238 2283 1312 2310 sivit.
1328 2283 1396 2317 Quid
1414 2284 1506 2311 evenit
1522 2282 1746 2319 itaqttei’rogas?
1762 2283 1815 2318 lgi-

175 2325 272 2352 ἑαυτοῦ
298 2327 346 2353 καὶ
369 2327 549 2363 σκηπτούχων
579 2328 816 2363 ἐφελκυσάμενος,
856 2327 964 2354 κελεύει

1020 2332 1063 2355 tur
1077 2336 1092 2355 e
1107 2329 1231 2364 corporis
1251 2329 1410 2357 custodibus
1431 2330 1574 2358 satellitem
1598 2335 1706 2357 acutum
1734 2329 1816 2364 jussit

175 2372 296 2406 πατάξαι
309 2372 365 2407 (-52)
394 2373 507 2408 καιρίαν
531 2374 571 2406 εἰς
590 2373 620 2400 τὸ
638 2373 750 2409 στέρνον
772 2373 812 2408 τῷ
832 2373 964 2409 ἀκινάκῃ.

179 2419 228 2452 Ὃς
241 2419 270 2447 δὲ
291 2420 415 2453 πατάξας
432 2420 554 2448 ἀνεῖλεν·
577 2421 664 2454 οὕτως
679 2421 756 2449 οὐδὲν
780 2422 883 2448 ἐκεῖνον
896 2420 967 2455 ὼφέ-

1022 2375 1160 2403 acinacem
1188 2376 1214 2403 in
1236 2381 1331 2410 pectus
1358 2376 1410 2404 sibi
1435 2377 1545 2412 adigere
1570 2384 1602 2404 ac
1624 2377 1717 2404 ferire.
1749 2375 1815 2402 Per-

1023 2421 1152 2449 cutiendo
1177 2423 1268 2457 itaque
1295 2430 1309 2448 c
1328 2422 1416 2450 ntedio
1436 2423 1575 2450 dominum
1599 2422 1722 2453 sustulit,
1747 2419 1814 2447 adeo

721 2510 837 2538 γΑιιιιΕ
858 2509 1051 2538 LEGTIONES
1067 2510 1111 2538 ET
1126 2509 1244 2538 NOTAE.

211 2591 265 2625 (40)
280 2591 332 2618 I'ro
343 2591 441 2618 εἰδέναι
451 2590 515 2626 περὶ
530 2591 644 2618 ἕκαστον
652 2591 774 2625 γίγνεται
787 2590 864 2618 codd.
875 2590 962 2618 Vatic.

175 2626 228 2654 650
239 2631 266 2654 et
287 2627 340 2654 Alt.
358 2627 443 2654 solntn
464 2625 563 2660 legunt,
580 2626 679 2652 εἰδέναι
695 2625 874 2661 περιγίνεται.
887 2625 969 2654 Ρ.ιυίο

174 2668 292 2697 postpro
305 2662 364 2688 ἐκεῖ
376 2663 462 2688 τεῖνον
474 2670 526 2688 uno
538 2661 620 2688 verbo
633 2661 757 2688 scribunt
771 2661 969 2697 ἕκτεινον.Ρι)ς.

212 2696 268 2732 (41)
286 2698 351 2724 Ὅτι
374 2699 410 2724 οὺ
432 2697 564 2724 δυνατόν
585 2697 650 2723 ἐστι
668 2697 716 2723 καὶ
731 2697 847 2730 σεμνὸν
864 2696 969 2724 εἰπεῖν.

177 2731 247 2758 Sunt
258 2731 315 2760 haec
329 2733 384 2767 ipsa
401 2732 587 2767 Clrrysostorni
603 2732 683 2758 verba
698 2733 790 2759 homil.
804 2731 830 2764 4,
844 2732 869 2759 in
883 2732 969 2766 Epist.

177 2767 210 2793 ad
227 2767 352 2799 Romam,
368 2767 414 2802 qui
434 2773 463 2794 et
480 2767 578 2794 ibidem
598 2767 718 2800 disserit,
730 2774 777 2794 eos
791 2768 835 2802 qui
849 2767 964 2794 aliorum

177 2802 374 2836 reprehendere
393 2802 484 2829 volunt
503 2802 615 2837 ﬂagitia,
632 2803 690 2836 cogi
712 2802 867 2829 necessario
886 2802 966 2829 i'cedi-

178 2842 261 2864 latent
285 2837 390 2864 illorum
419 2837 573 2869 denotare,
591 2842 618 2863 ct
635 2838 711 2871 quasi
735 2838 770 2864 ob
786 2837 879 2864 oculos
905 2845 966 2872 spe-

178 2873 304 2898 ctandam
324 2880 485 2906 proponere,
502 2872 563 2906 quin
581 2879 673 2904 parum
691 2873 791 2906 alioqui
812 2873 964 2905 proficient.

179 2906 207 2932 lu
222 2915 281 2934 eam
300 2916 355 2934 rem
380 2907 476 2934 solitus
499 2913 526 2933 et
540 2907 659 2942 chirurgi
681 2908 777 2934 atierre
799 2908 963 2942 exemplum,

179 2943 225 2976 qui
241 2948 267 2969 ut
287 2943 348 2969 tabo
366 2951 396 2970 ac
409 2943 484 2970 sanie
499 2941 643 2977 σηπεδόνος
670 2949 763 2970 manus
789 2943 865 2970 ult-us
879 2941 964 2975 Sanct,

1022 2598 1074 2618 non
1092 2595 1201 2618 veretur
1221 2591 1272 2618 sibi
1295 2598 1391 2619 manus
1420 2591 1574 2626 inquinare.
1597 2590 1726 2626 atquein
1749 2590 1812 2618 feti-

1027 2627 1165 2653 dissimum
1181 2634 1230 2660 pus
1245 2626 1401 2653 immittere.
1420 2625 1464 2653 sua
1482 2626 1507 2653 in
1526 2625 1670 2659 Epistolam
1688 2625 1762 2652 [’ardi
1782 2627 1814 2652 ad

1025 2662 1180 2688 Corinthios
1193 2669 1262 2696 serpe
1282 2666 1414 2695 repetens,
1433 2666 1460 2688 et
1477 2662 1503 2688 in
1520 2660 1604 2694 Epist.
1621 2661 1654 2687 ad
1670 2660 1813 2687 Thessalo-

1026 2697 1202 2732 nicenscsiul
1218 2695 1243 2723 in
1253 2696 1337 2724 Persii
1352 2704 1470 2732 satyram
1483 2696 1500 2722 4
1513 2696 1667 2732 observavit
1682 2695 1812 2732 (iasuubJ

1026 2737 1116 2759 monet
1146 2730 1502 2766 distinguemlum,'ulrunt
1532 2730 1656 2757 dicantur
1680 2730 1811 2764 ejusmodi

1022 2774 1162 2794 sermones
1176 2775 1207 2794 ex
1222 2766 1348 2801 loquendi
1362 2766 1470 2799 affectu,
1483 2774 1517 2793 an
1535 2767 1645 2793 curandi
1660 2767 1808 2792 voluntate.

1019 2802 1094 2835 Quod
1110 2807 1198 2828 autem
1229 2800 1270 2828 hic
1298 2803 1415 2829 lsidorus
1441 2809 1520 2835 Supra
1544 2801 1622 2833 dixit,
1648 2800 1810 2835 βουλόμενος

1018 2838 1068 2873 τὴν
1093 2837 1189 2873 ἑαυτοῦ
1214 2835 1336 2870 γλῶτταν
1363 2836 1592 2873 καταρρυπαίνοι,
1622 2837 1741 2870 reperies
1767 2845 1812 2873 gr:-

1021 2871 1091 2898 miua
1108 2872 1170 2899 iuir.
1183 2874 1262 2907 epist.
1280 2873 1331 2899 507
1344 2892 1350 2903 ,
1367 2871 1448 2906 quam
1467 2880 1526 2899 cum
1549 2871 1589 2898 his
1613 2872 1766 2899 committas
1781 2872 1813 2897 li-

1019 2912 1071 2936 cet.
1086 2907 1205 2934 Scnorr.

1055 2942 1112 2978 (1‘2)
1130 2943 1249 2972 Πατὰἒαι
1271 2944 1350 2970 ii-lcm
1366 2947 1463 2978 augent
1484 2942 1508 2969 in
1528 2942 1691 2977 παρατάξαι.
1709 2942 1812 2971 Possm.

1740 199 1811 232 i590-
1850 205 1855 209 ’
