2049 3162
200 201 268 234 1593

350 257 438 286 ΥΝΘ¹.
455 273 490 278 -
505 257 636 293 ΙΣῘΔΩΡῼ
652 258 835 295 ΕΠΙΣΚΟΠῼ.

643 202 912 232 EPISTOLARUM
934 203 1006 233 LIB.
1029 205 1101 234 V.-
1120 205 1378 235 EPlST.CDL\I.

1759 199 1768 230 1
1775 197 1825 232 59’s

1169 260 1283 289 CDLIX.
1296 277 1331 282 —-
1345 259 1483 289 [SIDORO
1511 257 1687 287 EPISCOPO.

251 313 395 342 Laborami
410 319 435 342 et
448 315 554 350 facienti
566 321 693 350 quantum
711 315 737 342 in
754 323 782 343 se
791 320 840 349 est,
859 315 929 343 Deus
950 315 999 351 fert
1013 317 1154 345 auxilium.
1174 317 1309 345 Virtutum
1330 318 1400 345 laus.
1414 317 1491 353 (Sup.
1511 317 1587 352 epist.
1603 309 1775 345 31591527.)

200 371 202 373 ’
239 371 270 398 '0
291 371 340 407 μὲν
362 371 463 408 ἀρετὴν
479 372 582 405 ἀσκῶν,
613 372 718 404 δίκαιος
744 372 778 399 ἂν
808 372 851 408 εἴη
876 372 924 400 καὶ
936 373 986 408 τὴν

200 417 276 445 θείαν
290 418 330 450 εἰς
346 417 472 453 βοήθειαν
497 418 686 445 ἐπικαλεῖσθαι
710 418 813 454 ῥοπήν·
831 419 845 445 ὁ
867 418 896 445 δὲ
921 418 988 454 μηδ-

200 465 269 495 όλως
289 463 439 500 φροντίζων
465 464 577 500 ἀρετῆς,
608 465 663 492 οὐδ’
681 465 714 492 ἂν
741 464 849 500 καλοίη,
871 465 988 500 ἐπήκοον

200 510 255 543 ἕξει
270 510 300 537 τὸ
317 510 406 538 Θεῖον.
420 510 466 546 Τῷ
483 511 538 547 γὰρ
561 511 649 539 πάντα
671 511 704 538 τὰ
727 512 792 547 παρ’
810 511 908 538 ἑαυτοῦ
920 512 989 547 πλη-

203 556 293 593 ροῦντι
321 557 443 592 εὐμενῶς
468 557 598 586 ἐπινεύει.
625 558 683 585 ’Ῑνα
709 558 738 585 δὲ
755 558 803 585 καὶ
827 558 872 585 διὰ
897 566 988 594 παρα-

201 603 354 638 δειγμάτων
366 603 478 638 βαδίσας
491 605 506 631 ὁ
525 604 605 639 λόγος
622 604 787 640 σαφέστερον
813 604 893 631 τοῦτο
907 605 988 640 ποιή-

188 655 247 683 μέσῃ,
269 647 367 683 παρεὶς
382 648 412 675 τὸ
426 649 518 683 φάναι.
536 649 567 676 El
582 650 599 685 ή
620 649 708 685 πόρνη
728 649 853 684 βούλεται
868 650 918 685 μὲν
935 658 989 677 σω-

203 693 292 729 θῆναι,
312 694 342 721 οὺ
367 694 492 729 βούλεται
520 696 548 723 δὲ
576 696 761 732 σωφρονῆσαι,
786 696 846 728 πῶς
871 695 991 731 σωθήσε-

202 747 262 772 rat;
286 739 391 766 Ἐκεῖνο
410 739 517 776 φράσω.
533 741 623 768 Ἔστω
643 749 685 773 τις
698 741 850 777 γράμματα
869 741 918 776 μὲν
929 741 991 768 ὲπι-

204 784 298 820 θυμῶν
334 784 442 820 μαθεῖν,
469 786 510 818 είς
539 785 699 813 διδασκάλου
730 786 758 813 δὲ
789 785 826 822 μὴ
867 786 990 821 φοιτῶν·

203 828 263 857 εἶτα
291 831 330 866 τῷ
356 833 552 867 γραμματιστῇ
575 832 735 868 ἀγοράζοντι
762 831 882 867 ἐντυχὼν
907 831 989 864 λέξοι·

205 876 320 912 Ποίησον
340 885 374 912 με
392 878 488 913 μαθεῖν
512 878 680 914 γράμματα’
699 876 745 915 ἄρ’
765 878 815 913 οὐχ
837 879 891 914 ἡγῇ
917 879 991 905 ἐκεῖ·

204 929 249 948 νον
280 921 414 957 λαμπρῶς
436 922 633 958 ἀποκρίνεσθαι
659 922 783 957 λέγονται
799 923 992 958 Ἐμῆρόντητε,

204 967 251 993 καὶ
275 967 332 998 πιῖις
350 967 384 994 ἂν
405 967 498 995 δύναιο
527 968 633 1004 μαθεῖν,
665 969 733 1004 μήτε
761 969 801 1000 είς
826 968 988 996 διδασκάλου

205 1011 316 1046 φοιτῶν,
330 1013 399 1048 μήτε
411 1002 532 1049 γραφίδα
546 1014 593 1040 καὶ
612 1002 704 1041 δέλτον
724 1015 904 1050 κεκτημένος,
922 1015 992 1050 μήτε
1009 1002 1030 1031 Β

205 1059 296 1084 πονεῖν
310 1058 487 1093 βουλόμενοςς
505 1060 543 1095 Τῇ
565 1059 614 1095 μὲν
640 1060 695 1096 γὰρ
709 1060 841 1096 ἐπιθυμίᾳ
855 1062 889 1096 τῇ
917 1061 949 1096 σῇ
967 1061 992 1087 ει

206 1103 221 1129 ὀ
247 1103 328 1135 πόνος
355 1104 504 1140 συναφθείη
530 1106 578 1132 καὶ
608 1106 625 1140 ἡ
643 1105 696 1141 ὲμὴ
730 1106 843 1141 σπουδὴ,
873 1106 992 1142 ἔσταιτι

207 1148 297 1175 πλέον.
313 1149 344 1176 El
359 1149 387 1176 δὲ
406 1150 495 1184 λέγοις
514 1151 562 1186 μὲν
580 1151 734 1187 ἐπιθυμεῖν,
763 1152 831 1187 μηδὲ
855 1153 941 1184 ποιοῖς
955 1149 993 1180 ὥν

205 1195 231 1221 ot
267 1195 465 1231 ἐπιθυμοῦντες
497 1197 614 1230 ποιοῦσι,
645 1197 704 1229 πῶς
742 1197 837 1233 μαθεῖν
874 1198 992 1234 δυνήσῃς

206 1240 328 1268 Τοιοῦτοί
345 1242 397 1269 εἱσι
415 1243 462 1269 καὶ
476 1242 500 1269 oi
515 1243 614 1278 ἀρετῆς
625 1243 752 1277 λέγοντες
773 1243 822 1278 μὲν
838 1243 992 1279 ἐπιθυμεῖν,

205 1286 255 1323 τὴν
268 1287 297 1314 δὲ
309 1289 348 1320 εἰς
362 1288 446 1324 αὐτὴν
460 1289 596 1325 φέρουσαν
610 1289 669 1316 ὀδδν
687 1289 942 1325 ἀποδιδράσκοντες.

384 1438 445 1467 ΥΞ¹.
455 1453 489 1459 -
506 1439 610 1466 ΗΡΩΝΙ
626 1438 860 1473 ΠΡΕΣΒΥΤΕΡῼ.

1028 399 1030 401 ,
1073 373 1174 402 Virtuti
1188 381 1298 410 operam
1312 375 1421 402 navanti
1437 381 1543 409 aequum
1559 377 1602 401 est
1614 373 1732 400 divinum
1746 370 1827 399 etiam

1038 420 1195 456 implorare,
1217 425 1245 448 ut
1261 428 1338 455 opem
1363 420 1433 447 Deus
1455 420 1534 452 ferat,
1557 419 1700 446 auxilium.
1724 417 1758 444 At
1782 415 1828 451 qui

1038 468 1098 503 ejus
1111 467 1212 495 nullam
1228 467 1303 495 ducit
1319 467 1463 499 rationem,
1485 473 1572 501 neque
1588 466 1696 493 invocat
1712 463 1829 493 Numen,

1039 514 1107 542 illud
1129 513 1276 548 propitium
1293 520 1345 540 non
1369 512 1537 548 experietur.
1564 511 1616 544 Qui
1638 511 1710 538 enim
1725 510 1828 540 omnia.

1040 561 1128 596 quoad
1151 559 1209 593 ejus
1235 559 1294 587 fieri
1312 562 1412 594 potest,
1438 558 1542 593 implet,
1575 558 1692 592 benigne
1709 557 1733 583 ei
1760 556 1832 583 Deus

1041 607 1146 634 annuit.
1164 605 1199 633 Ut
1223 613 1288 634 vero
1312 605 1444 641 exemplis
1467 605 1550 632 etiam
1573 611 1664 631 sermo
1684 603 1784 629 clarius
1804 601 1832 628 id

1041 652 1178 685 ostendat,
1194 651 1285 679 dicere
1300 651 1365 678 mihi
1383 650 1483 678 videris
1500 659 1507 677 :
1521 648 1590 682 Quid
1604 648 1627 675 si
1643 652 1764 675 scortum
1781 646 1832 673 sal-

1041 697 1100 724 vari
1113 697 1189 729 velit,
1204 703 1259 724 non
1280 696 1344 724 velit
1359 700 1450 724 tamen
1465 695 1499 723 ab
1514 692 1708 722 incontinentia
1723 698 1833 726 tempe-

1022 742 1113 776 ‘rare,
1142 749 1196 776 qua
1226 743 1332 769 deruunt
1358 741 1464 768 ratione
1492 738 1660 768 salvabitur?
1691 736 1738 764 Est
1762 737 1833 770 quod

1041 787 1218 822 respondeam
1237 795 1244 813 :
1263 786 1306 814 Sit
1323 787 1368 822 qui
1386 786 1492 814 discere
1514 785 1620 813 litteras
1638 784 1741 824 cupiat,
1769 789 1834 817 prte-

1041 838 1178 869 ceptorem
1197 838 1286 861 tamen
1303 833 1370 860 nolit
1384 833 1569 867 frequentare,
1586 831 1685 859 dehinc
1699 830 1724 858 in
1741 837 1835 864 gram-

1042 879 1172 906 matisten
1189 878 1252 914 (hoc
1269 883 1321 910 est,
1338 878 1460 906 scribere
1485 878 1627 905 docentem
1641 897 1648 909 ,
1674 883 1706 903 ac
1730 876 1762 902 de
1788 874 1834 901 lit-

1044 925 1109 953 teris
1137 920 1336 960 disserentem)
1365 924 1486 951 incidens
1516 923 1588 950 dicat
1614 930 1621 949 :
1646 922 1764 950 Litteras
1792 926 1836 946 me

1045 971 1162 1005 doceas;
1179 978 1270 998 annon
1286 971 1359 998 clare
1385 976 1577 1004 responsurum
1605 967 1726 1002 opinaris
1742 975 1748 993 :
1763 965 1835 993 Heus

1046 1017 1159 1051 stolide,
1176 1017 1312 1052 quomodo
1327 1017 1432 1044 discere
1448 1023 1542 1052 queas,
1553 1015 1574 1042 si
1588 1022 1674 1049 neque
1689 1017 1835 1048 praecepto-

1047 1069 1104 1090 rem
1133 1061 1306 1097 frequentas,
1323 1070 1413 1097 neque
1430 1062 1528 1097 stylum
1549 1060 1632 1088 habes
1653 1059 1835 1093 tabulamque,

1046 1112 1074 1135 et
1088 1107 1212 1136 laborare
1229 1108 1358 1135 recusas?
1378 1107 1441 1135 Tua:
1458 1106 1530 1135 enim
1552 1105 1673 1133 discendi
1694 1103 1836 1138 cupiditati

1047 1153 1069 1181 si
1086 1153 1233 1181 accesserit
1249 1153 1334 1186 labor,
1349 1158 1430 1188 atque
1444 1160 1525 1187 opera
1542 1152 1622 1178 etiam
1640 1158 1709 1182 mea,
1727 1149 1837 1176 absolu-

1048 1203 1103 1227 tum
1119 1199 1183 1235 quid
1199 1199 1405 1235 perfectumque
1425 1198 1532 1226 evadet.
1547 1196 1625 1230 Quod
1641 1196 1663 1224 si
1682 1196 1837 1223 desiderare

1048 1245 1157 1280 quidem
1186 1250 1212 1273 te
1238 1245 1367 1279 aﬂirmes,
1399 1252 1486 1281 nequc
1510 1251 1540 1272 ea
1564 1251 1628 1279 ages
1655 1249 1716 1277 quae
1736 1240 1837 1269 sciendi

1048 1290 1138 1325 cupidi
1154 1290 1245 1318 facere
1257 1296 1468 1325 consueverunt,
1478 1290 1612 1326 quomodo
1621 1288 1723 1315 discere
1737 1283 1840 1319 queas?

1049 1335 1096 1363 Sic
1121 1335 1166 1370 qui
1193 1336 1320 1363 virtutem
1350 1339 1444 1370 optare
1476 1343 1505 1363 se
1531 1335 1634 1366 dicunt,
1663 1339 1695 1359 ac
1721 1330 1790 1358 viam
1806 1335 1841 1355 eo

1050 1380 1194 1408 ducentem
1211 1381 1315 1416 ingredi
1332 1381 1479 1417 refugiunt.

1169 1437 1272 1465 CDLX.
1285 1453 1320 1458 -—
1330 1437 1460 1465 HERONI
1484 1433 1724 1465 PRESBYTERO.

521 1488 652 1516 Sectnndu
665 1496 695 1515 ea
705 1496 765 1523 qua:
784 1488 818 1514 ad
834 1488 954 1515 uirtutem
972 1486 1161 1523 acquirendam
1181 1488 1341 1515 adminiculo
1356 1496 1411 1515 esse
1421 1491 1526 1522 queant.

245 1546 337 1582 Μηδὲν
362 1545 455 1582 τίμιον
476 1544 547 1574 εἶναι
572 1545 678 1581 νόμιζε.
693 1545 707 1572 ὃ
731 1545 768 1582 μὴ
806 1545 874 1581 πρὶς
897 1545 999 1581 ἀρετὴν

210 1593 294 1629 φέρῃ,
314 1593 382 1629 μηδὲ
396 1595 459 1628 ποιῇ
474 1593 604 1628 ἀμείνους
617 1593 680 1624 τοὺς
697 1592 762 1627 περὶ⁹
787 1592 853 1618 αὐτὸ
876 1590 996 1618 σπουδά-

1087 1545 1159 1574 Cave
1175 1550 1253 1581 putes
1266 1544 1380 1580 alicujus
1395 1551 1455 1572 esse
1470 1542 1560 1578 pretii,
1578 1541 1649 1577 quod
1666 1539 1699 1568 ad
1716 1539 1843 1566 virtutem

1050 1599 1103 1620 non
1128 1593 1221 1626 ducat,
1240 1599 1328 1627 neque
1343 1591 1470 1618 meliores
1485 1589 1579 1617 reddat
1603 1587 1654 1615 sibi
1672 1585 1788 1614 deditos.
1804 1583 1845 1611 Ad

210 1638 317 1672 ζοντας.
330 1639 410 1676 Φέρει
421 1639 450 1666 δὲ
472 1639 512 1671 είς
524 1638 626 1674 ἀρετὴν
637 1638 667 1665 τὸ
683 1639 740 1670 τοῖς
762 1637 917 1673 φιλαρέτοις
932 1638 997 1664 ἀκο-

1052 1640 1182 1666 virtutem
1197 1642 1287 1666 autem
1314 1645 1394 1665 manu
1411 1636 1531 1668 duceris,
1542 1635 1565 1662 si
1591 1634 1691 1661 virtute
1720 1630 1846 1666 praeditos

210 1685 325 1718 λουθεῖν,
341 1686 389 1712 καὶ
405 1685 510 1721 ὁμιλεῖν
528 1686 585 1716 τοῖς
613 1684 857 1720 σωφρονεστάτοις,
876 1682 945 1709 ἀλλὰ
959 1683 998 1718 μὴ

210 1733 266 1764 τοῖς
292 1731 518 1766 ἀσελγεστάτοιςο
544 1732 601 1762 τοῖς
637 1729 861 1766 είρηνικωτάτοις
888 1728 936 1755 καὶ
959 1725 1002 1759 οἷς

212 1777 411 1813 συνδιατρίϐειν
435 1776 583 1809 λυσιτελὲς,
601 1775 671 1803 ἀλλὰ
695 1776 733 1812 μὴ
751 1777 806 1808 τοῖς
832 1775 999 1810 μαχιμωτά-

211 1833 278 1856 τοις.
294 1821 331 1850 Εὖ
350 1823 406 1859 γὰρ
435 1823 535 1850 ειδέναι
551 1822 615 1858 χρὴ,
639 1823 680 1849 ὅτι
696 1821 794 1853 κακίας
812 1829 854 1853 τις
878 1821 942 1857 ῥᾷον
955 1829 1004 1856 με-

211 1869 413 1906 ταλαμϐάνειῆ
438 1870 550 1905 ἀρετῆς.
572 1869 603 1895 Εἰ
617 1868 672 1903 γὰρ
699 1865 734 1902 ἦν
760 1868 825 1903 ῥᾷον
845 1867 876 1894 τὸ
901 1867 1003 1903 ἀρετῆς

215 1917 369 1952 μετασχεῖν,
381 1915 467 1951 ἐχρῆν
490 1915 535 1941 καὶ
551 1915 608 1947 τοῖς
635 1913 778 1945 κακίστοις
794 1914 913 1940 συνεῖναι
938 1913 1002 1944 τοὺς

214 1962 381 1998 δυναμένους
409 1961 512 1997 ταύτην
538 1960 714 1997 χαρίσασθαι.
748 1959 858 1995 Ἐπειδὴ
879 1959 908 1986 δὲ
922 1958 1003 1986 τοῦτο

213 2007 352 2040 δύσκολον,
377 2007 489 2043 ἄμεινον
505 2006 536 2034 ὲν
557 2004 694 2041 ἀσφαλείᾳ
717 2002 798 2038 εἶναι,
826 2004 874 2031 καὶ
894 2003 1006 2039 φεύγειν

214 2053 278 2085 τοὺς
292 2053 436 2089 πονηρούς.
459 2053 491 2080 Εἰ
509 2052 564 2088 γὰρ
587 2052 685 2079 ἐκεῖνοι
702 2051 753 2078 οὐκ
776 2050 959 2085 ὠφελοῦνται,
971 2050 1006 2077 δι’

215 2099 249 2135 ἢν
261 2098 351 2128 αἰτίαν
362 2099 444 2131 αὐτὸς
456 2098 623 2135 ζημιοῦσαις

383 2199 469 2228 ΥΞΑἏ
482 2214 516 2221 -
532 2199 651 2227 ΙΕΡΔΚΙ
673 2199 836 2234 ΔΙΑΚΟΝῼ.

1052 1684 1196 1719 sequaris,
1223 1688 1305 1718 atque
1327 1687 1403 1710 utare
1430 1680 1600 1708 familiariter
1626 1675 1847 1712 prudentissimis

1055 1730 1229 1763 hominibus,
1257 1730 1303 1757 sed
1328 1729 1440 1756 libidine
1471 1726 1583 1754 minime
1610 1723 1767 1754 dissolutis,
1791 1721 1847 1748 vita

1054 1782 1120 1804 vero
1128 1774 1232 1810 pacatis
1242 1781 1274 1801 ac
1285 1773 1399 1809 placidis
1413 1772 1531 1800 maxime
1541 1770 1672 1802 moribus,
1687 1768 1847 1803 quibuscum

1054 1820 1159 1849 versari
1178 1820 1310 1856 perutile,
1331 1827 1384 1847 non
1408 1826 1470 1846 cum
1491 1815 1679 1845 contentiosis.
1702 1813 1847 1841 Sciendum

1057 1867 1130 1896 enim
1143 1875 1217 1899 vere,
1234 1866 1314 1895 citius
1330 1866 1405 1894 vitiis
1423 1872 1505 1900 quam
1520 1862 1665 1891 virtutibus
1681 1860 1753 1894 capi.
1766 1857 1849 1894 695

1059 1912 1088 1940 Si
1104 1913 1177 1941 enim
1196 1912 1303 1940 facilius
1318 1912 1389 1939 foret
1414 1911 1543 1938 virtutem
1567 1906 1692 1942 adipisci,
1707 1904 1849 1940 oportebat

1058 1966 1124 1987 sane
1137 1966 1198 1987 cum
1209 1957 1338 1994 pessimis
1360 1955 1464 1985 versari
1478 1962 1535 1988 eos,
1553 1953 1599 1989 qui
1616 1953 1685 1979 hanc
1699 1948 1851 1978 communi-

1060 2012 1126 2033 care
1139 2008 1260 2040 possent.
1281 1996 1349 2030 Cum
1374 2009 1439 2030 vero
1457 2000 1483 2027 id
1501 1997 1659 2034 perdifficile
1675 1994 1722 2027 sit,
1739 1996 1850 2040 praestat

1061 2054 1119 2078 tuto
1131 2036 1213 2085 agere
1229 2053 1257 2076 et
1271 2042 1409 2083 improbos
1428 2046 1526 2074 vitare.
1544 2041 1684 2078 Siquidem
1699 2036 1851 2085 veroruibil

1060 2082 1195 2124 commodi
1218 2082 1338 2123 referunt
1361 2092 1488 2128 improbi,
1512 2097 1571 2123 cur,
1595 2093 1709 2124 quteso,
1731 2084 1779 2112 tibi
1801 2082 1851 2118 ipsi

1061 2141 1159 2169 afferre
1173 2141 1302 2169 damnum
1316 2139 1431 2168 studes?

1204 2197 1319 2227 CDLXI.
1333 2212 1369 2218 —
1388 2194 1528 2224 HIERACI
1548 2189 1709 2221 DlACONO.

523 2283 529 2288 ἢ
559 2246 686 2273 Animum
699 2253 778 2280 quam
798 2252 892 2279 corpus
908 2243 1026 2272 excolere
1042 2251 1163 2280 prastat.
1180 2245 1218 2273 De
1229 2245 1353 2272 societate
1368 2242 1506 2269 bonorum.

257 2313 290 2341 Ἦ
308 2313 389 2348 φύσις
402 2313 510 2350 ἀνάγκῃ
523 2313 571 2340 καὶ
584 2312 658 2349 ὅροις
670 2311 785 2345 δέδεται,
801 2312 817 2347 ἡ
832 2311 860 2338 δὲ
876 2310 999 2346 προαίρε-

1092 2309 1195 2337 Natura
1211 2306 1366 2337 necessitati
1389 2305 1527 2340 certisque
1545 2306 1588 2331 est
1609 2301 1707 2329 finibus
1723 2298 1854 2328 astricta;

219 2368 261 2392 σις
272 2359 416 2395 ἐλευθερίᾳ
437 2359 485 2385 καὶ
499 2358 610 2395 ἐξουσίᾳ
629 2358 786 2394 τετίμηται.
801 2357 835 2384 Τί
859 2356 1008 2392 τοιγαροῦν

217 2405 249 2432 τὸ
264 2405 343 2441 σῶμα
372 2404 562 2438 καλλωπίζων,
581 2405 632 2440 τῆς
645 2403 735 2440 ψυχῆς
756 2402 889 2439 ἀμελεῖςς
915 2401 1010 2437 Μυρία

221 2451 271 2487 μὲν
291 2452 348 2487 (44)
366 2451 413 2478 ἐὰν
431 2451 585 2486 μηχανήσῃ,
602 2450 633 2477 τὸ
644 2449 763 2485 εἰδεχθὲς
777 2448 857 2484 σῶμα
870 2447 1010 2483 εὔμορφον

218 2497 249 2524 ού
265 2498 397 2532 ποιήσεις.
417 2497 496 2532 Ῥᾷον
508 2496 536 2523 δὲ
551 2495 602 2532 τὴν
619 2495 709 2531 ψυχὴν
724 2495 764 2527 εἰς
786 2493 871 2529 αὐτὴν
884 2492 930 2520 τοῦ
947 2492 1014 2520 κάλ-

220 2543 282 2576 λους
299 2543 456 2578 ἀναγάγοις,
472 2543 496 2569 εί
520 2542 635 2578 βούλοιο,
664 2541 714 2577 τὴν
735 2540 878 2576 κορυφήν·
909 2538 958 2566 καὶ
979 2538 1011 2566 τὸ

222 2589 283 2625 μὲν,
300 2590 325 2616 εί
339 2589 386 2616 καὶ
400 2588 512 2616 δυνατδν
524 2586 570 2624 ἦν,
586 2588 723 2622 ἀνωφελὲς
737 2585 771 2623 ἦν
785 2586 832 2614 καὶ
846 2586 992 2621 ἐπίφθονον
1002 2594 1010 2602 ·

221 2636 252 2663 τδ
267 2636 295 2663 δὲ
311 2635 357 2663 καί
366 2635 513 2670 ὠφέλιμον,
522 2634 570 2662 καὶ
585 2633 682 2669 φθόνου
697 2634 830 2669 κρεῖττον,
846 2633 893 2660 καὶ
906 2633 1013 2668 βασκα-

222 2681 279 2713 νίας
313 2681 459 2716 ὰνώτερον.
492 2681 522 2707 Εἰ
551 2680 580 2706 δὲ
605 2679 725 2715 νομίζεις
748 2679 876 2706 δύσκολον
891 2677 962 2706 εἶναι
981 2677 1013 2705 τδ

224 2727 356 2763 ἀναϐῆναι
370 2727 416 2754 ἐπὶ
431 2726 479 2762 τὴν
490 2726 611 2762 κορυφὴν
626 2725 676 2760 τῆς
695 2725 806 2760 ἀρετῆς,
824 2724 941 2759 μάλιστα
960 2724 1012 2758 μὲν

223 2773 292 2800 εἰσὶν
323 2773 349 2800 oi
376 2773 424 2800 καὶ
451 2773 531 2800 τοῦτο
556 2773 713 2804 ἀνύσαντες,
740 2771 788 2798 καὶ
815 2771 847 2797 ὲκ
862 2770 910 2797 τοῦ
929 2769 1011 2806 βυθοῦ

1058 2356 1201 2384 arbitrium
1229 2362 1294 2382 vero
1321 2353 1449 2381 libertate
1477 2358 1509 2378 ac
1548 2350 1682 2384 potestate
1713 2344 1855 2379 praeditum

1059 2407 1111 2430 est.
1125 2401 1181 2429 Cur
1195 2401 1280 2437 igitur
1302 2406 1403 2433 corpus
1425 2399 1553 2425 accurate
1571 2399 1709 2422 exornans
1735 2391 1855 2418 animam

1062 2435 1348 2483 negligisivTametsi
1375 2444 1448 2472 enim
1480 2439 1687 2469 innumerabilia
1717 2435 1855 2468 moliaris,

1064 2481 1164 2528 corpus
1174 2492 1297 2521 deforme
1312 2490 1414 2518 frustra
1439 2489 1590 2516 formosum
1604 2482 1713 2512 coneris
1730 2481 1855 2528 reddere.

1064 2537 1099 2565 At
1114 2524 1229 2572 pronum
1255 2538 1296 2563 est
1311 2541 1344 2562 ac
1357 2533 1436 2561 facile
1459 2532 1580 2559 animam
1605 2529 1640 2556 ad
1664 2533 1818 2572 summum,
1834 2524 1856 2572 si

1065 2569 1141 2616 libet,
1170 2581 1379 2618 pulchritudinis
1406 2578 1513 2607 culmen
1542 2575 1689 2603 adducere.
1729 2570 1762 2597 Et
1792 2569 1858 2618 illud

1063 2615 1184 2664 quidem,
1207 2627 1332 2663 quamvis
1360 2624 1418 2653 fieri
1446 2626 1546 2659 queat,
1564 2619 1660 2648 inutile
1676 2621 1766 2644 tamen
1780 2615 1816 2664 sit
1831 2619 1859 2664 et

1063 2660 1187 2703 odiosum
1202 2660 1274 2702 {hoc
1289 2681 1354 2702 vero
1378 2670 1498 2708 perutile
1514 2672 1540 2696 et
1556 2671 1634 2694 extra
1652 2670 1761 2692 omnem

1063 2723 1137 2750 diam
1163 2721 1309 2756 odiumque
1327 2705 1456 2756 positum.
1478 2716 1508 2744 Si
1529 2718 1618 2742 autem
1646 2714 1725 2747 putes
1750 2705 1859 2756 difﬁcile

1063 2776 1135 2803 esse,
1151 2773 1180 2796 ut
1194 2767 1256 2803 quis
1265 2754 1300 2794 ad
1309 2754 1446 2794 summum
1463 2761 1573 2791 virtutis
1586 2759 1692 2794 apicem
1708 2754 1859 2791 pertiugat,

780 2847 896 2876 VARI/IS
916 2845 1108 2875 LECTIONES
1128 2845 1172 2873 ΕΤ
1191 2843 1307 2873 NOTAE.

264 2927 320 2964 ibi)
334 2928 406 2957 Inter
421 2929 468 2966 μὲν
482 2933 509 2957 et
528 2929 574 2956 ὲὰν
590 2929 669 2957 iidem
686 2929 807 2956 inserunt
821 2927 885 2962 γάρ.
909 2925 1014 2954 Possm.
