2049 3162
155 197 222 232 1597

599 196 867 227 ΕΡΙΞΤΟΙΛΒΠΜ
888 196 961 226 LIB.
982 197 1056 227 V.-
1077 197 1198 228 EPIST.
1218 199 1371 230 CDLXIX.

1731 191 1799 226 1538

153 262 208 289 τῶν
217 257 357 292 δυσχερῶν
370 255 533 292 ὑπεροψίαν,
549 255 596 282 καὶ
619 256 648 282 re
660 255 793 290 γενναίως
806 254 900 290 φέρειν
913 254 948 281 τὰ
965 257 981 285 Α

1011 255 1074 283 enim
1085 255 1233 284 Christiani
1246 257 1373 293 accipere
1385 263 1467 292 quam
1483 255 1573 284 facere
1584 253 1711 288 injuriam
1720 253 1800 288 longe

154 303 348 340 συμϐαίνοντα.
367 303 399 330 Εἰ
413 303 442 329 δὲ
454 303 507 338 χρή
524 311 550 329 τι
577 302 625 329 καὶ
649 302 718 337 πρὸς
729 301 774 327 τὸν
791 301 895 337 ῥήτορα
909 301 949 327 ει-

153 349 336 385 minati-conp”
356 349 405 376 ἄν·
434 349 505 375 Ἀλλ’
526 349 540 375 ὸ
569 348 651 384 σοφίᾳ.
677 347 898 383 περιγενόμενος,
927 345 950 375 ὧ

154 396 278 431 ρητόρων
296 394 402 430 ἄριστε,
420 394 499 429 δῆλος
509 392 544 430 ἣν
552 395 593 421 ὅτι
604 394 650 421 καὶ
663 394 789 430 νικήσας,
803 394 826 420 si
839 393 950 430 συνέϐη,

153 441 282 477 πολεμῶν
300 440 468 476 περιεγένετ¹
481 440 514 468 ἂν
527 441 671 476 μείξονως·
687 442 701 467 ὁ
714 440 742 467 δὲ
755 439 866 475 ἀνδρείᾳ
884 449 953 476 κρα-

154 489 241 523 τήσας
257 487 356 523 ἄδηλος
376 485 420 524 ἦν,
439 488 464 514 εἰ
482 487 564 523 σοφίᾳ
590 487 765 523 περιεγένετο
789 487 844 520 τοῖς
861 487 954 519 ὅπλοις

153 534 292 572 ἡττηθείς.

407 675 497 713 req.
512 690 548 695 —
566 675 707 702 anaNr.

1004 309 1065 329 esse
1082 304 1265 337 pnestautius.
1283 303 1486 331 Fortitudinem
1501 303 1574 331 enim
1589 301 1778 329 existimamus
1792 319 1800 331 ,

1005 355 1096 375 rerum
1113 355 1174 376 esse
1185 349 1333 377 dillicilium
1349 349 1571 384 despicientiam,
1587 352 1614 375 et
1630 354 1723 374 eorum
1741 353 1800 380 qme

1007 393 1135 421 accidunt
1166 394 1349 422 tolerantiam.
1382 394 1453 428 Quid
1478 402 1544 422 vero
1572 392 1676 421 oratori
1705 392 1743 419 illi
1766 391 1802 417 sit

1007 439 1224 474 respondendum
1236 460 1243 473 ,
1260 440 1299 468 sic
1324 440 1424 468 habeto
1440 450 1446 468 :
1464 440 1642 470 O.rbetorum
1667 442 1801 473 prasstan-

1005 485 1128 518 tissime,
1149 486 1274 522 quisquis
1291 486 1425 521 sapientia
1444 486 1569 521 superior
1589 485 1693 517 evasit,
1717 483 1802 518 magis

1005 531 1174 565 inclareseit,
1191 540 1274 568 quam
1298 533 1385 560 victor
1406 532 1451 567 qui
1475 532 1620 567 pugnando
1645 531 1735 558 evadit
1758 537 1803 556 su-

1004 577 1107 612 perior.
1124 577 1266 607 Fortitudo
1288 583 1379 606 autem
1396 579 1508 606 vincens
1523 577 1674 612 ignoratur,
1696 577 1718 604 si
1739 583 1804 612 pru-

1005 624 1096 652 dentis
1113 625 1197 653 armis
1209 630 1364 660 superetur.

1235 679 1376 713 QDLXVI.
1392 695 1428 700 ——
1441 679 1578 708 ZENONI.

229 722 402 757 Hermogenis
416 721 531 756 episcopi
547 721 619 754 laus,
627 725 652 748 et
666 720 803 748 medulla:
818 720 1030 758 humilitaliaque
1045 725 1250 755 commendatio.
1266 725 1311 762 (Ut
1327 731 1352 754 et
1365 734 1446 761 supra
1462 727 1538 761 cpisl.
1554 726 1607 753 558
1622 729 1645 752 et
1658 723 1733 759 448.)

199 778 369 815 Ἑρμογένης
380 779 395 805 ὁ
413 778 574 809 ἐπίσκοπος,
596 777 708 811 ἀγαθὸς,
721 778 745 804 εἰ
757 777 804 804 καί
815 786 857 810 τις
871 777 951 810 ἄλλος

157 826 281 860 γέγονεν,
295 825 374 860 ἀνήρ.
387 823 509 861 Τραφεῖς
521 823 576 858 γὰρ
591 823 621 850 ὲν
633 824 690 854 τοῖς
707 823 754 849 τοῦ
769 822 890 859 Χριστοῦ
908 823 953 850 νό-

161 880 233 907 μοις,
255 869 409 901 παιδευθεὶς
432 869 460 896 δὲ
488 870 518 895 ὲν
531 869 587 900 τοῖς
602 868 792 900 ἀποστολικοτς
807 868 954 904 παραδείγ-

1045 781 1196 819 Episcopus
1223 783 1410 819 Hermogenes
1437 782 1540 818 probus
1562 782 1604 809 vir
1621 786 1674 814 est,
1699 781 1722 809 si
1745 781 1806 815 quis

1007 828 1087 856 alius.
1102 829 1240 857 Educatus
1254 830 1326 857 enim
1343 830 1371 856 in
1386 829 1487 857 Christi
1500 827 1705 863 lege,exemplis
1715 832 1805 854 autem

1009 873 1150 901 institutus
1169 874 1337 909 apostolicis,
1354 874 1481 909 episcopo
1497 880 1562 901 vero
1576 873 1656 908 digna
1673 872 1756 900 sentit
1779 875 1806 899 et

161 925 255 953 μασιν,
275 916 429 951 ἐπισκοπῆς
451 915 478 942 δὲ
491 913 555 947 ἄξια
571 915 618 941 καὶ
631 915 770 950 φρονήσας
778 915 825 942 καὶ
835 915 953 950 πράξας,
970 918 981 950 ]

1011 920 1175 954 exsequitur.
1198 919 1380 954 Temporibus
1400 927 1465 947 vero
1487 919 1691 947 accommodem
1706 918 1806 945 famam

162 962 324 998 συνηὸὧσαν
341 962 396 996 (47)
412 961 450 996 τῷ
478 961 568 997 χρόνῳ
590 961 639 997 τὴν
656 961 735 993 δόξαν
750 962 797 988 καὶ
811 961 860 997 τὴν
874 961 957 997 τιμὴν

160 1010 301 1045 κέκτηται.
324 1008 354 1035 '0
368 1008 423 1044 γὰρ
438 1009 494 1040 τοῖς
507 1008 661 1040 ἄλλοιςτοτς
678 1007 727 1043 τὴν
744 1007 846 1044 ἀρετὴν
857 1007 958 1034 ἀσκοῦ-

161 1064 204 1083 σιν
235 1054 437 1090 ἀντοφθαλμεῖν
470 1054 666 1090 μεμελετηκὼς
689 1054 797 1090 φθόνος,
813 1054 901 1090 τούτῳ
914 1054 958 1082 διὰ

162 1102 194 1128 τὸ
215 1101 331 1136 μέγεθος
342 1101 393 1136 τῆς
417 1101 571 1136 πραότητος
590 1100 702 1135 καὶτῆς
721 1100 959 1136 μετριοφροσύνης

161 1147 216 1174 οὐδ’
246 1146 405 1182 ἀντιϋλέψαι
431 1146 593 1182 ἐτόλμησεν.
623 1146 657 1173 Ἦ
681 1146 735 1181 γὰρ
765 1146 834 1181 πρὸς
858 1146 894 1172 τὰ
916 1147 959 1173 ὲν-

161 1193 291 1225 δοξότατα
319 1192 374 1220 τῶν
405 1192 496 1227 ἔργων
521 1192 671 1229 σύντροφος
696 1192 835 1228 ἀγρυπνία
855 1201 960 1228 κοσμη-

162 1239 240 1266 θεῖσα
266 1240 300 1275 τῇ
326 1238 574 1275 ταπεινοφροσύνῃ,
606 1239 653 1266 καὶ
674 1238 721 1266 τὸν
734 1238 787 1266 τῶν
804 1238 960 1266 καλλίστων

161 1286 290 1322 λυμεῶνα
304 1285 402 1320 φθόνον
432 1285 666 1312 κατεδουλώσατο.
682 1285 715 1312 Εἰ
739 1285 829 1313 τοίνυν
846 1285 893 1312 καὶ
910 1285 959 1312 αὖ-

162 1332 208 1363 τὸς
222 1332 284 1358 κατ’
301 1331 374 1366 ἴχνος
387 1331 494 1358 ἐκείνου
509 1330 618 1366 βαδίσαι
646 1331 814 1367 προῄρησαι,
833 1331 960 1367 καθάπερ

164 1378 205 1410 εις
236 1377 389 1413 ἀρχέτυπόν
417 1385 479 1404 τινα
512 1377 606 1405 εἰκόνα
632 1378 716 1413 ὁρῶν,
745 1377 879 1414 σφράγιζε
909 1377 960 1412 τὴν

169 1424 271 1460 ἀρετὴν
285 1425 318 1460 τῇ
332 1423 562 1460 μετριοφροσύνῃ.
576 1423 670 1459 Καλὴν
682 1423 738 1460 γὰρ
753 1423 903 1458 ἀσφάλειαν
915 1423 961 1450 καὶ

168 1471 298 1507 μέγιστον
323 1471 480 1506 σήμαντρον
493 1469 532 1505 τῷ
545 1469 652 1505 ταμείῳ
671 1470 725 1497 τῶν
740 1469 961 1505 κατορθωμάτων

165 1516 320 1553 ιπιθήσεις.

325 1571 409 1599 ΥΞΖ’.
423 1586 458 1591 -
471 1571 555 1600 ΗΛΙΛ
567 1567 806 1606 ΠΡΕΣΒΥΤΕΡῼ.

1010 969 1037 992 et
1052 964 1165 1000 gloriam
1180 968 1222 992 est
1234 969 1408 993 consecutus.
1427 964 1543 998 Invidia,
1555 973 1617 1000 quae
1630 965 1697 992 alios
1707 964 1808 991 virtute

1009 1012 1141 1047 praeditos
1156 1011 1244 1046 palam
1261 1011 1330 1039 solet
1345 1019 1514 1047 oppugnare,
1531 1012 1604 1039 hunc
1620 1012 1654 1039 ob
1669 1012 1806 1046 ingentem

1010 1064 1117 1084 morum
1135 1057 1384 1091 mansuetudinem,
1398 1058 1618 1093 singularemque
1632 1057 1806 1090 modestiam,

1011 1110 1045 1130 ne
1060 1103 1183 1138 aspicere
1194 1103 1303 1138 quidem
1324 1104 1451 1132 sustinet.
1466 1104 1600 1140 Vigilandi
1615 1104 1689 1131 enim
1713 1104 1808 1131 claris-

1011 1148 1089 1176 simis
1116 1148 1198 1177 rebus
1224 1149 1309 1184 gestis
1335 1154 1465 1184 agnatum
1497 1150 1618 1177 studium
1649 1149 1805 1176 humilitate

1011 1188 1184 1228 exornatum,
1200 1194 1301 1230 optima
1317 1203 1431 1231 quaeque
1443 1200 1663 1230 corrumpentem
1674 1194 1804 1222 invidiam

1010 1241 1125 1276 pedibus
1138 1241 1195 1269 suis
1208 1241 1326 1278 subegit.
1342 1242 1432 1275 Quare
1444 1243 1466 1269 si
1477 1241 1534 1276 ejus
1543 1242 1669 1270 incedere
1683 1240 1809 1276 vestigiis

1012 1287 1150 1321 statuisti,
1167 1287 1240 1315 velut
1260 1289 1287 1316 in
1308 1289 1459 1324 imaginem
1484 1289 1518 1317 ad
1542 1288 1633 1316 vivum
1648 1294 1807 1322 expressam

1014 1332 1133 1366 intuens,
1161 1333 1274 1369 obsigna
1299 1335 1426 1363 virtutem
1446 1334 1520 1369 ejus,
1546 1335 1630 1363 veluti
1656 1335 1809 1370 signaculo,

1012 1378 1178 1407 humilitate.
1195 1379 1341 1408 Pulchrum
1351 1382 1422 1408 enim
1440 1381 1595 1416 prmsidium
1607 1381 1810 1414 maximumque

1014 1423 1121 1459 signum
1146 1426 1336 1461 promptuario
1368 1427 1551 1462 thesauroque
1577 1431 1651 1455 recte
1676 1427 1810 1454 factorum

1014 1470 1165 1505 appendes.

1066 1571 1149 1607 697
1165 1570 1317 1600 CDLXVIl.
1338 1587 1374 1592 —
1396 1571 1487 1600 ELlIE
1505 1571 1751 1609 PRESBYTERO,

603 1613 665 1642 Non
678 1618 763 1650 pudor
776 1619 814 1642 est
831 1614 871 1642 nil
885 1614 964 1649 scire,
978 1616 1063 1650 pudor
1077 1622 1114 1644 est
1130 1617 1167 1644 nil
1183 1617 1282 1644 discere
1294 1618 1367 1645 velle.

206 1675 237 1703 '0
252 1673 391 1702 διδάσκειν
409 1673 458 1709 μὲν
477 1673 515 1708 μὴ
535 1672 695 1707 δυνάμενος,
721 1672 818 1708 μαθεῖν
831 1672 859 1699 δὲ
873 1672 965 1707 βουλό-
979 1674 981 1691 ¹

1053 1671 1157 1700 Docere
1168 1673 1214 1707 qui
1231 1673 1345 1706 nesciat,
1358 1673 1465 1701 discere
1477 1680 1542 1701 vero
1565 1677 1689 1708 exoptat,
1709 1673 1808 1708 dignus

168 1731 248 1760 μενος
264 1721 399 1757 ἀποδοχῆς
413 1721 486 1746 ἔστιν
497 1718 581 1751 ἄξιος.
596 1719 625 1744 '0
638 1718 666 1745 δὲ
682 1718 751 1753 πρὸς
764 1717 804 1753 τῷ
817 1718 854 1760 μὴ
866 1717 965 1744 εἰδέναι

168 1769 215 1797 καὶ
229 1769 366 1796 διδάσκειν
383 1765 632 1801 ἐπαγγελλόμενος,
649 1764 769 1800 ὲσχάτην
781 1764 962 1791 ἀπαιδευσίαν

167 1815 264 1848 νοσῶν,
278 1813 339 1840 οὐδὲ
351 1812 448 1848 μαθεῖν
459 1812 614 1846 δυνήσεται,
629 1809 676 1837 τοῦ
690 1810 779 1838 δοκεῖν
796 1810 894 1838 εἰδέναι
910 1808 963 1846 χώ-

169 1868 219 1896 ραν
232 1859 269 1896 μὴ
282 1858 461 1894 παρέχοντος.

327 1915 414 1942 ΥΞΗ’.
424 1928 460 1934 -
476 1912 615 1948 ΣΕΡΗΝῼ
642 1912 806 1947 ΔΙΔΚΟΝῼ.

1019 1717 1068 1752 qui
1083 1718 1242 1752 recipiatur.
1256 1719 1307 1752 Qui
1320 1727 1384 1747 vero
1398 1724 1426 1747 et
1441 1719 1510 1746 nihil
1525 1719 1596 1747 scire
1605 1723 1632 1747 et
1645 1720 1741 1747 docere
1751 1727 1814 1754 pro-

1018 1763 1107 1792 fessus
1121 1769 1163 1792 est
1188 1772 1294 1792 summa
1319 1765 1427 1792 inscitia
1450 1764 1589 1798 laborans,
1610 1772 1697 1799 neque
1709 1765 1814 1792 discere

1017 1809 1160 1837 commode
1177 1810 1289 1845 poterit,
1300 1810 1371 1846 quod
1389 1810 1478 1837 locum
1491 1817 1543 1838 non
1553 1810 1684 1846 prtebeat,
1699 1814 1728 1837 ut
1742 1810 1815 1838 scire

1017 1854 1103 1881 videri
1113 1860 1206 1889 queat.

1142 1909 1303 1938 CDLXVllI.
1320 1927 1355 1932 —
1370 1909 1506 1939 SERENO
1520 1910 1679 1939 DIACONO.

777 1957 892 1993 Superbi
908 1961 931 1985 et
949 1956 1012 1984 elati
1035 1956 1211 1990 deprimendi.

203 2020 238 2048 Εἰ
254 2015 292 2047 ὧν
319 2016 534 2054 ἠμφισϐήτησας
559 2015 598 2050 μὴ
623 2014 725 2050 τυχὼν,
741 2014 812 2041 ἀλλὰ
825 2013 964 2049 λαμπρῶς

169 2065 308 2101 ἡττηθεὶς,
324 2064 371 2092 νῦν
386 2063 467 2098 χάριν
490 2062 579 2093 δοκεῖς
602 2062 698 2093 αἰτεῖν,
719 2060 798 2096 δῆλος
822 2057 846 2086 εἶ
860 2059 899 2095 τῷ
913 2059 964 2094 τῆς

171 2111 284 2147 χάριτος
305 2110 418 2145 ὀνόματι
452 2108 533 2134 λῦσαι
559 2107 596 2134 τὰ
626 2105 755 2142 κριθέντα
782 2105 963 2141 πειρώμενος.

172 2159 204 2185 Εἰ
220 2158 248 2184 δὲ
264 2157 353 2192 λέγοις
367 2155 415 2183 καὶ
424 2154 502 2192 παρὰ
513 2153 561 2181 τοῦ
572 2153 734 2185 δικάσαντος
755 2152 903 2188 ἠδικῆσθαι
924 2150 965 2187 (τὸ

174 2203 224 2239 μὲν
242 2202 279 2234 ὡς
296 2201 410 2233 δικαίως
424 2199 565 2236 ἡττηθεὶς,
586 2198 660 2225 ὲάσω
675 2198 789 2233 λέγειν),
808 2197 837 2224 τὸ
863 2197 904 2230 δὲ,
929 2197 968 2228 ὡς

173 2249 310 2284 κέκριται,
326 2247 408 2280 λέξω.
428 2246 497 2274 Οὐδὲ
512 2245 568 2281 γὰρ
594 2245 626 2272 ἂν
645 2245 699 2272 οὐδ’
715 2244 787 2271 οὕτω
802 2244 968 2279 κεκριμένον

1053 2013 1082 2041 Si
1099 2022 1152 2042 non
1168 2019 1309 2043 assecutus
1331 2014 1358 2042 id
1385 2021 1469 2049 super
1486 2021 1541 2049 quo
1567 2013 1744 2048 contendisli,
1769 2015 1816 2042 sed

1019 2060 1164 2089 manifeste
1180 2066 1327 2096 superatus
1341 2061 1458 2095 gratiam
1473 2060 1553 2088 modo
1568 2059 1708 2095 postulare
1726 2061 1818 2087 videa-

1019 2106 1067 2136 ris.
1083 2112 1197 2141 apparet
1212 2111 1238 2134 te
1266 2103 1393 2133 conatum
1413 2112 1473 2133 esse
1498 2104 1594 2139 gratiae
1618 2105 1739 2138 nomine,
1757 2113 1818 2140 qua:

1019 2157 1084 2180 sunt
1097 2152 1233 2187 judicata,
1249 2152 1326 2179 irrita
1343 2151 1467 2179 reddere.
1486 2151 1516 2179 Si
1534 2151 1610 2179 dices
1627 2151 1710 2178 etiam
1728 2159 1742 2178 ιι
1757 2158 1818 2178 sen-

1020 2200 1133 2226 tentiam
1147 2197 1255 2226 ferente
1268 2197 1401 2231 injuriam
1419 2197 1479 2225 ﬁeri
1494 2197 1588 2232 (idque
1603 2202 1632 2224 ut
1647 2197 1709 2232 jure
1723 2197 1817 2225 convi-

1019 2248 1091 2277 ctus,
1108 2244 1188 2271 mitto
1202 2242 1319 2278 dicere),
1335 2242 1399 2270 illud
1415 2247 1446 2269 ut
1460 2242 1611 2276 iudicatum
1626 2242 1664 2270 sit
1687 2242 1816 2270 referam.

173 2292 217 2330 ἦν,
232 2293 280 2322 τοῦ
295 2294 458 2324 δικάσαντος
475 2292 627 2319 ἀδεκάστου
651 2291 844 2326 τυγχάνοντος,
876 2290 901 2316 εἰ
930 2289 968 2324 μὴ

1022 2289 1097 2317 Nihil
1121 2289 1194 2317 enim
1223 2288 1424 2323 sicjudicatum
1451 2288 1544 2321 luerit,
1571 2295 1633 2316 cum
1659 2288 1820 2316 muneribus

174 2341 205 2368 τὸ
214 2341 326 2372 δικαίως
345 2340 462 2376 προσῆν.
478 2339 552 2375 Πλὴν
574 2338 642 2365 ἀλλὰ
663 2338 712 2365 καὶ
727 2336 798 2373 μετὰ
812 2335 842 2363 τὸ
857 2336 970 2370 νικῆσαι

1024 2335 1106 2363 fuerit
1119 2336 1305 2369 incorruptus,
1319 2334 1366 2369 qui
1389 2334 1553 2362 sententiam
1571 2334 1644 2367 tulit,
1661 2335 1712 2363 nisi
1735 2335 1761 2363 id
1773 2335 1819 2368 ju-

174 2388 225 2423 τὴν
239 2389 318 2423 χάριν
333 2387 442 2421 δίδωμι,
456 2386 485 2417 ὃς
502 2393 535 2419 γε
551 2385 606 2411 οὐδ’
623 2384 656 2411 ἂν
673 2383 704 2416 ἐξ
720 2383 811 2418 ἀρχῆς
834 2381 971 2417 ἠγωνισά-

1024 2386 1095 2410 stum
1117 2381 1210 2409 fuerit.
1229 2381 1423 2409 Verumtamen
1437 2388 1508 2408 nunc
1520 2384 1582 2416 post
1601 2380 1742 2408 victoriam
1759 2388 1821 2416 gra-

177 2443 242 2470 μην,
274 2434 330 2469 εἴγε
360 2431 514 2466 καταγνοὺς
542 2429 644 2458 σαυτοῦ
667 2428 835 2465 συγγνώμην
853 2428 969 2464 ᾔτησας.

1026 2428 1091 2456 tiam
1109 2427 1155 2461 do,
1169 2427 1276 2463 qualem
1303 2427 1338 2456 ab
1358 2427 1435 2455 initio
1458 2431 1605 2461 antequam
1623 2432 1759 2455 certarem
1773 2426 1821 2453 de—

176 2478 237 2515 Χρὴ
248 2478 303 2514 γὰρ
331 2478 362 2504 τὺ
390 2477 519 2512 φρόνημα
548 2476 603 2503 τῶν
634 2474 828 2511 σφαλλομὲνων
855 2474 915 2509 μὲν,
933 2472 970 2509 μὴ

1025 2475 1139 2509 dissem,
1156 2474 1179 2502 si
1195 2474 1301 2503 veniam
1314 2474 1496 2510 postulasses.
1514 2472 1629 2507 Oportet
1642 2473 1714 2500 enim
1730 2480 1822 2506 super-

176 2525 308 2560 οἰομένων
324 2523 354 2550 δὲ
367 2523 516 2558 ἐσφάλθαι,
533 2522 693 2557 καθαιρεῖν·
707 2521 917 2557 γνωσιμαχοῦσι
941 2520 970 2546 δὲ

1023 2521 1072 2549 bos
1088 2520 1205 2553 animos,
1219 2527 1314 2547 eorum
1335 2519 1382 2554 qui
1395 2519 1516 2553 superati
1528 2518 1592 2550 sint,
1610 2525 1662 2544 non
1683 2521 1771 2544 tamen
1791 2523 1821 2544 se

178 2571 345 2608 συγγνώμην
363 2571 468 2606 νέμειν.

1022 2567 1109 2594 victos
1126 2566 1294 2598 existiment,
1312 2565 1477 2602 deprimere,
1504 2564 1612 2592 veniam
1629 2571 1695 2591 vero
1720 2563 1820 2598 resipi-

1023 2613 1161 2642 scentibus
1179 2613 1308 2640 tribucre.

295 2676 380 2704 ΥΞΘ¹.
394 2691 430 2697 -
446 2675 552 2703 ΗΡΩΝΙ
565 2673 850 2709 ΠΟΛΙΤΕΥΟΜΕΝῼ.

1093 2669 1233 2698 CDLXIX.
1245 2684 1282 2689 —
1301 2668 1431 2697 IIERONI
1453 2667 1557 2696 REMP.
1576 2665 1739 2695 GERENTI.

379 2729 385 2731 ί
799 2719 934 2746 Bonorum
956 2716 1085 2745 sodalitas
1106 2720 1195 2751 grata.

216 2771 263 2809 Μὴ
276 2771 371 2807 ὥσπερ
385 2768 487 2806 ταῦρος
506 2768 553 2799 καὶ
572 2767 724 2804 ἀγέρωχος,
741 2765 790 2792 καὶ⁵
802 2764 972 2800 ἁτιμαγὲλας

1065 2761 1125 2790 Noli
1140 2765 1169 2788 ut
1185 2761 1306 2789 insolens
1323 2765 1534 2795 armentumque
1561 2758 1690 2786 deserens
1715 2762 1820 2792 taurus,

740 2823 857 2851 VARl/E
876 2820 1069 2850 LECTIONES
1089 2819 1133 2847 ET
1153 2818 1272 2847 ΝΟΤΛΕ.

217 2892 273 2927 (47)
286 2891 355 2918 Inter
372 2890 530 2925 συνηιέῶσαν
542 2893 568 2917 ct
582 2887 620 2923 τῷ
634 2887 727 2927 χρρνιρ
742 2886 820 2913 iidem
837 2885 914 2927 codd.
934 2886 973 2927 ius

1033 2883 1114 2910 fuerit
1132 2881 1287 2918 conjunctio
1303 2881 1361 2914 καὶ,
1376 2885 1436 2915 qum
1451 2879 1503 2906 duo
1526 2877 1570 2906 illa
1594 2878 1686 2905 nectat
1699 2873 1822 2903 nomina,

181 2920 287 2956 ﬁndunt
317 2920 785 2962 auvaxpiqoumvscilmlortasse
823 2921 970 2956 supplenda

1027 2920 1130 2948 l'ossm.
