2049 3162
171 159 237 194 1601
574 159 842 191 EPISTOLARUM
861 159 935 190 LIB.
956 160 990 191 V.
1008 171 1044 177 -
1062 160 1180 192 EPIST.
1197 159 1375 191 CDLXXV'I.
1739 161 1806 194 160°.

172 218 270 254 μανίαν
280 216 346 252 ἔχει.
365 216 426 252 Χρὴ
440 217 583 252 τοιγαροῦν
601 217 664 249 τοὺς
677 217 854 252 ἱερωμένους,
865 215 963 251 ὥσπερ

1015 223 1116 244 rorem.
1130 217 1212 245 Decet
1227 217 1319 252 itaque
1334 219 1419 245 sacris
1444 217 1585 245 dedicatos
1606 217 1687 244 veluti
1708 218 1805 250 templa

169 264 317 298 ἀνάκτορα,
345 262 446 294 παντὸς
473 262 639 298 τυραννικοῦ
664 262 711 290 καὶ
726 260 842 297 αἰσχροῦ
857 259 958 292 πάθους

1014 262 1105 289 omnis
1120 263 1268 297 tyrannicae
1290 263 1423 298 [eaquue
1444 264 1657 298 perturbationis
1681 269 1810 299 expertes

170 309 287 340 ἀϐάτους
302 308 414 340 ἑαυτοὺς
429 308 577 344 διατηρεῖν.

416 366 498 394 ΥοΓ’.
514 382 549 386 —
564 366 705 393 ΜΔΡΩΝΙ.

1013 313 1042 334 se
1058 314 1232 335 conservare.

1212 362 1375 390 CDLXXIIL
1392 379 1427 387 —-
1448 364 1593 394 MARONI.

490 412 589 448 Fugilo
607 418 712 447 peccata
728 419 751 441 et
766 413 877 448 famam,
896 411 1140 446 existimationeque
1153 410 1252 438 malum
1276 411 1355 445 facile
1372 413 1486 440 sedabis.

210 469 257 495 Ἐκ
269 468 324 495 τῶν
334 469 504 504 πραγμάτων
519 468 556 500 ὡς
569 469 603 495 τὰ
623 468 707 496 πολλὰ
723 469 750 496 αἱ
767 470 857 505 φῆμαι
873 468 956 504 φύον-

166 523 227 541 ται·
247 515 274 541 αἱ
307 515 356 550 μὲν
371 513 417 542 οὖν
438 515 546 549 ἀληθεῖς
563 516 594 541 οὑ
624 515 732 551 ῥᾳδίως,
757 515 829 550 τάχα
843 515 872 541 δὲ
902 515 957 541 οὐδ’

167 561 234 592 ὅλως
250 561 415 588 σὸέννυνται.
430 561 463 588 Δί
477 561 503 587 δὲ
512 561 629 596 ψευδεῖς,
639 561 687 588 καὶ
699 562 775 597 παρὰ
787 561 841 588 τῶν
852 561 897 596 exe
903 561 957 596 ρῶν

167 607 264 642 φθόνου
294 607 388 634 ἕνεκεν
410 608 608 643 πραττόμεναι,
628 607 666 639 ὡς
680 607 714 634 τὰ
733 607 865 644 ἀράχνεια
886 606 957 640 ὑφά-

168 661 268 688 σματα,
289 652 385 679 θᾶττον
403 653 565 680 διαλύονται.
582 653 710 680 Πέπαυσο
729 652 819 679 τοίνυν
831 652 884 679 τῶν
895 652 959 679 ἀτό-

168 709 226 726 πων
247 700 386 735 πράξεων·
404 701 427 726 εἰ
454 700 482 727 δὲ
502 701 550 735 μὴ,
568 701 605 736 μὴ
629 700 779 735 ἀγανάκτει
808 699 880 726 κατὰ
908 700 958 735 τῆς

169 747 273 781 φήμης.
283 745 320 776 ὡς
337 746 489 782 πανταχόσε
500 747 695 782 κωμῳδούσης.
707 746 775 773 Οὐδὲ
789 746 844 782 γὰρ
858 744 914 773 οἷόν
927 755 957 773 τε

169 791 246 827 ῥίζης
265 791 318 828 (48)
331 791 444 824 κλάδους
461 793 498 827 μὴ
518 793 663 827 ἀναφῦναι.
894 802 896 807 '

320 847 403 874 ΥοΔ’.
422 865 453 871 —
469 849 601 885 ῙΣΙΔΩΡῼ
626 849 811 885 ΕΠΙΣΚΟΠῼ.

1046 464 1127 492 Fama
1145 465 1265 492 nascitur
1289 465 1448 501 plerumque
1464 475 1496 493 ex
1511 467 1576 502 ipsis
1594 469 1719 504 negotiis,
1733 477 1803 503 quae,
1819 459 1832 465 ‘1

1010 511 1032 539 si
1049 518 1110 539 vera
1126 511 1244 542 exsistit,
1259 518 1311 538 non
1329 510 1418 544 facile,
1437 511 1505 539 forte
1519 514 1599 540 etiam
1617 522 1669 541 non
1688 516 1799 542 omnino

1011 558 1201 592 exstinguitur.
1233 557 1312 584 Falsa
1333 564 1428 585 contra
1458 559 1491 584 ab
1516 559 1640 587 hostibus
1661 561 1719 588 fere
1749 562 1803 588 odii

1012 613 1094 632 causa
1109 605 1236 636 conﬁcta,
1255 604 1343 632 instar
1364 605 1423 632 tela:
1434 612 1596 632 aranearum
1617 606 1671 633 cito
1699 607 1803 635 interil.

1010 651 1193 684 Quamobrem
1218 651 1313 678 desine
1338 650 1454 678 absurde
1465 658 1554 686 agere,
1569 651 1688 687 alioquin
1705 652 1803 680 famam

1010 696 1296 730 exiStimationemque
1314 696 1350 722 tui
1368 703 1498 723 accusare
1523 696 1588 727 noli,
1609 697 1686 731 quasi
1704 697 1804 732 ubique

1010 743 1216 778 perstringaris.
1236 741 1291 769 Nec
1303 742 1375 769 enim
1395 742 1454 769 ﬁeri
1483 747 1571 776 potest
1588 743 1653 777 quin
1668 751 1683 771 e
1705 743 1804 771 radici-

1009 789 1058 816 bus
1074 789 1141 816 rami
1155 788 1297 824 pullulent.

1065 845 1149 881 699
1167 844 1331 873 anxxw.
1351 860 1387 866 —
1407 844 1546 873 tsmono
1572 844 1750 874 EPISCOPO.

627 895 767 923 Hominem
780 896 897 931 iniquum
912 899 936 922 et
948 894 1108 929 injuriosum
1125 892 1260 919 admoneri
1276 891 1342 920 ruit.

204 948 337 982 Πιστεύω,
355 949 396 976 ὅτι
415 950 440 976 εἰ
458 949 536 984 γνοίη
553 950 628 986 παρὰ
641 950 693 985 τῆς
714 951 765 986 σῆς
789 950 930 985 ὁσιότητος
943 950 957 976 ὁ

166 996 198 1030 τῇ
216 995 313 1022 ἑαυτοῦ
328 996 484 1031 ἐπιτρέπων
507 996 630 1032 δυνάμει,
647 997 698 1028 δτι,
722 996 770 1023 σὺν
783 996 842 1031 Θεῷ
862 995 955 1031 φάναι,

165 1040 217 1075 τῆς
240 1041 404 1075 Ἐκκλησιας
417 1041 450 1068 ὲκ
465 1042 515 1077 τῆς
539 1041 642 1069 ἄνωθεν
666 1040 793 1076 βοηθείας
807 1041 957 1076 ὠχυρωμέ-

167 1095 227 1122 νης,
242 1088 289 1113 καὶ
305 1087 360 1114 τῶν
372 1087 462 1122 νόμων
479 1087 656 1124 ἐρρωμένων,
680 1088 767 1119 οὐδεὶς
782 1088 858 1123 παρὰ
869 1087 900 1113 τὸ
915 1087 955 1114 δὶ-

166 1141 242 1159 καιον
258 1133 439 1160 ἐκϐιάσασθαι
454 1134 499 1160 τὸν
520 1134 625 1169 πένητα
648 1133 692 1168 ἐφ’
716 1133 794 1168 ὕϐρει
817 1134 867 1168 τῆς
895 1134 957 1160 Ἐκ-

165 1177 281 1213 κλησίας
295 1178 345 1213 τῆς
363 1179 515 1214 ὀρεγούσης
531 1180 586 1211 τοῖς
611 1179 799 1214 ἀδικουμένοις
815 1179 863 1214 τὴν
876 1180 956 1214 χεῖρα

164 1225 321 1260 δυνήσεται,
338 1225 524 1261 ἀποστήσεται
546 1226 596 1262 τῆς
613 1226 684 1253 κατὰ
701 1225 748 1253 τοῦ
770 1227 886 1261 πένητος
900 1226 956 1253 ἀδι-

166 1269 238 1302 κίας,
258 1270 358 1305 μᾶλλον
372 1270 401 1297 δὲ
422 1271 472 1306 τῆς
489 1271 549 1298 καθ’
567 1271 675 1298 ἑαυτοῦ.
691 1271 728 1298 Ut)
745 1271 800 1307 γὰρ
827 1271 956 1299 τοσοῦτον

163 1317 177 1343 ὁ
194 1317 305 1352 πάσχων
323 1317 402 1353 (τέως
431 1319 485 1354 γὰρ
507 1318 594 1351 οὕτως
610 1318 751 1355 εἰρήσθω),
774 1320 836 1346 ὅσον
851 1320 865 1346 ὁ
884 1320 955 1354 δρῶν

164 1362 306 1390 ἀδικεῖται.

271 1417 354 1444 ruam
369 1432 404 1438 —
423 1417 596 1454 ΑΘΛΝΑΣΙῼ
611 1419 846 1455 ΠΡΕΣΒΥΤΕΡῼ.

1047 947 1145 980 Credo,
1165 949 1187 975 si
1221 948 1281 982 quis
1305 952 1358 975 tua:
1384 956 1413 976 se
1430 949 1602 977 committens
1628 949 1764 984 potestati,
1787 957 1804 978 a

1013 999 1055 1022 tua
1068 995 1215 1022 sanctitate
1232 999 1390 1030 cognoscat,
1406 995 1488 1030 quod,
1507 1001 1535 1023 ut
1548 1003 1609 1022 cum
1623 995 1678 1023 Deo
1694 996 1800 1030 loquar,

1010 1049 1071 1068 cum
1098 1041 1217 1068 Ecclesia
1244 1041 1349 1068 ctelesti
1372 1041 1474 1069 auxilio
1501 1042 1648 1076 muniatur,
1676 1043 1804 1078 legesque

1011 1087 1128 1118 valeant,
1154 1088 1245 1114 nttllus
1263 1095 1311 1121 per
1331 1087 1522 1115 contumeliam
1545 1088 1673 1115 Ecclesiae
1691 1096 1802 1116 manum

1010 1132 1082 1160 laesis
1095 1133 1230 1160 tendentis
1245 1138 1342 1167 praeter
1359 1133 1400 1161 fas
1410 1133 1488 1168 etjus
1507 1134 1618 1168 pauperi
1632 1134 1684 1161 vim
1700 1134 1803 1162 inferre

1009 1178 1121 1212 poterit,
1135 1179 1175 1206 sic
1192 1178 1378 1214 unusquisque
1392 1180 1425 1207 ab
1438 1180 1535 1213 injuria
1553 1185 1646 1207 contra
1667 1187 1800 1215 pauperes

1009 1225 1095 1260 magis
1108 1232 1188 1259 quam
1205 1229 1298 1252 contra
1313 1233 1342 1252 se
1357 1225 1514 1253 abstinebit.
1531 1226 1631 1262 Neque
1645 1227 1717 1254 enim
1739 1231 1802 1254 tan-

1012 1274 1068 1298 lum
1089 1271 1111 1298 is
1138 1271 1182 1306 qui
1213 1272 1313 1306 accipit
1336 1267 1473 1306 iniuriam,
1504 1277 1534 1300 ut
1562 1273 1628 1302 alias
1648 1273 1803 1308 docuimus,

1007 1321 1139 1350 quantum
1157 1316 1202 1351 qui
1215 1317 1278 1344 facit
1293 1317 1344 1344 sibi
1361 1317 1412 1352 ipsi
1426 1323 1516 1346 nocet.

1062 1416 1215 1444 CDLXXV.
1231 1433 1264 1437 —
1279 1417 1478 1445 ATllANASlO
1502 1418 1746 1448 PRESBYTERO.

594 1474 693 1502 Virtuti
709 1477 797 1512 potius
809 1484 877 1503 νει-ιιι
892 1483 971 1510 quam
986 1472 1102 1501 orationi
1115 1470 1213 1508 fucata:
1225 1474 1392 1502 studendum.

200 1541 298 1576 Πρώην
310 1542 360 1577 μὲν
372 1542 472 1578 ἐτέρων
486 1543 595 1579 ἤκουον,
607 1543 655 1570 νῦν
665 1543 692 1570 δὲ
705 1543 791 1578 ἔγνων
803 1543 954 1570 δεινότατον

1042 1540 1135 1575 Nuper
1149 1548 1181 1567 ex
1197 1540 1250 1567 alio
1265 1541 1367 1574 audivi,
1384 1549 1456 1569 nunc
1479 1542 1561 1569 etiam
1580 1543 1706 1577 cognovi,
1731 1544 1802 1579 opti-

162 1587 228 1613 ὅντα
243 1596 272 1613 σε
290 1588 464 1623 ῥητορεύειν
482 1588 511 1620 ὃς
534 1589 581 1615 ἐπὶ
595 1589 726 1624 πράξεσιν
748 1589 818 1615 οὕτω
835 1588 956 1624 παρανό-

164 1642 226 1668 μοις
243 1635 290 1660 καὶ
306 1635 439 1669 πονηραῖς
458 1634 545 1668 λόγων
571 1635 740 1671 εὐπρέπειαν
764 1635 879 1669 ἐχόντων
906 1635 956 1660 οὐκ

162 1680 316 1715 ὴπὸρησας.
333 1680 402 1706 Ἀλλ’
413 1680 461 1715 οὐχ
472 1681 485 1706 ὁ
495 1680 576 1716 τέχνῃ
588 1680 721 1716 τάληθοῦς
733 1681 955 1716 περιγενόμενος,

163 1726 284 1752 ἐπαίνων
299 1725 385 1759 ἄξιος,
406 1726 462 1752 ἀλλ’
491 1726 505 1752 ὁ
520 1727 549 1753 το
564 1726 664 1762 ἀληθὲς
690 1726 810 1761 ἀτέχνως
831 1725 953 1761 φράζων.

172 1771 320 1807 Ἀφέμενος
331 1772 423 1799 τοίνυν
435 1772 486 1808 τῆς
502 1772 666 1808 δεινότητος,
678 1772 741 1807 ἔχου
753 1772 801 1807 τῆς
814 1771 952 1807 ἀληθείας,

165 1817 272 1844 καὶτὸν
291 1817 348 1852 βίον
371 1817 418 1844 τὸν
441 1816 540 1844 σαυτοῦ
565 1817 633 1853 πρὸς
656 1817 759 1852 ταύτην
777 1816 883 1852 βλέπων
903 1815 951 1852 ρύ-

165 1862 254 1898 θμιςε.
265 1862 297 1888 Et
308 1862 362 1897 γὰρ
374 1863 422 1889 καὶ
443 1861 605 1898 ἀνθρώπους
626 1862 862 1898 παραλογίσασθαι
875 1862 957 1897 δυνη-

165 1908 252 1944 θείης,
269 1909 294 1935 εἰ
307 1908 354 1936 καὶ
370 1909 411 1935 ὅτι
429 1909 545 1944 μάλιστα
556 1908 585 1936 δὲ
601 1909 666 1944 παρ’
684 1909 778 1940 αὐτοῖς
799 1908 956 1944 ἐφωράθης,

165 1954 234 1982 ἀλλὰ
250 1955 295 1982 τὴν
311 1954 531 1991 ἁπαραλόγιστον
544 1954 574 1982 οὐ
595 1954 752 1989 φενακίσεις
771 1954 879 1990 κριτήν.

202 2108 292 2142 Υοςι.
306 2123 341 2128 --
361 2108 589 2144 ΜΑΡΤΙΝΙΑΝῼ,
618 2107 754 2142 ΖΩΣΙΜῼ,
774 2106 917 2140 ΜΛΡΩΝΙ,

472 2145 650 2180 memora.

1006 1595 1079 1614 mum
1093 1593 1118 1615 te
1131 1588 1234 1614 dicendi
1251 1595 1310 1615 esse
1336 1587 1480 1622 artiﬁcem,
1506 1589 1551 1623 qui
1580 1590 1614 1616 de
1629 1589 1708 1618 rebus
1733 1591 1801 1618 adeo

1006 1633 1058 1669 legi
1076 1633 1221 1660 contrariis
1234 1639 1315 1668 atque
1338 1635 1468 1668 improbis
1493 1636 1575 1662 verba
1601 1636 1802 1672 dictionemque

1008 1679 1046 1706 ita
1063 1681 1259 1713 composueris,
1289 1681 1355 1706 nihil
1379 1685 1408 1707 ut
1442 1682 1644 1709 desideraretur
1672 1683 1800 1718 amplius.

1010 1724 1064 1752 Sed
1086 1733 1173 1760 neque
1193 1727 1238 1760 qui
1262 1727 1403 1753 veritatem
1437 1732 1496 1754 arte
1518 1733 1629 1762 superat
1656 1728 1736 1755 laude
1770 1730 1801 1756 lit

1014 1772 1123 1807 dignus,
1140 1772 1187 1799 sed
1199 1773 1244 1806 qui
1260 1781 1319 1799 eam
1342 1773 1400 1799 sine
1424 1773 1487 1799 fuco
1514 1778 1542 1800 et
1563 1778 1622 1801 arte
1653 1774 1799 1808 eloquitur.

1010 1817 1193 1850 Quamobrem
1213 1818 1296 1845 missa
1314 1818 1421 1845 dicendi
1448 1818 1491 1845 illa
1519 1820 1665 1853 gravitate,
1683 1822 1715 1847 da
1736 1828 1801 1856 ope-

1007 1873 1064 1892 ram
1083 1865 1201 1898 veritati,
1219 1867 1252 1893 ad
1268 1874 1382 1900 eantque
1407 1867 1555 1902 respiciens
1577 1873 1649 1895 tuam
1665 1876 1797 1904 compone

1007 1912 1102 1938 vitam.
1115 1912 1169 1938 Etsi
1181 1911 1252 1938 enim
1268 1912 1381 1939 dicendo
1398 1913 1596 1941 circumvenire
1620 1919 1698 1949 potes
1714 1915 1801 1942 homi-

1007 1965 1064 1990 nes,
1088 1958 1212 1992 quamvis
1241 1958 1274 1985 ab
1299 1958 1350 1985 illis
1383 1958 1581 1993 deprehensus,
1613 1967 1674 1987 euut
1708 1966 1799 1988 tamen

1007 2011 1088 2039 quem
1104 2005 1173 2032 ratio
1189 2013 1327 2039 nunquam
1340 2005 1418 2040 fugit,
1428 2005 1546 2039 iudicem
1559 2006 1653 2034 fallere
1663 2015 1800 2042 nunquam

1009 2058 1107 2086 possts.

1027 2106 1193 2137 CDLXXVI.
1221 2123 1259 2144 τῇ
1286 2108 1510 2144 MARTINIANO,
1546 2109 1682 2144 ZOSIMO,
1709 2110 1772 2139 M5-

1219 2143 1300 2171 ROM
1318 2144 1361 2170 ΕΤ
1375 2144 1582 2172 EUSTATHIO.

536 2202 577 2228 Ad
591 2202 684 2229 bonum
708 2203 810 2238 frugem
827 2211 872 2229 eos
884 2201 986 2233 invitat,
1008 2205 1035 2227 ut
1058 2206 1082 2228 et
1097 2209 1169 2235 supr.
1186 2202 1264 2235 epist.
1280 2202 1343 2236 511,
1365 2203 1427 2230 445.

207 2258 346 2294 Ἑνέτυχον
362 2259 431 2294 ἁγίῳ
448 2259 535 2294 ἀνδρὶ,
552 2255 574 2293 ᾧ
589 2258 668 2294 ἔργον
692 2259 750 2285 ἐστὶ
771 2259 800 2285 τὸ
817 2259 888 2295 ὑπὲρ
900 2259 956 2286 τῶν

1044 2256 1156 2285 Occurri
1177 2266 1262 2293 nuper
1292 2259 1351 2286 viro
1374 2266 1478 2292 sancto,
1509 2261 1586 2295 cujus
1619 2261 1739 2290 cilicium
1762 2263 1800 2291 sit

170 2304 321 2331 πταιόντων
337 2304 470 2331 ἱκετεύειν
490 2305 521 2330 τὸ
537 2304 614 2331 Θεῖον
629 2304 698 2341 (ἴστε
711 2305 738 2331 δὲ
753 2305 781 2331 ὃν
795 2305 889 2341 λέγω),
908 2305 956 2332 καὶ

167 2346 239 2376 εἶδον
255 2349 383 2376 ὑπόθεσιν
400 2349 475 2385 αὐτῷ
491 2349 617 2386 δακρύων
637 2350 742 2377 ἀενάων
758 2351 803 2377 τὸν
823 2350 955 2386 ὑμέτερον

167 2396 331 2431 γεγενῆσθαι
346 2396 412 2432 βίον.
436 2396 637 2432 Αἰσχυνόμενος
654 2396 708 2432 γὰρ
729 2397 776 2423 ἐπὶ
798 2397 855 2428 τοῖς
880 2397 957 2432 παρὰ

169 2440 277 2467 πάντων
293 2442 358 2476 περὶ
375 2441 454 2476 ὑμῶν
476 2441 715 2477 κωμῳδουμένοις,
740 2441 816 2476 ἔλεγε
832 2444 887 2474 τοῖς
903 2451 957 2469 πα-

168 2487 300 2522 ρακαλεῖν
326 2487 527 2522 πειρωμένοις·
548 2496 558 2514 ι
585 2489 697 2522 Ἀφετε,
719 2489 826 2524 πικρῶς
842 2488 958 2516 κλαύσο-

171 2542 231 2569 μαι,
251 2534 287 2569 μὴ
303 2534 464 2569 κατισχύετε
479 2534 649 2569 παρακαλεῖν
676 2543 721 2570 με.
740 2544 749 2560 ›
767 2533 833 2562 Εἶτα
849 2535 886 2567 ὡς
911 2536 959 2561 ἁν-

169 2580 277 2605 ἐνευσεν
291 2579 379 2614 ὀλίγον
391 2581 422 2607 ἐκ
436 2580 492 2609 τῶν
499 2580 614 2616 θρήνων,
628 2581 678 2608 οὐκ
695 2578 742 2608 οἷδ’
759 2581 772 2608 ὃ
788 2590 813 2608 τι
828 2582 960 2617 ἐννοήσας

170 2625 211 2660 (οὐ
233 2625 287 2660 γὰρ
314 2626 434 2660 ἀσφαλὲς
453 2626 508 2653 τῶν
531 2627 637 2662 ἀδήλων
655 2627 849 2663 κατα-τολμᾷν),
865 2628 959 2664 ὥσπερ

169 2672 263 2704 ἔνθους
288 2672 445 2706 γενόμενος,
471 2673 520 2699 καὶ
544 2673 585 2705 εἰς
609 2673 724 2708 οὐρανὸν
739 2673 906 2709 ἀναϐλέψας,
922 2674 960 2706 ὡς

169 2717 250 2745 αὑτὸν
265 2718 335 2753 ὁρῶν
356 2718 401 2745 τὸν
421 2719 530 2746 πάντων
545 2719 693 2754 Δεσπότην,
709 2719 838 2754 ἐϐόησεν·
859 2729 868 2745 ι
890 2719 959 2752 Δόξα

1011 2303 1093 2330 Deum
1112 2311 1161 2338 pro
1184 2305 1404 2339 delinquentibus
1431 2305 1588 2341 suppliciter
1614 2315 1694 2335 orare
1719 2308 1800 2344 (nosti

1010 2358 1091 2384 quem
1105 2351 1217 2385 dicam),
1234 2357 1261 2379 et
1275 2351 1398 2378 videbam
1411 2353 1553 2380 materiam
1567 2353 1603 2381 illi
1619 2359 1748 2388 perpetuo
1764 2355 1802 2383 la-

1010 2396 1149 2432 crymandi
1167 2397 1285 2424 oblatam
1303 2402 1421 2425 vestram
1439 2398 1473 2425 ob
1489 2399 1581 2426 vitam.
1611 2398 1717 2427 Pudore
1729 2401 1800 2428 enim

1012 2443 1057 2470 ille
1076 2442 1194 2471 sumisus
1221 2451 1303 2478 super
1327 2445 1368 2472 his
1386 2453 1446 2480 qua:
1466 2446 1498 2473 de
1521 2446 1597 2474 vobis
1629 2453 1801 2476 accusatores

1012 2495 1238 2524 commemorant,
1266 2491 1300 2518 iis
1324 2492 1369 2525 qui
1392 2492 1528 2519 consolari
1551 2493 1730 2527 conabantur,
1761 2493 1802 2520 sic

1012 2536 1050 2562 ait
1068 2545 1074 2563 :
1097 2544 1106 2561 ι
1126 2536 1215 2563 Sinite
1227 2537 1422 2565 miserabiliter
1444 2537 1593 2572 dcplorem,
1608 2545 1694 2572 neque
1717 2539 1801 2566 solari

1011 2588 1055 2608 me
1070 2581 1202 2609 desistite.
1219 2591 1229 2608 ι
1251 2582 1353 2610 Deinde
1366 2584 1410 2610 ubi
1422 2590 1452 2610 se
1464 2583 1585 2610 nonnihil
1597 2592 1611 2609 ιι
1623 2583 1800 2619 lat-.rymando

1011 2628 1131 2663 collegit,
1150 2629 1243 2656 nescio
1255 2629 1319 2664 quid
1333 2630 1455 2664 cogitans
1480 2630 1579 2664 (neque
1600 2629 1672 2656 enim
1700 2631 1802 2659 incerta

1011 2675 1119 2710 aggredi
1138 2680 1223 2702 tutum
1244 2677 1308 2711 est),
1321 2677 1404 2704 veluti
1425 2675 1541 2703 Numine
1556 2675 1671 2708 aﬂlatus,
1686 2676 1802 2704 ccelum-

1010 2729 1063 2758 que
1077 2722 1223 2757 aspiciens,
1237 2723 1311 2757 quasi
1330 2723 1450 2750 omnium
1469 2721 1576 2750 videret
1592 2721 1748 2757 Dominum,
1763 2722 1803 2750 sic

717 2799 831 2827 VARUS
848 2799 1041 2829 LECTIONES
1058 2800 1102 2828 ET
1121 2800 1239 2830 NOTAE.

203 2872 262 2914 (48)
279 2877 352 2907 lnler
372 2878 450 2915 ρξζης
470 2883 495 2909 et
516 2880 629 2913 κλάδους
650 2885 722 2910 recte
740 2880 819 2910 codd.
838 2880 897 2911 Vat.
913 2882 965 2911 650

1019 2882 1072 2910 Alt.
1089 2882 1213 2911 inserunt
1232 2882 1347 2918 εοῦσης.
1369 2883 1474 2911 Possm.
