2064 3162
209 165 276 198 16υὸ

653 164 922 194 EPIS’I‘OLARUM
944 164 1015 192 LIB.
1039 164 1070 193 ν.
1084 176 1118 180 —
1133 164 1253 194 El‘lS’l‘.
1272 166 1434 196 CDLXXX.

1724 156 1726 159 ’
1765 170 1835 206 ιίῑθδ

205 218 304 246 λέντα·
322 219 490 250 κινδυνεύεις
508 219 535 245 δὲ
552 218 621 244 αὐτὰ
641 219 806 253 ἀνατρεπτιν
827 217 868 252 τῷ
894 226 997 252 γεγρα-

1050 218 1210 252 conscripsi,
1227 222 1336 253 propius
1358 226 1386 246 ut
1404 221 1469 247 nihil
1486 221 1521 248 sit
1544 229 1624 256 quant
1649 228 1678 249 ut
1704 232 1834 258 reponas.

203 266 294 300 φέναι,
309 265 342 291 δι’
367 265 401 300 ἢν
423 265 514 291 αἰτίαν
537 264 672 298 Ζώσιμος,
689 264 737 290 καὶ
763 263 921 295 Εὑστάοιος,
949 262 996 289 καὶ

202 311 305 346 Μάρων
335 311 403 345 μήτε
426 310 508 345 λόγῳ,
529 311 597 345 μήτε
625 310 674 344 βίῳ
697 310 911 344 διαπρέποντες,
936 309 995 335 ἀλλ’

203 355 384 382 ἀπαιδευσίαν
413 354 532 389 ἐσχάτην
551 355 581 380 ὲν
608 355 731 390 ἐκατέρῳ
758 355 918 387 νοσοῦντες,
948 353 995 381 καὶ

202 401 334 436 κωμῳδία
351 401 398 426 καὶ
412 400 499 434 γέλως
517 401 585 426 πᾶσι
602 401 789 436 προκείμενοι,
808 400 932 427 δοκοῦσιν
957 401 996 432 εἰς

204 446 355 481 ἱερωσύνην
370 445 467 472 τελεῖν.
492 444 562 478 Ἐγὼ
573 445 601 471 δὲ
614 445 703 479 ἁπλῆν
721 445 768 471 καὶ
779 445 850 480 σαφῆ
864 445 913 480 τὴν
927 445 995 472 ἀπο-

204 492 299 526 λογίαν
316 491 479 526 ποιήσομαι.
497 491 527 516 Εἰ
542 490 591 525 μὲν
605 491 659 526 γὰρ
676 491 745 526 ὑπὲρ
757 491 847 518 αὐτῶν
859 490 904 517 τὸν
917 491 994 524 λόγον

205 537 392 572 ἐποιησάμην,
407 537 564 572 τὴνάρετὴν
579 539 628 572 τῆς
645 537 812 569 παιδεύσεως
829 537 993 573 προκρίνων,

203 584 315 615 εἰκότως
329 583 361 610 ἄν
383 591 416 618 με
435 584 473 614 εἰς
489 584 611 619 ἀνάγκην
637 583 784 618 ἀπολογίας
806 583 995 618 κατέστησας·

203 631 227 655 εἰ
241 629 271 655 δὲ
300 629 456 664 προσώπων
481 629 530 664 μὲν
545 629 623 663 λόγος
648 627 681 664 ἦν
710 629 798 661 οὐδεὶς
810 650 818 662 ,
842 629 908 656 αὐτὸ
922 629 950 656 δὲ
965 630 995 656 τὸ

205 675 321 710 πρᾶγμα
346 674 406 701 καθ’
421 675 503 701 ἑαυτὸ
527 675 719 707 ἐϐασανίζετο·
737 675 775 707 ὡς
800 675 848 701 καὶ
867 675 949 702 αὐτόν
963 684 994 702 σε

204 720 389 754 ἐκπλαγέντα,
405 720 442 751 ὠς
457 720 537 755 ἔφης,
559 720 589 746 τὸ
607 720 705 752 κάλλος
730 721 777 747 καὶ
798 721 848 756 τὴν
866 721 995 757 ἀλήθειαν

203 766 257 792 τῶν
270 766 482 801 γεγραμμένων,
498 766 607 801 μείζους
619 767 634 801 ἦ
651 766 712 793 κατ’
728 767 778 802 ἐμὲ
791 767 918 798 ἐπαίνους
930 768 995 803 ὑφῆ-

203 822 257 839 ναι.
272 813 306 839 Τί
321 813 421 847 δήποτε
432 812 479 838 νῦν
495 812 655 847 ἀνθρώπους
670 814 742 845 ὅπως
756 813 855 849 δήποτε
870 814 994 849 βιοῦντας

203 861 243 890 εἰς
258 858 339 893 μέσον
350 857 519 893 προύθηκας,
537 858 689 893 ἐξελέγχειν
700 859 734 885 τὰ
750 860 845 894 πρώην
853 859 994 894 γραφέντα

1051 263 1180 296 quidnam
1194 265 1228 290 sit
1240 273 1341 299 caus-te,
1353 274 1401 293 cur
1412 267 1548 300 Zosimus,
1573 268 1729 297 Eustathius
1741 275 1766 296 et
1780 269 1836 297 Mu-

1049 314 1096 333 ron
1112 314 1198 341 neque
1213 310 1346 342 oratione,
1382 320 1468 346 nequc
1485 313 1591 340 vivendi
1620 315 1744 342 instituto
1759 323 1834 342 coru-

1048 352 1128 387 positi
1160 353 1224 385 sint,
1244 355 1290 381 scd
1321 361 1440 384 extrema
1469 358 1575 385 inscitia
1592 360 1618 386 in
1637 365 1751 395 utroque
1773 368 1835 395 pec-

1048 403 1148 430 cantes,
1164 405 1223 425 cum
1243 400 1298 426 acri
1316 403 1521 436 reprehensioni
1545 406 1667 438 obnoxii,
1689 411 1744 433 tum
1767 407 1836 434 ludi—

1047 443 1107 471 brio
1132 444 1247 478 expositi
1273 446 1306 471 :td
1339 449 1520 475 sacerdotium
1547 455 1648 478 lentcre
1676 451 1832 486 irruperint.

1047 487 1176 522 Equidem
1191 488 1352 523 simpliciter
1364 491 1526 526 sincerequc
1547 494 1734 523 defensionem
1751 496 1831 523 insti-

1048 530 1229 569 tnam.‘701
1246 535 1384 569 Siquidem
1412 537 1483 563 enim
1501 540 1532 564 de
1546 538 1612 572 ipsis
1623 547 1776 568 sermonem
1794 542 1836 568 in-

1046 579 1120 606 stiltti
1137 585 1262 606 virtutem
1274 580 1422 615 disciplina:
1436 582 1593 616 prmferens,
1604 583 1664 617 jure
1680 580 1781 619 optimo
1793 594 1836 614 mc

1046 625 1149 652 ad'mei
1170 625 1354 654 defensionem
1378 628 1557 662 compulisti;
1579 629 1600 656 si
1626 638 1689 657 vero
1707 639 1835 666 persona-

1045 678 1104 698 rum
1127 671 1200 698 nulla
1215 676 1273 698 erat
1300 673 1378 704 ratio,
1397 674 1534 708 negotium
1561 682 1626 701 vero
1643 676 1729 710 ipsum
1743 685 1790 711 per
1806 685 1836 706 se

1045 716 1192 750 diligenter
1209 717 1429 751 exaiiiinabatur,
1456 722 1484 744 ut
1505 718 1562 753 ipse
1577 720 1739 754 admiratus,
1765 723 1836 756 quod

1046 760 1148 794 aiebas.
1177 762 1405 797 pulchritudinem
1432 768 1460 790 et
1481 764 1623 792 veritatem
1658 767 1833 801 scriptorum,

1046 807 1162 842 majores
1179 815 1258 842 quam
1275 816 1381 836 mereor
1403 809 1495 836 laudes
1520 816 1690 845 contexeres,
1703 812 1834 847 quidnam

1045 852 1176 887 sanejam
1195 853 1319 881 homines
1338 855 1583 890 quomodocuuquc
1599 857 1721 884 viventes
1734 858 1759 885 iu
1778 866 1834 885 me-

203 904 368 939 ἐπ.χειρῶν;
396 903 463 930 Οὐδὲ
488 903 543 939 γὰρ
567 905 591 930 εἰ
616 905 720 940 μυρίων
746 906 845 931 ἐκεῖνοι
873 905 991 940 γέμουσι

1046 896 1118 924 dium
1133 898 1278 932 protulisti.
1293 900 1453 934 redarguere
1463 901 1561 935 scripta
1576 909 1661 935 nuper
1674 902 1836 937 aggressus?

203 950 307 983 κακῶν,
326 950 372 976 καὶ
387 950 491 985 πάντας
508 950 681 986 ἀπέκρυψαν,
704 951 743 983 ὡς
767 951 920 987 γέγραφας,
935 954 995 983 ταῖς

204 996 399 1032 παρανομίαις,
415 997 465 1031 ἤδη
480 998 494 1023 ὁ
506 995 582 1030 λόγος
597 998 610 1023 ὁ
623 997 689 1032 παρ’
706 997 783 1032 ἡμῶν
799 998 813 1023 ὁ
827 999 859 1033 τῇ
882 998 995 1034 ἀληθείᾳ

203 1043 386 1079 ὡχυρωμένος
400 1044 634 1078 ἀνα-τραπήσεται.
666 1044 737 1070 Ἀλλ’
754 1045 854 1070 ἐκεῖνοι
871 1044 920 1080 μὲν
943 1045 993 1080 Ιἤδη

202 1089 318 1116 τοιοῦτοί
333 1090 385 1115 εἰσι
407 1090 476 1125 μετὰ
489 1089 536 1116 τοῦ
558 1090 761 1125 κωμῳδεῖσθαι,
785 1091 833 1117 καὶ
854 1091 932 1126 δίκην
947 1092 993 1118 ἀν-

204 1136 332 1162 ύποιστον
341 1136 507 1171 δώσουσιν-ἡ
523 1136 551 1162 δὲ
565 1136 679 1171 ἀλήθεια
690 1136 837 1172 διαλάμψει
850 1136 990 1172 μειζόνως,

202 1182 232 1208 οὖ
246 1182 311 1217 παρ’
338 1181 436 1216 ὀλίγων
463 1182 589 1217 πονηρῶν
615 1182 792 1218 ὲλεγχομένη,
818 1182 886 1209 ἀλλὰ
902 1182 988 1218 ταύτῃ

205 1227 321 1262 μάλιστα
336 1227 514 1263 λαμπροτέρα
526 1228 667 1264 γινομένη,
685 1229 726 1255 ὅτι
741 1229 804 1260 τοὺς
820 1229 856 1263 μὴ
870 1228 989 1264 ἐρῶντας

204 1274 297 1308 αὐτῆς,
311 1273 449 1305 δυσκλεεῖς
462 1274 662 1308 ἀποφαίνουσα,
676 1276 738 1306 τοὺς
750 1275 868 1310 ἐραστὰς
883 1275 990 1302 εὐκλεε-

204 1318 316 1349 στάτους
332 1318 530 1353 ἀπεργάζεται.

362 1385 446 1412 roo'.
463 1401 498 1405 —
520 1385 671 1422 ΕΥΤΟΝΙῼ
691 1386 851 1423 ΔΙΛΚΟΝῼ.

1049 943 1106 970 Non
1121 944 1228 973 enimsi
1245 945 1358 972 intinitis
1381 946 1418 972 illi
1433 951 1498 973 sunt
1523 947 1615 975 referti
1646 949 1731 981 malis,
1749 954 1786 982 et,
1806 953 1836 976 ut

1045 990 1190 1025 scripsisti,
1217 995 1329 1018 cunctos
1350 992 1499 1019 sceleribus
1524 994 1579 1020 suis
1606 994 1764 1026 obseurant,
1778 995 1834 1029 jam

1044 1036 1133 1062 oratio
1146 1043 1159 1061 a
1177 1037 1254 1062 nobis
1271 1038 1384 1064 veritate
1412 1039 1518 1065 lirmala
1535 1040 1717 1067 subvurtctur.
1736 1041 1834 1069 Vcrutu

1044 1081 1080 1107 illi
1097 1081 1162 1108 tales
1183 1086 1246 1115 post
1268 1083 1507 1116 reprehensionem
1528 1085 1611 1112 etiam
1635 1086 1833 1116 intolerandam

1044 1125 1118 1152 luent
1135 1134 1253 1159 paruam.
1271 1127 1329 1162 Ipsa
1344 1135 1434 1156 autem
1457 1130 1558 1157 veritas
1579 1133 1664 1166 magis
1685 1132 1831 1165 elucescet,

1043 1179 1096 1198 non
1120 1179 1133 1197 a
1157 1173 1251 1207 pauris
1278 1174 1408 1208 improbis
1423 1177 1602 1210 reprehensa,
1623 1179 1670 1205 sed
1697 1179 1748 1205 hoc
1772 1179 1832 1214 ipso

1043 1217 1142 1243 clarior
1168 1217 1249 1250 tincta,
1267 1220 1338 1253 quod
1363 1228 1410 1247 ros
1427 1222 1517 1249 hostes
1538 1223 1667 1258 inglorios
1685 1225 1833 1252 ostendens

1045 1269 1181 1290 amatores
1199 1265 1391 1293 celeberrimos
1403 1266 1516 1294 etl'tciat.

1149 1389 1313 1418 CDLXXIX.
1336 1407 1370 1412 —
1391 1391 1543 1421 EUTONIO
1564 1394 1723 1424 DlACONO.

203 1441 281 1468 Multi
299 1446 431 1469 uterentur
456 1449 549 1469 nomen
569 1446 594 1469 et
612 1451 662 1470 non
676 1443 781 1476 habent,
804 1445 849 1471 sed
870 1444 1070 1507 multilfzmam
1086 1447 1190 1480 habent,
1215 1456 1294 1484 quatit
1318 1457 1371 1476 non
1396 1456 1538 1479 merentur.
1565 1451 1674 1480 Invidia
1701 1455 1763 1482 boui
1779 1452 1834 1486 fere

703 1485 705 1487 ’
964 1491 978 1507 ιι
999 1487 1087 1507 orant.

703 1485 705 1487 ‘
953 1485 1087 1510 laborant.

237 1541 339 1573 Πόσους
351 1542 401 1569 οἴει
419 1542 472 1569 τῶν
486 1542 636 1579 ἀνθρώπων
648 1544 807 1580 ἀνωνύμους
819 1546 866 1573 καὶ
877 1547 988 1581 ἀδίξους

203 1584 271 1613 εἶναι
287 1587 376 1622 πολλῷ
395 1588 621 1625 σπουδαιοτέρους
641 1590 844 1626 γεγενημένους
860 1592 914 1619 τῶν
927 1593 988 1628 ᾁδο-
1003 1583 1024 1611 C

204 1633 292 1668 μένων
306 1642 313 1666 ;
330 1633 368 1669 τῷ
382 1635 446 1665 τοὺς
459 1635 507 1670 μὲν
521 1637 641 1671 ποιητῶν
652 1638 745 1671 τυχεῖν
765 1638 810 1664 καὶ
825 1638 985 1673 λογοποιῶν,

202 1677 256 1705 τῶν
273 1680 328 1705 πᾶν
345 1679 376 1705 τὺ
392 1680 579 1715 πραττόμενον
595 1682 632 1716 μὴ
645 1681 713 1716 πρὸς
729 1681 778 1717 τὴν
792 1682 919 1718 ἀλήθειαν
931 1693 989 1720 κριο

202 1724 313 1756 νόντων,
325 1724 393 1751 ἀλλὰ
407 1725 474 1761 πρὸς
486 1725 519 1761 ἢν
536 1724 609 1761 εἰχον
618 1726 722 1753 εὔνοιαν
736 1727 989 1763 ὑπολαμϐανόντων,

204 1769 250 1795 καὶ
266 1769 296 1795 τὸ
311 1769 485 1805 κατορθωθὲν
497 1770 686 1806 οὐρανόμηκες
702 1772 850 1799 ποιούντων
862 1782 869 1788 ·
884 1774 947 1806 τοὺς
961 1775 989 1801 δὲ

205 1814 243 1848 μὴ
278 1814 424 1849 ἐσχηκέναι
445 1815 509 1846 τοὺς
537 1816 712 1851 ὑμνήσαντας
734 1817 776 1844 διὰ
792 1818 898 1852 φθόνον,
923 1819 991 1855 ’ὅπερ

203 1861 263 1891 ταῖς
273 1859 413 1896 λαμπραῖς
424 1860 555 1895 πράξεσιν
568 1861 726 1889 ἀκολουθεῖν
735 1863 842 1890 εἴωθεν.
856 1865 991 1892 Ἐνταῦθα

211 1905 261 1941 μὲν
279 1904 325 1933 οὖν
344 1907 367 1932 εἰ
384 1907 431 1933 καὶ
453 1905 546 1939 ἔδοξαν
561 1908 585 1934 οἰ
604 1908 652 1943 μὲν
670 1909 903 1946 ἀνακεκηρύχθαι,
920 1912 944 1937 οἰ
964 1912 992 1938 δὲ

205 1951 401 1987 σεσιωπῆσθαι,
418 1952 464 1979 τοῦ
480 1952 583 1988 κόσμου
595 1953 687 1980 λοιπὸν
703 1955 743 1987 εἰς
759 1956 835 1988 τέλος
847 1957 992 1992 ἐπειγομέ-

206 2006 263 2029 νου,
280 1998 370 2024 ἐκεῖσε
386 1998 449 2030 τοὺς
467 1998 553 2031 ὅντως
573 1999 717 2035 λαμπροὺς
734 2002 780 2028 καὶ
795 2002 916 2035 ἐνδόξους
930 2003 993 2038 ὀψό-

208 2042 288 2077 μεθα,
304 2043 354 2078 τῆς
377 2042 453 2075 θείας
467 2043 546 2079 δίκης
560 2044 610 2071 οὐκ
629 2045 794 2082 ἀνεξομένης
808 2048 840 2073 ἐκ
867 2048 915 2083 τῆς
938 2048 992 2076 τῶν

206 2087 358 2123 ἀνθρώπων
382 2087 460 2124 δόξης
477 2090 600 2124 ἐνεγκεῖν
623 2090 672 2126 τὴν
697 2091 797 2127 ψῆφον,
818 2092 875 2119 ἀλλ’
892 2094 924 2119 ὲκ
942 2093 993 2129 τῆς

205 2134 318 2166 οἰκείας,
333 2134 382 2169 τῆς
405 2135 569 2171 εἰλικρινοῦς
603 2138 650 2164 καὶ
671 2137 855 2167 ἁδιαπτώτου.
881 2141 927 2176 Μὴ
946 2140 993 2168 οὖν

205 2181 346 2217 ὀλιγώρει,
360 2182 384 2208 εἰ
403 2183 614 2219 οὐρανοπολίτης
629 2183 667 2211 ὢν
688 2185 737 2217 τὰς
750 2185 804 2213 τῶν
826 2186 993 2222 φθονούντων

211 2234 251 2253 σοι
261 2226 384 2261 γλώττας
398 2229 499 2264 αἰχμῆς
510 2229 637 2265 νεηκόνου
652 2230 782 2267 ὀξυτέρας
796 2233 911 2269 αἰσθάνῃ
924 2234 993 2261 κατὰ

211 2272 313 2298 σαυτοῦ
325 2273 489 2309 φερομένας,
504 2274 572 2301 ἀλλὰ
586 2274 630 2301 διὰ
640 2275 719 2302 τοῦτο
735 2276 851 2312 μάλιστα
870 2278 992 2315 λαμπρό-

209 2325 287 2354 τερος
303 2318 414 2346 ἔσεσθαι
433 2319 627 2356 προσδόκησον.

439 2398 504 2424 ru'.
524 2413 559 2418 —
576 2399 620 2434 Τῼ
635 2399 737 2436 arm.

1082 1549 1217 1582 Quotnam
1240 1555 1319 1585 putas
1340 1551 1464 1579 homines
1487 1553 1546 1581 sine
1570 1553 1641 1581 fama
1676 1555 1836 1591 ignotosque

1041 1597 1132 1624 vivere
1147 1598 1255 1624 virtutis
1279 1598 1363 1633 ntagis
1386 1599 1521 1627 studiosos
1534 1600 1718 1636 clarioresque
1731 1623 1738 1635 ,
1755 1611 1834 1638 quam

1043 1643 1069 1670 hi
1085 1651 1198 1677 quorum
1213 1643 1394 1671 decantantur
1409 1646 1542 1672 nomina?
1559 1646 1590 1673 lli
1602 1647 1674 1674 enim
1686 1649 1758 1676 nacti
1775 1650 1835 1683 qui-

1041 1689 1100 1716 dem
1126 1694 1187 1716 suut
1203 1696 1295 1723 poetas
1308 1695 1388 1724 atque
1406 1691 1562 1726 historicos,
1579 1700 1621 1721 res
1636 1699 1725 1729 gestas
1740 1702 1835 1724 omnes

1043 1743 1094 1762 non
1113 1743 1145 1762 ex
1163 1743 1236 1770 vero,
1249 1737 1296 1763 sed
1310 1737 1392 1764 animi
1418 1737 1607 1766 benevolentia
1624 1740 1650 1766 in
1668 1741 1754 1775 majus
1770 1749 1833 1775 pro-

1043 1783 1184 1814 vehentcs,
1206 1787 1232 1809 et
1248 1783 1378 1817 quidquid
1401 1789 1475 1811 recte
1495 1784 1596 1812 factum
1619 1785 1645 1812 in
1664 1786 1760 1814 uelum
1778 1787 1835 1814 latt-

1042 1828 1121 1855 dibus
1138 1828 1305 1855 extulerunt.
1329 1828 1366 1855 llli
1390 1835 1484 1857 contra
1513 1830 1547 1858 ob
1573 1831 1702 1858 invidiam
1715 1832 1784 1866 (qua:
1800 1833 1832 1859 il-

1042 1873 1137 1901 lustria
1158 1874 1315 1909 plerumque
1337 1875 1437 1909 stipare
1459 1875 1528 1903 facta
1550 1878 1703 1912 consuevit)
1722 1878 1832 1906 minime

1043 1921 1180 1947 consecuti
1197 1920 1241 1955 qui
1259 1920 1446 1955 praedicarent.
1459 1919 1509 1948 llic
1529 1921 1610 1956 igitur
1624 1923 1673 1949 etsi
1688 1923 1831 1953 videantur

1044 1965 1069 1992 hi
1102 1966 1209 2000 quidem
1240 1962 1393 2000 prtedicari,
1426 1966 1462 1994 illi
1498 1975 1564 1995 vero
1593 1967 1701 1995 silentio
1732 1970 1831 2004 premi,

1044 2010 1144 2038 mundo
1156 2011 1263 2038 tandem
1281 2012 1314 2038 ad
1331 2011 1410 2038 tinem
1425 2012 1550 2045 deducto,
1566 2013 1620 2040 illic
1635 2020 1727 2041 revera
1744 2014 1833 2041 claros

1045 2061 1071 2084 et
1085 2056 1217 2091 gloriosos
1231 2057 1393 2091 videbimus,
1418 2058 1464 2086 Dei
1485 2058 1592 2093 iustitia
1611 2067 1662 2086 non
1681 2061 1834 2087 sustinente

1044 2101 1201 2137 suffragium
1223 2101 1295 2129 ferre
1310 2109 1342 2129 ex
1360 2103 1511 2138 hominum,
1532 2104 1578 2131 sed
1600 2112 1634 2132 ex
1652 2105 1760 2139 propria
1776 2106 1834 2132 sin-

1044 2154 1106 2174 cera
1130 2151 1210 2181 atque
1230 2148 1332 2175 erroris
1356 2153 1466 2182 experte
1491 2149 1637 2176 sententia.
1659 2148 1728 2177 Cave
1753 2150 1835 2184 igitur

1045 2199 1109 2226 agas
1123 2191 1229 2226 ignave,
1241 2193 1262 2219 si
1276 2192 1478 2220 emliexsistens
1491 2194 1578 2221 incola
1595 2194 1640 2222 tibi
1656 2194 1831 2222 invidentium

1045 2236 1151 2272 linguas
1165 2241 1244 2264 acuto
1261 2237 1371 2272 cuspide
1396 2238 1531 2266 acutiores
1554 2239 1656 2273 pridem
1681 2239 1708 2266 in
1734 2244 1759 2267 te
1780 2239 1835 2275 jaci

1045 2282 1159 2316 sentias,
1181 2283 1228 2311 sed
1243 2290 1292 2318 per
1307 2283 1364 2311 hzec
1386 2284 1477 2319 potius
1503 2284 1644 2312 clariorem
1659 2289 1685 2312 te
1698 2284 1755 2312 fore
1768 2293 1835 2312 con-

1045 2329 1132 2356 ﬁdilo.

1283 2408 1372 2436 σθω(
1378 2408 1433 2436 XX.
1450 2424 1485 2430 —
1500 2409 1616 2438 EIDEM.

597 2453 709 2481 Virtutis
729 2456 846 2483 studium
859 2460 986 2492 prmonii
998 2469 1042 2497 spe
1054 2464 1146 2491 alitur.
1165 2465 1228 2500 Spes
1247 2465 1314 2493 bona
1330 2466 1375 2493 dat
1387 2465 1462 2492 vires.

244 2521 325 2553 Ἴσοι,
344 2521 384 2547 ὅτι
399 2522 455 2553 τοῖς
465 2521 514 2556 τῆς
526 2521 626 2556 ἀρετῆς
640 2521 732 2554 πόνοις
745 2523 778 2549 ἐκ
789 2522 901 2559 πρώτης
914 2525 993 2562 μέχρι

207 2567 339 2602 τελευτῆς
352 2568 556 2603 ἐγκαρτερῆσαι
571 2568 619 2603 οὐχ
631 2565 687 2594 οἷόν
699 2576 739 2601 τε,
762 2569 799 2604 μὴ
812 2569 862 2604 τῆς
879 2571 994 2604 προσδο-

207 2613 270 2644 κίας
284 2612 339 2639 τῶν
354 2613 444 2649 γερῶν
457 2613 626 2648 κιρναμένης
651 2614 742 2649 ἠρέμα
764 2614 803 2650 τῷ
826 2615 928 2651 ἱδρῶτι,
947 2617 996 2644 καὶ

207 2657 279 2684 κατὰ
302 2657 389 2693 βραχὺ
419 2658 532 2690 ἀλύπως
556 2667 586 2685 τε
608 2659 654 2686 καὶ
678 2659 796 2694 κούφως,
825 2661 872 2687 καὶ
896 2662 996 2697 τρόπον

207 2704 268 2730 τινὰ
285 2705 345 2738 μετ’
364 2703 536 2740 εὐφροσύνης
558 2705 798 2740 παραπεμπούσης
814 2706 860 2733 ἐπὶ
886 2707 917 2733 τὺ
940 2708 994 2736 τῶν

205 2748 320 2780 ἀγώνων
341 2748 429 2780 τέλος.
456 2749 487 2775 Εἰ
511 2750 600 2777 τοίνυν
629 2750 736 2778 θεάσοιο
760 2751 903 2787 ἄνθρωπον
930 2755 993 2786 τοὺς

207 2796 306 2827 πόνους
326 2796 376 2831 τῆς
390 2797 500 2831 ἀρετῆς,
519 2797 568 2828 τὰς
585 2796 635 2832 τῆς
652 2798 759 2833 τρυφῆς
775 2800 830 2830 τοῖς
849 2800 993 2836 ἐχέφροσιν

207 2840 314 2874 ἡδονὰς,
330 2841 476 2876 φεύγοντα,
493 2841 547 2868 ῐσθι
563 2842 603 2869 ὅτι
630 2842 706 2874 ἐλπὶς
723 2843 798 2879 αὐτῷ
823 2847 928 2882 χρηστὴ
944 2847 993 2874 οὐκ

207 2886 294 2915 ἀνθεῖ.

1082 2531 1156 2559 Scito
1175 2532 1231 2559 tieri
1253 2541 1304 2561 non
1319 2540 1399 2568 posse
1413 2538 1442 2560 ut
1458 2533 1519 2568 quis
1535 2532 1568 2560 ab
1585 2533 1697 2561 exordio
1710 2533 1742 2560 ad
1757 2533 1838 2562 tinem

1047 2584 1132 2612 usque
1153 2577 1258 2605 latiores
1277 2585 1326 2611 pro
1346 2579 1446 2607 virtute
1465 2583 1604 2613 susceptos
1619 2585 1775 2607 constanter
1795 2585 1837 2608 to-

1049 2623 1128 2655 leret,
1142 2623 1193 2650 nisi
1209 2623 1380 2657 praemiorum
1397 2623 1512 2652 admista
1528 2626 1731 2660 exspectatione
1745 2628 1837 2654 sudori

1049 2668 1188 2704 paulatim,
1203 2673 1230 2696 et
1244 2669 1307 2701 cito,
1325 2669 1528 2703 iudolenterque
1543 2678 1573 2697 ac
1590 2671 1697 2704 leuiter,
1714 2679 1746 2699 ac
1760 2673 1838 2700 modo

1048 2714 1165 2749 quodam
1182 2721 1241 2741 cum
1260 2714 1394 2747 hilaritate
1410 2714 1547 2749 praemissa
1560 2723 1645 2750 usque
1663 2717 1696 2745 ad
1711 2718 1837 2746 certami-

1049 2767 1112 2786 num
1129 2763 1291 2787 extremum.
1309 2759 1337 2786 Si
1357 2759 1447 2794 itaque
1461 2759 1596 2788 hominem
1615 2762 1715 2790 videris
1728 2763 1837 2790 virtutis

1049 2804 1156 2832 labores
1187 2804 1258 2839 (qua:
1295 2804 1472 2840 prudentibus
1509 2805 1645 2834 deliciosae
1685 2808 1837 2843 voluptates

1048 2850 1192 2885 exsistunt)
1211 2850 1367 2886 rugientem,
1386 2851 1492 2880 noveris
1513 2851 1611 2879 bonam
1627 2852 1664 2881 illi
1689 2861 1764 2890 spem
1780 2861 1835 2883 n0n

1051 2894 1176 2930 relinqui.
