2064 3162
258 139 324 173 1607
851 141 880 170 δ,

524 197 688 225 ΟῡιΧΧΧι.
711 213 747 219 -
767 196 880 225 EIDEM.

851 141 882 170 S.
901 139 1045 170 ISIDORI
1065 137 1283 170 PBLUSIOTtE

1815 135 1888 170 1608

1326 197 1413 223 TIIA'.
1430 212 1464 216 —
1478 196 1522 230 Τῼ
1545 196 1644 232 ᾹΥΤῼ.

578 256 615 283 De
632 257 762 291 corruptis
779 255 944 283 sacerdotum
956 255 1131 291 quorumdam
1148 256 1273 283 moribus.
1289 255 1378 291 (σοιτί.
1396 256 1474 290 epist.
1491 255 1566 286 552.)

293 311 425 339 Terribile
441 319 523 344 nunc,
537 316 564 339 et
580 312 657 339 valde
670 312 778 346 quidem
802 312 923 339 terribile
945 317 987 340 est
1011 312 1061 340 ad'

256 357 436 384 sacerdotium
453 358 616 392 pertingere.
636 358 758 385 Alterum
773 359 844 385 enim
859 358 955 385 borum
973 359 1046 385 accl-

257 403 321 429 dere
333 401 402 429 solet
416 410 424 430 :
440 408 484 430 aut
496 402 574 437 juxta
587 409 692 431 veteres
707 408 734 430 et
748 403 911 438 apostolicos
927 410 1046 430 canones

257 448 393 476 viventem
412 449 528 476 invisum
543 457 614 481 esse,
629 449 787 484 insidiisque
800 449 888 484 appeti
904 449 938 476 ab
952 449 985 476 iis
1000 449 1044 483 qui

258 501 330 521 nunc
351 502 399 529 per
415 499 588 529 apparentem
602 503 699 523 noxam
716 500 743 523 et
756 495 921 530 illegitimam
933 501 1046 522 consue-

258 541 390 573 tudinem,
408 546 535 574 tanquam
552 540 600 568 Dei
614 545 725 568 servent
747 540 843 575 legem,
861 544 987 573 recteque
1005 539 1046 565 vi-

257 592 352 614 ventes
371 586 582 620 expcllunt;aut
600 586 802 613 submittentem
819 592 864 617 se,
889 589 917 611 et
938 583 1046 619 propria

257 632 377 666 neglecta
407 633 503 664 salute,
524 631 614 659 multis
637 631 696 658 aliis
725 631 823 658 otl'erre
843 629 1046 662 offendiculum,

257 686 312 713 quo
325 678 424 712 duplici
439 678 548 705 nomine
564 679 687 712 ingentes
700 682 763 704 sunt
778 683 873 712 poenas
882 676 981 704 daturi.
997 675 1049 703 Fc-

257 724 334 752 lieem
349 725 438 758 itaque
453 723 572 755 nomino,
591 723 635 757 qui
653 723 704 749 huc
722 727 816 757 captus
829 729 880 749 non
898 721 932 749 sit
945 729 1047 749 amore.

257 770 286 798 Si
300 778 365 797 vero
384 778 436 797 non
454 774 548 804 captus
564 770 714 800 ordinetur,
735 768 851 802 printum
875 772 965 794 servet
985 775 1049 801 pro-

257 817 373 851 positum
385 820 503 850 oportet,
517 821 666 849 magnaque
679 813 805 848 loquendi
821 813 955 845 libertate,
973 813 1046 840 anti-

257 869 308 896 qua
323 866 404 896 atque
423 860 570 896 apostolica
596 863 708 887 renovet
732 859 850 892 decreta,
871 867 905 886 ne
921 859 1048 886 sacerdo-
1065 854 1085 881 Β

258 907 323 933 tium
347 913 418 934 nunc
441 906 657 941 propinantibus,
688 906 834 940 omniaque
859 908 886 932 et
916 905 1006 932 dicere
1021 909 1048 932 et

257 952 346 979 facere
369 952 450 979 licere
466 952 516 979 sibi
533 953 717 986 opinantibus,
735 951 761 978 in
778 951 851 977 vitiis
872 954 1046 985 cooperetur.

254 996 369 1024 Praestat
393 997 466 1024 enim
493 997 599 1024 insidiis
623 997 713 1031 appeti
740 1004 772 1024 ac
799 996 887 1032 rejici,
909 1003 991 1031 quam
1019 995 1046 1023 id

255 1049 340 1077 genus
354 1042 494 1078 aggregari
509 1042 673 1070 hominibus.

352 1133 528 1163 CDLXXXII.
545 1151 573 1156 —
589 1135 764 1164 LA‘MPETIO
783 1135 957 1164 EPISCOPO.

1135 312 1253 348 φοϐερόν
1268 313 1336 346 ἐστι,
1354 313 1401 339 καὶ
1415 312 1475 339 λίαν
1497 312 1611 348 φοδερὺν
1626 312 1656 339 τὺ
1674 312 1714 343 είς
1734 311 1889 348 ἱερωσύνην

1101 358 1160 384 νυνὶ
1176 357 1294 384 τελέσαι.
1309 358 1388 384 Δυοῖν
1403 357 1458 393 γὰρ
1471 357 1546 393 αὑτῷ
1567 357 1680 393 θάτερον
1698 357 1886 393 συμϐήσεται·

1099 403 1116 438 ἢ
1141 403 1212 430 κατὰ
1231 404 1294 435 τοὺς
1320 403 1451 438 ἀρχαίους
1478 403 1526 430 καὶ
1551 403 1748 434 ἀποστολικοὺς
1772 403 1889 434 κανόνας

1099 447 1189 479 ζῶντα
1209 447 1356 484 μισηθῆναι
1369 448 1416 474 καὶ
1436 447 1663 483 ἐπιϐουλευθῆναι
1679 448 1754 484 παρὰ
1769 448 1824 474 τῶν
1838 448 1889 484 τὴν

1099 494 1160 520 νυνὶ
1184 493 1391 520 ὲπιπολάσασαν
1414 493 1551 528 ἐπιϐλαΰῆ
1568 494 1615 520 καὶ
1639 495 1799 528 παράνομον
1822 503 1887 520 συν-

1100 538 1196 574 ήθειαν
1217 539 1256 571 ὡς
1267 539 1349 574 νόμον
1363 539 1435 566 θεῖον
1448 540 1647 574 φυλαττόντων,
1663 541 1711 567 καὶ
1725 541 1788 572 τοὺς
1801 539 1889 575 ὀρθῶς

1100 584 1224 620 βιοῦντας
1238 585 1504 621 ἐξοστρακιζόντων·
1519 586 1536 621 ἢ
1553 586 1811 613 ὕποκατακλίναντα
1823 587 1888 612 ἑαυ-

1100 629 1157 661 τὸν,
1171 629 1219 656 καὶ
1231 630 1282 665 τῆς
1295 630 1394 656 ἑαυτοῦ
1413 630 1559 665 ἀφειόἦσαι
1572 631 1719 665 σωτηρίας,
1734 631 1782 656 καὶ
1793 631 1890 662 ἄλλους

1103 675 1218 707 πολλοὺς
1235 675 1422 709 σκανδαλίσαι,
1441 676 1512 711 ὑπὲρ
1524 672 1561 702 ὧν
1575 676 1622 702 καὶ
1636 676 1714 708 δίκας
1738 676 1889 712 σφοδροτά-

1102 730 1152 753 τας
1165 721 1256 749 δώσει.
1275 722 1420 757 Μακάριον
1439 721 1488 757 μὲν
1503 719 1548 748 οὖν
1565 722 1595 748 τδ
1612 722 1679 758 μηδὲ
1696 722 1799 748 ἁλῶναί
1825 730 1890 748 ποτε

1101 766 1140 803 τῷ
1163 767 1277 803 τοιούτῳ
1298 767 1391 803 ἔρωτι.
1407 769 1438 794 El
1460 768 1489 795 δὲ
1516 768 1553 804 μὴ
1579 768 1658 800 ἁλοὺς
1673 769 1888 804 χειροτονηθείη,

1101 813 1205 849 ἑχέσθω
1220 813 1266 840 τοῦ
1281 814 1414 850 προτέρου
1433 813 1546 846 σκοποῦ,
1570 815 1617 841 καὶ
1639 814 1708 850 μετὰ
1732 814 1890 851 παρρησίας

1100 860 1134 886 τὰ
1148 859 1251 894 ἀρχαῖα
1262 860 1309 886 καὶ
1325 858 1492 886 ἀποστολικὰ
1507 859 1660 894 πράγματα
1671 860 1837 890 ἀνανεούτω,
1854 860 1892 895 μὴ

1100 906 1157 936 τοῖς
1170 904 1217 931 νῦν
1233 905 1396 941 προτείνουσι
1417 904 1466 940 τὴν
1482 905 1642 940 ἱερωσύνην,
1656 906 1703 932 καὶ
1727 905 1820 932 πάντα
1846 907 1893 932 καὶ

1100 951 1191 985 λέγειν
1211 951 1258 977 καὶ
1281 951 1413 986 πράττειν
1438 950 1539 983 ἐξεῖναι
1555 951 1647 983 αὐτοῖς
1665 952 1835 986 νομίζουσιν,
1853 953 1894 984 εἱς

1099 996 1134 1022 τὰ
1158 995 1319 1031 πταίσματα
1339 995 1536 1032 συμπράττων.
1561 997 1693 1031 Κρεῖττον
1710 996 1765 1031 γὰρ
1784 996 1815 1023 τὸ
1830 997 1893 1022 ἑπι-

1100 1041 1280 1077 ϐουλευθῆναι
1294 1042 1341 1069 καὶ
1355 1041 1644 1078 ἀποχειροτονηθῆναι,
1659 1041 1706 1068 τοῦ
1722 1042 1793 1078 μετὰ
1805 1041 1894 1068 τοιού-

1099 1097 1154 1116 των
1175 1087 1280 1124 ἀνδρῶν
1294 1087 1436 1124 τετάχθαι.
1635 1098 1638 1099 ν

1232 1133 1320 1161 ΥΠΒ¹.
1336 1148 1372 1154 --
1385 1134 1564 1170 ΛΑΜΠΕΤΙῼ
1578 1135 1762 1172 ΕΠΙΣΚΟΠῼ.

468 1181 506 1209 De
521 1182 687 1215 improbitate
698 1181 797 1209 Zosimi
821 1182 1002 1216 maiorumque
1013 1187 1024 1208 :
1041 1187 1090 1215 pro
1106 1180 1138 1207 iis
1154 1179 1295 1207 orandum.
1313 1178 1407 1214 (Supr.
1424 1179 1500 1214 epist.
1521 1179 1584 1213 457,
1603 1180 1677 1215 MO.)

290 1228 447 1264 Deplorare,
463 1237 515 1256 non
530 1230 676 1256 conviciari
701 1231 784 1257 debes
797 1230 953 1263 Eusebium,
967 1230 1045 1257 Chre-

258 1281 370 1301 remona
384 1278 411 1301 et
427 1274 577 1307 Zosimum,
594 1275 791 1310 improborum,
805 1280 834 1303 ut
850 1276 958 1308 scribis,
973 1283 1047 1303 sum-

256 1327 326 1353 mos,
341 1327 372 1347 ac
385 1320 486 1347 malitia
512 1321 613 1348 nemini
640 1322 829 1348 concedentes.
855 1321 932 1355 Quod
955 1322 976 1349 si
994 1321 1049 1349 Eu-

256 1366 373 1393 stathius
397 1373 457 1392 cum
485 1365 594 1393 Marone
622 1365 718 1393 iisdem
745 1367 902 1394 insistentes
927 1367 1048 1402 vestigiis

258 1410 328 1438 vinci
351 1411 469 1437 nonduut
495 1415 650 1445 potuerunt.
665 1411 849 1446 excedentque
860 1417 886 1439 et
897 1411 934 1438 illi
949 1411 1049 1446 iniqui-

258 1459 323 1487 tate,
337 1456 371 1482 ad
388 1461 447 1482 rota
464 1463 495 1483 ac
514 1464 607 1490 preces
625 1461 774 1488 venamur,
797 1461 826 1483 ut
842 1457 965 1492 utrisque
981 1457 1048 1484 resi-

1135 1227 1173 1254 Οὐ
1196 1227 1348 1262 κωμῳδεῖν,
1373 1226 1442 1253 ἀλλὰ
1466 1227 1649 1262 καταθρηνεῐν
1669 1227 1788 1262 ὀφείλεις
1805 1228 1892 1254 Εὐσέ-

1099 1274 1157 1301 ϐιόν
1169 1282 1198 1300 τε
1210 1274 1257 1300 καὶ
1269 1273 1432 1309 Χαιρήμονα
1445 1273 1491 1299 καὶ
1501 1273 1635 1308 Ζώσιμον,
1646 1273 1721 1307 τοὺς,
1737 1273 1774 1305 ὡς
1789 1274 1892 1309 γέγρα-

1099 1329 1164 1356 φας,
1173 1320 1405 1356 κορυφαιοτάτους
1417 1319 1471 1345 τῶν
1485 1319 1588 1350 κακῶν,
1602 1320 1649 1346 καὶ
1662 1320 1759 1354 μηδενὶ
1773 1320 1891 1355 ὑπερϐο-

1099 1367 1148 1403 λὴν
1162 1365 1392 1400 καταλείψαντας.
1410 1366 1442 1392 El
1455 1365 1483 1392 δὲ
1499 1366 1546 1392 καὶ
1564 1365 1714 1397 Εὑστάθιος
1727 1367 1775 1393 καὶ
1785 1367 1891 1400 Μάρων

1098 1414 1155 1446 τοῖς
1189 1413 1289 1448 ἴχνεσιν
1314 1411 1404 1439 αὐτῶν
1442 1411 1670 1444 ἀκολουθοῦντες,
1697 1412 1803 1438 οὐδέπω
1836 1414 1890 1447 μὲν

1103 1457 1288 1493 ἀμιλληθῆναι
1311 1457 1481 1492 δεδύνηνται,
1497 1455 1573 1491 δῆλοι
1587 1456 1617 1483 δέ
1636 1457 1687 1483 είσι
1701 1457 1746 1484 καὶ
1766 1457 1890 1492 ὑπερσα-

256 1501 377 1535 piscendi
396 1501 422 1527 in
440 1501 566 1535 viamque
590 1502 720 1529 redeundi
746 1502 913 1535 facultatem,
934 1502 1014 1530 veluti
1033 1510 1048 1530 e

1102 1503 1243 1539 λούμενοι’
1262 1503 1302 1534 είς
1314 1502 1397 1538 εὐχὴν
1419 1502 1583 1537 τρεψοίμην,
1605 1502 1670 1529 ὥστε
1686 1503 1822 1534 κάκείνοις
1837 1503 1889 1529 καὶ

257 1546 382 1572 machina
411 1547 558 1580 respiciens
581 1554 638 1579 eos,
661 1547 730 1574 Deus
757 1547 897 1583 largiatur.
922 1547 1049 1576 Fortasse

257 1591 342 1623 enim,
361 1591 410 1618 etsi
432 1599 584 1626 repugnare
597 1597 635 1619 tot
653 1593 788 1627 tantisque
806 1598 941 1627 nequeant.
958 1597 1045 1620 tenta-

257 1636 361 1663 tionum
377 1637 580 1670 certaminibus,
603 1638 697 1665 saltent
721 1638 810 1672 aliqua
827 1639 879 1667 illis
897 1639 1052 1667 consolatio

257 1682 338 1709 tantis
357 1689 449 1709 eorum
458 1682 663 1717 probationibus
675 1683 809 1711 obveniat.

282 1771 469 1801 CDLXXXIII.
497 1789 534 1796 -—
561 1773 748 1802 TllEODORO
778 1774 1023 1804 SCIIOLASTICO.

1098 1551 1205 1582 τούτοις
1220 1549 1390 1585 μετάγνωσιν
1401 1548 1495 1583 ὥσπερ
1508 1550 1540 1574 ὲκ
1555 1549 1678 1584 μηχανῆς
1693 1557 1765 1580 τινος
1783 1549 1888 1583 ἐπιφα-

1099 1596 1186 1631 νῆναι.
1204 1595 1281 1630 Τάχα
1295 1603 1353 1626 πως
1370 1594 1394 1620 εί
1408 1594 1454 1620 καὶ
1467 1593 1504 1629 μὴ
1515 1593 1739 1628 ἀναμαχέσασθαι
1749 1593 1888 1628 δυνηθεῖεν

1097 1641 1147 1674 τὰς
1163 1640 1298 1672 τοσαύτας
1320 1640 1367 1667 καὶ
1383 1638 1551 1675 τηλικαύτας
1568 1640 1664 1674 ἥττας,
1681 1639 1747 1666 ἀλλὰ
1762 1639 1815 1666 κᾶν
1836 1647 1888 1666 πα-

1100 1686 1220 1722 ραμυθία
1235 1694 1277 1717 τις
1292 1686 1383 1717 αὺτοῖς
1395 1686 1424 1712 ἐν
1443 1687 1501 1717 τοῖς
1515 1685 1612 1717 δεινοῖς
1637 1686 1754 1717 ἐκείνοις
1778 1684 1886 1721 βασανι-

1099 1740 1148 1767 στη
1155 1731 1222 1767 ρίοις
1234 1731 1354 1767 τεχθείη.

1207 1777 1294 1804 ΥΠΡ.
1312 1791 1346 1809 -τ
1368 1777 1521 1812 ΘΕΟΔΩΡῼ
1536 1775 1768 1812 ΣΧΟΛΔΣΤΙΚῼ.

594 1821 628 1849 Ut
647 1823 714 1850 vires
726 1823 822 1857 desint,
839 1824 959 1852 uoluntas
975 1824 1120 1852 laudanda.
1145 1825 1254 1861 (Confer
1274 1824 1385 1852 similem
1401 1825 1476 1859 epist.
1492 1824 1549 1859 25.)

293 1877 418 1906 Maximis
439 1878 511 1906 vinci
537 1878 738 1906 laudationibus
761 1887 813 1908 non
830 1880 987 1908 indecorum
1004 1881 1047 1914 iis,

1131 1881 1188 1908 Οὐκ
1203 1881 1315 1916 αἰσχρὸν
1334 1880 1389 1907 τῶν
1416 1880 1553 1916 μεγίστων
1576 1879 1725 1914 ἐγκωμίων
1745 1878 1883 1914 ἡττᾶσθαι,

258 1923 305 1958 qui
333 1923 448 1951 dicendo
479 1924 623 1959 adaequare
653 1926 788 1952 orationes
817 1931 964 1960 nequeant,
998 1933 1048 1953 nec

1099 1924 1136 1958 οἷς
1153 1925 1284 1958 ἐξισῶσαι
1297 1926 1360 1957 τοὺς
1374 1925 1469 1959 λόγους
1484 1925 1533 1960 οὺχ
1557 1922 1613 1951 οἷόν
1628 1932 1675 1951 τε·
1691 1924 1753 1950 οὔτε
1781 1923 1833 1959 μὴν
1846 1923 1884 1950 δί-

255 1978 362 2003 :equum
376 1970 506 2004 dignitate
520 1970 695 1998 inferioribus
711 1972 838 1999 facultate
850 1973 933 1999 etiam
949 1979 1048 1999 conce-

256 2014 330 2041 dere.
350 2014 401 2046 Qui
419 2015 490 2041 enim
505 2015 615 2044 laudare
631 2019 780 2051 contendit,
792 2019 879 2046 victus
894 2024 982 2046 autem
995 2023 1048 2052 est,

256 2059 385 2093 propositi
401 2067 448 2086 seu
468 2060 613 2088 voluntatis
636 2062 714 2090 laude
732 2064 938 2091 condecoratur.
954 2064 1043 2098 Quare

1097 1980 1184 2004 καιον,
1197 1972 1245 2008 τῆς
1256 1971 1334 2004 ἀξίας
1349 1972 1519 2007 ὑστεροῦσιν,
1531 1971 1582 2006 ήδη
1596 1971 1682 1997 καὶτὸ
1691 1971 1762 1997 κατά
1775 1970 1885 2004 δύναμιν

1097 2019 1240 2046 ἑλλείπειν.
1259 2019 1349 2054 Ὀγὰρ
1365 2019 1506 2045 ἐπαινέσαι
1518 2018 1713 2053 φιλονεικήσας
1730 2018 1886 2053 μὲν,ἡττη-

1097 2066 1153 2098 θεὶς
1169 2066 1207 2098 δὲ,
1239 2066 1272 2101 τῇ
1298 2067 1347 2101 τῆς
1382 2064 1569 2101 προαιρέσεως
1601 2063 1664 2099 δόξῃ
1698 2063 1884 2099 κεκόσμηται·

257 2104 280 2131 si
309 2105 472 2133 rusticitatis
506 2107 646 2134 infamiam
683 2109 799 2144 alijiccre
816 2113 869 2137 stat
897 2110 1042 2144 sententia,

1099 2111 1192 2138 οὐκοῦν
1210 2110 1269 2146 εἴγε
1291 2112 1451 2146 σκαιότητος
1465 2110 1573 2142 ἀδοξίαν
1592 2109 1798 2146 ἀπορῤίψασθαι
1821 2109 1883 2144 βου-

256 2155 390 2179 tentemns
415 2157 442 2179 et
460 2152 520 2180 illos
546 2153 668 2187 laudare,
689 2162 803 2190 quorum
821 2155 879 2183 laus
892 2156 977 2191 major
991 2161 1044 2190 est,

1099 2157 1205 2193 topeea,
1234 2156 1396 2192 πειρώμεθα
1425 2156 1568 2188 κάκείνους
1591 2157 1725 2188 ἐπαινεῖν,
1741 2153 1782 2187 οἷς
1815 2155 1884 2190 ὑπὲρ

254 2204 335 2232 quam
362 2198 451 2226 verbis
474 2204 554 2234 queat
567 2201 693 2234 exprimi.
720 2201 831 2229 Pra'stat
850 2202 921 2228 enim
943 2203 1044 2230 oratio-

1099 2203 1187 2235 λόγους
1202 2204 1216 2229 ὁ
1232 2202 1353 2234 ἔπαινος.
1370 2203 1498 2238 Ἀμεινον
1513 2202 1568 2238 γὰρ
1581 2202 1611 2229 ὲν
1624 2203 1679 2234 τοῖς
1692 2201 1782 2236 λόγοις
1797 2202 1883 2236 ἡττω-

254 2242 332 2271 uibus
354 2244 442 2272 victos
470 2246 503 2273 ob
518 2247 663 2274 consilium
689 2247 910 2283 voluntatemque
927 2248 1041 2276 laudari.

420 2336 500 2371 703
513 2336 700 2368 CDLXXXIV.
715 2352 748 2359 —
760 2339 874 2368 EIDEM.

1098 2250 1197 2285 μένους
1212 2250 1244 2286 τῇ
1268 2250 1319 2285 τῆς
1344 2249 1532 2284 προαιρέσεως
1547 2247 1769 2280 καλλωπίζεσθαι
1782 2248 1884 2282 εὐγνω-

1097 2295 1210 2332 μοσύνῃ.

1325 2341 1410 2368 rm’.
1426 2357 1462 2362 —
1483 2341 1527 2377 τι)
1551 2341 1652 2376 arm.

460 2381 639 2417 Bctligerandt’
653 2389 676 2411 et
689 2385 825 2412 societatis
846 2385 946 2413 bellica:
967 2386 1120 2414 discrimen.
1140 2386 1231 2422 (Supr.
1249 2387 1402 2422 episl.‘285,
1421 2388 1512 2415 eadem
1523 2394 1560 2415 ut
1575 2387 1676 2423 initio.)

289 2425 381 2462 Longe
399 2427 482 2455 tutius
497 2433 537 2455 est
554 2437 606 2456 non
624 2431 794 2464 belligerare,
812 2440 891 2467 quam
909 2433 971 2461 belli
994 2441 1039 2462 so-

1129 2435 1222 2470 none
1238 2435 1455 2470 ἀσφαλέστερον
1486 2435 1516 2462 τὺ
1547 2435 1585 2471 μὴ
1623 2435 1804 2470 πολεμεῖσθαι
1838 2435 1884 2462 τοῦ

252 2471 378 2498 cietatetn
405 2473 484 2499 inire.
507 2471 574 2498 Illud
608 2475 680 2500 enim
707 2475 790 2502 otium
819 2477 917 2510 negotii
944 2483 1040 2511 expers

1099 2481 1306 2516 τυμμαχεῖσθαι.
1323 2481 1360 2507 Τὸ
1371 2481 1421 2517 μὲν
1434 2481 1488 2517 γὰρ
1508 2481 1625 2516 ἡσυχίαν
1636 2481 1693 2517 ἔχει
1706 2482 1882 2516 ἀπράγμονα,

251 2517 330 2544 alert
342 2526 351 2551 ;
366 2517 416 2544 hoc
427 2525 491 2544 vero
504 2525 691 2552 smpenuntero
702 2521 773 2553 cogit
784 2528 836 2547 una
845 2529 905 2548 cum
919 2522 998 2549 sociis
1013 2522 1039 2549 in

1099 2525 1123 2552 τὸ
1139 2525 1167 2552 δὲ
1178 2526 1328 2560 ἀναγκάζει
1346 2526 1532 2561 συμπολεμεῖν
1558 2526 1690 2558 πολλάκις
1713 2528 1769 2557 τοῖς
1786 2526 1882 2562 βοηοὴ-

252 2563 357 2590 bostcm
384 2571 516 2598 pugnare,
536 2564 643 2591 tametsi
673 2564 771 2592 bellum
799 2566 927 2601 injuslum
949 2576 1040 2596 susce-

1099 2579 1167 2604 ῐασι,
1176 2571 1223 2597 καὶ
1234 2572 1258 2597 εί
1273 2571 1373 2603 ἀδίκως
1391 2571 1546 2606 πολεμοῖεν,
1559 2571 1606 2597 καὶ
1620 2571 1700 2606 χάριν
1716 2571 1813 2598 ἄδικον
1825 2571 1882 2598 ἀντὶ

251 2608 351 2643 perint,
365 2614 392 2636 et
407 2609 533 2642 injustam
548 2610 661 2644 gratiam
678 2618 726 2645 pro
740 2612 810 2644 justa
827 2615 982 2648 rependere.

1099 2616 1199 2647 intuta;
1213 2616 1339 2643 ἐκτίνειν.

420 2655 595 2684 CDLXXXV.
612 2671 646 2676 —
668 2657 743 2685 ISCII
750 2658 874 2688 YRIONI.

1310 2662 1397 2690 THE’.
1420 2677 1452 2683 —
1480 2663 1670 2690 ῘΣΧΤΡΙΩΝΙ.

249 2701 351 2737 Spretis
367 2704 509 2732 mundanis
524 2710 548 2732 et
563 2706 681 2740 caducis,
702 2708 848 2735 caelestibus
860 2709 1074 2751 studendumict
1089 2711 1121 2762 die
1140 2711 1186 2738 illo
1204 2711 1371 2740 Ecclesiaste
1386 2720 1396 2740 :
1420 2721 1430 2738 ι
1452 2711 1563 2740 Venitne
1578 2713 1739 2742 varrizatum,
1757 2715 1782 2738 et
1797 2711 1881 2738 omnia

981 2752 1084 2762 ..,....ι,,.
1143 2755 1152 2762 .

981 2752 1084 2774 uanitas
1101 2752 1122 2772 ¹.
1143 2755 1152 2772 ι

286 2783 392 2814 Videris
407 2787 533 2822 ignorare
545 2791 669 2820 tenebras
683 2792 745 2821 vitae
762 2792 917 2821 mortalium
929 2793 955 2821 in
970 2793 1038 2822 ima-

1130 2794 1243 2826 Ἔοικας
1259 2794 1366 2829 ἀγνοεῖν
1379 2793 1430 2830 τῆς
1452 2794 1582 2830 βιωτικῆς
1598 2793 1750 2829 φαντασίας
1774 2792 1820 2822 τὸν
1840 2791 1881 2826 (6ο

284 2863 296 2879 ι
308 2862 398 2892 Eccle.
417 2872 436 2900 ι,
453 2867 480 2894 2.
