2064 3162
181 161 248 196 1609

595 162 860 191 EPISTULARUM
882 161 954 190 LIB.
977 162 1049 191 \".—
1068 163 1185 192 EPle.
1207 163 1443 195 CDLXXXVIII.

1734 164 1804 198 1610

181 225 241 250 φον,
261 214 307 241 καὶ
321 215 369 249 τῆς
384 213 457 245 θείας
478 213 634 248 φιλοσοφίας
650 214 679 239 τὺ
696 214 761 248 φῶς.
788 213 890 240 Odia-xiv
912 213 960 239 ἕνα
976 214 988 242 ,Α

1017 214 1140 248 ginando,
1153 223 1201 243 nec
1218 223 1272 244 non
1287 217 1378 244 lumen
1391 217 1490 244 divina
1507 216 1691 252 philosophiae.
1712 218 1803 246 Unum

182 269 224 287 σοι
237 259 291 286 τῶν
305 259 437 294 ἐκατέρου
457 259 617 293 πράγματος
637 260 734 294 πεῖραν
755 259 902 294 εἰληφότων
913 258 964 294 χρὴ

182 306 308 342 μάρτυρα
332 304 487 337 ἀξιόπιστον
513 305 703 338 παραγαγεῖν·
730 305 795 339 ἡμῖν
827 305 879 338 γὰρ
900 305 965 335 ἴσως

180 353 210 378 οὐ
224 350 370 385 πεισθήσῃ.
388 349 453 376 Τίνα
467 346 512 375 οὖν
527 349 579 384 ἡγῇ
607 349 757 384 ἀξιόχρεων
771 358 777 382 ;
799 349 892 375 Βούλει
919 348 965 375 τὸν

180 396 326 431 Σολομῶνα
356 396 393 426 εἰς
410 395 491 427 μέσον
516 395 681 430 ἀγάγωμεν;
709 392 792 425 Οὗτος
809 395 862 429 γὰρ
884 393 966 430 ἡνίκα

181 442 231 477 μὲν
246 441 284 476 τῷ
299 441 353 467 τῶν
369 440 501 475 βιωτικῶν
517 440 687 475 πραγμάτων
701 440 784 474 ἔρωτι
801 441 964 475 κεκράτητε,

183 486 299 522 μέγιστά
312 494 341 512 τε
361 485 430 512 αὐτὰ
455 486 558 520 ἡγεῖτο,
582 485 630 511 καὶ
653 484 791 520 θαύματος
808 485 963 520 κρείττονα,

182 533 230 558 καὶ
243 531 332 557 πᾶσαν
344 529 408 564 περὶ
419 528 488 555 αὐτὰ
495 528 543 563 τὴν
558 529 686 564 φροντίδα
695 528 809 563 ἔστρεφε
817 537 824 544 ·
839 529 966 564 λαμπρὰς

183 576 232 611 μὲν
246 573 469 609 οἰκοδομούμενος
488 573 586 606 οἰκίας,
601 573 711 609 χρυσίον
724 573 751 600 δὲ
766 573 888 607 συνάγων
901 583 907 589 ·
920 575 966 600 καὶ

182 620 328 656 μουσικοὺς
345 620 396 655 μὲν
407 619 505 654 χοροὺς
522 620 691 653 συγκροτῶν,
715 619 921 655 τραπεζοποιῶν
939 620 966 646 δὲ

182 667 248 702 γένη
269 666 317 693 xui.
337 666 474 701 μαγείρων
501 665 658 701 κτώμενος·
686 667 731 692 καὶ
764 666 814 701 τὴν
837 666 892 692 ἀπὸ
917 667 966 701 τῆς

181 713 293 747 ἐσθῆτος
308 711 420 747 τρυφὴν,
431 712 478 738 καὶ
488 711 536 747 τὴν
550 712 603 738 ἀπὸ
613 712 667 738 τῶν
680 712 850 748 παραδείσων
860 712 965 747 τέρψιν,

181 758 228 785 καὶ
248 757 297 792 τὴν
317 756 370 783 ἀπὸ
384 757 437 783 τῶν
455 756 589 792 λαμπρῶν
601 757 734 791 σωμάτων
746 757 841 792 ἡδονὴν
849 756 966 791 δαψιλῶς

181 803 269 838 ἐαυτῷ
281 802 505 838 παρασκευάζων,
514 802 560 829 καὶ
569 804 668 834 πᾶσαν,
678 803 714 834 ὡς
724 804 820 834 εἰπεῖν,
831 802 967 838 λεωφόρον

179 848 356 883 ψυχαγωγίας
362 849 408 875 καὶ
416 848 535 884 τέρψεως
544 847 624 874 ἀνατέ
629 856 711 883 μνων.
721 847 826 883 Ἐπειδὴ
834 847 861 874 δὲ
871 848 967 883 μικρὸν

180 893 284 921 ἐκεῖθεν
298 893 392 928 ὥσπερ
409 893 462 920 ἀπὸ
488 893 587 929 μανίας
607 893 751 928 ἀνήνεγκε,
772 893 819 920 καὶ
841 893 965 930 καθάπερ

179 940 213 966 ὲκ
229 938 389 974 λαϐυρίνθου
410 938 482 970 τινὸς
502 938 617 974 ζοφεροῦ
631 939 699 974 πρὸς
717 940 748 966 τὸ
766 939 964 974 ὑπέρλαμπρον

179 985 229 1020 τῆς
263 985 448 1020 ὑπερκοσμίου
472 985 627 1019 φιλοσοφίας
660 985 811 1019 ἀναϐλέψαι
846 985 965 1020 ἠδυνήθη

181 1030 249 1065 φῶς,
274 1030 305 1057 τὸ
330 1031 481 1065 τηνικαῦτα
508 1031 557 1065 τὴν
582 1030 687 1066 ὑψηλὴν
710 1031 819 1065 ἐκείνην
849 1030 965 1057 καὶτῶν

179 1076 301 1112 οὐρανῶν
318 1076 396 1109 ἀξίαν
408 1075 505 1111 ἔρρηξε
521 1076 613 1110 φωνήν
626 1084 632 1088 ·
654 1085 662 1101 ι
681 1076 835 1110 Ματαιότης
854 1084 966 1110 ματαιο-

179 1123 281 1157 τήτων,
296 1122 329 1148 τὰ
344 1122 433 1148 πάντα
449 1121 610 1157 ματαιότης;
639 1131 647 1147 ι
676 1122 706 1148 Ei
727 1122 815 1148 τοίνυν
831 1123 844 1148 ὁ
860 1122 921 1157 μηδ’
937 1123 966 1148 ὲν

180 1168 287 1203 χρόνοις
309 1168 495 1202 γεγενημένος
521 1167 621 1201 πολλὴν
646 1166 791 1193 ἀπαιτοῦσι
807 1166 966 1201 φιλοσοφίας

181 1214 341 1250 ἀκρίϐειαν,
364 1213 484 1249 ἠδυνήθη
514 1213 628 1240 συνιδεῖν
659 1213 689 1239 τὸ
708 1213 761 1239 τῶν
794 1213 966 1248 πραγμάτων

180 1260 302 1295 ἀνόητον,
314 1261 360 1287 καὶ
372 1259 472 1296 πολλὴν
485 1260 574 1287 αὐτῶν
589 1259 761 1295 καταγνῶναι
777 1259 945 1295 ματαιότητα
957 1268 964 1275 ·

179 1305 258 1333 ποίαν
271 1306 367 1341 ἕξομεν
388 1305 552 1341 συγγνώμην
566 1306 591 1332 oi
610 1306 677 1340 πρὸς
691 1306 859 1342 ὑψηλοτέραν
877 1306 967 1333 κελευ-

180 1348 291 1381 σθέντες
319 1349 452 1384 ἀναϐῆναι
481 1349 641 1384 φιλοσοφίας
668 1350 802 1386 κορυφὴν,
834 1350 881 1376 καὶ
899 1350 967 1385 μηδὲ

179 1393 231 1429 τὴν
260 1394 343 1429 αὐτὴν
365 1395 460 1430 ἐκείνῳ
494 1395 639 1430 δυνάμενοι
676 1396 757 1431 ρἦαι
782 1395 883 1431 φωνὴν,
909 1395 966 1422 ἀλλ’

179 1437 251 1465 οὕτω
270 1440 457 1474 περιεχόμενοι
471 1440 524 1466 τῶν
541 1440 625 1467 σκιῶν
644 1441 691 1466 καὶ
703 1440 766 1478 τῶνς
782 1440 906 1474 ὀνείρων,
923 1440 962 1471 ὼς

180 1485 227 1511 καὶ
243 1485 377 1520 σωτηρίας
398 1486 534 1520 ὑπεριδεῖν
547 1494 554 1518 ;

218 1583 311 1618 γης-ι.
325 1599 360 1604 .-
374 1584 560 1621 ΛΛΜΠΕΤΙῼ,
587 1586 792 1622 ΣΤΡᾹΤΗΓΙῼ,
813 1587 926 1622 ΚΑΣιῼ.

1018 260 1109 295 itaque
1125 261 1172 288 tibi
1188 263 1329 297 utriusque
1344 262 1381 289 rei
1397 262 1584 296 experimento
1601 266 1688 297 capto,
1706 267 1802 292 testem

1018 304 1089 332 omni
1116 306 1274 339 exceptione
1301 307 1431 342 majorem
1461 307 1603 340 adducam,
1632 308 1693 342 quia
1725 309 1803 336 nobis

1023 350 1134 378 credere
1148 350 1262 378 fortasse
1277 358 1398 379 recusas.
1416 351 1481 385 Quis
1492 353 1583 387 igitur,
1600 353 1707 386 amabo,
1724 353 1803 382 ﬁdem

1017 395 1085 430 apud
1102 399 1127 422 te
1141 396 1282 430 reperiat?
1300 395 1429 425 Placetne
1453 397 1623 426 Salomonem
1639 399 1665 427 in
1683 400 1802 427 medium

1017 440 1169 476 proferam?
1197 441 1246 470 Hic
1271 450 1328 474 rex,
1352 450 1444 470 earum
1472 451 1574 476 rerum,
1599 452 1658 479 quae
1683 446 1717 472 ad
1740 446 1804 472 vitae

1017 492 1078 514 sunt
1093 495 1170 514 usum
1194 488 1366 520 necessariae,
1386 495 1479 515 amore
1492 494 1598 522 captus,
1611 490 1745 519 maximas
1759 498 1806 518 eas

1018 533 1140 565 ducebat,
1158 538 1185 560 et
1212 533 1391 561 admiratione
1415 534 1541 567 majores,
1575 542 1736 569 omnemque
1770 537 1803 563 ad

1021 586 1066 606 cas
1082 587 1125 607 res
1152 586 1243 606 curam
1261 579 1505 614 cogitationemque
1537 581 1690 610 convertit:
1709 589 1804 617 magna

1018 631 1114 659 nempe
1137 625 1279 659 amplaque
1307 625 1425 652 incolens
1455 625 1564 660 palatia,
1602 630 1682 660 atque
1710 627 1804 654 domus

1018 675 1156 705 augustas,
1175 678 1267 698 aurum
1299 671 1331 697 iis
1354 672 1498 703 adhibens,
1526 679 1558 698 ac
1586 671 1702 699 musicos
1729 679 1804 699 com-

1018 723 1121 749 ponens
1145 717 1252 748 choros,
1278 724 1377 744 mensae
1399 721 1575 749 structorum,
1599 722 1680 752 atque
1700 724 1804 752 coquo-

1018 768 1077 787 rum
1107 761 1179 788 varia
1202 761 1343 796 possidens
1366 769 1463 796 genera
1489 770 1495 788 :
1521 761 1743 789 vestimentorum
1769 761 1803 788 ad

1018 805 1074 831 haec
1087 811 1149 840 rege
1163 805 1303 840 dignorum
1322 805 1424 837 luxum,
1438 805 1576 833 hortorum
1592 806 1673 833 etiam
1691 805 1806 834 ειηωηί-

1020 853 1112 881 tatem,
1122 853 1148 876 et
1159 856 1174 875 e
1188 849 1336 883 splendidis
1349 850 1506 884 corporibus
1521 849 1684 884 voluptatem
1696 850 1807 885 opipare

983 887 1005 916 Β
1020 901 1052 921 ac
1066 894 1138 921 laute
1149 894 1201 922 sibi
1217 901 1362 929 apparens,
1375 901 1537 929 omnemque
1548 895 1616 922 adeo
1630 895 1715 928 viam,
1734 895 1805 929 quod

1017 940 1102 971 aiunt,
1124 939 1282 973 adaperiens
1305 939 1513 967 oblectamentis
1536 940 1619 967 animi
1641 947 1673 967 ac
1690 940 1803 968 deliciis.

1017 985 1068 1013 Ubi
1086 992 1150 1012 vero
1166 985 1227 1012 inde
1244 985 1389 1020 paulisper,
1407 985 1480 1012 velut
1499 984 1533 1011 ab
1546 985 1666 1012 amentia
1682 985 1805 1018 recessit,

1017 1033 1049 1058 ad
1061 1030 1143 1058 veluti
1155 1037 1188 1058 ex
1208 1030 1323 1058 obscuro
1343 1030 1497 1065 labyrintho
1517 1029 1550 1057 ad
1564 1030 1743 1058 clarissimum
1757 1037 1805 1058 su-

1018 1083 1107 1111 perna:
1129 1075 1305 1110 philosophia:
1321 1076 1410 1103 lumen
1427 1075 1513 1109 potuit
1533 1075 1667 1110 aspicere,
1687 1075 1714 1102 in
1736 1075 1805 1102 hanc

1017 1122 1085 1149 adeo
1096 1121 1237 1149 sublimem
1249 1129 1281 1149 ac
1293 1121 1364 1149 coelo
1373 1121 1482 1155 dignam
1498 1121 1586 1155 erupit
1600 1128 1691 1148 vocem
1707 1130 1714 1147 τ
1731 1130 1739 1147 ι
1755 1120 1806 1148 Va-

1018 1169 1089 1196 uitas
1103 1169 1264 1202 vanitatum,
1284 1171 1310 1196 et
1332 1167 1421 1195 omnia
1440 1168 1555 1195 vanitas.
1577 1177 1586 1194 ι
1606 1167 1634 1195 Si
1656 1167 1747 1202 itaque
1760 1168 1806 1202 qui

1017 1222 1050 1242 eo
1081 1214 1178 1242 sarculo
1206 1220 1285 1242 natus
1309 1221 1362 1242 non
1389 1217 1441 1246 est,
1458 1215 1527 1248 quod
1548 1219 1651 1241 tantum
1679 1214 1806 1250 perfecta

1019 1259 1080 1286 vitae
1099 1260 1216 1286 studium
1240 1259 1334 1294 exigit,
1347 1259 1433 1293 potuit
1449 1265 1539 1285 rerum
1554 1259 1711 1294 conspicere
1729 1266 1806 1293 aequo

1018 1305 1109 1332 animo
1120 1305 1290 1335 inanitatem,
1308 1304 1496 1338 ingentemque
1510 1303 1627 1337 ipsarum
1641 1310 1805 1338 cognoscere

1019 1349 1190 1377 vanitatem:
1213 1356 1294 1384 quam
1322 1357 1381 1381 nos,
1405 1356 1505 1384 quaeso,
1531 1349 1638 1376 veniam
1655 1356 1804 1383 conseque-

1018 1403 1089 1429 mur,
1103 1396 1148 1430 qui
1174 1396 1207 1422 ad
1231 1395 1415 1422 sublimiorem
1438 1395 1507 1430 jussi
1538 1395 1720 1422 conscendere
1740 1401 1804 1422 con-

1019 1439 1199 1474 templationis
1223 1439 1363 1470 verticem,
1382 1446 1469 1473 neque
1485 1439 1554 1466 hanc
1570 1439 1656 1473 ipsam
1679 1439 1804 1466 emittere

1019 1492 1110 1511 vocem
1141 1491 1296 1519 possumus,
1319 1488 1346 1511 et
1374 1484 1477 1511 umbris
1499 1483 1664 1518 somniisque
1687 1483 1806 1518 undique

1019 1532 1085 1557 adeo
1100 1530 1171 1564 capti
1185 1537 1290 1562 sumus,
1306 1534 1336 1556 ut
1347 1529 1461 1557 salutem
1479 1529 1531 1564 ipsi
1544 1529 1710 1564 negligantus
1724 1529 1737 1555 7

1046 1585 1233 1615 CDLXXXVI.
1262 1600 1298 1605 —
1316 1584 1714 1647 LélggggOﬁTRATEGIO,
1744 1584 1787 1612 ΕΤ

555 1665 593 1691 De
605 1667 720 1700 quatiant
735 1673 809 1700 quem
823 1666 861 1692 illi
875 1667 909 1692 ad
926 1674 990 1700 quos
1004 1666 1095 1692 scribit
1119 1673 1245 1692 accusare
1259 1665 1442 1695 instituerunt,

216 1718 290 1757 'Aea
306 1722 344 1756 μὴ
362 1722 449 1757 χρόνῳ
475 1723 566 1756 φανὲν,
581 1723 611 1749 τὺ
629 1723 746 1758 γράμμα
766 1725 857 1759 γραφῇ
876 1731 966 1758 παρα·

178 1764 269 1792 δοῦναι
286 1766 324 1801 τῷ
337 1767 412 1801 πόθῳ
440 1768 610 1803 κεκμηκότες
634 1768 805 1803 ὲσκέψασθε;
832 1767 965 1803 Πείθομαι

182 1812 232 1847 μέν
245 1821 253 1830 ·
269 1813 299 1839 οὺ
317 1812 369 1848 μὴν
384 1813 491 1848 ἐρήμην
504 1812 648 1845 ἁλώσεται,
665 1815 698 1849 τῇ
712 1815 774 1850 σιγῆ
787 1813 836 1850 τὴν
851 1821 966 1849 κατηγο-

181 1857 241 1893 ρίαν
263 1858 324 1884 καθ’
341 1858 440 1884 ἑαυτοῦ
467 1858 639 1893 βεϐαιῶσαν·
661 1859 729 1886 ἀλλὰ
759 1860 806 1886 καὶ
831 1860 895 1895 ῥᾷον
920 1859 966 1886 καὶ

180 1902 277 1929 θᾶττον
290 1903 501 1938 ἀπολογήσεται,
527 1905 567 1930 ὅτι
583 1905 727 1940 σωματικὴ
750 1905 889 1940 ἀρρωστία
915 1904 966 1939 τὴν

181 1947 260 1983 σιγὴν
279 1947 432 1983 ἐγέννησεν.

428 1992 515 2020 τηΖι.
543 2008 577 2012 -
599 1993 714 2030 nemo.

1055 1723 1096 1749 An
1111 1722 1284 1757 scriptionem
1301 1729 1353 1749 non
1367 1723 1526 1756 tempestive
1541 1727 1713 1757 apparentem
1725 1730 1806 1750 accu-

1020 1769 1116 1795 sationi
1140 1767 1247 1794 tradere
1273 1767 1409 1794 desiderio
1441 1767 1503 1793 victi
1529 1767 1690 1801 cogitastis?
1717 1766 1805 1796 Credo

1019 1813 1144 1847 equidem
1165 1820 1172 1838 :
1193 1819 1243 1839 nec
1263 1812 1410 1838 solitariam
1434 1811 1651 1846 deprehendetur
1666 1817 1760 1840 contra
1775 1820 1805 1840 se

1019 1857 1216 1885 accusationem
1242 1854 1375 1887 ﬁrmaSse,
1390 1856 1436 1884 sed
1458 1856 1562 1884 facilius
1584 1856 1665 1884 etiam
1683 1861 1710 1884 et
1725 1857 1804 1885 citius

1021 1903 1189 1936 defendetur,
1204 1902 1275 1937 quod
1292 1902 1415 1936 corporis
1428 1901 1572 1929 infirmitas
1590 1902 1726 1930 silentium
1748 1909 1804 1937 pe-

1021 1953 1132 1983 pererit.
1183 1993 1265 2029 704
1283 1992 1479 2020 coLxxxvu.
1493 2006 1528 2014 ο-
1548 1992 1637 2020 NlLO.

447 2038 499 2065 Pro
517 2039 628 2073 acceptis
644 2048 660 2066 a
678 2046 785 2074 parente
798 2039 942 2075 beneﬁciis,
955 2040 1043 2068 liberis
1061 2040 1140 2067 vicem
1162 2047 1217 2066 esse
1232 2040 1421 2074 rependendam
1441 2044 1536 2066 monet.

217 2095 305 2122 ’Ὀτιό
319 2096 391 2123 δεῖνα
408 2096 463 2132 (Si)
490 2097 601 2133 ὀρφανῷ
621 2107 661 2125 σοι
689 2098 875 2134 γεγενημένῳ,
905 2098 966 2125 ἀντὶ

181 2141 282 2176 πατρὸς
296 2141 416 2176 γέγονεν,
431 2140 519 2170 οἶσθα.
547 2144 622 2170 Ἐπεὶ
633 2145 722 2170 τοίνυν
747 2145 849 2176 ἐκεῖνος
871 2144 921 2179 μὲν
936 2145 965 2177 ἐξ

180 2186 332 2222 ἀνθρώπων
356 2186 459 2223 ᾤχετο·
480 2189 504 2215 οἱ
533 2189 562 2216 δὲ
588 2189 682 2216 τούτου
703 2191 770 2222 υἱεῖς
790 2189 894 2217 δέονται
918 2190 964 2217 τοῦ

182 2233 262 2267 χεῖρα
275 2233 425 2268 ὀρέξοντος,
449 2235 496 2261 καὶ
519 2234 567 2270 τὴν
589 2235 721 2270 ὀρφανίαν
737 2236 966 2271 παραμυθησαμέ-

183 2286 248 2304 νου·
264 2277 294 2305 εὗ
312 2281 408 2312 ποιεῖς,
426 2281 450 2306 εί
477 2280 524 2306 καὶ
551 2280 631 2312 αὐτὸς
656 2282 716 2308 ἀντὶ
744 2281 846 2316 πατρὸς
876 2281 966 2312 αὐτοῖς

182 2323 282 2357 γένοιο,
298 2324 346 2360 τὴν
359 2325 488 2360 πατρῴαν
502 2325 662 2361 εὐεργεσίαν
682 2327 722 2358 είς
745 2327 806 2357 τοὺς
822 2326 896 2357 υἱοὺς
914 2334 965 2352 κα-

182 2369 367 2404 τατιθέμενος.
450 2386 454 2389 -
483 2365 488 2370 ”

432 2414 519 2451 ruit".
536 2438 569 2444 η
583 2425 724 2452 MAPQNI.

1055 2098 1131 2126 Nosti
1161 2099 1304 2132 quemdam
1320 2098 1367 2125 tibi
1391 2098 1514 2132 orpltano
1539 2096 1609 2124 facto
1633 2097 1718 2131 patris
1745 2097 1805 2125 loco

1019 2144 1112 2172 fuisse.
1130 2143 1153 2171 Is
1177 2151 1258 2179 porro
1280 2150 1314 2170 ex
1338 2143 1388 2170 hac
1414 2144 1467 2170 vita
1490 2142 1612 2170 sublatus
1640 2146 1692 2170 est.
1721 2142 1805 2177 Igitur

1019 2189 1090 2228 illius
1113 2189 1159 2216 filii
1177 2196 1272 2216 manus
1287 2189 1425 2216 tendentes
1446 2193 1472 2215 te
1494 2193 1598 2223 rogant,
1613 2187 1671 2222 ejus
1690 2188 1736 2223 qui
1755 2189 1802 2216 tibi

1020 2236 1083 2263 olim
1100 2243 1195 2263 manus
1215 2236 1346 2270 porrexit,
1360 2238 1386 2261 et
1400 2234 1542 2262 orbitatem
1567 2237 1639 2261 tuam
1663 2234 1805 2262 miseratus

1020 2287 1071 2308 est.
1084 2281 1168 2308 Recte
1181 2280 1291 2313 feceris,
1303 2280 1326 2307 si
1344 2284 1369 2307 et
1387 2279 1445 2314 ipse
1455 2279 1514 2307 loco
1526 2279 1611 2314 patris
1629 2278 1681 2307 illis
1698 2279 1746 2313 sis,
1755 2287 1804 2315 pa-

1022 2330 1127 2352 ternum
1147 2325 1307 2353 beneficium
1319 2325 1345 2351 in
1360 2325 1429 2352 filios
1445 2331 1588 2359 reponens.

1201 2425 1415 2453 CDLXXXVIII.
1431 2439 1466 2444 —
1481 2423 1622 2452 MABONI.

605 2470 764 2497 Diuitiarum
781 2470 854 2496 nulla
873 2471 991 2497 satietas.
1009 2470 1090 2505 (Vide
1106 2471 1182 2505 epist.
1199 2470 1250 2497 142
1264 2475 1289 2498 et
1303 2470 1382 2504 545.)

217 2525 311 2554 Εῐκαὶ
323 2529 489 2563 καταφρονεῖ
508 2527 524 2563 ή
550 2527 751 2563 φιλοχρηματία
771 2529 862 2564 πάσης
882 2529 965 2556 κολά-

1054 2527 1110 2555 Etsi
1125 2534 1206 2562 opum
1226 2527 1359 2561 cupiditas
1380 2533 1488 2553 omnem
1507 2531 1664 2553 contemnat
1690 2526 1805 2561 castiga-

184 2579 264 2603 σεως,
284 2571 332 2598 καὶ
353 2571 399 2599 διὰ
415 2573 525 2600 πάντων
542 2572 597 2599 τῶν
632 2572 728 2599 δεινῶν
752 2575 845 2608 χωρεῖ,
885 2573 966 2609 κόρον

1018 2573 1130 2607 tionem,
1159 2578 1187 2600 et
1218 2574 1311 2608 gravia
1347 2580 1461 2608 quaeque
1499 2574 1628 2608 pervadat
1659 2572 1805 2600 insatiabili

184 2616 325 2652 ἀκορέστῳ
339 2616 418 2644 πάθει
431 2617 630 2652 μηχανωμένη·
647 2617 715 2644 ἀλλὰ
727 2617 766 2653 τῷ
790 2618 858 2653 μηδὲ
882 2619 912 2645 ὲν
927 2619 966 2654 τῷ

1018 2617 1125 2646 aﬂectui
1146 2619 1298 2646 satietatem
1315 2619 1446 2659 moliens:
1464 2622 1555 2647 tamen
1577 2619 1647 2654 quod
1669 2618 1694 2645 in
1717 2617 1803 2653 possi-

185 2662 310 2695 κτᾶσθαι,
325 2662 377 2690 κᾶν
387 2664 421 2689 τὰ
438 2663 546 2690 πάντων
562 2663 643 2698 λάἤῃ,
658 2663 803 2697 τυγχάνειν
820 2664 966 2699 ἀνακωχῆς

1018 2664 1116 2697 dendo,
1134 2665 1258 2698 quamvis
1278 2665 1398 2692 omnium
1414 2663 1554 2692 facultates
1578 2663 1690 2700 ceperit,
1703 2663 1802 2691 nullam

732 2739 847 2768 VAiii/E
867 2740 1060 2768 LECTIONES
1080 2740 1124 2768 ΕΤ
1144 2740 1259 2768 NOTAE.

221 2817 279 2854 (5|)
295 2817 352 2854 Pro
368 2817 381 2842 ὁ
394 2817 472 2854 ,δεῖνα
490 2817 568 2854 codd.
595 2818 656 2844 Vat.
679 2818 730 2845 650
746 2823 772 2844 el
789 2818 840 2845 All.
871 2818 970 2845 habent
1024 2827 1137 2854 πατρος,
1159 2823 1187 2845 ut
1199 2819 1224 2845 id
1240 2826 1336 2845 nomen
1356 2818 1392 2854 sit
1411 2817 1470 2851 ejus
1487 2824 1540 2850 quo
1554 2816 1586 2844 de
1603 2816 1804 2854 agituriquem

189 2851 248 2881 ἀντὶ
267 2851 378 2885 πατρός.
394 2851 474 2878 Forte
495 2852 632 2885 legendum
658 2861 709 2878 uno
732 2854 859 2879 vm-abntn
881 2854 964 2879 Ἀντί-
1020 2862 1067 2881 cur
1076 2851 1214 2881 nominare
1227 2853 1488 2885 omiseritlsidorus,
1505 2859 1557 2879 non
1567 2858 1687 2885 apparet.
1699 2851 1804 2879 Possm.

355 2897 488 2927 Parnm.
508 2897 566 2926 Gn.
592 2897 751 2929 LXXVIII.
1593 2897 1627 2927 51
