2064 3162
194 169 260 206 tota
604 173 834 204 EPISTOLARU

331 226 408 261 rer.
423 242 457 248 -
472 228 606 262 earum
620 229 834 256 ΜοΝΑΖοΝτι.

604 173 870 204 EPISTOLARUM
888 174 961 203 LIB.
980 175 1012 203 ν.
1032 186 1066 190 -
1084 175 1203 205 EPIST.
1224 175 1388 206 CDXCVII.

1745 173 1813 206 16H

1148 229 1285 258 CDXCIV.
1296 244 1331 250 -—
1341 227 1477 256 ELlSlEO
1494 227 1668 256 MONACHO.

192 282 362 310 Commendat
386 282 417 309 ob
443 283 562 310 virtutem
590 289 614 310 et
638 284 796 318 doctrinam,
817 293 895 319 quam
922 292 957 323 ex;
973 283 1114 353 Ϊήἑρὲηιίί
1138 285 1259 312 monachi
1278 285 1398 313 convictu
1419 285 1567 312 imbiberat.
1584 284 1639 320 (De
1659 292 1709 320 quo
1732 292 1814 321 supra

917 327 970 353 epis
986 338 993 346 .
1063 337 1069 343 .

917 327 993 353 epist.
1007 327 1069 346 κιο.

227 372 259 399 Et
285 371 333 398 καὶ
357 371 406 407 τὴν
430 372 573 399 συνουσίαν
600 381 642 400 σοι
667 373 718 409 τὴν
743 373 811 409 πρὸς
831 373 877 400 τὸν
896 374 973 408 ἅγιον

192 416 332 443 Θεοδόσιον
349 415 449 450 μικρὰν
464 416 478 442 ὁ
494 416 599 451 χρόνος,
612 416 680 444 ἀλλά
698 425 730 451 γε
754 418 804 453 τὴν
826 417 874 444 ἀπ’
889 417 974 452 αὐτῆς

191 462 284 496 ὕνησιν
302 461 326 487 οἰ
343 461 418 487 πόνοι
441 461 526 497 καλὴν
546 462 593 488 καὶ
615 463 742 496 γενναίαν
758 462 974 489 κατεσκεύασαν.

193 507 271 534 Οὕτω
283 507 337 542 γὰρ
360 506 466 542 ταχέως
491 507 624 542 καὶπρὸς
649 508 684 534 τὰ
700 508 754 534 τῶν
779 507 889 543 τρόπων
912 507 976 543 ἤθη,

194 552 239 579 καὶ
255 551 323 587 πρὸς
338 552 388 586 τὴν
410 551 462 578 τῶν
478 552 558 578 θείων
574 552 689 588 Γραφῶν
716 552 816 587 γνῶσιν
843 553 978 585 ὲξετυπώ-

195 597 255 631 οης,
286 597 333 624 καὶ
367 597 488 633 μιμητὴς
518 597 712 634 ἀκριϐέστερος
736 598 790 624 τῶν
825 598 978 633 ζωγράφων

193 643 338 677 κατέστης,
366 642 403 673 ὡς
430 643 499 678 μήτε
524 644 626 670 ἐκεῖνον
649 643 727 670 ἄλλον
752 643 805 678 πρὸ
831 645 889 674 σοῦ,
909 644 978 679 μήτε

193 688 323 722 νομίζειν,
354 688 423 724 μήτι
456 687 528 724 ἔχειν
555 689 707 724 ὁμιλητήν·
735 688 765 715 σέ
788 697 835 720 τε.
860 688 912 715 κᾶν
939 689 978 724 μὴ

194 733 308 768 φράζοις
323 733 387 767 παρ’
402 729 425 766 ᾧ
451 734 607 769 ὲφοίτησας,
635 732 713 769 δῆλον
741 731 812 760 εἶναι
836 734 891 765 τοῖς
911 733 979 768 δρω-

196 778 296 813 μένοις.

301 832 382 866 Υιιεν.
394 848 429 853 —-
449 833 641 869 ΣΤΡΔΤΠΓΙῼ
663 833 873 861 ΜΟΝΑΖΟΝΤῘ.

1062 371 1118 399 Etsi
1131 371 1302 399 familiaritas
1319 372 1367 399 tibi
1389 381 1449 400 cum
1464 374 1565 408 optimo
1589 373 1646 401 viro
1661 372 1814 403 Theodosio

1027 417 1117 445 brevis
1144 416 1194 444 fuit
1220 418 1358 450 temporis,
1378 418 1523 446 utilitatem
1553 424 1643 446 tamen
1669 419 1810 448 honestam

1028 468 1239 496 generosamun
1263 461 1370 489 labores
1392 462 1429 489 lui
1456 467 1628 498 pepererunt.
1652 464 1727 491 Adeo
1741 464 1813 492 enirn

1030 507 1155 534 celeriter
1167 511 1194 534 et
1206 508 1345 534 honestate
1360 515 1476 540 morum,
1491 513 1518 534 et
1530 515 1670 536 sacrarum
1682 517 1711 537 es
1724 510 1816 537 scien-

1032 552 1067 578 tia
1083 551 1232 579 litterarum
1248 552 1421 585 informatus,
1439 557 1469 580 ut
1485 553 1584 580 habeat.
1602 554 1748 588 neminem,
1768 555 1814 589 qui

1032 603 1061 624 se
1075 597 1160 632 magis
1175 603 1346 631 assequatur,
1371 598 1405 625 ad
1431 597 1574 632 vivumque
1585 599 1720 632 exprimat
1734 607 1814 633 quam

1032 646 1059 669 tu
1084 651 1090 669 :
1110 650 1162 676 quo
1186 642 1386 670 familiariorem
1404 643 1484 670 habet
1505 643 1650 670 neminem.
1670 643 1726 670 Etsi
1751 651 1816 671 vero

1033 694 1084 715 non
1100 688 1201 715 dixeris
1227 696 1280 724 quo
1303 688 1342 716 sis
1367 696 1430 717 usus
1459 689 1596 723 familiari,
1614 689 1699 717 cuivis
1725 694 1814 717 tamen

1030 741 1062 761 ex
1080 733 1121 762 his
1134 742 1193 769 quae
1206 735 1271 762 facis
1285 740 1377 763 uotum
1387 741 1438 763 est.

1147 834 1272 863 CDXCV.
1286 850 1317 856 -
1329 835 1524 878 STRAT‘EGIO
1546 834 1720 864 MONACHO.

342 880 381 908 De
396 889 484 908 rerum
497 882 612 908 omnium
629 881 818 909 vicissitudine.
833 881 944 908 Animus
963 889 1044 917 neque
1063 883 1172 910 caducis
1187 884 1263 910 rebus
1278 883 1365 911 attolli
1388 892 1468 919 neque
1483 884 1562 919 dejici
1580 884 1663 911 debet.

234 936 265 963 '0
296 936 449 972 φιλοσόφως
474 937 705 972 ἐπισκεπτόμενος
729 938 782 964 τῶν
806 937 977 974 πραγμάτων

1069 939 1197 974 Quisquis
1224 939 1445 974 philosophorum
1484 947 1559 968 more
1588 947 1632 967 res
1662 939 1817 967 considerat.

193 980 243 1015 τὴν
259 981 350 1015 φύσιν,
363 981 405 1007 ὅτι
420 982 560 1016 ποταμίων
575 982 728 1018 ῥευμάτων,
750 983 797 1009 καὶ
815 983 920 1010 καπνοῦ
941 983 981 1014 εἰς

193 1026 268 1061 ἀέρα
284 1027 470 1062 διαλυομένου,
486 1028 532 1054 καὶ
548 1028 627 1060 σκιᾶς
639 1028 753 1063 θεούσης
765 1028 839 1055 οὐδὲν
858 1028 979 1063 ἄμεινον,

195 1072 262 1098 ἀλλὰ
279 1073 325 1099 καὶ
350 1074 440 1108 χεῖρον
465 1074 608 1106 διάκειται,
634 1074 695 1100 οὔτε
714 1074 766 1101 ὑπὸ
779 1074 833 1100 τῶν
854 1074 980 1110 χρηστῶν

195 1117 326 1153 ἐπαρθείη
339 1119 414 1151 ποτὲ,
431 1118 490 1145 οὔτε
502 1119 553 1145 ὑπὸ
566 1119 619 1146 τῶν
629 1120 758 1155 λυπηρῶν
772 1119 952 1155 ταπεινωθείη
965 1128 971 1135 ·

195 1163 252 1189 ἀλλ’
270 1163 299 1189 ὲν
322 1165 354 1199 τῇ
377 1164 478 1190 τούτων
500 1165 633 1200 μεταδολῇ
657 1165 843 1200 ἀμετάϐλητον
866 1166 982 1201 τηρήσει

195 1208 245 1242 τὴν
255 1207 376 1243 γνώμην.
392 1208 421 1234 '0
429 1209 482 1244 γὰρ
500 1210 641 1244 παρόντων
656 1209 711 1236 τῶν
723 1210 849 1245 χρηστῶν
862 1210 900 1245 μὴ
918 1211 983 1237 ἀντ-

196 1253 335 1287 εχώμενος,
352 1254 411 1280 οὐδὲ
426 1255 549 1281 ἀπόντων
562 1255 747 1290 ἀνιαθήσεται.

319 1307 406 1340 Υιςκ
420 1322 456 1326 -
469 1308 594 1343 zamia
617 1308 853 1343 ΠΡΕΣΒΥΤΕΡῼ.

1034 983 1177 1017 humanas,
1193 984 1279 1011 instar
1293 991 1388 1011 cursus
1403 983 1556 1016 ﬂuviorum,
1575 983 1694 1019 fumique
1714 985 1739 1011 iu
1752 991 1816 1010 aere

1034 1027 1166 1062 dissipati,
1179 1028 1335 1061 umbraeque
1352 1029 1518 1062 apparentis,
1537 1028 1604 1055 nihil
1627 1035 1686 1055 esse
1706 1035 1815 1062 compc-

1034 1073 1096 1105 riet,
1124 1072 1173 1100 sed
1200 1073 1289 1106 potius
1309 1072 1454 1104 inaniores,
1483 1080 1569 1107 neque
1591 1073 1660 1100 idem
1692 1073 1816 1100 secundis

1034 1117 1176 1149 et‘feretur,
1207 1125 1294 1152 neque
1328 1118 1450 1145 adversis
1477 1119 1645 1153 dejicietur:
1670 1126 1761 1145 verum
1787 1118 1813 1144 iu

1033 1164 1084 1192 hac
1100 1171 1190 1191 rerum
1219 1163 1340 1190 oumium
1361 1163 1452 1191 mobili
1475 1164 1670 1196 vicissitudine,
1685 1164 1815 1192 immobili

1034 1210 1159 1244 persistet
1180 1214 1278 1237 mente.
1291 1209 1341 1242 Qui
1361 1210 1433 1238 enim
1448 1210 1562 1238 terrenis
1577 1210 1687 1238 minime
1700 1211 1817 1238 adhaeret

1036 1255 1122 1287 bonis,
1139 1262 1180 1282 na
1193 1254 1236 1282 ille
1247 1255 1336 1282 futura
1353 1263 1405 1282 non
1424 1255 1541 1283 fastidiet
1560 1256 1639 1284 bona.

1116 1309 1252 1336 CDXCVI.
1274 1324 1310 1330 -—
1335 1308 1460 1337 ZOSIMO
1476 1308 1716 1338 PRESBYTERO.

792 1353 868 1382 Culte
880 1361 956 1388 atque
970 1355 1092 1390 ingluviei
1108 1361 1224 1382 accusat.

234 1409 279 1441 Εἰ,
296 1408 333 1440 ὥς
359 1409 424 1443 φασί
451 1417 534 1441 τινες,
561 1409 670 1444 φαύλως
697 1409 730 1436 δι’
746 1410 864 1445 ἐσχάτην
887 1409 982 1435 πενίαν

198 1454 294 1490 ἦχθης,
322 1454 354 1480 δι’
381 1455 414 1489 ἣν
435 1455 523 1481 αἰτίαν
545 1455 592 1482 νῦν
618 1455 663 1481 τὸν
685 1455 853 1490 ἁδροδίαιτον
878 1455 983 1486 διώκεις

199 1499 273 1534 βίον;
289 1501 343 1526 Καὶ
370 1500 455 1526 ταῦτα
479 1502 530 1527 οὐκ
555 1499 603 1527 οἷδ’
621 1501 682 1527 ὅθεν
706 1500 922 1536 παρατιθέμενος
935 1500 983 1535 τὴν

1074 1411 1113 1443 Si,
1130 1417 1159 1438 ut
1175 1411 1242 1438 falso
1257 1411 1365 1446 quidam
1385 1415 1505 1444 narrant,
1517 1411 1550 1438 ad
1564 1416 1712 1439 extremam
1740 1411 1816 1439 reda-

1037 1462 1098 1484 ctus
1116 1464 1146 1484 es
1171 1457 1304 1491 inopiam,
1324 1457 1468 1489 qllOlllOtiO,
1485 1464 1586 1492 quaeso,
1608 1457 1675 1484 cibis
1696 1456 1817 1484 delicatis

1037 1502 1119 1528 vitam
1136 1501 1281 1535 transigis?
1304 1500 1384 1535 idque
1398 1505 1426 1528 ut
1443 1509 1496 1528 non
1513 1501 1591 1528 modo
1607 1501 1678 1528 domi
1698 1508 1817 1528 mensam

201 1545 351 1580 τράπεζαν,
367 1546 435 1572 ἀλλὰ
458 1548 512 1578 τοῖς
526 1547 574 1578 τὰς
589 1546 730 1578 Σικελικὰς
757 1546 983 1588 παρατιθεμένοις

1037 1548 1165 1580 instruas,
1189 1547 1236 1574 sed
1256 1547 1336 1573 etiam
1355 1554 1467 1581 superes
1489 1546 1640 1573 Sicularum
1664 1554 1817 1573 mensarum

198 1593 378 1628 ἐπιρριπτων,
397 1590 435 1619 ὧν
469 1591 509 1624 εἷς
535 1594 620 1620 ταῦτα
641 1593 798 1625 ὲξείῖιάσατο
813 1593 929 1629 χαράξαι
950 1593 984 1620 τὰ

198 1639 359 1673 γράμματα.
377 1639 409 1665 Et
429 1639 482 1674 γὰρ
499 1639 590 1666 πολλοὶ
606 1639 660 1665 τῶν
674 1639 851 1674 ἁϐροδιαίτων
867 1639 914 1665 καὶ
931 1639 987 1666 τῶν

204 1681 235 1710 εὖ
249 1684 400 1717 γεγονότων
430 1684 474 1710 διὰ
498 1684 655 1718 φιλοσοφίαν
680 1683 796 1715 εὐτελῶς
822 1684 985 1710 ἐπαίδευσαν

199 1730 312 1761 ἑαυτοὺς
327 1730 388 1764 ζῇν,
408 1730 539 1766 μεγίστην
565 1730 698 1765 ὠφέλειαν
714 1730 760 1757 καὶ
785 1730 864 1763 δόξαν
881 1731 913 1756 ὲκ
924 1729 985 1756 τού-

199 1783 244 1802 του
267 1775 435 1810 θηρώμενοι·
455 1776 513 1808 πῶς
539 1776 570 1803 σὺ
598 1776 668 1811 ἔχων
685 1776 731 1809 καὶ
769 1775 818 1811 τὴν
840 1774 986 1810 σύντροφον

201 1821 347 1856 συνήθειαν
361 1822 625 1858 συναγωνιζομένην,
643 1823 682 1853 εἰς
697 1821 850 1848 τούναντίον
871 1821 986 1855 μετέπε-

202 1877 268 1899 σας;
293 1869 465 1904 Ἐπανάγαγε
487 1870 577 1896 τοίνυν
595 1870 692 1897 σαυτὸν
706 1870 752 1896 ἐπὶ
772 1869 822 1904 τὴν
839 1869 919 1904 φίλην
940 1877 985 1895 σου

202 1915 250 1941 καὶ
267 1916 454 1950 ὁμοτράπεζον
470 1916 616 1948 εὐτέλειαν,
637 1917 678 1943 ἵνα
695 1916 733 1951 μὴ
759 1915 806 1942 καὶ
824 1915 913 1950 σαυτῷ
930 1923 986 1950 χει-

204 1961 295 1994 μῶνας
317 1961 355 1998 (ἡ¹
369 1962 422 1996 γὰρ
442 1963 531 1997 τρυφὴ
549 1962 653 1998 ὕϐρεώς
676 1963 734 1988 ἐστι
750 1962 842 1996 μήτηρ
857 1961 877 1996 ),
893 1961 940 1988 καὶ
953 1962 986 1996 τῇ

202 2006 330 2042 θειοτάτῃ
359 2007 492 2043 θρησκείᾳ
510 2008 609 2039 ὄνειδος
636 2007 854 2042 κατασκευάσῃς.
880 2007 910 2033 Ol.
933 2006 987 2041 γὰρ

202 2052 382 2087 διαφερόντως
403 2054 471 2087 αὐτῇ
501 2053 695 2088 ἀνακείμενοι,
720 2053 818 2088 κομιδῇ
836 2052 907 2078 κατὰ
939 2052 987 2078 σοῦ

203 2097 411 2130 ἀγανακτοῦσιν,
434 2098 474 2124 ὃτι
497 2098 541 2124 διὰ
561 2098 610 2132 τὴν
630 2098 679 2133 σὴν
698 2098 865 2133 λαιμαργίαν
895 2097 986 2132 ἐκείνη

204 2142 385 2177 κωμῳδεῖται.

295 2196 372 2230 ΥίιΖἏ
389 2213 422 2217 -—
440 2196 638 2232 ΘΕΟΓΝΩΣΤῼ
663 2196 897 2231 ΙΙΡΕΣΒΥΤΕΡῼ.

1036 1594 1210 1630 apparatum?
1232 1593 1406 1621 Narrantiqu
1430 1601 1499 1621 unus
1527 1593 1575 1620 has
1594 1599 1637 1620 me
1651 1592 1818 1620 etararelile

1037 1644 1109 1666 teras
1133 1639 1271 1672 compulit.
1292 1637 1321 1665 Si
1347 1637 1419 1664 enim
1441 1637 1549 1664 delicati
1567 1636 1642 1664 multi
1663 1644 1695 1664 ac
1714 1637 1818 1664 nobiles

1036 1691 1084 1718 per
1100 1684 1296 1718 philosophiam
1311 1683 1452 1718 frugaliter
1462 1683 1551 1710 vivere
1562 1682 1642 1717 seipsi
1658 1683 1816 1713 docuerunt.

1037 1730 1181 1758 maximam
1199 1731 1340 1758 utilitatem
1358 1735 1386 1757 et
1400 1729 1511 1765 gloriam
1533 1736 1565 1756 ex
1587 1735 1620 1756 eo
1642 1734 1817 1764 aucupantes,

1036 1785 1089 1811 qua
1102 1777 1207 1804 ratione
1231 1781 1259 1803 tu
1278 1777 1323 1811 qui
1352 1777 1386 1803 ab
1412 1775 1572 1803 educatione
1593 1775 1813 1803 consuetudinea

1043 1822 1127 1849 babes
1158 1822 1332 1849 auxiliantem
1362 1822 1389 1849 in
1418 1821 1584 1849 contrarium
1610 1827 1640 1848 es
1678 1819 1818 1854 delapsus?

1037 1867 1119 1902 706
1149 1867 1330 1900 Quamobrem
1368 1874 1463 1894 revoca
1499 1866 1613 1900 teipsum
1642 1865 1676 1893 ad
1712 1869 1815 1900 gratam

1039 1920 1192 1947 mensaeque
1207 1913 1343 1948 propriam
1369 1911 1575 1946 parcimoniam,
1603 1918 1637 1938 ne
1657 1910 1704 1938 tibi
1720 1915 1818 1944 tempe-

1037 1963 1121 1986 states
1136 1958 1249 1994 (delicite
1272 1958 1344 1985 enim
1369 1957 1493 1991 iujuriam
1507 1957 1665 1991 plerumque
1687 1956 1818 1990 pariunt),

1038 2012 1070 2031 ac
1080 2008 1259 2031 sacrosanctae
1273 2003 1393 2037 religioni
1409 2003 1524 2030 dedecus
1535 2002 1672 2029 obveniat.
1687 2000 1736 2034 Qui
1748 2001 1818 2028 enim

1039 2049 1160 2084 religioni
1182 2049 1258 2077 valde
1283 2054 1345 2076 sunt
1366 2048 1475 2079 addicti,
1494 2048 1528 2075 de
1554 2052 1579 2075 te
1604 2054 1688 2082 prope
1712 2046 1817 2073 modum

1038 2094 1220 2128 expostulaut,
1244 2093 1315 2128 quod
1344 2093 1378 2121 ob
1401 2097 1473 2120 tuam
1489 2091 1646 2127 ingluviem,
1671 2091 1714 2118 illa
1732 2091 1820 2118 audiat

1038 2141 1118 2167 male.

1073 2192 1223 2221 CDXCVII.
1248 2208 1283 2213 -——
1301 2189 1532 2220 THEOGNOSTO
1548 2189 1783 2219 PRESBYTERO.

647 2240 698 2273 Qui
718 2250 774 2268 uere
785 2243 913 2275 sapientes
929 2240 1088 2275 appellandi.
1105 2238 1193 2274 (Conf.
1206 2239 1281 2272 epist.
1300 2238 1374 2273 477.)

240 2295 272 2320 Οἱ
296 2295 344 2329 τὴν
361 2295 456 2328 σοφίαν
471 2294 520 2330 τὴν
536 2295 624 2321 πάντα
638 2295 672 2321 τὰ
682 2295 752 2321 καλὰ
768 2296 796 2322 ἐν
811 2296 894 2330 ἑαυτῇ
908 2303 985 2330 περι-

1074 2293 1124 2327 Qui
1140 2293 1300 2327 sapientiam
1315 2293 1405 2319 omnia
1431 2293 1456 2319 in
1471 2299 1499 2319 se
1513 2291 1580 2319 bona
1596 2291 1815 2326 complectentem

206 2339 321 2374 ἔχουσαν
349 2339 396 2374 (ὡς
411 2340 457 2366 καὶ
472 2340 517 2365 τὸν
530 2340 636 2366 πάντων
647 2339 786 2374 Δεσπότην
800 2340 879 2366 τοῦτο
891 2339 990 2375 μᾶλλον

207 2384 223 2417 ἦ
243 2392 268 2409 τι
285 2384 377 2418 ἕτερον
394 2384 498 2418 χαίρειν
527 2384 669 2415 ἀκούοντα,
696 2384 790 2419 ἐπειδὴ
811 2383 916 2416 πολλοῖς
931 2383 990 2410 ὀνό-

208 2437 274 2463 μασι
287 2429 420 2465 καλεῖται)
433 2430 499 2464 (55),
517 2429 616 2463 φαῦλον
639 2429 686 2455 καὶ
704 2430 898 2465 πεπατημένον
922 2430 991 2464 πρᾶ-

207 2483 265 2508 γμα
276 2475 431 2510 ἡγούμενοι,
446 2475 594 2510 πάντολμοι
612 2475 644 2502 ἂν
661 2474 714 2502 εἷεν
730 2476 795 2511 παρ’
817 2477 879 2511 ἐμοὶ
898 2477 989 2511 κριτῇ.

214 2519 295 2549 Ἀλλ’,
317 2518 403 2554 οἶμαι,
426 2520 497 2554 ἔχειν
520 2520 568 2554 μὲν
592 2519 798 2554 ἐπιθυμοῦντες,
813 2521 876 2551 τοὺς
890 2519 918 2546 δὲ
941 2520 990 2546 πό-

208 2573 268 2595 νους
283 2565 425 2600 ὑπομεῖναι
442 2566 479 2600 μὴ
490 2565 639 2598 ἀξιοῦντες,
649 2563 689 2596 οἷς
708 2566 724 2600 ἠ
740 2565 800 2593 θεία
823 2565 903 2600 σοφία
927 2566 987 2592 ἑπι-

209 2610 298 2644 φοιτᾷ,
314 2610 352 2644 τῷ
365 2610 401 2645 μὴ
419 2611 464 2637 διὰ
476 2611 610 2646 ρᾳθυμίαν
625 2611 714 2638 δοκεῖν
729 2611 827 2643 αὐτοὺς
849 2611 990 2638 ἀπολελεῖ-

209 2657 285 2690 φθαι,
299 2657 456 2690 φθονοῦντες
471 2659 525 2689 τοῖς
550 2659 642 2692 σοφοῖς
656 2657 812 2693 διασύρουσι
839 2658 870 2684 τὸ
885 2658 992 2693 ἐκείνης

208 2701 303 2736 ίινομα.
319 2703 421 2738 Σοφοὺς
432 2703 460 2730 δέ
476 2711 546 2738 φημι
561 2704 591 2730 οὑ
614 2703 678 2735 τοὺς
703 2703 734 2729 τὸ
755 2703 896 2734 Πλάτωνος
911 2702 987 2738 ὕψος.

1040 2340 1149 2375 (quippe
1174 2346 1234 2366 cum
1257 2338 1374 2365 universi
1403 2337 1532 2365 Dominus
1555 2338 1605 2365 hac
1629 2336 1713 2372 magis
1735 2345 1815 2372 quam

1040 2393 1070 2412 re
1089 2385 1140 2411 ulla
1158 2391 1187 2411 se
1198 2384 1322 2415 oblectet,
1338 2383 1406 2410 unde
1419 2389 1445 2410 et
1456 2384 1489 2410 de
1502 2383 1623 2418 pluribus
1641 2384 1702 2410 hinc
1721 2391 1817 2410 nomen

1040 2430 1162 2464 sortitur)
1176 2429 1269 2456 falsam
1284 2437 1341 2456 rem
1360 2433 1388 2456 et
1409 2428 1632 2456 contumeliosam
1650 2429 1817 2455 existimant.

1041 2482 1099 2502 mea
1116 2475 1223 2509 quidem
1243 2474 1386 2508 sententia,
1412 2475 1527 2501 audaces
1547 2479 1609 2501 sunt
1621 2474 1745 2500 habendi.
1768 2473 1817 2499 Vc-

1040 2529 1100 2548 rum
1111 2521 1207 2554 opinor
1233 2527 1294 2547 esse
1306 2520 1413 2555 quidem
1435 2520 1479 2554 qui
1504 2527 1563 2547 eam
1580 2519 1741 2549 desiderent,
1772 2521 1818 2545 snt

1041 2566 1160 2594 laborem
1176 2566 1270 2601 quisit
1286 2566 1458 2593 sustinendus
1481 2564 1624 2600 refugiant,
1649 2570 1701 2598 quo
1728 2563 1818 2590 divina

1043 2612 1210 2647 potissimum
1237 2612 1387 2647 acquiritur
1404 2610 1546 2646 sapientia.
1569 2608 1608 2636 Ne
1638 2613 1725 2635 autem
1741 2607 1820 2642 negli-

1043 2657 1130 2689 gentia
1151 2664 1198 2684 sua
1225 2656 1369 2683 videantur
1384 2655 1455 2683 illam
1471 2662 1532 2682 -non
1546 2653 1674 2686 assecuti,
1691 2651 1818 2686 sapienti-

1043 2702 1092 2729 bus
1109 2702 1238 2738 invident,
1249 2707 1278 2729 et
1293 2701 1347 2730 illis
1359 2702 1524 2730 obtrectant.
1539 2699 1670 2728 Caeterum
1685 2697 1820 2733 sapientes

777 2779 895 2808 VARI/{:1
913 2779 1102 2808 LECTIONES
1122 2779 1164 2806 ET
1183 2777 1298 2808 NUT/E.

246 2859 302 2894 (ἔτι)
314 2860 382 2887 Ιυιιϊ
398 2860 518 2887 καλεῖται
528 2866 554 2886 et
566 2860 665 2895 φαῦλον
677 2862 766 2888 inst-re
777 2859 855 2886 τοῦτο
868 2867 899 2887 ex
915 2865 993 2894 utroq

1046 2859 1103 2884 rod.
1121 2858 1223 2885 Possm.
