2064 3162
261 157 328 193 1615

850 159 889 187 ⁷5.
908 155 1057 187 νΙΒΙΒΟΒῘ
1076 157 1294 187 ΡΕὶΗΞΙΟΤίΕ

1820 156 1881 191 Ῑείΰ

258 216 378 247 nomino,
400 222 452 242 non
469 214 512 250 qui
531 219 669 242 sectantur
690 208 810 241 Platonis
829 213 934 240 dicendi
957 221 1036 248 gt-tttt:

1096 212 1142 238 καὶ
1160 213 1208 247 τὴν
1226 212 1386 238 Θουκυδίδου
1403 212 1565 247 σεμνότητα,
1577 212 1623 239 καὶ
1637 212 1686 246 τὴν
1697 212 1882 248 Δημοσθένους

258 261 382 295 sublime,
402 261 443 288 vel
460 260 624 296 Thucydidas
639 260 808 295 gravitatem,
828 264 874 286 aut
886 259 1043 286 Demosthe-

258 309 301 336 nis
312 306 574 342 grandiloqueutiam
591 306 742 340 imitantur,
763 305 809 333 sed
826 305 871 340 qui
887 305 920 332 de
944 305 1043 332 divinis

257 354 330 388 loqui
343 353 486 388 praeceptis
504 353 618 388 possint,
643 359 731 387 neque
753 351 858 387 ignavia
872 350 979 385 propria
994 357 1043 376 suo

255 399 366 426 silentio
379 402 551 433 superentur.
572 397 622 431 Qui
637 397 709 426 enim
725 397 846 429 audiunt,
861 403 914 423 non
929 395 1044 423 dicentis

255 444 430 480 imperitiam,
450 444 504 471 sed
532 443 667 479 dogmatis
693 448 841 471 causautur
869 441 1042 469 imbecillita-

256 492 321 517 tem.

467 543 625 571 CDXCVIII.
644 557 678 562 —
690 541 826 569 ALPHIO.

1091 257 1231 291 δεινότητα
1248 256 1407 291 ζηλοῦντας,
1425 257 1492 284 ἀλλὰ
1505 259 1568 289 τοὺς
1580 258 1659 292 λόγον
1675 258 1825 286 ἀποδοῦναι
1839 260 1882 285 δυ-

1092 303 1226 336 ναμένους
1242 303 1312 338 ὑπὲρ
1327 302 1381 329 τῶν
1397 302 1477 330 θείων
1489 303 1644 338 δογμάτων,
1659 304 1706 330 καὶ
1723 304 1761 339 μὴ
1775 305 1820 331 διὰ
1837 305 1882 340 τῆς

1094 348 1197 379 οἰκείας
1215 347 1350 383 ῥᾳθυμίας
1372 350 1436 384 σιγῇ
1460 348 1511 384 τὴν
1529 347 1616 384 ἧτταν
1639 349 1881 385 καταδεχομένους.

1095 395 1126 421 Οί
1141 395 1196 429 γὰρ
1222 394 1378 428 ἀκούοντες,
1407 396 1438 421 οὐ
1467 396 1517 431 τὴν
1533 395 1580 422 τοῦ
1603 396 1730 429 λέγοντος
1747 396 1881 430 ἀπειρίαν,

1095 440 1163 466 ἀλλὰ
1175 440 1224 476 τὴν
1237 440 1286 467 τοῦ
1298 440 1432 476 δόγματος
1450 438 1591 469 αἰτιῶνται
1609 441 1774 477 σαθρότητα.

1363 543 1448 576 ΥᾺΗἎ
1461 557 1497 562 -
1510 541 1620 576 ΑΛΦΙῼ.

375 602 408 629 In
422 610 465 629 eos
477 602 522 636 qui
533 601 637 636 publica
651 599 776 627 Ecclesia:
795 599 862 625 bona
881 598 908 625 in
928 605 975 625 sua
991 603 1091 625 vertunt
1108 601 1253 627 commoda.
1273 599 1419 627 Immutata
1436 599 1517 633 prisci
1532 598 1655 633 temporis
1669 597 1761 632 facies.

291 657 357 685 Cum
379 663 457 684 suum
475 655 590 690 quisque
605 653 776 682 commodum
796 660 827 679 ac
841 651 946 679 lucrum
968 659 1040 679 com-

260 703 335 730 muni
349 706 496 737 anteponat
510 702 590 733 bono,
604 700 704 727 idcirco
719 707 762 727 res
777 698 903 726 Ecclesia:
917 705 1040 733 pessum-

257 753 332 777 eunt.
357 749 457 776 Contra
474 755 539 775 vero
563 747 661 774 accidit
691 746 724 773 iis
749 746 793 780 qui
822 744 955 779 majorum
984 749 1042 772 tue-

253 794 352 821 bantur
380 793 469 821 (idem.
502 792 578 819 Tunc
613 791 685 819 enim
711 792 815 826 privata
842 790 869 817 in
897 796 1039 817 oommune

253 838 439 867 conferebant.
479 839 514 865 At
558 838 638 866 hodie
677 837 828 865 communia
875 835 1035 871 publicaque

1136 654 1244 690 Ἐπειδὴ
1263 655 1370 689 ἑκάστῳ
1386 654 1416 680 τὸ
1433 654 1533 680 οἰκεῖον
1556 652 1650 687 κέρδος
1668 652 1716 679 τοῦ
1730 654 1807 688 κοινῇ
1835 662 1882 679 κα-

1093 700 1280 734 ταστήσασθαί
1304 709 1331 726 τι
1355 700 1473 735 χρηστὸν
1501 699 1709 735 προτιμότερον,
1735 698 1780 725 διὰ
1805 698 1881 725 τοῦτο

1092 743 1125 768 τὰ
1150 743 1199 777 τῆς
1226 743 1390 778 Ἐκκλησίας
1424 743 1603 779 προπέποται
1634 743 1795 777 πράγματα.
1829 743 1882 769 Καὶ

1091 789 1247 816 τούναντίον
1267 789 1366 825 συνέϐη
1394 790 1450 821 τοῖς
1475 789 1671 824 γεγενημένοις
1696 789 1743 814 ἐπὶ
1762 788 1816 815 τῶν
1834 789 1880 823 τῆς

1093 834 1209 867 πίστεως
1224 836 1374 870 προγόνων.
1390 836 1455 862 Τότε
1477 836 1526 871 μὲν
1542 836 1596 870 γὰρ
1610 835 1644 862 τὰ
1658 836 1711 862 [δια
1728 835 1768 867 εἰς
1783 835 1813 861 τὸ
1825 843 1878 861 κοι-

252 885 361 912 domum
398 883 594 915 conferentes,
634 890 666 910 ex
703 883 815 910 aliorum
854 880 1036 908 incommodis

1092 880 1135 906 νὸν
1150 880 1342 916 προυτίθεσαν,
1361 881 1407 908 νῦν
1419 882 1448 908 δὲ
1465 881 1500 908 τὰ
1514 881 1593 908 κοινὰ
1606 881 1698 907 οἶκαδὲ
1713 890 1784 912 τινες
1801 889 1881 916 μετα-

253 931 356 959 lucrum
373 931 518 966 praedando
535 934 674 965 reportare
690 937 742 956 non
759 929 932 956 erubescunt.

459 1030 596 1059 CDXCIX.
612 1046 646 1050 —
665 1028 753 1057 NlLO.

1095 926 1265 962 κομίζοντες,
1286 928 1335 954 οὐκ
1359 927 1530 962 αἰσχύνονται
1553 927 1583 959 ἐξ
1598 927 1746 963 ἀλλοτρίων
1773 926 1881 962 κερδαί-

1095 979 1185 1003 νοντες
1206 972 1362 1007 συμφορῶν.

1354 1017 1436 1060 mea
1452 1043 1486 1047 —
1500 1027 1616 1062 ΝΕΙΑῼ.

615 1087 653 1113 Ab
668 1086 727 1113 aliis
740 1085 846 1112 irrideri
861 1085 899 1112 vel
916 1093 931 1111 α
945 1084 1077 1119 grauibus,
1094 1082 1132 1109 vel
1145 1090 1161 1108 α
1175 1082 1285 1116 perditis
1306 1083 1447 1110 discrimen
1463 1088 1511 1110 est.

287 1143 310 1170 Α
322 1136 388 1170 viris
402 1142 528 1178 gravibus
540 1146 620 1175 atque
636 1139 753 1168 cordatis
768 1139 875 1166 irrideri
889 1138 1033 1167 molestum

251 1189 429 1224 estquidem;
443 1193 470 1216 at
484 1195 547 1216 vero
561 1195 575 1214 a
593 1185 913 1220 libidinosislascivisque
927 1184 1037 1212 minime

251 1234 330 1262 hodie
348 1233 488 1261 molestum
502 1237 554 1260 est.
569 1232 620 1265 Qui
635 1230 707 1258 enim
724 1238 739 1257 a
763 1235 836 1257 recto
850 1238 941 1258 rerum
957 1230 1038 1258 aber-

251 1283 313 1306 rant
326 1279 437 1314 judicio,
455 1278 624 1307 subsannaut
639 1285 669 1305 ea
681 1277 762 1304 etiam
778 1283 838 1310 quae
854 1276 1036 1303 admiratione

251 1325 305 1352 sint
316 1324 407 1360 digna.

534 1378 564 1404 D.
580 1392 615 1397 —
629 1377 753 1405 PETRO.

1126 1135 1163 1161 Τὸ
1184 1135 1233 1170 μὲν
1254 1136 1330 1171 παρὰ
1357 1137 1411 1162 τῶν
1437 1136 1545 1172 σεμνῶν
1568 1137 1616 1162 καὶ
1633 1136 1781 1171 σωφρόνων
1803 1136 1882 1170 γελᾶ-

1091 1180 1163 1213 σθαι,
1175 1181 1260 1207 δεινόν
1273 1189 1279 1196 ’
1297 1182 1330 1208 τὺ
1345 1182 1372 1208 δὲ
1387 1184 1462 1217 παρὰ
1476 1182 1529 1208 τῶν
1553 1181 1677 1215 ἀσελγῶν
1698 1183 1744 1208 καὶ
1763 1182 1879 1216 λάγνων,

1089 1226 1120 1252 οὐ
1151 1226 1247 1254 δεινόν.
1276 1227 1331 1262 Τῆς
1360 1227 1414 1263 γὰρ
1441 1228 1525 1263 ὀρθῆς
1549 1228 1603 1255 τῶν
1628 1228 1799 1263 πραγμάτων
1822 1230 1881 1256 δια-

1091 1274 1275 1309 μαρτάνοντες
1295 1274 1423 1309 κρίσεως,
1442 1275 1543 1308 γελῶσι
1568 1275 1601 1302 τὰ
1622 1274 1763 1309 θαύματος
1787 1275 1880 1310 κρείτ-

1090 1328 1164 1347 τονα.

1370 1377 1408 1403 ιν.
1423 1391 1457 1396 -
1472 1376 1596 1411 uarro.

547 1434 669 1462 Calestia
683 1435 867 1462 meditantium
880 1433 919 1460 vel
932 1433 1067 1460 terrestria
1080 1433 1142 1467 quid
1155 1434 1268 1460 intersit.
1287 1433 1405 1470 (Confer.
1417 1434 1493 1468 epist.
1511 1434 1586 1469 485.)

288 1491 382 1526 Ingens
394 1497 425 1518 ac
439 1490 585 1517 vehemens
601 1490 757 1524 prudentia,
772 1489 806 1517 ab
820 1489 901 1517 exilia
915 1489 1038 1523 malaque

251 1536 406 1571 gerentibus
423 1535 514 1570 parari
529 1535 632 1570 nequit.
655 1534 840 1569 Cogitationes
865 1534 938 1561 enim
956 1541 1038 1569 opera

1123 1486 1202 1520 Μέγα
1220 1487 1267 1513 καὶ
1286 1489 1410 1515 νεανικὸν
1422 1490 1551 1524 φρόνημα
1569 1489 1620 1524 οὺχ
1639 1485 1696 1515 οἶόν
1711 1497 1738 1515 τε
1753 1489 1880 1524 τεχθῆναι

1089 1532 1126 1567 τῷ
1145 1533 1231 1567 μικρὰ
1247 1533 1295 1560 καὶ
1306 1534 1396 1567 φαῦλα
1407 1534 1567 1569 πράττοντι.
1584 1534 1647 1565 Τοῖς
1664 1534 1718 1569 γὰρ
1730 1534 1822 1570 ἔργοις
1833 1535 1880 1561 καὶ

251 1581 424 1609 comitantur.
458 1580 508 1614 Qui
539 1580 610 1608 enim
638 1587 696 1614 quae
718 1579 751 1607 ad
769 1588 847 1607 usum
869 1579 931 1607 vitae
952 1579 1036 1613 perti-

1090 1578 1124 1605 τά
1136 1580 1297 1614 φρονήματα
1317 1579 1430 1605 ἔπεσθαι
1450 1580 1532 1614 φιλεῖ.
1552 1580 1581 1605 '0
1607 1579 1658 1613 μὲν
1687 1580 1741 1615 γὰρ
1761 1581 1796 1606 τὰ
1817 1580 1880 1614 βιω-

258 1631 322 1654 nent
355 1630 469 1659 tractat,
500 1626 580 1661 707
615 1625 682 1653 nihil
716 1626 836 1658 caeleste,
863 1626 930 1652 nihil
954 1633 1037 1660 ange-

252 1673 333 1700 licum
361 1671 500 1707 cogitabit.
544 1672 578 1699 At
619 1671 663 1706 qui
708 1671 778 1700 coelo
818 1672 925 1707 dignam
965 1672 1038 1707 degit

257 1718 356 1751 vitam,
391 1725 476 1752 nugas
514 1718 704 1753 ineptiasque,
732 1717 841 1745 umbras
872 1725 980 1753 quoque
1006 1725 1037 1745 ac

251 1763 355 1790 somnia
386 1763 461 1791 ducit
494 1770 556 1791 esse
591 1764 684 1791 mundi
716 1763 775 1791 haec
804 1764 921 1798 negotia.
947 1762 1037 1796 Quare

251 1809 356 1843 augusti
390 1815 452 1836 esse
486 1809 567 1836 animi
603 1809 700 1836 merito
736 1810 759 1837 is
786 1814 828 1837 est
850 1809 1034 1844 appellandus,

253 1855 298 1890 qui
329 1855 361 1883 de
387 1855 477 1890 parvis
507 1862 567 1883 sese
594 1855 674 1883 rebus
703 1856 788 1889 lactat
819 1855 1035 1890 :magnanimus

248 1902 354 1930 contra,
368 1899 414 1933 qui
431 1906 490 1931 quae
505 1905 569 1926 vere
586 1899 693 1926 excelsa
712 1904 787 1932 sunt,
805 1899 838 1926 iis
850 1906 911 1934 quae
929 1903 1034 1926 tantum

250 1944 312 1971 talia
326 1948 468 1978 apparent.
478 1944 626 1978 anteponit.

427 1996 468 2022 Di.
483 2011 515 2015 —-
531 1995 680 2023 EUTONIO
698 1995 854 2023 DHCONO.

1086 1625 1150 1651 τικὰ
1164 1625 1430 1660 μεταχειριζόμενος,
1445 1626 1521 1652 οὐδὲν
1535 1626 1673 1661 οὐράνιον,
1687 1626 1764 1652 οὐδὲν
1785 1627 1872 1660 ἀγγε-

1091 1670 1166 1697 λικὸν
1190 1671 1428 1705 φαντασθήσεται·
1448 1672 1463 1697 ό
1479 1671 1506 1697 δὲ
1522 1673 1572 1707 τὴν
1595 1671 1703 1707 οὐρανῷ
1721 1673 1880 1707 πρέπουσαν

1086 1718 1222 1745 πολιτείαν
1235 1718 1452 1752 πολιτευόμενος,
1461 1719 1562 1755 λήρους
1573 1719 1620 1746 καὶ
1635 1719 1782 1755 φλυαρίας,
1798 1720 1877 1751 σκιάς

1085 1772 1114 1790 τε
1140 1764 1187 1790 καὶ
1202 1763 1329 1799 ὀνείρατα
1341 1784 1348 1796 ,
1365 1764 1399 1790 τὰ
1418 1764 1536 1798 βιωτικά
1559 1765 1693 1800 ἡγήσεται
1714 1765 1873 1799 πράγματα.

1093 1809 1138 1835 Διὸ
1153 1810 1199 1837 καὶ
1210 1811 1224 1836 ό
1239 1810 1299 1844 μὲν.
1318 1809 1486 1845 μικρόψυχος
1511 1811 1625 1842 εἰκότως
1643 1811 1676 1838 ἂν
1690 1811 1814 1846 κληθείη,
1831 1811 1876 1837 ἐπὶ

1090 1857 1199 1891 μικροῖς
1212 1856 1428 1891 ἐναϐρυνόμενος
1438 1865 1444 1871 ·
1461 1857 1474 1883 ό
1490 1857 1517 1883 δὲ
1530 1857 1729 1893 μεγαλόψυχος,
1748 1858 1782 1884 τὰ
1795 1857 1877 1888 ὅντως

1091 1900 1196 1935 μεγάλα
1203 1901 1257 1927 τῶν
1276 1901 1426 1928 δοκούντων
1443 1902 1611 1937 προκρίνων.

1251 2002 1312 2029 ΦΑΖ
1328 2018 1361 2022 -
1379 2002 1530 2036 ΕΥΤΟΝΙῼ
1545 2003 1707 2038 ΔΙΑΚΟΝῼ.

879 2090 882 2091 ν
913 2053 935 2078 Α
948 2054 1032 2087 seipse
1046 2055 1128 2091 decipi
1139 2057 1226 2092 facile.

284 2109 341 2136 Etsi
358 2112 481 2144 prompta
503 2107 585 2134 multa
611 2111 684 2138 sunt,
704 2106 828 2140 factuque
849 2106 950 2140 fat-ilia,
965 2107 1032 2134 nihil

249 2161 337 2183 tamen
346 2154 461 2186 facilius,
475 2153 614 2187 magisque
625 2152 732 2179 obvium
743 2159 822 2186 quam
833 2159 848 2178 a
861 2160 890 2180 se
899 2160 1034 2187 quemque

1123 2111 1206 2137 Οὐδὲν
1228 2112 1314 2144 οὕτως
1336 2113 1521 2141 εὐκολώτατόν
1547 2115 1632 2147 ἐστιν,
1663 2114 1748 2141 ὄντων
1774 2115 1878 2142 πολλῶν

1087 2156 1216 2188 εὑκόλων,
1233 2157 1272 2188 ὡς
1283 2157 1314 2184 τὺ
1334 2158 1448 2185 ἕκαστον
1469 2160 1567 2187 ἑαυτὸν
1589 2160 1772 2194 ἐξαπατῆσαι.
1799 2161 1878 2194 Μέγα

248 2201 345 2235 decipi.
363 2199 487 2234 Magnum
511 2198 584 2226 enim
599 2197 698 2233 cuique
722 2205 800 2225 suum
819 2198 931 2232 apparet
943 2198 1033 2226 consi-

1088 2201 1141 2236 γὰρ
1163 2202 1272 2238 ἑκάστῳ
1296 2203 1326 2229 τὸ
1341 2203 1474 2240 βούλημα.
1507 2206 1616 2241 Ἐπειδὴ
1641 2206 1697 2240 γὰρ
1712 2207 1743 2232 οὐ
1758 2207 1791 2233 τὰ
1806 2207 1878 2242 πρα-

247 2246 323 2272 lium.
335 2245 403 2272 Cum
418 2244 490 2271 enim
516 2251 560 2271 res
575 2251 628 2270 non
643 2247 672 2270 ut
687 2243 752 2274 sint,
772 2243 806 2269 ita
822 2242 859 2269 illi
873 2248 1032 2277 appareant,

253 2290 299 2317 sed
315 2289 476 2316 sententiam
493 2288 565 2316 omni
578 2295 628 2322 ope
642 2295 720 2314 suam
732 2288 823 2315 studet
837 2288 950 2322 quisque
977 2294 1034 2316 sta-

250 2334 328 2362 bilire
346 2353 354 2366 ,
379 2333 450 2368 quod
471 2333 527 2367 ipse
550 2333 624 2365 vult,
650 2332 718 2360 idem
739 2337 767 2360 et
789 2333 894 2367 prohat,
915 2335 964 2361 etsi
990 2341 1034 2362 res

247 2387 318 2416 saepe
330 2379 408 2407 aliter
424 2386 484 2406 sese
501 2378 609 2406 habent.

471 2433 522 2462 Dll.
535 2449 569 2454 —-
581 2432 809 2461 URSENOPHIO.

703 2489 854 2517 Meliculosi
868 2491 973 2524 timore,
987 2493 1069 2528 forte:

281 2545 378 2575 Fortes
394 2546 503 2581 quidem
521 2545 594 2572 viros
613 2544 763 2571 assentatio
781 2545 884 2579 domat,
910 2547 1032 2575 imbecil-

246 2593 286 2620 los
302 2595 396 2619 contra
412 2595 500 2618 metus
513 2589 623 2625 frangit.
647 2589 702 2617 illis
717 2590 825 2625 quidem
851 2591 961 2619 suadela
976 2593 1031 2620 vim

245 2637 344 2665 aii'erre
360 2644 414 2664 non
428 2636 544 2669 videtur,
563 2636 604 2663 his
620 2643 685 2662 vero
699 2641 785 2663 metus
799 2636 962 2671 impotenter
984 2639 1033 2665 im-

246 2687 334 2718 perat.
349 2681 384 2709 Et
397 2681 435 2709 illi
455 2689 564 2710 causam
583 2681 748 2709 adversariis
766 2682 905 2717 prodendo
919 2683 1032 2710 vincun-

247 2734 300 2761 tur,
317 2727 345 2756 lii
360 2736 413 2757 non
430 2735 460 2756 se
476 2728 564 2756 dando
577 2727 723 2755 deduntur.
742 2727 802 2755 Noli
821 2728 911 2763 itaque
934 2734 1030 2764 putare

246 2781 301 2802 una
327 2781 377 2809 ope
394 2779 525 2809 utrosque
539 2773 681 2809 iuvandos,
703 2780 794 2801 verum
817 2781 866 2808 pro
883 2773 1031 2802 affectioni-

245 2820 307 2853 bus,
327 2826 359 2847 ac
373 2820 502 2856 cujusque
517 2819 657 2852 facultate,
677 2819 809 2848 medicina
824 2819 956 2855 adhibita,
973 2828 1029 2848 rem

245 2866 396 2902 confectam
412 2867 445 2896 iri
455 2865 592 2895 conﬁdito.

1086 2255 1181 2281 γματσ.
1193 2248 1268 2280 ὅπως
1279 2249 1387 2283 πέφυκε
1398 2252 1504 2283 σκοπεῖ,
1519 2251 1588 2278 ἀλλὰ
1596 2252 1645 2286 τὴν
1657 2252 1755 2278 ἑαυτοῦ
1766 2252 1879 2287 γνώμην

1087 2294 1169 2320 παντὶ
1183 2293 1270 2320 σθένει
1287 2294 1411 2330 κυρῶσαι
1428 2298 1607 2332 προαιρεῖται,
1621 2297 1635 2323 ὃ
1650 2297 1786 2332 βούλεται,
1801 2297 1879 2324 τοῦτο

1088 2338 1135 2365 καὶ
1151 2339 1253 2376 οἴεται,
1272 2341 1362 2368 καίτοι
1391 2342 1564 2377 πραγμάτων
1585 2342 1719 2374 πολλάκις
1735 2343 1879 2378 ἀντιφθεγ-

1088 2385 1221 2420 γομένων.

1292 2440 1354 2468 ΦΒ’.
1369 2456 1404 2461 -—
1419 2441 1667 2478 ΟΥΡΣΕΝΟΥΦΙῼ.

1087 2495 1240 2524 adulatione
1251 2503 1420 2536 superantur.

1122 2549 1192 2580 Τοὺς
1213 2549 1262 2584 μὲν
1285 2550 1427 2584 ἀνδρείους
1452 2551 1583 2578 κολακεία
1603 2552 1755 2587 χειροῦται,
1773 2553 1835 2584 τοὺς
1851 2554 1878 2580 δὲ

1084 2594 1233 2629 ἀνάνδρους
1242 2595 1335 2629 φόϐος·
1347 2597 1404 2628 τοῖς
1413 2596 1462 2631 μὲν
1472 2597 1527 2632 γὰρ
1538 2598 1555 2632 ἡ
1567 2597 1653 2624 πειθὼ
1665 2597 1739 2625 δοκεῖ
1748 2599 1879 2630 ἀϐίαστος

1083 2638 1170 2674 εἶναι,
1191 2642 1249 2673 τοῖς
1267 2641 1295 2668 δὲ
1310 2642 1324 2668 ὁ
1342 2641 1424 2677 φόϐος
1445 2640 1635 2678 ἀπαραίτητος
1657 2644 1804 2679 δεσπότης,
1823 2645 1877 2671 Καὶ

1083 2687 1108 2712 οἱ
1126 2686 1178 2721 μὲν
1196 2687 1236 2722 τῷ
1259 2687 1421 2722 καθυφεῖναι
1438 2688 1501 2720 τοὺς
1527 2689 1694 2721 ἀντιπάλους
1723 2691 1873 2725 ἡττῶνται·

1083 2732 1107 2757 ot
1128 2732 1156 2758 δὲ
1173 2732 1211 2767 τῷ
1226 2733 1264 2768 μὴ
1280 2733 1410 2760 ἐνδιδόναι
1431 2734 1573 2763 ὲνδιδόασι.
1591 2735 1638 2769 Μὴ
1661 2736 1753 2762 τοίνυν
1772 2736 1874 2767 πάντας

1083 2777 1123 2802 ἑνὶ
1145 2775 1299 2812 βοηθήματι
1322 2777 1485 2813 θεραπεύειν
1506 2779 1580 2806 οἵου·
1597 2779 1666 2806 ἀλλά
1688 2780 1746 2811 τοῖς
1775 2780 1872 2807 πάθεσι

1083 2822 1130 2849 καὶ
1142 2823 1202 2854 ταῖς
1214 2822 1347 2859 δυνάμεσι
1367 2824 1422 2850 τῶν
1437 2824 1596 2859 πασχόντων
1612 2825 1771 2860 κατάλληλα
1787 2833 1871 2861 προσ-

1083 2868 1173 2901 φέρων
1189 2868 1222 2896 τὰ
1237 2869 1366 2903 παιώνια,
1381 2869 1472 2902 ἔλπιζε
1487 2871 1576 2898 αὐτῶν
1590 2871 1752 2907 κρατήσειν.
