2064 3162
235 172 302 205 ιδῃ
679 170 946 201 EPISTOLARUM
965 172 1037 202 LIB.
1058 174 1093 204 V.
1111 174 1274 204 —-EPIS’1‘.
1295 173 1371 203 DIX.

388 224 447 251 ΦΓ.
462 238 495 243 --
508 222 678 257 ΠΑΛΛΑΔΙῼ
698 222 857 258 ΔῘΑΚΟΝῼ.

1224 227 1293 254 mn.
1308 241 1342 247 —
1353 215 1523 253 PALLAD'iO
1538 224 1696 254 DIACONO.

333 279 502 316 Perstringit,
521 280 590 315 quod
602 280 677 306 rebus
693 279 818 314 bonisque
829 283 950 311 terrenis,
969 280 1119 308 ambitionis
1137 287 1159 309 et
1179 283 1271 317 gloria:
1287 291 1379 316 causa,
1394 283 1421 310 in
1438 283 1547 318 speciem
1562 291 1590 310 se
1603 283 1751 310 abdicarat.

269 335 298 361 Et
313 335 362 369 μὲν
374 334 458 366 ὅντως
470 333 524 360 τῶν
537 332 670 368 βιωτικῶν
684 334 822 367 κατέγνως
834 334 1015 369 πραγμάτων,

1105 335 1133 363 Si
1156 337 1262 370 quidem
1283 337 1345 363 vitae
1371 337 1450 371 hujus
1477 337 1584 372 negotia
1618 344 1712 365 revera
1743 337 1851 372 cognita

233 380 316 415 μηδὲν
333 388 373 406 σοι
386 378 474 406 κοινὸν
490 378 558 414 πρὸς
572 379 651 405 αὐτά.
665 378 696 404 Et
710 378 738 404 δὲ
753 378 831 412 δόξαν
846 379 1015 415 θηρώμενος,

1075 381 1180 415 habeas,
1203 382 1270 409 nihil
1287 382 1333 409 tibi
1358 390 1419 409 cuin
1443 383 1500 410 illis
1522 390 1663 410 commune
1676 383 1721 410 sit.
1737 383 1765 410 Si
1786 390 1849 410 vero

232 425 384 456 διαϐάλλεις
409 425 457 460 μὲν
485 424 564 457 αὐτὰ,
604 424 717 459 περιέχῃ
742 424 770 450 δὲ
792 425 829 457 ὡς
849 425 951 456 ἀϊδίων,
980 426 1016 461 μὴ

1075 426 1180 462 gloriam
1201 427 1322 454 venando
1341 427 1384 454 illa
1404 427 1566 460 crimineris,
1586 428 1774 463 complecteris
1789 435 1851 455 vero

233 472 325 503 ἔλπιζε
343 471 452 506 ἀπατᾷν
477 471 539 501 τοὺς
558 463 602 496 διὰ
612 469 666 497 τῶν
692 470 862 506 πραγμάτων
888 472 1017 499 τάναντία

1075 478 1099 500 ιιι
1120 472 1256 503 diuturna,
1281 479 1347 499 cave
1374 477 1452 507 putes
1473 480 1519 500 eos
1548 474 1595 507 qui
1619 474 1652 501 de
1676 474 1756 501 rebus
1772 473 1848 508 ipsis,

1783 172 1850 206 1618

234 517 308 552 παρὰ
326 516 371 543 σοῦ
385 516 604 551 παιδευομένους.

407 572 465 599 ΦΔ’.
481 586 514 592 —-
529 571 666 606 ΣΕΡΗΝῼ
678 571 840 607 ΔΙΑΚΟΝῼ.

1070 522 1164 546 contra
1181 522 1262 553 atque
1279 522 1307 545 tu
1328 518 1454 550 sentiant,
1474 519 1613 546 aberrare.

1226 572 1293 601 DIV.
1312 587 1348 592 ——
1369 571 1504 599 SERENO
1520 570 1680 599 DIACONO.

670 618 805 644 Houorart'
822 618 880 645 vis?
898 618 1021 646 honorem
1038 618 1131 654 fugito.
1147 617 1236 653 (Conf.
1251 619 1325 653 epist.
1339 617 1415 652 52%.)

269 673 300 700 Et
316 672 395 707 δόξης
409 673 484 708 ἐρᾷς,
503 673 667 707 καταφρόνει
690 672 780 707 δόξης,
796 673 843 699 καὶ
858 674 918 700 τότε
934 674 1018 708 αὐτῆς

234 718 425 749 ἀπολαύσειας.
441 718 594 744 Φιλόνεικον
615 718 669 753 γάρ
685 726 743 749 πως
754 718 784 744 τὸ
800 718 853 745 τῶν
868 718 1018 754 ἀνθρώπων

234 764 311 797 γένος
328 763 396 796 ἐστὶ,
416 764 463 789 καὶ
481 763 548 798 πρὸς
577 763 626 798 μὲν
647 763 677 789 τὸ
693 762 864 798 ὑπεραυχοῦν
887 764 1020 790 διακινδυ-

235 808 322 835 νεύειν
341 808 426 842 φιλεῖ·
445 808 512 843 πρὸς
527 809 554 834 δὲ
567 808 596 834 τὸ
610 809 737 835 ταπεινὸν
754 808 812 843 μεθ’
827 809 922 844 ἡδονῆς
941 809 1021 835 σπέν-

235 854 326 880 δεσθαι
343 853 457 887 πέφυκε.
475 853 562 888 Νικᾷν
582 854 630 888 μὲν
646 853 699 888 γὰρ
718 853 862 885 σπουδάζει
877 854 924 880 τὸν
941 854 1019 888 νίκης

1105 676 1132 703 Si
1162 675 1274 711 gloriam
1299 676 1422 709 sectaris,
1449 683 1507 703 eam
1540 674 1582 702 fac
1611 680 1789 704 contemnas:
1816 678 1849 703 sit

1072 721 1117 749 ﬁet
1130 727 1158 749 ut
1169 722 1213 749 illa
1224 723 1344 757 potiaris.
1356 722 1559 749 Conlentiosum
1574 725 1615 748 est
1628 722 1699 748 enim
1712 721 1852 748 hominum

1072 774 1166 801 genus,
1180 772 1207 794 et
1231 768 1263 795 de
1291 768 1446 802 praestantia
1470 766 1583 794 libenter
1600 767 1718 794 dimicat.
1734 766 1850 794 Vincere

1072 813 1144 838 enim
1159 812 1248 839 studet
1264 820 1336 844 cum,
1359 812 1403 846 qui
1424 812 1542 839 vietorim
1564 812 1658 839 inhiat.
1677 811 1853 846 Cumjucnn-

1073 856 1156 883 ditate
1178 860 1267 883 autem
1294 856 1451 883 submittere
1473 863 1501 884 se
1527 856 1575 889 illi,
1602 857 1647 891 qui
1663 857 1771 884 vincere
1796 864 1849 883 non

236 898 388 933 ἐφιέμενον,
407 897 538 932 ἡττᾶσθαι
556 899 584 925 δὲ
609 899 681 932 φιλεῖ
697 899 755 934 μεθ’
771 899 867 934 ἡδονῆς
943 900 1021 935 νίκης

1075 901 1220 934 desiderat,
1237 902 1387 929 consuevit.

239 945 275 980 μὴ
292 944 438 979 ἐφιεμένῳ.

269 998 329 1025 ‘PE’.
344 1012 379 1017 --
391 997 469 1024 ΤΟΧΣ
488 997 680 1024 ΚΛΗΡῘΚΟΙΣ
696 998 763 1024 ΤΟΥ
779 998 987 1026 ΠΗΛΟΥΣΙΟΥ.

1227 1000 1281 1027 DV.
1307 1015 1341 1022 ——
1364 999 1555 1029 PELUSIANO
1592 1000 1716 1029 CLERO.

831 1046 956 1081 Βοήθεια,
975 1047 1043 1074 unde
1058 1034 1157 1075 Cretaei:
1182 1048 1263 1075 dicta.

279 1099 400 1127 Ἐοίκατε
419 1101 525 1136 ἀγνοεῖν
550 1101 580 1128 τὸ
594 1101 644 1136 τῆς
658 1100 784 1136 βοηθείας
800 1101 895 1136 ὗνομα,
907 1100 974 1136 ὅπερ
986 1101 1024 1127 εί-

240 1154 318 1180 ρηται
342 1146 417 1181 παρὰ
442 1147 472 1173 τὸ
492 1146 569 1181 μετὰ
591 1146 670 1180 ,βοῆς
700 1146 792 1174 θέειν·
815 1146 863 1173 καὶ
884 1146 928 1173 διὰ
946 1146 1025 1174 τοῦτο

239 1191 403 1227 βραδύτερον
415 1192 587 1228 ἀφικόμενοι,
603 1193 648 1219 καὶ
667 1192 854 1227 σχολαιότερον
873 1192 1026 1227 βαδίζοντες

238 1237 460 1272 ἀποτετυχήκατε
485 1238 534 1273 τῆς
550 1238 644 1273 θήρας.
666 1238 697 1264 '0
711 1237 765 1272 γὰρ
782 1238 887 1273 δεηθεὶς
902 1238 952 1272 τῆς
964 1238 1024 1263 ὲπι-

240 1282 363 1317 κουρίας,
385 1282 496 1318 Θήραμα
520 1283 567 1310 καὶ
582 1283 661 1318 ἔργον
683 1284 732 1318 τῆς
748 1282 802 1309 τῶν
817 1281 1026 1310 ἐπιϐουλευσάν-

239 1337 292 1354 των
307 1328 449 1363 ὠμότητος
462 1329 583 1362 γέγονεν.

488 1383 557 1415 «ις’.
576 1397 611 1402 -
627 1381 766 1416 suum.

1108 1101 1242 1128 Videmini
1261 1101 1385 1136 ignorare
1400 1102 1526 1138 βοήθειας
1539 1106 1647 1138 etymon
1669 1103 1739 1137 quod
1755 1101 1857 1129 Graecis

1073 1147 1172 1174 dictum
1182 1146 1258 1182 παρὰ
1267 1146 1297 1173 τὺ
1311 1147 1379 1182 μετὰ
1387 1146 1450 1182 βοῆς
1465 1147 1546 1180 θέειν,
1562 1147 1596 1174 ad
1607 1155 1694 1174 uocem
1708 1155 1856 1174 accurrere.

1073 1192 1243 1227 Quapropter
1260 1193 1363 1221 tardius
1390 1200 1437 1220 vos
1454 1193 1611 1222 accedentes
1629 1198 1714 1228 atque
1735 1194 1857 1228 ignavius

1074 1242 1227 1271 currentes,
1253 1237 1338 1266 feram
1356 1245 1409 1266 non
1438 1238 1558 1273 cepistis.
1585 1238 1636 1272 Qui
1662 1239 1734 1266 enim
1757 1238 1858 1266 auxilio

1076 1283 1223 1318 indigebat,
1236 1288 1346 1319 captura
1362 1289 1389 1312 et
1405 1292 1472 1320 opus
1489 1284 1674 1312 insidiantium
1689 1284 1858 1313 crudelitatis

1076 1330 1173 1357 evasit.

1270 1384 1351 1419 703
1362 1376 1429 1411 D'Vt.
1446 1398 1480 1404 -
1496 1384 1636 1413 Αιῐριο.

557 1428 576 1453 Α
595 1428 689 1455 teneris
703 1435 852 1454 assuescere
866 1426 977 1454 multum
991 1432 1028 1454 est
1044 1428 1072 1455 in
1094 1429 1200 1462 pietati:
1212 1430 1311 1456 studio.
1328 1429 1408 1465 (Vide
1419 1431 1495 1463 epist.
1510 1430 1550 1466 9.)

273 1485 336 1516 Τοῖς
360 1484 452 1511 παισὶν
472 1484 511 1511 ἔτι
527 1485 634 1519 νηπίοις
644 1484 832 1519 τυγχάνουσιν,
849 1483 957 1519 πρῶτον
975 1475 1028 1518 μὲν

238 1530 283 1557 τὸν
306 1529 369 1565 περὶ
391 1530 439 1565 τῆς
462 1530 598 1566 ὑπεροχῆς
617 1538 646 1556 τε
668 1529 715 1556 τοῦ
735 1529 802 1556 Θεοῦ
822 1529 869 1555 καὶ
884 1529 1022 1563 προνοίας,

239 1575 334 1602 ἔπειτα
357 1575 386 1602 δὲ
403 1576 449 1601 καὶ
468 1575 514 1601 τὸν
529 1575 592 1610 περὶ
605 1575 707 1610 ἀρετῆς
725 1574 778 1610 χρὴ
791 1574 1025 1610 κατασπείρεσθαι

238 1621 319 1655 λόγον
330 1629 336 1635 “
353 1621 397 1647 ἵνα
415 1620 645 1654 συναυξανόμενος
659 1620 706 1647 καὶ
720 1619 866 1655 συνανδρού
871 1628 951 1654 μενος
964 1620 1024 1646 οεο-

239 1667 327 1702 φιλεϊς
337 1667 384 1694 καὶ
396 1666 538 1701 ἐναρέτους
551 1665 650 1700 ἄνδρας
665 1665 863 1692 ἀποτελέσειεν.

378 1721 437 1747 ψΖι.
456 1734 492 1740 -
507 1719 631 1754 ΖΩΣΙΜῼ
648 1719 881 1754 ΠΡΕΣΒΥΤΕΡῼ.

1112 1484 1208 1512 Pueris
1231 1485 1378 1513 etiamnum
1400 1486 1501 1513 teneris
1515 1486 1548 1514 de
1575 1485 1622 1513 Dei
1649 1485 1806 1513 excellentia
1827 1493 1859 1513 ac

1077 1530 1256 1565 providentia,
1268 1536 1360 1565 postea
1387 1532 1420 1559 de
1434 1531 1535 1559 virtute
1563 1537 1696 1567 praecepta
1710 1536 1773 1559 sunt
1788 1531 1859 1559 inse-

1051 1575 1061 1585 ‘
1078 1576 1171 1608 renda,
1193 1581 1222 1603 ut
1246 1576 1405 1612 grandiores
1428 1576 1485 1611 jam
1507 1577 1571 1604 facti
1603 1578 1630 1605 in
1652 1577 1782 1612 virosque
1805 1577 1862 1611 jam

1078 1620 1198 1655 formati,
1216 1628 1278 1648 eum
1304 1621 1350 1650 Dei
1380 1621 1480 1656 Optimi
1507 1622 1617 1650 Maximi
1648 1625 1780 1655 amantes,
1805 1626 1860 1649 tum

1077 1666 1182 1700 praediti
1200 1667 1314 1694 evadant
1329 1667 1437 1694 virtute.

1190 1719 1271 1748 DVlI.
1287 1736 1321 1742 _
1347 1720 1473 1748 zosmo
1497 1701 1740 1749 'Pnesnvruno.

678 1764 748 1791 Vilia
764 1765 906 1791 verecunde
919 1765 1128 1800 perstringenda.
1143 1765 1237 1801 (Supr.
1252 1767 1328 1800 epist.
1344 1766 1418 1801 455.)

280 1822 379 1857 Ἐχρῆν
411 1822 461 1857 μὲν
483 1821 680 1856 νεανικώτερον
702 1821 945 1859 ὲκτραγιμδηθῆναι
971 1820 1021 1852 τὰς

241 1868 290 1899 σὰς
313 1867 438 1903 πράξεις,
462 1867 531 1902 τάχα
556 1867 608 1894 κᾶν
632 1866 719 1898 οὕτως
743 1866 939 1902 ὲρυθριάσαις-
966 1866 1023 1892 ἀλλ’

240 1913 333 1948 ἐπειδὴ
344 1913 374 1939 οὐ
386 1913 440 1948 χρὴ
454 1913 518 1944 τοὺς
543 1912 705 1947 σεμνότητος
721 1911 960 1946 ἀντιποιουμένους
978 1920 1024 1946 μο-

240 1959 328 1986 λύνειν
350 1959 456 1986 ἑαυτῶν
478 1958 527 1990 τὰς
549 1958 686 1992 γλώττας,
707 1958 823 1992 τάχιστα
852 1958 899 1984 καὶ
924 1957 1026 1992 εὐπρε-

239 2005 359 2032 πέστατα
369 2005 516 2039 λελέξεται,
532 2006 573 2032 ὅτι
598 2004 721 2040 μεγάλων
737 2003 830 2031 κακῶν
850 2003 937 2030 αἴτιαί
956 2003 1024 2030 εἰσιν

240 2051 268 2076 αἱ
284 2050 353 2084 μετὰ
367 2051 488 2085 γαστέρα
501 2049 601 2086 ἡδοναί.

331 2105 395 2131 ΦΗ¹.
415 2121 449 2126 -
464 2105 676 2140 ΘΕΟΠΕΜΠΤῼ
693 2103 928 2138 ΠΡΕΣΒΥΤΕΡῼ.

1113 1820 1261 1855 Oportebat
1274 1821 1421 1855 juvenilius
1439 1828 1471 1849 ac
1489 1822 1676 1849 vehementius
1704 1826 1762 1850 tuas
1778 1823 1868 1851 actio-t

1078 1872 1125 1892 nes
1139 1865 1240 1899 tragice
1246 1866 1414 1900 exaggerari,
1425 1870 1455 1892 ut
1463 1866 1504 1893 sie
1514 1865 1583 1894 forte
1593 1866 1738 1894 erubescas
1749 1877 1755 1894 :
1769 1873 1862 1894 verum

1079 1912 1186 1946 quando
1196 1919 1248 1938 non
1260 1912 1336 1939 decet
1350 1912 1510 1948 gravitatem
1535 1911 1710 1946 praeferentes
1736 1920 1800 1941 suas
1821 1913 1863 1940 in-

1078 1957 1193 1991 quinare
1217 1957 1332 1992 linguas,
1356 1957 1544 1985 decentissima
1568 1959 1656 1992 potius
1679 1958 1861 1993 proferentur.

1078 2001 1144 2035 Quae
1151 2002 1221 2029 enim
1236 2002 1308 2037 juxta
1322 2007 1443 2030 ventrem
1455 2002 1580 2030 libidines
1596 2007 1668 2036 sunt,
1681 2004 1860 2032 maximorum

1077 2047 1210 2075 exsistunt
1226 2055 1314 2076 causa;
1331 2049 1474 2076 malorutn.

1148 2101 1242 2129 DVIlI.
1258 2117 1287 2122 ~—
1304 2102 1534 2132 THEOPEMPTO
1550 2103 1791 2131 PRESBYTERO.

239 2162 273 2191 In
285 2164 478 2191 concionatores
497 2172 606 2198 quorum
621 2164 674 2190 vita
688 2163 814 2190 doctrina!
826 2171 876 2188 mm
892 2160 1038 2195 respondet.
1053 2159 1093 2198 A_d
1107 2159 1172 2198 illud
1188 2167 1197 2185 :
1213 2169 1222 2185 ι
1242 2160 1375 2198 D_icun_t_e_t
1390 2169 1449 2198 γιυ-η-
1457 2161 1584 2198 [ricinum
1601 2160 1709 2196 (Matth.
1727 2168 1806 2194 xxtu,
1819 2160 1862 2197 3.)

563 2197 661 2225 Facere
677 2206 754 2232 quant
771 2198 855 2224 dicere
870 2194 952 2231 magis
965 2203 1021 2230 pars

1075 2195 1112 2221 ’et.
1129 2194 1207 2229 (Sup.
1225 2195 1300 2229 epist.
1318 2195 1381 2228 215,
1398 2194 1461 2227 253,
1473 2195 1548 2229 265.)

276 2252 343 2279 Οὔτε
360 2253 455 2287 λόγος,
483 2253 544 2279 οὔτε
559 2253 656 2287 σκῆψις
681 2251 858 2278 ὑπολείπεται
881 2251 936 2282 τοῖς
951 2249 1024 2276 διδά-

1111 2249 1203 2284 Neque
1235 2249 1333 2281 oratio,
1366 2257 1397 2277 ae
1414 2257 1448 2277 ne
1483 2250 1622 2278 excusatio
1641 2251 1748 2285 quidem
1765 2251 1863 2278 docere

242 2306 317 2324 σκειν
342 2298 390 2333 μὲν
415 2298 545 2333 τολμῶσι,
566 2297 695 2324 τάναντία
714 2297 742 2323 δὲ
757 2293 794 2324 ὧν
816 2296 924 2329 λέγουσι
941 2295 1026 2330 πράτ-

242 2351 327 2369 τουσι.
357 2343 426 2374 Τοὺς
456 2343 505 2378 μὲν
531 2342 584 2377 γὰρ
603 2343 671 2377 μήτε
696 2342 874 2376 πράττοντας,
897 2340 966 2374 μήτε
988 2340 1027 2366 δι-

241 2388 350 2415 δάσκειν
374 2387 588 2423 ἐπιχειροῦντας,
607 2386 681 2417 εἰκὸς
697 2385 882 2421 μετριωτέραν
906 2385 1024 2419 ἀπαιτη-

242 2433 321 2469 οῆναι
345 2433 490 2469 τιμωρίαν.
516 2433 584 2464 Τοὺς
608 2433 636 2459 δὲ
660 2430 891 2466 ὲνα6ρυνομένους
914 2430 962 2465 μὲν
980 2429 1027 2456 ἐπὶ

242 2478 282 2514 τῷ
308 2478 489 2514 διδασκαλικῷ
509 2478 592 2513 λόγῳ,
619 2477 656 2513 μὴ
680 2476 824 2508 ποιοῦντας
839 2475 866 2502 δὲ
891 2475 908 2502 ii
933 2483 1026 2510 φασιν,

242 2524 429 2559 ἀπαραίτητον
446 2524 493 2551 καὶ
507 2523 709 2558 ἀσύγγνωστον.

497 2578 557 2605 φοι.
572 2593 607 2599 -
619 2577 663 2612 Te
681 2576 783 2611 ΑΥΤῼ.

1080 2295 1147 2322 alios
1170 2295 1244 2323 ausis
1276 2295 1367 2323 relicta
1390 2301 1440 2328 est,
1471 2296 1493 2323 si
1527 2301 1622 2323 contra
1659 2300 1740 2330 atque
1766 2295 1864 2323 docent

1079 2341 1189 2369 faciant.
1207 2341 1257 2374 Qui
1271 2348 1333 2369 vero
1349 2349 1437 2376 neque
1452 2345 1544 2377 agunt,
1562 2349 1648 2376 neque
1657 2341 1754 2369 docere
1769 2347 1864 2376 aggre-

1080 2387 1199 2420 diuntur,
1216 2394 1322 2422 pmnam
1344 2388 1456 2415 daturos
1473 2387 1691 2422 tolerabiliorem
1718 2385 1862 2414 verisimile

1080 2439 1132 2462 est.
1154 2435 1188 2461 At
1214 2435 1259 2470 qui
1285 2435 1406 2463 docendo
1437 2443 1466 2463 se
1486 2434 1590 2470 jactant
1606 2439 1695 2469 atque
1713 2437 1861 2463 ostentant,

1080 2486 1140 2513 quze
1154 2487 1218 2506 vero
1244 2480 1351 2512 docent,
1378 2487 1430 2507 non
1454 2485 1545 2515 agunt,
1562 2478 1756 2506 inexorabilem
1769 2477 1862 2504 venia-

1080 2532 1133 2559 que
1152 2529 1290 2552 carentem
1303 2532 1411 2560 ptenatn
1427 2525 1511 2553 luent.

1340 2578 1409 2606 DIX.
1431 2593 1467 2598 —
1482 2577 1595 2606 EIDEM,

243 2634 346 2662 Bellum
357 2634 475 2669 spiritale
486 2635 608 2662 alacriter
618 2633 722 2669 aggredi
734 2633 815 2665 decet,
834 2632 921 2659 divino
935 2632 1030 2673 [return
1045 2632 1156 2673 augcilio.
1176 2632 1264 2667 Neque
1288 2635 1356 2661 enim
1372 2642 1405 2663 ea;
1423 2633 1557 2667 copiarum
1576 2631 1744 2659 multitudine
1763 2640 1863 2666 semper

995 2672 1114 2694 victoria.

278 2725 310 2750 Εἰ
325 2724 370 2750 καὶ
383 2724 445 2758 περὶ
459 2723 513 2749 τῶν
526 2723 687 2758 σωματικῶν
703 2722 840 2756 πολέμων,
856 2721 886 2747 οὐ
901 2722 953 2757 χρὴ
963 2722 1024 2753 τοὺς

245 2769 330 2804 μείζω
351 2769 463 2803 δύναμιν
487 2769 607 2803 ἔχοντας,
623 2769 660 2800 ὡς
677 2768 796 2803 φανερᾶς
815 2767 896 2803 οὔσης
914 2769 963 2802 τῆς
986 2768 1026 2794 νί-

246 2822 305 2847 κης,
323 2813 552 2840 διαϐεϐαιοῦσθαι*
570 2814 654 2841 πολλὰ
670 2814 723 2849 γὰρ
742 2814 880 2850 παράδοξα
897 2815 1028 2846 πολλάκις

245 2858 364 2891 ἐγένετηη
395 2859 439 2884 καὶ
458 2859 486 2883 τὺ
505 2859 551 2892 μὲν
567 2857 637 2891 εἶξαν
655 2859 733 2891 εὐθὺς
753 2859 922 2892 ἁνέλπιττον,
948 2861 985 2896 τῷ
1000 2862 1028 2887 δὲ

1116 2723 1149 2750 Ει
1168 2723 1189 2750 si
1210 2723 1277 2751 bello
1290 2723 1424 2758 corporali
1446 2730 1492 2750 eos
1514 2721 1674 2756 quiviribus
1705 2721 1858 2756 superiores

1079 2772 1153 2801 sunt,
1169 2769 1245 2803 quasi
1267 2770 1303 2796 sit
1315 2773 1388 2796 certa
1399 2768 1563 2799 victoria,se
1575 2767 1679 2801 jactare
1700 2774 1751 2793 non
1774 2768 1862 2793 decet.

1081 2814 1212 2841 Accidunt
1229 2815 1299 2842 enim
1314 2815 1357 2841 hie
1374 2814 1455 2841 multa
1478 2820 1662 2847 saepenumero
1686 2813 1822 2847 inopinata
1838 2817 1865 2839 et

1083 2861 1218 2895 insperata
1238 2870 1243 2886 :
1270 2865 1296 2887 ct
1310 2860 1416 2895 quidem
1436 2859 1527 2886 statim
1549 2860 1686 2891 recedere,
1709 2866 1755 2893 spe
1779 2863 1863 2885 caret.
