2064 3162
214 163 281 196 1621

658 162 922 193 EPISTOLARUM
942 165 1014 194 LIB.
1035 166 1067 195 V.
1088 179 1123 183 —
1141 165 1260 194 EPIST.
1280 165 1384 195 DXIX.

1770 160 1836 193 1622

211 222 311 257 ὁρμαῖς
333 221 532 257 χρησαμένους.
557 221 588 246 Ei
614 220 642 246 δὲ
673 221 750 247 ταῦθ’
772 220 857 252 οὕτως
876 220 940 255 ἔχει,
968 222 992 247 οἱ

1052 222 1079 247 ul
1096 222 1221 249 virtutem
1237 222 1337 256 impetu
1353 225 1474 248 utantur.
1496 220 1561 254 Quae
1576 227 1636 247 cum
1654 218 1690 246 ita
1708 218 1771 250 sint,
1789 219 1835 253 qni

213 265 282 299 μετὰ
305 265 383 300 νόμον
406 266 453 292 καὶ
472 265 551 300 χάριν
574 265 727 298 πταίοντες.
750 267 796 292 καὶ
822 265 888 301 μηδὲ
912 266 995 301 αὐτὴν

212 310 319 337 ὁδεῦσαι
343 310 480 342 ἐθέλοντες
502 311 571 341 ὁδὸν.
586 310 679 346 ὥσπερ
697 312 719 337 οἱ
741 311 849 337 παλαιοὶ
865 310 993 343 ὥδευσαν,

212 354 285 386 τινος
300 354 408 390 τύχοιεν
425 355 501 382 ἐλέου
513 364 520 388 ς

437 454 510 482 ΦΙΕ’.
534 470 569 475 —-
584 456 767 491 ΑΝΑΤΟΛΙῼ.

1049 271 1108 301 post
1131 267 1214 301 legem
1236 269 1405 303 gratiamque
1425 271 1549 302 peccant,
1567 273 1597 293 ac
1616 272 1648 292 ne
1662 265 1712 293 vite
1727 264 1836 299 quidem

1049 311 1082 338 ab
1093 311 1147 338 illis
1160 312 1302 345 ordinatae,
1315 321 1395 347 quam
1408 312 1524 346 majores
1536 311 1619 339 nostri
1638 310 1750 345 ingressi
1764 314 1836 341 sunt,

1048 356 1141 385 volunt
1165 357 1303 391 insistere,
1319 366 1434 393 quanam
1458 357 1484 385 hi
1504 358 1576 393 digni
1593 355 1780 384 misericordia
1795 355 1837 381 vi-

1050 403 1164 430 deantur
1174 402 1186 430 7

1281 456 1362 485 υχν.
1381 471 1416 477 -
1432 456 1610 486 ΑΝΑΤοιιο.

786 499 899 528 Vitanda
915 501 1091 535 improborum
1102 502 1266 530 commercia.

248 553 313 579 Δίαν
339 554 370 580 σέ
396 563 469 586 τινες
485 555 637 588 αἰτιῶνται,
658 555 698 582 δτι
717 555 764 587 οὓς
787 556 836 590 μὲν
859 556 912 582 οὐδ’
930 557 995 591 ὀρᾷν

213 599 301 633 θέμις,
331 599 434 631 τούτοις
461 601 498 632 ῶς
520 601 618 637 ἣδιστα
647 601 747 632 λαλεῖς.
775 598 822 632 Οἷς
848 601 876 627 δὲ
904 601 995 628 λαλεῖν

212 644 358 678 αἴσχιστον,
371 645 480 678 τούτους
493 647 618 682 συνήθεις
639 647 797 682 πεποίησαι.
814 646 868 678 Οὒς
882 647 911 673 δὲ
927 656 998 682 παρ-

213 690 290 720 όντας
311 692 392 726 τιμᾷν
421 692 534 727 ἀτιμίας
565 693 649 726 ἄξιον,
680 692 790 724 τούτους
811 693 857 719 καὶ
882 692 1001 724 ἀπόντας

1084 558 1220 586 Accusant
1237 562 1262 586 te
1273 557 1396 593 quidam,
1418 557 1489 592 quod
1509 563 1578 591 quos
1594 563 1626 583 ne
1641 555 1762 590 aspicere
1778 556 1838 590 qui-

1050 605 1110 631 dem
1125 603 1162 631 sit
1177 603 1228 636 fas,
1244 611 1305 631 cum
1320 603 1353 631 iis
1365 610 1446 637 quam
1459 600 1647 629 lubentissime
1663 601 1836 634 eolloquaris.

1050 649 1117 677 Cum
1130 649 1227 684 quibus
1240 657 1302 677 vero
1314 648 1431 683 colloqui
1446 647 1632 683 turpissimum
1646 647 1691 680 sit,
1705 646 1745 673 his
1760 645 1837 688 fami-

1051 695 1154 723 liariter
1170 695 1265 723 utaris.
1283 695 1355 728 Quos
1371 702 1433 723 vero
1448 697 1597 728 praesentes
1610 693 1745 719 honorare
1759 694 1837 725 turpe

213 736 332 771 ἀγαπᾷς.
355 737 386 763 Εἰ
410 738 499 764 τοίνυν
523 738 704 774 ἀληθεύουσι,
721 739 908 774 γνωσιμαχει·
927 739 950 765 ει
972 738 1000 764 δὲ

1052 741 1100 774 sit,
1126 742 1175 769 hos
1201 741 1263 769 licet
1290 742 1416 769 absentes
1441 740 1560 768 adamas.
1592 738 1673 774 710
1700 737 1838 771 Resipisce

216 781 263 815 μὴ,
290 782 385 816 δήλου·
409 783 452 809 ἵνα
476 784 698 819 ὲπιστομὶσωμεν
714 785 777 816 τοὺς
795 785 840 810 ἐπὶ
861 785 921 816 ταῖς
939 785 998 816 σαῖς

1052 794 1126 822 ergo,
1139 787 1163 814 si
1176 794 1239 814 vera
1252 786 1289 814 illi
1303 792 1431 819 narrant;
1449 787 1490 813 sin
1504 792 1593 815 secus.
1610 784 1720 811 ostende
1738 782 1836 810 l‘alsum

213 829 352 861 διαϐολαῖς
370 830 579 866 ἀγαλλομένους.

329 932 410 965 φιςι.
430 947 465 951 -
484 932 598 968 Name,
615 933 737 968 ΠΕΤΡῼ,
758 932 884 967 name.

1053 839 1129 865 esse,
1147 835 1176 858 ut
1195 839 1226 859 os
1251 831 1284 859 iis
1297 832 1454 859 obturenius
1469 831 1513 866 qui
1542 830 1584 857 his
1606 830 1632 856 in
1653 834 1679 857 te
1695 827 1838 856 calumniis

1053 877 1199 904 exsultant.

1160 930 1250 958 DXVI.
1268 946 1302 950 —
1321 929 1412 962 NILO,
1430 928 1543 957 PETRO
1560 933 1584 955 et
1606 927 1730 955 PAULO.

894 977 931 1004 De
942 977 1075 1011 patientiae
1088 977 1164 1005 bona.

257 1030 290 1057 Ἦ
313 1031 359 1057 ἐπὶ
381 1033 440 1063 ταῖς
459 1031 570 1068 ὕϐρεσιν
593 1032 753 1066 ἁνεξικακῑα
775 1032 834 1059 λίαν
849 1032 897 1067 τὴν
911 1031 999 1067 ψυχὴν

215 1075 329 1110 ὠφελεῖ·
346 1077 379 1112 ἢν
395 1077 418 1104 εἰ
434 1078 490 1112 (Ἡ)
507 1078 698 1113 συμφέρουσαν
715 1078 764 1113 μὲν
778 1078 862 1113 ᾔδειν,
878 1077 999 1112 χαλεπὴν

215 1120 244 1147 δὲ
251 1121 497 1159 γενέσθαι,κομιδῇ
509 1123 541 1149 ἂν
556 1124 689 1159 ὴχθέσθην
699 1125 709 1134 ‘
723 1124 760 1159 μὴ
776 1124 805 1150 τὸ
822 1124 870 1159 τὴν
885 1122 1001 1159 προσοῦ-

216 1174 267 1192 σαν
281 1167 473 1202 πραγματείαν
493 1169 613 1203 φεύγειν,
637 1170 667 1196 τὸ
689 1169 826 1201 λυσιτελὲς
852 1169 998 1205 προέσθαι·

215 1212 240 1238 ει
262 1211 290 1238 δὲ
305 1212 352 1239 καὶ
368 1213 447 1248 ῥᾳδία
462 1215 508 1240 καὶ
522 1214 648 1250 βελτίστη
665 1215 803 1250 τυγχάνει.
824 1215 860 1241 Τὸ
879 1214 932 1250 γὰρ
949 1215 999 1241 ἑτι-

216 1256 314 1289 εξιέναι
327 1258 374 1284 καὶ
385 1258 512 1285 δύσκολον
525 1261 572 1286 καὶ
585 1261 794 1296 ἐργωδέστερον,
811 1260 857 1287 καὶ
868 1259 999 1296 χειμῶνος

215 1302 265 1336 τὴν
281 1302 368 1337 ψυχὴν
383 1303 495 1339 πληροῖ’
513 1305 625 1339 ἄμεινον
640 1305 670 1332 τὸ
685 1306 848 1340 φιλοσοφεῖν.

347 1401 418 1429 ΦΙΖ¹.
435 1419 470 1424 --
490 1404 610 1439 (ME/ll!)
630 1403 870 1439 ΓΡΛΜΜΑΤΙΚῼ.

1086 1031 1217 1059 Patientia
1243 1031 1458 1066 injuriarumque
1485 1028 1627 1056 tolerantia
1653 1027 1742 1054 animo
1760 1026 1836 1052 valde

1050 1079 1176 1114 prodest;
1190 1085 1269 1113 quam
1285 1077 1307 1104 si
1323 1077 1414 1104 utilem
1424 1075 1532 1111 quidem
1545 1082 1605 1102 esse
1617 1073 1748 1104 sciebam,
1766 1070 1836 1098 ditii-

1050 1124 1128 1151 cilem
1142 1130 1245 1156 tamen,
1261 1122 1372 1150 moleste
1383 1121 1446 1154 tuli,
1461 1120 1534 1155 quod
1555 1123 1715 1154 praesentem
1731 1116 1836 1151 fugiens

1051 1169 1251 1202 dilIicultatem,
1267 1167 1475 1196 emolumentum
1490 1165 1547 1199 ejus
1561 1163 1713 1194 amiserim,
1730 1162 1780 1189 etsi
1798 1161 1837 1187 fa-

1052 1215 1110 1243 cilis
1133 1215 1256 1250 bonaque
1275 1213 1411 1241 obveniat.
1441 1211 1540 1240 Ulcisci
1564 1211 1636 1238 enim
1659 1207 1784 1243 iniuriam
1810 1212 1837 1234 et

1053 1267 1134 1296 grave
1145 1265 1185 1287 est
1197 1264 1222 1287 et
1238 1258 1412 1290 laboriosum,
1426 1257 1545 1284 animum
1558 1254 1720 1283 turbulentis
1732 1253 1837 1288 agitans

1053 1306 1183 1333 motibus.
1201 1303 1388 1339 Pbilosophari
1408 1304 1501 1338 itaque
1516 1302 1638 1335 beneque
1652 1301 1744 1327 vivere
1759 1299 1838 1333 longe

1052 1351 1232 1387 praestabilius
1246 1354 1297 1378 est.

1158 1402 1263 1431 DXVH.
1278 1417 1313 1422 ——
1331 1400 1481 1429 OPHELIO
1495 1395 1731 1427 GRAMMATICO.

573 1452 594 1477 Α
607 1451 760 1484 spectaculis
772 1450 948 1478 dehortando:
963 1454 1048 1478 mam:
1067 1450 1196 1482 homines,
1212 1455 1239 1477 ut
1253 1450 1328 1483 epist.
1343 1449 1406 1482 185,
1421 1447 1483 1475 186.

251 1502 282 1528 Et
311 1503 340 1529 ἐν
366 1504 415 1537 μὲν
442 1505 475 1539 τῇ
495 1505 581 1540 σκηνῇ
607 1504 723 1538 γελῶσιν
753 1505 778 1531 οἱ
806 1504 999 1540 φιλοθεάμονες

215 1546 389 1582 ἁπαλώτερον
412 1548 459 1574 τοῦ
479 1548 594 1580 δέοντος,
610 1550 639 1575 ὲν
659 1549 687 1575 δὲ
703 1549 741 1584 τῷ
769 1548 930 1584 ἱπποδρόμῳ
955 1549 1002 1575 θυ-

217 1593 329 1626 μοῦνται
338 1593 419 1620 πλέον
431 1593 447 1628 ἦ
460 1595 607 1630 προσῆκεν·
623 1595 680 1621 ἐκεῖ
690 1595 738 1630 μὲν
751 1595 803 1621 ὑπὸ
816 1595 869 1621 τῶν
881 1594 1002 1630 αἰσχρῶν

214 1639 360 1674 δραμάτων
374 1639 593 1674 ὲκθηλυνόμενοι,
604 1640 719 1666 ἐνταῦθα
727 1639 755 1665 δὲ
767 1641 826 1671 ταῖς
841 1641 894 1666 τῶν
903 1641 911 1651 ⁶
924 1641 1003 1676 ἁμίλ-

215 1684 276 1716 λαις
297 1685 364 1719 πρὸς
388 1685 484 1720 μανίαν
501 1685 732 1720 ὲκϐακχευὸμενοι
760 1685 878 1720 (μικροῦ
900 1686 953 1720 γὰρ
968 1685 1003 1712 τὰ

215 1730 269 1756 τῶν
287 1730 443 1765 κενταύριον
463 1731 636 1766 μιμοῦνται)·
653 1731 718 1757 πότε
732 1731 760 1757 ὲν
775 1732 809 1767 τῇ
825 1731 1001 1767 προσηκούσῃ

216 1776 384 1803 καταστάσει
406 1776 587 1811 ὁφθήσονται;
618 1776 715 1811 ῆπότε
743 1776 777 1803 τὰ
800 1776 912 1811 ἀνδράσι
935 1776 1002 1812 πρέ-

217 1828 301 1848 ποντα
316 1821 457 1856 πράξειαν;
471 1821 575 1848 Οὐκοῦν
586 1822 638 1857 χρὴ
647 1822 701 1847 εἴτε
717 1821 814 1854 πειθοῖ,
827 1821 880 1848 stes
895 1820 1002 1858 ἀνάγκῃ

217 1866 319 1900 εἵργειν
343 1867 405 1898 τοὺς
417 1866 556 1898 τοιούτους
570 1867 623 1893 ἀπὸ
639 1866 689 1901 τῆς
705 1867 833 1902 τοιαύτης
846 1866 991 1901 ἀκοσμίας.

361 1922 438 1948 omn
457 1937 491 1943 .-
507 1921 685 1957 ΛΔΜΠΕΤΙῼ
701 1922 860 1957 ΔΙΑΚΟΝῼ.

1088 1503 1116 1532 Si
1132 1504 1239 1539 quidem
1251 1503 1277 1531 in
1290 1511 1372 1532 scena
1386 1500 1526 1538 spectandi
1543 1496 1717 1535 perstudiosi,
1732 1496 1839 1524 mollius

1053 1557 1133 1585 quam
1152 1557 1201 1585 par
1216 1550 1251 1578 sit
1265 1550 1382 1583 rideant,
1398 1548 1424 1576 in
1440 1545 1608 1575 circensibus
1621 1551 1685 1572 vero
1700 1543 1769 1570 ludis
1781 1549 1838 1569 am-

1053 1596 1123 1631 plius
1138 1603 1219 1630 quam
1238 1598 1345 1630 oportet
1365 1594 1538 1628 indignentur
1556 1602 1562 1619 :
1586 1589 1641 1618 illic
1656 1589 1763 1624 quidem
1782 1591 1840 1614 tur-

1052 1641 1126 1676 pium
1139 1640 1294 1675 spectaculo
1306 1639 1440 1672 enervati,
1455 1638 1499 1666 hic
1512 1644 1575 1665 vero
1586 1634 1778 1664 certaminibus
1793 1632 1841 1660 de-

1053 1685 1165 1712 mentati
1192 1685 1348 1719 (centauros
1371 1685 1443 1712 enim
1471 1681 1663 1718 propemodum
1689 1677 1838 1710 imitantur)

1053 1730 1161 1766 quando
1177 1735 1323 1758 cernentur
1343 1730 1369 1756 in
1387 1734 1458 1757 statu
1473 1726 1601 1756 decenti?
1621 1725 1661 1753 vel
1675 1724 1740 1751 viris
1758 1723 1838 1757 digna

1054 1778 1162 1811 quando
1179 1776 1314 1804 fecerint?
1342 1779 1430 1802 nonne
1453 1774 1536 1808 igitur
1552 1774 1677 1806 oportet,
1700 1768 1756 1796 sive
1776 1774 1839 1803 per-

1054 1822 1195 1855 suasione,
1210 1821 1267 1850 sive
1283 1819 1446 1848 necessitate
1457 1817 1546 1846 arceri
1571 1816 1639 1844 tales
1653 1822 1669 1842 a
1683 1821 1713 1842 re
1725 1817 1779 1841 tam
1795 1812 1838 1839 in-

1054 1867 1153 1894 decora
1166 1867 1177 1894 7

1184 1920 1299 1948 DXVIII.
1316 1934 1352 1940 -—
1369 1916 1543 1946 LAMEETIO
1554 1913 1714 1944 DlACONO.

467 1969 622 1999 Constantia
638 1974 661 1996 et
677 1971 797 1996 censoria
811 1969 927 2004 grauitas
939 1970 996 1996 sine
1010 1974 1116 1996 austera
1136 1975 1159 1997 et
1171 1969 1257 2003 rigida
1268 1967 1419 1995 morositate
1431 1965 1578 1993 laudando.

254 2024 336 2050 Ὀταν
351 2031 404 2056 τις,
421 2021 443 2050 ῶ
468 2024 562 2057 σοφίας
583 2023 717 2058 αὐτοφυὲς
732 2023 853 2058 ἄγαλμα,
870 2022 934 2050 ἄνευ
951 2022 1000 2057 μὲν

217 2069 386 2103 προπετείας
401 2069 556 2104 παρέχηται
572 2069 602 2095 τὺ
622 2069 752 2103 ἀνδρεῖον,
768 2067 831 2095 ἄνευ
851 2068 879 2094 δὲ
895 2067 1001 2102 ’ὕϐρεως

218 2113 248 2140 τὺ
260 2113 388 2148 βλοσυρόν
397 2122 404 2129 ·
419 2114 467 2140 καὶ
480 2114 510 2140 τὸ
523 2113 572 2148 μὲν
586 2114 713 2149 ἐμϐριθὲς
727 2113 878 2148 καθαρεῦον
890 2113 1001 2147 στυγνό-

218 2166 308 2193 τητος,
326 2158 356 2185 τὸ
370 2158 398 2185 δὲ
414 2159 520 2194 σῶφρον
543 2159 593 2185 οὐκ
609 2159 802 2194 ἀπάνθρωπον,
820 2158 877 2184 ἀλλ’
889 2159 1002 2194 ἁρῤήτῳ

1089 2023 1156 2051 Cum
1183 2024 1261 2058 quis,
1293 2031 1309 2050 ο
1331 2021 1469 2057 sapientiae
1493 2018 1609 2054 genuina
1647 2017 1749 2051 imago,
1780 2015 1839 2042 sine

1055 2067 1152 2101 linguae
1173 2067 1321 2101 petulantia
1345 2066 1443 2093 fortem
1466 2071 1496 2091 se
1517 2065 1652 2093 ostentet,
1670 2064 1697 2088 et
1722 2059 1839 2094 rigorem

1055 2112 1156 2147 absque
1175 2112 1315 2144 conviciis,
1330 2116 1356 2138 et
1373 2110 1534 2146 gravitatem
1551 2107 1672 2134 molestia
1689 2109 1837 2136 carentem,

1055 2158 1259 2192 temperantiam
1273 2164 1337 2184 vero
1351 2164 1404 2183 non
1419 2155 1605 2186 inhumanam,
1624 2153 1671 2179 sed
1689 2150 1838 2186 inexplica-

218 2203 387 2239 κεκραμένον
412 2205 586 2239 φαιδρότητι·
606 2204 667 2230 τότε
685 2203 807 2239 καθαρὰς
823 2204 876 2230 τῶν
897 2203 1000 2230 κακιῶν

1055 2203 1099 2231 bili
1113 2204 1218 2231 mistam
1232 2203 1373 2234 liilaritati,
1386 2207 1449 2229 tunc
1463 2201 1509 2236 qni
1524 2205 1640 2236 puraset
1653 2198 1750 2226 illaesas
1763 2197 1838 2225 omni

219 2248 273 2275 τῶν
286 2249 523 2284 παραπεπηγυιῶν
538 2251 598 2281 ταῖς
609 2250 727 2284 ἀρεταῖς,
743 2249 828 2280 αὑτὰς
840 2249 891 2281 τὰς
900 2249 1001 2285 ἀρετὰς

219 2294 450 2330 ἐπιδεικνύμενος,
466 2294 586 2330 ἀοίδιμος
600 2295 676 2321 ἔσται
694 2295 741 2321 καὶ
755 2294 878 2328 εὐκλεής.

329 2346 401 2373 ΦΙΘ¹.
421 2361 455 2367 ——
469 2345 661 2382 ΣΤΡΑΤΗΓΙῼ
680 2346 890 2373 MONAZONTI.

1056 2248 1181 2275 vitiorum
1201 2247 1319 2275 conﬁnio
1335 2247 1448 2274 virtutes
1462 2245 1589 2278 exhibet,
1604 2243 1711 2272 celeber
1733 2242 1786 2270 erit
1812 2246 1838 2268 et

1057 2294 1198 2329 gloriosus.

1170 2346 1263 2374 DXIX.
1282 2361 1318 2367 —
1344 2343 1539 2373 S'I‘RATEGIO
1557 2342 1732 2371 MONACHO.

572 2402 756 2433 [inproborum
771 2402 878 2436 fraudes
899 2403 996 2430 homini
1009 2404 1120 2439 sapienti
1135 2404 1324 2438 deprehendere
1337 2404 1416 2439 facile
1433 2407 1482 2430 est.

256 2459 287 2485 Et
309 2459 356 2486 καὶ
380 2459 434 2485 εἰσι
447 2467 520 2490 τινες
542 2458 623 2485 δεινοὶ
645 2458 695 2493 μὲν
714 2457 872 2489 ἀπατῶντες
897 2457 998 2490 λαθεῖν,

221 2504 304 2531 δεινοὶ
321 2504 349 2530 δὲ
371 2503 543 2540 φωραθέντες
560 2502 809 2538 παραλογίσασθαιο
834 2502 890 2530 ἀλλ’
906 2504 921 2529 ὁ
945 2502 1004 2529 θεο-

222 2548 303 2582 φιλὴς
324 2549 455 2583 κρείττων
474 2548 577 2575 τούτων
603 2548 770 2583 εὑρίσκεται.
796 2547 880 2582 Σοφδς
901 2547 951 2583 μὲν
967 2547 1005 2574 ὣν

181 2623 188 2629 ,
223 2593 337 2620 συνιδεῖν
350 2594 399 2628 τὴν
414 2594 531 2629 ἀπάτην,
547 2593 700 2628 σοφώτερος
714 2593 743 2619 δὲ
756 2592 890 2627 διελέγξαι
906 2592 956 2628 τὴν
975 2593 1004 2620 ἐν

221 2640 277 2670 τοῖς
291 2639 379 2673 λόγοις
390 2639 581 2675 κρυπτομένην
595 2639 745 2674 δεινότητα.

1088 2460 1145 2488 Etsi
1167 2461 1275 2496 quidam
1300 2460 1426 2488 industrii
1441 2460 1495 2487 sint
1511 2459 1536 2486 in
1553 2458 1614 2486 aliis
1627 2455 1732 2485 occulte
1744 2453 1840 2481 fallen-

1055 2506 1107 2539 dis,
1133 2513 1211 2535 acres
1226 2507 1306 2534 etiam
1322 2514 1385 2534 cum
1402 2506 1456 2534 sint
1479 2503 1640 2539 deprehensi
1663 2502 1688 2529 in
1712 2508 1741 2528 se
1756 2506 1838 2526 excu-

1054 2551 1156 2584 sandis,
1181 2551 1238 2579 Deo
1252 2551 1351 2579 charus
1371 2550 1414 2578 his
1432 2549 1559 2577 omnibus
1574 2546 1681 2574 exsistit
1699 2543 1834 2578 superior.

1056 2595 1176 2624 Prudens
1191 2597 1298 2632 quidem
1314 2595 1445 2623 fallaciam
1460 2592 1657 2628 cognoscendo,
1675 2588 1836 2623 prudentior

1056 2649 1119 2669 vero
1149 2642 1174 2668 in
1205 2642 1371 2673 rationibus,
1398 2639 1620 2674 captionibusque
1644 2634 1756 2663 occultis
1789 2632 1837 2659 de-

1054 2686 1203 2715 ﬂectendis.

765 2750 881 2777 VARIE
906 2750 1098 2780 LEGTIONES
1119 2752 1162 2780 ET
1177 2752 1293 2780 ΝΟΤᾸΕ..

259 2808 316 2843 (54)
344 2809 374 2834 ΕΙ
401 2813 463 2844 ante
488 2808 607 2843 συμφέρ.
634 2813 734 2844 mutan
764 2808 803 2844 inm
815 2807 852 2842 μὴ
871 2809 950 2837 codd.
971 2808 1000 2836 Vt

1054 2810 1106 2837 650
1126 2815 1152 2838 et
1173 2811 1226 2838 Alt.
1249 2809 1324 2838 Vers.
1344 2809 1360 2836 5
1375 2815 1423 2844 pro
1438 2803 1646 2840 προέσθαι-ΛΗ.
1672 2803 1789 2838 suggerit
1809 2802 1836 2829 in
1870 2822 1873 2824 .

223 2842 343 2878 margine
357 2844 435 2870 aliam
451 2842 590 2870 lectionem
609 2842 769 2878 προσῆσθαι.
789 2842 892 2870 Possm.
