2064 3162
195 170 259 203 1629

412 226 453 252 ΦΑ
458 226 494 252 Ε’.
516 241 548 246 -—
568 227 751 255 ΟΥΑΛΕΝΤΙ.

642 173 908 203 EPISTOLARUM
927 173 999 202 LIB.
1019 173 1054 202 V.
1076 185 1110 192 -
1131 173 1248 202 EPIST.
1271 173 1355 202 DXL.

1746 171 1813 203 1630

1243 227 1337 254 DXXX
1345 228 1373 256 ν.
1396 243 1430 248 --
1446 227 1603 255 VALENTI.

645 286 683 313 De
697 288 844 314 sacerdotio
858 288 983 322 indignis.
1000 285 1082 322 (Vide
1095 286 1171 321 epist.
1188 286 1240 313 556
1253 291 1276 312 et
1291 286 1367 322 557.)

225 339 294 371 Τους
311 342 376 375 παρ’
399 341 478 374 ἀξίαν
492 343 621 377 τυχόντας
647 344 788 380 ἱερατικῆς
818 345 902 381 τιμῆς
918 346 970 372 ὐπ-

190 386 297 412 ακούειν
314 387 419 423 ἀνάγκη
441 389 497 419 τοῖς
517 390 547 415 οὐ
573 389 686 421 δεόντως
706 390 850 422 δεδωκόσι,
866 390 918 418 κᾶν
934 392 975 422 εἰς

190 431 255 457 αὺτῆ
271 431 301 457 τὸ
314 431 391 458 Θεῖον
407 433 441 459 τὰ
463 433 588 468 δρώμενα
606 434 715 469 βλέπει·
731 435 772 461 διὸ
786 436 833 462 καὶ
847 436 974 471 ἀλλήλοις

189 474 239 509 τὴν
260 475 352 502 ἄδικον
372 476 474 511 ταύτην
498 478 632 504 ἀντίδοσιν
657 478 840 513 παρέχοντες,
856 480 972 515 δύναμιν

189 521 219 547 οὐ
245 522 344 557 μικρὰν
359 523 398 553 εἰς
417 523 448 549 τὸ
467 524 537 550 κατὰ
551 524 604 550 τῶν
624 522 654 551 εὖ
674 524 801 559 βιούντων
816 525 974 557 ὁπλίζεσθαι

189 567 454 601 προσλαμῦάνουσιν.
476 568 506 596 El
528 569 557 596 δέ
579 578 621 601 τις
635 571 652 605 ἢ
671 570 798 602 τούτους,
817 570 833 606 ἢ
853 570 974 604 ἐκείνους

190 612 352 643 αἱτιάσοιτο.
377 614 549 648 παρακινῶσι
573 617 629 647 τοῖς
652 616 800 652 δρωμένοις
823 616 871 643 καὶ
895 617 976 652 εῐρω-

189 656 274 689 νείαν,
288 657 302 682 δ
317 657 370 684 τῶν
386 658 532 693 δρωμένων
550 660 747 694 ἀλγεινότερον,
769 660 807 696 τῷ
822 662 974 696 συγχωρεῖν

189 702 341 735 γίγνεσθαι,
352 703 437 729 ταῦτα
449 703 590 738 βούλεσθαι
605 706 635 731 τὸ
641 705 718 732 Θεῖον
731 705 972 741 καταψευδόμενοι.

291 756 374 790 ΦΛΕῘ.
391 772 426 777 -
448 757 617 794 ΑΘΑΝΑΣΙῼ
633 759 865 796 ΠΡΕΣΒΥΤΕΡῼ.

1062 344 1113 379 Qui
1135 345 1247 379 indigne
1271 346 1415 372 sacerdotii
1440 350 1503 373 sunt
1524 346 1626 373 honore
1645 345 1746 379 all‘ecti,
1768 354 1815 373 ne-

1029 398 1106 419 cesse
1130 395 1172 418 est
1198 390 1327 418 obediaut
1350 392 1375 417 ei
1401 391 1446 424 qui
1476 398 1528 419 non
1556 391 1645 419 debite
1668 391 1814 422 ordinavit,

1026 445 1087 465 cum
1102 438 1134 465 ad
1149 437 1268 464 divinum
1283 445 1381 463 ntunen
1402 437 1537 464 ordinatio
1552 441 1656 470 spectet
1671 446 1679 464 :
1697 438 1768 464 unde
1789 443 1815 464 et

1026 486 1118 509 mutuo
1148 482 1274 516 injustam
1306 482 1512 508 retributionem
1543 481 1625 517 714
1645 482 1814 516 przebcntes,

1026 527 1182 555 facultatem
1195 535 1248 555 non
1262 527 1394 554 modicam
1409 527 1458 553 sibi
1473 526 1620 559 vindicant,
1636 535 1687 561 qua
1705 528 1731 554 in
1745 527 1814 554 bene

1026 573 1149 600 viventes
1176 573 1362 599 obarmeutur.
1389 572 1417 599 Si
1438 572 1499 607 quis
1522 579 1586 598 vero
1612 572 1663 598 hos
1691 577 1736 598 aut
1758 573 1816 599 illos

1028 623 1150 651 accuset,
1165 619 1251 646 sacris
1268 619 1348 646 rebus
1365 618 1448 645 risum
1464 617 1592 648 concitet,
1606 617 1676 652 quod
1696 617 1816 644 drterius

1028 667 1070 690 est
1086 663 1175 698 longe,
1197 671 1278 696 quam
1296 662 1365 690 male
1387 663 1487 689 initiari
1501 663 1669 697 permittere,
1686 661 1756 696 quod
1772 666 1814 688 est

1027 707 1110 735 Deum
1124 709 1193 736 velle
1206 708 1309 735 fallere.

1087 761 1230 790 DXXXVI.
1248 777 1283 783 ——
1297 761 1498 790 ATIIANASIO
1516 760 1754 789 PRESBYTERO.

714 815 749 843 De
761 816 859 843 Zutimi
874 818 994 846 amicitia
1009 820 1088 846 noxia
1101 824 1125 847 et
1142 828 1270 854 suspecta.

224 867 308 898 Μίσός
324 875 365 893 σοι
384 867 487 903 ἁνεφύη
509 868 584 904 παρὰ
609 870 676 895 πᾶσι
699 869 742 897 δικ
767 871 816 906 τὴν
831 871 969 903 ἀσέῦειαν,

1060 873 1157 901 Odium
1177 882 1239 909 erga
1268 879 1294 901 te
1311 874 1380 909 apud
1407 878 1502 901 omnes
1519 873 1685 900 recrudescit
1709 873 1743 899 ob
1766 873 1816 898 im-

188 912 237 947 τὴν
253 913 369 948 Ζωσίμῳ
387 913 455 949 φίλῳ
468 913 506 949 τῷ
520 914 559 949 σῷ
574 915 786 951 τετολμημένην.
805 917 836 943 Ol
855 917 904 952 μὲν
918 917 972 953 γὰρ

1025 919 1162 954 pietatem,
1187 927 1267 953 quam
1297 919 1421 946 Zosinms
1446 919 1492 946 tibi
1517 919 1616 946 cltarus
1638 923 1744 953 patrare
1773 922 1815 945 est

188 958 370 994 ἀφειδέστεροι
384 968 461 994 φασι,
478 960 516 995 μὴ
535 961 647 996 ἄμοιρόν
664 969 694 988 σε
708 960 777 989 εἶναι
797 963 846 998 τῆς
867 963 971 999 δραμα-

188 1005 326 1039 τουργίας·
352 1006 376 1031 οἱ
400 1005 427 1031 δὲ
451 1006 659 1042 ὲπιεικέστεροιί
681 1007 793 1044 ἄμοιρον
815 1009 864 1044 μὲν
887 1008 973 1042 εἶναι,

188 1052 334 1087 δινάμενον
352 1053 380 1080 δὲ
401 1053 538 1087 κωλῦσαι,
557 1055 595 1089 μὴ
613 1054 801 1090 βεϐουλῆσθαι·
815 1057 856 1083 διὸ
874 1058 920 1083 καὶ
935 1057 974 1084 δί-

189 1105 264 1129 καιος
280 1097 312 1124 ἂν
323 1098 381 1133 εἴης
395 1099 468 1135 παρὰ
483 1100 592 1126 πάντων
611 1101 669 1132 ταῖς
682 1102 862 1136 κατηγορίαις
877 1102 971 1137 βάλλε-

190 1153 203 1169 s
223 1153 259 1170 αι.
287 1146 318 1171 ΟΞ
344 1144 372 1171 δὲ
396 1145 576 1181 βεῦουλῆσϐαι
600 1146 660 1180 μὲν,
688 1147 725 1182 μὴ
749 1147 908 1183 δεδυνῆσθαι
933 1148 973 1177 δέ,

195 1189 263 1216 Ἀλλ’
282 1190 342 1217 οὐδὲ
359 1188 430 1218 οὗτοι
445 1191 494 1226 τὴν
507 1191 633 1225 ἀφιεῖσαν
649 1193 713 1228 περὶ
728 1192 775 1219 σοῦ
789 1193 901 1228 φέρουσι
918 1193 972 1228 ψῆ-

188 1243 247 1268 φον,
267 1235 334 1262 ἀλλὰ
356 1236 515 1271 φράζουσιν·
542 1238 566 1263 sl
585 1238 633 1264 καὶ
655 1237 692 1273 μὴ
717 1238 899 1274 κεκοινώνηκε
924 1239 972 1266 τοῦ

188 1281 345 1316 εκέμματος
358 1301 366 1313 ,
390 1283 431 1309 ὅτι
451 1282 571 1309 τοιούτου
598 1283 691 1317 ἀνδρὸς
712 1283 786 1317 φίλος
807 1284 971 1319 γεγένηται,

189 1327 348 1361 μεμὸλυται.
364 1327 450 1360 Αὐτὸς
465 1326 511 1355 οὖν
526 1329 629 1360 δίκαιος
642 1328 667 1355 εἶ
678 1329 886 1364 βουλεύσασθαι,
898 1331 972 1362 ὅπως

188 1372 287 1407 ταύτην
300 1373 463 1408 ἀποτρίψαιο
474 1374 523 1409 τὴν
539 1374 656 1408 ἀδοξίαν.

301 1426 383 1453 ΦΛΖ’.
405 1441 438 1446 —
462 1427 650 1454 ΕΥΔΑΙΜΟΝΙ
675 1427 849 1455 ΦΙΛΙΠΠΟΥ.

1025 972 1118 991 ausus.
1145 965 1195 997 Qui
1219 964 1321 998 largius
1347 964 1480 997 referunt,
1506 965 1581 991 aiunt
1605 969 1759 991 consortem
1787 969 1813 992 te

1026 1009 1151 1038 factionis
1167 1017 1229 1038 esse
1242 1019 1249 1037 :
1262 1010 1307 1044 qui
1329 1018 1393 1038 vero
1411 1011 1529 1045 parcius,
1546 1016 1683 1037 exsortem
1704 1010 1812 1044 quidem

1025 1059 1052 1082 te
1074 1062 1147 1086 esse,
1173 1055 1320 1089 prohibere
1341 1061 1430 1082 tamen
1454 1055 1585 1090 potuisse,
1609 1056 1657 1082 sed
1684 1055 1813 1082 noluisse.

1027 1101 1206 1134 Quamobrem
1238 1101 1336 1128 merito
1358 1105 1384 1129 te
1413 1101 1447 1128 ab
1473 1100 1600 1128 omnibus
1629 1101 1812 1127 accusandum

1026 1147 1113 1174 videri
1128 1148 1214 1174 aiunt.
1233 1146 1286 1174 Alii
1302 1147 1384 1174 etiam
1405 1146 1521 1174 voluisse
1534 1146 1642 1181 quidem
1659 1151 1695 1178 te,
1718 1151 1746 1173 at
1760 1153 1815 1174 non

1026 1193 1145 1227 potuisse
1162 1193 1195 1220 ab
1215 1192 1314 1226 injuria
1332 1192 1484 1227 prohibere.
1503 1191 1602 1219 Verum
1619 1199 1706 1225 neque
1722 1191 1748 1218 hi
1766 1191 1813 1219 ab-

1024 1237 1168 1265 solutionis
1185 1238 1218 1266 de
1241 1242 1266 1265 te
1282 1238 1446 1265 sententiam
1463 1236 1563 1269 ferunt,
1580 1237 1626 1264 sed
1649 1237 1735 1268 aiunt,
1760 1237 1812 1264 etsi

1026 1289 1080 1309 non
1106 1283 1358 1314 communicaverit,
1380 1282 1450 1316 quod
1480 1286 1570 1309 tantus
1595 1285 1683 1308 latuen
1707 1282 1812 1308 amicus

1026 1328 1107 1355 fuerit
1130 1328 1224 1363 ipsius,
1249 1328 1449 1355 contaminatus
1473 1332 1530 1360 est;
1553 1327 1614 1362 jure
1639 1327 1815 1355 inducendus

1025 1373 1109 1407 igitur
1123 1381 1163 1408 es,
1182 1379 1211 1401 ut
1227 1374 1298 1401 illam
1316 1374 1490 1408 ignominiam
1507 1373 1609 1401 deleas.

1103 1429 1256 1457 DXXXVIII.
1273 1445 1307 1449 —
1323 1428 1514 1457 EUDIEMONI
1535 1428 1679 1456 PIIILIPPI
1701 1428 1732 1455 F.

495 1494 590 1522 Rerum
603 1495 755 1528 cmleuium,
767 1504 846 1530 quant
859 1497 1023 1523 terrestrium
1036 1505 1101 1524 cura
1121 1497 1220 1530 potior.
1233 1496 1323 1532 (Conf.
1337 1497 1409 1530 epist.
1433 1496 1504 1531 108.)

228 1548 335 1584 Ἐπειδὴ
348 1550 398 1576 οὐκ
411 1550 440 1581 ἐξ
455 1550 512 1576 ἴσου
530 1550 583 1576 τῶν
597 1550 764 1577 διδασκάλων
778 1551 826 1585 τὴν
838 1551 969 1587 ἀκρόασιν

1058 1552 1125 1579 Cum
1138 1560 1190 1579 non
1207 1553 1264 1587 pari
1282 1553 1377 1579 allectu
1395 1553 1515 1579 docentis
1529 1552 1692 1586 accipiamus
1707 1558 1812 1584 vocem,

188 1594 347 1630 ποιούμεθα,
364 1596 432 1621 ἀλλὰ
449 1597 503 1627 τοῖς
523 1596 571 1630 μὲν
591 1597 637 1622 ἐπὶ
657 1596 690 1622 τὰ
710 1597 824 1631 βιωτικὰ
842 1606 969 1632 παρακα-

1025 1598 1070 1625 sed
1087 1598 1120 1625 iis
1136 1605 1195 1633 quae
1213 1599 1245 1624 ad
1271 1598 1410 1625 saecularia
1437 1598 1560 1630 invitant,
1583 1598 1702 1623 animum
1724 1598 1808 1631 appli-

186 1640 261 1667 λοῦσι
273 1643 440 1677 προσέχομεν
456 1642 501 1667 τὸν
517 1642 580 1668 νοῦν
591 1651 597 1658 ”
613 1641 666 1667 τῶν
683 1642 710 1667 δὲ
726 1641 772 1667 ἐπὶ
785 1642 834 1676 τὴν
847 1642 970 1676 οὐράνιον

186 1686 345 1720 φιλοσοφίαν
367 1686 521 1713 καλούντων
539 1687 599 1713 οὐδὲ
619 1687 668 1722 τὴν
692 1687 781 1721 φωνὴν
800 1687 968 1722 ἀνεχόμεθα·

185 1732 228 1759 διὰ.
242 1732 321 1759 τοῦτο
337 1732 371 1759 τὰ
383 1733 433 1767 μὲν
448 1732 527 1768 ἔργα,
540 1734 574 1759 τὰ
585 1733 614 1759 δὲ
629 1733 768 1768 ἡγούμεθα
780 1733 916 1768 πάρεργα.

318 1824 403 1851 ΦΛῐΡ.
424 1839 459 1844 —~
479 1825 582 1851 ΗΡΩΝΙ
603 1825 834 1861 ΠΡΕΣΒΥΤΕΡῼ,

1024 1650 1137 1676 ceruus;
1155 1649 1182 1670 at
1207 1644 1252 1678 qui
1273 1644 1305 1670 ad
1329 1644 1464 1671 cceleslein
1488 1649 1584 1670 vocanl
1602 1643 1810 1677 philosophiam,

1025 1696 1117 1715 eorum
1131 1696 1164 1715 ne
1177 1696 1268 1715 vocem
1282 1689 1388 1723 quidem
1399 1689 1491 1715 audire
1507 1689 1670 1715 sustinemus
1687 1697 1693 1714 :
1712 1688 1812 1714 idcirco

1026 1733 1069 1760 'tIla
1093 1735 1201 1768 quidem
1226 1735 1313 1767 utilia,
1337 1735 1393 1760 lucc
1413 1742 1475 1760 rem
1494 1734 1610 1767 inutilia,
1625 1738 1652 1760 ct
1676 1734 1709 1760 ab
1729 1740 1811 1768 opere

1024 1779 1150 1806 ducimus
1171 1779 1268 1807 aliena.

1099 1822 1264 1850 DXXXVIII.
1277 1837 1312 1842 ——
1328 1821 1455 1849 IIERONI
1476 1821 1713 1849 PRESBYTERO.

675 1881 845 1908 Loconismus
859 1881 996 1908 laudatur.
1011 1878 1129 1913 (Confer.
1146 1879 1223 1912 epist.
1242 1879 1316 1911 12L)

222 1935 282 1970 Χρὴ
301 1935 350 1961 κᾶν
366 1934 404 1969 τῷ
418 1935 517 1968 λέγειν,
535 1934 586 1961 κάν
602 1933 639 1969 τῷ
657 1934 773 1969 γράφειν
784 1933 866 1968 τιμᾷν
879 1933 908 1958 τὸ
923 1932 970 1967 μὲ-

187 1988 272 2016 τριον·
284 1981 331 2006 καὶ
348 1981 386 2015 μὴ
398 1980 450 2012 ἕξω
468 1981 522 2006 τῶν
539 1979 641 2015 καιρῶν
658 1978 798 2014 φέρεσθαι,
813 1979 836 2004 εὶ
855 1978 891 2013 μή
908 1985 939 2011 γε
953 1978 970 2013 ὴ

187 2024 242 2051 τῶν
266 2023 408 2060 ἀκροατῶν
438 2024 571 2059 βραδυτὴς
594 2023 774 2058 ἀναγκάσειεν
798 2024 900 2051 ἄκοντα
925 2022 970 2049 τὸν

189 2071 311 2105 λέγοντα,
326 2071 371 2096 καὶ
386 2070 431 2096 ἐπὶ
444 2070 474 2096 τὸ
493 2071 679 2106 μακρηγορεῖν
695 2069 859 2101 ἐκϐιάζοιτο.

213 2125 295 2152 ΦΛΘ¹.
311 2140 344 2146 -
359 2125 493 2160 ΖΩΣΙΜῼ,
511 2125 643 2151 ΜΛΡΩΝΙ
661 2125 719 2152 ΚΑΙ
744 2124 950 2151 ΧΑΙΡΗΜΟΝΙ.

1059 1931 1126 1959 Cum
1151 1932 1176 1958 in
1204 1932 1327 1965 dicendo,
1352 1937 1405 1959 tum
1432 1933 1457 1959 in
1482 1932 1626 1960 scribendo
1653 1932 1746 1959 modus
1769 1936 1812 1963 es:

1024 1977 1202 2009 adhibendus,
1232 1978 1351 2013 nihilque
1373 1978 1549 2005 immoderate
1574 1978 1726 2008 dicendum.
1757 1978 1808 2004 nisi

1024 2022 1093 2050 forte
1120 2022 1271 2050 auditorum
1298 2024 1402 2050 tardum
1430 2024 1576 2058 ingenium.
1598 2023 1677 2049 etiam
1693 2023 1804 2049 inritum

1022 2069 1112 2096 dicere
1124 2068 1322 2104 explanarequc
1333 2073 1411 2103 cogat
1422 2069 1568 2104 copiosius.

1024 2122 1167 2150 DXXXIX.
1196 2137 1231 2143 —
1263 2121 1406 2153 ZOSIMO.
1448 2121 1600 2156 MARONI,

1354 2156 1496 2184 ιιΕΜΟΝΙ.

1638 2122 1680 2149 ET
1715 2121 1816 2149 Cll1E-.

679 2207 861 2234 l’eccaton‘bua
876 2214 933 2234 vere
953 2204 1138 2241 pwnitenlibns
1151 2205 1261 2239 ignoscit
1281 2204 1363 2231 Deus.

224 2263 255 2288 Εἰ
269 2262 315 2288 καὶ
332 2261 447 2295 μέγιστα
460 2262 507 2288 καὶ
521 2261 683 2296 συγγνώμης
701 2260 811 2296 μείζονα
825 2261 969 2296 ἐπλημμε-

1057 2259 1177 2287 Tametsi
1195 2264 1223 2286 et
1242 2259 1346 2294 gravia,
1365 2264 1392 2286 et
1407 2259 1485 2286 venia
1508 2259 1617 2294 indigna
1644 2259 1812 2286 commiseri-

188 2309 301 2343 λήσατε,
313 2308 380 2334 ἀλλὰ
399 2316 430 2342 γε
449 2307 613 2342 συγγνώμης
633 2306 718 2333 ταῦτα
739 2307 849 2340 ἀξιώσει
868 2308 882 2334 ὁ
903 2307 972 2343 Κρι-

187 2355 248 2390 τὴς,
261 2354 317 2389 εἴγε
336 2355 478 2389 εἰλικρινεῖ
493 2353 621 2389 μετανοίᾳ
638 2353 831 2389 θεραπευθείη.

328 2408 395 2437 ΦΜ¹.
415 2423 450 2429 -
463 2409 580 2435 IEPAKI
599 2408 822 2443 ΠΡΕΣΒΥΤΕΡῼ

1026 2308 1070 2340 tis,
1087 2307 1170 2342 judex
1194 2312 1284 2335 tamen
1312 2307 1382 2335 Deus
1406 2307 1540 2343 ignoscet,
1559 2307 1582 2335 si
1603 2307 1683 2335 modo
1705 2308 1810 2335 sincera

1026 2354 1174 2381 accesserit
1188 2353 1358 2388 poenitentia.

1142 2406 1224 2434 DXL.
1241 2421 1277 2428 —
1291 2406 1432 2435 IIIERACI
1451 2407 1690 2435 PRESBYTEBO.

698 2464 735 2491 De
746 2463 903 2491 meticulosis
918 2468 940 2490 et
956 2463 1046 2498 inﬁdis
1061 2462 1291 2491 commilitonibus.

223 2534 256 2560 οι
269 2533 322 2569 πρδ
336 2533 389 2559 τῶν
403 2531 533 2559 κινδύνων
552 2530 592 2565 τῷ
612 2530 687 2565 φὸὕῳ
707 2530 908 2566 δεδουλωμένοι,
924 2530 971 2557 καὶ

191 2579 228 2614 μὴ
252 2579 372 2613 ἐνεγκεῖν
393 2578 442 2614 τὴν
463 2576 626 2613 προσδοκίαν
644 2575 802 2610 δυνηθέντες
814 2596 821 2608 ,
840 2575 893 2611 πρὸ
915 2575 971 2602 τῶν

189 2625 357 2661 πραγμάτων
373 2624 420 2651 τοῦ
437 2623 532 2659 καιροῦ
548 2623 596 2658 τὴν
618 2622 768 2658 μεταϐολὴν
787 2621 972 2657 θεραπεύσαν-

188 2679 244 2702 τες,
258 2670 316 2702 πῶς
330 2671 379 2697 οὐκ
392 2669 502 2705 ἔμελλον
513 2670 604 2699 αὐτοῖς
616 2669 671 2700 τοῖς
683 2668 778 2699 δεινοῖς
789 2667 971 2703 ὲμὸεσηκότες

190 2716 314 2752 ἄνανδροι
335 2715 519 2751 ὀρθήσεσθαη
536 2714 639 2742 Οὐκοῦν
653 2715 677 2740 εἰ
700 2713 834 2749 παρόντες
854 2713 929 2740 οὐδὲν
943 2713 976 2740 ἂν

190 2759 299 2794 ὤνησαν
309 2760 372 2790 τοὺς
382 2758 596 2792 συναγωνιστὰς,
608 2757 724 2790 ἀπόντες
734 2757 768 2784 τὰ
781 2757 895 2792 μέγιστα
906 2756 975 2791 ὠφέ-

191 2806 288 2839 λησαν,
308 2804 354 2832 καὶ
371 2804 422 2838 τὴν
440 2803 529 2839 λύπην
542 2803 591 2839 τὴν
609 2805 641 2830 ὲκ
656 2804 704 2839 τῆς
720 2802 863 2838 προδοσίας
885 2802 973 2838 ὴμαὺο

193 2858 293 2887 ρωσαν.

1059 2528 1110 2563 Qui
1134 2529 1160 2556 in
1178 2528 1305 2564 periculis
1326 2527 1501 2561 adversisque
1521 2527 1602 2553 rebus
1626 2529 1698 2552 metu
1722 2523 1804 2558 capti,

1024 2575 1113 2604 timori
1142 2575 1324 2607 subserviont,
1353 2581 1441 2609 neque
1465 2572 1527 2600 mali
1548 2571 1729 2606 impendentis
1754 2576 1808 2596 me-

1024 2627 1080 2649 tum
1098 2621 1169 2648 I‘erre
1185 2625 1308 2656 possunt,
1328 2622 1396 2648 'ante
1417 2623 1522 2653 tempus
1543 2625 1630 2645 rerum
1657 2620 1808 2644 commuta-

1025 2667 1123 2695 tionem
1141 2670 1309 2700 exoptantes,
1326 2667 1352 2694 hi
1368 2666 1390 2694 si
1406 2666 1432 2692 in
1450 2664 1543 2700 gravia
1565 2662 1632 2690 iuala
1652 2662 1806 2696 inciderint,

1026 2712 1119 2747 quidni
1140 2711 1285 2740 eﬂ‘eminati
1314 2712 1463 2745 mollesque
1487 2708 1658 2737 habeantur?
1678 2706 1763 2741 Igitur
1784 2708 1807 2735 si

1027 2763 1174 2794 praesentes
1191 2758 1292 2785 nullum
1307 2758 1437 2784 auxilium
1451 2755 1571 2783 tulerunt
1584 2753 1812 2797 allaborantibus,

1027 2803 1154 2831 absentes
1176 2804 1292 2831 maxime
1307 2802 1475 2838 profuerunt,
1492 2804 1520 2828 et
1536 2799 1655 2827 dolorem
1675 2798 1808 2837 proditio-

1028 2851 1069 2881 nis
1084 2851 1258 2885 dissiparuut,
