2064 3162
289 194 356 227 1631
885 194 914 222 s.
937 194 1029 221 ISID(

322 250 403 286 715
416 251 506 278 om.
529 267 564 272 _
578 247 774 278 ATHANASIO
794 245 1029 274 rnasnvrsno.

885 193 914 222 S.
937 191 1082 221 ISIDORI
1100 191 1320 221 PELUSIOTAE

1839 191 1908 224 1632

1218 246 1308 273 ΦΜΝ.
1324 260 1358 266 -
1377 244 1547 281 ΑΘΑΝΑΣΙῼ
1561 244 1795 280 ΠΡΕΣΒΥΤΕΡῼ.

958 304 1142 338 Philosophart'
1159 303 1232 338 quid.

321 361 462 397 Siquidem
485 370 540 389 non
564 362 650 390 videri
672 360 865 396 philosophari,
881 364 911 386 ut
930 360 982 390 ais,
997 359 1068 394 opti-

285 417 358 436 mam
371 417 431 437 esse
445 409 588 437 arbitraris
608 407 817 444 philosophandi
838 407 982 440 rationem,
999 407 1069 433 bene

286 454 379 481 habet.
407 454 435 481 Si
457 462 520 482 vero
542 454 703 489 principium
726 453 848 489 ignaviae.
869 456 895 479 et
918 456 1068 479 commuta-

290 500 391 527 tionem
409 500 538 528 institutae
552 501 615 528 vitae
630 500 790 535 imaginatus
808 498 873 526 illud
890 497 1010 531 speciose
1026 496 1069 530 ja-

286 545 376 578 ctasti,
389 546 504 579 pessima
519 553 549 573 es
561 553 625 573 usus
636 545 780 573 sententia.
795 544 878 571 Recte
892 543 963 570 enim
978 542 1068 569 vivere

287 589 373 622 decet,
393 596 444 616 non
469 590 502 616 ad
519 589 729 617 ostentationem
754 592 782 615 et
804 594 942 622 pompam.
963 586 990 613 Si
1006 586 1068 621 quis

287 633 370 668 igitur
395 634 508 668 ignaviae
529 635 667 661 convictus
688 634 739 661 hoc
762 633 832 660 idem
853 633 944 660 dicere
969 633 1066 659 erube-

287 685 365 705 scens
384 679 499 712 primum
521 679 582 706 inde
600 679 723 713 coeperit,
739 686 773 705 ne
790 678 974 712 phil050phari
991 678 1067 704 vide-

286 727 374 754 retur,
403 727 495 757 postea
517 723 627 750 desierit
651 722 677 750 in
695 730 740 755 eo,
762 727 791 749 ut
810 722 919 750 omnino
940 729 993 750 non
1011 723 1068 757 phi-

287 767 486 801 losopharetur,
506 768 644 795 meliorem
661 768 683 795 is
696 768 845 796 ostenderit
859 776 931 800 eum,
948 768 993 802 qui
1009 775 1068 794 ma-

288 813 416 840 nifestare
437 814 549 846 studuit,
566 822 596 842 se
617 814 825 848 philosophandi
849 814 967 841 studium
987 818 1068 842 antea

286 861 358 883 secta
364 863 418 884 ιυιη
424 877 430 884 .

398 911 498 939 DXL".
513 927 548 932 ο-
563 912 698 940 DANIELl
717 912 954 941 PRESBYTERO.

1157 359 1189 385 Εἰ
1205 358 1300 393 μὲντὸ
1328 358 1364 393 μὴ
1384 359 1472 384 δοκεῖν
1487 358 1650 392 φιλοσοφεῖν,
1665 358 1704 389 ὡς
1717 357 1782 393 φὴς,
1799 357 1907 391 φιλοσο-

1122 404 1185 438 φίαν
1201 403 1316 439 ἀρίστην
1328 402 1396 430 εῐναι
1419 404 1572 438 νενόμικας,
1584 401 1613 429 εὗ
1628 402 1660 430 ἂν
1674 403 1731 438 ἔχοι
1741 411 1748 417 ·
1766 404 1791 429 εἰ
1816 402 1845 428 δὲ
1858 402 1908 437 ἁρ-

1123 450 1172 485 χὴν
1191 450 1341 485 ῥᾳθυμίας,
1357 450 1404 477 καὶ
1420 449 1570 485 μεταϐολὴν
1585 445 1721 480 πολιτείας
1733 448 1908 483 φανταοθεὶς,

1122 495 1200 522 τοῦτο
1219 495 1446 530 κατεκομψεύσω,
1464 495 1582 531 κακίστῃ
1597 495 1694 530 γνώμῃ
1709 496 1830 530 ἐχρήσω.
1846 495 1906 529 Χρὴ

1122 540 1171 576 μὲν
1185 540 1239 576 γὰρ
1254 540 1343 576 ὀρθῶς
1353 560 1360 572 ,
1379 541 1428 567 καὶ
1446 541 1483 575 μὴ
1499 541 1568 576 πρὸς
1588 540 1717 572 ἐπίδειξιν
1729 539 1815 575 βιοῦν.
1832 540 1864 566 Εἰ
1878 539 1907 565 δέ

1120 596 1163 619 τις
1175 587 1257 618 ἁλοὺς
1273 586 1404 622 ῥαθυμίᾳ,
1419 586 1486 613 αὐτὸ
1497 586 1577 613 τοῦτο
1589 586 1723 621 ἐρυθριῶν
1737 587 1837 617 εἰπεῖν,
1852 585 1905 612 ἀπὸ

1119 630 1166 657 τοῦ
1184 631 1221 666 μὴ
1233 630 1306 663 δόξαι
1321 631 1476 665 φιλοσοφεῖν
1491 630 1653 666 ἀρξάμενος,
1677 631 1718 662 εἰς
1734 630 1765 657 τὺ
1786 630 1908 665 μηόόλως

1119 676 1272 711 φιλοσοφεῖν
1279 676 1476 712 τελευτήσειεν,
1488 677 1617 712 ἀμείνονα
1628 676 1773 709 ἐπιδείξειε
1783 676 1829 703 τὸν
1841 676 1906 702 αὐτὸ

1118 721 1196 748 τοῦτο
1213 721 1402 748 σπουδάσαντα
1428 721 1571 754 ἐπιδεῖξαι,
1589 721 1629 747 ὃτι
1658 721 1815 756 φιλοσοφεῖν
1841 729 1907 754 προ-

1119 767 1230 803 ῄρηται.

1223 948 1227 951 Δ
1240 915 1329 942 ΦΜΒν.
1345 929 1380 935 -—
1390 914 1520 942 ΔΔΝΙΗΛ
1537 914 1774 948 ΠΡΕΣΒΥΤΕΡῼ.

679 959 772 986 Gratia
788 969 840 988 non
858 960 1058 994 corrumpenda,
1077 961 1122 988 mi
1135 962 1270 997 referenda
1286 966 1398 995 tempore
1410 962 1508 988 alieno.

319 1007 439 1036 Gratiam
465 1011 639 1044 repeudcndo
662 1016 784 1039 mutuum
804 1012 831 1039 in
858 1012 939 1040 rebus
959 1011 1067 1046 iniustis

284 1052 374 1081 vitiari
396 1054 507 1082 minime
530 1057 667 1083 convenit.
693 1056 744 1090 Qui
774 1057 846 1084 enim
865 1057 938 1092 juste
957 1057 1065 1092 quidem

284 1098 402 1131 adjutus,
416 1099 442 1125 in
458 1099 566 1132 iniustis
582 1109 646 1128 vero
662 1101 742 1129 rebus
761 1102 900 1129 auxilianti
921 1103 1065 1136 succurrit,

285 1141 387 1176 injuste
398 1143 498 1178 justam
516 1147 664 1181 corrumpit
678 1147 805 1182 gratiam.
819 1147 936 1182 Mihique
949 1148 1065 1180 videtur,

284 1189 328 1221 qui
353 1196 406 1215 non
430 1189 466 1216 ita
488 1191 629 1225 rependit,
658 1192 803 1220 benevolus
829 1201 899 1221 esse.
921 1193 973 1226 Qui
995 1195 1067 1221 enim

280 1234 383 1267 justum
402 1235 516 1271 adeptus
535 1238 663 1265 auxilium
686 1244 740 1269 est,
757 1239 830 1272 justo
843 1247 892 1274 par
910 1240 1011 1268 referre
1025 1242 1068 1268 de-

283 1276 338 1311 bet,
358 1283 387 1306 ut
401 1281 494 1314 gratia:
510 1288 564 1309 suae
587 1287 708 1311 servetur
728 1284 882 1318 appellatio.
899 1285 951 1312 Sed
972 1292 1061 1320 neque

283 1322 321 1350 illi
336 1324 381 1358 qui
398 1325 424 1352 in
446 1325 528 1354 licitis
543 1327 727 1362 benefaciunt,
750 1330 776 1356 in
801 1330 903 1358 illicitis
925 1337 998 1359 recte
1019 1339 1062 1360 re-

283 1371 495 1399 munerationem
510 1377 614 1407 petunt,
627 1381 714 1408 neque
723 1380 751 1402 ut
762 1375 859 1410 ingrati
870 1377 1068 1411 reprehenden-

282 1413 319 1446 di,
337 1415 383 1450 qui
395 1415 487 1444 illicita
503 1425 556 1445 non
570 1419 730 1454 rependunt.

369 1513 484 1544 DXLIII.
518 1532 542 1537 —
557 1517 671 1546 PETRO
691 1520 793 1548 REMP.
814 1521 976 1550 GERENTI.

1155 1015 1192 1041 Οὺ
1210 1014 1263 1050 χρὴ
1288 1014 1466 1050 λυμαίνεσθαι
1481 1015 1530 1046 τὰς
1554 1014 1668 1049 χάριτας
1692 1013 1731 1048 τῷ
1747 1014 1776 1039 ἐν
1802 1013 1906 1044 ἀδίκοις

1120 1061 1279 1096 πράγμασιν
1302 1059 1505 1087 ἀνταποδιδόναι
1528 1060 1578 1090 τὰς
1602 1059 1728 1094 ἀμοιϐάς.
1752 1059 1782 1084 '0
1797 1058 1853 1092 γὰρ
1868 1058 1905 1084 δι-

1121 1106 1207 1138 καίως
1223 1107 1273 1141 μὲν
1293 1106 1446 1142 βοηθηθεὶς,
1471 1107 1500 1132 ἐν
1524 1106 1626 1137 ἀδίκοις
1649 1105 1678 1132 δὲ
1704 1104 1851 1140 πράγμασι
1869 1104 1907 1139 τῷ

1122 1153 1285 1189 βοηθήσαντι
1313 1152 1471 1187 ὲπαμύνων,
1497 1152 1526 1178 οὐ
1547 1151 1660 1182 δικαίως
1688 1151 1796 1177 δικαίαν
1827 1150 1906 1185 χάριν

1119 1197 1280 1233 διαφθείρει.
1298 1197 1352 1224 Καί
1370 1205 1414 1231 μοι
1439 1197 1512 1223 δοκεῖ
1532 1198 1545 1223 ὁ
1563 1196 1601 1231 μὴ
1618 1195 1689 1222 οὕτω
1718 1195 1906 1229 ἁμειιξάμενος

1120 1243 1269 1279 εὐγνώμων
1285 1241 1364 1270 εἶναι.
1385 1243 1414 1269 ’0
1430 1243 1483 1278 γὰρ
1497 1242 1605 1273 δικαίας
1631 1241 1791 1275 ἐπικουρίας
1806 1239 1905 1275 τυχὼν,

1119 1288 1229 1320 δικαίως
1241 1289 1287 1315 καὶ
1301 1288 1350 1323 τὴν
1365 1287 1481 1322 ἀμοιϐὴν
1494 1287 1640 1314 ἀποδοῦναι
1653 1287 1765 1320 ὀφείλει,
1789 1286 1834 1312 ἵνα
1850 1294 1902 1312 σω-

1120 1333 1179 1369 θείη
1199 1333 1249 1369 τῆς
1271 1334 1382 1369 χάριτος
1401 1335 1417 1369 ἡ
1436 1333 1616 1369 προσηγορία.
1643 1333 1725 1359 Ἀλλὰ
1746 1332 1814 1367 μηδὲ
1833 1333 1857 1358 οί
1875 1333 1903 1357 ἐν

1120 1377 1160 1411 οἷς
1177 1379 1255 1414 Θέμις
1281 1380 1523 1415 εὐεργετήσαντες,
1538 1380 1566 1406 ὲν
1580 1377 1620 1411 οἷς
1635 1379 1673 1414 μὴ
1688 1379 1768 1414 θέμις
1781 1378 1905 1404 ἀπαιτεί-

1119 1434 1209 1452 τωσαν
1231 1425 1281 1457 τὰς
1301 1425 1430 1460 ἀμοιϐὰς,
1449 1425 1517 1460 μηδὲ
1545 1425 1710 1460 ἀχαρίστους
1739 1424 1905 1451 καλείτωσσν

1119 1471 1183 1502 τοὺς
1193 1471 1222 1498 ὲν
1232 1468 1272 1502 οἷς
1291 1471 1327 1506 μὴ
1343 1471 1431 1504 ἔξεστι
1449 1471 1487 1506 μὴ
1502 1470 1718 1506 ἀμειψαμένους.

1232 1525 1320 1553 ΦΜΓ’.
1332 1541 1366 1545 -
1381 1525 1495 1561 ΠΕΤΡῼ
1507 1525 1788 1560 ΠΟΛΙΤΕΥΟΜΕΝῼ.

280 1570 302 1597 Α
316 1570 444 1605 legatione
458 1573 525 1607 falso
538 1575 607 1602 obila
625 1577 751 1604 abstinere
763 1579 848 1612 jubet,
864 1579 940 1612 cujus
955 1578 1078 1606 /Escltim

1136 1583 1243 1605 accusat
1272 1578 1454 1606 Demosthenes
1475 1585 1543 1607 orat.
1557 1581 1628 1614 Περὶ
1652 1579 1903 1615 παραπρεσϐείας,

316 1623 412 1651 Missus
435 1632 464 1652 es
484 1627 517 1653 ad
539 1628 746 1663 expediendum,
770 1638 823 1658 non
841 1631 876 1658 ad
896 1632 1065 1659 vendendum
1081 1629 1102 1658 Ω

281 1668 425 1695 commissa
438 1671 555 1705 negotia,
569 1671 731 1706 legationem
746 1675 869 1703 obiturus
879 1684 932 1704 non
948 1676 1041 1704 falsam
1054 1687 1060 1704 :

280 1717 307 1739 et
333 1714 538 1749 emendaturus,
568 1726 622 1746 non
649 1727 803 1748 eversurus.
827 1721 867 1749 Ne
890 1722 970 1758 igitur
988 1723 1062 1750 falsa:

280 1759 360 1786 obitm
381 1760 524 1796 legationis
544 1766 679 1793 accuseris
700 1767 759 1794 veni
781 1768 872 1795 statim
891 1773 916 1796 te
936 1769 1062 1798 defensu-

281 1811 342 1837 rus,
357 1810 384 1832 et
398 1806 572 1840 ignominiam
589 1810 738 1839 doleturus.

377 1861 490 1890 DXLIV.
505 1877 540 1883 —
554 1862 703 1892 OPIIELIO
722 1866 960 1895 GRAMMATICO.

1161 1631 1320 1667 Ἐπὲμφοης
1339 1633 1446 1659 ἀνύσων
1462 1633 1491 1659 οὺ
1509 1633 1685 1669 προξενήσων
1708 1635 1764 1664 τοῖς
1781 1634 1904 1668 πέμψασι

1116 1678 1276 1713 πράγματα·
1293 1678 1482 1714 πρεσϐεύσων,
1497 1679 1527 1705 οὺ
1551 1679 1818 1714 ἰταρςλιπρεσὸεύιῑων⁹
1838 1688 1903 1706 κατ-

1115 1724 1253 1758 ορθώσων,
1274 1724 1304 1750 οὐ
1324 1724 1528 1760 καταστρέψών.
1548 1725 1605 1760 (57)
1621 1725 1678 1751 Ἰνα
1692 1723 1738 1751 οὖν
1756 1725 1792 1760 μὴ
1819 1733 1904 1760 παρα-

1117 1769 1264 1805 πρεσϐείας
1293 1770 1443 1804 ὑποσταίης
1475 1771 1594 1807 γραφὴν,
1617 1769 1669 1806 ἧκε
1693 1772 1742 1806 τὴν
1772 1772 1901 1806 ταχίστην

1115 1815 1349 1849 ἀπολογησόμενος
1363 1835 1370 1847 ,
1387 1815 1434 1842 καὶ
1451 1816 1499 1851 τὴν
1518 1816 1627 1848 ἀδοξίαν
1641 1817 1858 1852 ἀποτριψὸμενος

1242 1869 1328 1896 ψΜΔκ
1346 1884 1382 1889 —-
1397 1869 1520 1904 ΩΦΕΛΙῼ
1535 1870 1777 1905 ΓΡΑΜΜΑΤΙΚῼ.

785 1913 850 1945 Qua:
863 1914 942 1940 virtus
963 1913 1099 1941 Historia.
1113 1912 1224 1949 (Similis
1239 1914 1313 1947 epist.
1331 1913 1404 1949 450.)

315 1959 439 1992 Maxima,
452 1969 468 1988 ο
484 1963 579 1997 amice,
590 1965 709 1993 historia:
724 1971 750 1994 et
762 1967 996 2003 contemplationis
1008 1969 1060 1995 vir-

280 2009 323 2030 tus
336 2009 376 2032 est
395 2006 536 2035 articulata
553 2017 642 2038 causa:
655 2012 735 2044 ratio,
756 2013 883 2048 quodque
902 2019 1059 2048 argumenta

279 2049 466 2083 ignorantibus
489 2054 624 2088 explanat.
648 2056 705 2088 Qua
728 2058 829 2087 virtute
850 2059 873 2086 si
894 2063 996 2092 careat,
1013 2060 1060 2087 de-

279 2097 475 2125 monstratione
490 2100 572 2126 etiam
586 2101 699 2129 carebit.

516 2156 618 2185 DXLV.
633 2172 667 2178 ——-
681 2157 825 2188 MARONI.

1148 1968 1283 2003 Μεγίστη,
1298 1965 1320 1994 ὧ
1334 1967 1418 2001 φίλος,
1433 1969 1552 2004 ἱστορίας
1575 1969 1622 1995 καὶ
1640 1969 1758 2004 Θεωρίας
1777 1970 1861 2005 ἀρετή
1876 1979 1902 1996 τε

1114 2014 1163 2040 καὶ
1179 2013 1342 2048 διάρθρωσις
1356 2015 1514 2048 αἰτιολογία,
1533 2016 1578 2041 καὶ
1589 2015 1618 2041 τὸ
1633 2015 1681 2046 τὰς
1694 2015 1838 2047 ὑποθέσεις
1849 2018 1903 2047 τοῖς

1114 2058 1255 2092 ἀγνοοῦσιν
1271 2060 1454 2094 ἀπογυμνοῦν.
1476 2061 1506 2086 Ei
1527 2061 1554 2086 δὲ
1578 2061 1680 2096 ταύτης
1693 2061 1837 2097 χηρεύσειε
1856 2063 1904 2097 τῆς

1114 2105 1212 2139 ἀρετῆς
1223 2125 1230 2137 ,
1247 2106 1294 2131 καὶ
1312 2107 1361 2140 τῆς
1380 2107 1541 2139 ἀποδείξεως
1557 2107 1660 2143 ἕρημος
1675 2109 1728 2143 εἴη,

1359 2161 1448 2188 ΦΜΕ.
1464 2177 1498 2182 -
1517 2163 1660 2190 ΜᾹΡΩΝΙ.

277 2198 383 2227 Diviliw
395 2209 445 2228 non
460 2202 568 2230 satiant.
585 2203 672 2239 (Conf.
689 2206 765 2238 epist.
786 2205 849 2238 488,
863 2205 915 2232 496
926 2210 949 2232 ιι
959 2205 1023 2266 ὅὲῗ,
1034 2209 1058 2232 ει
1074 2205 1078 2231 ἶ

1012 2248 1076 2266 rom.

1117 2213 1168 2266 ebog.
1189 2213 1255 2232 vrrs.
1276 2205 1326 2232 153
1339 2214 1345 2237 ;
1360 2206 1449 2232 Soiuu.
1464 2215 1528 2233 vers.
1545 2207 1597 2239 99;
1619 2213 1641 2234 et
1667 2207 1750 2235 Clem.
1770 2210 1898 2235 Alex/md.

1132 2261 1138 2266 .
1158 2248 1193 2265 γι.

1001 2246 1076 2266 ιγοηι.
1094 2246 1138 2266 ιιυ.
1158 2248 1193 2265 \‘l.

312 2301 390 2328 Disce
406 2310 460 2330 non
475 2310 489 2329 a
501 2310 554 2336 me,
576 2305 625 2333 sed
645 2306 678 2333 ab
701 2307 758 2341 ipsa
783 2307 822 2334 rei
839 2311 945 2341 natura,
961 2308 984 2336 si
1000 2308 1060 2335 inli-
1077 2290 1098 2316 Β

277 2347 347 2373 nitas
361 2348 510 2381 quaerendae
524 2350 644 2383 pecuniae
656 2351 713 2379 vias
725 2352 898 2388 excogitaris,
908 2355 1059 2382 satietatem

277 2392 388 2420 minitne
411 2394 540 2428 reperies.
566 2394 624 2422 Non
645 2396 716 2423 enim
738 2398 850 2426 satietas
877 2406 938 2426 cum
957 2399 1059 2426 divitiis

277 2437 412 2464 convenit.
430 2437 496 2465 Cum
522 2439 680 2467 suﬂicientia
703 2449 767 2469 vero
789 2450 935 2479 rerumque
958 2452 1059 2479 pauca-

278 2490 337 2509 rum
360 2483 507 2517 indigentia
525 2483 603 2511 facile
627 2486 798 2519 conciliatur,
820 2490 944 2517 convertit
979 2494 1059 2523 atque

277 2526 425 2554 cohabitat.
442 2528 541 2556 Desine
556 2529 646 2564 itaque
660 2538 719 2564 quae
732 2533 922 2567 comprehendi
945 2541 976 2561 ac
996 2542 1059 2569 pos-

277 2572 360 2598 sideri
370 2577 505 2607 nequeant
519 2576 679 2603 consectari.
701 2577 783 2613 716
793 2578 978 2607 Consectando
988 2581 1060 2608 enitn

278 2624 330 2644 non
355 2619 579 2652 comprehendas.
601 2621 628 2649 Si
651 2629 712 2650 vero
734 2631 788 2651 non
813 2626 989 2658 consecteris,
1007 2634 1058 2654 non

278 2667 370 2697 rogata
390 2663 461 2692 ultro
477 2666 595 2700 advenit,
624 2676 675 2696 non
699 2670 848 2704 requietem
871 2673 949 2699 modo
963 2672 1009 2699 sed
1032 2678 1059 2699 et

279 2707 399 2736 lzetitiam
419 2711 536 2746 pariens.

1148 2308 1192 2342 Μὴ
1209 2308 1272 2342 παρ’
1288 2307 1366 2343 ἐμοῦ,
1389 2307 1454 2334 ἀλλὰ
1476 2309 1540 2343 παρ’
1557 2308 1641 2343 αὐτῆς
1656 2308 1706 2343 τῆς
1729 2308 1839 2343 φύσεως
1857 2309 1903 2335 τοῦ

1111 2354 1272 2389 πράγματος
1293 2354 1430 2388 μάνθανε,
1457 2355 1499 2380 ὅτι
1525 2354 1577 2381 xlv
1614 2355 1728 2390 μυρίους
1752 2356 1903 2391 χρημάτων

1111 2401 1211 2436 πόρους
1234 2402 1401 2437 ἐπιιιοήσῃς,
1423 2401 1502 2435 κόρον
1526 2401 1575 2436 οὐχ
1596 2402 1745 2437 εὑρήσεις·

1110 2446 1163 2481 γὰρ
1178 2447 1271 2482 πόροις
1285 2448 1298 2473 ὸ
1318 2447 1397 2482 κόρος
1408 2447 1615 2479 ἁκατόιλλακτός
1630 2448 1690 2474 ἐστι
1703 2469 1709 2480 ,
1733 2449 1765 2482 τῇ
1783 2448 1812 2474 δὲ
1835 2449 1902 2475 αὐτ-

1110 2492 1207 2527 αρκείᾳ
1236 2493 1282 2518 καὶ
1310 2492 1458 2528 ὀλιγοδεία,
1491 2493 1538 2519 καὶ
1559 2493 1723 2525 σπένδεται,
1743 2494 1790 2520 καὶ
1810 2501 1903 2528 συγχο-

1114 2537 1205 2572 ρεύει,
1225 2538 1272 2564 καὶ
1290 2539 1418 2564 συνοικεῖ.
1436 2538 1565 2565 Πέπαυσο
1584 2539 1675 2565 τοίνυν
1702 2539 1823 2574 ἀκίχητα
1843 2539 1902 2565 διώ-

1112 2592 1175 2610 κων.
1189 2584 1357 2618 Διωκόμενος
1370 2585 1423 2620 γὰρ
1438 2585 1467 2610 οὐ
1486 2585 1731 2620 καταλαμϐάνεται
1741 2607 1748 2619 ,
1765 2586 1803 2622 μὴ
1813 2586 1902 2612 διωκό-

1112 2637 1190 2663 μενος
1205 2629 1233 2656 δὲ
1245 2630 1463 2664 αὐτεπάγγελτος
1480 2632 1617 2666 ἐπιφοιτᾷ,
1636 2632 1666 2658 οὐ
1682 2632 1765 2667 μόνον
1781 2632 1900 2660 ἀνάπαυ-

1112 2683 1152 2700 σιν
1162 2694 1168 2705 ,
1187 2675 1254 2702 ἀλλὰ
1265 2676 1311 2702 καὶ
1326 2675 1495 2711 εὐφροσύνην
1509 2675 1622 2704 ὠδίνων.

1766 2403 1824 2433 τοῖς
1847 2402 1895 2436 μὲν

833 2795 948 2823 νΑΙῖΙίΕ
975 2795 1164 2824 LECTIONES
1185 2798 1227 2828 ΕΤ
1245 2799 1360 2827 ΝΟΤίΕ.

317 2862 369 2901 (57)
391 2866 506 2903 Utorqu
523 2870 580 2897 cod.
605 2877 652 2904 pro
669 2872 862 2907 καταστρέφων
883 2873 944 2906 legit
960 2882 1078 2908 καταστρ

1118 2883 1200 2908 ιομεν.
1222 2875 1324 2902 Possm.
