  <div class='ocr_page' id='page_1' title='image "/cluster/home/n/w/nwhite01/storage/ocr_20150623/78/njp.32101077772794/886.png"; bbox 0 0 2064 3162; ppageno 0'>
   <div class='ocr_carea' id='block_1_1' title="bbox 179 158 247 192">
    <p class='ocr_par' dir='ltr' id='par_1_1' title="bbox 179 158 247 192">
     <span class='ocr_line' id='line_1_1' title="bbox 179 158 247 192; baseline 0.015 -1"><span class='ocrx_word' id='word_1_1' title='bbox 179 158 247 192; x_wconf 73' lang='lat'><strong>1633</strong></span> 
     </span>
    </p>
   </div>
   <div class='ocr_carea' id='block_1_2' title="bbox 302 213 822 248">
    <p class='ocr_par' dir='ltr' id='par_1_2' title="bbox 302 213 822 248">
     <span class='ocr_line' id='line_1_2' title="bbox 302 213 822 248; baseline -0.002 -8"><span class='ocrx_word' id='word_1_2' title='bbox 302 213 398 247; x_wconf 65' lang='grc' dir='ltr'><strong>τιεΜςι.</strong></span> <span class='ocrx_word' id='word_1_3' title='bbox 415 227 448 232; x_wconf 82' lang='lat'><strong>-—-</strong></span> <span class='ocrx_word' id='word_1_4' title='bbox 470 213 649 248; x_wconf 77' lang='grc' dir='ltr'><strong>ΛΣΚΛῐιΠιῼ</strong></span> <span class='ocrx_word' id='word_1_5' title='bbox 669 213 822 248; x_wconf 79' lang='grc' dir='ltr'><strong>ΣΟΦΙΣΤῌ.</strong></span> 
     </span>
    </p>
   </div>
   <div class='ocr_carea' id='block_1_3' title="bbox 646 155 1342 188">
    <p class='ocr_par' dir='ltr' id='par_1_3' title="bbox 646 155 1342 188">
     <span class='ocr_line' id='line_1_3' title="bbox 646 155 1342 188; baseline 0.003 -2"><span class='ocrx_word' id='word_1_6' title='bbox 646 155 915 186; x_wconf 83' lang='lat' dir='ltr'><strong>EPISTOLARUM</strong></span> <span class='ocrx_word' id='word_1_7' title='bbox 936 155 1008 185; x_wconf 85' lang='lat' dir='ltr'><strong>LIB.</strong></span> <span class='ocrx_word' id='word_1_8' title='bbox 1028 157 1105 186; x_wconf 44' lang='grc' dir='ltr'><strong>νβ’·</strong></span> <span class='ocrx_word' id='word_1_9' title='bbox 1125 158 1242 188; x_wconf 87' lang='lat' dir='ltr'><strong>EPIST.</strong></span> <span class='ocrx_word' id='word_1_10' title='bbox 1269 158 1342 188; x_wconf 89' lang='lat' dir='ltr'><strong>[)Ll.</strong></span> 
     </span>
    </p>
   </div>
   <div class='ocr_carea' id='block_1_4' title="bbox 1737 158 1804 191">
    <p class='ocr_par' dir='ltr' id='par_1_4' title="bbox 1737 158 1804 191">
     <span class='ocr_line' id='line_1_4' title="bbox 1737 158 1804 191; baseline 0.045 -3"><span class='ocrx_word' id='word_1_11' title='bbox 1737 158 1804 191; x_wconf 56' lang='lat'><strong>1634</strong></span> 
     </span>
    </p>
   </div>
   <div class='ocr_carea' id='block_1_5' title="bbox 1138 215 1847 244">
    <p class='ocr_par' dir='ltr' id='par_1_5' title="bbox 1138 215 1847 244">
     <span class='ocr_line' id='line_1_5' title="bbox 1138 215 1847 244; baseline 0.001 -3"><span class='ocrx_word' id='word_1_12' title='bbox 1138 215 1253 243; x_wconf 73' lang='lat' dir='ltr'><strong>DXLVI.</strong></span> <span class='ocrx_word' id='word_1_13' title='bbox 1269 231 1303 236; x_wconf 96' lang='lat'><strong>—</strong></span> <span class='ocrx_word' id='word_1_14' title='bbox 1324 215 1494 243; x_wconf 73' lang='lat' dir='ltr'><strong>ASCLEPIO</strong></span> <span class='ocrx_word' id='word_1_15' title='bbox 1514 215 1678 244; x_wconf 81' lang='lat' dir='ltr'><strong>RllETORl.</strong></span> <span class='ocrx_word' id='word_1_16' title='bbox 1843 215 1847 221; x_wconf 90' lang='lat'><em>&#39;</em></span> 
     </span>
    </p>
   </div>
   <div class='ocr_carea' id='block_1_6' title="bbox 571 267 1403 306">
    <p class='ocr_par' dir='ltr' id='par_1_6' title="bbox 571 267 1403 306">
     <span class='ocr_line' id='line_1_6' title="bbox 571 267 1403 306; baseline 0.004 -12"><span class='ocrx_word' id='word_1_17' title='bbox 571 267 673 295; x_wconf 82' lang='lat' dir='ltr'><strong>Labore</strong></span> <span class='ocrx_word' id='word_1_18' title='bbox 685 269 777 299; x_wconf 67' lang='lat' dir='ltr'><strong>honos,</strong></span> <span class='ocrx_word' id='word_1_19' title='bbox 791 274 814 295; x_wconf 87' lang='lat' dir='ltr'><strong>et</strong></span> <span class='ocrx_word' id='word_1_20' title='bbox 827 270 879 295; x_wconf 77' lang='lat' dir='ltr'><strong>vita</strong></span> <span class='ocrx_word' id='word_1_21' title='bbox 891 274 1003 302; x_wconf 70' lang='lat' dir='ltr'><strong>paratur</strong></span> <span class='ocrx_word' id='word_1_22' title='bbox 1014 276 1123 298; x_wconf 66' lang='lat' dir='ltr'><strong>aeterna.</strong></span> <span class='ocrx_word' id='word_1_23' title='bbox 1139 270 1228 306; x_wconf 80' lang='lat' dir='ltr'><strong>(Conf.</strong></span> <span class='ocrx_word' id='word_1_24' title='bbox 1241 272 1316 306; x_wconf 70' lang='lat' dir='ltr'><strong>epist.</strong></span> <span class='ocrx_word' id='word_1_25' title='bbox 1328 272 1403 305; x_wconf 78' lang='lat'><strong>5&#39;55.)</strong></span> 
     </span>
    </p>
   </div>
   <div class='ocr_carea' id='block_1_7' title="bbox 211 322 962 358">
    <p class='ocr_par' dir='ltr' id='par_1_7' title="bbox 211 322 962 358">
     <span class='ocr_line' id='line_1_7' title="bbox 211 322 962 358; baseline -0.001 -7"><span class='ocrx_word' id='word_1_26' title='bbox 211 323 359 358; x_wconf 78' lang='grc' dir='ltr'><strong>Θαυμάζω,</strong></span> <span class='ocrx_word' id='word_1_27' title='bbox 378 322 437 354; x_wconf 84' lang='grc' dir='ltr'>πῶς</span> <span class='ocrx_word' id='word_1_28' title='bbox 457 322 583 358; x_wconf 81' lang='grc' dir='ltr'>’Ὅμηρος</span> <span class='ocrx_word' id='word_1_29' title='bbox 602 323 650 358; x_wconf 81' lang='grc' dir='ltr'>μὲν</span> <span class='ocrx_word' id='word_1_30' title='bbox 668 323 713 349; x_wconf 78' lang='grc' dir='ltr'>καὶ</span> <span class='ocrx_word' id='word_1_31' title='bbox 726 323 856 358; x_wconf 84' lang='grc' dir='ltr'>Πίνδαρος</span> <span class='ocrx_word' id='word_1_32' title='bbox 872 323 962 355; x_wconf 76' lang='grc' dir='ltr'>ἀξιοῦ-</span> 
     </span>
    </p>
   </div>
   <div class='ocr_carea' id='block_1_8' title="bbox 176 367 962 404">
    <p class='ocr_par' dir='ltr' id='par_1_8' title="bbox 176 367 962 404">
     <span class='ocr_line' id='line_1_8' title="bbox 176 367 962 404; baseline 0 -9"><span class='ocrx_word' id='word_1_33' title='bbox 176 379 219 398; x_wconf 86' lang='grc' dir='ltr'>σιν</span> <span class='ocrx_word' id='word_1_34' title='bbox 233 369 366 404; x_wconf 78' lang='grc' dir='ltr'><strong>ἀλκίμους</strong></span> <span class='ocrx_word' id='word_1_35' title='bbox 384 367 454 396; x_wconf 74' lang='grc' dir='ltr'>εἶναι</span> <span class='ocrx_word' id='word_1_36' title='bbox 470 369 532 400; x_wconf 81' lang='grc' dir='ltr'>τοὺς</span> <span class='ocrx_word' id='word_1_37' title='bbox 549 368 580 394; x_wconf 84' lang='grc' dir='ltr'>οὑ</span> <span class='ocrx_word' id='word_1_38' title='bbox 596 369 741 403; x_wconf 83' lang='grc' dir='ltr'>μέλλοντας</span> <span class='ocrx_word' id='word_1_39' title='bbox 751 369 855 404; x_wconf 79' lang='grc' dir='ltr'><strong>λήσειν,</strong></span> <span class='ocrx_word' id='word_1_40' title='bbox 871 369 962 396; x_wconf 74' lang='grc' dir='ltr'>εἴποτε</span> 
     </span>
    </p>
   </div>
   <div class='ocr_carea' id='block_1_9' title="bbox 177 414 962 450">
    <p class='ocr_par' dir='ltr' id='par_1_9' title="bbox 177 414 962 450">
     <span class='ocr_line' id='line_1_9' title="bbox 177 414 962 450; baseline 0 -8"><span class='ocrx_word' id='word_1_41' title='bbox 177 416 313 450; x_wconf 76' lang='grc' dir='ltr'>ἐγένοντο.</span> <span class='ocrx_word' id='word_1_42' title='bbox 335 415 500 450; x_wconf 81' lang='grc' dir='ltr'><strong>Θουκυδίδης</strong></span> <span class='ocrx_word' id='word_1_43' title='bbox 517 415 545 442; x_wconf 81' lang='grc' dir='ltr'>δὲ</span> <span class='ocrx_word' id='word_1_44' title='bbox 565 414 657 449; x_wconf 77' lang='grc' dir='ltr'>σαφῶς</span> <span class='ocrx_word' id='word_1_45' title='bbox 683 414 810 447; x_wconf 77' lang='grc' dir='ltr'>ἱκετεύει,</span> <span class='ocrx_word' id='word_1_46' title='bbox 834 416 871 450; x_wconf 86' lang='grc' dir='ltr'>μὴ</span> <span class='ocrx_word' id='word_1_47' title='bbox 896 416 962 450; x_wconf 86' lang='grc' dir='ltr'>φεύ-</span> 
     </span>
    </p>
   </div>
   <div class='ocr_carea' id='block_1_10' title="bbox 175 459 963 496">
    <p class='ocr_par' dir='ltr' id='par_1_10' title="bbox 175 459 963 496">
     <span class='ocr_line' id='line_1_10' title="bbox 175 459 963 496; baseline -0.001 -9"><span class='ocrx_word' id='word_1_48' title='bbox 175 469 234 496; x_wconf 83' lang='grc' dir='ltr'>γειν</span> <span class='ocrx_word' id='word_1_49' title='bbox 249 461 311 492; x_wconf 80' lang='grc' dir='ltr'>τοὺς</span> <span class='ocrx_word' id='word_1_50' title='bbox 337 460 447 492; x_wconf 78' lang='grc' dir='ltr'><strong>πόνους,</strong></span> <span class='ocrx_word' id='word_1_51' title='bbox 471 460 488 496; x_wconf 83' lang='grc' dir='ltr'>ἢ</span> <span class='ocrx_word' id='word_1_52' title='bbox 505 460 571 496; x_wconf 81' lang='grc' dir='ltr'>μηδὲ</span> <span class='ocrx_word' id='word_1_53' title='bbox 586 460 634 491; x_wconf 75' lang='grc' dir='ltr'><strong>τὰς</strong></span> <span class='ocrx_word' id='word_1_54' title='bbox 645 460 727 494; x_wconf 85' lang='grc' dir='ltr'>τιμὰς</span> <span class='ocrx_word' id='word_1_55' title='bbox 744 459 862 487; x_wconf 83' lang='grc' dir='ltr'>διώκειν·</span> <span class='ocrx_word' id='word_1_56' title='bbox 879 461 963 494; x_wconf 83' lang='grc' dir='ltr'>Σοφο-</span> 
     </span>
    </p>
   </div>
   <div class='ocr_carea' id='block_1_11' title="bbox 176 505 960 542">
    <p class='ocr_par' dir='ltr' id='par_1_11' title="bbox 176 505 960 542">
     <span class='ocr_line' id='line_1_11' title="bbox 176 505 960 542; baseline 0 -9"><span class='ocrx_word' id='word_1_57' title='bbox 176 507 242 542; x_wconf 77' lang='grc' dir='ltr'>κλῆς</span> <span class='ocrx_word' id='word_1_58' title='bbox 261 506 289 531; x_wconf 83' lang='grc' dir='ltr'>δὲ</span> <span class='ocrx_word' id='word_1_59' title='bbox 302 506 412 540; x_wconf 84' lang='grc' dir='ltr'><strong>φάσκει·</strong></span> <span class='ocrx_word' id='word_1_60' title='bbox 430 506 515 532; x_wconf 86' lang='grc' dir='ltr'>Πόνου</span> <span class='ocrx_word' id='word_1_61' title='bbox 530 514 572 532; x_wconf 81' lang='grc' dir='ltr'><strong>τοι</strong></span> <span class='ocrx_word' id='word_1_62' title='bbox 583 505 667 540; x_wconf 68' lang='grc' dir='ltr'>χωρὶς</span> <span class='ocrx_word' id='word_1_63' title='bbox 681 505 758 531; x_wconf 74' lang='grc' dir='ltr'>οὐδὲν</span> <span class='ocrx_word' id='word_1_64' title='bbox 775 506 884 541; x_wconf 82' lang='grc' dir='ltr'>εὐτυχεῖ</span> <span class='ocrx_word' id='word_1_65' title='bbox 894 505 960 542; x_wconf 72' lang='grc'><strong>(58)*</strong></span> 
     </span>
    </p>
   </div>
   <div class='ocr_carea' id='block_1_12' title="bbox 175 550 962 587">
    <p class='ocr_par' dir='ltr' id='par_1_12' title="bbox 175 550 962 587">
     <span class='ocr_line' id='line_1_12' title="bbox 175 550 962 587; baseline 0 -9"><span class='ocrx_word' id='word_1_66' title='bbox 175 552 219 578; x_wconf 85' lang='grc' dir='ltr'>διὰ</span> <span class='ocrx_word' id='word_1_67' title='bbox 236 551 325 578; x_wconf 88' lang='grc' dir='ltr'>πόνων</span> <span class='ocrx_word' id='word_1_68' title='bbox 339 551 389 586; x_wconf 83' lang='grc' dir='ltr'>τὴν</span> <span class='ocrx_word' id='word_1_69' title='bbox 403 551 449 578; x_wconf 86' lang='grc' dir='ltr'><strong>τοῦ</strong></span> <span class='ocrx_word' id='word_1_70' title='bbox 467 550 522 587; x_wconf 82' lang='grc'><strong>(59)</strong></span> <span class='ocrx_word' id='word_1_71' title='bbox 543 551 600 586; x_wconf 83' lang='grc' dir='ltr'>βίου</span> <span class='ocrx_word' id='word_1_72' title='bbox 617 551 782 586; x_wconf 82' lang='grc' dir='ltr'><strong>ἀείμνηστον</strong></span> <span class='ocrx_word' id='word_1_73' title='bbox 794 551 872 584; x_wconf 78' lang='grc' dir='ltr'>δόξαν</span> <span class='ocrx_word' id='word_1_74' title='bbox 886 552 962 578; x_wconf 87' lang='grc' dir='ltr'><strong>ὠνεῖ-</strong></span> 
     </span>
    </p>
   </div>
   <div class='ocr_carea' id='block_1_13' title="bbox 178 596 962 634">
    <p class='ocr_par' dir='ltr' id='par_1_13' title="bbox 178 596 962 634">
     <span class='ocr_line' id='line_1_13' title="bbox 178 596 962 634; baseline 0 -10"><span class='ocrx_word' id='word_1_75' title='bbox 178 597 240 624; x_wconf 89' lang='grc' dir='ltr'>σΟαι</span> <span class='ocrx_word' id='word_1_76' title='bbox 260 597 324 628; x_wconf 82' lang='grc' dir='ltr'>τοὺς</span> <span class='ocrx_word' id='word_1_77' title='bbox 353 596 534 632; x_wconf 79' lang='grc' dir='ltr'><strong>πειθομένους</strong></span> <span class='ocrx_word' id='word_1_78' title='bbox 562 596 742 628; x_wconf 85' lang='grc' dir='ltr'>διδάσκοντες.</span> <span class='ocrx_word' id='word_1_79' title='bbox 769 597 799 623; x_wconf 84' lang='grc' dir='ltr'><strong>Οί</strong></span> <span class='ocrx_word' id='word_1_80' title='bbox 824 597 852 623; x_wconf 83' lang='grc' dir='ltr'>δὲ</span> <span class='ocrx_word' id='word_1_81' title='bbox 883 597 962 634; x_wconf 77' lang='grc' dir='ltr'>δόξης</span> 
     </span>
    </p>
   </div>
   <div class='ocr_carea' id='block_1_14' title="bbox 178 642 963 679">
    <p class='ocr_par' dir='ltr' id='par_1_14' title="bbox 178 642 963 679">
     <span class='ocr_line' id='line_1_14' title="bbox 178 642 963 679; baseline 0.001 -10"><span class='ocrx_word' id='word_1_82' title='bbox 178 642 336 678; x_wconf 84' lang='grc' dir='ltr'>ἀμαράντου</span> <span class='ocrx_word' id='word_1_83' title='bbox 359 643 448 677; x_wconf 82' lang='grc' dir='ltr'><strong>τυχεῖν</strong></span> <span class='ocrx_word' id='word_1_84' title='bbox 466 642 641 677; x_wconf 85' lang='grc' dir='ltr'>γλιχόμενοι,</span> <span class='ocrx_word' id='word_1_85' title='bbox 668 642 714 668; x_wconf 76' lang='grc' dir='ltr'>καὶ</span> <span class='ocrx_word' id='word_1_86' title='bbox 730 642 868 677; x_wconf 80' lang='grc' dir='ltr'><strong>βασιλείας</strong></span> <span class='ocrx_word' id='word_1_87' title='bbox 882 644 963 679; x_wconf 77' lang='grc' dir='ltr'>ούρα-</span> 
     </span>
    </p>
   </div>
   <div class='ocr_carea' id='block_1_15' title="bbox 178 686 965 725">
    <p class='ocr_par' dir='ltr' id='par_1_15' title="bbox 178 686 965 725">
     <span class='ocr_line' id='line_1_15' title="bbox 178 686 965 725; baseline 0.003 -11"><span class='ocrx_word' id='word_1_88' title='bbox 178 688 232 715; x_wconf 83' lang='grc' dir='ltr'>νῶν</span> <span class='ocrx_word' id='word_1_89' title='bbox 246 688 416 724; x_wconf 79' lang='grc' dir='ltr'>ὀρεγόμενοι,</span> <span class='ocrx_word' id='word_1_90' title='bbox 432 689 482 715; x_wconf 83' lang='grc' dir='ltr'><strong>οὐκ</strong></span> <span class='ocrx_word' id='word_1_91' title='bbox 497 686 544 715; x_wconf 76' lang='grc' dir='ltr'>οἷδ’</span> <span class='ocrx_word' id='word_1_92' title='bbox 556 688 630 720; x_wconf 79' lang='grc' dir='ltr'>ὅπως</span> <span class='ocrx_word' id='word_1_93' title='bbox 646 688 786 723; x_wconf 80' lang='grc' dir='ltr'>νομίζουσι</span> <span class='ocrx_word' id='word_1_94' title='bbox 799 689 842 716; x_wconf 83' lang='grc' dir='ltr'>διὰ</span> <span class='ocrx_word' id='word_1_95' title='bbox 859 690 965 725; x_wconf 80' lang='grc' dir='ltr'>ῥᾳστώ-</span> 
     </span>
    </p>
   </div>
   <div class='ocr_carea' id='block_1_16' title="bbox 179 733 959 770">
    <p class='ocr_par' dir='ltr' id='par_1_16' title="bbox 179 733 959 770">
     <span class='ocr_line' id='line_1_16' title="bbox 179 733 959 770; baseline 0.001 -9"><span class='ocrx_word' id='word_1_96' title='bbox 179 743 227 770; x_wconf 76' lang='grc' dir='ltr'>νης</span> <span class='ocrx_word' id='word_1_97' title='bbox 241 734 328 769; x_wconf 82' lang='grc' dir='ltr'>φιλεῖν</span> <span class='ocrx_word' id='word_1_98' title='bbox 343 734 400 766; x_wconf 83' lang='grc' dir='ltr'>τοῖς</span> <span class='ocrx_word' id='word_1_99' title='bbox 415 733 568 769; x_wconf 79' lang='grc' dir='ltr'>ἀνθρώποις</span> <span class='ocrx_word' id='word_1_100' title='bbox 581 733 615 761; x_wconf 81' lang='grc' dir='ltr'>τὰ</span> <span class='ocrx_word' id='word_1_101' title='bbox 625 733 731 769; x_wconf 86' lang='grc' dir='ltr'>χρηστὰ</span> <span class='ocrx_word' id='word_1_102' title='bbox 749 734 959 769; x_wconf 80' lang='grc' dir='ltr'>παραγίνεσθαι.</span> 
     </span>
    </p>
   </div>
   <div class='ocr_carea' id='block_1_17' title="bbox 411 833 729 869">
    <p class='ocr_par' dir='ltr' id='par_1_17' title="bbox 411 833 729 869">
     <span class='ocr_line' id='line_1_17' title="bbox 411 833 729 869; baseline -0.003 -9"><span class='ocrx_word' id='word_1_103' title='bbox 411 833 499 860; x_wconf 81' lang='grc' dir='ltr'><strong>ΦΜΖ’.</strong></span> <span class='ocrx_word' id='word_1_104' title='bbox 518 848 555 854; x_wconf 90' lang='grc'><strong>-</strong></span> <span class='ocrx_word' id='word_1_105' title='bbox 571 834 615 869; x_wconf 70' lang='lat' dir='ltr'><strong>Tt)</strong></span> <span class='ocrx_word' id='word_1_106' title='bbox 628 833 729 868; x_wconf 76' lang='grc' dir='ltr'><strong>ΑΥΤῼ.</strong></span> 
     </span>
    </p>
   </div>
   <div class='ocr_carea' id='block_1_18' title="bbox 1051 324 1803 359">
    <p class='ocr_par' dir='ltr' id='par_1_18' title="bbox 1051 324 1803 359">
     <span class='ocr_line' id='line_1_18' title="bbox 1051 324 1803 359; baseline 0.003 -7"><span class='ocrx_word' id='word_1_107' title='bbox 1051 324 1136 352; x_wconf 81' lang='lat' dir='ltr'><strong>Miror</strong></span> <span class='ocrx_word' id='word_1_108' title='bbox 1160 325 1282 359; x_wconf 88' lang='lat' dir='ltr'><strong>equidem</strong></span> <span class='ocrx_word' id='word_1_109' title='bbox 1319 325 1464 353; x_wconf 84' lang='lat' dir='ltr'><strong>Homerum</strong></span> <span class='ocrx_word' id='word_1_110' title='bbox 1490 330 1518 353; x_wconf 92' lang='lat' dir='ltr'><strong>et</strong></span> <span class='ocrx_word' id='word_1_111' title='bbox 1546 325 1691 353; x_wconf 80' lang='lat' dir='ltr'><strong>Pindarum</strong></span> <span class='ocrx_word' id='word_1_112' title='bbox 1719 326 1803 354; x_wconf 88' lang='lat' dir='ltr'><strong>fortes</strong></span> 
     </span>
    </p>
   </div>
   <div class='ocr_carea' id='block_1_19' title="bbox 1016 370 1804 407">
    <p class='ocr_par' dir='ltr' id='par_1_19' title="bbox 1016 370 1804 407">
     <span class='ocr_line' id='line_1_19' title="bbox 1016 370 1804 407; baseline 0 -8"><span class='ocrx_word' id='word_1_113' title='bbox 1016 371 1188 399; x_wconf 77' lang='lat' dir='ltr'><strong>existimasse</strong></span> <span class='ocrx_word' id='word_1_114' title='bbox 1208 377 1266 402; x_wconf 87' lang='lat' dir='ltr'><strong>eos,</strong></span> <span class='ocrx_word' id='word_1_115' title='bbox 1287 370 1334 405; x_wconf 87' lang='lat' dir='ltr'><strong>qui</strong></span> <span class='ocrx_word' id='word_1_116' title='bbox 1352 379 1404 398; x_wconf 86' lang='lat' dir='ltr'><strong>non</strong></span> <span class='ocrx_word' id='word_1_117' title='bbox 1420 371 1551 404; x_wconf 89' lang='lat' dir='ltr'><strong>latebunt,</strong></span> <span class='ocrx_word' id='word_1_118' title='bbox 1573 372 1597 399; x_wconf 87' lang='lat' dir='ltr'><strong>si</strong></span> <span class='ocrx_word' id='word_1_119' title='bbox 1614 379 1732 407; x_wconf 79' lang='lat' dir='ltr'><strong>unquam</strong></span> <span class='ocrx_word' id='word_1_120' title='bbox 1747 372 1804 399; x_wconf 82' lang='lat' dir='ltr'><strong>fne-</strong></span> 
     </span>
    </p>
   </div>
   <div class='ocr_carea' id='block_1_20' title="bbox 1017 415 1803 452">
    <p class='ocr_par' dir='ltr' id='par_1_20' title="bbox 1017 415 1803 452">
     <span class='ocr_line' id='line_1_20' title="bbox 1017 415 1803 452; baseline 0.001 -8"><span class='ocrx_word' id='word_1_121' title='bbox 1017 415 1267 451; x_wconf 39' lang='lat' dir='ltr'><strong>rint.&#39;Thucydides</strong></span> <span class='ocrx_word' id='word_1_122' title='bbox 1290 423 1354 443; x_wconf 85' lang='lat' dir='ltr'><strong>vero</strong></span> <span class='ocrx_word' id='word_1_123' title='bbox 1370 417 1443 444; x_wconf 83' lang='lat' dir='ltr'><strong>clare</strong></span> <span class='ocrx_word' id='word_1_124' title='bbox 1464 417 1610 452; x_wconf 80' lang='lat' dir='ltr'><strong>supplicat,</strong></span> <span class='ocrx_word' id='word_1_125' title='bbox 1627 417 1732 445; x_wconf 87' lang='lat' dir='ltr'><strong>labores</strong></span> <span class='ocrx_word' id='word_1_126' title='bbox 1751 425 1803 445; x_wconf 85' lang='lat' dir='ltr'><strong>non</strong></span> 
     </span>
    </p>
   </div>
   <div class='ocr_carea' id='block_1_21' title="bbox 1017 461 1804 498">
    <p class='ocr_par' dir='ltr' id='par_1_21' title="bbox 1017 461 1804 498">
     <span class='ocr_line' id='line_1_21' title="bbox 1017 461 1804 498; baseline -0.001 -8"><span class='ocrx_word' id='word_1_127' title='bbox 1017 462 1123 498; x_wconf 78' lang='lat' dir='ltr'><strong>fugere,</strong></span> <span class='ocrx_word' id='word_1_128' title='bbox 1140 466 1187 488; x_wconf 91' lang='lat' dir='ltr'><strong>aut</strong></span> <span class='ocrx_word' id='word_1_129' title='bbox 1203 468 1290 495; x_wconf 89' lang='lat' dir='ltr'><strong>neque</strong></span> <span class='ocrx_word' id='word_1_130' title='bbox 1310 461 1428 489; x_wconf 87' lang='lat' dir='ltr'><strong>honores</strong></span> <span class='ocrx_word' id='word_1_131' title='bbox 1445 462 1555 490; x_wconf 84' lang='lat' dir='ltr'><strong>sectari.</strong></span> <span class='ocrx_word' id='word_1_132' title='bbox 1574 463 1723 497; x_wconf 84' lang='lat' dir='ltr'><strong>Sophocles</strong></span> <span class='ocrx_word' id='word_1_133' title='bbox 1738 471 1804 490; x_wconf 88' lang='lat' dir='ltr'><strong>vero</strong></span> 
     </span>
    </p>
   </div>
   <div class='ocr_carea' id='block_1_22' title="bbox 1018 504 1804 540">
    <p class='ocr_par' dir='ltr' id='par_1_22' title="bbox 1018 504 1804 540">
     <span class='ocr_line' id='line_1_22' title="bbox 1018 504 1804 540; baseline 0 -6"><span class='ocrx_word' id='word_1_134' title='bbox 1018 507 1068 540; x_wconf 86' lang='lat' dir='ltr'><strong>ait,</strong></span> <span class='ocrx_word' id='word_1_135' title='bbox 1088 506 1189 540; x_wconf 86' lang='lat' dir='ltr'><strong>absque</strong></span> <span class='ocrx_word' id='word_1_136' title='bbox 1213 505 1305 533; x_wconf 84' lang='lat' dir='ltr'><strong>labore</strong></span> <span class='ocrx_word' id='word_1_137' title='bbox 1331 504 1397 532; x_wconf 87' lang='lat' dir='ltr'><strong>nihil</strong></span> <span class='ocrx_word' id='word_1_138' title='bbox 1422 510 1494 532; x_wconf 87' lang='lat' dir='ltr'><strong>recte</strong></span> <span class='ocrx_word' id='word_1_139' title='bbox 1520 506 1588 539; x_wconf 81' lang='lat' dir='ltr'><strong>ﬁeri,</strong></span> <span class='ocrx_word' id='word_1_140' title='bbox 1610 507 1745 534; x_wconf 83' lang='lat' dir='ltr'><strong>docentes</strong></span> <span class='ocrx_word' id='word_1_141' title='bbox 1770 508 1804 534; x_wconf 87' lang='lat' dir='ltr'><strong>ab</strong></span> 
     </span>
    </p>
   </div>
   <div class='ocr_carea' id='block_1_23' title="bbox 1016 551 1802 587">
    <p class='ocr_par' dir='ltr' id='par_1_23' title="bbox 1016 551 1802 587">
     <span class='ocr_line' id='line_1_23' title="bbox 1016 551 1802 587; baseline -0.001 -7"><span class='ocrx_word' id='word_1_142' title='bbox 1016 553 1061 586; x_wconf 90' lang='lat' dir='ltr'><strong>iis,</strong></span> <span class='ocrx_word' id='word_1_143' title='bbox 1075 552 1174 587; x_wconf 87' lang='lat' dir='ltr'><strong>quibus</strong></span> <span class='ocrx_word' id='word_1_144' title='bbox 1199 551 1224 578; x_wconf 90' lang='lat' dir='ltr'><strong>id</strong></span> <span class='ocrx_word' id='word_1_145' title='bbox 1245 555 1451 585; x_wconf 89' lang='lat' dir='ltr'><strong>persuaserunt,</strong></span> <span class='ocrx_word' id='word_1_146' title='bbox 1478 556 1635 584; x_wconf 88' lang='lat' dir='ltr'><strong>perpetuam</strong></span> <span class='ocrx_word' id='word_1_147' title='bbox 1661 553 1721 579; x_wconf 79' lang='lat' dir='ltr'><strong>vita:</strong></span> <span class='ocrx_word' id='word_1_148' title='bbox 1745 552 1802 586; x_wconf 77' lang='lat' dir='ltr'><strong>glo—</strong></span> 
     </span>
    </p>
   </div>
   <div class='ocr_carea' id='block_1_24' title="bbox 1016 596 1802 630">
    <p class='ocr_par' dir='ltr' id='par_1_24' title="bbox 1016 596 1802 630">
     <span class='ocr_line' id='line_1_24' title="bbox 1016 596 1802 630; baseline -0.001 -5"><span class='ocrx_word' id='word_1_149' title='bbox 1016 598 1085 625; x_wconf 84' lang='lat' dir='ltr'><strong>riam</strong></span> <span class='ocrx_word' id='word_1_150' title='bbox 1107 597 1244 625; x_wconf 85' lang='lat' dir='ltr'><strong>laboribus</strong></span> <span class='ocrx_word' id='word_1_151' title='bbox 1258 596 1419 630; x_wconf 89' lang='lat' dir='ltr'><strong>comparari.</strong></span> <span class='ocrx_word' id='word_1_152' title='bbox 1439 596 1569 624; x_wconf 85' lang='lat' dir='ltr'><strong>Oratores</strong></span> <span class='ocrx_word' id='word_1_153' title='bbox 1589 598 1671 624; x_wconf 88' lang='lat' dir='ltr'><strong>etiam</strong></span> <span class='ocrx_word' id='word_1_154' title='bbox 1695 601 1802 625; x_wconf 90' lang='lat' dir='ltr'><strong>docent.</strong></span> 
     </span>
    </p>
   </div>
   <div class='ocr_carea' id='block_1_25' title="bbox 1015 640 1802 679">
    <p class='ocr_par' dir='ltr' id='par_1_25' title="bbox 1015 640 1802 679">
     <span class='ocr_line' id='line_1_25' title="bbox 1015 640 1802 679; baseline -0.003 -10"><span class='ocrx_word' id='word_1_155' title='bbox 1015 643 1051 669; x_wconf 88' lang='lat' dir='ltr'><strong>At</strong></span> <span class='ocrx_word' id='word_1_156' title='bbox 1064 642 1110 677; x_wconf 88' lang='lat' dir='ltr'><strong>qui</strong></span> <span class='ocrx_word' id='word_1_157' title='bbox 1126 640 1377 679; x_wconf 30' lang='lat' dir='ltr'><strong>immarcessibi‘lem</strong></span> <span class='ocrx_word' id='word_1_158' title='bbox 1397 645 1522 676; x_wconf 88' lang='lat' dir='ltr'><strong>appetunt</strong></span> <span class='ocrx_word' id='word_1_159' title='bbox 1538 641 1663 676; x_wconf 77' lang='lat' dir='ltr'><strong>gloriam,</strong></span> <span class='ocrx_word' id='word_1_160' title='bbox 1680 643 1802 669; x_wconf 71' lang='lat' dir='ltr'><strong>caelesti-</strong></span> 
     </span>
    </p>
   </div>
   <div class='ocr_carea' id='block_1_26' title="bbox 1014 687 1802 722">
    <p class='ocr_par' dir='ltr' id='par_1_26' title="bbox 1014 687 1802 722">
     <span class='ocr_line' id='line_1_26' title="bbox 1014 687 1802 722; baseline -0.001 -8"><span class='ocrx_word' id='word_1_161' title='bbox 1014 695 1067 722; x_wconf 85' lang='lat' dir='ltr'><strong>que</strong></span> <span class='ocrx_word' id='word_1_162' title='bbox 1090 688 1198 714; x_wconf 80' lang='lat' dir='ltr'><strong>inhiant</strong></span> <span class='ocrx_word' id='word_1_163' title='bbox 1219 694 1312 722; x_wconf 76' lang='lat' dir='ltr'><strong>regno,</strong></span> <span class='ocrx_word' id='word_1_164' title='bbox 1330 687 1422 714; x_wconf 84' lang='lat' dir='ltr'><strong>nescio</strong></span> <span class='ocrx_word' id='word_1_165' title='bbox 1437 687 1573 721; x_wconf 86' lang='lat' dir='ltr'><strong>quomodo</strong></span> <span class='ocrx_word' id='word_1_166' title='bbox 1589 692 1684 722; x_wconf 86' lang='lat' dir='ltr'><strong>putant</strong></span> <span class='ocrx_word' id='word_1_167' title='bbox 1709 695 1742 714; x_wconf 81' lang='lat' dir='ltr'><strong>ex</strong></span> <span class='ocrx_word' id='word_1_168' title='bbox 1760 687 1802 714; x_wconf 82' lang='lat' dir='ltr'><strong>fa-</strong></span> 
     </span>
    </p>
   </div>
   <div class='ocr_carea' id='block_1_27' title="bbox 1014 732 1802 766">
    <p class='ocr_par' dir='ltr' id='par_1_27' title="bbox 1014 732 1802 766">
     <span class='ocr_line' id='line_1_27' title="bbox 1014 732 1802 766; baseline 0 -6"><span class='ocrx_word' id='word_1_169' title='bbox 1014 733 1117 760; x_wconf 87' lang='lat' dir='ltr'><strong>cilitate</strong></span> <span class='ocrx_word' id='word_1_170' title='bbox 1142 732 1281 766; x_wconf 78' lang='lat' dir='ltr'><strong>animique</strong></span> <span class='ocrx_word' id='word_1_171' title='bbox 1310 732 1456 765; x_wconf 73' lang='lat' dir='ltr'><strong>laxationc,</strong></span> <span class='ocrx_word' id='word_1_172' title='bbox 1487 732 1555 760; x_wconf 84' lang='lat' dir='ltr'><strong>velle</strong></span> <span class='ocrx_word' id='word_1_173' title='bbox 1584 732 1708 760; x_wconf 87' lang='lat' dir='ltr'><strong>homines</strong></span> <span class='ocrx_word' id='word_1_174' title='bbox 1734 734 1802 760; x_wconf 84' lang='lat' dir='ltr'><strong>bona</strong></span> 
     </span>
    </p>
   </div>
   <div class='ocr_carea' id='block_1_28' title="bbox 1014 778 1136 813">
    <p class='ocr_par' dir='ltr' id='par_1_28' title="bbox 1014 778 1136 813">
     <span class='ocr_line' id='line_1_28' title="bbox 1014 778 1136 813; baseline -0.016 -7"><span class='ocrx_word' id='word_1_175' title='bbox 1014 778 1136 813; x_wconf 86' lang='lat' dir='ltr'><strong>adipisci.</strong></span> 
     </span>
    </p>
   </div>
   <div class='ocr_carea' id='block_1_29' title="bbox 1255 831 1569 860">
    <p class='ocr_par' dir='ltr' id='par_1_29' title="bbox 1255 831 1569 860">
     <span class='ocr_line' id='line_1_29' title="bbox 1255 831 1569 860; baseline 0 -2"><span class='ocrx_word' id='word_1_176' title='bbox 1255 831 1382 860; x_wconf 77' lang='lat' dir='ltr'><strong>DXLVII.</strong></span> <span class='ocrx_word' id='word_1_177' title='bbox 1397 846 1434 851; x_wconf 94' lang='lat'>—</span> <span class='ocrx_word' id='word_1_178' title='bbox 1450 832 1506 860; x_wconf 80' lang='lat' dir='ltr'><strong>EID</strong></span> <span class='ocrx_word' id='word_1_179' title='bbox 1512 831 1569 859; x_wconf 85' lang='grc' dir='ltr'><strong>ΕΜ.</strong></span> 
     </span>
    </p>
   </div>
   <div class='ocr_carea' id='block_1_30' title="bbox 517 877 1459 915">
    <p class='ocr_par' dir='ltr' id='par_1_30' title="bbox 517 877 1459 915">
     <span class='ocr_line' id='line_1_30' title="bbox 517 877 1459 915; baseline -0.001 -10"><span class='ocrx_word' id='word_1_180' title='bbox 517 879 616 906; x_wconf 87' lang='lat' dir='ltr'><strong>Orator</strong></span> <span class='ocrx_word' id='word_1_181' title='bbox 633 887 683 906; x_wconf 85' lang='lat' dir='ltr'><strong>non</strong></span> <span class='ocrx_word' id='word_1_182' title='bbox 694 887 794 914; x_wconf 76' lang='lat' dir='ltr'><strong>semper</strong></span> <span class='ocrx_word' id='word_1_183' title='bbox 813 879 962 914; x_wconf 79' lang='lat' dir='ltr'><strong>persuadet.</strong></span> <span class='ocrx_word' id='word_1_184' title='bbox 989 877 1081 915; x_wconf 83' lang='lat' dir='ltr'><strong>(Conf.</strong></span> <span class='ocrx_word' id='word_1_185' title='bbox 1098 877 1175 912; x_wconf 79' lang='lat' dir='ltr'><strong>epist.</strong></span> <span class='ocrx_word' id='word_1_186' title='bbox 1193 877 1256 911; x_wconf 68' lang='grc'><strong>442,</strong></span> <span class='ocrx_word' id='word_1_187' title='bbox 1272 877 1321 905; x_wconf 72' lang='grc'><strong>521</strong></span> <span class='ocrx_word' id='word_1_188' title='bbox 1342 882 1365 904; x_wconf 85' lang='lat' dir='ltr'><strong>et</strong></span> <span class='ocrx_word' id='word_1_189' title='bbox 1385 877 1459 912; x_wconf 73' lang='lat'><strong>568.)</strong></span> 
     </span>
    </p>
   </div>
   <div class='ocr_carea' id='block_1_31' title="bbox 224 929 979 970">
    <p class='ocr_par' dir='ltr' id='par_1_31' title="bbox 224 934 962 970">
     <span class='ocr_line' id='line_1_31' title="bbox 224 934 962 970; baseline -0.001 -7"><span class='ocrx_word' id='word_1_190' title='bbox 224 935 334 970; x_wconf 78' lang='grc' dir='ltr'><strong>Ἐπειδὴ</strong></span> <span class='ocrx_word' id='word_1_191' title='bbox 347 935 396 970; x_wconf 86' lang='grc' dir='ltr'>οὐχ</span> <span class='ocrx_word' id='word_1_192' title='bbox 419 935 433 961; x_wconf 83' lang='grc' dir='ltr'>ὁ</span> <span class='ocrx_word' id='word_1_193' title='bbox 452 934 539 969; x_wconf 84' lang='grc' dir='ltr'>λέγων</span> <span class='ocrx_word' id='word_1_194' title='bbox 553 934 691 967; x_wconf 83' lang='grc' dir='ltr'>τοσοῦτον,</span> <span class='ocrx_word' id='word_1_195' title='bbox 710 935 734 961; x_wconf 85' lang='grc' dir='ltr'>εἰ</span> <span class='ocrx_word' id='word_1_196' title='bbox 749 935 797 962; x_wconf 80' lang='grc' dir='ltr'><strong>καὶ</strong></span> <span class='ocrx_word' id='word_1_197' title='bbox 815 936 904 962; x_wconf 79' lang='grc' dir='ltr'>πᾶσαν</span> <span class='ocrx_word' id='word_1_198' title='bbox 919 944 962 962; x_wconf 80' lang='grc' dir='ltr'><strong>κι-</strong></span> 
     </span>
    </p>
   </div>
   <div class='ocr_carea' id='block_1_32' title="bbox 1018 929 1791 970">
    <p class='ocr_par' dir='ltr' id='par_1_32' title="bbox 1052 932 1791 969">
     <span class='ocr_line' id='line_1_32' title="bbox 1052 932 1791 969; baseline -0.003 -9"><span class='ocrx_word' id='word_1_199' title='bbox 1052 933 1276 969; x_wconf 83' lang='lat' dir='ltr'><strong>Quandoquidem</strong></span> <span class='ocrx_word' id='word_1_200' title='bbox 1297 938 1399 966; x_wconf 91' lang='lat' dir='ltr'><strong>orator,</strong></span> <span class='ocrx_word' id='word_1_201' title='bbox 1421 933 1472 960; x_wconf 87' lang='lat' dir='ltr'><strong>etsi</strong></span> <span class='ocrx_word' id='word_1_202' title='bbox 1488 932 1668 967; x_wconf 88' lang='lat' dir='ltr'><strong>eloquentiam</strong></span> <span class='ocrx_word' id='word_1_203' title='bbox 1683 939 1791 959; x_wconf 79' lang='lat' dir='ltr'><strong>omnem</strong></span> 
     </span>
    </p>
   </div>
   <div class='ocr_carea' id='block_1_33' title="bbox 177 978 962 1016">
    <p class='ocr_par' dir='ltr' id='par_1_33' title="bbox 177 978 962 1016">
     <span class='ocr_line' id='line_1_33' title="bbox 177 978 962 1016; baseline -0.001 -9"><span class='ocrx_word' id='word_1_204' title='bbox 177 983 247 1016; x_wconf 76' lang='grc' dir='ltr'><strong>νὴσῃ</strong></span> <span class='ocrx_word' id='word_1_205' title='bbox 264 980 405 1015; x_wconf 85' lang='grc' dir='ltr'>δεινότητα</span> <span class='ocrx_word' id='word_1_206' title='bbox 420 979 468 1006; x_wconf 78' lang='grc' dir='ltr'>καὶ</span> <span class='ocrx_word' id='word_1_207' title='bbox 479 979 576 1014; x_wconf 83' lang='grc' dir='ltr'>τέχνην</span> <span class='ocrx_word' id='word_1_208' title='bbox 590 978 748 1015; x_wconf 82' lang='grc' dir='ltr'>ῥητορικὴν,</span> <span class='ocrx_word' id='word_1_209' title='bbox 762 979 896 1006; x_wconf 85' lang='grc' dir='ltr'>τεκταίνει</span> <span class='ocrx_word' id='word_1_210' title='bbox 913 980 962 1015; x_wconf 84' lang='grc' dir='ltr'>τὴν</span> 
     </span>
    </p>
   </div>
   <div class='ocr_carea' id='block_1_34' title="bbox 176 1023 961 1059">
    <p class='ocr_par' dir='ltr' id='par_1_34' title="bbox 176 1023 961 1059">
     <span class='ocr_line' id='line_1_34' title="bbox 176 1023 961 1059; baseline -0.001 -7"><span class='ocrx_word' id='word_1_211' title='bbox 176 1025 272 1058; x_wconf 84' lang='grc' dir='ltr'>πειθὼ,</span> <span class='ocrx_word' id='word_1_212' title='bbox 291 1025 352 1051; x_wconf 83' lang='grc' dir='ltr'>ὅσον</span> <span class='ocrx_word' id='word_1_213' title='bbox 362 1025 376 1051; x_wconf 86' lang='grc' dir='ltr'><strong>ὸ</strong></span> <span class='ocrx_word' id='word_1_214' title='bbox 388 1024 494 1051; x_wconf 78' lang='grc' dir='ltr'>ἁκούων</span> <span class='ocrx_word' id='word_1_215' title='bbox 506 1032 512 1038; x_wconf 94' lang='grc'><strong>·</strong></span> <span class='ocrx_word' id='word_1_216' title='bbox 528 1024 558 1050; x_wconf 78' lang='grc' dir='ltr'>οὺ</span> <span class='ocrx_word' id='word_1_217' title='bbox 573 1023 651 1058; x_wconf 78' lang='grc' dir='ltr'>θέμις</span> <span class='ocrx_word' id='word_1_218' title='bbox 669 1023 713 1050; x_wconf 81' lang='grc' dir='ltr'>τὸν</span> <span class='ocrx_word' id='word_1_219' title='bbox 727 1023 840 1057; x_wconf 83' lang='grc' dir='ltr'>λέγοντα</span> <span class='ocrx_word' id='word_1_220' title='bbox 855 1024 907 1059; x_wconf 85' lang='grc' dir='ltr'>μὲν</span> <span class='ocrx_word' id='word_1_221' title='bbox 926 1025 961 1051; x_wconf 84' lang='grc' dir='ltr'><strong>τὰ</strong></span> 
     </span>
    </p>
   </div>
   <div class='ocr_carea' id='block_1_35' title="bbox 175 1069 959 1106">
    <p class='ocr_par' dir='ltr' id='par_1_35' title="bbox 175 1069 959 1106">
     <span class='ocr_line' id='line_1_35' title="bbox 175 1069 959 1106; baseline -0.003 -8"><span class='ocrx_word' id='word_1_222' title='bbox 175 1072 288 1106; x_wconf 77' lang='grc' dir='ltr'>ἄριστα,</span> <span class='ocrx_word' id='word_1_223' title='bbox 311 1070 348 1106; x_wconf 82' lang='grc' dir='ltr'>μὴ</span> <span class='ocrx_word' id='word_1_224' title='bbox 369 1070 496 1096; x_wconf 76' lang='grc' dir='ltr'><strong>πείθοντα</strong></span> <span class='ocrx_word' id='word_1_225' title='bbox 519 1069 565 1102; x_wconf 78' lang='grc' dir='ltr'><strong>δὲ,</strong></span> <span class='ocrx_word' id='word_1_226' title='bbox 587 1069 682 1104; x_wconf 79' lang='grc' dir='ltr'>ψέγειν</span> <span class='ocrx_word' id='word_1_227' title='bbox 697 1078 704 1085; x_wconf 79' lang='grc' dir='ltr'><strong>ο</strong></span> <span class='ocrx_word' id='word_1_228' title='bbox 723 1070 780 1096; x_wconf 71' lang='grc' dir='ltr'>ἀλλ’</span> <span class='ocrx_word' id='word_1_229' title='bbox 794 1070 899 1097; x_wconf 78' lang='grc' dir='ltr'>ἐκεῖνον</span> <span class='ocrx_word' id='word_1_230' title='bbox 913 1070 959 1097; x_wconf 82' lang='grc' dir='ltr'>τὸν</span> 
     </span>
    </p>
   </div>
   <div class='ocr_carea' id='block_1_36' title="bbox 175 1113 816 1150">
    <p class='ocr_par' dir='ltr' id='par_1_36' title="bbox 175 1113 816 1150">
     <span class='ocr_line' id='line_1_36' title="bbox 175 1113 816 1150; baseline 0.003 -10"><span class='ocrx_word' id='word_1_231' title='bbox 175 1115 231 1145; x_wconf 81' lang='grc' dir='ltr'>τοῖς</span> <span class='ocrx_word' id='word_1_232' title='bbox 247 1114 402 1150; x_wconf 77' lang='grc' dir='ltr'><strong>κρατίστοις</strong></span> <span class='ocrx_word' id='word_1_233' title='bbox 418 1114 561 1148; x_wconf 80' lang='grc' dir='ltr'>πεισθῆναι</span> <span class='ocrx_word' id='word_1_234' title='bbox 582 1113 621 1149; x_wconf 85' lang='grc' dir='ltr'>μὴ</span> <span class='ocrx_word' id='word_1_235' title='bbox 640 1114 816 1150; x_wconf 72' lang='grc' dir='ltr'><strong>ἐθελήσαντα.</strong></span> 
     </span>
    </p>
   </div>
   <div class='ocr_carea' id='block_1_37' title="bbox 403 1168 720 1204">
    <p class='ocr_par' dir='ltr' id='par_1_37' title="bbox 403 1168 720 1204">
     <span class='ocr_line' id='line_1_37' title="bbox 403 1168 720 1204; baseline 0.003 -10"><span class='ocrx_word' id='word_1_236' title='bbox 403 1169 495 1195; x_wconf 63' lang='lat' dir='ltr'><strong>mnu</strong></span> <span class='ocrx_word' id='word_1_237' title='bbox 509 1183 545 1189; x_wconf 90' lang='lat'><strong>—</strong></span> <span class='ocrx_word' id='word_1_238' title='bbox 559 1168 602 1204; x_wconf 83' lang='grc' dir='ltr'><strong>Τῼ</strong></span> <span class='ocrx_word' id='word_1_239' title='bbox 618 1168 720 1204; x_wconf 70' lang='lat' dir='ltr'><strong>arm.</strong></span> 
     </span>
    </p>
   </div>
   <div class='ocr_carea' id='block_1_38' title="bbox 1017 979 1805 1015">
    <p class='ocr_par' dir='ltr' id='par_1_38' title="bbox 1017 979 1805 1015">
     <span class='ocr_line' id='line_1_38' title="bbox 1017 979 1805 1015; baseline -0.004 -9"><span class='ocrx_word' id='word_1_240' title='bbox 1017 983 1158 1015; x_wconf 84' lang='lat' dir='ltr'><strong>artemque</strong></span> <span class='ocrx_word' id='word_1_241' title='bbox 1174 980 1338 1008; x_wconf 85' lang='lat' dir='ltr'><strong>rhetoricam</strong></span> <span class='ocrx_word' id='word_1_242' title='bbox 1353 979 1480 1012; x_wconf 87' lang='lat' dir='ltr'><strong>concitet,</strong></span> <span class='ocrx_word' id='word_1_243' title='bbox 1498 987 1551 1006; x_wconf 87' lang='lat' dir='ltr'><strong>non</strong></span> <span class='ocrx_word' id='word_1_244' title='bbox 1577 983 1679 1005; x_wconf 91' lang='lat' dir='ltr'><strong>tantum</strong></span> <span class='ocrx_word' id='word_1_245' title='bbox 1695 984 1805 1012; x_wconf 82' lang='lat' dir='ltr'><strong>persua-</strong></span> 
     </span>
    </p>
   </div>
   <div class='ocr_carea' id='block_1_39' title="bbox 1015 1024 1803 1061">
    <p class='ocr_par' dir='ltr' id='par_1_39' title="bbox 1015 1024 1803 1061">
     <span class='ocr_line' id='line_1_39' title="bbox 1015 1024 1803 1061; baseline -0.005 -8"><span class='ocrx_word' id='word_1_246' title='bbox 1015 1026 1088 1058; x_wconf 87' lang='lat' dir='ltr'><strong>deat,</strong></span> <span class='ocrx_word' id='word_1_247' title='bbox 1109 1031 1240 1061; x_wconf 87' lang='lat' dir='ltr'><strong>quantum</strong></span> <span class='ocrx_word' id='word_1_248' title='bbox 1266 1026 1312 1061; x_wconf 91' lang='lat' dir='ltr'><strong>qui</strong></span> <span class='ocrx_word' id='word_1_249' title='bbox 1337 1026 1433 1059; x_wconf 80' lang='lat' dir='ltr'><strong>audit;</strong></span> <span class='ocrx_word' id='word_1_250' title='bbox 1462 1033 1515 1052; x_wconf 93' lang='lat' dir='ltr'><strong>non</strong></span> <span class='ocrx_word' id='word_1_251' title='bbox 1539 1028 1646 1058; x_wconf 78' lang='lat' dir='ltr'><strong>oportet</strong></span> <span class='ocrx_word' id='word_1_252' title='bbox 1669 1024 1803 1050; x_wconf 84' lang='lat' dir='ltr'><strong>dicentem</strong></span> 
     </span>
    </p>
   </div>
   <div class='ocr_carea' id='block_1_40' title="bbox 1014 1069 1804 1108">
    <p class='ocr_par' dir='ltr' id='par_1_40' title="bbox 1014 1069 1804 1108">
     <span class='ocr_line' id='line_1_40' title="bbox 1014 1069 1804 1108; baseline -0.006 -8"><span class='ocrx_word' id='word_1_253' title='bbox 1014 1073 1123 1108; x_wconf 87' lang='lat' dir='ltr'><strong>quidem</strong></span> <span class='ocrx_word' id='word_1_254' title='bbox 1138 1073 1249 1108; x_wconf 87' lang='lat' dir='ltr'><strong>optima,</strong></span> <span class='ocrx_word' id='word_1_255' title='bbox 1276 1079 1330 1100; x_wconf 93' lang='lat' dir='ltr'><strong>non</strong></span> <span class='ocrx_word' id='word_1_256' title='bbox 1356 1071 1566 1106; x_wconf 90' lang='lat' dir='ltr'><strong>persuadentem</strong></span> <span class='ocrx_word' id='word_1_257' title='bbox 1591 1075 1679 1097; x_wconf 88' lang='lat' dir='ltr'><strong>tamen</strong></span> <span class='ocrx_word' id='word_1_258' title='bbox 1696 1069 1804 1104; x_wconf 49' lang='lat' dir='ltr'><strong>vitupe‘</strong></span> 
     </span>
    </p>
   </div>
   <div class='ocr_carea' id='block_1_41' title="bbox 1016 1114 1765 1152">
    <p class='ocr_par' dir='ltr' id='par_1_41' title="bbox 1016 1114 1765 1152">
     <span class='ocr_line' id='line_1_41' title="bbox 1016 1114 1765 1152; baseline -0.005 -7"><span class='ocrx_word' id='word_1_259' title='bbox 1016 1125 1087 1151; x_wconf 88' lang='lat' dir='ltr'><strong>rare,</strong></span> <span class='ocrx_word' id='word_1_260' title='bbox 1103 1119 1149 1145; x_wconf 87' lang='lat' dir='ltr'><strong>sed</strong></span> <span class='ocrx_word' id='word_1_261' title='bbox 1167 1118 1242 1145; x_wconf 90' lang='lat' dir='ltr'><strong>illum</strong></span> <span class='ocrx_word' id='word_1_262' title='bbox 1256 1118 1302 1152; x_wconf 86' lang='lat' dir='ltr'><strong>qui</strong></span> <span class='ocrx_word' id='word_1_263' title='bbox 1316 1118 1427 1152; x_wconf 84' lang='lat' dir='ltr'><strong>optimis</strong></span> <span class='ocrx_word' id='word_1_264' title='bbox 1445 1115 1603 1152; x_wconf 83' lang='lat' dir='ltr'><strong>persuaderi</strong></span> <span class='ocrx_word' id='word_1_265' title='bbox 1619 1122 1672 1143; x_wconf 94' lang='lat' dir='ltr'><strong>non</strong></span> <span class='ocrx_word' id='word_1_266' title='bbox 1690 1114 1765 1141; x_wconf 81' lang='lat' dir='ltr'><strong>velit.</strong></span> 
     </span>
    </p>
   </div>
   <div class='ocr_carea' id='block_1_42' title="bbox 1247 1171 1572 1200">
    <p class='ocr_par' dir='ltr' id='par_1_42' title="bbox 1247 1171 1572 1200">
     <span class='ocr_line' id='line_1_42' title="bbox 1247 1171 1572 1200; baseline -0.006 0"><span class='ocrx_word' id='word_1_267' title='bbox 1247 1172 1289 1200; x_wconf 77' lang='lat' dir='ltr'><strong>DX</strong></span> <span class='ocrx_word' id='word_1_268' title='bbox 1295 1172 1385 1200; x_wconf 87' lang='lat' dir='ltr'><strong>LVlll.</strong></span> <span class='ocrx_word' id='word_1_269' title='bbox 1403 1187 1438 1193; x_wconf 97' lang='lat'><strong>—</strong></span> <span class='ocrx_word' id='word_1_270' title='bbox 1455 1171 1572 1198; x_wconf 82' lang='lat' dir='ltr'><strong>EIDEM.</strong></span> 
     </span>
    </p>
   </div>
   <div class='ocr_carea' id='block_1_43' title="bbox 423 1224 1552 1262">
    <p class='ocr_par' dir='ltr' id='par_1_43' title="bbox 423 1224 1552 1262">
     <span class='ocr_line' id='line_1_43' title="bbox 423 1224 1552 1262; baseline 0.002 -12"><span class='ocrx_word' id='word_1_271' title='bbox 423 1224 518 1251; x_wconf 77' lang='lat' dir='ltr'><strong>Anima</strong></span> <span class='ocrx_word' id='word_1_272' title='bbox 533 1225 628 1252; x_wconf 73' lang='lat' dir='ltr'><strong>virtute</strong></span> <span class='ocrx_word' id='word_1_273' title='bbox 639 1225 752 1255; x_wconf 82' lang='lat' dir='ltr'><strong>munita,</strong></span> <span class='ocrx_word' id='word_1_274' title='bbox 764 1225 862 1260; x_wconf 83' lang='lat' dir='ltr'><strong>Deique</strong></span> <span class='ocrx_word' id='word_1_275' title='bbox 875 1227 941 1259; x_wconf 78' lang='lat' dir='ltr'><strong>[rem</strong></span> <span class='ocrx_word' id='word_1_276' title='bbox 959 1230 1072 1262; x_wconf 72' lang='lat' dir='ltr'><strong>auzilio,</strong></span> <span class='ocrx_word' id='word_1_277' title='bbox 1090 1231 1159 1257; x_wconf 75' lang='lat' dir='ltr'><strong>arcis</strong></span> <span class='ocrx_word' id='word_1_278' title='bbox 1175 1230 1261 1256; x_wconf 75' lang='lat' dir='ltr'><strong>instar</strong></span> <span class='ocrx_word' id='word_1_279' title='bbox 1275 1233 1314 1256; x_wconf 69' lang='lat' dir='ltr'><strong>est</strong></span> <span class='ocrx_word' id='word_1_280' title='bbox 1329 1227 1552 1262; x_wconf 69' lang='lat' dir='ltr'><strong>inexpugnabilis.</strong></span> 
     </span>
    </p>
   </div>
   <div class='ocr_carea' id='block_1_44' title="bbox 209 1279 955 1316">
    <p class='ocr_par' dir='ltr' id='par_1_44' title="bbox 209 1279 955 1316">
     <span class='ocr_line' id='line_1_44' title="bbox 209 1279 955 1316; baseline 0.003 -10"><span class='ocrx_word' id='word_1_281' title='bbox 209 1280 314 1315; x_wconf 78' lang='grc' dir='ltr'>Ὥσπερ</span> <span class='ocrx_word' id='word_1_282' title='bbox 329 1279 476 1314; x_wconf 74' lang='grc' dir='ltr'>ἀκρόπολις</span> <span class='ocrx_word' id='word_1_283' title='bbox 503 1279 666 1315; x_wconf 81' lang='grc' dir='ltr'>ἁπορθήτοις</span> <span class='ocrx_word' id='word_1_284' title='bbox 680 1280 782 1315; x_wconf 82' lang='grc' dir='ltr'>τείχεσι</span> <span class='ocrx_word' id='word_1_285' title='bbox 808 1289 955 1316; x_wconf 82' lang='grc' dir='ltr'>πεπυργω-</span> 
     </span>
    </p>
   </div>
   <div class='ocr_carea' id='block_1_45' title="bbox 182 1326 962 1362">
    <p class='ocr_par' dir='ltr' id='par_1_45' title="bbox 182 1326 962 1362">
     <span class='ocr_line' id='line_1_45' title="bbox 182 1326 962 1362; baseline 0.001 -9"><span class='ocrx_word' id='word_1_286' title='bbox 182 1327 249 1362; x_wconf 85' lang='grc' dir='ltr'>μένη</span> <span class='ocrx_word' id='word_1_287' title='bbox 262 1346 270 1359; x_wconf 82' lang='grc'><em>,</em></span> <span class='ocrx_word' id='word_1_288' title='bbox 300 1326 437 1361; x_wconf 73' lang='grc' dir='ltr'><strong>καταγελᾷ</strong></span> <span class='ocrx_word' id='word_1_289' title='bbox 455 1326 508 1352; x_wconf 82' lang='grc' dir='ltr'>τῶν</span> <span class='ocrx_word' id='word_1_290' title='bbox 535 1326 754 1362; x_wconf 83' lang='grc' dir='ltr'><strong>πολιορκούντων</strong></span> <span class='ocrx_word' id='word_1_291' title='bbox 769 1327 866 1362; x_wconf 81' lang='grc' dir='ltr'>αὐτὴν,</span> <span class='ocrx_word' id='word_1_292' title='bbox 890 1327 962 1354; x_wconf 76' lang='grc' dir='ltr'>οὕτω</span> 
     </span>
    </p>
   </div>
   <div class='ocr_carea' id='block_1_46' title="bbox 177 1373 964 1409">
    <p class='ocr_par' dir='ltr' id='par_1_46' title="bbox 177 1373 964 1409">
     <span class='ocr_line' id='line_1_46' title="bbox 177 1373 964 1409; baseline 0 -9"><span class='ocrx_word' id='word_1_293' title='bbox 177 1373 225 1400; x_wconf 76' lang='grc' dir='ltr'>καὶ</span> <span class='ocrx_word' id='word_1_294' title='bbox 239 1373 324 1408; x_wconf 46' lang='grc' dir='ltr'>ψυχὴλ</span> <span class='ocrx_word' id='word_1_295' title='bbox 339 1373 361 1398; x_wconf 85' lang='grc' dir='ltr'><strong>εί</strong></span> <span class='ocrx_word' id='word_1_296' title='bbox 384 1373 485 1403; x_wconf 78' lang='grc' dir='ltr'>πάσαις</span> <span class='ocrx_word' id='word_1_297' title='bbox 499 1373 558 1404; x_wconf 86' lang='grc' dir='ltr'>ταῖς</span> <span class='ocrx_word' id='word_1_298' title='bbox 576 1373 688 1407; x_wconf 81' lang='grc' dir='ltr'><strong>ἀρεταῖς</strong></span> <span class='ocrx_word' id='word_1_299' title='bbox 709 1373 808 1408; x_wconf 78' lang='grc' dir='ltr'>ἑαυτὴν</span> <span class='ocrx_word' id='word_1_300' title='bbox 829 1374 964 1409; x_wconf 81' lang='grc' dir='ltr'>περιφρά-</span> 
     </span>
    </p>
   </div>
   <div class='ocr_carea' id='block_1_47' title="bbox 176 1418 962 1455">
    <p class='ocr_par' dir='ltr' id='par_1_47' title="bbox 176 1418 962 1455">
     <span class='ocr_line' id='line_1_47' title="bbox 176 1418 962 1455; baseline 0.001 -10"><span class='ocrx_word' id='word_1_301' title='bbox 176 1419 243 1452; x_wconf 83' lang='grc' dir='ltr'>ξειε,</span> <span class='ocrx_word' id='word_1_302' title='bbox 261 1419 308 1445; x_wconf 79' lang='grc' dir='ltr'>καὶ</span> <span class='ocrx_word' id='word_1_303' title='bbox 321 1419 355 1453; x_wconf 81' lang='grc' dir='ltr'><strong>τῇ</strong></span> <span class='ocrx_word' id='word_1_304' title='bbox 379 1418 440 1453; x_wconf 76' lang='grc' dir='ltr'>Θείᾳ</span> <span class='ocrx_word' id='word_1_305' title='bbox 464 1418 607 1453; x_wconf 71' lang='grc' dir='ltr'>συμμαχίᾳ</span> <span class='ocrx_word' id='word_1_306' title='bbox 623 1418 802 1453; x_wconf 75' lang='grc' dir='ltr'>πυργώσειεν,</span> <span class='ocrx_word' id='word_1_307' title='bbox 815 1420 854 1451; x_wconf 81' lang='grc' dir='ltr'>εἰς</span> <span class='ocrx_word' id='word_1_308' title='bbox 866 1420 962 1455; x_wconf 81' lang='grc' dir='ltr'>αἰσχύ-</span> 
     </span>
    </p>
   </div>
   <div class='ocr_carea' id='block_1_48' title="bbox 177 1464 962 1500">
    <p class='ocr_par' dir='ltr' id='par_1_48' title="bbox 177 1464 962 1500">
     <span class='ocr_line' id='line_1_48' title="bbox 177 1464 962 1500; baseline 0.004 -9"><span class='ocrx_word' id='word_1_309' title='bbox 177 1474 226 1500; x_wconf 90' lang='grc' dir='ltr'>νην</span> <span class='ocrx_word' id='word_1_310' title='bbox 246 1465 294 1491; x_wconf 79' lang='grc' dir='ltr'>καὶ</span> <span class='ocrx_word' id='word_1_311' title='bbox 317 1464 422 1499; x_wconf 82' lang='grc' dir='ltr'>γέλωτα</span> <span class='ocrx_word' id='word_1_312' title='bbox 439 1464 643 1499; x_wconf 72' lang='grc' dir='ltr'><strong>παρασκευάζει</strong></span> <span class='ocrx_word' id='word_1_313' title='bbox 658 1465 817 1500; x_wconf 74' lang='grc' dir='ltr'>τελευτῆσαι</span> <span class='ocrx_word' id='word_1_314' title='bbox 835 1467 892 1497; x_wconf 87' lang='grc' dir='ltr'>τοῖς</span> <span class='ocrx_word' id='word_1_315' title='bbox 914 1475 962 1494; x_wconf 85' lang='grc' dir='ltr'>πο-</span> 
     </span>
    </p>
   </div>
   <div class='ocr_carea' id='block_1_49' title="bbox 177 1510 688 1548">
    <p class='ocr_par' dir='ltr' id='par_1_49' title="bbox 177 1510 688 1548">
     <span class='ocr_line' id='line_1_49' title="bbox 177 1510 688 1548; baseline 0.002 -12"><span class='ocrx_word' id='word_1_316' title='bbox 177 1510 329 1548; x_wconf 85' lang='grc' dir='ltr'>λιορκοῦσιν</span> <span class='ocrx_word' id='word_1_317' title='bbox 344 1510 428 1546; x_wconf 82' lang='grc' dir='ltr'>αὐτὴν</span> <span class='ocrx_word' id='word_1_318' title='bbox 442 1510 476 1537; x_wconf 78' lang='grc' dir='ltr'><strong>τὰ</strong></span> <span class='ocrx_word' id='word_1_319' title='bbox 493 1511 688 1546; x_wconf 86' lang='grc' dir='ltr'>μηχανήματα.</span> 
     </span>
    </p>
   </div>
   <div class='ocr_carea' id='block_1_50' title="bbox 440 1565 706 1601">
    <p class='ocr_par' dir='ltr' id='par_1_50' title="bbox 440 1565 706 1601">
     <span class='ocr_line' id='line_1_50' title="bbox 440 1565 706 1601; baseline -0.004 -9"><span class='ocrx_word' id='word_1_320' title='bbox 440 1566 528 1592; x_wconf 57' lang='grc' dir='ltr'><strong>ΦΜΘΩ</strong></span> <span class='ocrx_word' id='word_1_321' title='bbox 542 1580 578 1585; x_wconf 84' lang='grc'><strong>--</strong></span> <span class='ocrx_word' id='word_1_322' title='bbox 593 1565 706 1601; x_wconf 82' lang='grc' dir='ltr'><strong>ΗΣΑΙᾼ.</strong></span> 
     </span>
    </p>
   </div>
   <div class='ocr_carea' id='block_1_51' title="bbox 1053 1279 1805 1319">
    <p class='ocr_par' dir='ltr' id='par_1_51' title="bbox 1053 1279 1805 1319">
     <span class='ocr_line' id='line_1_51' title="bbox 1053 1279 1805 1319; baseline -0.011 -6"><span class='ocrx_word' id='word_1_323' title='bbox 1053 1285 1086 1312; x_wconf 90' lang='lat' dir='ltr'><strong>Ut</strong></span> <span class='ocrx_word' id='word_1_324' title='bbox 1112 1292 1161 1312; x_wconf 81' lang='lat' dir='ltr'><strong>arx</strong></span> <span class='ocrx_word' id='word_1_325' title='bbox 1179 1282 1433 1319; x_wconf 73' lang='lat' dir='ltr'><strong>inexpugnabilibus</strong></span> <span class='ocrx_word' id='word_1_326' title='bbox 1459 1281 1545 1308; x_wconf 88' lang='lat' dir='ltr'><strong>muris</strong></span> <span class='ocrx_word' id='word_1_327' title='bbox 1570 1279 1655 1307; x_wconf 87' lang='lat' dir='ltr'><strong>cincta</strong></span> <span class='ocrx_word' id='word_1_328' title='bbox 1681 1286 1710 1306; x_wconf 88' lang='lat' dir='ltr'><strong>se</strong></span> <span class='ocrx_word' id='word_1_329' title='bbox 1733 1279 1805 1306; x_wconf 84' lang='lat' dir='ltr'><strong>obsi-</strong></span> 
     </span>
    </p>
   </div>
   <div class='ocr_carea' id='block_1_52' title="bbox 1015 1325 1804 1362">
    <p class='ocr_par' dir='ltr' id='par_1_52' title="bbox 1015 1325 1804 1362">
     <span class='ocr_line' id='line_1_52' title="bbox 1015 1325 1804 1362; baseline -0.008 -5"><span class='ocrx_word' id='word_1_330' title='bbox 1015 1331 1112 1357; x_wconf 86' lang='lat' dir='ltr'><strong>dentes</strong></span> <span class='ocrx_word' id='word_1_331' title='bbox 1132 1330 1238 1362; x_wconf 86' lang='lat' dir='ltr'><strong>irridet,</strong></span> <span class='ocrx_word' id='word_1_332' title='bbox 1255 1329 1292 1356; x_wconf 87' lang='lat' dir='ltr'><strong>ita</strong></span> <span class='ocrx_word' id='word_1_333' title='bbox 1315 1333 1343 1356; x_wconf 89' lang='lat' dir='ltr'><strong>et</strong></span> <span class='ocrx_word' id='word_1_334' title='bbox 1359 1328 1460 1360; x_wconf 84' lang='lat' dir='ltr'><strong>anima,</strong></span> <span class='ocrx_word' id='word_1_335' title='bbox 1482 1326 1556 1354; x_wconf 87' lang='lat' dir='ltr'><strong>omni</strong></span> <span class='ocrx_word' id='word_1_336' title='bbox 1571 1326 1700 1353; x_wconf 89' lang='lat' dir='ltr'><strong>virtutum</strong></span> <span class='ocrx_word' id='word_1_337' title='bbox 1717 1325 1804 1352; x_wconf 87' lang='lat' dir='ltr'><strong>cincta</strong></span> 
     </span>
    </p>
   </div>
   <div class='ocr_carea' id='block_1_53' title="bbox 1016 1370 1805 1409">
    <p class='ocr_par' dir='ltr' id='par_1_53' title="bbox 1016 1370 1805 1409">
     <span class='ocr_line' id='line_1_53' title="bbox 1016 1370 1805 1409; baseline -0.005 -8"><span class='ocrx_word' id='word_1_338' title='bbox 1016 1381 1126 1408; x_wconf 64' lang='lat' dir='ltr'><strong>genere,</strong></span> <span class='ocrx_word' id='word_1_339' title='bbox 1150 1373 1252 1409; x_wconf 87' lang='lat' dir='ltr'><strong>Deique</strong></span> <span class='ocrx_word' id='word_1_340' title='bbox 1267 1373 1435 1401; x_wconf 84' lang='lat' dir='ltr'><strong>communita</strong></span> <span class='ocrx_word' id='word_1_341' title='bbox 1452 1372 1599 1407; x_wconf 85' lang='lat' dir='ltr'><strong>adjutorio,</strong></span> <span class='ocrx_word' id='word_1_342' title='bbox 1618 1371 1744 1398; x_wconf 83' lang='lat' dir='ltr'><strong>ruborem</strong></span> <span class='ocrx_word' id='word_1_343' title='bbox 1763 1370 1805 1397; x_wconf 91' lang='lat' dir='ltr'><strong>in-</strong></span> 
     </span>
    </p>
   </div>
   <div class='ocr_carea' id='block_1_54' title="bbox 1015 1416 1712 1453">
    <p class='ocr_par' dir='ltr' id='par_1_54' title="bbox 1015 1416 1712 1453">
     <span class='ocr_line' id='line_1_54' title="bbox 1015 1416 1712 1453; baseline -0.004 -8"><span class='ocrx_word' id='word_1_344' title='bbox 1015 1418 1100 1446; x_wconf 89' lang='lat' dir='ltr'><strong>cutiet</strong></span> <span class='ocrx_word' id='word_1_345' title='bbox 1118 1418 1271 1453; x_wconf 86' lang='lat' dir='ltr'><strong>ridebitque</strong></span> <span class='ocrx_word' id='word_1_346' title='bbox 1284 1425 1344 1445; x_wconf 90' lang='lat' dir='ltr'><strong>eam</strong></span> <span class='ocrx_word' id='word_1_347' title='bbox 1357 1416 1572 1451; x_wconf 76' lang='lat' dir='ltr'><strong>oppugnantium</strong></span> <span class='ocrx_word' id='word_1_348' title='bbox 1587 1419 1712 1443; x_wconf 83' lang='lat' dir='ltr'><strong>conatus.</strong></span> 
     </span>
    </p>
   </div>
   <div class='ocr_carea' id='block_1_55' title="bbox 1258 1560 1555 1590">
    <p class='ocr_par' dir='ltr' id='par_1_55' title="bbox 1258 1560 1555 1590">
     <span class='ocr_line' id='line_1_55' title="bbox 1258 1560 1555 1590; baseline -0.007 0"><span class='ocrx_word' id='word_1_349' title='bbox 1258 1562 1374 1590; x_wconf 79' lang='lat' dir='ltr'><strong>DXLIX.</strong></span> <span class='ocrx_word' id='word_1_350' title='bbox 1389 1576 1425 1582; x_wconf 94' lang='lat'><strong>—</strong></span> <span class='ocrx_word' id='word_1_351' title='bbox 1439 1560 1555 1589; x_wconf 74' lang='lat' dir='ltr'><strong>ISAUE.</strong></span> 
     </span>
    </p>
   </div>
   <div class='ocr_carea' id='block_1_56' title="bbox 454 1618 1521 1656">
    <p class='ocr_par' dir='ltr' id='par_1_56' title="bbox 454 1618 1521 1656">
     <span class='ocr_line' id='line_1_56' title="bbox 454 1618 1521 1656; baseline -0.002 -8"><span class='ocrx_word' id='word_1_352' title='bbox 454 1621 503 1649; x_wconf 81' lang='lat' dir='ltr'><strong>Dei</strong></span> <span class='ocrx_word' id='word_1_353' title='bbox 515 1622 697 1656; x_wconf 75' lang='lat' dir='ltr'><strong>longanimitas</strong></span> <span class='ocrx_word' id='word_1_354' title='bbox 711 1623 745 1649; x_wconf 84' lang='lat' dir='ltr'><strong>atl</strong></span> <span class='ocrx_word' id='word_1_355' title='bbox 762 1623 940 1654; x_wconf 72' lang='lat' dir='ltr'><strong>paenitentiam</strong></span> <span class='ocrx_word' id='word_1_356' title='bbox 952 1623 1056 1650; x_wconf 74' lang='lat' dir='ltr'><strong>inritat.</strong></span> <span class='ocrx_word' id='word_1_357' title='bbox 1074 1621 1160 1656; x_wconf 81' lang='lat' dir='ltr'><strong>(Ilom.</strong></span> <span class='ocrx_word' id='word_1_358' title='bbox 1178 1627 1209 1653; x_wconf 87' lang='lat' dir='ltr'><strong>tt,</strong></span> <span class='ocrx_word' id='word_1_359' title='bbox 1228 1620 1254 1647; x_wconf 69' lang='grc' dir='ltr'><strong>Δ.</strong></span> <span class='ocrx_word' id='word_1_360' title='bbox 1271 1619 1335 1655; x_wconf 86' lang='lat' dir='ltr'><strong>Sup.</strong></span> <span class='ocrx_word' id='word_1_361' title='bbox 1352 1620 1428 1654; x_wconf 79' lang='lat' dir='ltr'><strong>epist.</strong></span> <span class='ocrx_word' id='word_1_362' title='bbox 1446 1618 1521 1654; x_wconf 75' lang='grc'><strong>526.)</strong></span> 
     </span>
    </p>
   </div>
   <div class='ocr_carea' id='block_1_57' title="bbox 214 1671 979 1715">
    <p class='ocr_par' dir='ltr' id='par_1_57' title="bbox 214 1677 963 1715">
     <span class='ocr_line' id='line_1_57' title="bbox 214 1677 963 1715; baseline -0.003 -8"><span class='ocrx_word' id='word_1_363' title='bbox 214 1680 261 1715; x_wconf 74' lang='grc' dir='ltr'><strong>Μὴ</strong></span> <span class='ocrx_word' id='word_1_364' title='bbox 275 1680 292 1715; x_wconf 83' lang='grc' dir='ltr'>ὴ</span> <span class='ocrx_word' id='word_1_365' title='bbox 307 1679 366 1706; x_wconf 86' lang='grc' dir='ltr'>θεία</span> <span class='ocrx_word' id='word_1_366' title='bbox 380 1677 555 1713; x_wconf 72' lang='grc' dir='ltr'><strong>μακροθυμία</strong></span> <span class='ocrx_word' id='word_1_367' title='bbox 570 1677 731 1713; x_wconf 78' lang='grc' dir='ltr'>ὲπιτριΰέτω</span> <span class='ocrx_word' id='word_1_368' title='bbox 753 1686 782 1704; x_wconf 85' lang='grc' dir='ltr'>σε</span> <span class='ocrx_word' id='word_1_369' title='bbox 794 1679 833 1709; x_wconf 83' lang='grc' dir='ltr'><strong>είς</strong></span> <span class='ocrx_word' id='word_1_370' title='bbox 851 1678 963 1711; x_wconf 79' lang='grc' dir='ltr'>κακίαν,</span> 
     </span>
    </p>
   </div>
   <div class='ocr_carea' id='block_1_58' title="bbox 1018 1671 1805 1715">
    <p class='ocr_par' dir='ltr' id='par_1_58' title="bbox 1056 1673 1805 1709">
     <span class='ocr_line' id='line_1_58' title="bbox 1056 1673 1805 1709; baseline -0.004 -6"><span class='ocrx_word' id='word_1_371' title='bbox 1056 1676 1127 1703; x_wconf 85' lang='lat' dir='ltr'><strong>Cave</strong></span> <span class='ocrx_word' id='word_1_372' title='bbox 1143 1683 1178 1703; x_wconf 89' lang='lat' dir='ltr'><strong>ne</strong></span> <span class='ocrx_word' id='word_1_373' title='bbox 1192 1674 1238 1702; x_wconf 87' lang='lat' dir='ltr'><strong>Dei</strong></span> <span class='ocrx_word' id='word_1_374' title='bbox 1254 1674 1444 1709; x_wconf 79' lang='lat' dir='ltr'><strong>longanimitas</strong></span> <span class='ocrx_word' id='word_1_375' title='bbox 1457 1674 1490 1701; x_wconf 85' lang='lat' dir='ltr'><strong>ad</strong></span> <span class='ocrx_word' id='word_1_376' title='bbox 1505 1673 1604 1700; x_wconf 86' lang='lat' dir='ltr'><strong>malum</strong></span> <span class='ocrx_word' id='word_1_377' title='bbox 1626 1677 1652 1700; x_wconf 88' lang='lat' dir='ltr'><strong>te</strong></span> <span class='ocrx_word' id='word_1_378' title='bbox 1666 1679 1805 1707; x_wconf 83' lang='lat' dir='ltr'><strong>provocet,</strong></span> 
     </span>
    </p>
   </div>
   <div class='ocr_carea' id='block_1_59' title="bbox 179 1723 964 1761">
    <p class='ocr_par' dir='ltr' id='par_1_59' title="bbox 179 1723 964 1761">
     <span class='ocr_line' id='line_1_59' title="bbox 179 1723 964 1761; baseline -0.004 -8"><span class='ocrx_word' id='word_1_379' title='bbox 179 1727 237 1753; x_wconf 79' lang='grc' dir='ltr'>ἀλλ’</span> <span class='ocrx_word' id='word_1_380' title='bbox 253 1727 293 1758; x_wconf 82' lang='grc' dir='ltr'>εἰς</span> <span class='ocrx_word' id='word_1_381' title='bbox 315 1725 415 1761; x_wconf 83' lang='grc' dir='ltr'>ἀρετὴν</span> <span class='ocrx_word' id='word_1_382' title='bbox 431 1723 635 1759; x_wconf 83' lang='grc' dir='ltr'>παρακαλείτω.</span> <span class='ocrx_word' id='word_1_383' title='bbox 660 1723 847 1750; x_wconf 80' lang='grc' dir='ltr'>’Δτοπώτατον</span> <span class='ocrx_word' id='word_1_384' title='bbox 859 1723 914 1760; x_wconf 84' lang='grc' dir='ltr'><strong>γὰρ</strong></span> <span class='ocrx_word' id='word_1_385' title='bbox 932 1724 964 1750; x_wconf 79' lang='grc' dir='ltr'>τὸ</span> 
     </span>
    </p>
   </div>
   <div class='ocr_carea' id='block_1_60' title="bbox 179 1769 963 1805">
    <p class='ocr_par' dir='ltr' id='par_1_60' title="bbox 179 1769 963 1805">
     <span class='ocr_line' id='line_1_60' title="bbox 179 1769 963 1805; baseline -0.005 -6"><span class='ocrx_word' id='word_1_386' title='bbox 179 1772 222 1799; x_wconf 78' lang='grc' dir='ltr'>διὰ</span> <span class='ocrx_word' id='word_1_387' title='bbox 234 1772 287 1798; x_wconf 83' lang='grc' dir='ltr'>τῶν</span> <span class='ocrx_word' id='word_1_388' title='bbox 305 1771 415 1804; x_wconf 82' lang='grc' dir='ltr'>ἀγαθῶν</span> <span class='ocrx_word' id='word_1_389' title='bbox 432 1769 597 1805; x_wconf 83' lang='grc' dir='ltr'>βλάπτεσθαι</span> <span class='ocrx_word' id='word_1_390' title='bbox 608 1777 616 1783; x_wconf 82' lang='lat'><strong>&#39;</strong></span> <span class='ocrx_word' id='word_1_391' title='bbox 629 1769 729 1803; x_wconf 81' lang='grc' dir='ltr'>ἀγαθὸν</span> <span class='ocrx_word' id='word_1_392' title='bbox 743 1769 771 1795; x_wconf 81' lang='grc' dir='ltr'>δὲ</span> <span class='ocrx_word' id='word_1_393' title='bbox 790 1771 807 1804; x_wconf 90' lang='grc' dir='ltr'>ὴ</span> <span class='ocrx_word' id='word_1_394' title='bbox 826 1769 963 1805; x_wconf 67' lang='grc' dir='ltr'>μακροθυ-</span> 
     </span>
    </p>
   </div>
   <div class='ocr_carea' id='block_1_61' title="bbox 182 1814 963 1852">
    <p class='ocr_par' dir='ltr' id='par_1_61' title="bbox 182 1814 963 1852">
     <span class='ocr_line' id='line_1_61' title="bbox 182 1814 963 1852; baseline -0.004 -9"><span class='ocrx_word' id='word_1_395' title='bbox 182 1818 231 1852; x_wconf 88' lang='grc' dir='ltr'>μία</span> <span class='ocrx_word' id='word_1_396' title='bbox 242 1816 316 1842; x_wconf 75' lang='grc' dir='ltr'>ἐλεον</span> <span class='ocrx_word' id='word_1_397' title='bbox 335 1816 383 1850; x_wconf 82' lang='grc' dir='ltr'>μὲν</span> <span class='ocrx_word' id='word_1_398' title='bbox 403 1817 460 1847; x_wconf 77' lang='grc' dir='ltr'>τοῖς</span> <span class='ocrx_word' id='word_1_399' title='bbox 477 1814 636 1850; x_wconf 83' lang='grc' dir='ltr'>μετανοοῦσι</span> <span class='ocrx_word' id='word_1_400' title='bbox 647 1835 654 1848; x_wconf 89' lang='grc'><strong>,</strong></span> <span class='ocrx_word' id='word_1_401' title='bbox 675 1814 765 1850; x_wconf 86' lang='grc' dir='ltr'>κρίσιν</span> <span class='ocrx_word' id='word_1_402' title='bbox 782 1814 809 1841; x_wconf 80' lang='grc' dir='ltr'>δὲ</span> <span class='ocrx_word' id='word_1_403' title='bbox 823 1815 878 1846; x_wconf 78' lang='grc' dir='ltr'>τοῖς</span> <span class='ocrx_word' id='word_1_404' title='bbox 896 1815 963 1849; x_wconf 85' lang='grc' dir='ltr'>ἀμε-</span> 
     </span>
    </p>
   </div>
   <div class='ocr_carea' id='block_1_62' title="bbox 180 1860 478 1898">
    <p class='ocr_par' dir='ltr' id='par_1_62' title="bbox 180 1860 478 1898">
     <span class='ocr_line' id='line_1_62' title="bbox 180 1860 478 1898; baseline -0.007 -10"><span class='ocrx_word' id='word_1_405' title='bbox 180 1862 319 1898; x_wconf 78' lang='grc' dir='ltr'>τανοήτοις</span> <span class='ocrx_word' id='word_1_406' title='bbox 335 1860 478 1887; x_wconf 83' lang='grc' dir='ltr'>ὠδίνουσα.</span> 
     </span>
    </p>
   </div>
   <div class='ocr_carea' id='block_1_63' title="bbox 333 1914 811 1949">
    <p class='ocr_par' dir='ltr' id='par_1_63' title="bbox 333 1914 811 1949">
     <span class='ocr_line' id='line_1_63' title="bbox 333 1914 811 1949; baseline -0.004 -7"><span class='ocrx_word' id='word_1_407' title='bbox 333 1915 396 1942; x_wconf 72' lang='grc' dir='ltr'><strong>ψΝν.</strong></span> <span class='ocrx_word' id='word_1_408' title='bbox 411 1929 447 1935; x_wconf 95' lang='grc'><strong>-</strong></span> <span class='ocrx_word' id='word_1_409' title='bbox 465 1914 637 1949; x_wconf 61' lang='lat' dir='ltr'><strong>namnam</strong></span> <span class='ocrx_word' id='word_1_410' title='bbox 650 1914 811 1949; x_wconf 78' lang='grc' dir='ltr'><strong>ΔΙΑΚΟΝῼ.</strong></span> 
     </span>
    </p>
   </div>
   <div class='ocr_carea' id='block_1_64' title="bbox 1018 1719 1805 1756">
    <p class='ocr_par' dir='ltr' id='par_1_64' title="bbox 1018 1719 1805 1756">
     <span class='ocr_line' id='line_1_64' title="bbox 1018 1719 1805 1756; baseline -0.003 -8"><span class='ocrx_word' id='word_1_411' title='bbox 1018 1721 1083 1756; x_wconf 88' lang='lat' dir='ltr'><strong>quin</strong></span> <span class='ocrx_word' id='word_1_412' title='bbox 1099 1722 1133 1748; x_wconf 89' lang='lat' dir='ltr'><strong>ad</strong></span> <span class='ocrx_word' id='word_1_413' title='bbox 1150 1720 1277 1748; x_wconf 80' lang='lat' dir='ltr'><strong>virtutem</strong></span> <span class='ocrx_word' id='word_1_414' title='bbox 1299 1726 1326 1747; x_wconf 90' lang='lat' dir='ltr'><strong>te</strong></span> <span class='ocrx_word' id='word_1_415' title='bbox 1343 1721 1434 1754; x_wconf 89' lang='lat' dir='ltr'><strong>potius</strong></span> <span class='ocrx_word' id='word_1_416' title='bbox 1451 1720 1555 1746; x_wconf 83' lang='lat' dir='ltr'><strong>invitet.</strong></span> <span class='ocrx_word' id='word_1_417' title='bbox 1573 1719 1805 1746; x_wconf 79' lang='lat' dir='ltr'><strong>Absurdissimum</strong></span> 
     </span>
    </p>
   </div>
   <div class='ocr_carea' id='block_1_65' title="bbox 1017 1764 1808 1799">
    <p class='ocr_par' dir='ltr' id='par_1_65' title="bbox 1017 1764 1808 1799">
     <span class='ocr_line' id='line_1_65' title="bbox 1017 1764 1808 1799; baseline -0.001 -7"><span class='ocrx_word' id='word_1_418' title='bbox 1017 1766 1090 1793; x_wconf 89' lang='lat' dir='ltr'><strong>enim</strong></span> <span class='ocrx_word' id='word_1_419' title='bbox 1106 1773 1121 1792; x_wconf 90' lang='lat' dir='ltr'><strong>a</strong></span> <span class='ocrx_word' id='word_1_420' title='bbox 1139 1772 1169 1792; x_wconf 90' lang='lat' dir='ltr'><strong>re</strong></span> <span class='ocrx_word' id='word_1_421' title='bbox 1190 1766 1262 1793; x_wconf 86' lang='lat' dir='ltr'><strong>bona</strong></span> <span class='ocrx_word' id='word_1_422' title='bbox 1280 1765 1351 1793; x_wconf 74' lang='lat' dir='ltr'><strong>lzedi.</strong></span> <span class='ocrx_word' id='word_1_423' title='bbox 1369 1765 1442 1792; x_wconf 89' lang='lat' dir='ltr'><strong>Bona</strong></span> <span class='ocrx_word' id='word_1_424' title='bbox 1465 1769 1555 1792; x_wconf 88' lang='lat' dir='ltr'><strong>autem</strong></span> <span class='ocrx_word' id='word_1_425' title='bbox 1574 1764 1621 1792; x_wconf 89' lang='lat' dir='ltr'><strong>Dei</strong></span> <span class='ocrx_word' id='word_1_426' title='bbox 1644 1769 1686 1792; x_wconf 90' lang='lat' dir='ltr'><strong>est</strong></span> <span class='ocrx_word' id='word_1_427' title='bbox 1702 1764 1808 1799; x_wconf 85' lang='lat' dir='ltr'><strong>patien-</strong></span> 
     </span>
    </p>
   </div>
   <div class='ocr_carea' id='block_1_66' title="bbox 1018 1809 1806 1844">
    <p class='ocr_par' dir='ltr' id='par_1_66' title="bbox 1018 1809 1806 1844">
     <span class='ocr_line' id='line_1_66' title="bbox 1018 1809 1806 1844; baseline -0.003 -6"><span class='ocrx_word' id='word_1_428' title='bbox 1018 1812 1065 1844; x_wconf 86' lang='lat' dir='ltr'><strong>tia,</strong></span> <span class='ocrx_word' id='word_1_429' title='bbox 1083 1811 1114 1838; x_wconf 89' lang='lat' dir='ltr'><strong>ad</strong></span> <span class='ocrx_word' id='word_1_430' title='bbox 1132 1811 1350 1838; x_wconf 86' lang='lat' dir='ltr'><strong>misericordiam</strong></span> <span class='ocrx_word' id='word_1_431' title='bbox 1365 1810 1552 1844; x_wconf 85' lang='lat' dir='ltr'><strong>resipiscenti;</strong></span> <span class='ocrx_word' id='word_1_432' title='bbox 1576 1814 1606 1836; x_wconf 90' lang='lat' dir='ltr'><strong>ut</strong></span> <span class='ocrx_word' id='word_1_433' title='bbox 1621 1814 1714 1837; x_wconf 88' lang='lat' dir='ltr'><strong>contra</strong></span> <span class='ocrx_word' id='word_1_434' title='bbox 1735 1809 1806 1844; x_wconf 87' lang='lat' dir='ltr'><strong>judi-</strong></span> 
     </span>
    </p>
   </div>
   <div class='ocr_carea' id='block_1_67' title="bbox 1020 1856 1482 1892">
    <p class='ocr_par' dir='ltr' id='par_1_67' title="bbox 1020 1856 1482 1892">
     <span class='ocr_line' id='line_1_67' title="bbox 1020 1856 1482 1892; baseline -0.006 -7"><span class='ocrx_word' id='word_1_435' title='bbox 1020 1858 1092 1885; x_wconf 89' lang='lat' dir='ltr'><strong>cium</strong></span> <span class='ocrx_word' id='word_1_436' title='bbox 1106 1857 1190 1892; x_wconf 76' lang='lat' dir='ltr'><strong>gignit</strong></span> <span class='ocrx_word' id='word_1_437' title='bbox 1205 1864 1257 1884; x_wconf 87' lang='lat' dir='ltr'><strong>non</strong></span> <span class='ocrx_word' id='word_1_438' title='bbox 1276 1856 1482 1892; x_wconf 84' lang='lat' dir='ltr'><strong>paenitentibus.</strong></span> 
     </span>
    </p>
   </div>
   <div class='ocr_carea' id='block_1_68' title="bbox 1179 1910 1647 1940">
    <p class='ocr_par' dir='ltr' id='par_1_68' title="bbox 1179 1910 1647 1940">
     <span class='ocr_line' id='line_1_68' title="bbox 1179 1910 1647 1940; baseline -0.002 -1"><span class='ocrx_word' id='word_1_439' title='bbox 1179 1912 1234 1940; x_wconf 89' lang='lat' dir='ltr'><strong>DL.</strong></span> <span class='ocrx_word' id='word_1_440' title='bbox 1247 1927 1284 1933; x_wconf 90' lang='lat'><strong>—</strong></span> <span class='ocrx_word' id='word_1_441' title='bbox 1296 1911 1466 1939; x_wconf 81' lang='lat' dir='ltr'><strong>PALLADIO</strong></span> <span class='ocrx_word' id='word_1_442' title='bbox 1486 1910 1647 1939; x_wconf 83' lang='lat' dir='ltr'><strong>DlACONO.</strong></span> 
     </span>
    </p>
   </div>
   <div class='ocr_carea' id='block_1_69' title="bbox 654 1969 1333 1998">
    <p class='ocr_par' dir='ltr' id='par_1_69' title="bbox 654 1969 1333 1998">
     <span class='ocr_line' id='line_1_69' title="bbox 654 1969 1333 1998; baseline -0.001 -1"><span class='ocrx_word' id='word_1_443' title='bbox 654 1970 778 1998; x_wconf 78' lang='lat' dir='ltr'><strong>Summus</strong></span> <span class='ocrx_word' id='word_1_444' title='bbox 796 1970 945 1997; x_wconf 77' lang='lat' dir='ltr'><strong>morborum</strong></span> <span class='ocrx_word' id='word_1_445' title='bbox 963 1970 1046 1997; x_wconf 83' lang='lat' dir='ltr'><strong>animi</strong></span> <span class='ocrx_word' id='word_1_446' title='bbox 1066 1971 1181 1998; x_wconf 70' lang='lat' dir='ltr'><strong>medicus</strong></span> <span class='ocrx_word' id='word_1_447' title='bbox 1196 1969 1264 1996; x_wconf 73' lang='lat' dir='ltr'><strong>Deus</strong></span> <span class='ocrx_word' id='word_1_448' title='bbox 1284 1973 1333 1996; x_wconf 75' lang='lat' dir='ltr'><strong>est.</strong></span> 
     </span>
    </p>
   </div>
   <div class='ocr_carea' id='block_1_70' title="bbox 218 2025 966 2062">
    <p class='ocr_par' dir='ltr' id='par_1_70' title="bbox 218 2025 966 2062">
     <span class='ocr_line' id='line_1_70' title="bbox 218 2025 966 2062; baseline -0.007 -6"><span class='ocrx_word' id='word_1_449' title='bbox 218 2027 392 2062; x_wconf 69' lang='grc' dir='ltr'>Πυνθάνομαι</span> <span class='ocrx_word' id='word_1_450' title='bbox 404 2048 411 2060; x_wconf 82' lang='grc'><em>,</em></span> <span class='ocrx_word' id='word_1_451' title='bbox 427 2027 468 2053; x_wconf 85' lang='grc' dir='ltr'>ὃτι</span> <span class='ocrx_word' id='word_1_452' title='bbox 490 2026 520 2053; x_wconf 86' lang='grc' dir='ltr'>τὸ</span> <span class='ocrx_word' id='word_1_453' title='bbox 535 2025 642 2061; x_wconf 83' lang='grc' dir='ltr'>νόσημα</span> <span class='ocrx_word' id='word_1_454' title='bbox 667 2026 715 2061; x_wconf 86' lang='grc' dir='ltr'>τῆς</span> <span class='ocrx_word' id='word_1_455' title='bbox 738 2026 787 2061; x_wconf 84' lang='grc' dir='ltr'>σῆς</span> <span class='ocrx_word' id='word_1_456' title='bbox 809 2025 898 2060; x_wconf 78' lang='grc' dir='ltr'>ψυχῆς</span> <span class='ocrx_word' id='word_1_457' title='bbox 913 2025 966 2052; x_wconf 79' lang='grc' dir='ltr'><strong>ἀπὸ</strong></span> 
     </span>
    </p>
   </div>
   <div class='ocr_carea' id='block_1_71' title="bbox 184 2071 966 2111">
    <p class='ocr_par' dir='ltr' id='par_1_71' title="bbox 184 2071 966 2111">
     <span class='ocr_line' id='line_1_71' title="bbox 184 2071 966 2111; baseline -0.005 -10"><span class='ocrx_word' id='word_1_458' title='bbox 184 2074 289 2111; x_wconf 82' lang='grc' dir='ltr'>μικρῶν</span> <span class='ocrx_word' id='word_1_459' title='bbox 316 2074 363 2100; x_wconf 76' lang='grc' dir='ltr'>καὶ</span> <span class='ocrx_word' id='word_1_460' title='bbox 389 2072 498 2107; x_wconf 81' lang='grc' dir='ltr'>φαύλων</span> <span class='ocrx_word' id='word_1_461' title='bbox 518 2071 637 2107; x_wconf 73' lang='grc' dir='ltr'>ὁρμηθὲν</span> <span class='ocrx_word' id='word_1_462' title='bbox 667 2071 738 2098; x_wconf 85' lang='grc' dir='ltr'>κατὰ</span> <span class='ocrx_word' id='word_1_463' title='bbox 767 2071 821 2097; x_wconf 82' lang='grc' dir='ltr'><strong>τῶν</strong></span> <span class='ocrx_word' id='word_1_464' title='bbox 851 2071 966 2105; x_wconf 81' lang='grc' dir='ltr'>καιρίων</span> 
     </span>
    </p>
   </div>
   <div class='ocr_carea' id='block_1_72' title="bbox 183 2116 966 2156">
    <p class='ocr_par' dir='ltr' id='par_1_72' title="bbox 183 2116 966 2156">
     <span class='ocr_line' id='line_1_72' title="bbox 183 2116 966 2156; baseline -0.005 -10"><span class='ocrx_word' id='word_1_465' title='bbox 183 2120 331 2156; x_wconf 74' lang='grc' dir='ltr'>ἐχώρησεν,</span> <span class='ocrx_word' id='word_1_466' title='bbox 357 2118 480 2153; x_wconf 80' lang='grc' dir='ltr'>ἰατρικῆς</span> <span class='ocrx_word' id='word_1_467' title='bbox 495 2117 592 2152; x_wconf 83' lang='grc' dir='ltr'>τέχνης</span> <span class='ocrx_word' id='word_1_468' title='bbox 615 2118 739 2151; x_wconf 80' lang='grc' dir='ltr'>κρεῖττον</span> <span class='ocrx_word' id='word_1_469' title='bbox 754 2116 910 2151; x_wconf 81' lang='grc' dir='ltr'>γενόμενον.</span> <span class='ocrx_word' id='word_1_470' title='bbox 935 2116 966 2142; x_wconf 88' lang='grc' dir='ltr'><strong>Εἰ</strong></span> 
     </span>
    </p>
   </div>
   <div class='ocr_carea' id='block_1_73' title="bbox 181 2160 967 2196">
    <p class='ocr_par' dir='ltr' id='par_1_73' title="bbox 181 2160 967 2196">
     <span class='ocr_line' id='line_1_73' title="bbox 181 2160 967 2196; baseline -0.006 -6"><span class='ocrx_word' id='word_1_471' title='bbox 181 2165 271 2191; x_wconf 76' lang='grc' dir='ltr'>τοίνυν</span> <span class='ocrx_word' id='word_1_472' title='bbox 287 2162 361 2189; x_wconf 75' lang='grc' dir='ltr'>ταῦθ’</span> <span class='ocrx_word' id='word_1_473' title='bbox 383 2161 468 2193; x_wconf 74' lang='grc' dir='ltr'>οὕτως</span> <span class='ocrx_word' id='word_1_474' title='bbox 483 2162 550 2196; x_wconf 74' lang='grc' dir='ltr'>ἔχει,</span> <span class='ocrx_word' id='word_1_475' title='bbox 566 2161 713 2196; x_wconf 65' lang='grc' dir='ltr'>ἐπίτρεψον</span> <span class='ocrx_word' id='word_1_476' title='bbox 730 2160 826 2187; x_wconf 77' lang='grc' dir='ltr'>ἑαυτὸν</span> <span class='ocrx_word' id='word_1_477' title='bbox 856 2161 888 2195; x_wconf 82' lang='grc' dir='ltr'>τῇ</span> <span class='ocrx_word' id='word_1_478' title='bbox 907 2161 967 2186; x_wconf 81' lang='grc' dir='ltr'><strong>ὲπι-</strong></span> 
     </span>
    </p>
   </div>
   <div class='ocr_carea' id='block_1_74' title="bbox 183 2205 968 2246">
    <p class='ocr_par' dir='ltr' id='par_1_74' title="bbox 183 2205 968 2246">
     <span class='ocr_line' id='line_1_74' title="bbox 183 2205 968 2246; baseline -0.009 -8"><span class='ocrx_word' id='word_1_479' title='bbox 183 2211 331 2246; x_wconf 80' lang='grc' dir='ltr'>στημονικῇ</span> <span class='ocrx_word' id='word_1_480' title='bbox 347 2209 394 2235; x_wconf 78' lang='grc' dir='ltr'>καὶ</span> <span class='ocrx_word' id='word_1_481' title='bbox 411 2208 469 2244; x_wconf 80' lang='grc' dir='ltr'>θείᾳ</span> <span class='ocrx_word' id='word_1_482' title='bbox 484 2208 570 2243; x_wconf 82' lang='grc' dir='ltr'>χειρί·</span> <span class='ocrx_word' id='word_1_483' title='bbox 615 2207 675 2234; x_wconf 70' lang='grc' dir='ltr'>οὔτε</span> <span class='ocrx_word' id='word_1_484' title='bbox 692 2207 808 2242; x_wconf 76' lang='grc' dir='ltr'>νόσημα,</span> <span class='ocrx_word' id='word_1_485' title='bbox 824 2205 886 2232; x_wconf 73' lang='grc' dir='ltr'>οὔτε</span> <span class='ocrx_word' id='word_1_486' title='bbox 904 2207 968 2241; x_wconf 84' lang='grc' dir='ltr'>χρό-</span> 
     </span>
    </p>
   </div>
   <div class='ocr_carea' id='block_1_75' title="bbox 185 2252 969 2290">
    <p class='ocr_par' dir='ltr' id='par_1_75' title="bbox 185 2252 969 2290">
     <span class='ocr_line' id='line_1_75' title="bbox 185 2252 969 2290; baseline -0.008 -7"><span class='ocrx_word' id='word_1_487' title='bbox 185 2265 240 2289; x_wconf 83' lang='grc' dir='ltr'>νος,</span> <span class='ocrx_word' id='word_1_488' title='bbox 266 2255 326 2283; x_wconf 73' lang='grc' dir='ltr'>οὔτε</span> <span class='ocrx_word' id='word_1_489' title='bbox 353 2255 432 2290; x_wconf 75' lang='grc' dir='ltr'>φύσις</span> <span class='ocrx_word' id='word_1_490' title='bbox 459 2255 533 2280; x_wconf 75' lang='grc' dir='ltr'>ἐστὶν</span> <span class='ocrx_word' id='word_1_491' title='bbox 556 2253 717 2285; x_wconf 81' lang='grc' dir='ltr'>ἀντίπαλος,</span> <span class='ocrx_word' id='word_1_492' title='bbox 734 2254 781 2279; x_wconf 78' lang='grc' dir='ltr'>καὶ</span> <span class='ocrx_word' id='word_1_493' title='bbox 807 2252 905 2288; x_wconf 70' lang='grc' dir='ltr'>ῥᾳδίως</span> <span class='ocrx_word' id='word_1_494' title='bbox 928 2252 969 2283; x_wconf 87' lang='grc' dir='ltr'><strong>είς</strong></span> 
     </span>
    </p>
   </div>
   <div class='ocr_carea' id='block_1_76' title="bbox 183 2301 561 2336">
    <p class='ocr_par' dir='ltr' id='par_1_76' title="bbox 183 2301 561 2336">
     <span class='ocr_line' id='line_1_76' title="bbox 183 2301 561 2336; baseline -0.008 -7"><span class='ocrx_word' id='word_1_495' title='bbox 183 2302 286 2336; x_wconf 81' lang='grc' dir='ltr'>ὑγίειαν</span> <span class='ocrx_word' id='word_1_496' title='bbox 303 2301 494 2336; x_wconf 81' lang='grc' dir='ltr'>ἀναστοιχειωθ</span> <span class='ocrx_word' id='word_1_497' title='bbox 499 2301 514 2335; x_wconf 85' lang='grc' dir='ltr'><strong>ή</strong></span> <span class='ocrx_word' id='word_1_498' title='bbox 519 2309 561 2335; x_wconf 84' lang='grc' dir='ltr'><strong>σῃ.</strong></span> 
     </span>
    </p>
   </div>
   <div class='ocr_carea' id='block_1_77' title="bbox 415 2354 757 2388">
    <p class='ocr_par' dir='ltr' id='par_1_77' title="bbox 415 2354 757 2388">
     <span class='ocr_line' id='line_1_77' title="bbox 415 2354 757 2388; baseline -0.006 -7"><span class='ocrx_word' id='word_1_499' title='bbox 415 2355 502 2381; x_wconf 60' lang='lat' dir='ltr'><strong>arma</strong></span> <span class='ocrx_word' id='word_1_500' title='bbox 523 2369 557 2375; x_wconf 93' lang='grc'><strong><em>-</em></strong></span> <span class='ocrx_word' id='word_1_501' title='bbox 576 2354 757 2388; x_wconf 78' lang='grc' dir='ltr'><strong>ΘΕΟΦΑΝΙῼ.</strong></span> 
     </span>
    </p>
   </div>
   <div class='ocr_carea' id='block_1_78' title="bbox 1054 2022 1806 2058">
    <p class='ocr_par' dir='ltr' id='par_1_78' title="bbox 1054 2022 1806 2058">
     <span class='ocr_line' id='line_1_78' title="bbox 1054 2022 1806 2058; baseline -0.007 -4"><span class='ocrx_word' id='word_1_502' title='bbox 1054 2026 1140 2054; x_wconf 80' lang='lat' dir='ltr'><strong>Audio</strong></span> <span class='ocrx_word' id='word_1_503' title='bbox 1171 2026 1254 2053; x_wconf 85' lang='lat' dir='ltr'><strong>animi</strong></span> <span class='ocrx_word' id='word_1_504' title='bbox 1280 2026 1318 2052; x_wconf 91' lang='lat' dir='ltr'><strong>tui</strong></span> <span class='ocrx_word' id='word_1_505' title='bbox 1343 2025 1482 2055; x_wconf 88' lang='lat' dir='ltr'><strong>morbum,</strong></span> <span class='ocrx_word' id='word_1_506' title='bbox 1518 2031 1532 2050; x_wconf 89' lang='lat' dir='ltr'><strong>e</strong></span> <span class='ocrx_word' id='word_1_507' title='bbox 1558 2022 1650 2058; x_wconf 84' lang='lat' dir='ltr'><strong>parvis</strong></span> <span class='ocrx_word' id='word_1_508' title='bbox 1677 2022 1806 2057; x_wconf 85' lang='lat' dir='ltr'><strong>malisque</strong></span> 
     </span>
    </p>
   </div>
   <div class='ocr_carea' id='block_1_79' title="bbox 1019 2069 1806 2104">
    <p class='ocr_par' dir='ltr' id='par_1_79' title="bbox 1019 2069 1806 2104">
     <span class='ocr_line' id='line_1_79' title="bbox 1019 2069 1806 2104; baseline -0.006 -6"><span class='ocrx_word' id='word_1_509' title='bbox 1019 2071 1101 2098; x_wconf 85' lang='lat' dir='ltr'><strong>rebus</strong></span> <span class='ocrx_word' id='word_1_510' title='bbox 1113 2075 1214 2102; x_wconf 90' lang='lat' dir='ltr'><strong>ortum,</strong></span> <span class='ocrx_word' id='word_1_511' title='bbox 1230 2069 1360 2104; x_wconf 85' lang='lat' dir='ltr'><strong>temporis</strong></span> <span class='ocrx_word' id='word_1_512' title='bbox 1374 2069 1454 2095; x_wconf 84' lang='lat' dir='ltr'><strong>ductu</strong></span> <span class='ocrx_word' id='word_1_513' title='bbox 1467 2072 1587 2100; x_wconf 89' lang='lat' dir='ltr'><strong>auctum,</strong></span> <span class='ocrx_word' id='word_1_514' title='bbox 1602 2074 1709 2094; x_wconf 92' lang='lat' dir='ltr'><strong>omnem</strong></span> <span class='ocrx_word' id='word_1_515' title='bbox 1726 2074 1806 2094; x_wconf 77' lang='lat' dir='ltr'><strong>exce-</strong></span> 
     </span>
    </p>
   </div>
   <div class='ocr_carea' id='block_1_80' title="bbox 1020 2113 1806 2146">
    <p class='ocr_par' dir='ltr' id='par_1_80' title="bbox 1020 2113 1806 2146">
     <span class='ocr_line' id='line_1_80' title="bbox 1020 2113 1806 2146; baseline -0.008 -2"><span class='ocrx_word' id='word_1_516' title='bbox 1020 2117 1084 2144; x_wconf 88' lang='lat' dir='ltr'><strong>dere</strong></span> <span class='ocrx_word' id='word_1_517' title='bbox 1104 2116 1269 2144; x_wconf 87' lang='lat' dir='ltr'><strong>medicorum</strong></span> <span class='ocrx_word' id='word_1_518' title='bbox 1295 2115 1465 2142; x_wconf 86' lang='lat' dir='ltr'><strong>industriam.</strong></span> <span class='ocrx_word' id='word_1_519' title='bbox 1490 2113 1566 2146; x_wconf 86' lang='lat' dir='ltr'><strong>Quod</strong></span> <span class='ocrx_word' id='word_1_520' title='bbox 1590 2113 1611 2140; x_wconf 89' lang='lat' dir='ltr'><strong>si</strong></span> <span class='ocrx_word' id='word_1_521' title='bbox 1636 2120 1728 2139; x_wconf 83' lang='lat' dir='ltr'><strong>verum</strong></span> <span class='ocrx_word' id='word_1_522' title='bbox 1751 2117 1806 2144; x_wconf 87' lang='lat' dir='ltr'><strong>est,</strong></span> 
     </span>
    </p>
   </div>
   <div class='ocr_carea' id='block_1_81' title="bbox 1022 2159 1808 2195">
    <p class='ocr_par' dir='ltr' id='par_1_81' title="bbox 1022 2159 1808 2195">
     <span class='ocr_line' id='line_1_81' title="bbox 1022 2159 1808 2195; baseline -0.005 -6"><span class='ocrx_word' id='word_1_523' title='bbox 1022 2163 1171 2190; x_wconf 86' lang='lat' dir='ltr'><strong>curandum</strong></span> <span class='ocrx_word' id='word_1_524' title='bbox 1189 2161 1235 2188; x_wconf 86' lang='lat' dir='ltr'><strong>tibi</strong></span> <span class='ocrx_word' id='word_1_525' title='bbox 1251 2165 1280 2188; x_wconf 92' lang='lat' dir='ltr'><strong>ut</strong></span> <span class='ocrx_word' id='word_1_526' title='bbox 1294 2161 1434 2195; x_wconf 73' lang='lat' dir='ltr'><strong>sapientia:</strong></span> <span class='ocrx_word' id='word_1_527' title='bbox 1450 2160 1550 2194; x_wconf 86' lang='lat' dir='ltr'><strong>Deique</strong></span> <span class='ocrx_word' id='word_1_528' title='bbox 1565 2159 1683 2186; x_wconf 72' lang='lat' dir='ltr'><strong>dextera:</strong></span> <span class='ocrx_word' id='word_1_529' title='bbox 1694 2163 1720 2185; x_wconf 90' lang='lat' dir='ltr'><strong>te</strong></span> <span class='ocrx_word' id='word_1_530' title='bbox 1734 2166 1808 2185; x_wconf 89' lang='lat' dir='ltr'><strong>com-</strong></span> 
     </span>
    </p>
   </div>
   <div class='ocr_carea' id='block_1_82' title="bbox 1023 2204 1808 2240">
    <p class='ocr_par' dir='ltr' id='par_1_82' title="bbox 1023 2204 1808 2240">
     <span class='ocr_line' id='line_1_82' title="bbox 1023 2204 1808 2240; baseline -0.004 -7"><span class='ocrx_word' id='word_1_531' title='bbox 1023 2207 1190 2234; x_wconf 76' lang='lat' dir='ltr'><strong>mittaszsic</strong></span> <span class='ocrx_word' id='word_1_532' title='bbox 1221 2213 1308 2240; x_wconf 89' lang='lat' dir='ltr'><strong>neque</strong></span> <span class='ocrx_word' id='word_1_533' title='bbox 1334 2205 1418 2232; x_wconf 89' lang='lat' dir='ltr'><strong>morbi</strong></span> <span class='ocrx_word' id='word_1_534' title='bbox 1444 2204 1500 2237; x_wconf 83' lang='lat' dir='ltr'><strong>vis,</strong></span> <span class='ocrx_word' id='word_1_535' title='bbox 1528 2211 1615 2238; x_wconf 89' lang='lat' dir='ltr'><strong>neque</strong></span> <span class='ocrx_word' id='word_1_536' title='bbox 1641 2208 1746 2237; x_wconf 89' lang='lat' dir='ltr'><strong>tempus</strong></span> <span class='ocrx_word' id='word_1_537' title='bbox 1775 2211 1808 2230; x_wconf 85' lang='lat' dir='ltr'><strong>ac</strong></span> 
     </span>
    </p>
   </div>
   <div class='ocr_carea' id='block_1_83' title="bbox 1023 2248 1807 2285">
    <p class='ocr_par' dir='ltr' id='par_1_83' title="bbox 1023 2248 1807 2285">
     <span class='ocr_line' id='line_1_83' title="bbox 1023 2248 1807 2285; baseline -0.004 -7"><span class='ocrx_word' id='word_1_538' title='bbox 1023 2258 1119 2278; x_wconf 77' lang='lat' dir='ltr'><strong>natura</strong></span> <span class='ocrx_word' id='word_1_539' title='bbox 1136 2251 1335 2283; x_wconf 83' lang='lat' dir='ltr'><strong>adversabitur,</strong></span> <span class='ocrx_word' id='word_1_540' title='bbox 1362 2251 1454 2285; x_wconf 84' lang='lat' dir='ltr'><strong>itaque</strong></span> <span class='ocrx_word' id='word_1_541' title='bbox 1479 2249 1559 2276; x_wconf 86' lang='lat' dir='ltr'><strong>facile</strong></span> <span class='ocrx_word' id='word_1_542' title='bbox 1582 2249 1702 2284; x_wconf 79' lang='lat' dir='ltr'><strong>pristina:</strong></span> <span class='ocrx_word' id='word_1_543' title='bbox 1728 2248 1807 2276; x_wconf 89' lang='lat' dir='ltr'><strong>resti-</strong></span> 
     </span>
    </p>
   </div>
   <div class='ocr_carea' id='block_1_84' title="bbox 985 2292 1280 2323">
    <p class='ocr_par' dir='ltr' id='par_1_84' title="bbox 985 2292 1280 2323">
     <span class='ocr_line' id='line_1_84' title="bbox 985 2292 1280 2323; baseline -0.003 0"><span class='ocrx_word' id='word_1_544' title='bbox 985 2292 1007 2320; x_wconf 84' lang='lat' dir='ltr'><strong>D</strong></span> <span class='ocrx_word' id='word_1_545' title='bbox 1023 2297 1106 2323; x_wconf 87' lang='lat' dir='ltr'><strong>tueris</strong></span> <span class='ocrx_word' id='word_1_546' title='bbox 1123 2296 1280 2323; x_wconf 81' lang='lat' dir='ltr'><strong>valetudini.</strong></span> 
     </span>
    </p>
   </div>
   <div class='ocr_carea' id='block_1_85' title="bbox 1200 2347 1630 2385">
    <p class='ocr_par' dir='ltr' id='par_1_85' title="bbox 1200 2347 1630 2385">
     <span class='ocr_line' id='line_1_85' title="bbox 1200 2347 1630 2385; baseline -0.012 -6"><span class='ocrx_word' id='word_1_547' title='bbox 1200 2350 1280 2385; x_wconf 79' lang='lat'><strong>717</strong></span> <span class='ocrx_word' id='word_1_548' title='bbox 1293 2347 1630 2376; x_wconf 82' lang='lat' dir='ltr'><strong>DLl.—TllEOPllANl0.</strong></span> 
     </span>
    </p>
   </div>
   <div class='ocr_carea' id='block_1_86' title="bbox 479 2404 1518 2444">
    <p class='ocr_par' dir='ltr' id='par_1_86' title="bbox 479 2404 1518 2444">
     <span class='ocr_line' id='line_1_86' title="bbox 479 2404 1518 2444; baseline -0.006 -7"><span class='ocrx_word' id='word_1_549' title='bbox 479 2411 587 2437; x_wconf 75' lang='lat' dir='ltr'><strong>Animus</strong></span> <span class='ocrx_word' id='word_1_550' title='bbox 602 2419 617 2437; x_wconf 83' lang='grc' dir='ltr'><strong>(ι</strong></span> <span class='ocrx_word' id='word_1_551' title='bbox 632 2410 796 2444; x_wconf 67' lang='lat' dir='ltr'><strong>praesentium</strong></span> <span class='ocrx_word' id='word_1_552' title='bbox 810 2407 941 2435; x_wconf 85' lang='lat' dir='ltr'><strong>malorum</strong></span> <span class='ocrx_word' id='word_1_553' title='bbox 954 2415 1031 2435; x_wconf 69' lang='lat' dir='ltr'><strong>sensu</strong></span> <span class='ocrx_word' id='word_1_554' title='bbox 1044 2415 1089 2441; x_wconf 72' lang='lat' dir='ltr'><strong>spe</strong></span> <span class='ocrx_word' id='word_1_555' title='bbox 1099 2407 1183 2442; x_wconf 80' lang='lat' dir='ltr'><strong>futuri</strong></span> <span class='ocrx_word' id='word_1_556' title='bbox 1204 2406 1264 2432; x_wconf 77' lang='lat' dir='ltr'><strong>boni</strong></span> <span class='ocrx_word' id='word_1_557' title='bbox 1283 2404 1452 2432; x_wconf 75' lang='lat' dir='ltr'><strong>abducendus</strong></span> <span class='ocrx_word' id='word_1_558' title='bbox 1470 2408 1518 2431; x_wconf 70' lang='lat' dir='ltr'><strong>est.</strong></span> 
     </span>
    </p>
   </div>
   <div class='ocr_carea' id='block_1_87' title="bbox 219 2459 969 2502">
    <p class='ocr_par' dir='ltr' id='par_1_87' title="bbox 219 2459 969 2502">
     <span class='ocr_line' id='line_1_87' title="bbox 219 2459 969 2502; baseline -0.009 -8"><span class='ocrx_word' id='word_1_559' title='bbox 219 2467 272 2494; x_wconf 88' lang='grc' dir='ltr'>Τοῦ</span> <span class='ocrx_word' id='word_1_560' title='bbox 293 2466 450 2502; x_wconf 75' lang='grc' dir='ltr'>παραυτίκα</span> <span class='ocrx_word' id='word_1_561' title='bbox 469 2465 557 2491; x_wconf 81' lang='grc' dir='ltr'>δεινοῦ</span> <span class='ocrx_word' id='word_1_562' title='bbox 579 2464 624 2490; x_wconf 82' lang='grc' dir='ltr'>τὸν</span> <span class='ocrx_word' id='word_1_563' title='bbox 657 2463 786 2498; x_wconf 82' lang='grc' dir='ltr'>λογισμὸν</span> <span class='ocrx_word' id='word_1_564' title='bbox 818 2462 924 2494; x_wconf 77' lang='grc' dir='ltr'>θᾶττον,</span> <span class='ocrx_word' id='word_1_565' title='bbox 945 2459 969 2488; x_wconf 75' lang='grc' dir='ltr'>ὦ</span> 
     </span>
    </p>
   </div>
   <div class='ocr_carea' id='block_1_88' title="bbox 184 2507 969 2549">
    <p class='ocr_par' dir='ltr' id='par_1_88' title="bbox 184 2507 969 2549">
     <span class='ocr_line' id='line_1_88' title="bbox 184 2507 969 2549; baseline -0.009 -9"><span class='ocrx_word' id='word_1_566' title='bbox 184 2513 256 2549; x_wconf 80' lang='grc' dir='ltr'>φίλε,</span> <span class='ocrx_word' id='word_1_567' title='bbox 272 2511 435 2547; x_wconf 86' lang='grc' dir='ltr'>ἀπαγαγὼν,</span> <span class='ocrx_word' id='word_1_568' title='bbox 453 2511 514 2542; x_wconf 76' lang='grc' dir='ltr'>ὅλος</span> <span class='ocrx_word' id='word_1_569' title='bbox 528 2508 608 2544; x_wconf 82' lang='grc' dir='ltr'>γενοῦ</span> <span class='ocrx_word' id='word_1_570' title='bbox 619 2509 670 2543; x_wconf 81' lang='grc' dir='ltr'>τῆς</span> <span class='ocrx_word' id='word_1_571' title='bbox 684 2507 832 2543; x_wconf 76' lang='grc' dir='ltr'>μελλούσης</span> <span class='ocrx_word' id='word_1_572' title='bbox 845 2507 952 2538; x_wconf 75' lang='grc' dir='ltr'>ἐλπίδος</span> <span class='ocrx_word' id='word_1_573' title='bbox 962 2515 969 2522; x_wconf 92' lang='grc'><strong>·</strong></span> 
     </span>
    </p>
   </div>
   <div class='ocr_carea' id='block_1_89' title="bbox 1060 2456 1806 2493">
    <p class='ocr_par' dir='ltr' id='par_1_89' title="bbox 1060 2456 1806 2493">
     <span class='ocr_line' id='line_1_89' title="bbox 1060 2456 1806 2493; baseline -0.007 -6"><span class='ocrx_word' id='word_1_574' title='bbox 1060 2460 1159 2487; x_wconf 76' lang='lat' dir='ltr'><strong>Rerum</strong></span> <span class='ocrx_word' id='word_1_575' title='bbox 1186 2460 1360 2487; x_wconf 86' lang='lat' dir='ltr'><strong>molestarum</strong></span> <span class='ocrx_word' id='word_1_576' title='bbox 1385 2458 1476 2486; x_wconf 87' lang='lat' dir='ltr'><strong>statim</strong></span> <span class='ocrx_word' id='word_1_577' title='bbox 1504 2458 1696 2493; x_wconf 73' lang='lat' dir='ltr'><strong>cogitationem</strong></span> <span class='ocrx_word' id='word_1_578' title='bbox 1724 2456 1806 2490; x_wconf 90' lang='lat' dir='ltr'><strong>depo-</strong></span> 
     </span>
    </p>
   </div>
   <div class='ocr_carea' id='block_1_90' title="bbox 1024 2504 1808 2539">
    <p class='ocr_par' dir='ltr' id='par_1_90' title="bbox 1024 2504 1808 2539">
     <span class='ocr_line' id='line_1_90' title="bbox 1024 2504 1808 2539; baseline -0.006 -6"><span class='ocrx_word' id='word_1_579' title='bbox 1024 2513 1100 2538; x_wconf 88' lang='lat' dir='ltr'><strong>nens,</strong></span> <span class='ocrx_word' id='word_1_580' title='bbox 1113 2513 1129 2532; x_wconf 92' lang='grc' dir='ltr'><strong>ο</strong></span> <span class='ocrx_word' id='word_1_581' title='bbox 1149 2506 1245 2538; x_wconf 87' lang='lat' dir='ltr'><strong>amice,</strong></span> <span class='ocrx_word' id='word_1_582' title='bbox 1263 2512 1337 2539; x_wconf 85' lang='lat' dir='ltr'><strong>spem</strong></span> <span class='ocrx_word' id='word_1_583' title='bbox 1345 2505 1457 2539; x_wconf 85' lang='lat' dir='ltr'><strong>concipe</strong></span> <span class='ocrx_word' id='word_1_584' title='bbox 1470 2504 1620 2535; x_wconf 85' lang='lat' dir='ltr'><strong>meliorem,</strong></span> <span class='ocrx_word' id='word_1_585' title='bbox 1638 2509 1700 2530; x_wconf 87' lang='lat' dir='ltr'><strong>eum</strong></span> <span class='ocrx_word' id='word_1_586' title='bbox 1714 2507 1742 2529; x_wconf 92' lang='lat' dir='ltr'><strong>et</strong></span> <span class='ocrx_word' id='word_1_587' title='bbox 1758 2508 1808 2529; x_wconf 92' lang='lat' dir='ltr'><strong>nos</strong></span> 
     </span>
    </p>
   </div>
   <div class='ocr_carea' id='block_1_91' title="bbox 736 2591 1262 2624">
    <p class='ocr_par' dir='ltr' id='par_1_91' title="bbox 736 2591 1262 2624">
     <span class='ocr_line' id='line_1_91' title="bbox 736 2591 1262 2624; baseline -0.008 -1"><span class='ocrx_word' id='word_1_588' title='bbox 736 2595 850 2624; x_wconf 74' lang='lat' dir='ltr'><strong>VARIIE</strong></span> <span class='ocrx_word' id='word_1_589' title='bbox 871 2593 1063 2623; x_wconf 84' lang='lat' dir='ltr'><strong>LECTIONES</strong></span> <span class='ocrx_word' id='word_1_590' title='bbox 1081 2593 1126 2620; x_wconf 87' lang='lat' dir='ltr'><strong>ET</strong></span> <span class='ocrx_word' id='word_1_591' title='bbox 1143 2591 1262 2620; x_wconf 66' lang='grc' dir='ltr'><strong>ΝΟΤᾸΕ.</strong></span> 
     </span>
    </p>
   </div>
   <div class='ocr_carea' id='block_1_92' title="bbox 220 2674 969 2715">
    <p class='ocr_par' dir='ltr' id='par_1_92' title="bbox 220 2674 969 2715">
     <span class='ocr_line' id='line_1_92' title="bbox 220 2674 969 2715; baseline -0.007 -9"><span class='ocrx_word' id='word_1_592' title='bbox 220 2679 276 2715; x_wconf 82' lang='lat'><strong>(58)</strong></span> <span class='ocrx_word' id='word_1_593' title='bbox 293 2678 434 2714; x_wconf 86' lang='lat' dir='ltr'><strong>Sophoclis</strong></span> <span class='ocrx_word' id='word_1_594' title='bbox 454 2685 547 2715; x_wconf 78' lang='lat' dir='ltr'><strong>versus</strong></span> <span class='ocrx_word' id='word_1_595' title='bbox 571 2676 626 2715; x_wconf 61' lang='lat' dir='ltr'><strong>hic,</strong></span> <span class='ocrx_word' id='word_1_596' title='bbox 698 2674 804 2715; x_wconf 54' lang='lat' dir='ltr'><strong>Electri:</strong></span> <span class='ocrx_word' id='word_1_597' title='bbox 820 2679 861 2715; x_wconf 77' lang='lat' dir='ltr'><strong>est</strong></span> <span class='ocrx_word' id='word_1_598' title='bbox 879 2683 886 2702; x_wconf 90' lang='lat'><strong>:</strong></span> <span class='ocrx_word' id='word_1_599' title='bbox 905 2674 969 2715; x_wconf 81' lang='lat' dir='ltr'><strong>Sine</strong></span> 
     </span>
    </p>
   </div>
   <div class='ocr_carea' id='block_1_93' title="bbox 185 2709 969 2748">
    <p class='ocr_par' dir='ltr' id='par_1_93' title="bbox 185 2709 969 2748">
     <span class='ocr_line' id='line_1_93' title="bbox 185 2709 969 2748; baseline -0.006 -8"><span class='ocrx_word' id='word_1_600' title='bbox 185 2709 275 2742; x_wconf 60' lang='lat' dir='ltr'><strong>tutiore</strong></span> <span class='ocrx_word' id='word_1_601' title='bbox 290 2709 413 2748; x_wconf 62' lang='lat' dir='ltr'><strong>mn&#39;gnum</strong></span> <span class='ocrx_word' id='word_1_602' title='bbox 426 2721 456 2739; x_wconf 79' lang='lat' dir='ltr'><strong>ac</strong></span> <span class='ocrx_word' id='word_1_603' title='bbox 472 2713 536 2747; x_wconf 75' lang='lat' dir='ltr'><strong>felix</strong></span> <span class='ocrx_word' id='word_1_604' title='bbox 556 2712 631 2739; x_wconf 82' lang='lat' dir='ltr'><strong>nihil.</strong></span> <span class='ocrx_word' id='word_1_605' title='bbox 649 2710 750 2738; x_wconf 89' lang='lat' dir='ltr'><strong>Similis</strong></span> <span class='ocrx_word' id='word_1_606' title='bbox 771 2709 892 2744; x_wconf 85' lang='lat' dir='ltr'><strong>ejusdem</strong></span> <span class='ocrx_word' id='word_1_607' title='bbox 914 2714 969 2736; x_wconf 80' lang='lat' dir='ltr'><strong>tra-</strong></span> 
     </span>
    </p>
   </div>
   <div class='ocr_carea' id='block_1_94' title="bbox 186 2748 603 2784">
    <p class='ocr_par' dir='ltr' id='par_1_94' title="bbox 186 2748 603 2784">
     <span class='ocr_line' id='line_1_94' title="bbox 186 2748 603 2784; baseline -0.01 -7"><span class='ocrx_word' id='word_1_608' title='bbox 186 2749 238 2784; x_wconf 77' lang='lat' dir='ltr'><strong>gici</strong></span> <span class='ocrx_word' id='word_1_609' title='bbox 259 2750 329 2784; x_wconf 85' lang='lat' dir='ltr'><strong>apud</strong></span> <span class='ocrx_word' id='word_1_610' title='bbox 350 2748 485 2775; x_wconf 73' lang='lat' dir='ltr'><strong>Stobzeum</strong></span> <span class='ocrx_word' id='word_1_611' title='bbox 505 2751 603 2775; x_wconf 65' lang='lat' dir='ltr'><strong>exstat.</strong></span> 
     </span>
    </p>
   </div>
   <div class='ocr_carea' id='block_1_95' title="bbox 259 2803 899 2839">
    <p class='ocr_par' dir='ltr' id='par_1_95' title="bbox 259 2803 899 2839">
     <span class='ocr_line' id='line_1_95' title="bbox 259 2803 899 2839; baseline -0.009 -5"><span class='ocrx_word' id='word_1_612' title='bbox 259 2807 301 2834; x_wconf 88' lang='grc' dir='ltr'><strong>οὖ</strong></span> <span class='ocrx_word' id='word_1_613' title='bbox 320 2807 348 2834; x_wconf 82' lang='grc' dir='ltr'><strong>τί</strong></span> <span class='ocrx_word' id='word_1_614' title='bbox 360 2806 425 2834; x_wconf 77' lang='grc' dir='ltr'>ποθ’</span> <span class='ocrx_word' id='word_1_615' title='bbox 442 2805 506 2839; x_wconf 79' lang='grc' dir='ltr'><strong>ἥξει</strong></span> <span class='ocrx_word' id='word_1_616' title='bbox 520 2804 578 2831; x_wconf 82' lang='grc' dir='ltr'><strong>τῶν</strong></span> <span class='ocrx_word' id='word_1_617' title='bbox 589 2804 688 2838; x_wconf 77' lang='grc' dir='ltr'>ἄκρων</span> <span class='ocrx_word' id='word_1_618' title='bbox 701 2803 774 2830; x_wconf 78' lang='grc' dir='ltr'><strong>ἄνευ</strong></span> <span class='ocrx_word' id='word_1_619' title='bbox 795 2803 899 2829; x_wconf 81' lang='grc' dir='ltr'>πόνου.</span> 
     </span>
    </p>
   </div>
   <div class='ocr_carea' id='block_1_96' title="bbox 189 2848 970 2886">
    <p class='ocr_par' dir='ltr' id='par_1_96' title="bbox 189 2848 970 2886">
     <span class='ocr_line' id='line_1_96' title="bbox 189 2848 970 2886; baseline -0.009 -5"><span class='ocrx_word' id='word_1_620' title='bbox 189 2852 347 2886; x_wconf 81' lang='lat' dir='ltr'><strong>Pbocylidcs</strong></span> <span class='ocrx_word' id='word_1_621' title='bbox 359 2851 429 2878; x_wconf 90' lang='lat' dir='ltr'><strong>idem</strong></span> <span class='ocrx_word' id='word_1_622' title='bbox 446 2851 532 2885; x_wconf 88' lang='lat' dir='ltr'><strong>prodit</strong></span> <span class='ocrx_word' id='word_1_623' title='bbox 550 2857 574 2876; x_wconf 87' lang='lat' dir='ltr'><strong>v.</strong></span> <span class='ocrx_word' id='word_1_624' title='bbox 589 2850 648 2876; x_wconf 80' lang='grc'><strong>155.</strong></span> <span class='ocrx_word' id='word_1_625' title='bbox 662 2849 728 2876; x_wconf 87' lang='lat' dir='ltr'><strong>Vide</strong></span> <span class='ocrx_word' id='word_1_626' title='bbox 744 2848 866 2883; x_wconf 74' lang='lat' dir='ltr'><strong>prorerb.</strong></span> <span class='ocrx_word' id='word_1_627' title='bbox 887 2848 970 2875; x_wconf 64' lang='lat' dir='ltr'><strong>Erer-</strong></span> 
     </span>
    </p>
   </div>
   <div class='ocr_carea' id='block_1_97' title="bbox 1021 2667 1806 2702">
    <p class='ocr_par' dir='ltr' id='par_1_97' title="bbox 1021 2667 1806 2702">
     <span class='ocr_line' id='line_1_97' title="bbox 1021 2667 1806 2702; baseline -0.008 -3"><span class='ocrx_word' id='word_1_628' title='bbox 1021 2671 1111 2699; x_wconf 80' lang='lat' dir='ltr'><strong>citalt&#39;o</strong></span> <span class='ocrx_word' id='word_1_629' title='bbox 1127 2672 1215 2698; x_wconf 84' lang='lat' dir='ltr'><strong>omnia</strong></span> <span class='ocrx_word' id='word_1_630' title='bbox 1230 2675 1323 2702; x_wconf 74' lang='lat' dir='ltr'><strong>potest.</strong></span> <span class='ocrx_word' id='word_1_631' title='bbox 1337 2670 1423 2697; x_wconf 87' lang='lat' dir='ltr'><strong>Locus</strong></span> <span class='ocrx_word' id='word_1_632' title='bbox 1448 2668 1557 2696; x_wconf 80' lang='lat' dir='ltr'><strong>Homeri</strong></span> <span class='ocrx_word' id='word_1_633' title='bbox 1573 2675 1653 2701; x_wconf 88' lang='lat' dir='ltr'><strong>supra</strong></span> <span class='ocrx_word' id='word_1_634' title='bbox 1673 2667 1806 2694; x_wconf 79' lang='lat' dir='ltr'><strong>excitatus</strong></span> 
     </span>
    </p>
   </div>
   <div class='ocr_carea' id='block_1_98' title="bbox 1024 2702 1809 2741">
    <p class='ocr_par' dir='ltr' id='par_1_98' title="bbox 1024 2702 1809 2741">
     <span class='ocr_line' id='line_1_98' title="bbox 1024 2702 1809 2741; baseline -0.009 -7"><span class='ocrx_word' id='word_1_635' title='bbox 1024 2712 1064 2734; x_wconf 88' lang='lat' dir='ltr'><strong>est</strong></span> <span class='ocrx_word' id='word_1_636' title='bbox 1081 2705 1175 2741; x_wconf 72' lang='lat' dir='ltr'><strong>Odyss.</strong></span> <span class='ocrx_word' id='word_1_637' title='bbox 1195 2714 1239 2738; x_wconf 78' lang='lat' dir='ltr'><strong>xv,</strong></span> <span class='ocrx_word' id='word_1_638' title='bbox 1256 2706 1318 2733; x_wconf 79' lang='grc'><strong>597.</strong></span> <span class='ocrx_word' id='word_1_639' title='bbox 1345 2706 1442 2741; x_wconf 63' lang='lat' dir='ltr'><strong>Cicero</strong></span> <span class='ocrx_word' id='word_1_640' title='bbox 1456 2712 1487 2731; x_wconf 64' lang='lat' dir='ltr'><strong>ex</strong></span> <span class='ocrx_word' id='word_1_641' title='bbox 1515 2703 1653 2741; x_wconf 76' lang='lat' dir='ltr'><strong>Euripide.</strong></span> <span class='ocrx_word' id='word_1_642' title='bbox 1673 2702 1718 2728; x_wconf 86' lang='lat' dir='ltr'><strong>lib.</strong></span> <span class='ocrx_word' id='word_1_643' title='bbox 1738 2709 1755 2728; x_wconf 93' lang='lat' dir='ltr'><strong>n</strong></span> <span class='ocrx_word' id='word_1_644' title='bbox 1772 2702 1809 2728; x_wconf 76' lang='lat' dir='ltr'><strong>De</strong></span> 
     </span>
    </p>
   </div>
   <div class='ocr_carea' id='block_1_99' title="bbox 1024 2738 1811 2776">
    <p class='ocr_par' dir='ltr' id='par_1_99' title="bbox 1024 2738 1811 2776">
     <span class='ocr_line' id='line_1_99' title="bbox 1024 2738 1811 2776; baseline -0.011 -7"><span class='ocrx_word' id='word_1_645' title='bbox 1024 2738 1150 2776; x_wconf 52' lang='lat' dir='ltr'><strong>ﬁm‘buah</strong></span> <span class='ocrx_word' id='word_1_646' title='bbox 1165 2748 1273 2776; x_wconf 83' lang='lat' dir='ltr'><strong>suavem</strong></span> <span class='ocrx_word' id='word_1_647' title='bbox 1287 2740 1484 2776; x_wconf 17' lang='lat' dir='ltr'><strong>esserlabornm</strong></span> <span class='ocrx_word' id='word_1_648' title='bbox 1499 2738 1811 2776; x_wconf 41' lang='lat' dir='ltr'><strong>praeteritorum-memo-</strong></span> 
     </span>
    </p>
   </div>
   <div class='ocr_carea' id='block_1_100' title="bbox 1026 2771 1810 2810">
    <p class='ocr_par' dir='ltr' id='par_1_100' title="bbox 1026 2771 1810 2810">
     <span class='ocr_line' id='line_1_100' title="bbox 1026 2771 1810 2810; baseline -0.008 -7"><span class='ocrx_word' id='word_1_649' title='bbox 1026 2771 1094 2803; x_wconf 66' lang='lat' dir='ltr'><strong>riam</strong></span> <span class='ocrx_word' id='word_1_650' title='bbox 1114 2771 1128 2802; x_wconf 69' lang='grc' dir='ltr'><strong>ί</strong></span> <span class='ocrx_word' id='word_1_651' title='bbox 1146 2777 1192 2803; x_wconf 87' lang='lat' dir='ltr'><strong>ait.</strong></span> <span class='ocrx_word' id='word_1_652' title='bbox 1207 2775 1373 2810; x_wconf 81' lang='lat' dir='ltr'><strong>Thucydidis</strong></span> <span class='ocrx_word' id='word_1_653' title='bbox 1391 2778 1478 2800; x_wconf 86' lang='lat' dir='ltr'><strong>autem</strong></span> <span class='ocrx_word' id='word_1_654' title='bbox 1497 2771 1576 2810; x_wconf 64' lang='lat' dir='ltr'><strong>verba</strong></span> <span class='ocrx_word' id='word_1_655' title='bbox 1595 2771 1666 2806; x_wconf 80' lang='lat' dir='ltr'><strong>legas</strong></span> <span class='ocrx_word' id='word_1_656' title='bbox 1685 2771 1729 2797; x_wconf 91' lang='lat' dir='ltr'><strong>lib.</strong></span> <span class='ocrx_word' id='word_1_657' title='bbox 1747 2778 1765 2797; x_wconf 87' lang='lat' dir='ltr'><strong>ll</strong></span> <span class='ocrx_word' id='word_1_658' title='bbox 1782 2771 1810 2797; x_wconf 87' lang='lat' dir='ltr'><strong>in</strong></span> 
     </span>
    </p>
   </div>
   <div class='ocr_carea' id='block_1_101' title="bbox 1024 2807 1614 2839">
    <p class='ocr_par' dir='ltr' id='par_1_101' title="bbox 1024 2807 1614 2839">
     <span class='ocr_line' id='line_1_101' title="bbox 1024 2807 1614 2839; baseline -0.012 0"><span class='ocrx_word' id='word_1_659' title='bbox 1024 2816 1095 2839; x_wconf 87' lang='lat' dir='ltr'><strong>orat.</strong></span> <span class='ocrx_word' id='word_1_660' title='bbox 1115 2811 1226 2838; x_wconf 88' lang='lat' dir='ltr'><strong>Periclis</strong></span> <span class='ocrx_word' id='word_1_661' title='bbox 1241 2812 1273 2836; x_wconf 89' lang='lat' dir='ltr'><strong>ad</strong></span> <span class='ocrx_word' id='word_1_662' title='bbox 1286 2807 1478 2836; x_wconf 67' lang='lat' dir='ltr'><strong>&#39;Athcnienscs.</strong></span> <span class='ocrx_word' id='word_1_663' title='bbox 1495 2807 1614 2834; x_wconf 71' lang='lat' dir='ltr'><strong>Scnor&#39;r.</strong></span> 
     </span>
    </p>
   </div>
   <div class='ocr_carea' id='block_1_102' title="bbox 1061 2834 1750 2882">
    <p class='ocr_par' dir='ltr' id='par_1_102' title="bbox 1061 2834 1750 2882">
     <span class='ocr_line' id='line_1_102' title="bbox 1061 2834 1750 2882; baseline -0.01 -9"><span class='ocrx_word' id='word_1_664' title='bbox 1061 2834 1320 2882; x_wconf 50' lang='grc' dir='ltr'><strong>ἱέἐηᾜὸὶιῖῑῖιῐᾱηὲῖ</strong></span> <span class='ocrx_word' id='word_1_665' title='bbox 1327 2834 1385 2872; x_wconf 64' lang='grc' dir='ltr'>ὁεο</span> <span class='ocrx_word' id='word_1_666' title='bbox 1395 2848 1421 2870; x_wconf 88' lang='lat' dir='ltr'><strong>ct</strong></span> <span class='ocrx_word' id='word_1_667' title='bbox 1428 2834 1501 2873; x_wconf 22' lang='lat' dir='ltr'><strong>71th.,</strong></span> <span class='ocrx_word' id='word_1_668' title='bbox 1517 2841 1624 2868; x_wconf 63' lang='lat' dir='ltr'><strong>rati-.00.</strong></span> <span class='ocrx_word' id='word_1_669' title='bbox 1647 2834 1750 2868; x_wconf 58' lang='lat' dir='ltr'><strong>Possm.</strong></span> 
     </span>
    </p>
   </div>
  </div>
