2064 3162
242 153 310 188 1615

842 154 871 183 S.
891 150 1038 182 'ISIDORI
1057 153 1275 183 PELUSIOTJZ

1801 153 1867 188 1616

239 211 360 242 nomino,
382 217 433 237 non
450 209 494 245 qui
513 214 650 237 sectantur
671 204 791 236 Platouis
810 208 915 236 dicendi
938 217 1008 244 gt'llll

1077 208 1124 234 καὶ
1141 209 1189 243 τὴν
1207 208 1368 235 Θουκυδίδου
1386 208 1546 244 σεμνότητα,
1559 208 1606 236 καὶ
1619 209 1668 243 τὴν
1679 209 1868 245 Δημοσθένους

239 257 364 289 sublime,
384 256 424 283 vel
442 255 605 291 Thucydidas
620 255 790 290 gravitatem.
809 260 855 282 aut
867 255 1024 282 Demosthe-

240 303 282 331 nis
294 302 556 337 grandiloquentiam
573 301 723 335 imitamur,
745 301 791 328 sed
807 300 852 336 qui
869 300 902 328 de
926 300 1025 327 divinis

238 349 311 383 loqui
325 348 467 384 praeceptis
486 348 600 383 possint,
624 354 712 382 neque
734 347 840 382 ignavia
854 346 960 381 propria
976 353 1025 372 suo

237 394 347 422 silentio
361 398 532 429 superentur.
554 393 604 426 Qui
618 393 690 421 enim
706 392 828 424 audiunt,
843 399 896 419 non
910 391 1025 419 dicentis

237 439 412 475 imperitiam,
431 439 485 466 sed
513 438 648 474 dogmatis
675 443 823 466 causantur
850 437 1024 465 imbecillita-

238 487 291 512 tem
295 505 302 512 .

449 538 606 566 CDXCVlll.
626 552 660 558 —-
672 536 808 565 ALPHIO.

1073 253 1213 287 δεινότητα
1229 252 1389 288 ζηλοῦντας,
1407 254 1474 280 ἀλλὰ
1487 255 1549 286 τοὺς
1562 255 1641 288 λόγον
1657 255 1806 282 ἀποδοῦναι
1820 256 1868 283 δυ-

1074 299 1208 332 ναμένους
1223 299 1294 334 ὑπὲρ
1309 298 1362 325 τῶν
1379 299 1459 326 θείων
1471 300 1625 335 δογμάτων,
1640 300 1688 327 καὶ
1705 301 1743 336 μὴ
1757 301 1801 328 διὰ
1818 301 1868 337 τῆς

1075 344 1178 375 οἰκείας
1196 343 1332 379 ῥᾳθυμίας
1353 346 1417 380 σιγῇ
1442 344 1493 381 τὴν
1511 343 1598 381 ἧτταν
1620 346 1867 381 καταδεχομένους.

1076 391 1108 417 Οἱ
1123 391 1177 426 γὰρ
1204 390 1359 424 ἀκούοντες,
1389 392 1420 418 οὑ
1449 393 1498 428 τὴν
1514 392 1562 418 τοῦ
1585 392 1711 426 λέγοντος
1728 393 1867 426 ἀπειρίαν,

1077 436 1144 462 ἀλλὰ
1156 436 1205 472 τὴν
1219 436 1268 463 τοῦ
1279 436 1413 472 δόγματος
1432 434 1572 465 αἰτιῶνται
1591 437 1756 473 σαθρότητα.

1344 539 1428 572 rm.
1442 553 1478 558 —
1491 537 1602 573 ΑΛΦΙῼ.

356 597 389 624 In
403 605 446 624 eos
459 597 504 632 qui
515 596 617 631 publica
632 595 757 622 Erclesiae
776 595 842 621 bona
862 594 889 620 in
909 602 956 621 sua
972 599 1072 621 vertunt
1089 597 1235 623 commoda.
1255 595 1400 623 [inmutata
1417 596 1498 630 prisci
1513 595 1636 630 temporis
1651 595 1743 628 facies.

272 652 339 679 Cum
360 659 438 679 suum
456 651 571 685 quisque
586 649 757 677 commodum
777 656 808 674 ac
822 647 927 675 lucrum
949 656 1021 675 com-

241 698 316 725 muni
331 701 477 732 anteponat
490 697 571 728 bono,
585 696 684 723 idcirco
700 703 742 723 res
758 694 884 722 Ecclesia:
898 701 1021 729 pessum-

238 749 314 772 eunt.
338 744 438 772 Contra
456 749 521 770 vero
544 742 642 769 accidit
672 742 704 769 iis
729 742 773 776 qui
804 740 936 775 majorum
965 745 1022 768 tue-

235 789 333 816 bantur
361 789 450 816 (idem.
483 787 560 815 Tunc.
593 787 665 815 enim
692 788 796 821 privata
823 786 850 813 in
878 792 1020 813 oommune

234 833 420 862 conferebant.
460 834 495 861 At
539 834 619 862 hodie
658 833 809 861 communia
856 832 1016 867 publicaque

1117 650 1225 686 Ἐπειδὴ
1244 651 1352 685 ἑκάστῳ
1368 650 1398 677 τὸ
1414 651 1514 677 οἰκεῖον
1537 649 1632 684 κέρδος
1650 648 1698 676 τοῦ
1712 650 1788 685 κοινῇ
1817 658 1868 676 κα-

1074 696 1262 730 ταστήσασθαί
1286 705 1312 723 τι
1336 696 1455 732 χρηστὸν
1482 696 1690 732 προτιμότερον,
1717 695 1762 722 διὰ
1787 695 1866 722 τοῦτο

1073 739 1106 765 τὰ
1131 739 1180 773 τῆς
1208 739 1371 775 Ἑκκλησίας
1406 740 1584 775 προπέποται
1615 740 1777 774 πράγματα.
1811 740 1866 766 Καὶ

1072 786 1228 812 τούναντίον
1248 786 1347 821 συνέϐη
1375 787 1431 818 τοῖς
1456 786 1652 821 γεγενημένοις
1677 786 1724 811 ἐπὶ
1744 785 1798 812 τῶν
1815 786 1864 820 τῆς

1073 831 1190 863 πίστεως
1205 832 1354 867 προγόνων.
1371 833 1437 859 Τότε
1458 833 1507 868 μὲν
1523 832 1577 867 γὰρ
1591 832 1625 858 τὰ
1639 832 1693 859 ἴδια
1709 833 1749 863 εἰς
1765 832 1794 858 τὸ
1807 840 1862 858 κοι-

233 880 342 908 domum
379 879 574 911 conferentes,
615 885 647 906 ex
683 878 796 905 aliorum
834 876 1016 904 incommodis

1073 876 1116 903 νδν
1131 877 1323 912 προῦτίθεσαν,
1341 878 1388 904 νῦν
1401 878 1429 904 δὲ
1447 878 1481 904 τά
1495 878 1574 904 κοινά
1587 878 1678 904 οἴκαδέ
1694 886 1766 909 τινες
1782 886 1866 912 μετα-

233 927 337 954 lucrum
355 926 498 961 praedando
516 930 655 961 reportare
671 933 723 952 non
739 925 913 952 erubescunt.

440 1026 577 1055 CDXCIX.
592 1042 627 1046 —
646 1024 733 1052 NILO.

1076 923 1246 958 κομίζοντες,
1267 925 1316 951 οὐκ
1340 924 1512 959 αἰσχύνονται
1535 924 1564 956 ἐξ
1579 924 1727 960 ἀλλοτρίων
1754 923 1866 959 κερδαί-

1075 975 1166 999 νοντες
1187 969 1342 1004 συμφορῶν.

1335 1014 1416 1057 inea
1433 1039 1467 1044 -
1481 1024 1596 1058 ΝΕΙΛῼ.

596 1083 634 1108 Ab
649 1082 708 1109 aliis
721 1081 827 1108 irrideri
842 1081 879 1108 vel
896 1089 911 1108 a
925 1080 1058 1115 gravibus,
1075 1079 1141 1105 vela
1156 1079 1265 1113 perditis
1287 1080 1427 1107 discrimen
1443 1085 1492 1107 est.

268 1138 290 1165 Δ
303 1138 368 1165 viris
383 1137 508 1173 gravibus
521 1141 601 1172 atque
616 1135 733 1164 cordatis
749 1135 855 1163 irrideri
870 1135 1014 1163 molestum

232 1189 273 1212 est
283 1185 410 1219 quidem;
423 1189 450 1210 at
465 1191 528 1210 vero
541 1191 555 1209 a
573 1181 723 1209 libidinosis
733 1180 893 1216 lascivisque
908 1181 1018 1208 minime

232 1229 311 1256 hodie
329 1228 469 1256 molestum
483 1232 534 1256 est.
550 1227 601 1260 Qui
616 1226 688 1254 enim
704 1233 720 1253 a
743 1231 816 1253 recto
831 1234 922 1254 rerum
938 1226 1018 1254 aber-

232 1278 293 1301 rant
306 1273 418 1310 judicio,
436 1274 604 1302 subsannant
619 1280 649 1300 ea
662 1272 743 1300 etiam
759 1279 818 1306 qua:
834 1272 1016 1300 admiratione

231 1321 286 1346 sint
297 1319 387 1354 digna.

515 1373 544 1400 ο.
561 1387 595 1392 —
609 1373 733 1400 PETRO.

1107 1131 1144 1157 Τὸ
1164 1131 1213 1166 μὲν
1235 1133 1311 1168 παρὰ
1338 1133 1392 1159 τῶν
1417 1133 1526 1168 σεμνῶν
1549 1133 1596 1159 καὶ
1613 1133 1761 1168 σωφρόνων
1784 1133 1866 1167 γελᾶ-

1072 1176 1143 1210 σθαι,
1155 1177 1240 1204 δεινόν
1253 1185 1260 1192 °
1278 1178 1310 1204 τδ
1325 1179 1353 1205 δὲ
1368 1181 1443 1214 παρά
1457 1179 1510 1205 τῶν
1534 1178 1657 1212 ἀσελγῶν
1678 1179 1724 1205 καὶ
1743 1180 1862 1214 λάγνων,

1070 1223 1100 1248 οὐ
1131 1222 1227 1250 δεινόν.
1257 1223 1311 1258 Τῆς
1340 1223 1395 1259 γὰρ
1421 1224 1505 1260 ὀρθῆς
1530 1224 1583 1251 τῶν
1609 1226 1779 1260 πραγμάτων
1803 1227 1863 1253 δια-

1072 1270 1255 1305 μαρτάνοντες
1275 1270 1403 1306 κρίσεως,
1423 1271 1524 1305 γελῶσι
1548 1272 1581 1298 τὰ
1603 1271 1743 1306 θαύματος
1768 1273 1862 1307 κρείτ-

1070 1324 1144 1344 τονα.

1350 1373 1389 1399 ειν.
1404 1387 1438 1392 -
1453 1373 1576 1408 ΠΕΤΡῼ.

528 1429 649 1457 Calestia
663 1430 847 1458 meditantium
860 1429 899 1456 vel
912 1433 1016 1456 terrast:

1069 1429 1122 1463 yuid
1135 1429 1248 1456 intersit.
1267 1429 1385 1466 (Confer.
1398 1431 1474 1465 epist.
1491 1431 1567 1466 485.)

268 1486 363 1521 Ingens
374 1492 406 1513 ac
419 1485 566 1513 vehemens
581 1485 737 1520 prudentia,
753 1485 786 1512 ab
801 1485 881 1512 exilia
895 1484 1018 1519 malaque

231 1531 386 1566 gerentibus
403 1531 493 1566 parari
510 1530 612 1565 nequit.
635 1530 820 1564 Cogitationes
846 1530 918 1557 enim
936 1536 1018 1564 opera

1103 1482 1182 1516 Μέγα
1201 1483 1247 1510 καὶ
1266 1485 1390 1511 νεανικὸν
1403 1486 1532 1520 φρόνημα
1549 1485 1600 1520 οὺχ
1619 1481 1676 1512 οἶόν
1691 1493 1718 1511 τε
1733 1485 1860 1521 τεχθῆναι

1069 1527 1106 1563 τῷ
1125 1529 1211 1564 μικρᾶ
1227 1529 1275 1556 καὶ
1286 1530 1376 1564 φαῦλα
1388 1531 1547 1566 πράττοντι.
1564 1531 1627 1562 Τοῖς
1644 1531 1699 1566 γὰρ
1710 1531 1803 1566 ἔργοις
1814 1532 1861 1558 καὶ

231 1576 404 1604 comitantur.
438 1576 488 1609 Qui
519 1575 590 1603 enim
618 1583 676 1610 qua:
698 1575 731 1602 ad
750 1584 827 1603 usum
849 1576 911 1602 vita
932 1575 1016 1609 perti-

1070 1574 1104 1601 τά
1116 1576 1277 1610 φρονήματα
1297 1575 1410 1602 ἕπεσθαι
1430 1576 1512 1610 φιλεῖ.
1533 1576 1561 1602 ’0
1588 1576 1638 1610 μὲν
1666 1576 1721 1612 γὰρ
1742 1578 1776 1603 τὰ
1798 1577 1861 1611 βιωο

238 1626 302 1649 nent
336 1626 449 1654 tractat,
480 1621 559 1657 707
595 1621 661 1648 nihil
696 1622 815 1654 caeleste,
843 1621 910 1648 nihil
934 1629 1018 1657 ange-

232 1668 314 1695 licum
341 1666 480 1702 cogitabit.
524 1667 558 1694 At
598 1667 643 1702 qui
687 1667 757 1696 coelo
798 1667 905 1703 dignam
945 1668 1018 1703 degit

237 1713 336 1746 vitam,
371 1720 456 1747 nugas
494 1713 684 1748 ineptiasque,
712 1713 821 1740 umbras
851 1721 960 1749 quoque
986 1721 1017 1741 ac

230 1759 335 1786 somnia
366 1759 440 1786 ducit
473 1765 535 1786 esse
571 1759 664 1786 mundi
696 1759 754 1787 haec
784 1759 900 1794 negotia.
927 1758 1017 1792 Quare

231 1804 336 1839 angusti
370 1811 431 1831 esse
466 1804 547 1831 animi
583 1804 680 1832 merito
716 1805 739 1832 is
766 1810 807 1833 est
830 1805 1014 1840 appellandus,

233 1851 278 1885 qui
308 1850 341 1878 de
366 1851 456 1886 parvis
487 1857 546 1878 sese
574 1850 653 1878 rebus
683 1851 768 1885 Jactat
798 1851 1015 1886 :magnanimus

228 1898 333 1925 contra,
348 1893 393 1928 qui
411 1901 469 1926 quae.
485 1901 548 1921 vere
565 1895 672 1922 excelsa
692 1899 767 1927 sunt,
785 1895 818 1922 iis
830 1902 890 1929 quae
909 1899 1014 1923 tantum

229 1939 291 1966 talia
306 1939 605 1974 apparent,anteponit.

406 1991 447 2018 Dl.
463 2007 495 2010 —
510 1991 659 2018 EUTONIO
677 1987 834 2019 DIACONO.

1066 1621 1130 1647 τικὰ
1144 1621 1410 1656 μεταχειριζόμενος,
1425 1622 1501 1649 οὐδὲν
1515 1623 1652 1658 οὐράνιον,
1667 1623 1745 1649 οὐδὲν
1766 1624 1853 1657 ἀγγε-

1071 1666 1147 1693 λικὺν
1171 1667 1408 1702 φαντασθήσεται’
1428 1668 1443 1694 ὁ
1459 1668 1487 1694 δὲ
1502 1669 1552 1704 τὴν
1575 1668 1683 1704 οὐρανῷ
1701 1669 1860 1704 πρέπουσαν

1066 1714 1202 1741 πολιτείαν
1215 1715 1432 1748 πολιτευόμενος,
1441 1715 1542 1752 λήρους
1553 1716 1600 1742 καὶ
1615 1716 1762 1751 φλυαρίας,
1778 1717 1857 1748 σκιάς

1065 1768 1094 1786 τε
1120 1760 1167 1786 καὶ
1182 1760 1309 1796 ὀνείρατα
1321 1781 1328 1793 ,
1345 1761 1379 1787 τὰ
1398 1760 1516 1795 βιωτικά
1539 1762 1672 1796 ἡγήσεται.
1693 1763 1855 1796 πράγματα.

1073 1805 1117 1831 Διδ
1133 1806 1179 1833 καὶ¹
1191 1807 1204 1832 ὁ
1219 1806 1279 1841 μὲν,
1298 1806 1467 1842 μικρόψυχος
1491 1808 1604 1839 εἰκότως
1622 1808 1655 1834 ἂν
1669 1808 1795 1843 κληθείη,
1813 1809 1858 1834 ἐπὶ

1069 1853 1178 1887 μικροῖς
1192 1853 1408 1887 ἐναδρυνόμενος
1418 1861 1424 1867 ·
1441 1854 1454 1879 ό
1470 1853 1497 1879 δὲ
1510 1853 1708 1890 μεγαλόψυχος,
1727 1855 1762 1881 τά
1775 1854 1857 1885 ὅντως

1070 1897 1176 1931 μεγάλα
1183 1897 1237 1924 τῶν
1256 1897 1406 1925 δοκούντων
1423 1899 1591 1934 προκρίνων.

1230 1998 1291 2025 ΦΑἏ
1308 2014 1341 2019 --
1360 1999 1509 2033 ΕΥΤΟΝΙῼ
1525 1999 1687 2036 ΔΙᾹΚΟΝῼ.

859 2085 862 2088 ἱ
893 2049 914 2074 Α
928 2050 1012 2084 seipse
1025 2051 1108 2087 decipi
1120 2053 1206 2088 facile.

263 2104 321 2132 Etsi
338 2107 460 2138 prompta
482 2102 564 2129 multa
590 2106 663 2134 sunt,
683 2101 808 2136 factuque
828 2101 929 2135 facilia,
945 2103 1012 2130 nihil

1103 2107 1186 2133 Οὐδὲν
1208 2107 1294 2140 οὕτως
1315 2109 1500 2138 εὐκολώτατόν
1526 2112 1612 2144 ἐστιν,
1642 2111 1728 2138 ὄντων
1754 2112 1857 2139 πολλῶν

228 2156 316 2178 tamen
325 2149 440 2181 facilius,
455 2148 594 2183 magisque
605 2147 711 2174 obvium
722 2155 802 2182 quam
813 2154 827 2174 a
841 2155 870 2175 se
879 2155 1014 2183 quemque

1069 2151 1196 2184 εὐκόλων,
1213 2153 1251 2184 ὼς
1263 2153 1294 2180 τὸ
1314 2154 1428 2182 ἕκαστον
1449 2156 1546 2184 ἑαυτὸν
1568 2157 1752 2191 ἐξαπατῆσαι.
1778 2158 1856 2192 Μέγα

227 2196 324 2231 decipi.
342 2195 466 2230 Magnum
490 2194 563 2221 enim
579 2193 678 2228 cuique
701 2200 779 2220 suum
798 2194 910 2228 apparet
923 2194 1013 2221 consi-

1069 2197 1121 2232 γὰρ
1143 2198 1252 2233 ἑκάστῳ
1275 2199 1305 2225 τὸ
1321 2200 1454 2236 βούλημα.
1486 2203 1596 2238 Ἐπειδὴ
1621 2202 1677 2237 γὰρ
1692 2203 1723 2229 οὐ
1738 2204 1771 2230 τὰ
1787 2205 1857 2239 πρά-

226 2241 302 2268 liurn.
315 2240 382 2267 Cum
398 2239 470 2267 enim
495 2246 539 2266 res
554 2246 607 2266 non
622 2243 651 2265 ut
666 2239 731 2270 sint,
751 2238 785 2265 ita
802 2238 839 2265 illi
853 2244 1011 2273 appareant,

1069 2250 1160 2277 γματα
1173 2245 1247 2276 ὅπως
1259 2245 1366 2279 πέφυκε
1378 2248 1484 2279 σκοπεῖ,
1499 2248 1568 2275 ἀλλὰ
1576 2249 1625 2284 τὴν
1636 2249 1735 2275 ἑαυτοῦ
1746 2249 1858 2284 γνώμην

231 2286 278 2312 sed
294 2285 455 2312 sententiam
472 2284 544 2311 omni
557 2291 607 2318 ope
622 2290 699 2310 suam
711 2283 801 2310 studet
816 2284 930 2318 quisque
957 2289 1013 2312 sta-

229 2330 307 2358 bilire
325 2349 333 2362 ,
358 2329 429 2364 quod
450 2328 506 2362 ipse
529 2328 603 2361 vult,
629 2328 697 2355 idem
718 2333 746 2356 et
769 2329 874 2363 probat,
894 2330 944 2357 etsi
970 2337 1013 2358 res

225 2384 296 2412 saepe
308 2375 387 2403 aliter
403 2381 463 2402 sese
480 2374 588 2401 habeat.

450 2429 501 2458 Dll.
513 2445 548 2450 —-
560 2428 788 2457 URSENOPHIO.

1067 2290 1149 2316 παντὶ
1163 2289 1250 2316 σθένει
1267 2291 1391 2325 κυρῶσαι
1408 2295 1586 2329 προαιρεῖται,
1601 2294 1614 2320 ὃ
1630 2294 1765 2329 βούλεται,
1781 2295 1858 2321 τοῦτο

1067 2334 1114 2361 καὶ
1131 2335 1233 2371 οἴεται,
1252 2337 1341 2364 καίτοι
1371 2339 1543 2373 πραγμάτων
1564 2339 1698 2372 πολλάκις
1715 2341 1856 2375 ἀντιφθεγ-

1067 2381 1201 2415 γομένων.

1272 2436 1333 2464 ΦΒ’.
1348 2452 1383 2457 -
1399 2438 1646 2474 ΟΥΡΣΕΝΟΥΦΙῼ.

682 2485 833 2513 Metiwiosi
847 2486 952 2520 timore,
966 2489 1048 2524 fortes
1066 2492 1220 2520 adulatione
1230 2499 1399 2527 superantur.

259 2541 357 2571 Fortes
373 2541 481 2577 quidem
499 2541 573 2568 viros
592 2540 742 2567 assentatio
760 2541 864 2575 domat,
890 2542 1011 2571 imbecil-

224 2589 265 2616 los
280 2591 375 2615 contra
390 2591 478 2614 metus
492 2585 601 2621 frangit.
625 2585 680 2612 Illis
696 2585 804 2620 quidem
830 2587 940 2615 suadela
956 2589 1010 2616 vim

224 2633 323 2661 afferre
339 2640 393 2660 non
407 2633 522 2665 videtur,
542 2632 583 2659 his
599 2639 664 2658 vero
678 2637 765 2659 metus
778 2632 941 2668 impotenter
963 2635 1012 2662 im-

223 2683 312 2714 perat.
327 2677 362 2705 Et
376 2677 413 2705 illi
434 2685 543 2706 causam
562 2677 727 2705 adversariis
746 2678 884 2712 prodendo
899 2679 1011 2707 vincun-

225 2730 278 2758 tur,
295 2724 323 2752 hi
338 2731 391 2752 non
409 2732 439 2752 se
455 2724 542 2752 dando
555 2723 702 2751 deduntur.
721 2723 781 2751 Noli
801 2724 891 2760 itaque
913 2730 1010 2760 putare

225 2778 279 2798 una
305 2777 356 2806 ope
373 2775 503 2805 utrosque
517 2769 660 2805 iuvandos,
682 2777 773 2797 verum
797 2778 845 2805 pro
862 2770 1010 2799 affectioni-

223 2816 286 2850 bus,
305 2822 338 2843 ac
352 2816 480 2852 cujusque
495 2815 635 2849 facultate,
656 2815 789 2844 medicina
803 2816 935 2852 adhibita,
951 2825 1008 2846 rem

223 2862 375 2899 confectam
391 2863 423 2891 iri
433 2862 570 2891 confidito.

1102 2545 1171 2576 Τοὺς
1193 2546 1241 2580 μὲν
1265 2546 1406 2581 ἀνδρείους
1432 2547 1562 2574 κολακεία
1582 2548 1734 2584 χειροῦται,
1753 2551 1813 2582 τοὺς
1828 2551 1855 2577 δὲ

1063 2589 1212 2625 ἀνάνδρους
1222 2591 1314 2626 φόϐος·
1326 2594 1382 2624 τοϊς
1393 2593 1441 2628 μὲν
1451 2593 1506 2629 γὰρ
1517 2594 1534 2629 ή
1546 2594 1632 2621 πειθὼ
1644 2594 1719 2621 δοκεῖ
1728 2595 1854 2627 ἀϐίαστος

1063 2634 1149 2670 εἶναι,
1171 2638 1228 2669 τοῖς
1246 2638 1274 2665 δὲ
1289 2638 1303 2665 ό
1321 2638 1403 2674 φόόος
1425 2637 1614 2675 ἀπαραίτητος
1636 2641 1783 2676 δεσπότης.
1801 2643 1853 2667 Καὶ

1062 2683 1087 2708 oi
1106 2682 1157 2717 μὲν
1175 2683 1215 2718 τῷ
1238 2683 1400 2718 καθυφεῖναι
1416 2685 1481 2717 τοὺς
1506 2687 1673 2718 ἀντιπάλους
1702 2688 1849 2722 ἡττῶνται·

1062 2728 1086 2754 οί
1107 2728 1136 2754 δὲ
1152 2728 1191 2764 τῷ
1205 2729 1243 2764 μὴ
1260 2729 1388 2757 ἐνδιδόναι
1410 2731 1552 2760 ὲνδιδόασι.
1570 2733 1616 2766 Μὴ
1640 2733 1731 2759 τοίνυν
1751 2733 1849 2764 πάντας

1062 2773 1102 2799 ἐν).
1124 2772 1278 2808 βοηθήματι
1302 2773 1463 2809 θεραπεύειν
1485 2776 1558 2802 οἵου·
1576 2776 1644 2803 ἀλλὰ
1666 2777 1723 2808 τοῖς
1753 2777 1847 2804 πάθεσι

1062 2818 1109 2845 καὶ
1121 2820 1181 2850 ταῖς
1194 2819 1326 2855 δυνάμεσι
1346 2820 1400 2846 τῶν
1415 2821 1575 2855 πασχόντων
1590 2821 1748 2857 κατάλληλα
1766 2830 1846 2858 προσ-

1063 2865 1152 2897 φέρων
1168 2864 1202 2892 τά
1217 2865 1344 2899 παιώνια,
1359 2865 1451 2898 ἔλπιζε
1465 2867 1554 2894 αὐτῶν
1568 2867 1729 2903 κρατήσειν.
