2064 3162
248 162 315 196 1617
693 162 871 190 EPISTOLA

402 214 461 240 ora
476 228 509 232 —
523 211 692 246 ΠΑΛΛΑΔΙῼ
713 211 871 247 ΔῐΑΚΟΝῼ.

693 160 960 190 EPISTOLARUM
979 161 1051 191 LIB.
1072 163 1107 193 V.
1125 163 1287 193 ~EPIS’I‘.
1309 163 1385 192 DIX.

1239 163 1287 192 ST.
1309 163 1385 192 DIX.
1796 161 1863 194 1618

1239 215 1307 242 Dlll.
1322 231 1356 236 —
1367 204 1536 242 PALLAu'io
1552 213 1710 243 DlACONO.

346 269 516 305 Perstriugit,
536 269 604 306 quod
617 269 691 295 rebus
707 268 832 304 bonisque
843 273 964 301 terrenis,
983 269 1133 297 ambitionis
1151 277 1173 298 et
1193 272 1285 306 gloria:
1301 280 1393 305 causa,
1408 273 1435 299 in
1452 272 1561 306 speciem
1576 280 1604 299 se
1617 272 1765 299 abdicarat.

282 326 311 351 Et
327 325 375 359 μὲν
388 324 472 355 ὅντως
484 323 538 350 τῶν
551 322 684 358 βιωτικῶν
699 323 836 356 κατέγνως
848 323 1029 358 πραγμάτων,

247 370 330 406 μηδέν
346 378 387 396 σοι
400 368 488 396 κοινὸν
505 368 573 404 πρὸς
587 368 666 395 αὑτά.
680 368 711 394 Et
724 367 753 394 δὲ
767 368 845 401 δόξαν
861 368 1028 404 θηρώμενος,

246 415 397 446 διαϐάλλεις
423 415 471 449 μὲν
499 414 579 446 αὐτὰ,
618 413 732 448 περιέχῃ
757 413 785 440 δὲ
807 415 843 446 ὡς
863 415 965 446 ἀϊδίων,
994 416 1030 450 μὴ

247 462 339 493 ἔλπιζε
357 461 466 496 ἀπατᾷν
491 460 554 491 τοὺς
572 453 616 486 διὰ
627 459 681 486 τῶν
707 460 877 495 πραγμάτων
902 461 1031 488 τάναντία

248 507 321 543 παρὰ
339 506 385 533 σοῦ
399 505 619 540 παιδευομένους.
818 510 821 513 ’

422 562 479 589 ΦΔ¹.
496 575 529 581 -
544 560 681 595 ΣΕΡΗΝῼ
692 561 854 596 ΔΙΑΚΟΝῼ.

1119 324 1146 352 Si
1170 325 1276 359 quidem
1297 326 1359 353 vita:
1384 326 1464 360 hujus
1491 327 1598 360 negotia
1632 333 1726 354 revera
1757 326 1865 360 cognita

1083 370 1194 404 habeas,
1218 371 1283 398 nihil
1302 371 1347 398 tibi
1372 379 1433 398 cum
1457 372 1514 399 illis
1536 379 1677 399 commune
1690 372 1734 399 sit.
1751 372 1779 399 Si
1800 379 1863 398 vero

1084 415 1194 451 gloriam
1215 416 1336 443 venando
1355 416 1398 443 illa
1418 416 1580 449 crimineris,
1600 417 1788 451 complectaris
1802 424 1865 444 vero

1085 467 1113 489 ut
1134 461 1270 492 diuturna,
1295 468 1361 488 cave
1388 466 1466 496 putes
1487 469 1534 488 eos
1562 462 1609 496 qui
1634 463 1666 489 de
1689 463 1770 490 rebus
1787 462 1862 497 ipsis,

1084 511 1178 535 contra
1196 511 1277 542 atque
1293 511 1320 534 tu
1341 507 1469 538 sentiant,
1488 508 1627 534 aberrare.

1240 561 1307 590 [ην.
1326 576 1362 581 --
1383 559 1518 588 SERENO
1534 559 1694 588 DIACONO.

685 607 820 634 Honorari
836 607 894 633 vis!
912 608 1035 635 honorem
1052 608 1146 643 fugito.
1161 607 1250 643 (Cani.
1265 608 1340 643 epist.
1353 607 1430 641 522.)

283 664 316 690 Et
331 662 410 697 δόξης
423 663 499 697 ἐρᾷς,
517 661 682 696 καταφρόνει
705 661 794 696 δόξης,
811 662 858 688 καὶ
872 663 933 688 τότε
948 663 1032 698 αὐτῆς

249 708 440 739 ἀπολαύσειας.
456 707 608 734 Φιλόνεικον
629 707 684 742 γάρ
699 715 758 738 πως
769 707 799 733 τὸ
814 707 867 734 τῶν
883 707 1033 743 ἀνθρώπων

249 755 326 787 γένος
343 753 411 786 ἐστὶ,
431 753 478 779 καὶ
496 753 563 788 πρὸς
592 752 642 787 μὲν
661 752 691 778 τὸ
708 751 878 787 ὐπεραυχοῦν
902 753 1034 779 διακινδυ-

249 798 337 825 νεύειν
356 798 441 832 φιλεῖ·
459 798 527 833 πρὸς
541 797 611 824 δὲτὸ
625 798 752 824 ταπεινὸν
769 797 827 832 μεθ’
842 798 937 832 ἡδονῆς
956 798 1035 824 σπέν-

1119 666 1146 692 Si
1176 665 1288 700 gloriam
1314 665 1436 698 sectaris,
1463 671 1522 692 eam
1554 663 1596 691 fac
1626 668 1804 692 contemnas:
1830 666 1863 692 si.

1086 711 1131 738 [iet
1144 717 1172 738 ut
1183 711 1228 738 illa
1238 711 1358 746 potiaris.
1371 711 1574 738 Contentiosum
1589 714 1630 737 est
1642 710 1713 736 enim
1727 710 1866 737 hominum

1086 764 1180 790 genus,
1195 761 1222 784 et
1246 758 1278 784 de
1305 757 1460 792 praestantia
1485 755 1598 783 libenter
1615 755 1732 783 dimicat.
1748 755 1864 782 Vincere

1086 802 1158 827 enim
1174 801 1263 828 studet
1278 809 1350 833 cum,
1373 801 1417 835 qui
1439 801 1556 828 victoriae
1579 800 1673 828 inhiat.
1691 800 1867 834 Cumjucnn-

249 844 341 870 δεοθαι
357 843 472 877 πέφυκε.
490 843 577 878 Νικᾷν
596 843 645 878 μὲν
661 843 714 877 γὰρ
733 841 877 874 σπουδάζει
892 842 938 868 τὸν
956 842 1034 877 νίκης

1090 845 1170 872 ditate
1193 849 1282 872 autem
1308 845 1465 873 submittere
1487 852 1515 873 se
1541 845 1590 878 illi,
1616 845 1661 880 qui
1678 845 1786 873 vincere
1811 852 1864 872 non

251 888 403 923 ὲῳιέμενον,
422 887 553 922 ἡττᾶσθαι
571 888 599 914 δὲ
624 888 696 922 φιλεῖ
712 888 770 923 μεθ’
786 887 882 923 ἡδονῆς
903 888 941 922 τῷ
958 888 1036 923 νίκης

1090 889 1234 923 desiderat,
1252 891 1401 918 consuevit.

253 935 290 970 μὴ
308 933 453 969 ἐφιεμένῳ.

284 988 344 1015 ‘IJE'.
359 1002 393 1007 —
407 987 485 1014 ἸῸΙΣ
504 987 695 1014 ΚΛΗΡΙΚΟΙΣ
711 987 778 1013 ΤΟΥ
794 987 1002 1014 ΠΗΛΟΥΣΙΟΥ.

1241 988 1296 1016 DV.
1321 1004 1356 1010 —
1378 988 1569 1018 PELUSIANO
1606 989 1730 1018 CLERO.

846 1035 970 1069 Βοήοεια,
990 1035 1058 1062 unde
1073 1022 1172 1063 buccis
1197 1036 1278 1063 dicta.

294 1089 416 1117 Ἐοίκατε
434 1091 541 1125 ἀγνοεῖν
565 1090 595 1117 τὸ
610 1091 659 1125 τῆς
674 1090 799 1125 βοηθείας
815 1089 910 1125 ὄνομα,
922 1089 989 1124 ὅπερ
1002 1089 1039 1115 el-

254 1143 334 1170 ρηται
358 1136 433 1171 παρὰ
457 1137 487 1163 τὸ
507 1136 584 1171 μετὰ
606 1135 686 1170 ,ϐοῆς
715 1135 807 1163 θέειν*
831 1135 878 1162 καὶ
900 1135 944 1162 διὰ
962 1135 1041 1162 τοῦτο

255 1181 419 1217 βραδύτερον
430 1182 602 1217 ἀφικόμενοι,
618 1181 664 1208 καὶ
681 1181 869 1216 σχολαιότερον
889 1180 1041 1215 βαδίζοντες

254 1227 476 1262 ἀποτετυχήκατε
500 1228 549 1263 τῆς
565 1227 660 1263 θήρας.
682 1227 712 1253 Ὀ
727 1226 780 1261 γὰρ
797 1226 902 1262 δεηθεὶς
917 1226 967 1261 τῆς
980 1227 1040 1252 ἑπι-

256 1272 379 1307 κουρίας,
400 1272 512 1308 θήραμα
536 1273 583 1299 καὶ
597 1272 676 1307 ἔργον
699 1273 747 1307 τῆς
764 1271 818 1298 τῶν
833 1270 1042 1298 ἐπιϐουλευσάν-

255 1326 308 1344 των
323 1318 464 1353 ὠμότητος
477 1318 598 1352 γέγονεν.

504 1373 573 1404 ψςι.
591 1386 626 1391 -
643 1370 782 1406 suum.

1123 1089 1257 1116 Videmini
1276 1089 1400 1124 ignorare
1415 1090 1541 1126 βοήθειας
1554 1095 1662 1126 etymon
1684 1091 1754 1125 quod
1769 1090 1872 1118 Graecis

1088 1135 1188 1162 dictum
1197 1134 1273 1170 παρὰ
1282 1135 1312 1161 τὺ
1326 1135 1394 1170 μετὰ
1403 1135 1465 1171 βοῆς
1480 1136 1561 1168 θέειν,
1577 1136 1611 1163 ad
1623 1143 1709 1163 vocem
1723 1144 1871 1163 accurrere.

1088 1180 1259 1216 Quapropter
1275 1181 1379 1209 tardius
1405 1188 1452 1208 vos
1469 1182 1626 1210 accedentes
1645 1186 1730 1216 atque
1750 1183 1873 1216 ignavius

1089 1229 1242 1259 currentes,
1268 1225 1353 1254 feram
1371 1233 1424 1253 non
1453 1226 1574 1261 cepistis.
1600 1226 1651 1260 Qui
1678 1227 1749 1254 enim
1772 1227 1873 1254 auxilio

1091 1272 1238 1307 indigebat,
1252 1276 1361 1307 captura
1378 1277 1405 1300 et
1420 1280 1488 1308 opus
1504 1272 1689 1301 insidiantium
1704 1273 1873 1302 crudelitatis

1092 1318 1188 1346 evasit.

1285 1372 1367 1408 703
1377 1365 1445 1400 [Νι.
1461 1387 1496 1392 -
1511 1372 1652 1401 anno.

573 1417 592 1442 A
611 1418 705 1444 teneris
719 1424 867 1444 assuescere
882 1415 993 1443 multum
1007 1421 1044 1443 est
1060 1417 1088 1444 in
1110 1418 1215 1452 pietatis
1227 1419 1326 1446 studio.
1343 1417 1424 1454 (Vide
1434 1419 1510 1452 epist.
1526 1418 1566 1455 9.)

290 1475 351 1506 Τοῖς
376 1475 468 1501 παισὶν
489 1474 528 1500 ἔτι
543 1475 650 1510 νηπίοις
661 1473 849 1509 τυγχάνουσιν,
866 1472 973 1508 πρῶτον
991 1464 1043 1508 μὲν

254 1520 299 1546 τὸν
322 1520 386 1555 περὶ
407 1520 456 1554 τῆς
478 1520 614 1555 ὑπεροχῆς
633 1528 663 1546 τε
684 1518 731 1546 τοῦ
751 1519 818 1545 Θεοῦ
837 1518 885 1545 καὶ
900 1519 1038 1553 προνοίας,

255 1565 350 1592 ἔπειτα.
374 1565 402 1592 δὲ
419 1565 465 1592 καὶ
484 1564 530 1591 τδν
545 1565 608 1599 περὶ
621 1564 723 1600 ἀρετῆς
742 1563 794 1599 χρὴ
808 1563 1041 1599 κατασπείρεσθαι

254 1611 335 1645 λόγον
346 1618 352 1625 ·
369 1611 413 1637 ἴνα
431 1609 661 1644 συναυξανόμενος
676 1610 722 1636 καὶ
736 1609 882 1644 συνανδρού
887 1618 967 1644 μενος
980 1609 1040 1636 θεο-

255 1658 342 1692 φιλεῖς
353 1657 400 1684 ita!
412 1656 554 1691 ἐναρέτους
567 1655 666 1690 ἄνδρας
681 1655 880 1682 ἀποτελέσειεν.

395 1711 453 1737 ΦΖν.
473 1724 509 1730 -
523 1709 647 1744 ΖΩΣΙΜῼ
664 1709 897 1744 ΠΡΕΣΒΥΤΕΡῼ.

1128 1473 1224 1501 Pueris
1247 1475 1393 1502 etiamnum
1416 1475 1516 1502 teneris
1530 1475 1564 1502 de
1591 1474 1637 1502 Dei
1664 1474 1820 1502 excellentia
1842 1482 1874 1502 ac

1093 1520 1271 1554 providentia,
1283 1526 1375 1555 postea
1403 1521 1436 1549 de
1449 1521 1551 1549 virtute
1578 1525 1711 1556 praecepta
1725 1525 1788 1548 sunt
1803 1521 1874 1548 inse-

1067 1564 1077 1574 ‘
1095 1566 1187 1598 renda,
1209 1571 1238 1593 ut
1262 1566 1420 1601 grandiores
1443 1566 1500 1601 jam
1523 1567 1587 1594 iacti
1618 1567 1645 1594 in
1668 1566 1797 1601 virosque
1820 1566 1877 1600 jam

1094 1610 1214 1645 formati,
1232 1618 1294 1638 cum
1320 1611 1366 1639 Dei
1395 1610 1495 1645 Optimi
1523 1611 1632 1639 Maximi
1663 1615 1796 1644 amantes,
1820 1615 1875 1639 tum

1093 1656 1198 1690 praediti
1216 1656 1330 1683 evadant
1344 1656 1452 1683 virtute.

1206 1709 1287 1738 nvu.
1303 1726 1336 1731 -
1362 1709 1488 1737 zosmo
1513 1690 1756 1738 .PRESBYTERO.

693 1754 764 1781 Vitia
780 1755 922 1781 verecunde
935 1755 1144 1790 perstringenda.
1159 1755 1252 1790 (Supr.
1268 1757 1343 1790 epist.
1360 1756 1433 1791 455.)

296 1812 396 1847 Ἐχρῆν
428 1812 477 1847 μὲν
500 1810 695 1846 νεανικώτερον
718 1811 961 1849 ὲκτραγῳδηθῆναι
987 1811 1036 1842 τὰς

257 1858 307 1889 σὰς
329 1857 454 1893 πράξεις,
478 1858 547 1892 τάχα
572 1857 624 1884 κᾶν
648 1856 735 1888 οὕτως
759 1856 955 1892 ἐρυθριάσαις-
982 1856 1039 1882 ἀλλ’

256 1903 349 1938 ἐπειδὴ
360 1903 390 1929 οὐ
402 1903 455 1938 χρὴ
470 1903 533 1934 τοὺς
559 1902 721 1937 σεμνότητος
737 1901 976 1937 ἀντιποιουμένους
994 1910 1040 1936 μο-

256 1949 344 1975 λύνειν
366 1949 472 1976 ἑαυτῶν
494 1948 543 1980 τὰς
565 1948 702 1982 γλώττας,
723 1947 839 1982 τάχιστα
868 1948 915 1974 καὶ
940 1947 1042 1982 εὐπρε-

255 1995 375 2022 πέσταται
385 1995 532 2029 λελέξεται,
548 1995 589 2022 ὅτι
613 1994 738 2030 μεγάλων
754 1993 846 2021 κακῶν
866 1993 953 2020 αἴτιαι
972 1993 1040 2020 εἰσιν

257 2040 284 2066 αἱ
301 2040 369 2074 μετὰ
383 2041 504 2075 γαστέρα
517 2039 618 2076 ἡδοναί,

347 2094 411 2121 ΦΗἍ
431 2110 465 2116 -
480 2094 692 2129 ΘΕΟΠΕΜΠΤῼ
709 2093 944 2127 ΠΡΕΣΒΥΤΕΡῼ.

1129 1810 1277 1845 Oportebat
1290 1810 1437 1845 juvenilius
1454 1818 1486 1839 ac
1505 1811 1691 1839 vehementius
1719 1816 1778 1840 tuas
1793 1813 1883 1840 actioq

1093 1862 1141 1882 nes
1154 1856 1255 1890 tragice
1262 1855 1429 1890 exaggerari,
1441 1856 1519 1883 utsic
1529 1855 1598 1883 forte
1609 1856 1753 1883 erubescas
1764 1867 1770 1884 :
1784 1863 1878 1883 verum

1095 1901 1201 1936 quando
1211 1909 1263 1928 non
1276 1902 1352 1929 decet
1365 1902 1526 1937 gravitatem
1551 1901 1726 1936 praeferentes
1751 1910 1816 1930 suas
1837 1903 1878 1930 iu-

1094 1947 1209 1981 quinare
1232 1947 1348 1982 linguas,
1371 1947 1560 1975 decentissima
1584 1949 1671 1982 potius
1695 1948 1876 1983 proferentur.

1094 1991 1160 2025 Quae
1167 1992 1237 2019 enim
1251 1992 1324 2027 juxta
1337 1997 1458 2020 ventrem
1471 1991 1595 2020 libidines
1611 1997 1683 2026 sunt,
1697 1994 1875 2021 maximorqu

1093 2037 1226 2065 exsistunt
1242 2046 1330 2066 causa:
1346 2039 1490 2066 malorum.

1163 2091 1258 2119 DVIll.
1274 2107 1303 2112 -—
1320 2093 1549 2121 THEOPEMPTO
1566 2093 1806 2121 PRESBYTERO.

256 2151 289 2180 In
301 2154 494 2180 concionatores
513 2162 622 2188 quorum
638 2154 690 2180 vita
704 2153 830 2180 doctrinm
843 2161 892 2178 non
909 2151 1054 2185 respondet.
1069 2149 1109 2188 Ad
1123 2149 1188 2188 illud
1204 2157 1212 2175 :
1229 2159 1238 2175 ί
1258 2150 1390 2188 Dicutitet
1405 2159 1465 2188 uel
1473 2151 1600 2188 facium.»
1617 2149 1725 2186 (Matth.
1743 2158 1821 2184 xxtlt,
1837 2150 1877 2186 5.)

579 2187 677 2215 Facere
693 2196 770 2222 quam
787 2188 871 2213 dicere
886 2184 968 2221 magis
980 2185 1128 2220 persuadet.
1145 2184 1223 2219 (Sup.
1241 2185 1316 2219 epist.
1333 2185 1397 2217 215,
1413 2184 1476 2217 255,
1489 2185 1563 2219 265.)

292 2241 360 2269 Οὔτε
376 2242 454 2276 λόγος
464 2262 471 2274 ,

258 2296 333 2314 σκειν
358 2288 406 2322 μὲν
432 2287 561 2323 τολμῶσι,
582 2287 711 2314 τάναντία
729 2287 757 2313 δὲ
773 2282 810 2314 ὧν
832 2286 940 2319 λέγουσι
957 2285 1042 2320 πράτ-

258 2341 343 2359 τουσι.
373 2333 442 2364 Τοὺς
472 2333 521 2368 μὲν
546 2332 600 2368 γὰρ
619 2333 687 2368 μήτε
712 2332 890 2367 πράττοντας,
913 2331 982 2365 μήτε
1004 2330 1042 2356 δι-

257 2377 366 2405 δάσκειν
390 2378 604 2413 ἐπιχειροῦντας,
623 2377 697 2408 εἰκὸς
713 2376 897 2412 μετριωτέραν
922 2375 1040 2410 ἀπαιτη-

258 2423 337 2458 οῆναι
361 2423 506 2459 τιμωρίαν.
532 2424 600 2455 Τοὺς
624 2423 652 2450 δὲ
675 2421 906 2456 ὲναϐρυνομένους
930 2420 978 2455 μὲν
996 2420 1042 2447 ἐπὶ

257 2468 297 2503 τῷ
324 2468 505 2504 διδασκαλικῷ
525 2469 607 2504 λόγῳ,
635 2468 672 2504 μὴ
696 2467 840 2498 ποιοῦντας
855 2466 882 2492 δὲ
907 2466 924 2492 ὅ.
950 2474 1041 2500 φασιν,

258 2514 445 2549 ἀπαραίτητον
461 2514 509 2541 καὶ
522 2513 725 2548 ἀσύγγνωστον.

512 2568 572 2595 φοι.
587 2584 623 2589 -
635 2568 678 2603 To
697 2567 799 2602 ΔΥΤῼ.

499 2242 560 2269 οὔτε
575 2242 672 2277 σκῆψις
697 2241 874 2268 ὑπολείπεται
897 2241 952 2271 τοῖς
967 2239 1038 2266 διδά-

1126 2239 1219 2274 Neque
1250 2239 1349 2271 oratio,
1382 2247 1412 2266 nc
1430 2247 1464 2267 ne
1499 2240 1638 2267 excusatio
1657 2240 1764 2274 quidem
1782 2240 1879 2267 docere

1095 2285 1163 2313 alios
1186 2286 1260 2313 ausis
1292 2285 1383 2313 relicta
1405 2291 1456 2318 est,
1487 2286 1509 2313 si
1543 2290 1638 2313 contra
1676 2290 1756 2320 atque
1782 2285 1880 2313 docent

1095 2331 1205 2359 faciant.
1222 2331 1273 2364 Qui
1287 2338 1349 2359 vero
1365 2338 1453 2366 neque
1467 2335 1560 2367 agunt,
1578 2338 1664 2366 neque
1673 2331 1770 2359 docere
1785 2338 1879 2365 aggre-

1095 2377 1215 2411 diuntur,
1231 2384 1337 2412 poenam
1360 2378 1472 2405 daturos
1489 2377 1707 2411 tolerabiliorem
1734 2375 1879 2404 verisimile

1095 2429 1147 2453 est.
1170 2426 1204 2452 At
1230 2425 1275 2459 qui
1301 2425 1422 2453 docendo
1453 2433 1482 2453 se
1501 2424 1606 2459 jactant
1622 2429 1711 2459 .atque
1729 2426 1877 2454 ostentant,

1096 2477 1155 2504 quae
1171 2477 1234 2497 vero
1260 2470 1367 2502 docent,
1393 2478 1445 2497 non
1470 2475 1561 2505 agunt.
1578 2467 1772 2497 inexorabilem
1785 2467 1878 2494 venia—

1096 2522 1149 2549 que
1167 2520 1306 2543 carentem
1319 2522 1426 2550 ptenam
1443 2515 1528 2552 luent.

1357 2568 1425 2596 DIX.
1447 2583 1483 2588 —
1497 2567 1610 2596 EIDEM.

258 2623 361 2651 Bellum
372 2624 490 2658 spiritale
502 2625 624 2652 alacriter
634 2623 738 2659 aggredi
750 2624 831 2655 decet,
850 2623 937 2649 divino
951 2622 1045 2663 fretum
1061 2623 1172 2664 auailio.
1191 2622 1280 2657 Neque
1304 2625 1372 2651 enim
1388 2632 1420 2651 ex
1439 2623 1573 2657 cupierunt
1592 2621 1760 2649 multitudine
1779 2630 1879 2656 semper

1012 2663 1130 2684 victoria.

293 2714 325 2739 Εἰ
340 2713 385 2739 καὶ
398 2713 460 2748 περὶ
475 2713 529 2739 τῶν
542 2713 703 2748 σωματικῶν
719 2712 856 2747 πολέμων,
872 2712 902 2738 οὐ
917 2713 969 2747 χρὴ
980 2713 1040 2743 τοὺς

260 2759 345 2794 μείζω
366 2758 478 2793 δύναμιν
502 2758 623 2793 ἔχοντας,
639 2759 676 2790 ὡς
693 2759 811 2793 φανερᾶς
831 2757 912 2794 οὔσης
930 2760 979 2793 τῆς
1002 2758 1042 2784 νί-

260 2811 320 2837 κης,
339 2803 568 2830 διαϐεϐαιοῦσθαιο
586 2804 670 2830 πολλὰ
686 2805 739 2839 γὰρ
758 2804 896 2840 παράδοξα
913 2806 1044 2836 πολλάκις

260 2847 380 2880 ἐγένετο·
410 2849 454 2873 καὶ
473 2849 502 2873 τὺ
520 2849 567 2882 μὲν
583 2847 653 2882 εἶξαν
671 2849 749 2881 εὐθὺς
769 2850 938 2882 ἀνέλπιστον,
964 2850 1002 2885 τῷ
1017 2852 1044 2878 δὲ

1132 2714 1165 2740 Ει
1184 2713 1205 2740 si
1226 2713 1294 2741 bello
1306 2713 1440 2748 corporali
1462 2720 1509 2739 eos
1531 2711 1689 2746 quiviribus
1721 2711 1874 2745 superiores

1096 2763 1169 2791 sunt,
1185 2758 1261 2793 quasi
1284 2759 1319 2786 sit
1331 2763 1404 2786 certa
1415 2758 1579 2789 victoria,se
1591 2757 1695 2791 jactare
1716 2764 1768 2783 non
1790 2757 1879 2782 decet.

1097 2804 1228 2831 Accidunt
1245 2805 1315 2832 enim
1331 2805 1374 2831 hic
1390 2804 1471 2831 multa
1495 2810 1678 2837 saepenumero
1702 2803 1838 2837 inopinata
1855 2807 1881 2828 et

1099 2850 1234 2885 insperata
1254 2859 1259 2876 :
1286 2850 1433 2885 etquidem
1453 2850 1544 2877 statim
1566 2849 1702 2881 recedere,
1726 2856 1771 2883 spe
1795 2852 1880 2874 caret.
