2064 3162
217 168 284 201 1621

662 168 926 199 EPISTOLARUM
946 170 1019 199 LIB.
1039 171 1072 200 V.
1093 184 1128 189 -
1146 170 1264 200 EPIST.
1284 170 1389 201 DXIX.

1774 166 1841 199 1622

214 228 315 262 ὁρμαῖς
337 226 536 262 χρησαμένους.
562 226 592 252 Ei
619 226 646 251 δὲ
678 226 754 252 ταῦθ’
777 225 862 257 οὕτως
880 226 944 260 ἔχει,
972 227 997 252 οἱ

1056 227 1083 252 ιιι
1101 227 1226 254 virtutem
1242 227 1342 262 impetu
1358 230 1479 254 utantur.
1501 226 1565 259 Quae
1581 233 1641 252 cum
1658 224 1695 251 ita
1713 224 1776 256 sint,
1794 225 1839 259 qui

217 270 286 305 μετὰ
308 271 387 305 νόμον
410 271 457 297 καὶ
477 270 556 306 χάριν
578 270 732 303 πταίοντες,
754 272 800 297 καὶ
827 271 892 306 μηδὲ
916 271 999 306 αὐτὴν

216 315 323 342 ὁδεῦσαι
347 315 485 346 ἐθέλοντες
506 315 575 346 ὁδὸν,
590 315 684 351 ὥσπερ
701 318 724 343 oi
745 316 854 343 παλαιοὶ
869 315 998 349 ὥδευσαν,

215 360 288 392 τίνος
303 359 412 395 τύχοιεν
429 360 505 387 ἐλέου
517 369 525 393 ;

441 460 514 487 dtlE’.
538 475 573 480 —-
589 461 771 496 ΔΝΑΤΟΛΙῼ.

1053 277 1113 306 post
1135 272 1219 307 legem
1240 274 1410 308 gratiamque
1430 276 1554 308 peccant,
1571 279 1601 299 ac
1620 278 1652 298 ne
1666 271 1717 298 vite
1732 270 1840 306 quidem

1053 316 1087 344 ab
1098 317 1152 344 illis
1164 318 1306 351 ordinatae,
1319 326 1400 353 quam
1412 318 1528 352 majores
1540 317 1624 344 nostri
1642 316 1755 352 ingressi
1769 320 1840 347 sunt,

1053 362 1145 390 volunt
1169 363 1308 396 insistere,
1324 371 1438 398 quanam
1462 364 1488 390 hi
1508 363 1580 398 digni
1598 361 1785 390 misericordia
1799 361 1841 387 vi-

1054 408 1168 436 deantur
1178 407 1190 436 7

1285 462 1366 490 DXV.
1385 478 1421 483 —
1437 462 1615 492 ANATOLIO.

790 505 904 533 Vitanda
919 507 1095 540 improborum
1106 507 1270 535 commercia.

252 559 317 585 Δίαν
342 559 373 585 σέ
400 568 473 591 τινες
489 560 642 593 αἰτιῶνται,
661 561 702 588 ὅτι
721 560 768 592 οὓς
791 561 840 596 μὲν
863 561 916 588 οὐδ’
934 562 999 597 ὁρᾷν

216 604 304 639 θέμις,
334 605 438 636 τούτοις
465 606 501 637 ὡς
524 607 621 641 ἥδιστα
651 606 750 638 λαλεῖς.
779 603 826 638 Οἷς
852 607 880 633 δὲ
908 607 999 634 λαλεῖν

216 650 362 684 αἴσχιστον,
374 651 484 683 τούτους
497 652 622 688 συνήθεις
643 652 800 687 πεποίησαι.
818 651 872 684 Οὓς
886 653 915 678 δὲ
931 662 1002 688 παρ-

217 695 295 725 όντας
315 697 396 731 τιμᾷν
425 697 538 732 ἀτιμίας
568 698 653 731 ἄξιον,
684 697 794 729 τούτους
815 698 862 724 καὶ
886 698 1005 730 ἀπόντας

1088 564 1225 592 Accusant
1241 568 1266 591 te
1276 563 1400 599 quidam,
1422 563 1493 597 quod
1513 569 1582 596 quos
1598 569 1630 589 ne
1645 561 1766 596 aspicere
1783 562 1842 596 qui-

1054 610 1114 637 dem
1129 609 1166 638 sit
1181 609 1232 642 las,
1248 617 1308 637 cum
1324 610 1357 637 iis
1369 616 1450 643 quam
1464 606 1652 635 lubentissime
1668 607 1841 640 colloquaris.

1054 655 1120 682 Cum
1134 656 1231 690 quibus
1244 662 1306 683 vero
1318 655 1435 689 colloqui
1450 653 1636 689 turpissimum
1650 653 1695 686 sit,
1710 652 1750 679 his
1764 651 1842 694 fami-

1055 701 1158 729 liariter
1174 702 1269 729 utaris.
1287 701 1360 734 Quos
1375 707 1437 728 vero
1452 703 1602 734 praesentes
1614 698 1750 725 honorare
1764 700 1842 732 turpe

217 742 337 776 ἀγαπᾷς.
359 742 389 768 ΕΞ
414 743 503 769 τοίνυν
527 743 708 778 ἀληθεύουσι,
725 744 911 778 γνωσιμάχει·
931 745 954 770 εί
976 744 1004 770 δὲ

1056 747 1104 779 sit,
1130 748 1179 775 hos
1204 747 1267 775 licet
1294 748 1420 775 absentes
1444 746 1564 774 adamas.
1596 744 1677 780 710
1704 743 1842 777 Resipisce

220 786 268 821 μὴ,
295 788 390 822 δήλων
413 788 456 814 ἵνα
480 789 702 824 ὲπιστομίσωμεν
718 790 781 821 τοὺς
799 790 844 815 ἐπὶ
865 791 925 821 ταῖς
943 790 1002 821 σαῖς

1056 800 1130 827 ergo,
1143 793 1167 820 si
1180 800 1243 820 vera
1256 793 1293 820 illi
1306 798 1436 826 narrant;
1453 793 1494 819 sin
1508 798 1596 821 secus.
1614 790 1724 818 ostende
1743 788 1841 816 falsum

217 834 356 866 διαόολαῖς
375 835 583 871 ἁγαλλομένους.

332 937 414 970 φιςι.
434 951 469 956 -
488 937 601 973 ΝΕΙΛῼ,
619 938 741 973 narro,
762 937 888 972 nam.

1057 844 1132 870 esse,
1151 841 1179 864 ut
1199 845 1230 865 os
1255 837 1288 865 iis
1301 838 1457 865 obturemns
1473 837 1517 872 qui
1546 836 1588 863 his
1610 836 1636 863 in
1657 840 1683 863 te
1699 833 1842 862 calumniis

1057 882 1202 910 exsultant.

1163 935 1254 964 DXVI.
1271 952 1306 957 -—
1325 935 1416 968 NlLO,
1434 934 1547 962 PETRO
1564 939 1588 961 ct
1610 933 1734 961 PAULO.

898 982 935 1008 De
946 981 1079 1015 patientia:
1092 982 1168 1010 bona.

261 1035 294 1062 Ἦ
317 1036 363 1062 ἐπὶ
384 1038 443 1068 ταῖς
463 1036 573 1073 ὕϐρεσιν
597 1037 757 1071 ἁνεξικακία
779 1037 838 1063 λίαν
853 1037 901 1071 τὴν
915 1036 1003 1072 ψυχὴν

219 1080 333 1115 ὠφελεῖ’
349 1082 383 1117 ἢν
399 1083 422 1109 εί
438 1083 493 1118 (34)
510 1083 701 1118 συμφέρουσαν
719 1083 768 1118 μὲν
781 1082 866 1118 ᾔδειν,
883 1081 1003 1117 χαλεπὴν

219 1125 500 1164 δὲγενέσθαι,κομιδῇ
513 1128 544 1154 ἂν
559 1129 692 1164 ἠχθέσθην
703 1129 712 1139 “
727 1129 764 1164 μὴ
779 1129 809 1154 τὸ
825 1129 874 1163 τὴν
890 1126 1005 1163 προσοῦ-

221 1179 271 1197 σαν
285 1173 476 1208 πραγματείαν
496 1173 616 1208 φεύγειν,
641 1175 670 1200 τὸ
693 1174 830 1206 λυσιτελὲς
855 1173 1002 1209 προέσθαι·

219 1217 244 1243 εἰ
266 1216 294 1243 δὲ
309 1218 356 1245 καὶ
372 1218 451 1254 ῥᾳδία
465 1220 512 1246 καὶ
525 1219 651 1255 βελτίστη
668 1220 807 1255 τυγχάνει.
828 1220 863 1246 Τὸ
883 1219 936 1254 γὰρ
953 1220 1003 1246 ἑπ-

220 1261 318 1294 εξιέναι
331 1263 377 1289 καὶ
388 1263 516 1290 δύσκολον
528 1266 576 1291 καὶ
588 1265 797 1300 ἐργωδέστερον.
815 1265 861 1291 καὶ
872 1263 1003 1300 χειμῶνος

219 1307 269 1341 τὴν
284 1307 372 1342 ψυχὴν
386 1308 499 1344 πληροῖ*
517 1310 629 1345 ἄμεινον
644 1310 674 1336 τὸ
688 1311 852 1345 φιλοσοφεῖν.

350 1406 421 1435 ΦΙΖι.
439 1424 474 1429 _
493 1409 614 1444 ΩΦΕΛΙῼ
633 1409 874 1445 ΓΡΛΜΜΑΤΙΚῼ.

1090 1037 1221 1064 Patientia
1247 1036 1461 1071 injuriarumque
1489 1034 1631 1062 tolerantia
1657 1033 1746 1060 animo
1764 1033 1840 1058 valde

1054 1083 1180 1118 prodest;
1194 1090 1273 1117 quam
1289 1083 1311 1110 si
1327 1082 1417 1110 utilem
1428 1081 1536 1116 quidem
1549 1087 1608 1108 esse
1621 1079 1752 1110 sciebam,
1770 1076 1840 1105 dini.

1054 1129 1132 1156 cilem
1147 1135 1249 1161 tamen,
1264 1127 1376 1155 moleste
1387 1126 1433 1153 tttli
1444 1147 1450 1159 ,
1465 1126 1538 1161 quod
1559 1128 1719 1159 praesentem
1735 1122 1840 1156 rugiens

1055 1174 1255 1207 difﬁcultatem,
1271 1172 1479 1201 emolumentum
1494 1171 1551 1206 ejus
1565 1169 1717 1200 amiserim,
1735 1167 1784 1195 etsi
1802 1166 1842 1193 fa-

1056 1220 1114 1248 cilis
1137 1220 1260 1254 bonaque
1279 1218 1415 1246 obveniat.
1445 1217 1544 1246 Ulcisci
1568 1217 1640 1244 enim
1663 1213 1789 1249 iniuriam
1814 1217 1841 1240 et

1057 1272 1138 1301 grave
1149 1269 1189 1292 est
1200 1269 1227 1292 et
1242 1263 1416 1296 laboriosum,
1429 1263 1549 1290 animum
1562 1260 1724 1289 turbulentis
1736 1259 1840 1294 agitans

1058 1310 1187 1338 motibus.
1205 1308 1391 1344 Philosophari
1412 1309 1505 1344 itaque
1521 1308 1642 1341 beneque
1656 1306 1747 1333 vivere
1763 1304 1842 1339 longe

1056 1356 1236 1392 praestabilius
1250 1359 1301 1383 est.

1162 1407 1267 1436 DXVll.
1282 1423 1317 1427 —
1335 1405 1485 1434 OPHELIO
1499 1401 1735 1433 GBAMMATICO.

577 1457 598 1482 Α
611 1457 764 1489 spectaculis
775 1456 952 1483 dehortando:
966 1460 1051 1483 manu
1071 1455 1200 1488 homines,
1216 1461 1243 1482 ut
1257 1456 1332 1489 epist.
1347 1455 1410 1488 i85,
1425 1452 1486 1481 186.

255 1508 286 1533 Ei
315 1508 344 1533 ἐν
370 1509 419 1543 μὲν
446 1511 479 1544 τῇ
499 1511 585 1545 σκηνῇ
610 1510 726 1544 γελῶσιν
757 1511 782 1537 οι
809 1510 1003 1546 φιλοθεάμονες

1092 1509 1120 1537 Si
1136 1510 1243 1545 quidem
1255 1509 1282 1537 in
1294 1516 1376 1537 scena
1390 1506 1529 1543 spectandi
1546 1503 1721 1540 perstudiosi,
1735 1502 1842 1530 mollius

219 1552 392 1587 ἁπαλώτερον
416 1542 598 1586 τού-δέοντος,
615 1542 643 1581 έν
662 1555 691 1580 δὲ
707 1554 744 1589 τῷ
772 1542 933 1590 ἱπποδρόμῴ
959 1554 1004 1581 θυ-

1057 1542 1205 1591 (ῙΠἌΙΠῬἌΓ
1220 1555 1255 1584 sit
1269 1556 1386 1589 rideant,
1402 1542 1428 1581 in
1444 1551 1611 1581 circensibus
1625 1556 1688 1577 vero
1703 1548 1773 1575 ludis
1785 1554 1842 1574 am-

221 1598 333 1632 μοῦνται
342 1598 424 1625 πλέον
435 1599 451 1634 ἢ
464 1600 610 1635 προσῆκεν·
627 1601 684 1626 ἐκεῖ
694 1601 742 1635 μὲν
755 1601 807 1627 ὑπὸ
820 1600 873 1626 τῶν
885 1600 1006 1636 αἰσχρῶν

217 1644 364 1679 δραμάτων
378 1645 597 1679 ὲκθηλυνόμενοι,
607 1645 723 1672 ἐνταῦθα
731 1645 759 1671 δὲ
771 1647 830 1677 ταῖς
844 1646 898 1672 τῶν
907 1647 916 1656 '
929 1646 1007 1681 ἁμίλ-

218 1689 279 1721 λαις
301 1690 368 1725 πρὸς
392 1690 488 1725 μανίαν
505 1691 736 1725 ὲκόακχευόμενοι
763 1691 882 1726 (μικροῦ
904 1692 957 1726 γὰρ
972 1691 1007 1718 τὰ

218 1735 273 1761 τῶν
291 1735 447 1770 κενταύρων
467 1736 639 1772 μιμοῦνται)·
657 1737 721 1763 πότε
735 1737 764 1763 ὲν
778 1737 813 1773 τῇ
829 1737 1005 1773 προσηκούσῃ

220 1781 388 1808 καταστάσει
410 1781 591 1816 ὀφθήσονταις
621 1781 719 1817 ἢπότε
747 1781 781 1808 τὰ
804 1782 916 1817 ἀνδράσι
938 1781 1006 1818 πρέ-

221 1834 305 1853 ποντα
320 1826 461 1861 πράξειαν;
475 1826 579 1854 Οὐκοῦν
590 1827 642 1862 χρὴ
651 1827 704 1853 εἴτε
720 1826 818 1860 πειθοῖ,
830 1827 884 1853 εἴτε
899 1826 1006 1863 ἀνάγκῃ

220 1871 323 1906 εἴργειν
346 1873 408 1903 τοὺς
421 1872 559 1904 τοιούτους
573 1873 626 1898 ἀπὸ
643 1872 692 1907 τῆς
709 1872 837 1908 τοιαύτης
850 1872 995 1906 ἀκοσμίας.

365 1927 441 1954 Φιιιν.
461 1942 495 1948 -
511 1927 689 1963 ΛΛΜΠΕΤΙῼ
705 1927 864 1963 ΔΙΑΚΟΝῼ.

1057 1601 1127 1636 plius
1142 1609 1223 1635 quam
1242 1604 1349 1635 oportet
1369 1599 1542 1634 indignentur
1559 1607 1565 1625 z
1589 1595 1645 1623 illic
1659 1594 1767 1629 quidem
1785 1597 1843 1620 tur-

1056 1646 1130 1681 pium
1143 1646 1298 1681 spectaeulo
1310 1644 1444 1677 enervati,
1458 1644 1502 1671 hic
1515 1649 1579 1670 vero
1590 1639 1782 1669 certaminibus
1797 1638 1844 1665 de-

1057 1691 1169 1718 mentati
1196 1690 1352 1725 (centauros
1374 1690 1446 1718 enim
1475 1687 1666 1723 propemodum
1693 1683 1842 1716 imitantur)

1057 1736 1165 1772 quando
1181 1741 1327 1763 cernentur
1347 1736 1372 1762 in
1390 1739 1461 1762 statu
1477 1732 1604 1761 decenti?
1624 1730 1665 1758 vel
1679 1729 1744 1756 viris
1762 1728 1841 1763 digna

1058 1783 1165 1817 quando
1182 1781 1318 1810 fecerint?
1346 1785 1434 1807 nonne
1457 1779 1539 1813 igitur
1556 1779 1680 1811 oportet,
1703 1774 1760 1802 sive
1778 1780 1842 1808 per-

1058 1828 1199 1860 suasione,
1214 1827 1271 1855 sive
1287 1825 1449 1854 necessitate
1461 1823 1550 1851 arceri
1575 1821 1642 1849 tales
1657 1827 1674 1847 a
1687 1827 1716 1848 re
1728 1823 1782 1846 tam
1798 1817 1842 1845 in-

1058 1873 1156 1900 decora
1170 1873 1182 1899 Ἰ

1188 1926 1303 1954 υΧνιιι.
1319 1940 1355 1946 -
1373 1922 1547 1952 LAMBETIO
1557 1918 1718 1949 DIACONO.

470 1975 626 2004 Constantia
642 1980 665 2001 et
681 1977 800 2002 censoria
815 1975 930 2010 gravitas
944 1976 999 2002 sine
1014 1980 1120 2002 austera
1139 1981 1162 2002 et
1175 1975 1261 2009 rigida
1271 1973 1423 2001 morositate
1435 1970 1581 1999 laudanda.

258 2029 340 2056 Ὅταν
355 2037 407 2061 τις,
425 2026 447 2055 ὦ
472 2029 566 2063 σοφίας
587 2029 721 2063 αὐτοφυὲς
735 2028 857 2064 ἄγαλμα,
874 2028 938 2056 ἄνευ
955 2028 1003 2063 μὲν

221 2074 390 2108 προπετείας
405 2074 560 2109 παρέχηται
576 2075 606 2100 τὸ
626 2074 756 2109 ἀνδρεῖον,
772 2074 835 2100 ἄνευ
855 2074 883 2100 δὲ
899 2073 1005 2108 ὕϐρεως

221 2118 252 2145 τὺ
264 2118 391 2153 βλοσυρόν
401 2127 408 2134 ’
424 2120 471 2146 καὶ
484 2119 514 2145 τὸ
527 2119 576 2153 μὲν
589 2119 717 2155 ἐμϐριθὲς
731 2118 882 2154 καθαρεῦον
893 2119 1005 2153 στυγνό-

222 2171 311 2198 τητος,
330 2164 359 2190 τὸ
373 2164 401 2190 δὲ
418 2164 524 2200 σῶφρον
547 2164 597 2191 οὐκ
613 2165 806 2199 ἀπάνθρωπον,
824 2164 881 2190 ἀλλ’
893 2164 1005 2200 ἀρρήτῳ

1093 2029 1160 2057 Cum
1187 2030 1265 2064 quis,
1296 2036 1313 2056 ο
1335 2026 1472 2062 sapientiae
1497 2024 1613 2060 genuina
1650 2023 1752 2057 imago,
1784 2020 1843 2048 sine

1059 2073 1156 2107 lingua:
1177 2072 1324 2107 petulantia
1348 2071 1446 2098 fortem
1469 2077 1499 2097 se
1521 2071 1656 2099 ostentet,
1674 2070 1701 2094 et
1725 2065 1842 2100 rigorem

1058 2118 1160 2152 absque
1179 2117 1318 2150 conviciis,
1333 2121 1360 2144 et
1377 2115 1538 2152 gravitatem
1554 2113 1676 2140 molestia
1692 2115 1840 2141 carentem,

1059 2163 1263 2198 temperantiam
1277 2170 1341 2190 vero
1355 2169 1407 2189 non
1423 2161 1609 2191 inhumanam,
1627 2158 1674 2185 sed
1692 2156 1842 2192 inexplica-

222 2209 390 2244 κεκραμένον
416 2210 590 2245 φαιδρότητι·
610 2210 671 2236 τότε
689 2209 811 2244 καθαρὰς
827 2210 880 2236 τῶν
900 2209 1004 2236 κακιῶν

1059 2209 1103 2236 bili
1117 2209 1222 2236 mistam
1236 2209 1376 2240 hilaritati,
1390 2213 1453 2235 tunc
1467 2207 1512 2243 qui
1527 2213 1608 2242 puras
1616 2210 1643 2233 et
1657 2204 1754 2232 illwsas
1766 2203 1841 2231 omni

222 2254 276 2280 τῶν
289 2255 527 2290 παραπεπηγυιῶν
542 2256 602 2286 ταῖς
612 2256 731 2290 ἀρεταῖς,
747 2255 831 2286 αὑτὰς
847 2255 895 2287 τὰς
904 2254 1005 2291 ἀρετὰς

223 2299 454 2335 ἐπιδεικνύμενος,
470 2299 590 2335 ἀοίδιμος
604 2300 680 2326 ἔσται
698 2300 745 2326 καὶ
759 2299 882 2334 εὐκλεής.

332 2351 404 2378 ΦΙΘ¹.
424 2366 459 2372 -
473 2351 665 2387 ΣΤΡΔΤΗΓΙῼ
684 2352 894 2379 ΜΟΝΔΖΟΝΤΙ.

1059 2254 1185 2281 vitiorum
1205 2253 1322 2281 conﬁnio
1339 2253 1452 2280 virtutes
1466 2251 1593 2284 exhibet,
1608 2249 1714 2278 celeber
1737 2248 1789 2276 erit
1815 2252 1842 2274 et

1060 2300 1201 2335 gloriosus.

1173 2353 1267 2380 DXIX.
1286 2367 1322 2373 —
1348 2349 1542 2380 STRATEGIO
1561 2348 1735 2377 MONACHO.

576 2408 759 2439 Improborum
775 2408 882 2442 fraudes
903 2409 1000 2436 homini
1012 2410 1124 2445 sapienti
1139 2410 1328 2444 deprehendere
1341 2409 1419 2444 facile
1437 2413 1485 2436 est.

259 2464 290 2491 El
312 2464 359 2491 καὶ
384 2464 437 2490 εἰσί
450 2473 524 2495 τινες
545 2464 626 2490 δεινοὶ
649 2463 699 2499 μὲν
718 2463 876 2495 ἀπατῶντες
900 2463 1002 2496 λαθεῖν,

225 2509 307 2536 δεινοὶ
324 2509 352 2536 δὲ
374 2510 546 2545 φωραθέντες
564 2508 812 2544 παραλογίσασθαι·
838 2508 893 2535 ἀλλ’
910 2510 924 2535 ό
949 2508 1008 2535 θεο-

226 2553 305 2588 φιλὴς
327 2554 458 2588 κρείττων
477 2554 581 2581 τούτων
607 2553 774 2589 εὑρίσκεται.
800 2553 884 2587 Σοφὺς
905 2553 955 2589 μὲν
971 2553 1009 2581 ὣν

185 2628 191 2634 _
226 2599 340 2626 συνιδεῖν
353 2599 402 2633 τὴν
416 2599 534 2634 ἀπάτην,
551 2599 703 2634 σοφώτερος
718 2598 747 2625 δὲ
760 2598 894 2633 διελέγξαι
910 2598 960 2634 τὴν
979 2599 1008 2626 ἐν

225 2645 280 2675 τοῖς
295 2644 382 2678 λόγοις
393 2645 584 2680 κρυπτομένην
598 2644 748 2680 δεινότητα.

1093 2466 1149 2495 Etsi
1171 2467 1279 2502 quidam
1304 2466 1429 2494 industrii
1444 2466 1498 2493 sint
1514 2465 1540 2492 in
1557 2464 1617 2491 aliis
1630 2461 1735 2491 occulte
1747 2459 1843 2487 fallen-

1059 2512 1111 2545 dis,
1137 2520 1214 2541 acres
1230 2513 1310 2540 etiam
1326 2520 1388 2540 cum
1405 2512 1460 2540 sint
1483 2509 1642 2545 deprehensi
1666 2508 1691 2535 in
1715 2514 1744 2534 se
1759 2513 1841 2532 excu-

1058 2557 1160 2590 sandis,
1184 2557 1241 2585 Deo
1255 2557 1355 2585 charus
1375 2556 1417 2584 his
1435 2555 1562 2582 omnibus
1577 2552 1685 2580 exsistit
1703 2550 1838 2584 superior.

1060 2602 1179 2630 Prudens
1195 2603 1301 2637 quidem
1317 2601 1449 2629 fallaciam
1464 2598 1661 2634 cognoscendo,
1679 2594 1840 2630 prudentior

1060 2656 1123 2675 vero
1153 2648 1178 2675 in
1208 2648 1375 2680 rationibus,
1402 2645 1624 2681 captionibusque
1647 2640 1760 2670 occultis
1793 2639 1840 2665 de-

1058 2692 1207 2721 ﬂectendis.

768 2756 884 2784 VARIAE
909 2756 1102 2786 LECTIONES
1123 2758 1166 2786 ET
1180 2758 1296 2786 NOTE.

262 2813 320 2848 (54)
347 2813 466 2851 El_attte
492 2814 609 2851 συμφέρ.
636 2819 737 2851 mutant
767 2814 807 2851 in”
818 2814 855 2848 μὴ
875 2815 954 2844 codd.
975 2814 1004 2842 Vt

1058 2816 1110 2844 650
1129 2821 1156 2844 et
1177 2817 1230 2844 Alt.
1252 2815 1328 2845 Vera.
1347 2815 1364 2842 5
1379 2822 1427 2851 pro
1442 2810 1650 2847 προέσθαιεΑΙι.
1675 2809 1792 2844 suggerit
1812 2808 1839 2836 in
1873 2827 1876 2831 .

227 2856 346 2883 margine
361 2849 438 2875 aliam
454 2848 592 2875 lectionem
611 2849 772 2885 προσῆσθαι.
792 2849 896 2876 Possm.
