2064 3162
199 187 268 221 1625

637 188 904 218 EPISTOLARUM
923 188 995 218 LIB.
1016 190 1090 219 V.-
1102 189 1219 219 EPIST.
1242 188 1402 219 DXXVIII.

1754 186 1822 220 1626

199 243 311 278 ξομένης
326 241 490 276 πικροτέρας
505 241 567 272 τοὺς
583 241 649 276 μηδὲ
664 243 697 276 τῇ
710 242 793 276 ἀνοχῇ
809 241 849 273 είς
865 240 986 276 βελτίονα

1039 248 1134 276 poenas
1155 247 1284 269 exactura
1298 242 1335 269 sit
1357 240 1512 268 acerbiores
1528 239 1561 267 ab
1576 240 1618 272 iis,
1633 240 1677 275 qui
1693 241 1822 275 patientia

199 286 425 322 προθυμηθέντας
450 285 588 311 πολιτείαν
612 285 727 317 ἑαυτοὺς
744 285 965 321 μεταρῤυθμίσαι
978 305 985 318 ,

197 335 226 359 oi't
232 342 267 359 τω
281 331 464 367 διακεώμεθα.

358 398 443 424 ΦΚΖ¹.
456 410 491 418 -
505 397 610 423 ΗΡΩΝΙ
633 397 818 431 ΕΠΙΣΚΟΠῼ.

1040 287 1112 314 illius
1137 288 1169 314 ad
1195 288 1332 314 meliorem
1348 287 1408 314 vitre
1424 291 1522 314 statum
1546 294 1574 314 se
1598 294 1754 321 comparare
1770 294 1822 314 non

1039 333 1162 367 cupiunt.
1179 333 1218 360 sie
1238 332 1396 360 aﬂiciamur.

1116 399 1197 434 712
1215 398 1342 426 oxxvn.
1358 413 1393 418 —
1411 397 1540 425 HERONI
1559 397 1736 425 EPISCOPO.

487 462 579 490 Virtus
592 471 643 490 non
658 467 712 489 tam
728 463 908 496 praedicanda,
923 472 1000 498 quam
1015 465 1168 493 exercenda.
1182 464 1262 500 (Vide
1273 472 1345 498 supr.
1362 465 1439 498 epist.
1454 463 1529 498 5%.)

234 530 279 566 Τῷ
293 529 363 565 λόγῳ
381 530 430 565 μὲν
441 529 491 565 τὴν
504 529 604 565 ἀρετὴν
618 528 764 564 κοσμοῦντι
777 549 785 562 ,
802 529 875 565 ἔργῳ
890 530 918 556 δὲ
933 530 981 566 τὴν

200 575 297 603 κακιαν
324 575 512 610 πρεσϐεύοντιι
538 575 585 601 καὶ
612 575 710 601 ἐοικότι
735 577 790 606 τοῖς
812 575 858 601 ἐπὶ
880 575 982 611 σκηνῆς

200 622 350 654 παίζουσιψ
363 622 410 647 καὶ
423 621 529 655 λέγοντι
543 622 591 656 μὲν
605 620 623 647 δι
638 621 674 656 μὴ
689 620 829 654 γινώσκει,
845 621 911 656 μηδὲ
926 622 983 652 τοῖς

199 669 289 704 ἔργοις
314 666 466 702 βεϐαιοῦντι
494 666 512 694 ἃ
527 666 618 700 λόγοις
641 666 777 701 σεμνύνει·
796 666 920 701 παραινῶ
934 666 981 692 τοῦ

201 714 250 749 μὲν
266 714 386 740 ἐπαινεῖν
407 712 457 747 τὴν
479 712 577 747 ἀρετὴν
604 711 640 746 μὴ
669 712 762 747 λήγειν
783 711 859 747 (οὐδὲ
876 711 929 746 γὰρ
942 711 981 738 δί-

199 758 303 792 καιον),
317 757 383 784 ἀλλὰ
399 757 492 791 λήγειν
507 758 556 791 τῆς
570 756 666 788 κακίας
676 777 683 789 ,
698 756 740 783 ἵνα
762 757 822 784 κατ’
837 755 921 792 ἄμφω
937 757 983 782 εὐ-

199 804 308 838 δόκιμος
329 802 382 837 εἴη.

355 856 445 882 'DKH'.
460 871 495 875 —
515 854 656 889 ΔΟΜΙΤΙῼ
675 856 821 882 ΚΟΜΗΤΙ.

1070 532 1168 560 Verbis
1180 531 1290 566 quidem
1306 530 1433 557 virtutem
1447 529 1566 561 ornanti.
1581 530 1667 563 opere
1680 532 1767 556 autem
1781 528 1823 555 vi-

1037 577 1072 605 tio
1085 577 1185 611 primas
1200 575 1326 603 tribuenti
1351 574 1378 601 in
1395 580 1475 601 scena
1497 572 1651 600 ludentibus
1674 573 1773 604 simili,
1791 580 1823 599 ac

1035 622 1134 650 dicenti
1146 629 1178 649 ea
1196 629 1254 656 quae
1268 628 1320 648 non
1339 619 1480 653 intelligit,
1492 625 1580 652 neque
1596 618 1722 651 operibus
1738 617 1823 644 stabi-

1035 666 1108 695 lienti
1119 687 1126 699 ,
1143 674 1202 702 quae
1224 665 1393 693 sermonibus
1404 662 1490 697 iactat
1505 682 1513 696 ,
1532 661 1656 696 equidem
1671 662 1771 688 suadeo
1794 665 1824 687 ut

1035 715 1162 741 virtutem
1176 713 1286 739 laudare
1303 719 1353 739 non
1369 711 1476 738 desinat
1491 709 1591 745 (neque
1606 708 1676 735 enim
1695 715 1742 742 par
1756 707 1820 741 est),

1034 759 1081 786 sed
1099 763 1155 785 uta
1173 758 1272 785 malitia
1289 757 1403 788 desinat,
1419 760 1447 782 ut
1459 760 1573 789 utroque
1590 753 1700 781 nomine
1714 752 1821 779 laudent

1038 808 1167 838 reportet.

1175 855 1317 883 DXXVlll.
1337 870 1371 876 —
1396 853 1536 881 DOMITIO
1551 851 1680 880 COMITI.

199 923 237 950 De
247 924 363 956 corporis
386 922 570 949 exercitatione
594 927 617 948 et
641 922 787 949 ualetudine
807 922 904 949 tuenda
922 923 949 948 in
963 923 1020 949 ciba
1042 928 1164 957 potaque,
1193 922 1318 957 Isocratis
1335 921 1460 953 oratoris,
1483 923 1508 946 et
1533 918 1703 952 Hippocratis
1725 915 1819 943 medici

751 958 893 984 sententia.
908 957 1017 992 (Confer
1029 956 1165 992 e’pist.’75,
1180 956 1254 992 M5.)

234 1032 320 1066 Ὅπερ
333 1030 379 1057 ἐπὶ
394 1029 447 1056 τῶν
461 1029 620 1065 γυμνασίων
634 1029 688 1056 τῶν
702 1029 751 1063 τὴν
765 1029 870 1063 ὑγίειαν
885 1029 984 1064 διατη-

1074 1029 1111 1056 De
1135 1028 1256 1063 corporis
1282 1026 1519 1054 exercitationibus
1548 1025 1728 1052 valetudinem
1755 1031 1823 1051 con-

200 1077 317 1113 ρούντων
345 1075 501 1112 Ἰσοκράτης
524 1074 677 1110 παρῄνεσεν
700 1074 767 1110 (55),
797 1084 806 1099 ι
824 1075 920 1101 Ἀσκει
937 1084 985 1110 γυ-

200 1124 320 1159 μνασίων
333 1122 370 1158 μὴ
385 1123 419 1148 τὰ
437 1122 504 1157 πρὸς
519 1121 624 1157 ῥώμην,
637 1120 704 1147 ἀλλὰ
720 1120 787 1155 πρὸς
802 1120 907 1154 ὑγίειαν
920 1122 986 1155 ἂυμ-

199 1169 325 1204 φέροντα.
347 1177 356 1194 r
384 1167 484 1194 Τούτου
506 1166 529 1193 δ’
549 1166 582 1193 ἂν
596 1165 735 1200 ὲπιτύχοις
747 1184 755 1198 ,
773 1166 798 1191 εἰ
815 1165 909 1200 λήγοις
930 1165 984 1191 τῶν

199 1215 287 1241 πόνων
305 1213 344 1239 ἔτι
358 1213 449 1239 πονεῖν
460 1212 619 1246 δυνάμενος.
637 1211 722 1237 Τοῦτο
734 1211 781 1237 καὶ
794 1211 840 1237 ἐπὶ
857 1210 984 1245 βρώσεως

198 1260 247 1287 καὶ
266 1259 381 1290 πόσεως,
397 1259 442 1284 καὶ
462 1258 509 1284 ἐπὶ
529 1256 584 1283 τῶν
606 1256 704 1290 ἄλλων,
729 1252 766 1283 ὧν
789 1255 852 1282 ἄνευ
863 1255 913 1291 ζῇν
935 1256 985 1282 οὐκ

199 1305 282 1335 ἐστιν,
298 1305 323 1330 εἰ
345 1303 518 1338 μετενέγκοις
529 1321 537 1333 ,
553 1301 651 1336 κομιδῇ
668 1300 843 1336 ὠφεληθήσῃ·
858 1300 918 1335 χρῶ
929 1301 985 1332 τοῖς

201 1350 294 1382 σιτίοις
308 1349 354 1376 καὶ
378 1348 480 1380 πότοις,
501 1347 537 1382 μὴ
559 1348 616 1378 τοῖς
632 1346 700 1381 πρὸς
713 1345 819 1381 ῥώμην,
843 1345 911 1372 ἀλλὰ
930 1347 985 1377 τοῖς

200 1396 268 1431 πρὸς
284 1395 387 1429 ὑγίειαν
409 1393 548 1428 βλέπουσι,
565 1391 665 1418 Τούτου
683 1390 704 1416 δ’
729 1390 761 1416 ἂν
783 1390 923 1425 ἐπιτύχοις
935 1409 943 1421 ,
960 1390 984 1416 εὶ

201 1442 295 1476 λήγοις
310 1440 408 1467 ἐσθίων
429 1439 476 1465 καὶ
499 1438 593 1469 πίνων,
609 1437 649 1463 ἔτι
664 1437 762 1471 φαγεῖν
783 1436 829 1462 καὶ
852 1437 924 1462 πιεῖν
939 1435 985 1462 δυ-

200 1488 325 1523 νάμενος.
350 1487 381 1513 Εἰ
392 1486 420 1513 δὲ
435 1485 517 1520 φαίης
529 1493 535 1500 ·
552 1483 628 1510 Διατί
644 1483 672 1509 δὲ
688 1482 725 1517 μὴ
735 1482 769 1509 τὰ
784 1481 852 1517 πρὸς
873 1481 984 1516 ρώμηνς

201 1534 293 1568 φαίην,
308 1534 349 1560 ὅτι
370 1531 486 1567 μάλιστα
505 1530 552 1565 μὲν
568 1529 618 1556 οὐκ
632 1528 752 1563 ἀθλητῇ,
771 1527 837 1554 ἀλλά
851 1526 984 1562 φιλολόγῳ

202 1579 326 1614 παρῄνει.
351 1576 456 1604 Ἔπειθ’
480 1577 520 1602 ὅτι
544 1575 591 1602 καὶ
615 1575 676 1601 κατ’
693 1573 775 1600 αὐτὸν
798 1573 844 1599 τὸν
862 1573 982 1608 ῥήτορα,

203 1623 281 1659 ρώμη
300 1621 368 1657 μετὰ
385 1621 433 1656 μὲν
449 1619 605 1655 φρονήσεως
616 1617 725 1653 ὠφελεῖ,
747 1616 812 1644 ἄνευ
834 1617 862 1643 δὲ
882 1617 984 1651 ταύτης

201 1669 265 1699 τοὺς
284 1667 395 1702 ἔχοντας
423 1665 547 1700 βλάπτει.
577 1663 631 1689 Καὶ
659 1661 694 1688 τὰ
719 1661 767 1696 μὲν
794 1661 907 1696 σώματα
931 1660 984 1686 τῶν

201 1696 356 1739 ἀσκούντων
379 1696 490 1744 κοσμεῖν
512 1708 596 1739 δοκεῖ,
619 1708 680 1737 ταῖς
702 1706 730 1731 δὲ
746 1705 796 1740 τῆς
817 1705 906 1740 ψυχῆς
926 1706 986 1730 ὲπι-
1001 1696 1022 1726 C

203 1757 324 1793 μελείαις
345 1756 487 1782 ἐπισκοπεῖ
504 1753 569 1788 [56).
592 1753 623 1778 Εἰ
643 1752 671 1778 δὲ
687 1751 825 1786 νομίζεις,
840 1750 887 1777 τὸν
911 1758 987 1784 σοφι-

203 1803 268 1838 στὴν
284 1802 408 1837 ἰατρικῆς
420 1800 484 1826 ὄντα
503 1798 625 1834 ἄπειρον,
640 1797 687 1824 καὶ
703 1797 732 1823 τὺ
747 1796 859 1831 ἀκριὸὲς
875 1796 912 1831 μὴ
926 1796 987 1822 ἐπι-

203 1849 345 1883 στάμενον,
364 1845 492 1881 ἀλλοτρίᾳ
505 1844 585 1879 τέλνῃ
599 1843 628 1869 οὺ
642 1843 756 1873 δεόντως
779 1840 985 1877 ὲναὸρύνεσθαι·

203 1882 273 1925 ῖσθιγ,
286 1893 326 1918 ὅτι
342 1891 387 1917 καὶ
405 1888 586 1924 Ἱπποκράτης
603 1889 616 1914 ὁ
631 1886 710 1921 Κῷος
724 1905 731 1919 ,
744 1882 766 1920 ᾧ
779 1885 877 1916 πάντες
897 1885 984 1911 εἰκου-

204 1947 256 1971 σιν,
270 1938 322 1972 ἔφη
339 1945 348 1962 ‹
367 1936 422 1970 Τὴν
437 1934 541 1969 ὑγίειαν
554 1931 738 1968 διατηρεῐσθαι
750 1933 783 1966 τῇ
795 1930 903 1965 ἁκορίῃ.
919 1940 926 1955 ι
942 1930 986 1956 Διὸ

203 1984 280 2019 καὶή
304 1982 389 2008 ἔνδεια
408 1982 499 2016 μήτηρ
513 1979 619 2013 ὑγιείας
644 1977 756 2008 εἰκότως
773 1976 890 2012 εἴρηται.
908 1975 986 2009 Σοφὼ

203 2030 231 2056 δὲ
245 2028 324 2063 ἄνδρε
338 2027 452 2061 εἰπάτην
469 2026 482 2051 ὁ
498 2025 560 2060 μὲν,
580 2033 589 2050 ι
608 2023 699 2058 Μηδὲν
715 2023 810 2056 ἄγανη
827 2022 841 2048 ὁ
858 2021 894 2055 δὲ,
914 2031 923 2047 ι
934 2019 988 2048 Μέ-

203 2082 266 2109 τρον
283 2073 402 2107 ἄριστον.
423 2080 432 2096 ι
451 2071 481 2096 Et
501 2069 590 2096 τοίνυν
607 2068 653 2094 καὶ
674 2067 720 2093 ἐπὶ
736 2066 853 2102 τροφῶν,
871 2066 918 2093 καὶ
939 2066 987 2093 ἐπὶ

203 2118 259 2145 τῶν
277 2117 433 2152 γυμνασίων
449 2115 478 2142 τὸ
496 2124 504 2140 ι
519 2114 593 2149 παρὰ
610 2113 706 2148 μικρὸν
721 2113 770 2139 οὐκ
785 2111 843 2138 ἐστι
860 2111 959 2146 μικρὸν
976 2120 985 2137 r

205 2165 257 2200 (εἰς
275 2163 378 2198 ὑγίειαν
389 2162 443 2197 γὰρ
468 2160 588 2197 βλέπει)·
619 2158 792 2194 φυλάξωμεν,
819 2158 923 2193 μήποτε
949 2156 988 2192 τῷ

207 2211 279 2245 κόρῳ
295 2210 344 2245 τὴν
356 2209 460 2242 ὑγίειαν
474 2207 651 2242 ὲξορίσωμεν.

1035 1074 1206 1101 servantibus
1217 1073 1348 1100 Isocrates
1365 1077 1456 1099 orator
1467 1072 1506 1098 sic
1519 1070 1679 1097 adhortatur
1691 1079 1698 1096 :
1713 1078 1723 1095 ι
1736 1070 1822 1096 Exer-

1034 1119 1177 1146 citationes
1200 1118 1322 1152 corporis
1349 1124 1394 1144 eas
1422 1115 1603 1150 amplectere,
1631 1122 1682 1142 non
1707 1121 1766 1148 quae
1788 1114 1822 1140 ad

1034 1166 1133 1196 robur,
1165 1164 1212 1190 sed
1243 1170 1302 1197 quae
1331 1161 1475 1188 valetudini
1501 1160 1638 1194 prosint.)
1672 1158 1699 1185 Id
1732 1163 1822 1185 autem

1034 1208 1219 1242 consequeris,
1234 1207 1256 1234 si
1274 1207 1396 1233 laborare
1406 1211 1508 1236 cesses,
1521 1211 1581 1231 cum
1597 1203 1723 1229 laborare
1736 1201 1823 1228 adhuc

1034 1261 1139 1290 posses.
1159 1254 1286 1287 Idemque
1301 1253 1333 1279 de
1347 1252 1406 1279 cibo
1423 1255 1552 1285 potuque,
1567 1250 1652 1283 deque
1666 1248 1726 1275 aliis
1742 1247 1824 1274 rebus

1034 1300 1131 1335 quibus
1150 1300 1232 1326 vitam
1257 1305 1373 1331 tuemur,
1385 1298 1406 1324 si
1417 1296 1541 1323 eil'ectum
1557 1294 1645 1327 dabis,
1657 1299 1820 1327 magnopere

1035 1345 1165 1380 proderit.
1186 1344 1268 1372 Utere
1295 1351 1358 1378 ergo
1376 1343 1437 1370 cibo
1464 1345 1581 1376 potuque
1607 1347 1659 1366 nou
1677 1338 1709 1365 ad
1730 1338 1823 1369 robur,

1034 1391 1082 1418 sed
1106 1391 1140 1417 ad
1169 1390 1295 1417 tuendatu
1311 1389 1432 1422 corporis
1446 1387 1635 1414 valetudinem.
1661 1384 1736 1411 Ilauc
1760 1391 1824 1410 con-

1034 1436 1168 1470 sequeris,
1188 1435 1296 1469 inquam
1307 1454 1314 1466 ,
1329 1434 1352 1461 si
1367 1435 1447 1461 edere
1467 1441 1498 1460 ac
1514 1432 1606 1459 bibere
1620 1430 1741 1461 desines.
1762 1436 1823 1456 cum

1034 1481 1115 1508 edere
1140 1481 1255 1515 amplius
1278 1480 1366 1514 possis
1383 1487 1415 1506 ac
1441 1479 1544 1505 bibere.
1571 1477 1660 1508 Dices,
1678 1475 1732 1502 Cur
1747 1474 1822 1505 illud,

1037 1535 1105 1554 ιηοιι
1120 1527 1154 1554 ad
1169 1527 1265 1553 robur»
1280 1525 1394 1559 adjecit?
1405 1524 1543 1555 nimirum,
1557 1522 1628 1556 quod
1638 1529 1689 1548 non
1707 1525 1760 1547 tam
1775 1527 1824 1554 pu-

1036 1573 1081 1608 gili
1098 1579 1178 1607 quam
1194 1571 1316 1599 studioso
1331 1570 1501 1605 potissimum
1521 1569 1674 1595 litterarum
1692 1569 1825 1600 praecepta

1037 1617 1163 1644 traderet.
1190 1616 1292 1643 Deinde
1314 1615 1389 1649 juxta
1407 1614 1482 1641 illum
1495 1617 1649 1643 oratorem,
1668 1610 1750 1637 robur
1763 1616 1825 1636 cor-

1037 1662 1119 1696 poris,
1135 1669 1195 1688 eum
1210 1661 1349 1696 prudentia
1369 1660 1433 1687 utile
1448 1659 1555 1693 quidem
1570 1662 1621 1689 est,
1637 1660 1714 1683 nocet
1731 1660 1821 1681 tamen

1039 1707 1073 1734 iis
1090 1709 1134 1741 qui
1152 1708 1247 1734 robore
1266 1705 1370 1740 przediti
1391 1708 1464 1736 sunt,
1478 1709 1505 1731 et
1524 1709 1636 1736 corpora
1650 1701 1758 1735 quidem
1775 1706 1826 1733 pu-

1038 1752 1120 1786 gilum
1138 1751 1243 1778 videtur
1259 1757 1357 1777 ornare
1369 1769 1376 1781 ,
1393 1748 1474 1775 animi
1491 1755 1557 1774 vero
1580 1746 1669 1773 studia
1691 1744 1825 1771 obl‘nscat.

1038 1798 1116 1830 Quod
1140 1797 1162 1823 si
1178 1796 1278 1824 dixeris
1300 1795 1448 1829 sopbistam
1470 1793 1544 1820 illum
1561 1792 1671 1819 medicae
1684 1794 1825 1823 expertem

1038 1842 1104 1869 artis
1130 1841 1228 1874 fuisse,
1260 1848 1348 1875 neque
1372 1839 1439 1867 satis
1456 1839 1580 1870 n0visse,
1604 1837 1745 1870 alienaque
1768 1838 1826 1860 arte

1038 1885 1176 1920 illegitime
1199 1892 1259 1913 sese
1279 1889 1433 1917 ostentare,
1453 1884 1520 1912 scito
1534 1883 1723 1917 Hippocratem
1744 1880 1825 1907 etiam

1039 1932 1138 1965 Coum,
1163 1931 1204 1959 cui
1228 1938 1323 1958 omnes
1349 1930 1463 1957 libenter
1489 1930 1681 1959 assentiuntur,
1706 1925 1825 1953 aderre:

1041 1977 1244 2005 «Valetudinem
1259 1975 1414 2004 conservari
1431 1975 1453 2003 si
1471 1982 1523 2002 non
1546 1973 1656 2001 satieris
1676 1971 1797 1998 nimium.
1814 1978 1824 1995 ι

1039 2023 1185 2058 Propterea
1200 2021 1288 2049 inedia
1301 2025 1382 2056 atque
1404 2019 1536 2055 jejunium
1558 2021 1644 2045 mater
1659 2016 1729 2043 dicta
1751 2013 1826 2042 sani-

1042 2069 1114 2096 tatis.
1145 2067 1230 2103 Igitur
1247 2075 1307 2095 cum
1332 2067 1455 2102 sapiente
1478 2068 1537 2092 viro
1555 2069 1670 2097 utroque
1685 2061 1778 2089 dixero
1800 2063 1828 2086 et

1041 2122 1101 2150 ego.
1117 2114 1214 2149 partim
1228 2123 1235 2141 :
1254 2124 1263 2140 (
1274 2113 1312 2141 Ne
1323 2114 1386 2148 quid
1402 2112 1492 2145 nimis,
1507 2121 1515 2138 I
1533 2110 1649 2146 partim:
1671 2118 1680 2134 ι
1692 2107 1786 2134 Modus
1800 2106 1826 2132 in

1041 2161 1114 2188 omni
1133 2168 1161 2187 re
1176 2160 1320 2194 optimus.»
1343 2159 1414 2186 Idem
1431 2158 1452 2185 si
1469 2163 1608 2185 servemus
1625 2155 1651 2181 iu
1667 2154 1734 2181 cibis
1749 2159 1828 2179 eser-

1042 2206 1270 2240 citatiouibusque
1291 2205 1374 2237 illud,
1398 2213 1407 2229 ‹
1422 2203 1492 2238 quod
1518 2209 1598 2236 supra
1621 2199 1752 2227 modicum
1776 2201 1825 2223 est.

208 2256 276 2283 haud
291 2260 333 2282 est
344 2255 494 2284 modicum,
509 2262 519 2278 ι
536 2254 569 2280 ad
584 2251 700 2280 hominis
710 2249 834 2277 tuendam
849 2249 987 2284 pertinens
1007 2251 1203 2283 valetudinem,
1237 2255 1310 2278 certe
1323 2250 1465 2278 saturitate
1483 2255 1517 2275 ne
1549 2253 1666 2281 unquam
1684 2243 1826 2272 sanitatem

207 2301 427 2332 extermiuemus,
445 2306 599 2326 caveamus.

750 2403 865 2431 VARIIE
886 2402 1079 2431 LECTIONES
1099 2402 1142 2429 ET
1168 2401 1284 2430 NOTAE.

254 2498 298 2532 55)
310 2496 435 2524 Isocratis
454 2495 583 2532 locusest
602 2493 627 2519 iu
649 2491 864 2532 [lapawéostad
885 2492 981 2532 Denuo-

206 2526 308 2564 nicuni,
325 2532 506 2566 [agendusque
528 2528 694 2566 Hicrqnyuk
710 2527 884 2566 Mercurialis,
902 2526 984 2552 medi-

207 2576 255 2595 cus
271 2561 377 2598 ex'cell‘z,
394 2566 420 2592 in
444 2561 645 2600 G'yumasticis':
662 2561 834 2600 Hippocratis
847 2569 932 2600 luero,
952 2569 983 2587 ex

207 2603 254 2629 lib.
271 2609 286 2628 v
304 2595 524 2636 Epidernicoritttt,
539 2604 604 2636 sect.
614 2597 631 2623 4
644 2597 799 2636 ::A63¢116t§_
808 2595 904 2635 €37?qu
921 2596 987 2636 ἀκο-

208 2638 253 2672 ρίη
275 2631 385 2671 τροφῆς,
410 2635 504 2669 ἁοκνίη
536 2631 816 2672 πόνων..ιξ;ῖει”εὶι‹ιμὶο
841 2631 959 2672 sanitatis
979 2639 988 2658 :

207 2665 273 2699 θεεὶὶ
289 2665 537 2700 ὶίιῦιινεαιὶκίιιιέηι,
557 2676 607 2694 non
627 2666 748 2700 defugere
776 2665 900 2700 laborem.
928 2665 989 2691 Illas

207 2698 278 2732 ittl‘ra
294 2713 408 2739 gnomas
423 2703 512 2738 Μηδὲν
531 2698 617 2739 α’(αν,
633 2698 677 2739 καὶ
693 2698 790 2739 μέτρον
804 2698 924 2739 ἄριστον,
939 2701 988 2739 ,ιιιιὶ

207 2734 337 2768 Cleobule
351 2740 448 2766 Lindio
463 2734 555 2765 tribuit
569 2737 713 2767 Ausonius,
725 2736 751 2761 iu
768 2740 862 2767 septem
879 2734 989 2768 Sapien-

209 2781 265 2802 mm
282 2774 360 2807 ludo;
372 2774 452 2801 Solon
472 2780 546 2806 vero,
570 2772 692 2807 οωιυιη,
707 2769 920 2807 ethtratodctluo
935 2769 991 2807 cni-

210 2811 272 2836 tlam
287 2802 409 2843 Tegeatae
427 2802 583 2843 attributum
615 2805 708 2843 scribit
722 2802 989 2843 Cletuetls'Alc‘xwd.

210 2837 365 2872 Stromal'eo
379 2843 476 2878 primo.
493 2841 633 2878 Euripides
647 2844 673 2867 et
688 2838 832 2877 Terentius
848 2837 882 2878 in‘
890 2838 991 2864 Andria

213 2883 354 2913 usurpant,
377 2872 403 2905 et
419 2878 444 2904 iu
468 2872 709 2911 Adagfcbiliztstcs
731 2873 839 2906 exponit
864 2872 989 2904 Balarus,

1039 2497 1066 2518 ut
1080 2491 1197 2518 Isidorus
1218 2497 1298 2524 supra
1324 2496 1385 2523 cpp.
1402 2488 1436 2515 73
1451 2492 1478 2515 et
1498 2487 1561 2514 415.
1579 2485 1717 2520 Theognis
1733 2489 1822 2512 autem

1038 2535 1111 2554 vers.
1128 2526 1180 2553 535
1198 2525 1237 2552 sic
1252 2524 1392 2559 conjungit
1411 2531 1418 2549 :

1072 2571 1174 2604 Μηδὲν
1185 2570 1262 2605 ἄγαν
1279 2569 1424 2597 σπεύδειν
1436 2577 1443 2584 ·
1458 2568 1579 2595 πάντων
1588 2567 1655 2602 μέσ⁷
1672 2565 1788 2600 ἄριστα.

1041 2617 1072 2644 Et
1089 2624 1193 2643 rursum
1210 2623 1279 2643 \‘ers.
1294 2616 1355 2643 401.
1630 2611 1773 2647 [ἄριστος.

1075 2662 1177 2697 Μηδὲν
1199 2662 1274 2693 ἄγαν
1296 2661 1457 2688 σπεύδειν·
1484 2658 1585 2693 καιρὸς
1612 2656 1707 2718 δ’δέπὶ
1732 2654 1829 2682 πᾶσιν

1657 2698 1757 2718 ειιοττ.

1657 2698 1757 2718 ειιοττ.

1077 2743 1133 2778 (56)
1152 2743 1204 2769 Pro
1220 2743 1364 2769 ἐπισκοπεῖ
1379 2740 1456 2767 codd.
1475 2738 1532 2765 Val.
1549 2737 1601 2764 630
1615 2736 1714 2778 ct_Alt._
1729 2735 1829 2778 habent

1042 2768 1279 2805 énioxorsEIVers.
1297 2780 1458 2809 antcpcn.ct
1471 2782 1532 2808 pen.
1543 2780 1585 2807 ep.
1603 2773 1660 2798 cod.
1677 2771 1748 2809 solus
1767 2768 1828 2796 Vat.

1042 2814 1095 2840 650
1120 2814 1198 2839 aliam
1223 2812 1285 2839 lect.
1306 2804 1380 2838 (till-rt
1412 2810 1437 2835 in
1469 2804 1628 2843 utargfpro
1652 2804 1828 2841 φυλάξωμεν,

1045 2856 1139 2882 Itt-tupc
1154 2846 1343 2882 φυλαξώμεοσ..
1360 2845 1478 2871 Posslt‘H
