2064 3162
188 179 253 211 1629
637 181 903 211 EPISTOLARUM
922 179 994 210 LIB.
1014 180 1048 210 V.
1071 191 1105 199 -·
1127 179 1242 209 EPIST.
1265 180 1350 209 DXL.
1740 177 1807 209 1630

406 234 489 260 ΦΛΒ.
511 248 543 254 —-
563 234 745 263 ΟΥΔΛΕΝΤΙ.
989 238 1012 265 Δ

989 238 1012 265 Δ
1238 234 1332 261 DXXX
1340 235 1367 262 V.
1390 250 1425 254 --
1441 233 1596 262 VALENTI.

640 293 678 320 De
692 296 838 322 sacerdotio
852 295 978 329 indignis.
995 292 1076 329 (Vide
1090 293 1166 328 epist.
1183 292 1235 320 556
1247 297 1272 319 et
1285 293 1362 328 557.)

219 348 288 379 Τους
305 350 371 383 παρ’
393 349 472 382 ἀξίαν
486 351 616 386 τυχόντας
641 351 783 387 ἱερατικῆς
813 352 896 388 τιμῆς
913 353 964 379 01r-

1057 351 1108 386 Qui
1130 352 1242 386 indigne
1266 352 1410 379 sacerdotii
1435 357 1498 379 sunt
1519 352 1621 379 honore
1640 352 1741 385 alfecti,
1763 360 1809 379 ne-

183 394 291 420 ακούειν
308 395 413 431 ἀνάγκη
436 397 491 427 τοῖς
512 397 542 423 οὺ
568 397 680 428 δεόντως
701 397 845 429 δεδωκόσι,
862 398 913 425 κᾶν
929 399 969 430 είς

1024 405 1101 426 cosse
1125 402 1167 425 est
1193 397 1322 424 obediant
1345 397 1370 424 ei
1396 397 1440 431 qui
1471 405 1524 425 non
1552 397 1640 425 debite
1663 398 1807 428 ordinavit.

183 439 250 466 αὐτὸ
266 439 296 466 τὸ
309 439 386 466 Θεῖον
402 441 436 467 τὰ
458 441 582 476 δρώμενα
601 441 692 476 βλέπει
703 449 710 457 ⁸
726 442 766 469 διδ
781 444 828 469 καὶ
842 443 968 478 ἀλλήλοις

1021 451 1082 472 cum
1097 445 1129 472 ad
1144 443 1263 470 divinum
1278 451 1376 469 ntunen
1397 443 1532 470 ordinatio
1547 448 1650 477 spectet
1667 452 1674 471 :
1692 445 1763 470 unde
1784 449 1809 470 et

183 482 233 518 τὴν
255 483 346 510 ἄδικον
367 485 469 519 ταύτην
493 485 627 512 ἀντίδοσιν
652 486 834 521 παρέχοντες,
852 487 967 522 δύναμιν

1021 493 1113 516 muttto
1143 488 1269 522 injttstam
1301 488 1507 515 retributionem
1538 487 1620 523 714
1640 488 1808 522 praebentes,

184 530 214 555 οὐ
239 530 338 566 μικρὰν
353 531 392 562 εἰς
412 531 443 557 τὸ
462 532 532 558 κατὰ
546 532 600 558 τῶν
619 530 649 558 εὖ
669 531 795 566 βιούντων
810 532 969 564 ὁπλίζεσθαι

1022 534 1177 562 facultatem
1190 542 1243 561 non
1257 534 1389 560 modicam
1403 533 1453 559 sibi
1468 533 1615 565 vindicem,
1631 541 1682 567 qua
1700 534 1725 559 in
1740 533 1807 560 bene

184 575 449 609 προσλαμϐάνουσιν.
471 576 501 603 Ei
524 577 552 603 δέ
574 586 616 609 τις
630 578 647 612 ἢ
666 577 794 609 τούτους,
813 578 828 614 ἢ
849 578 970 610 ἐκείνους

1022 580 1145 607 viventes
1171 580 1357 606 obarmentur.
1384 578 1494 613 Siquis
1517 585 1581 604 vero
1607 578 1658 604 hos
1685 584 1731 604 aut
1752 578 1809 605 illos

184 620 347 652 αἰτιάσαιτο.
372 622 543 656 παρακινῶσι
568 624 624 654 τοῖς
647 623 795 659 δρωμένοις
819 623 866 650 καὶ
890 624 971 659 εἰρω-

1024 631 1145 657 accuset,
1160 626 1246 653 sacris
1262 625 1343 652 rebus
1360 625 1442 652 risum
1459 623 1588 654 concitet,
1601 623 1671 657 quod
1691 623 1810 650 deterius

184 665 269 698 νείαν,
283 664 298 691 ὃ
312 665 365 692 τῶν
381 666 526 701 δρωμένων
545 667 742 702 ἀλγεινότερον,
764 667 802 703 τῷ
818 669 969 703 συγχωρεῖν

1023 674 1065 697 est
1081 669 1170 705 longe,
1192 677 1273 703 quam
1291 669 1361 696 male
1383 669 1482 695 initiari
1496 669 1664 704 permittere,
1682 667 1751 701 quod
1767 672 1808 694 est

184 710 337 743 γίγνεσθαι,
347 711 432 737 ταῦτα
445 711 585 745 βούλεσθαι
600 713 630 739 τι
637 713 713 739 Θεῑον
727 713 967 748 καταψευδόμενοι.

489 711 585 739 ιλεσθαι
600 713 630 739 τὴ
637 713 713 739 Θεῖον
727 713 967 748 καταψευδόμενοι.
1022 714 1105 742 Deum
1119 716 1188 742 velle
1201 714 1304 742 fallere.

287 764 369 798 ιιιΑςῖ.
386 779 421 784 -
443 765 613 801 assumo
628 766 860 803 ΠΡΕΣΒΥΤΕΡῼ.
1082 770 1102 797 o

1082 769 1225 797 DXXXVI.
1243 784 1278 790 -—
1292 767 1493 796 ATHANASIO
1511 766 1748 795 PRESBYTERO.

709 823 744 850 De
756 823 855 850 Ζυιίηιί
870 825 989 853 amicitia
1005 827 1084 853 noxia
1097 831 1120 854 et
1137 834 1265 861 suspecta.

219 875 303 906 Μίσός
320 882 361 901 σοι
380 875 483 911 ἀνεφύη
505 876 580 912 παρὰ
605 877 671 903 πᾶσι
695 877 738 904 διὰ
763 877 811 913 τὴν
827 878 964 911 ἀσέϐειαν,

1055 879 1153 907 Odium
1173 889 1235 915 erga
1264 885 1289 908 te
1307 880 1375 915 apud
1403 884 1498 907 omnes
1515 879 1680 907 recrudescit
1704 879 1738 906 ob
1761 878 1811 905 itn~

184 921 232 955 τὴν
248 920 365 956 Ζωσίμῳ
383 921 451 956 φίλῳ
463 921 502 957 τῷ
516 922 554 957 σῷ
569 922 781 958 τετολμημένην.
801 923 832 950 Οί
851 925 900 958 μὲν
914 924 969 960 γὰρ
985 920 999 946 Ε

994 920 1157 960 3pietatem,
1182 933 1263 960 quam
1292 925 1416 953 Zosimus
1441 925 1487 953 tibi
1513 926 1611 952 charos
1633 929 1740 959 patrare
1769 929 1809 951 est

183 966 366 1002 ἀφειδέστεροί
379 975 456 1001 φασι,
474 968 511 1003 μὴ
530 968 643 1004 ἄμοιρόν
660 977 689 995 σε
704 967 773 996 εἶναι
792 971 842 1005 τῆς
862 970 967 1006 δραμα-

1020 978 1114 998 ausus.
1141 971 1191 1004 Qui
1214 971 1316 1005 largius
1343 971 1476 1004 referunt,
1501 972 1577 998 aiunt
1601 975 1754 998 consortem
1782 975 1808 998 te

183 1013 322 1047 τουργίας·
348 1013 371 1039 ot
395 1013 423 1039 δὲ
447 1014 654 1049 ὲπιεικέστεροιί
676 1015 789 1051 ἄμοιρον
810 1016 859 1051 μὲν
882 1015 968 1049 εἶναι,

1022 1016 1147 1044 factionis
1163 1024 1225 1044 esse
1238 1025 1245 1044 :
1258 1017 1302 1051 qui
1324 1024 1389 1044 vero
1407 1018 1525 1052 parcius,
1541 1023 1678 1044 essortem
1699 1016 1806 1050 quidem

184 1061 330 1094 δινὰμενον
347 1060 376 1087 δὲ
397 1061 534 1094 κωλῦσαι,
552 1062 590 1096 μὴ
609 1061 797 1097 βεϐουλῆσθαν
810 1063 851 1090 διὸ
870 1065 916 1090 καὶ
930 1064 970 1091 δί-

1021 1065 1047 1089 le
1070 1068 1143 1093 esse,
1168 1062 1316 1096 prohibere
1337 1068 1425 1089 tamen
1449 1062 1580 1096 potuisse,
1605 1062 1652 1088 sed
1679 1061 1807 1088 noluisse.

185 1114 260 1137 καιος
275 1105 308 1132 ἂν
319 1106 377 1140 εἴης
390 1107 464 1142 παρὰ
480 1108 588 1134 πάντων
606 1109 665 1139 ταῖς
678 1109 858 1144 κατηγορίαις
873 1109 966 1144 βάλλε-

1023 1107 1202 1141 Qttamobrem
1234 1108 1331 1135 merito
1353 1112 1380 1135 te
1408 1108 1442 1134 ab
1469 1107 1595 1134 onmibus
1625 1107 1807 1134 accusandum

185 1161 199 1177 σ
218 1161 255 1178 αι.
283 1153 314 1178 Ol
340 1152 368 1179 δὲ
392 1152 572 1188 βεϐουλῆσθαι
595 1153 655 1188 μὲν,
684 1154 721 1189 μὴ
744 1154 904 1190 δεδυνῆσθαι
928 1155 968 1184 δέ.

1022 1154 1108 1181 videri
1124 1155 1209 1181 aiunt.
1229 1153 1282 1181 Alii
1298 1153 1380 1181 etiam
1401 1152 1517 1180 voluisse
1530 1153 1637 1187 quidem
1655 1157 1690 1184 te,
1713 1157 1741 1179 at
1755 1160 1810 1180 non

191 1197 259 1224 Ἀλλ’
278 1198 338 1224 οὐδὲ
354 1196 426 1225 οὗτοι
441 1199 490 1234 τὴν
503 1199 629 1232 ἀφιεῖσαν
644 1200 709 1235 περὶ
724 1200 770 1226 σοῦ
785 1201 896 1235 φέρουσι
913 1200 968 1236 ψῆ-

1021 1201 1141 1234 potuisse
1158 1200 1191 1227 ab
1212 1199 1310 1234 injuria
1328 1198 1480 1234 prohibere.
1499 1197 1597 1225 Verum
1615 1205 1701 1232 neque
1717 1198 1743 1225 hi
1762 1198 1808 1225 ab-

184 1251 243 1276 φον,
263 1243 330 1270 ἀλλὰ
352 1243 511 1279 φράζουσιν·
538 1245 562 1271 εί
581 1245 629 1271 καὶ
651 1245 688 1280 μὴ
713 1246 894 1281 κεκοινώνηκε
920 1246 968 1273 τοῦ

1020 1244 1164 1272 solutionis
1180 1245 1214 1273 de
1237 1249 1262 1272 te
1278 1245 1441 1271 sententiam
1458 1243 1559 1275 ferunt,
1575 1243 1621 1270 sed
1645 1244 1730 1275 aiunt,
1755 1243 1807 1270 etsi

184 1289 341 1323 οκέμματος
354 1309 361 1321 ,
386 1290 426 1316 ὅτι
446 1289 567 1317 τοιούτου
593 1291 688 1324 ἀνδρὸς
707 1291 782 1325 φίλος
803 1291 967 1326 γεγένηται,

1022 1296 1077 1316 non
1102 1290 1354 1321 communicaverit,
1376 1289 1446 1323 quod
1475 1292 1566 1315 tantus
1590 1292 1679 1314 tamen
1703 1288 1807 1314 amicus

185 1334 344 1369 μεμόλυται.
360 1335 446 1367 Αὐτὸς
461 1334 506 1363 οὖν
522 1336 625 1368 δίκαιος
638 1335 662 1362 εἷ
674 1337 882 1372 βουλεύσασθαι,
894 1339 968 1369 ὅπως

1022 1335 1103 1362 fuerit
1127 1335 1220 1370 ipsius,
1245 1335 1445 1362 contaminatus
1469 1339 1526 1367 est;
1548 1333 1609 1368 jure
1635 1333 1810 1361 inducendus

183 1379 283 1415 ταύτην
296 1381 459 1416 ἀποτρίψαιο
470 1381 519 1417 τὴν
535 1381 652 1415 ἀδοξίαν.

1021 1380 1104 1415 igitur
1119 1388 1159 1414 es,
1178 1386 1207 1408 ut
1224 1381 1295 1408 illam
1312 1381 1486 1415 ignominiam
1503 1380 1604 1407 deleas.

297 1434 379 1461 ΦΛΖ’.
401 1449 435 1454 -
458 1434 646 1462 ΕΥΔΑΙΜΟΝΙ
671 1435 845 1462 ΦΙΛΙΠΠΟΥ.
1099 1437 1112 1463 Ιῖ

1099 1435 1252 1464 DXXXVII.
1269 1451 1302 1456 —
1319 1435 1510 1464 EUDEMONI
1531 1434 1675 1463 PHILIPPI
1696 1435 1727 1462 F.

491 1501 587 1529 Rerum
599 1503 751 1536 caelestium,
763 1511 842 1538 quam
855 1505 1020 1530 terrestrium
1032 1512 1098 1531 cura
1117 1504 1215 1538 potior.
1229 1503 1319 1538 (Curti.
1333 1504 1406 1537 εμίδι.
1429 1502 1501 1538 108.)

224 1556 332 1592 Ἐπειδὴ
345 1558 394 1584 οὐκ
407 1557 436 1589 ἐξ
451 1558 508 1584 ἴσου
526 1558 579 1583 τῶν
593 1558 761 1585 διδασκάλων
774 1559 822 1593 τὴν
835 1559 966 1594 ἀκρόασιν
986 1590 1003 1594 _

993 1590 1003 1594 _
1054 1559 1121 1586 Cum
1134 1567 1186 1586 non
1203 1560 1260 1594 pari
1278 1559 1374 1586 aﬂcctn
1391 1559 1512 1586 docentis
1525 1558 1688 1592 accipiamus
1703 1565 1808 1591 vocem,

184 1602 343 1637 ποιούμεθα,
361 1603 427 1629 ἀλλὰ
445 1605 500 1634 τοῖς
520 1604 568 1638 μὲν
588 1605 634 1629 ἐπὶ
653 1604 687 1630 τὰ
707 1604 821 1638 βιωτικὰ
839 1613 966 1639 παρακα-
981 1590 999 1621 C

988 1590 1003 1621 Β
1019 1605 1066 1632 sed
1084 1605 1116 1632 iis
1132 1612 1192 1640 quae
1209 1605 1241 1631 ad
1267 1605 1407 1632 smcularin
1433 1605 1557 1636 invitant,
1579 1605 1698 1630 animum
1720 1604 1803 1637 appli-

182 1647 257 1675 λοῦσι
270 1650 437 1684 προσέχομεν
453 1649 498 1675 τὸν
514 1649 576 1675 νοῦν
587 1658 594 1665 ι
610 1649 663 1675 τῶν
680 1649 707 1674 δὲ
723 1649 769 1674 ἐπὶ
782 1649 830 1683 τὴν
844 1649 967 1684 οὐράνιον

1021 1657 1134 1683 ceruus;
1151 1656 1178 1677 at
1203 1651 1248 1684 qui
1269 1651 1301 1677 ad
1326 1651 1461 1678 caelestem
1485 1655 1580 1676 vocnnt
1598 1649 1805 1683 philosophiam,

183 1694 341 1729 φιλοσοφίαν
363 1694 517 1721 καλούντων
536 1695 596 1721 οὐδὲ
616 1694 665 1729 τὴν
689 1694 778 1728 φωνὴν
797 1694 965 1729 ἀνεχόμεθα·

1021 1703 1114 1722 eorum
1127 1703 1160 1722 ne
1173 1703 1264 1722 vocem
1279 1696 1385 1730 quidem
1396 1695 1488 1722 audire
1504 1695 1667 1721 sustinemus
1683 1703 1689 1720 :
1708 1694 1808 1721 idcirco

181 1740 225 1767 διὰ
239 1740 318 1767 τοῦτο
334 1740 368 1766 τὰ
380 1741 429 1775 μὲν
445 1740 524 1776 ἔργα,
537 1741 571 1767 τὰ
582 1741 610 1767 δὲ
625 1740 764 1776 ἡγούμεθα
777 1741 914 1775 πάρεργα.

1023 1740 1065 1767 ﬁla
1090 1742 1198 1775 quidem
1223 1741 1310 1774 utilia,
1333 1741 1389 1767 haec
1409 1748 1472 1767 vero
1491 1741 1606 1773 inutilia,
1622 1745 1648 1766 et
1672 1740 1705 1766 ab
1725 1747 1806 1774 opere

1021 1786 1146 1813 ducimus
1167 1786 1265 1814 aliena.

1021 1786 1055 1812 dtt
1076 1786 1130 1812 intt

315 1832 400 1859 @AH’.
421 1847 455 1851 ——
475 1833 579 1859 ΠΡΩΝΙ
599 1832 831 1868 ΠΡΕΣΒΥΤΕΡῼ,
1059 1794 1073 1813 c
1087 1795 1130 1856 ID)

1021 1786 1146 1813 dttcimtts
1167 1786 1265 1814 aliena.

1096 1829 1261 1856 DXXXVIII.
1274 1844 1309 1849 —
1325 1828 1452 1855 iIERONI
1473 1828 1709 1856 PRESBYTERO.

672 1889 843 1916 anonismns
857 1888 993 1914 laudatur.
1008 1885 1126 1920 (Confer.
1143 1886 1220 1919 epist.
1239 1885 1313 1918 12L)

218 1943 279 1978 Χρὴ
298 1944 347 1969 κὰν
363 1943 400 1977 τῷ
415 1943 514 1975 λέγειν,
532 1942 583 1969 κάν
599 1941 636 1976 τῷ
654 1942 769 1977 γράφειν
781 1941 863 1975 τιμᾷν
876 1940 905 1965 τὸ
921 1939 968 1974 μέ-

1056 1938 1123 1965 Cum
1148 1938 1173 1965 in
1200 1939 1323 1972 dicendo,
1349 1944 1402 1965 tum
1429 1939 1454 1966 in
1479 1938 1623 1966 scribendo
1650 1938 1743 1964 modus
1766 1941 1808 1966 cst

183 1996 268 2024 τριον·
281 1989 328 2014 καὶ
345 1988 383 2023 μὴ
395 1987 447 2020 ἔξω
465 1989 519 2013 τῶν
536 1987 638 2022 καιρῶν
655 1985 795 2022 φέρεσθαι,
810 1986 834 2011 εί
852 1985 889 2020 μή
905 1993 937 2018 γε
951 1985 967 2020 ἡ

1022 1984 1199 2016 adhibendus,
1229 1985 1348 2019 nihilque
1370 1985 1546 2012 immoderate
1571 1984 1723 2014 dicendum.
1754 1984 1804 2011 nisi

183 2032 238 2059 τῶν
263 2031 405 2068 ἀκροατῶν
434 2032 568 2067 βραδυτὴς
591 2031 771 2066 ἀναγκάσειεν
796 2031 897 2058 ἄκοντα
922 2029 968 2056 τὸν

1021 2029 1090 2056 forte
1117 2029 1268 2056 auditorum
1295 2031 1398 2056 tardum
1426 2030 1573 2064 ingenium.
1594 2029 1800 2056 elimnint'itunt

186 2079 308 2112 λέγοντα,
323 2078 368 2104 καὶ
383 2078 428 2104 ἐπὶ
441 2077 471 2104 τὸ
490 2078 676 2114 μακρηγορεῖν
692 2076 856 2109 ἐκϐιάζοιτο.

749 2076 856 2109 ιάζοιτο.
1019 2076 1109 2103 dicere
1121 2075 1320 2110 explanarequc
1330 2079 1408 2110 cogat
1420 2075 1564 2110 copiosius.

210 2132 293 2160 ΦΛΘ¹.
308 2148 341 2154 -
356 2133 490 2168 ΖΩΣΙΜῼ,
508 2132 640 2159 ΜΛΡΩΝΙ
657 2132 716 2159 ΚΑΙ
741 2131 947 2158 XAIPHMONI.
1021 2130 1025 2156 1

1021 2129 1164 2157 DXXXIX.
1194 2144 1229 2150 ——
1260 2128 1404 2159 ZOSIMO.
1445 2128 1597 2161 MARONI,
1636 2128 1677 2155 ET
1712 2127 1810 2155 CILIE-

1351 2163 1493 2191 IIEMONI.

676 2214 859 2242 l’eecatoribus
873 2222 930 2241 vere
951 2211 1135 2248 panitenlibue
1149 2211 1259 2246 ignoscit
1278 2210 1360 2238 Deus.

222 2271 252 2296 Ei
266 2270 312 2296 καὶ
329 2269 444 2303 μέγιστα
457 2270 503 2296 καὶ
518 2269 680 2304 συγγνώμης
699 2268 808 2303 μείζονα
823 2268 966 2304 ὲπλημμε-
982 2265 1005 2292 Ι)

994 2266 1005 2291 )
1055 2265 1175 2293 Tametsi
1193 2271 1220 2293 et
1240 2266 1343 2301 gravia,
1362 2270 1389 2293 et
1404 2265 1483 2292 venia
1506 2265 1614 2300 indigna
1641 2265 1809 2293 commiseri-

185 2317 298 2352 λήσατε,
310 2316 378 2342 ἀλλά
396 2324 428 2349 γε
447 2314 611 2350 συγγνώμης
631 2314 716 2341 ταῦτα
737 2315 847 2347 ἀξιώσει
865 2315 879 2341 ὁ
900 2315 970 2350 Κρι-

1024 2315 1067 2347 tis,
1084 2314 1167 2349 judex
1191 2319 1282 2341 tamen
1310 2314 1379 2341 Deus
1403 2313 1537 2349 ignoscet,
1556 2313 1579 2341 si
1600 2314 1680 2341 modo
1703 2314 1807 2341 sincera

185 2363 246 2398 τὴς,
258 2362 314 2397 εἴγε
333 2363 475 2398 εἰλικρινεῖ
490 2361 619 2396 μετανοίᾳ
635 2360 829 2396 θεραπευθείη.

542 2361 619 2396 ανοίᾳ
635 2360 829 2396 θεραπευθείη.
1024 2361 1171 2388 accesserit
1186 2360 1354 2395 paenitentia.

325 2417 392 2445 ΦΜ’.
412 2431 447 2437 -
460 2416 578 2443 IEPAKI
596 2415 819 2450 ΠΡΕΣΒΥἸῈΡῼ

1140 2413 1222 2441 DXL.
1238 2428 1275 2434 —
1289 2413 1430 2441 IllERACI
1448 2412 1687 2441 PRESBYTERO.

695 2471 732 2499 De
744 2471 901 2498 meticulosis
915 2475 938 2497 et
954 2470 1044 2505 infidis
1059 2469 1289 2498 conmilitonibus.

221 2542 253 2568 Οί
267 2540 320 2577 πρὸ
333 2541 386 2568 τῶν
401 2539 531 2567 κινδύνων
550 2538 589 2574 τῷ
610 2538 685 2573 φόϐῳ
704 2537 906 2572 δεδουλωμένοι,
922 2537 968 2564 καὶ

1057 2535 1107 2570 Qui
1132 2536 1157 2563 in
1176 2534 1303 2570 periculis
1324 2534 1498 2568 adversisque
1519 2533 1600 2560 rebus
1623 2535 1696 2558 metu
1720 2529 1801 2564 capti.

188 2587 225 2622 μὴ
250 2587 370 2621 ἐνεγκεῖν
390 2586 439 2621 τὴν
460 2584 624 2621 προσδοκίαν
642 2583 800 2618 δυνηθέντες
812 2603 819 2616 ,
838 2583 890 2618 πρὸ
913 2582 969 2609 τῶν

1023 2582 1111 2611 timori
1140 2581 1321 2614 subserviunt.
1350 2587 1438 2615 neque
1463 2579 1525 2606 mali
1546 2577 1727 2612 impendentis
1751 2581 1805 2602 me-

186 2633 355 2668 πραγμάτων
370 2632 417 2658 τοῦ
434 2631 529 2667 καιροῦ
545 2631 593 2666 τὴν
616 2629 766 2665 μεταϐολὴν
785 2629 970 2664 θεραπεύσαν-

1022 2633 1078 2656 tum
1096 2627 1167 2656 ferre
1183 2631 1306 2662 possunt,
1326 2628 1394 2654 'anle
1415 2630 1520 2659 tempus
1540 2631 1628 2651 rerum
1655 2626 1806 2650 commuta-

186 2687 241 2710 τες,
256 2677 314 2710 πῶς
327 2678 376 2704 οὐκ
390 2677 500 2712 ἔμελλον
511 2677 602 2707 αὐτοῖς
613 2677 669 2708 τοῖς
681 2675 776 2706 δεινοῖς
787 2674 970 2710 ἐμϐεϐηκότες

1024 2674 1122 2702 tionem
1139 2677 1307 2707 exoptantes,
1324 2673 1351 2700 hi
1366 2672 1388 2700 si
1404 2672 1430 2698 in
1448 2670 1541 2706 gravia
1563 2668 1630 2696 mala
1650 2668 1804 2701 inciderint,

187 2723 312 2759 ἄνανδροι
332 2723 517 2758 ὁφθήσεσθαη
533 2722 637 2749 Οὐκοῦν
650 2723 674 2748 εἰ
698 2721 832 2756 παρόντες
851 2720 927 2747 οὐδὲν
941 2720 974 2747 ἂν

1024 2719 1117 2754 quidni
1138 2718 1284 2746 effeminati
1312 2718 1460 2751 mollesque
1485 2714 1656 2743 habeantur?
1676 2712 1761 2759 Igitur
1782 2714 1804 2741 si

187 2758 297 2802 ὤνησαν
307 2767 369 2797 τοὺς
380 2766 594 2799 συναγωνιστὰς,
606 2765 723 2797 ἀπόντες
732 2764 766 2790 τὰ
779 2763 893 2799 μέγιστα
904 2763 974 2798 ὠφέ-

1025 2769 1172 2801 praesentes
1189 2764 1291 2791 nullum
1305 2764 1436 2791 auxilium
1449 2761 1569 2789 tulerunt
1583 2758 1810 2803 allaborantibus,

187 2813 285 2847 λησαν,
305 2812 352 2839 καὶ
369 2811 420 2846 τὴν
439 2810 527 2846 λύπην
541 2810 588 2846 τὴν
607 2812 639 2838 ὲκ
653 2811 702 2846 τῆς
718 2809 861 2846 προδοσίας
883 2809 971 2845 ἠμαύ-

1025 2810 1152 2838 abseutes
1174 2810 1291 2838 maxime
1305 2808 1473 2844 profuerunt,
1490 2810 1517 2834 et
1534 2805 1653 2833 dolorem
1673 2804 1805 2843 proditio-

191 2866 290 2895 ρωσαν.

1026 2858 1068 2888 nis
1082 2858 1256 2892 dissiparunt.
