  <div class='ocr_page' id='page_1' title='image "/cluster/home/n/w/nwhite01/storage/ocr_20150623/78/njp.32101077772794/897.png"; bbox 0 0 2064 3162; ppageno 0'>
   <div class='ocr_carea' id='block_1_1' title="bbox 297 193 313 223">
    <p class='ocr_par' dir='ltr' id='par_1_1' title="bbox 297 193 313 223">
     <span class='ocr_line' id='line_1_1' title="bbox 297 193 313 223; baseline 0 0"><span class='ocrx_word' id='word_1_1' title='bbox 297 193 313 223; x_wconf 86' lang='lat'><strong>6</strong></span> 
     </span>
    </p>
   </div>
   <div class='ocr_carea' id='block_1_2' title="bbox 279 191 1018 284">
    <p class='ocr_par' dir='ltr' id='par_1_2' title="bbox 279 191 1018 284">
     <span class='ocr_line' id='line_1_2' title="bbox 279 191 1018 225; baseline -0.008 -1"><span class='ocrx_word' id='word_1_2' title='bbox 279 191 346 225; x_wconf 67' lang='grc'><strong>1631</strong></span> <span class='ocrx_word' id='word_1_3' title='bbox 873 191 902 219; x_wconf 91' lang='lat' dir='ltr'><strong>S.</strong></span> <span class='ocrx_word' id='word_1_4' title='bbox 926 191 1018 219; x_wconf 79' lang='lat' dir='ltr'><strong>ISIDC</strong></span> 
     </span>
     <span class='ocr_line' id='line_1_3' title="bbox 311 243 1018 284; baseline -0.011 -7"><span class='ocrx_word' id='word_1_5' title='bbox 311 247 392 284; x_wconf 79' lang='grc'><strong>715</strong></span> <span class='ocrx_word' id='word_1_6' title='bbox 407 248 496 276; x_wconf 74' lang='lat' dir='ltr'><strong>DXL].</strong></span> <span class='ocrx_word' id='word_1_7' title='bbox 518 264 553 269; x_wconf 89' lang='lat'><strong>—-</strong></span> <span class='ocrx_word' id='word_1_8' title='bbox 567 245 764 275; x_wconf 78' lang='lat' dir='ltr'><strong>ATHANASIO</strong></span> <span class='ocrx_word' id='word_1_9' title='bbox 783 243 1018 272; x_wconf 82' lang='lat' dir='ltr'><strong>PRESBYTERO.</strong></span> 
     </span>
    </p>
   </div>
   <div class='ocr_carea' id='block_1_3' title="bbox 873 189 1308 219">
    <p class='ocr_par' dir='ltr' id='par_1_3' title="bbox 873 189 1308 219">
     <span class='ocr_line' id='line_1_4' title="bbox 873 189 1308 219; baseline -0.002 0"><span class='ocrx_word' id='word_1_10' title='bbox 873 190 902 219; x_wconf 91' lang='lat' dir='ltr'><strong>S.</strong></span> <span class='ocrx_word' id='word_1_11' title='bbox 926 189 1071 219; x_wconf 81' lang='lat' dir='ltr'><strong>ISIDORI</strong></span> <span class='ocrx_word' id='word_1_12' title='bbox 1089 189 1308 219; x_wconf 65' lang='lat' dir='ltr'><strong>PELUSIOTE</strong></span> 
     </span>
    </p>
   </div>
   <div class='ocr_carea' id='block_1_4' title="bbox 1828 189 1899 222">
    <p class='ocr_par' dir='ltr' id='par_1_4' title="bbox 1828 189 1899 222">
     <span class='ocr_line' id='line_1_5' title="bbox 1828 189 1899 222; baseline -0.028 0"><span class='ocrx_word' id='word_1_13' title='bbox 1828 189 1899 222; x_wconf 70' lang='lat'><strong>1632</strong></span> 
     </span>
    </p>
   </div>
   <div class='ocr_carea' id='block_1_5' title="bbox 1207 241 1784 279">
    <p class='ocr_par' dir='ltr' id='par_1_5' title="bbox 1207 241 1784 279">
     <span class='ocr_line' id='line_1_6' title="bbox 1207 241 1784 279; baseline 0.003 -10"><span class='ocrx_word' id='word_1_14' title='bbox 1207 244 1297 271; x_wconf 63' lang='lat' dir='ltr'><strong>(DMA&#39;.</strong></span> <span class='ocrx_word' id='word_1_15' title='bbox 1313 258 1347 264; x_wconf 65' lang='grc' dir='ltr'><strong>-υ-</strong></span> <span class='ocrx_word' id='word_1_16' title='bbox 1366 241 1536 279; x_wconf 72' lang='grc' dir='ltr'><strong>ᾹΘᾹΝΛΣῘῼ</strong></span> <span class='ocrx_word' id='word_1_17' title='bbox 1550 242 1784 278; x_wconf 80' lang='grc' dir='ltr'><strong>ΠΡΕΣΒΥΤΕΡῼ.</strong></span> 
     </span>
    </p>
   </div>
   <div class='ocr_carea' id='block_1_6' title="bbox 947 301 1222 336">
    <p class='ocr_par' dir='ltr' id='par_1_6' title="bbox 947 301 1222 336">
     <span class='ocr_line' id='line_1_7' title="bbox 947 301 1222 336; baseline 0 -8"><span class='ocrx_word' id='word_1_18' title='bbox 947 301 1132 336; x_wconf 75' lang='lat' dir='ltr'><strong>Philosophari</strong></span> <span class='ocrx_word' id='word_1_19' title='bbox 1148 301 1222 336; x_wconf 82' lang='lat' dir='ltr'><strong>quid.</strong></span> 
     </span>
    </p>
   </div>
   <div class='ocr_carea' id='block_1_7' title="bbox 310 357 1057 394">
    <p class='ocr_par' dir='ltr' id='par_1_7' title="bbox 310 357 1057 394">
     <span class='ocr_line' id='line_1_8' title="bbox 310 357 1057 394; baseline -0.005 -7"><span class='ocrx_word' id='word_1_20' title='bbox 310 359 451 394; x_wconf 83' lang='lat' dir='ltr'><strong>Siquidem</strong></span> <span class='ocrx_word' id='word_1_21' title='bbox 475 367 529 387; x_wconf 91' lang='lat' dir='ltr'><strong>non</strong></span> <span class='ocrx_word' id='word_1_22' title='bbox 553 359 639 387; x_wconf 89' lang='lat' dir='ltr'><strong>videri</strong></span> <span class='ocrx_word' id='word_1_23' title='bbox 661 358 854 393; x_wconf 84' lang='lat' dir='ltr'><strong>philosophari,</strong></span> <span class='ocrx_word' id='word_1_24' title='bbox 870 362 901 384; x_wconf 90' lang='lat' dir='ltr'><strong>ut</strong></span> <span class='ocrx_word' id='word_1_25' title='bbox 919 357 971 388; x_wconf 86' lang='lat' dir='ltr'><strong>ais,</strong></span> <span class='ocrx_word' id='word_1_26' title='bbox 986 357 1057 392; x_wconf 89' lang='lat' dir='ltr'><strong>opti-</strong></span> 
     </span>
    </p>
   </div>
   <div class='ocr_carea' id='block_1_8' title="bbox 274 405 1057 442">
    <p class='ocr_par' dir='ltr' id='par_1_8' title="bbox 274 405 1057 442">
     <span class='ocr_line' id='line_1_9' title="bbox 274 405 1057 442; baseline -0.005 -8"><span class='ocrx_word' id='word_1_27' title='bbox 274 414 347 433; x_wconf 90' lang='lat' dir='ltr'><strong>mam</strong></span> <span class='ocrx_word' id='word_1_28' title='bbox 360 414 420 434; x_wconf 81' lang='lat' dir='ltr'><strong>esse</strong></span> <span class='ocrx_word' id='word_1_29' title='bbox 434 407 577 434; x_wconf 87' lang='lat' dir='ltr'><strong>arbitraris</strong></span> <span class='ocrx_word' id='word_1_30' title='bbox 597 405 806 442; x_wconf 77' lang='lat' dir='ltr'><strong>philosophandi</strong></span> <span class='ocrx_word' id='word_1_31' title='bbox 826 405 971 437; x_wconf 87' lang='lat' dir='ltr'><strong>rationem,</strong></span> <span class='ocrx_word' id='word_1_32' title='bbox 988 405 1057 431; x_wconf 87' lang='lat' dir='ltr'><strong>bene</strong></span> 
     </span>
    </p>
   </div>
   <div class='ocr_carea' id='block_1_9' title="bbox 276 451 1057 487">
    <p class='ocr_par' dir='ltr' id='par_1_9' title="bbox 276 451 1057 487">
     <span class='ocr_line' id='line_1_10' title="bbox 276 451 1057 487; baseline -0.003 -10"><span class='ocrx_word' id='word_1_33' title='bbox 276 451 368 479; x_wconf 86' lang='lat' dir='ltr'><strong>habet.</strong></span> <span class='ocrx_word' id='word_1_34' title='bbox 396 452 424 479; x_wconf 91' lang='lat' dir='ltr'><strong>Si</strong></span> <span class='ocrx_word' id='word_1_35' title='bbox 446 459 510 479; x_wconf 88' lang='lat' dir='ltr'><strong>vero</strong></span> <span class='ocrx_word' id='word_1_36' title='bbox 531 452 692 487; x_wconf 80' lang='lat' dir='ltr'><strong>principium</strong></span> <span class='ocrx_word' id='word_1_37' title='bbox 715 451 837 486; x_wconf 60' lang='lat' dir='ltr'><strong>ignaviae.</strong></span> <span class='ocrx_word' id='word_1_38' title='bbox 858 454 884 477; x_wconf 89' lang='lat' dir='ltr'><strong>et</strong></span> <span class='ocrx_word' id='word_1_39' title='bbox 907 454 1057 477; x_wconf 83' lang='lat' dir='ltr'><strong>commuta-</strong></span> 
     </span>
    </p>
   </div>
   <div class='ocr_carea' id='block_1_10' title="bbox 279 494 1058 532">
    <p class='ocr_par' dir='ltr' id='par_1_10' title="bbox 279 494 1058 532">
     <span class='ocr_line' id='line_1_11' title="bbox 279 494 1058 532; baseline -0.003 -9"><span class='ocrx_word' id='word_1_40' title='bbox 279 497 380 524; x_wconf 90' lang='lat' dir='ltr'><strong>tionem</strong></span> <span class='ocrx_word' id='word_1_41' title='bbox 398 498 528 525; x_wconf 61' lang='lat' dir='ltr'><strong>institutae</strong></span> <span class='ocrx_word' id='word_1_42' title='bbox 541 499 604 525; x_wconf 76' lang='lat' dir='ltr'><strong>vitze</strong></span> <span class='ocrx_word' id='word_1_43' title='bbox 619 498 780 532; x_wconf 78' lang='lat' dir='ltr'><strong>imaginatus</strong></span> <span class='ocrx_word' id='word_1_44' title='bbox 798 496 862 524; x_wconf 83' lang='lat' dir='ltr'><strong>illud</strong></span> <span class='ocrx_word' id='word_1_45' title='bbox 879 495 998 529; x_wconf 78' lang='lat' dir='ltr'><strong>speciose</strong></span> <span class='ocrx_word' id='word_1_46' title='bbox 1015 494 1058 528; x_wconf 75' lang='lat' dir='ltr'><strong>ja-</strong></span> 
     </span>
    </p>
   </div>
   <div class='ocr_carea' id='block_1_11' title="bbox 275 540 1057 576">
    <p class='ocr_par' dir='ltr' id='par_1_11' title="bbox 275 540 1057 576">
     <span class='ocr_line' id='line_1_12' title="bbox 275 540 1057 576; baseline -0.005 -6"><span class='ocrx_word' id='word_1_47' title='bbox 275 543 365 575; x_wconf 85' lang='lat' dir='ltr'><strong>ctasli,</strong></span> <span class='ocrx_word' id='word_1_48' title='bbox 378 543 493 576; x_wconf 87' lang='lat' dir='ltr'><strong>pessima</strong></span> <span class='ocrx_word' id='word_1_49' title='bbox 508 551 538 570; x_wconf 87' lang='lat' dir='ltr'><strong>es</strong></span> <span class='ocrx_word' id='word_1_50' title='bbox 551 550 614 570; x_wconf 83' lang='lat' dir='ltr'><strong>usus</strong></span> <span class='ocrx_word' id='word_1_51' title='bbox 625 542 768 570; x_wconf 70' lang='lat' dir='ltr'><strong>sententia.</strong></span> <span class='ocrx_word' id='word_1_52' title='bbox 785 541 867 569; x_wconf 82' lang='lat' dir='ltr'><strong>Recte</strong></span> <span class='ocrx_word' id='word_1_53' title='bbox 881 540 952 568; x_wconf 87' lang='lat' dir='ltr'><strong>enim</strong></span> <span class='ocrx_word' id='word_1_54' title='bbox 967 540 1057 567; x_wconf 82' lang='lat' dir='ltr'><strong>vivere</strong></span> 
     </span>
    </p>
   </div>
   <div class='ocr_carea' id='block_1_12' title="bbox 276 583 1056 620">
    <p class='ocr_par' dir='ltr' id='par_1_12' title="bbox 276 583 1056 620">
     <span class='ocr_line' id='line_1_13' title="bbox 276 583 1056 620; baseline -0.001 -7"><span class='ocrx_word' id='word_1_55' title='bbox 276 587 362 619; x_wconf 91' lang='lat' dir='ltr'><strong>decet,</strong></span> <span class='ocrx_word' id='word_1_56' title='bbox 382 594 434 613; x_wconf 93' lang='lat' dir='ltr'><strong>non</strong></span> <span class='ocrx_word' id='word_1_57' title='bbox 459 587 491 613; x_wconf 90' lang='lat' dir='ltr'><strong>ad</strong></span> <span class='ocrx_word' id='word_1_58' title='bbox 508 586 717 614; x_wconf 87' lang='lat' dir='ltr'><strong>ostentationem</strong></span> <span class='ocrx_word' id='word_1_59' title='bbox 743 590 771 613; x_wconf 91' lang='lat' dir='ltr'><strong>et</strong></span> <span class='ocrx_word' id='word_1_60' title='bbox 793 592 930 620; x_wconf 90' lang='lat' dir='ltr'><strong>pompam.</strong></span> <span class='ocrx_word' id='word_1_61' title='bbox 952 584 979 611; x_wconf 90' lang='lat' dir='ltr'><strong>Si</strong></span> <span class='ocrx_word' id='word_1_62' title='bbox 995 583 1056 619; x_wconf 72' lang='lat' dir='ltr'><strong>quia</strong></span> 
     </span>
    </p>
   </div>
   <div class='ocr_carea' id='block_1_13' title="bbox 276 630 1055 666">
    <p class='ocr_par' dir='ltr' id='par_1_13' title="bbox 276 630 1055 666">
     <span class='ocr_line' id='line_1_14' title="bbox 276 630 1055 666; baseline -0.001 -9"><span class='ocrx_word' id='word_1_63' title='bbox 276 630 359 665; x_wconf 81' lang='lat' dir='ltr'><strong>igitur</strong></span> <span class='ocrx_word' id='word_1_64' title='bbox 385 631 496 666; x_wconf 75' lang='lat' dir='ltr'><strong>ignaviae</strong></span> <span class='ocrx_word' id='word_1_65' title='bbox 518 632 656 659; x_wconf 90' lang='lat' dir='ltr'><strong>convictus</strong></span> <span class='ocrx_word' id='word_1_66' title='bbox 677 631 728 658; x_wconf 88' lang='lat' dir='ltr'><strong>hoc</strong></span> <span class='ocrx_word' id='word_1_67' title='bbox 751 631 821 658; x_wconf 87' lang='lat' dir='ltr'><strong>idem</strong></span> <span class='ocrx_word' id='word_1_68' title='bbox 842 631 933 658; x_wconf 88' lang='lat' dir='ltr'><strong>dicere</strong></span> <span class='ocrx_word' id='word_1_69' title='bbox 957 631 1055 657; x_wconf 87' lang='lat' dir='ltr'><strong>erube-</strong></span> 
     </span>
    </p>
   </div>
   <div class='ocr_carea' id='block_1_14' title="bbox 277 675 1056 711">
    <p class='ocr_par' dir='ltr' id='par_1_14' title="bbox 277 675 1056 711">
     <span class='ocr_line' id='line_1_15' title="bbox 277 675 1056 711; baseline 0 -9"><span class='ocrx_word' id='word_1_70' title='bbox 277 682 355 702; x_wconf 86' lang='lat' dir='ltr'><strong>scens</strong></span> <span class='ocrx_word' id='word_1_71' title='bbox 373 677 488 710; x_wconf 88' lang='lat' dir='ltr'><strong>primum</strong></span> <span class='ocrx_word' id='word_1_72' title='bbox 510 676 571 703; x_wconf 90' lang='lat' dir='ltr'><strong>inde</strong></span> <span class='ocrx_word' id='word_1_73' title='bbox 590 676 712 711; x_wconf 75' lang='lat' dir='ltr'><strong>coeperit,</strong></span> <span class='ocrx_word' id='word_1_74' title='bbox 729 683 761 703; x_wconf 91' lang='lat' dir='ltr'><strong>ne</strong></span> <span class='ocrx_word' id='word_1_75' title='bbox 779 675 963 710; x_wconf 86' lang='lat' dir='ltr'><strong>philosophari</strong></span> <span class='ocrx_word' id='word_1_76' title='bbox 980 675 1056 702; x_wconf 82' lang='lat' dir='ltr'><strong>vide-</strong></span> 
     </span>
    </p>
   </div>
   <div class='ocr_carea' id='block_1_15' title="bbox 276 720 1057 754">
    <p class='ocr_par' dir='ltr' id='par_1_15' title="bbox 276 720 1057 754">
     <span class='ocr_line' id='line_1_16' title="bbox 276 720 1057 754; baseline 0.003 -9"><span class='ocrx_word' id='word_1_77' title='bbox 276 724 364 752; x_wconf 90' lang='lat' dir='ltr'><strong>retur,</strong></span> <span class='ocrx_word' id='word_1_78' title='bbox 391 724 484 754; x_wconf 87' lang='lat' dir='ltr'><strong>postea</strong></span> <span class='ocrx_word' id='word_1_79' title='bbox 506 720 617 748; x_wconf 80' lang='lat' dir='ltr'><strong>desierit</strong></span> <span class='ocrx_word' id='word_1_80' title='bbox 640 720 666 747; x_wconf 91' lang='lat' dir='ltr'><strong>in</strong></span> <span class='ocrx_word' id='word_1_81' title='bbox 684 728 729 752; x_wconf 88' lang='lat' dir='ltr'><strong>eo,</strong></span> <span class='ocrx_word' id='word_1_82' title='bbox 751 724 779 747; x_wconf 91' lang='lat' dir='ltr'><strong>ut</strong></span> <span class='ocrx_word' id='word_1_83' title='bbox 799 720 909 748; x_wconf 89' lang='lat' dir='ltr'><strong>omnino</strong></span> <span class='ocrx_word' id='word_1_84' title='bbox 929 727 982 747; x_wconf 89' lang='lat' dir='ltr'><strong>non</strong></span> <span class='ocrx_word' id='word_1_85' title='bbox 1000 720 1057 754; x_wconf 88' lang='lat' dir='ltr'><strong>phi-</strong></span> 
     </span>
    </p>
   </div>
   <div class='ocr_carea' id='block_1_16' title="bbox 276 764 1057 800">
    <p class='ocr_par' dir='ltr' id='par_1_16' title="bbox 276 764 1057 800">
     <span class='ocr_line' id='line_1_17' title="bbox 276 764 1057 800; baseline 0.004 -11"><span class='ocrx_word' id='word_1_86' title='bbox 276 764 476 798; x_wconf 80' lang='lat' dir='ltr'><strong>losopharetur,</strong></span> <span class='ocrx_word' id='word_1_87' title='bbox 495 765 633 793; x_wconf 88' lang='lat' dir='ltr'><strong>meliorem</strong></span> <span class='ocrx_word' id='word_1_88' title='bbox 651 766 672 792; x_wconf 95' lang='lat' dir='ltr'><strong>is</strong></span> <span class='ocrx_word' id='word_1_89' title='bbox 685 766 834 793; x_wconf 88' lang='lat' dir='ltr'><strong>ostenderit</strong></span> <span class='ocrx_word' id='word_1_90' title='bbox 848 773 920 797; x_wconf 94' lang='lat' dir='ltr'><strong>eum,</strong></span> <span class='ocrx_word' id='word_1_91' title='bbox 937 765 982 800; x_wconf 89' lang='lat' dir='ltr'><strong>qui</strong></span> <span class='ocrx_word' id='word_1_92' title='bbox 998 773 1057 792; x_wconf 91' lang='lat' dir='ltr'><strong>ma-</strong></span> 
     </span>
    </p>
   </div>
   <div class='ocr_carea' id='block_1_17' title="bbox 277 810 1057 846">
    <p class='ocr_par' dir='ltr' id='par_1_17' title="bbox 277 810 1057 846">
     <span class='ocr_line' id='line_1_18' title="bbox 277 810 1057 846; baseline 0.005 -11"><span class='ocrx_word' id='word_1_93' title='bbox 277 810 404 837; x_wconf 82' lang='lat' dir='ltr'><strong>nifestare</strong></span> <span class='ocrx_word' id='word_1_94' title='bbox 426 811 538 844; x_wconf 82' lang='lat' dir='ltr'><strong>studuit,</strong></span> <span class='ocrx_word' id='word_1_95' title='bbox 555 819 585 839; x_wconf 80' lang='lat' dir='ltr'><strong>se</strong></span> <span class='ocrx_word' id='word_1_96' title='bbox 606 812 814 846; x_wconf 85' lang='lat' dir='ltr'><strong>philosophandi</strong></span> <span class='ocrx_word' id='word_1_97' title='bbox 838 812 956 839; x_wconf 87' lang='lat' dir='ltr'><strong>studium</strong></span> <span class='ocrx_word' id='word_1_98' title='bbox 976 816 1057 840; x_wconf 86' lang='lat' dir='ltr'><strong>antea</strong></span> 
     </span>
    </p>
   </div>
   <div class='ocr_carea' id='block_1_18' title="bbox 275 858 419 882">
    <p class='ocr_par' dir='ltr' id='par_1_18' title="bbox 275 858 419 882">
     <span class='ocr_line' id='line_1_19' title="bbox 275 858 419 882; baseline 0.007 -2"><span class='ocrx_word' id='word_1_99' title='bbox 275 858 419 882; x_wconf 82' lang='lat' dir='ltr'><strong>sectatum.</strong></span> 
     </span>
    </p>
   </div>
   <div class='ocr_carea' id='block_1_19' title="bbox 386 908 942 939">
    <p class='ocr_par' dir='ltr' id='par_1_19' title="bbox 386 908 942 939">
     <span class='ocr_line' id='line_1_20' title="bbox 386 908 942 939; baseline 0.005 -4"><span class='ocrx_word' id='word_1_100' title='bbox 386 908 487 937; x_wconf 81' lang='lat' dir='ltr'><strong>DXL&quot;.</strong></span> <span class='ocrx_word' id='word_1_101' title='bbox 502 924 537 930; x_wconf 77' lang='grc' dir='ltr'>ι-</span> <span class='ocrx_word' id='word_1_102' title='bbox 552 909 686 938; x_wconf 80' lang='lat' dir='ltr'><strong>DANIELI</strong></span> <span class='ocrx_word' id='word_1_103' title='bbox 706 910 942 939; x_wconf 78' lang='lat' dir='ltr'><strong>PRESBYTERO.</strong></span> 
     </span>
    </p>
   </div>
   <div class='ocr_carea' id='block_1_20' title="bbox 1146 355 1899 392">
    <p class='ocr_par' dir='ltr' id='par_1_20' title="bbox 1146 355 1899 392">
     <span class='ocr_line' id='line_1_21' title="bbox 1146 355 1899 392; baseline -0.003 -10"><span class='ocrx_word' id='word_1_104' title='bbox 1146 357 1178 382; x_wconf 76' lang='lat' dir='ltr'><strong>Et</strong></span> <span class='ocrx_word' id='word_1_105' title='bbox 1193 356 1289 390; x_wconf 57' lang='lat' dir='ltr'><strong>péveo</strong></span> <span class='ocrx_word' id='word_1_106' title='bbox 1317 355 1353 392; x_wconf 88' lang='grc' dir='ltr'>μὴ</span> <span class='ocrx_word' id='word_1_107' title='bbox 1372 356 1461 382; x_wconf 78' lang='grc' dir='ltr'><strong>δοκεῖν</strong></span> <span class='ocrx_word' id='word_1_108' title='bbox 1477 356 1640 390; x_wconf 82' lang='grc' dir='ltr'><strong>φιλοσοφεῖν,</strong></span> <span class='ocrx_word' id='word_1_109' title='bbox 1656 356 1694 387; x_wconf 86' lang='grc' dir='ltr'><strong>ὡς</strong></span> <span class='ocrx_word' id='word_1_110' title='bbox 1708 356 1772 391; x_wconf 81' lang='grc' dir='ltr'>φὴς,</span> <span class='ocrx_word' id='word_1_111' title='bbox 1788 355 1899 390; x_wconf 75' lang='grc' dir='ltr'>φιλοσο-</span> 
     </span>
    </p>
   </div>
   <div class='ocr_carea' id='block_1_21' title="bbox 1111 399 1900 437">
    <p class='ocr_par' dir='ltr' id='par_1_21' title="bbox 1111 399 1900 437">
     <span class='ocr_line' id='line_1_22' title="bbox 1111 399 1900 437; baseline -0.003 -9"><span class='ocrx_word' id='word_1_112' title='bbox 1111 402 1174 436; x_wconf 87' lang='grc' dir='ltr'>φίαν</span> <span class='ocrx_word' id='word_1_113' title='bbox 1191 402 1305 437; x_wconf 82' lang='grc' dir='ltr'>ἀρίστην</span> <span class='ocrx_word' id='word_1_114' title='bbox 1316 400 1385 428; x_wconf 70' lang='grc' dir='ltr'>εἶναι</span> <span class='ocrx_word' id='word_1_115' title='bbox 1407 402 1562 436; x_wconf 80' lang='grc' dir='ltr'>νενόμικας,</span> <span class='ocrx_word' id='word_1_116' title='bbox 1573 399 1603 428; x_wconf 75' lang='grc' dir='ltr'>εὖ</span> <span class='ocrx_word' id='word_1_117' title='bbox 1617 401 1650 428; x_wconf 77' lang='grc' dir='ltr'>ἂν</span> <span class='ocrx_word' id='word_1_118' title='bbox 1665 401 1721 436; x_wconf 79' lang='grc' dir='ltr'>ἔχοι</span> <span class='ocrx_word' id='word_1_119' title='bbox 1731 409 1737 415; x_wconf 92' lang='grc'>·</span> <span class='ocrx_word' id='word_1_120' title='bbox 1755 402 1780 427; x_wconf 89' lang='grc' dir='ltr'><strong>εί</strong></span> <span class='ocrx_word' id='word_1_121' title='bbox 1805 400 1834 427; x_wconf 82' lang='grc' dir='ltr'>δὲ</span> <span class='ocrx_word' id='word_1_122' title='bbox 1847 401 1900 435; x_wconf 82' lang='grc' dir='ltr'>ἀρ-</span> 
     </span>
    </p>
   </div>
   <div class='ocr_carea' id='block_1_22' title="bbox 1111 443 1900 484">
    <p class='ocr_par' dir='ltr' id='par_1_22' title="bbox 1111 443 1900 484">
     <span class='ocr_line' id='line_1_23' title="bbox 1111 443 1900 484; baseline -0.003 -10"><span class='ocrx_word' id='word_1_123' title='bbox 1111 447 1161 483; x_wconf 82' lang='grc' dir='ltr'>χὴν</span> <span class='ocrx_word' id='word_1_124' title='bbox 1180 448 1330 483; x_wconf 77' lang='grc' dir='ltr'><strong>ῥᾳθυμίας,</strong></span> <span class='ocrx_word' id='word_1_125' title='bbox 1345 448 1393 475; x_wconf 81' lang='grc' dir='ltr'>καὶ</span> <span class='ocrx_word' id='word_1_126' title='bbox 1409 447 1559 484; x_wconf 75' lang='grc' dir='ltr'>μεταϐολὴν</span> <span class='ocrx_word' id='word_1_127' title='bbox 1575 443 1710 478; x_wconf 71' lang='grc' dir='ltr'>πολιτείας</span> <span class='ocrx_word' id='word_1_128' title='bbox 1722 446 1900 482; x_wconf 67' lang='grc' dir='ltr'>φαντασθεὶς,</span> 
     </span>
    </p>
   </div>
   <div class='ocr_carea' id='block_1_23' title="bbox 1111 493 1898 530">
    <p class='ocr_par' dir='ltr' id='par_1_23' title="bbox 1111 493 1898 530">
     <span class='ocr_line' id='line_1_24' title="bbox 1111 493 1898 530; baseline -0.001 -10"><span class='ocrx_word' id='word_1_129' title='bbox 1111 493 1189 519; x_wconf 84' lang='grc' dir='ltr'>τοῦτο</span> <span class='ocrx_word' id='word_1_130' title='bbox 1208 493 1434 528; x_wconf 80' lang='grc' dir='ltr'>κατεκομψεὺσω,</span> <span class='ocrx_word' id='word_1_131' title='bbox 1452 493 1571 530; x_wconf 82' lang='grc' dir='ltr'>κακίστῃ</span> <span class='ocrx_word' id='word_1_132' title='bbox 1587 493 1683 528; x_wconf 84' lang='grc' dir='ltr'>γνώμῃ</span> <span class='ocrx_word' id='word_1_133' title='bbox 1699 494 1819 528; x_wconf 78' lang='grc' dir='ltr'>ἐχρήσω.</span> <span class='ocrx_word' id='word_1_134' title='bbox 1835 494 1898 527; x_wconf 82' lang='grc' dir='ltr'><strong>Χρὴ</strong></span> 
     </span>
    </p>
   </div>
   <div class='ocr_carea' id='block_1_24' title="bbox 1111 537 1899 574">
    <p class='ocr_par' dir='ltr' id='par_1_24' title="bbox 1111 537 1899 574">
     <span class='ocr_line' id='line_1_25' title="bbox 1111 537 1899 574; baseline -0.001 -10"><span class='ocrx_word' id='word_1_135' title='bbox 1111 538 1160 574; x_wconf 76' lang='grc' dir='ltr'>μὲν</span> <span class='ocrx_word' id='word_1_136' title='bbox 1174 538 1228 573; x_wconf 80' lang='grc' dir='ltr'>γὰρ</span> <span class='ocrx_word' id='word_1_137' title='bbox 1243 538 1331 573; x_wconf 83' lang='grc' dir='ltr'>ὀρθῶς</span> <span class='ocrx_word' id='word_1_138' title='bbox 1342 558 1349 570; x_wconf 85' lang='grc'><strong>,</strong></span> <span class='ocrx_word' id='word_1_139' title='bbox 1368 539 1416 565; x_wconf 83' lang='grc' dir='ltr'>καὶ</span> <span class='ocrx_word' id='word_1_140' title='bbox 1435 539 1472 573; x_wconf 86' lang='grc' dir='ltr'>μὴ</span> <span class='ocrx_word' id='word_1_141' title='bbox 1488 539 1557 574; x_wconf 76' lang='grc' dir='ltr'>πρὸς</span> <span class='ocrx_word' id='word_1_142' title='bbox 1577 538 1706 570; x_wconf 79' lang='grc' dir='ltr'>ἐπίδειξιν</span> <span class='ocrx_word' id='word_1_143' title='bbox 1719 537 1804 573; x_wconf 83' lang='grc' dir='ltr'>βιοῦν.</span> <span class='ocrx_word' id='word_1_144' title='bbox 1821 538 1853 564; x_wconf 86' lang='grc' dir='ltr'><strong>Εἰ</strong></span> <span class='ocrx_word' id='word_1_145' title='bbox 1868 538 1899 564; x_wconf 76' lang='grc' dir='ltr'>δέ</span> 
     </span>
    </p>
   </div>
   <div class='ocr_carea' id='block_1_25' title="bbox 1109 584 1896 620">
    <p class='ocr_par' dir='ltr' id='par_1_25' title="bbox 1109 584 1896 620">
     <span class='ocr_line' id='line_1_26' title="bbox 1109 584 1896 620; baseline -0.003 -8"><span class='ocrx_word' id='word_1_146' title='bbox 1109 593 1152 617; x_wconf 85' lang='grc' dir='ltr'><strong>τις</strong></span> <span class='ocrx_word' id='word_1_147' title='bbox 1165 584 1245 616; x_wconf 86' lang='grc' dir='ltr'>ἁλοὺς</span> <span class='ocrx_word' id='word_1_148' title='bbox 1261 584 1393 620; x_wconf 72' lang='grc' dir='ltr'>ῥᾳθυμίᾳ,</span> <span class='ocrx_word' id='word_1_149' title='bbox 1408 584 1474 611; x_wconf 78' lang='grc' dir='ltr'>αὐτὸ</span> <span class='ocrx_word' id='word_1_150' title='bbox 1486 584 1565 611; x_wconf 83' lang='grc' dir='ltr'>τοῦτο</span> <span class='ocrx_word' id='word_1_151' title='bbox 1578 584 1712 619; x_wconf 71' lang='grc' dir='ltr'>ἐρυθριῶν</span> <span class='ocrx_word' id='word_1_152' title='bbox 1725 584 1826 615; x_wconf 71' lang='grc' dir='ltr'>εἰπεῖν,</span> <span class='ocrx_word' id='word_1_153' title='bbox 1840 584 1896 610; x_wconf 74' lang='grc' dir='ltr'>ἀπὸ</span> 
     </span>
    </p>
   </div>
   <div class='ocr_carea' id='block_1_26' title="bbox 1108 628 1899 664">
    <p class='ocr_par' dir='ltr' id='par_1_26' title="bbox 1108 628 1899 664">
     <span class='ocr_line' id='line_1_27' title="bbox 1108 628 1899 664; baseline 0 -9"><span class='ocrx_word' id='word_1_154' title='bbox 1108 628 1155 655; x_wconf 87' lang='grc' dir='ltr'>τοῦ</span> <span class='ocrx_word' id='word_1_155' title='bbox 1173 629 1210 664; x_wconf 85' lang='grc' dir='ltr'>μὴ</span> <span class='ocrx_word' id='word_1_156' title='bbox 1222 628 1295 661; x_wconf 84' lang='grc' dir='ltr'>δόξαι</span> <span class='ocrx_word' id='word_1_157' title='bbox 1310 629 1464 663; x_wconf 82' lang='grc' dir='ltr'><strong>φιλοσοφεῖν</strong></span> <span class='ocrx_word' id='word_1_158' title='bbox 1479 628 1642 664; x_wconf 80' lang='grc' dir='ltr'>ἀρξάμενος,</span> <span class='ocrx_word' id='word_1_159' title='bbox 1667 629 1707 660; x_wconf 86' lang='grc' dir='ltr'><strong>είς</strong></span> <span class='ocrx_word' id='word_1_160' title='bbox 1723 628 1754 655; x_wconf 85' lang='grc' dir='ltr'>τὸ</span> <span class='ocrx_word' id='word_1_161' title='bbox 1775 629 1899 663; x_wconf 81' lang='grc' dir='ltr'>μηδόλως</span> 
     </span>
    </p>
   </div>
   <div class='ocr_carea' id='block_1_27' title="bbox 1108 674 1897 710">
    <p class='ocr_par' dir='ltr' id='par_1_27' title="bbox 1108 674 1897 710">
     <span class='ocr_line' id='line_1_28' title="bbox 1108 674 1897 710; baseline 0 -10"><span class='ocrx_word' id='word_1_162' title='bbox 1108 674 1260 709; x_wconf 82' lang='grc' dir='ltr'><strong>φιλοσοφεῖν</strong></span> <span class='ocrx_word' id='word_1_163' title='bbox 1268 674 1465 710; x_wconf 83' lang='grc' dir='ltr'>τελευτήσειεν,</span> <span class='ocrx_word' id='word_1_164' title='bbox 1477 675 1607 710; x_wconf 87' lang='grc' dir='ltr'>ἀμείνονα</span> <span class='ocrx_word' id='word_1_165' title='bbox 1618 674 1762 708; x_wconf 72' lang='grc' dir='ltr'><strong>ἐπιδείξειε</strong></span> <span class='ocrx_word' id='word_1_166' title='bbox 1772 674 1819 701; x_wconf 77' lang='grc' dir='ltr'><strong>τὸν</strong></span> <span class='ocrx_word' id='word_1_167' title='bbox 1830 675 1897 700; x_wconf 73' lang='grc' dir='ltr'>αὐτὸ</span> 
     </span>
    </p>
   </div>
   <div class='ocr_carea' id='block_1_28' title="bbox 1107 719 1898 754">
    <p class='ocr_par' dir='ltr' id='par_1_28' title="bbox 1107 719 1898 754">
     <span class='ocr_line' id='line_1_29' title="bbox 1107 719 1898 754; baseline 0 -9"><span class='ocrx_word' id='word_1_168' title='bbox 1107 719 1186 745; x_wconf 83' lang='grc' dir='ltr'>τοῦτο</span> <span class='ocrx_word' id='word_1_169' title='bbox 1202 719 1390 747; x_wconf 85' lang='grc' dir='ltr'><strong>σπουδάσαντα</strong></span> <span class='ocrx_word' id='word_1_170' title='bbox 1417 719 1560 752; x_wconf 78' lang='grc' dir='ltr'>ἐπιδεῖξαι,</span> <span class='ocrx_word' id='word_1_171' title='bbox 1577 720 1618 746; x_wconf 76' lang='grc' dir='ltr'>ὅτι</span> <span class='ocrx_word' id='word_1_172' title='bbox 1647 719 1803 754; x_wconf 80' lang='grc' dir='ltr'>φιλοσοφεῖν</span> <span class='ocrx_word' id='word_1_173' title='bbox 1828 727 1898 752; x_wconf 76' lang='grc' dir='ltr'>προ-</span> 
     </span>
    </p>
   </div>
   <div class='ocr_carea' id='block_1_29' title="bbox 1107 765 1219 801">
    <p class='ocr_par' dir='ltr' id='par_1_29' title="bbox 1107 765 1219 801">
     <span class='ocr_line' id='line_1_30' title="bbox 1107 765 1219 801; baseline 0.009 -10"><span class='ocrx_word' id='word_1_174' title='bbox 1107 765 1219 801; x_wconf 85' lang='grc' dir='ltr'>ῄρηται.</span> 
     </span>
    </p>
   </div>
   <div class='ocr_carea' id='block_1_30' title="bbox 1211 912 1762 949">
    <p class='ocr_par' dir='ltr' id='par_1_30' title="bbox 1211 912 1762 949">
     <span class='ocr_line' id='line_1_31' title="bbox 1211 912 1762 949; baseline -0.002 -10"><span class='ocrx_word' id='word_1_175' title='bbox 1211 946 1215 949; x_wconf 25' lang='grc'><strong>4</strong></span> <span class='ocrx_word' id='word_1_176' title='bbox 1229 913 1318 939; x_wconf 80' lang='grc' dir='ltr'>ΦΜΒ’.</span> <span class='ocrx_word' id='word_1_177' title='bbox 1334 927 1369 933; x_wconf 91' lang='grc'><strong><em>-</em></strong></span> <span class='ocrx_word' id='word_1_178' title='bbox 1379 913 1509 940; x_wconf 80' lang='grc' dir='ltr'><strong>ΔΔΝΙΗΛ</strong></span> <span class='ocrx_word' id='word_1_179' title='bbox 1525 912 1762 947; x_wconf 80' lang='grc' dir='ltr'><strong>ΠΡΕΣΒΥΤΕΡῼ.</strong></span> 
     </span>
    </p>
   </div>
   <div class='ocr_carea' id='block_1_31' title="bbox 668 956 1496 995">
    <p class='ocr_par' dir='ltr' id='par_1_31' title="bbox 668 956 1496 995">
     <span class='ocr_line' id='line_1_32' title="bbox 668 956 1496 995; baseline 0.001 -11"><span class='ocrx_word' id='word_1_180' title='bbox 668 956 761 984; x_wconf 80' lang='lat' dir='ltr'><strong>Gratia</strong></span> <span class='ocrx_word' id='word_1_181' title='bbox 777 966 828 985; x_wconf 86' lang='lat' dir='ltr'><strong>non</strong></span> <span class='ocrx_word' id='word_1_182' title='bbox 847 958 1047 991; x_wconf 83' lang='lat' dir='ltr'><strong>corrumpenda,</strong></span> <span class='ocrx_word' id='word_1_183' title='bbox 1066 959 1110 986; x_wconf 65' lang='lat' dir='ltr'><strong>sed</strong></span> <span class='ocrx_word' id='word_1_184' title='bbox 1125 960 1259 995; x_wconf 76' lang='lat' dir='ltr'><strong>referenda</strong></span> <span class='ocrx_word' id='word_1_185' title='bbox 1274 964 1387 993; x_wconf 80' lang='lat' dir='ltr'><strong>tempore</strong></span> <span class='ocrx_word' id='word_1_186' title='bbox 1399 959 1496 987; x_wconf 83' lang='lat' dir='ltr'><strong>alieno.</strong></span> 
     </span>
    </p>
   </div>
   <div class='ocr_carea' id='block_1_32' title="bbox 309 1004 1056 1044">
    <p class='ocr_par' dir='ltr' id='par_1_32' title="bbox 309 1004 1056 1044">
     <span class='ocr_line' id='line_1_33' title="bbox 309 1004 1056 1044; baseline 0.007 -12"><span class='ocrx_word' id='word_1_187' title='bbox 309 1004 428 1034; x_wconf 86' lang='lat' dir='ltr'><strong>Gratiam</strong></span> <span class='ocrx_word' id='word_1_188' title='bbox 454 1009 628 1042; x_wconf 86' lang='lat' dir='ltr'><strong>rependendo</strong></span> <span class='ocrx_word' id='word_1_189' title='bbox 651 1014 773 1036; x_wconf 91' lang='lat' dir='ltr'><strong>mutuum</strong></span> <span class='ocrx_word' id='word_1_190' title='bbox 793 1010 820 1037; x_wconf 89' lang='lat' dir='ltr'><strong>in</strong></span> <span class='ocrx_word' id='word_1_191' title='bbox 847 1010 927 1037; x_wconf 81' lang='lat' dir='ltr'><strong>rebus</strong></span> <span class='ocrx_word' id='word_1_192' title='bbox 948 1009 1056 1044; x_wconf 87' lang='lat' dir='ltr'><strong>injustis</strong></span> 
     </span>
    </p>
   </div>
   <div class='ocr_carea' id='block_1_33' title="bbox 273 1049 1054 1090">
    <p class='ocr_par' dir='ltr' id='par_1_33' title="bbox 273 1049 1054 1090">
     <span class='ocr_line' id='line_1_34' title="bbox 273 1049 1054 1090; baseline 0.009 -14"><span class='ocrx_word' id='word_1_193' title='bbox 273 1049 363 1078; x_wconf 85' lang='lat' dir='ltr'><strong>vitiari</strong></span> <span class='ocrx_word' id='word_1_194' title='bbox 385 1051 496 1080; x_wconf 88' lang='lat' dir='ltr'><strong>minime</strong></span> <span class='ocrx_word' id='word_1_195' title='bbox 519 1054 656 1081; x_wconf 86' lang='lat' dir='ltr'><strong>convenit.</strong></span> <span class='ocrx_word' id='word_1_196' title='bbox 682 1054 732 1088; x_wconf 83' lang='lat' dir='ltr'><strong>Qui</strong></span> <span class='ocrx_word' id='word_1_197' title='bbox 763 1055 834 1082; x_wconf 87' lang='lat' dir='ltr'><strong>enim</strong></span> <span class='ocrx_word' id='word_1_198' title='bbox 854 1055 926 1090; x_wconf 87' lang='lat' dir='ltr'><strong>juste</strong></span> <span class='ocrx_word' id='word_1_199' title='bbox 947 1055 1054 1090; x_wconf 91' lang='lat' dir='ltr'><strong>quidem</strong></span> 
     </span>
    </p>
   </div>
   <div class='ocr_carea' id='block_1_34' title="bbox 272 1095 1054 1133">
    <p class='ocr_par' dir='ltr' id='par_1_34' title="bbox 272 1095 1054 1133">
     <span class='ocr_line' id='line_1_35' title="bbox 272 1095 1054 1133; baseline 0.006 -12"><span class='ocrx_word' id='word_1_200' title='bbox 272 1095 390 1129; x_wconf 74' lang='lat' dir='ltr'><strong>adjutus,</strong></span> <span class='ocrx_word' id='word_1_201' title='bbox 405 1096 430 1123; x_wconf 92' lang='lat' dir='ltr'><strong>in</strong></span> <span class='ocrx_word' id='word_1_202' title='bbox 447 1097 555 1130; x_wconf 76' lang='lat' dir='ltr'><strong>injuslis</strong></span> <span class='ocrx_word' id='word_1_203' title='bbox 571 1106 635 1126; x_wconf 80' lang='lat' dir='ltr'><strong>vero</strong></span> <span class='ocrx_word' id='word_1_204' title='bbox 650 1099 730 1126; x_wconf 87' lang='lat' dir='ltr'><strong>rebus</strong></span> <span class='ocrx_word' id='word_1_205' title='bbox 750 1099 888 1126; x_wconf 84' lang='lat' dir='ltr'><strong>auxilianti</strong></span> <span class='ocrx_word' id='word_1_206' title='bbox 909 1101 1054 1133; x_wconf 80' lang='lat' dir='ltr'><strong>succurrit,</strong></span> 
     </span>
    </p>
   </div>
   <div class='ocr_carea' id='block_1_35' title="bbox 274 1139 1054 1180">
    <p class='ocr_par' dir='ltr' id='par_1_35' title="bbox 274 1139 1054 1180">
     <span class='ocr_line' id='line_1_36' title="bbox 274 1139 1054 1180; baseline 0.009 -15"><span class='ocrx_word' id='word_1_207' title='bbox 274 1139 376 1172; x_wconf 83' lang='lat' dir='ltr'><strong>injuste</strong></span> <span class='ocrx_word' id='word_1_208' title='bbox 387 1140 487 1175; x_wconf 89' lang='lat' dir='ltr'><strong>justam</strong></span> <span class='ocrx_word' id='word_1_209' title='bbox 505 1144 653 1178; x_wconf 84' lang='lat' dir='ltr'><strong>corrumpit</strong></span> <span class='ocrx_word' id='word_1_210' title='bbox 667 1145 794 1180; x_wconf 78' lang='lat' dir='ltr'><strong>gratiam.</strong></span> <span class='ocrx_word' id='word_1_211' title='bbox 807 1144 925 1179; x_wconf 81' lang='lat' dir='ltr'><strong>Mihique</strong></span> <span class='ocrx_word' id='word_1_212' title='bbox 938 1146 1054 1178; x_wconf 90' lang='lat' dir='ltr'><strong>videtur,</strong></span> 
     </span>
    </p>
   </div>
   <div class='ocr_carea' id='block_1_36' title="bbox 273 1185 1055 1224">
    <p class='ocr_par' dir='ltr' id='par_1_36' title="bbox 273 1185 1055 1224">
     <span class='ocr_line' id='line_1_37' title="bbox 273 1185 1055 1224; baseline 0.012 -14"><span class='ocrx_word' id='word_1_213' title='bbox 273 1185 317 1218; x_wconf 86' lang='lat' dir='ltr'><strong>qui</strong></span> <span class='ocrx_word' id='word_1_214' title='bbox 342 1193 395 1212; x_wconf 92' lang='lat' dir='ltr'><strong>non</strong></span> <span class='ocrx_word' id='word_1_215' title='bbox 418 1186 454 1213; x_wconf 91' lang='lat' dir='ltr'><strong>ita</strong></span> <span class='ocrx_word' id='word_1_216' title='bbox 477 1189 617 1222; x_wconf 80' lang='lat' dir='ltr'><strong>rependit,</strong></span> <span class='ocrx_word' id='word_1_217' title='bbox 646 1190 792 1217; x_wconf 85' lang='lat' dir='ltr'><strong>benevolus</strong></span> <span class='ocrx_word' id='word_1_218' title='bbox 817 1198 887 1218; x_wconf 88' lang='lat' dir='ltr'><strong>esse.</strong></span> <span class='ocrx_word' id='word_1_219' title='bbox 910 1191 962 1224; x_wconf 86' lang='lat' dir='ltr'><strong>Qui</strong></span> <span class='ocrx_word' id='word_1_220' title='bbox 984 1193 1055 1219; x_wconf 90' lang='lat' dir='ltr'><strong>enim</strong></span> 
     </span>
    </p>
   </div>
   <div class='ocr_carea' id='block_1_37' title="bbox 269 1231 1057 1272">
    <p class='ocr_par' dir='ltr' id='par_1_37' title="bbox 269 1231 1057 1272">
     <span class='ocr_line' id='line_1_38' title="bbox 269 1231 1057 1272; baseline 0.013 -16"><span class='ocrx_word' id='word_1_221' title='bbox 269 1231 371 1264; x_wconf 79' lang='lat' dir='ltr'><strong>justum</strong></span> <span class='ocrx_word' id='word_1_222' title='bbox 391 1232 504 1268; x_wconf 85' lang='lat' dir='ltr'><strong>adeptus</strong></span> <span class='ocrx_word' id='word_1_223' title='bbox 524 1235 653 1262; x_wconf 86' lang='lat' dir='ltr'><strong>auxilium</strong></span> <span class='ocrx_word' id='word_1_224' title='bbox 675 1241 728 1267; x_wconf 85' lang='lat' dir='ltr'><strong>est,</strong></span> <span class='ocrx_word' id='word_1_225' title='bbox 745 1236 819 1270; x_wconf 83' lang='lat' dir='ltr'><strong>jusle</strong></span> <span class='ocrx_word' id='word_1_226' title='bbox 832 1245 881 1272; x_wconf 90' lang='lat' dir='ltr'><strong>par</strong></span> <span class='ocrx_word' id='word_1_227' title='bbox 898 1237 1000 1265; x_wconf 82' lang='lat' dir='ltr'><strong>referre</strong></span> <span class='ocrx_word' id='word_1_228' title='bbox 1013 1239 1057 1266; x_wconf 89' lang='lat' dir='ltr'><strong>de-</strong></span> 
     </span>
    </p>
   </div>
   <div class='ocr_carea' id='block_1_38' title="bbox 272 1273 1049 1318">
    <p class='ocr_par' dir='ltr' id='par_1_38' title="bbox 272 1273 1049 1318">
     <span class='ocr_line' id='line_1_39' title="bbox 272 1273 1049 1318; baseline 0.014 -18"><span class='ocrx_word' id='word_1_229' title='bbox 272 1273 326 1308; x_wconf 87' lang='lat' dir='ltr'><strong>bet,</strong></span> <span class='ocrx_word' id='word_1_230' title='bbox 347 1281 375 1303; x_wconf 94' lang='lat' dir='ltr'><strong>ut</strong></span> <span class='ocrx_word' id='word_1_231' title='bbox 389 1278 483 1311; x_wconf 73' lang='lat' dir='ltr'><strong>gratia:</strong></span> <span class='ocrx_word' id='word_1_232' title='bbox 498 1286 552 1306; x_wconf 67' lang='lat' dir='ltr'><strong>suae</strong></span> <span class='ocrx_word' id='word_1_233' title='bbox 575 1285 697 1308; x_wconf 85' lang='lat' dir='ltr'><strong>servetur</strong></span> <span class='ocrx_word' id='word_1_234' title='bbox 716 1281 871 1316; x_wconf 86' lang='lat' dir='ltr'><strong>appellatio.</strong></span> <span class='ocrx_word' id='word_1_235' title='bbox 888 1283 940 1310; x_wconf 87' lang='lat' dir='ltr'><strong>Sed</strong></span> <span class='ocrx_word' id='word_1_236' title='bbox 960 1290 1049 1318; x_wconf 87' lang='lat' dir='ltr'><strong>neque</strong></span> 
     </span>
    </p>
   </div>
   <div class='ocr_carea' id='block_1_39' title="bbox 272 1319 1051 1359">
    <p class='ocr_par' dir='ltr' id='par_1_39' title="bbox 272 1319 1051 1359">
     <span class='ocr_line' id='line_1_40' title="bbox 272 1319 1051 1359; baseline 0.014 -13"><span class='ocrx_word' id='word_1_237' title='bbox 272 1319 309 1347; x_wconf 89' lang='lat' dir='ltr'><strong>illi</strong></span> <span class='ocrx_word' id='word_1_238' title='bbox 325 1321 369 1355; x_wconf 89' lang='lat' dir='ltr'><strong>qui</strong></span> <span class='ocrx_word' id='word_1_239' title='bbox 386 1322 412 1349; x_wconf 93' lang='lat' dir='ltr'><strong>in</strong></span> <span class='ocrx_word' id='word_1_240' title='bbox 434 1322 516 1351; x_wconf 87' lang='lat' dir='ltr'><strong>licitis</strong></span> <span class='ocrx_word' id='word_1_241' title='bbox 531 1324 716 1359; x_wconf 78' lang='lat' dir='ltr'><strong>benefaciunt,</strong></span> <span class='ocrx_word' id='word_1_242' title='bbox 738 1326 765 1353; x_wconf 91' lang='lat' dir='ltr'><strong>iu</strong></span> <span class='ocrx_word' id='word_1_243' title='bbox 789 1327 892 1356; x_wconf 86' lang='lat' dir='ltr'><strong>illicitis</strong></span> <span class='ocrx_word' id='word_1_244' title='bbox 913 1335 987 1356; x_wconf 89' lang='lat' dir='ltr'><strong>recte</strong></span> <span class='ocrx_word' id='word_1_245' title='bbox 1008 1337 1051 1357; x_wconf 88' lang='lat' dir='ltr'><strong>re-</strong></span> 
     </span>
    </p>
   </div>
   <div class='ocr_carea' id='block_1_40' title="bbox 271 1368 1057 1409">
    <p class='ocr_par' dir='ltr' id='par_1_40' title="bbox 271 1368 1057 1409">
     <span class='ocr_line' id='line_1_41' title="bbox 271 1368 1057 1409; baseline 0.014 -17"><span class='ocrx_word' id='word_1_246' title='bbox 271 1368 484 1396; x_wconf 83' lang='lat' dir='ltr'><strong>munerationem</strong></span> <span class='ocrx_word' id='word_1_247' title='bbox 499 1374 602 1404; x_wconf 81' lang='lat' dir='ltr'><strong>petunt,</strong></span> <span class='ocrx_word' id='word_1_248' title='bbox 615 1378 702 1406; x_wconf 85' lang='lat' dir='ltr'><strong>neque</strong></span> <span class='ocrx_word' id='word_1_249' title='bbox 712 1377 739 1399; x_wconf 94' lang='lat' dir='ltr'><strong>ut</strong></span> <span class='ocrx_word' id='word_1_250' title='bbox 751 1373 847 1408; x_wconf 85' lang='lat' dir='ltr'><strong>ingrati</strong></span> <span class='ocrx_word' id='word_1_251' title='bbox 858 1375 1057 1409; x_wconf 86' lang='lat' dir='ltr'><strong>reprehenden-</strong></span> 
     </span>
    </p>
   </div>
   <div class='ocr_carea' id='block_1_41' title="bbox 270 1410 718 1451">
    <p class='ocr_par' dir='ltr' id='par_1_41' title="bbox 270 1410 718 1451">
     <span class='ocr_line' id='line_1_42' title="bbox 270 1410 718 1451; baseline 0.018 -14"><span class='ocrx_word' id='word_1_252' title='bbox 270 1410 308 1443; x_wconf 88' lang='lat' dir='ltr'><strong>di,</strong></span> <span class='ocrx_word' id='word_1_253' title='bbox 325 1412 371 1447; x_wconf 94' lang='lat' dir='ltr'><strong>qui</strong></span> <span class='ocrx_word' id='word_1_254' title='bbox 384 1412 476 1441; x_wconf 88' lang='lat' dir='ltr'><strong>illicita</strong></span> <span class='ocrx_word' id='word_1_255' title='bbox 492 1422 544 1442; x_wconf 92' lang='lat' dir='ltr'><strong>non</strong></span> <span class='ocrx_word' id='word_1_256' title='bbox 558 1417 718 1451; x_wconf 84' lang='lat' dir='ltr'><strong>rependunt.</strong></span> 
     </span>
    </p>
   </div>
   <div class='ocr_carea' id='block_1_42' title="bbox 357 1511 964 1547">
    <p class='ocr_par' dir='ltr' id='par_1_42' title="bbox 357 1511 964 1547">
     <span class='ocr_line' id='line_1_43' title="bbox 357 1511 964 1547; baseline 0.015 -9"><span class='ocrx_word' id='word_1_257' title='bbox 357 1511 472 1541; x_wconf 77' lang='lat' dir='ltr'><strong>DXLIII.</strong></span> <span class='ocrx_word' id='word_1_258' title='bbox 507 1530 530 1535; x_wconf 95' lang='lat'><strong><em>—</em></strong></span> <span class='ocrx_word' id='word_1_259' title='bbox 545 1515 660 1544; x_wconf 82' lang='lat' dir='ltr'><strong>PETRO</strong></span> <span class='ocrx_word' id='word_1_260' title='bbox 680 1517 781 1545; x_wconf 81' lang='lat' dir='ltr'><strong>REMP.</strong></span> <span class='ocrx_word' id='word_1_261' title='bbox 803 1518 964 1547; x_wconf 77' lang='lat' dir='ltr'><strong>GERENTI.</strong></span> 
     </span>
    </p>
   </div>
   <div class='ocr_carea' id='block_1_43' title="bbox 1144 1011 1895 1048">
    <p class='ocr_par' dir='ltr' id='par_1_43' title="bbox 1144 1011 1895 1048">
     <span class='ocr_line' id='line_1_44' title="bbox 1144 1011 1895 1048; baseline -0.008 -6"><span class='ocrx_word' id='word_1_262' title='bbox 1144 1013 1180 1039; x_wconf 80' lang='grc' dir='ltr'><strong>Οὺ</strong></span> <span class='ocrx_word' id='word_1_263' title='bbox 1198 1012 1251 1048; x_wconf 83' lang='grc' dir='ltr'>χρὴ</span> <span class='ocrx_word' id='word_1_264' title='bbox 1277 1012 1455 1048; x_wconf 76' lang='grc' dir='ltr'>λυμαίνεσθαι</span> <span class='ocrx_word' id='word_1_265' title='bbox 1470 1013 1518 1043; x_wconf 83' lang='grc' dir='ltr'><strong>τὰς</strong></span> <span class='ocrx_word' id='word_1_266' title='bbox 1543 1012 1656 1047; x_wconf 77' lang='grc' dir='ltr'>χάριτας</span> <span class='ocrx_word' id='word_1_267' title='bbox 1680 1011 1719 1047; x_wconf 83' lang='grc' dir='ltr'>τῷ</span> <span class='ocrx_word' id='word_1_268' title='bbox 1736 1012 1764 1037; x_wconf 80' lang='grc' dir='ltr'>ὲν</span> <span class='ocrx_word' id='word_1_269' title='bbox 1790 1011 1895 1043; x_wconf 77' lang='grc' dir='ltr'>ἀδίκοις</span> 
     </span>
    </p>
   </div>
   <div class='ocr_carea' id='block_1_44' title="bbox 1109 1056 1894 1094">
    <p class='ocr_par' dir='ltr' id='par_1_44' title="bbox 1109 1056 1894 1094">
     <span class='ocr_line' id='line_1_45' title="bbox 1109 1056 1894 1094; baseline -0.005 -9"><span class='ocrx_word' id='word_1_270' title='bbox 1109 1059 1267 1094; x_wconf 81' lang='grc' dir='ltr'>πράγμασιν</span> <span class='ocrx_word' id='word_1_271' title='bbox 1291 1057 1494 1085; x_wconf 77' lang='grc' dir='ltr'>ἀνταποδιδόναι</span> <span class='ocrx_word' id='word_1_272' title='bbox 1517 1057 1566 1088; x_wconf 76' lang='grc' dir='ltr'><strong>τὰς</strong></span> <span class='ocrx_word' id='word_1_273' title='bbox 1591 1057 1717 1092; x_wconf 78' lang='grc' dir='ltr'>ἀμοιϐάς.</span> <span class='ocrx_word' id='word_1_274' title='bbox 1741 1057 1770 1082; x_wconf 87' lang='grc' dir='ltr'>Ὁ</span> <span class='ocrx_word' id='word_1_275' title='bbox 1786 1056 1841 1091; x_wconf 69' lang='grc' dir='ltr'><strong>γὰρ</strong></span> <span class='ocrx_word' id='word_1_276' title='bbox 1856 1056 1894 1082; x_wconf 79' lang='grc' dir='ltr'>δι·</span> 
     </span>
    </p>
   </div>
   <div class='ocr_carea' id='block_1_45' title="bbox 1109 1102 1896 1139">
    <p class='ocr_par' dir='ltr' id='par_1_45' title="bbox 1109 1102 1896 1139">
     <span class='ocr_line' id='line_1_46' title="bbox 1109 1102 1896 1139; baseline -0.004 -8"><span class='ocrx_word' id='word_1_277' title='bbox 1109 1104 1196 1136; x_wconf 82' lang='grc' dir='ltr'>καίως</span> <span class='ocrx_word' id='word_1_278' title='bbox 1212 1105 1262 1139; x_wconf 83' lang='grc' dir='ltr'>μὲν</span> <span class='ocrx_word' id='word_1_279' title='bbox 1281 1104 1434 1139; x_wconf 72' lang='grc' dir='ltr'>βοηθηθεὶς,</span> <span class='ocrx_word' id='word_1_280' title='bbox 1460 1104 1489 1130; x_wconf 77' lang='grc' dir='ltr'>ἔν</span> <span class='ocrx_word' id='word_1_281' title='bbox 1512 1103 1615 1135; x_wconf 85' lang='grc' dir='ltr'>ἀδίκοις</span> <span class='ocrx_word' id='word_1_282' title='bbox 1638 1104 1667 1130; x_wconf 78' lang='grc' dir='ltr'>δὲ</span> <span class='ocrx_word' id='word_1_283' title='bbox 1693 1102 1839 1138; x_wconf 71' lang='grc' dir='ltr'>πράγμασι</span> <span class='ocrx_word' id='word_1_284' title='bbox 1857 1102 1896 1137; x_wconf 78' lang='grc' dir='ltr'><strong>τῷ</strong></span> 
     </span>
    </p>
   </div>
   <div class='ocr_carea' id='block_1_46' title="bbox 1110 1149 1895 1186">
    <p class='ocr_par' dir='ltr' id='par_1_46' title="bbox 1110 1149 1895 1186">
     <span class='ocr_line' id='line_1_47' title="bbox 1110 1149 1895 1186; baseline -0.004 -9"><span class='ocrx_word' id='word_1_285' title='bbox 1110 1151 1274 1186; x_wconf 82' lang='grc' dir='ltr'>βοηθήσαντι</span> <span class='ocrx_word' id='word_1_286' title='bbox 1302 1150 1460 1185; x_wconf 82' lang='grc' dir='ltr'>ὲπαμύνων,</span> <span class='ocrx_word' id='word_1_287' title='bbox 1485 1150 1515 1176; x_wconf 74' lang='grc' dir='ltr'>οὺ</span> <span class='ocrx_word' id='word_1_288' title='bbox 1536 1150 1648 1180; x_wconf 85' lang='grc' dir='ltr'>δικαίως</span> <span class='ocrx_word' id='word_1_289' title='bbox 1677 1149 1785 1175; x_wconf 80' lang='grc' dir='ltr'>δικαίαν</span> <span class='ocrx_word' id='word_1_290' title='bbox 1815 1149 1895 1183; x_wconf 75' lang='grc' dir='ltr'>χάριν</span> 
     </span>
    </p>
   </div>
   <div class='ocr_carea' id='block_1_47' title="bbox 1108 1193 1894 1231">
    <p class='ocr_par' dir='ltr' id='par_1_47' title="bbox 1108 1193 1894 1231">
     <span class='ocr_line' id='line_1_48' title="bbox 1108 1193 1894 1231; baseline -0.006 -9"><span class='ocrx_word' id='word_1_291' title='bbox 1108 1195 1269 1231; x_wconf 82' lang='grc' dir='ltr'>διαφθείρει.</span> <span class='ocrx_word' id='word_1_292' title='bbox 1287 1195 1341 1222; x_wconf 86' lang='grc' dir='ltr'>Καί</span> <span class='ocrx_word' id='word_1_293' title='bbox 1358 1203 1402 1230; x_wconf 87' lang='grc' dir='ltr'><strong>μοι</strong></span> <span class='ocrx_word' id='word_1_294' title='bbox 1427 1195 1500 1221; x_wconf 89' lang='grc' dir='ltr'>δοκεῖ</span> <span class='ocrx_word' id='word_1_295' title='bbox 1520 1197 1534 1221; x_wconf 85' lang='grc' dir='ltr'>ὁ</span> <span class='ocrx_word' id='word_1_296' title='bbox 1551 1195 1589 1230; x_wconf 84' lang='grc' dir='ltr'>μὴ</span> <span class='ocrx_word' id='word_1_297' title='bbox 1605 1194 1678 1220; x_wconf 78' lang='grc' dir='ltr'>οὕτω</span> <span class='ocrx_word' id='word_1_298' title='bbox 1706 1193 1894 1228; x_wconf 56' lang='grc' dir='ltr'>ἀμειῷἀμενος</span> 
     </span>
    </p>
   </div>
   <div class='ocr_carea' id='block_1_48' title="bbox 1109 1238 1893 1276">
    <p class='ocr_par' dir='ltr' id='par_1_48' title="bbox 1109 1238 1893 1276">
     <span class='ocr_line' id='line_1_49' title="bbox 1109 1238 1893 1276; baseline -0.005 -8"><span class='ocrx_word' id='word_1_299' title='bbox 1109 1241 1258 1276; x_wconf 75' lang='grc' dir='ltr'>εὐγνώμων</span> <span class='ocrx_word' id='word_1_300' title='bbox 1273 1238 1352 1268; x_wconf 74' lang='grc' dir='ltr'>εἶναι.</span> <span class='ocrx_word' id='word_1_301' title='bbox 1373 1241 1403 1267; x_wconf 77' lang='lat'><strong>&#39;0</strong></span> <span class='ocrx_word' id='word_1_302' title='bbox 1418 1241 1472 1276; x_wconf 76' lang='grc' dir='ltr'><strong>γὰρ</strong></span> <span class='ocrx_word' id='word_1_303' title='bbox 1485 1241 1593 1272; x_wconf 77' lang='grc' dir='ltr'>δικαίας</span> <span class='ocrx_word' id='word_1_304' title='bbox 1619 1239 1780 1274; x_wconf 76' lang='grc' dir='ltr'>ἐπικουρίας</span> <span class='ocrx_word' id='word_1_305' title='bbox 1794 1238 1893 1273; x_wconf 84' lang='grc' dir='ltr'>τυχὼν,</span> 
     </span>
    </p>
   </div>
   <div class='ocr_carea' id='block_1_49' title="bbox 1108 1284 1889 1321">
    <p class='ocr_par' dir='ltr' id='par_1_49' title="bbox 1108 1284 1889 1321">
     <span class='ocr_line' id='line_1_50' title="bbox 1108 1284 1889 1321; baseline -0.004 -9"><span class='ocrx_word' id='word_1_306' title='bbox 1108 1286 1218 1317; x_wconf 79' lang='grc' dir='ltr'>δικαίως</span> <span class='ocrx_word' id='word_1_307' title='bbox 1229 1286 1275 1312; x_wconf 72' lang='grc' dir='ltr'>καὶ</span> <span class='ocrx_word' id='word_1_308' title='bbox 1290 1286 1339 1321; x_wconf 84' lang='grc' dir='ltr'>τὴν</span> <span class='ocrx_word' id='word_1_309' title='bbox 1353 1286 1470 1320; x_wconf 76' lang='grc' dir='ltr'>ἀμοιϐὴν</span> <span class='ocrx_word' id='word_1_310' title='bbox 1483 1285 1627 1312; x_wconf 81' lang='grc' dir='ltr'>ἀποδοῦναι</span> <span class='ocrx_word' id='word_1_311' title='bbox 1641 1285 1753 1319; x_wconf 76' lang='grc' dir='ltr'>ὀφείλει,</span> <span class='ocrx_word' id='word_1_312' title='bbox 1778 1284 1820 1311; x_wconf 79' lang='grc' dir='ltr'>ἵνα</span> <span class='ocrx_word' id='word_1_313' title='bbox 1836 1292 1889 1310; x_wconf 87' lang='grc' dir='ltr'>σω-</span> 
     </span>
    </p>
   </div>
   <div class='ocr_carea' id='block_1_50' title="bbox 1109 1331 1890 1367">
    <p class='ocr_par' dir='ltr' id='par_1_50' title="bbox 1109 1331 1890 1367">
     <span class='ocr_line' id='line_1_51' title="bbox 1109 1331 1890 1367; baseline -0.004 -9"><span class='ocrx_word' id='word_1_314' title='bbox 1109 1331 1168 1367; x_wconf 83' lang='grc' dir='ltr'>θείη</span> <span class='ocrx_word' id='word_1_315' title='bbox 1188 1332 1237 1366; x_wconf 84' lang='grc' dir='ltr'>τῆς</span> <span class='ocrx_word' id='word_1_316' title='bbox 1260 1332 1370 1367; x_wconf 85' lang='grc' dir='ltr'>χάριτος</span> <span class='ocrx_word' id='word_1_317' title='bbox 1389 1333 1405 1367; x_wconf 86' lang='grc' dir='ltr'><strong>ή</strong></span> <span class='ocrx_word' id='word_1_318' title='bbox 1425 1332 1604 1367; x_wconf 73' lang='grc' dir='ltr'>προσηγορία.</span> <span class='ocrx_word' id='word_1_319' title='bbox 1631 1331 1712 1358; x_wconf 78' lang='grc' dir='ltr'>Ἀλλὰ</span> <span class='ocrx_word' id='word_1_320' title='bbox 1734 1331 1802 1366; x_wconf 75' lang='grc' dir='ltr'>μηδὲ</span> <span class='ocrx_word' id='word_1_321' title='bbox 1820 1331 1845 1356; x_wconf 79' lang='lat' dir='ltr'><strong>oi</strong></span> <span class='ocrx_word' id='word_1_322' title='bbox 1861 1331 1890 1355; x_wconf 78' lang='grc' dir='ltr'>ἐν</span> 
     </span>
    </p>
   </div>
   <div class='ocr_carea' id='block_1_51' title="bbox 1108 1375 1892 1413">
    <p class='ocr_par' dir='ltr' id='par_1_51' title="bbox 1108 1375 1892 1413">
     <span class='ocr_line' id='line_1_52' title="bbox 1108 1375 1892 1413; baseline -0.003 -9"><span class='ocrx_word' id='word_1_323' title='bbox 1108 1375 1148 1409; x_wconf 71' lang='grc' dir='ltr'>οἷς</span> <span class='ocrx_word' id='word_1_324' title='bbox 1165 1377 1244 1413; x_wconf 84' lang='grc' dir='ltr'>θέμις</span> <span class='ocrx_word' id='word_1_325' title='bbox 1269 1378 1511 1413; x_wconf 81' lang='grc' dir='ltr'>εὐεργετήσαντες,</span> <span class='ocrx_word' id='word_1_326' title='bbox 1527 1379 1555 1404; x_wconf 80' lang='grc' dir='ltr'>ἐν</span> <span class='ocrx_word' id='word_1_327' title='bbox 1568 1375 1608 1409; x_wconf 75' lang='grc' dir='ltr'><strong>οἷς</strong></span> <span class='ocrx_word' id='word_1_328' title='bbox 1624 1377 1661 1413; x_wconf 81' lang='grc' dir='ltr'>μὴ</span> <span class='ocrx_word' id='word_1_329' title='bbox 1675 1377 1756 1412; x_wconf 75' lang='grc' dir='ltr'>θέμις</span> <span class='ocrx_word' id='word_1_330' title='bbox 1768 1376 1892 1403; x_wconf 65' lang='lat' dir='ltr'><strong>(inanei-</strong></span> 
     </span>
    </p>
   </div>
   <div class='ocr_carea' id='block_1_52' title="bbox 1107 1422 1892 1459">
    <p class='ocr_par' dir='ltr' id='par_1_52' title="bbox 1107 1422 1892 1459">
     <span class='ocr_line' id='line_1_53' title="bbox 1107 1422 1892 1459; baseline -0.003 -9"><span class='ocrx_word' id='word_1_331' title='bbox 1107 1432 1198 1450; x_wconf 84' lang='grc' dir='ltr'>τωσαν</span> <span class='ocrx_word' id='word_1_332' title='bbox 1220 1423 1269 1456; x_wconf 87' lang='grc' dir='ltr'><strong>τὰς</strong></span> <span class='ocrx_word' id='word_1_333' title='bbox 1290 1423 1418 1458; x_wconf 74' lang='grc' dir='ltr'>ἀμοιϐὰς,</span> <span class='ocrx_word' id='word_1_334' title='bbox 1437 1423 1505 1459; x_wconf 82' lang='grc' dir='ltr'>μηδὲ</span> <span class='ocrx_word' id='word_1_335' title='bbox 1533 1424 1698 1458; x_wconf 82' lang='grc' dir='ltr'>ἀχαρίστους</span> <span class='ocrx_word' id='word_1_336' title='bbox 1726 1422 1892 1449; x_wconf 76' lang='grc' dir='ltr'>καλείτωσαν</span> 
     </span>
    </p>
   </div>
   <div class='ocr_carea' id='block_1_53' title="bbox 1108 1466 1706 1504">
    <p class='ocr_par' dir='ltr' id='par_1_53' title="bbox 1108 1466 1706 1504">
     <span class='ocr_line' id='line_1_54' title="bbox 1108 1466 1706 1504; baseline 0 -8"><span class='ocrx_word' id='word_1_337' title='bbox 1108 1469 1171 1500; x_wconf 65' lang='grc' dir='ltr'>τοὺς</span> <span class='ocrx_word' id='word_1_338' title='bbox 1182 1470 1210 1496; x_wconf 79' lang='grc' dir='ltr'>ἐν</span> <span class='ocrx_word' id='word_1_339' title='bbox 1220 1466 1260 1500; x_wconf 74' lang='grc' dir='ltr'>οἷς</span> <span class='ocrx_word' id='word_1_340' title='bbox 1279 1469 1316 1504; x_wconf 85' lang='grc' dir='ltr'>μὴ</span> <span class='ocrx_word' id='word_1_341' title='bbox 1331 1469 1419 1501; x_wconf 74' lang='grc' dir='ltr'>ἔξεστι</span> <span class='ocrx_word' id='word_1_342' title='bbox 1437 1469 1475 1504; x_wconf 87' lang='grc' dir='ltr'>μὴ</span> <span class='ocrx_word' id='word_1_343' title='bbox 1490 1469 1706 1504; x_wconf 77' lang='grc' dir='ltr'>ἀμειψαμὲνους.</span> 
     </span>
    </p>
   </div>
   <div class='ocr_carea' id='block_1_54' title="bbox 1220 1523 1776 1559">
    <p class='ocr_par' dir='ltr' id='par_1_54' title="bbox 1220 1523 1776 1559">
     <span class='ocr_line' id='line_1_55' title="bbox 1220 1523 1776 1559; baseline -0.004 -8"><span class='ocrx_word' id='word_1_344' title='bbox 1220 1524 1309 1551; x_wconf 63' lang='grc' dir='ltr'>ΦΜῐν.</span> <span class='ocrx_word' id='word_1_345' title='bbox 1320 1539 1354 1543; x_wconf 93' lang='grc'><strong>-</strong></span> <span class='ocrx_word' id='word_1_346' title='bbox 1369 1523 1483 1559; x_wconf 80' lang='grc' dir='ltr'><strong>ΠΕΤΡῼ</strong></span> <span class='ocrx_word' id='word_1_347' title='bbox 1495 1523 1776 1558; x_wconf 78' lang='grc' dir='ltr'><strong>ΠΟΛΙΤΕΥΟΜΕΝῼ.</strong></span> 
     </span>
    </p>
   </div>
   <div class='ocr_carea' id='block_1_55' title="bbox 268 1567 1067 1613">
    <p class='ocr_par' dir='ltr' id='par_1_55' title="bbox 268 1567 1067 1610">
     <span class='ocr_line' id='line_1_56' title="bbox 268 1567 1067 1610; baseline 0.014 -17"><span class='ocrx_word' id='word_1_348' title='bbox 268 1567 290 1594; x_wconf 84' lang='grc' dir='ltr'><em>Α</em></span> <span class='ocrx_word' id='word_1_349' title='bbox 304 1567 432 1603; x_wconf 71' lang='lat' dir='ltr'><strong>legatione</strong></span> <span class='ocrx_word' id='word_1_350' title='bbox 446 1570 513 1604; x_wconf 70' lang='lat' dir='ltr'><strong>{also</strong></span> <span class='ocrx_word' id='word_1_351' title='bbox 527 1573 596 1600; x_wconf 81' lang='lat' dir='ltr'><strong>obita</strong></span> <span class='ocrx_word' id='word_1_352' title='bbox 614 1575 740 1602; x_wconf 72' lang='lat' dir='ltr'><strong>abstinere</strong></span> <span class='ocrx_word' id='word_1_353' title='bbox 751 1576 837 1610; x_wconf 83' lang='lat' dir='ltr'><strong>jubet,</strong></span> <span class='ocrx_word' id='word_1_354' title='bbox 853 1577 928 1610; x_wconf 68' lang='lat' dir='ltr'><strong>cujus</strong></span> <span class='ocrx_word' id='word_1_355' title='bbox 943 1576 1067 1604; x_wconf 65' lang='lat' dir='ltr'><strong>JEschim</strong></span> 
     </span>
    </p>
   </div>
   <div class='ocr_carea' id='block_1_56' title="bbox 1105 1567 1890 1613">
    <p class='ocr_par' dir='ltr' id='par_1_56' title="bbox 1125 1576 1890 1613">
     <span class='ocr_line' id='line_1_57' title="bbox 1125 1576 1890 1613; baseline 0.001 -11"><span class='ocrx_word' id='word_1_356' title='bbox 1125 1581 1232 1603; x_wconf 68' lang='lat' dir='ltr'><strong>accurat</strong></span> <span class='ocrx_word' id='word_1_357' title='bbox 1260 1576 1442 1605; x_wconf 72' lang='lat' dir='ltr'><strong>Demosthenes</strong></span> <span class='ocrx_word' id='word_1_358' title='bbox 1463 1583 1531 1605; x_wconf 89' lang='lat' dir='ltr'><strong>orat.</strong></span> <span class='ocrx_word' id='word_1_359' title='bbox 1545 1579 1616 1612; x_wconf 81' lang='grc' dir='ltr'>Περὶ</span> <span class='ocrx_word' id='word_1_360' title='bbox 1640 1577 1890 1613; x_wconf 47' lang='grc' dir='ltr'>παραπρεσϐείας,</span> 
     </span>
    </p>
   </div>
   <div class='ocr_carea' id='block_1_57' title="bbox 304 1620 1091 1660">
    <p class='ocr_par' dir='ltr' id='par_1_57' title="bbox 304 1620 1091 1660">
     <span class='ocr_line' id='line_1_58' title="bbox 304 1620 1091 1660; baseline 0.014 -14"><span class='ocrx_word' id='word_1_361' title='bbox 304 1620 400 1649; x_wconf 84' lang='lat' dir='ltr'><strong>Missus</strong></span> <span class='ocrx_word' id='word_1_362' title='bbox 423 1630 452 1650; x_wconf 87' lang='lat' dir='ltr'><strong>es</strong></span> <span class='ocrx_word' id='word_1_363' title='bbox 472 1624 505 1650; x_wconf 86' lang='lat' dir='ltr'><strong>ad</strong></span> <span class='ocrx_word' id='word_1_364' title='bbox 527 1625 735 1660; x_wconf 83' lang='lat' dir='ltr'><strong>expediendum,</strong></span> <span class='ocrx_word' id='word_1_365' title='bbox 758 1635 812 1656; x_wconf 88' lang='lat' dir='ltr'><strong>non</strong></span> <span class='ocrx_word' id='word_1_366' title='bbox 830 1629 864 1656; x_wconf 88' lang='lat' dir='ltr'><strong>ad</strong></span> <span class='ocrx_word' id='word_1_367' title='bbox 884 1630 1054 1656; x_wconf 90' lang='lat' dir='ltr'><strong>vendendum</strong></span> <span class='ocrx_word' id='word_1_368' title='bbox 1070 1627 1091 1656; x_wconf 86' lang='lat' dir='ltr'><strong><em>C</em></strong></span> 
     </span>
    </p>
   </div>
   <div class='ocr_carea' id='block_1_58' title="bbox 269 1665 1048 1704">
    <p class='ocr_par' dir='ltr' id='par_1_58' title="bbox 269 1665 1048 1704">
     <span class='ocr_line' id='line_1_59' title="bbox 269 1665 1048 1704; baseline 0.015 -14"><span class='ocrx_word' id='word_1_369' title='bbox 269 1665 413 1693; x_wconf 88' lang='lat' dir='ltr'><strong>commissa</strong></span> <span class='ocrx_word' id='word_1_370' title='bbox 426 1669 542 1702; x_wconf 83' lang='lat' dir='ltr'><strong>negotia,</strong></span> <span class='ocrx_word' id='word_1_371' title='bbox 557 1669 720 1704; x_wconf 76' lang='lat' dir='ltr'><strong>legationem</strong></span> <span class='ocrx_word' id='word_1_372' title='bbox 734 1673 858 1701; x_wconf 88' lang='lat' dir='ltr'><strong>obiturus</strong></span> <span class='ocrx_word' id='word_1_373' title='bbox 867 1681 921 1701; x_wconf 85' lang='lat' dir='ltr'><strong>non</strong></span> <span class='ocrx_word' id='word_1_374' title='bbox 936 1674 1029 1702; x_wconf 79' lang='lat' dir='ltr'><strong>falsam</strong></span> <span class='ocrx_word' id='word_1_375' title='bbox 1042 1684 1048 1702; x_wconf 89' lang='lat'><strong>:</strong></span> 
     </span>
    </p>
   </div>
   <div class='ocr_carea' id='block_1_59' title="bbox 268 1711 1050 1755">
    <p class='ocr_par' dir='ltr' id='par_1_59' title="bbox 268 1711 1050 1755">
     <span class='ocr_line' id='line_1_60' title="bbox 268 1711 1050 1755; baseline 0.015 -19"><span class='ocrx_word' id='word_1_376' title='bbox 268 1714 295 1736; x_wconf 89' lang='lat' dir='ltr'><strong>et</strong></span> <span class='ocrx_word' id='word_1_377' title='bbox 321 1711 526 1747; x_wconf 81' lang='lat' dir='ltr'><strong>emendaturus,</strong></span> <span class='ocrx_word' id='word_1_378' title='bbox 556 1723 610 1743; x_wconf 91' lang='lat' dir='ltr'><strong>non</strong></span> <span class='ocrx_word' id='word_1_379' title='bbox 637 1725 791 1746; x_wconf 83' lang='lat' dir='ltr'><strong>eversurus.</strong></span> <span class='ocrx_word' id='word_1_380' title='bbox 816 1718 855 1747; x_wconf 85' lang='lat' dir='ltr'><strong>Ne</strong></span> <span class='ocrx_word' id='word_1_381' title='bbox 878 1720 959 1755; x_wconf 88' lang='lat' dir='ltr'><strong>igitur</strong></span> <span class='ocrx_word' id='word_1_382' title='bbox 977 1720 1050 1748; x_wconf 66' lang='lat' dir='ltr'><strong>falsae</strong></span> 
     </span>
    </p>
   </div>
   <div class='ocr_carea' id='block_1_60' title="bbox 268 1757 1051 1795">
    <p class='ocr_par' dir='ltr' id='par_1_60' title="bbox 268 1757 1051 1795">
     <span class='ocr_line' id='line_1_61' title="bbox 268 1757 1051 1795; baseline 0.017 -13"><span class='ocrx_word' id='word_1_383' title='bbox 268 1757 347 1783; x_wconf 64' lang='lat' dir='ltr'><strong>oliitie</strong></span> <span class='ocrx_word' id='word_1_384' title='bbox 369 1758 512 1793; x_wconf 78' lang='lat' dir='ltr'><strong>legationis</strong></span> <span class='ocrx_word' id='word_1_385' title='bbox 532 1764 668 1791; x_wconf 87' lang='lat' dir='ltr'><strong>accuseris</strong></span> <span class='ocrx_word' id='word_1_386' title='bbox 688 1765 747 1791; x_wconf 88' lang='lat' dir='ltr'><strong>veni</strong></span> <span class='ocrx_word' id='word_1_387' title='bbox 770 1766 860 1792; x_wconf 86' lang='lat' dir='ltr'><strong>statim</strong></span> <span class='ocrx_word' id='word_1_388' title='bbox 880 1771 905 1794; x_wconf 90' lang='lat' dir='ltr'><strong>te</strong></span> <span class='ocrx_word' id='word_1_389' title='bbox 924 1767 1051 1795; x_wconf 81' lang='lat' dir='ltr'><strong>defensu-</strong></span> 
     </span>
    </p>
   </div>
   <div class='ocr_carea' id='block_1_61' title="bbox 269 1803 726 1838">
    <p class='ocr_par' dir='ltr' id='par_1_61' title="bbox 269 1803 726 1838">
     <span class='ocr_line' id='line_1_62' title="bbox 269 1803 726 1838; baseline 0.02 -11"><span class='ocrx_word' id='word_1_390' title='bbox 269 1809 330 1834; x_wconf 88' lang='lat' dir='ltr'><strong>rus,</strong></span> <span class='ocrx_word' id='word_1_391' title='bbox 345 1807 372 1829; x_wconf 85' lang='lat' dir='ltr'><strong>et</strong></span> <span class='ocrx_word' id='word_1_392' title='bbox 386 1803 561 1838; x_wconf 81' lang='lat' dir='ltr'><strong>ignominiam</strong></span> <span class='ocrx_word' id='word_1_393' title='bbox 578 1807 726 1836; x_wconf 79' lang='lat' dir='ltr'><strong>deleturus.</strong></span> 
     </span>
    </p>
   </div>
   <div class='ocr_carea' id='block_1_62' title="bbox 365 1857 949 1892">
    <p class='ocr_par' dir='ltr' id='par_1_62' title="bbox 365 1857 949 1892">
     <span class='ocr_line' id='line_1_63' title="bbox 365 1857 949 1892; baseline 0.015 -8"><span class='ocrx_word' id='word_1_394' title='bbox 365 1857 478 1887; x_wconf 79' lang='lat' dir='ltr'><strong>DXLIV.</strong></span> <span class='ocrx_word' id='word_1_395' title='bbox 493 1875 528 1880; x_wconf 97' lang='lat'><strong>—</strong></span> <span class='ocrx_word' id='word_1_396' title='bbox 542 1860 691 1890; x_wconf 81' lang='lat' dir='ltr'><strong>OPHELIO</strong></span> <span class='ocrx_word' id='word_1_397' title='bbox 711 1863 949 1892; x_wconf 81' lang='lat' dir='ltr'><strong>GRAMMATICO.</strong></span> 
     </span>
    </p>
   </div>
   <div class='ocr_carea' id='block_1_63' title="bbox 1150 1630 1891 1667">
    <p class='ocr_par' dir='ltr' id='par_1_63' title="bbox 1150 1630 1891 1667">
     <span class='ocr_line' id='line_1_64' title="bbox 1150 1630 1891 1667; baseline 0.003 -11"><span class='ocrx_word' id='word_1_398' title='bbox 1150 1630 1309 1665; x_wconf 79' lang='grc' dir='ltr'>Ἐπέμφοης</span> <span class='ocrx_word' id='word_1_399' title='bbox 1327 1631 1434 1658; x_wconf 85' lang='grc' dir='ltr'>ἁνύσων</span> <span class='ocrx_word' id='word_1_400' title='bbox 1449 1632 1479 1658; x_wconf 83' lang='grc' dir='ltr'>οὐ</span> <span class='ocrx_word' id='word_1_401' title='bbox 1497 1631 1673 1667; x_wconf 82' lang='grc' dir='ltr'>προξενήσων</span> <span class='ocrx_word' id='word_1_402' title='bbox 1697 1633 1752 1663; x_wconf 82' lang='grc' dir='ltr'>τοῖς</span> <span class='ocrx_word' id='word_1_403' title='bbox 1769 1632 1891 1666; x_wconf 64' lang='grc' dir='ltr'>πέμψασι</span> 
     </span>
    </p>
   </div>
   <div class='ocr_carea' id='block_1_64' title="bbox 1105 1676 1890 1713">
    <p class='ocr_par' dir='ltr' id='par_1_64' title="bbox 1105 1676 1890 1713">
     <span class='ocr_line' id='line_1_65' title="bbox 1105 1676 1890 1713; baseline 0.003 -11"><span class='ocrx_word' id='word_1_404' title='bbox 1105 1676 1265 1711; x_wconf 80' lang='grc' dir='ltr'>πράγματα·</span> <span class='ocrx_word' id='word_1_405' title='bbox 1281 1677 1470 1711; x_wconf 77' lang='grc' dir='ltr'>πρεσὸεύσων,</span> <span class='ocrx_word' id='word_1_406' title='bbox 1485 1678 1515 1703; x_wconf 77' lang='grc' dir='ltr'>οὐ</span> <span class='ocrx_word' id='word_1_407' title='bbox 1539 1677 1806 1713; x_wconf 70' lang='grc' dir='ltr'>παραπρεσϐεύσων·</span> <span class='ocrx_word' id='word_1_408' title='bbox 1825 1687 1890 1704; x_wconf 76' lang='grc' dir='ltr'>κατ-</span> 
     </span>
    </p>
   </div>
   <div class='ocr_carea' id='block_1_65' title="bbox 1104 1721 1892 1759">
    <p class='ocr_par' dir='ltr' id='par_1_65' title="bbox 1104 1721 1892 1759">
     <span class='ocr_line' id='line_1_66' title="bbox 1104 1721 1892 1759; baseline 0.004 -12"><span class='ocrx_word' id='word_1_409' title='bbox 1104 1721 1242 1756; x_wconf 85' lang='grc' dir='ltr'>ορθώσων,</span> <span class='ocrx_word' id='word_1_410' title='bbox 1262 1721 1292 1748; x_wconf 82' lang='grc' dir='ltr'>οὺ</span> <span class='ocrx_word' id='word_1_411' title='bbox 1312 1722 1516 1757; x_wconf 65' lang='grc' dir='ltr'>καταστρὲψών.</span> <span class='ocrx_word' id='word_1_412' title='bbox 1536 1723 1593 1758; x_wconf 80' lang='grc'><strong>(57)</strong></span> <span class='ocrx_word' id='word_1_413' title='bbox 1608 1723 1666 1749; x_wconf 82' lang='grc' dir='ltr'>Ἵνα</span> <span class='ocrx_word' id='word_1_414' title='bbox 1680 1722 1727 1749; x_wconf 78' lang='grc' dir='ltr'>οὖν</span> <span class='ocrx_word' id='word_1_415' title='bbox 1744 1723 1781 1759; x_wconf 84' lang='grc' dir='ltr'>μὴ</span> <span class='ocrx_word' id='word_1_416' title='bbox 1807 1732 1892 1759; x_wconf 77' lang='grc' dir='ltr'>παρα-</span> 
     </span>
    </p>
   </div>
   <div class='ocr_carea' id='block_1_66' title="bbox 1105 1767 1888 1805">
    <p class='ocr_par' dir='ltr' id='par_1_66' title="bbox 1105 1767 1888 1805">
     <span class='ocr_line' id='line_1_67' title="bbox 1105 1767 1888 1805; baseline 0.001 -12"><span class='ocrx_word' id='word_1_417' title='bbox 1105 1767 1253 1802; x_wconf 71' lang='grc' dir='ltr'>πρεσϐείας</span> <span class='ocrx_word' id='word_1_418' title='bbox 1282 1767 1431 1802; x_wconf 80' lang='grc' dir='ltr'>ὑποσταίης</span> <span class='ocrx_word' id='word_1_419' title='bbox 1463 1769 1582 1804; x_wconf 71' lang='grc' dir='ltr'>γραφὴν,</span> <span class='ocrx_word' id='word_1_420' title='bbox 1603 1767 1656 1804; x_wconf 79' lang='grc' dir='ltr'>ἧκε</span> <span class='ocrx_word' id='word_1_421' title='bbox 1681 1771 1731 1804; x_wconf 75' lang='grc' dir='ltr'>τὴν</span> <span class='ocrx_word' id='word_1_422' title='bbox 1760 1770 1888 1805; x_wconf 74' lang='grc' dir='ltr'>ταχίστην</span> 
     </span>
    </p>
   </div>
   <div class='ocr_carea' id='block_1_67' title="bbox 1103 1812 1845 1850">
    <p class='ocr_par' dir='ltr' id='par_1_67' title="bbox 1103 1812 1845 1850">
     <span class='ocr_line' id='line_1_68' title="bbox 1103 1812 1845 1850; baseline 0.001 -10"><span class='ocrx_word' id='word_1_423' title='bbox 1103 1812 1338 1847; x_wconf 78' lang='grc' dir='ltr'>ἀπολογησόμενος</span> <span class='ocrx_word' id='word_1_424' title='bbox 1351 1833 1358 1844; x_wconf 85' lang='grc'><strong>,</strong></span> <span class='ocrx_word' id='word_1_425' title='bbox 1376 1813 1422 1839; x_wconf 79' lang='grc' dir='ltr'>καὶ</span> <span class='ocrx_word' id='word_1_426' title='bbox 1439 1813 1487 1848; x_wconf 79' lang='grc' dir='ltr'>τὴν</span> <span class='ocrx_word' id='word_1_427' title='bbox 1506 1814 1614 1846; x_wconf 78' lang='grc' dir='ltr'>ἀδοξίαν</span> <span class='ocrx_word' id='word_1_428' title='bbox 1629 1815 1845 1850; x_wconf 66' lang='grc' dir='ltr'>ἀποτριψὸμενος</span> 
     </span>
    </p>
   </div>
   <div class='ocr_carea' id='block_1_68' title="bbox 1230 1867 1765 1903">
    <p class='ocr_par' dir='ltr' id='par_1_68' title="bbox 1230 1867 1765 1903">
     <span class='ocr_line' id='line_1_69' title="bbox 1230 1867 1765 1903; baseline 0.006 -11"><span class='ocrx_word' id='word_1_429' title='bbox 1230 1867 1316 1894; x_wconf 84' lang='grc' dir='ltr'>ΦΜΔ’.</span> <span class='ocrx_word' id='word_1_430' title='bbox 1335 1882 1370 1886; x_wconf 91' lang='grc'><strong><em>-</em></strong></span> <span class='ocrx_word' id='word_1_431' title='bbox 1385 1867 1508 1902; x_wconf 78' lang='grc' dir='ltr'><strong>ΩΦΕΛΙῼ</strong></span> <span class='ocrx_word' id='word_1_432' title='bbox 1522 1868 1765 1903; x_wconf 78' lang='grc' dir='ltr'><strong>ΓΡΑΜΜΑΤΙΚῼ.</strong></span> 
     </span>
    </p>
   </div>
   <div class='ocr_carea' id='block_1_69' title="bbox 773 1910 1393 1947">
    <p class='ocr_par' dir='ltr' id='par_1_69' title="bbox 773 1910 1393 1947">
     <span class='ocr_line' id='line_1_70' title="bbox 773 1910 1393 1947; baseline 0 -11"><span class='ocrx_word' id='word_1_433' title='bbox 773 1910 837 1942; x_wconf 78' lang='lat' dir='ltr'><strong>Quw</strong></span> <span class='ocrx_word' id='word_1_434' title='bbox 850 1911 930 1937; x_wconf 71' lang='lat' dir='ltr'><strong>virtus</strong></span> <span class='ocrx_word' id='word_1_435' title='bbox 951 1910 1087 1939; x_wconf 64' lang='lat' dir='ltr'><strong>Historia.</strong></span> <span class='ocrx_word' id='word_1_436' title='bbox 1102 1910 1212 1947; x_wconf 69' lang='lat' dir='ltr'><strong>(Similis</strong></span> <span class='ocrx_word' id='word_1_437' title='bbox 1227 1911 1302 1944; x_wconf 81' lang='lat' dir='ltr'><strong>epist.</strong></span> <span class='ocrx_word' id='word_1_438' title='bbox 1319 1911 1393 1946; x_wconf 71' lang='grc'><strong>4⁵50.)</strong></span> 
     </span>
    </p>
   </div>
   <div class='ocr_carea' id='block_1_70' title="bbox 303 1957 1049 2000">
    <p class='ocr_par' dir='ltr' id='par_1_70' title="bbox 303 1957 1049 2000">
     <span class='ocr_line' id='line_1_71' title="bbox 303 1957 1049 2000; baseline 0.015 -18"><span class='ocrx_word' id='word_1_439' title='bbox 303 1957 426 1990; x_wconf 77' lang='lat' dir='ltr'><strong>Maxima,</strong></span> <span class='ocrx_word' id='word_1_440' title='bbox 440 1966 456 1986; x_wconf 90' lang='grc' dir='ltr'><strong>ο</strong></span> <span class='ocrx_word' id='word_1_441' title='bbox 471 1961 567 1994; x_wconf 86' lang='lat' dir='ltr'><strong>amice,</strong></span> <span class='ocrx_word' id='word_1_442' title='bbox 578 1962 697 1991; x_wconf 68' lang='lat' dir='ltr'><strong>historia:</strong></span> <span class='ocrx_word' id='word_1_443' title='bbox 711 1969 738 1992; x_wconf 93' lang='lat' dir='ltr'><strong>et</strong></span> <span class='ocrx_word' id='word_1_444' title='bbox 750 1965 984 2000; x_wconf 88' lang='lat' dir='ltr'><strong>contemplationis</strong></span> <span class='ocrx_word' id='word_1_445' title='bbox 996 1966 1049 1993; x_wconf 88' lang='lat' dir='ltr'><strong>vir-</strong></span> 
     </span>
    </p>
   </div>
   <div class='ocr_carea' id='block_1_71' title="bbox 268 2004 1047 2046">
    <p class='ocr_par' dir='ltr' id='par_1_71' title="bbox 268 2004 1047 2046">
     <span class='ocr_line' id='line_1_72' title="bbox 268 2004 1047 2046; baseline 0.015 -19"><span class='ocrx_word' id='word_1_446' title='bbox 268 2006 311 2028; x_wconf 88' lang='lat' dir='ltr'><strong>tus</strong></span> <span class='ocrx_word' id='word_1_447' title='bbox 324 2006 364 2029; x_wconf 88' lang='lat' dir='ltr'><strong>est</strong></span> <span class='ocrx_word' id='word_1_448' title='bbox 383 2004 525 2032; x_wconf 83' lang='lat' dir='ltr'><strong>articulata</strong></span> <span class='ocrx_word' id='word_1_449' title='bbox 542 2014 630 2035; x_wconf 77' lang='lat' dir='ltr'><strong>causa:</strong></span> <span class='ocrx_word' id='word_1_450' title='bbox 643 2009 724 2042; x_wconf 86' lang='lat' dir='ltr'><strong>ratio,</strong></span> <span class='ocrx_word' id='word_1_451' title='bbox 744 2010 871 2046; x_wconf 81' lang='lat' dir='ltr'><strong>quodque</strong></span> <span class='ocrx_word' id='word_1_452' title='bbox 890 2017 1047 2046; x_wconf 84' lang='lat' dir='ltr'><strong>argumenta</strong></span> 
     </span>
    </p>
   </div>
   <div class='ocr_carea' id='block_1_72' title="bbox 268 2047 1048 2090">
    <p class='ocr_par' dir='ltr' id='par_1_72' title="bbox 268 2047 1048 2090">
     <span class='ocr_line' id='line_1_73' title="bbox 268 2047 1048 2090; baseline 0.018 -18"><span class='ocrx_word' id='word_1_453' title='bbox 268 2047 454 2081; x_wconf 73' lang='lat' dir='ltr'><strong>ignorantibus</strong></span> <span class='ocrx_word' id='word_1_454' title='bbox 477 2051 612 2085; x_wconf 81' lang='lat' dir='ltr'><strong>explanat.</strong></span> <span class='ocrx_word' id='word_1_455' title='bbox 635 2053 693 2086; x_wconf 82' lang='lat' dir='ltr'><strong>Qua</strong></span> <span class='ocrx_word' id='word_1_456' title='bbox 717 2055 817 2084; x_wconf 88' lang='lat' dir='ltr'><strong>virtute</strong></span> <span class='ocrx_word' id='word_1_457' title='bbox 838 2057 861 2084; x_wconf 92' lang='lat' dir='ltr'><strong>si</strong></span> <span class='ocrx_word' id='word_1_458' title='bbox 883 2061 984 2090; x_wconf 80' lang='lat' dir='ltr'><strong>careat,</strong></span> <span class='ocrx_word' id='word_1_459' title='bbox 1001 2058 1048 2085; x_wconf 88' lang='lat' dir='ltr'><strong>dc-</strong></span> 
     </span>
    </p>
   </div>
   <div class='ocr_carea' id='block_1_73' title="bbox 267 2095 687 2126">
    <p class='ocr_par' dir='ltr' id='par_1_73' title="bbox 267 2095 687 2126">
     <span class='ocr_line' id='line_1_74' title="bbox 267 2095 687 2126; baseline 0.014 -6"><span class='ocrx_word' id='word_1_460' title='bbox 267 2095 463 2122; x_wconf 85' lang='lat' dir='ltr'><strong>monstratione</strong></span> <span class='ocrx_word' id='word_1_461' title='bbox 478 2097 559 2124; x_wconf 84' lang='lat' dir='ltr'><strong>etiam</strong></span> <span class='ocrx_word' id='word_1_462' title='bbox 573 2099 687 2126; x_wconf 88' lang='lat' dir='ltr'><strong>carebit.</strong></span> 
     </span>
    </p>
   </div>
   <div class='ocr_carea' id='block_1_74' title="bbox 504 2153 813 2186">
    <p class='ocr_par' dir='ltr' id='par_1_74' title="bbox 504 2153 813 2186">
     <span class='ocr_line' id='line_1_75' title="bbox 504 2153 813 2186; baseline 0.013 -6"><span class='ocrx_word' id='word_1_463' title='bbox 504 2153 606 2182; x_wconf 78' lang='lat' dir='ltr'><strong>DXLV.</strong></span> <span class='ocrx_word' id='word_1_464' title='bbox 621 2169 655 2175; x_wconf 91' lang='lat'><strong><em>—</em></strong></span> <span class='ocrx_word' id='word_1_465' title='bbox 669 2155 813 2186; x_wconf 80' lang='lat' dir='ltr'><strong>MARONL</strong></span> 
     </span>
    </p>
   </div>
   <div class='ocr_carea' id='block_1_75' title="bbox 1136 1962 1889 2003">
    <p class='ocr_par' dir='ltr' id='par_1_75' title="bbox 1136 1962 1889 2003">
     <span class='ocr_line' id='line_1_76' title="bbox 1136 1962 1889 2003; baseline 0.003 -11"><span class='ocrx_word' id='word_1_466' title='bbox 1136 1966 1270 2001; x_wconf 80' lang='grc' dir='ltr'>Μεγίστη,</span> <span class='ocrx_word' id='word_1_467' title='bbox 1286 1962 1308 1991; x_wconf 84' lang='grc' dir='ltr'><strong>ὧ</strong></span> <span class='ocrx_word' id='word_1_468' title='bbox 1322 1965 1406 1999; x_wconf 77' lang='grc' dir='ltr'>φίλος,</span> <span class='ocrx_word' id='word_1_469' title='bbox 1420 1966 1539 2001; x_wconf 76' lang='grc' dir='ltr'>ἱστορίας</span> <span class='ocrx_word' id='word_1_470' title='bbox 1563 1967 1609 1993; x_wconf 70' lang='grc' dir='ltr'><strong>καὶ</strong></span> <span class='ocrx_word' id='word_1_471' title='bbox 1628 1967 1746 2002; x_wconf 76' lang='grc' dir='ltr'>θεωρίας</span> <span class='ocrx_word' id='word_1_472' title='bbox 1765 1968 1848 2003; x_wconf 76' lang='grc' dir='ltr'>ἀρετή</span> <span class='ocrx_word' id='word_1_473' title='bbox 1862 1977 1889 1994; x_wconf 81' lang='grc' dir='ltr'><strong>τε</strong></span> 
     </span>
    </p>
   </div>
   <div class='ocr_carea' id='block_1_76' title="bbox 1103 2011 1890 2046">
    <p class='ocr_par' dir='ltr' id='par_1_76' title="bbox 1103 2011 1890 2046">
     <span class='ocr_line' id='line_1_77' title="bbox 1103 2011 1890 2046; baseline 0.005 -9"><span class='ocrx_word' id='word_1_474' title='bbox 1103 2011 1151 2038; x_wconf 71' lang='grc' dir='ltr'>καὶ</span> <span class='ocrx_word' id='word_1_475' title='bbox 1167 2011 1330 2046; x_wconf 85' lang='grc' dir='ltr'>διάρθρωσις</span> <span class='ocrx_word' id='word_1_476' title='bbox 1344 2012 1502 2046; x_wconf 75' lang='grc' dir='ltr'>αἰτιολογία,</span> <span class='ocrx_word' id='word_1_477' title='bbox 1520 2013 1566 2038; x_wconf 70' lang='grc' dir='ltr'>καὶ</span> <span class='ocrx_word' id='word_1_478' title='bbox 1577 2013 1606 2039; x_wconf 73' lang='grc' dir='ltr'>τὸ</span> <span class='ocrx_word' id='word_1_479' title='bbox 1620 2013 1668 2044; x_wconf 76' lang='grc' dir='ltr'><strong>τὰς</strong></span> <span class='ocrx_word' id='word_1_480' title='bbox 1682 2013 1825 2045; x_wconf 76' lang='grc' dir='ltr'>ὑποθέσεις</span> <span class='ocrx_word' id='word_1_481' title='bbox 1836 2016 1890 2046; x_wconf 81' lang='grc' dir='ltr'>τοῖς</span> 
     </span>
    </p>
   </div>
   <div class='ocr_carea' id='block_1_77' title="bbox 1103 2056 1889 2096">
    <p class='ocr_par' dir='ltr' id='par_1_77' title="bbox 1103 2056 1889 2096">
     <span class='ocr_line' id='line_1_78' title="bbox 1103 2056 1889 2096; baseline 0.006 -14"><span class='ocrx_word' id='word_1_482' title='bbox 1103 2056 1243 2090; x_wconf 77' lang='grc' dir='ltr'>ἀγνοοῦσιν</span> <span class='ocrx_word' id='word_1_483' title='bbox 1259 2057 1443 2092; x_wconf 81' lang='grc' dir='ltr'>ἀπογυμνοῦν.</span> <span class='ocrx_word' id='word_1_484' title='bbox 1463 2059 1493 2084; x_wconf 81' lang='lat' dir='ltr'><strong>Ei</strong></span> <span class='ocrx_word' id='word_1_485' title='bbox 1515 2058 1542 2084; x_wconf 76' lang='grc' dir='ltr'>δὲ</span> <span class='ocrx_word' id='word_1_486' title='bbox 1565 2059 1668 2094; x_wconf 71' lang='grc' dir='ltr'>ταύτης</span> <span class='ocrx_word' id='word_1_487' title='bbox 1680 2059 1824 2096; x_wconf 76' lang='grc' dir='ltr'>χηρεύσειε</span> <span class='ocrx_word' id='word_1_488' title='bbox 1843 2061 1889 2095; x_wconf 70' lang='grc' dir='ltr'>τῆς</span> 
     </span>
    </p>
   </div>
   <div class='ocr_carea' id='block_1_78' title="bbox 1102 2102 1716 2141">
    <p class='ocr_par' dir='ltr' id='par_1_78' title="bbox 1102 2102 1716 2141">
     <span class='ocr_line' id='line_1_79' title="bbox 1102 2102 1716 2141; baseline 0.008 -13"><span class='ocrx_word' id='word_1_489' title='bbox 1102 2102 1218 2137; x_wconf 82' lang='grc' dir='ltr'>ἀρετῆς,</span> <span class='ocrx_word' id='word_1_490' title='bbox 1236 2104 1282 2129; x_wconf 67' lang='grc' dir='ltr'>καὶ</span> <span class='ocrx_word' id='word_1_491' title='bbox 1300 2105 1348 2138; x_wconf 80' lang='grc' dir='ltr'>τῆς</span> <span class='ocrx_word' id='word_1_492' title='bbox 1368 2105 1529 2137; x_wconf 77' lang='grc' dir='ltr'>ἀποδείξεως</span> <span class='ocrx_word' id='word_1_493' title='bbox 1545 2105 1647 2141; x_wconf 76' lang='grc' dir='ltr'>ἕρημος</span> <span class='ocrx_word' id='word_1_494' title='bbox 1663 2107 1716 2141; x_wconf 71' lang='grc' dir='ltr'>εἴη.</span> 
     </span>
    </p>
   </div>
   <div class='ocr_carea' id='block_1_79' title="bbox 1347 2159 1648 2190">
    <p class='ocr_par' dir='ltr' id='par_1_79' title="bbox 1347 2159 1648 2190">
     <span class='ocr_line' id='line_1_80' title="bbox 1347 2159 1648 2190; baseline 0.013 -5"><span class='ocrx_word' id='word_1_495' title='bbox 1347 2159 1436 2186; x_wconf 54' lang='lat' dir='ltr'><strong>(ItME&#39;.</strong></span> <span class='ocrx_word' id='word_1_496' title='bbox 1452 2176 1486 2181; x_wconf 92' lang='lat'><strong>——</strong></span> <span class='ocrx_word' id='word_1_497' title='bbox 1505 2161 1648 2190; x_wconf 76' lang='grc' dir='ltr'><strong>ΜΛΡΩΝΙ.</strong></span> 
     </span>
    </p>
   </div>
   <div class='ocr_carea' id='block_1_80' title="bbox 265 2195 1882 2264">
    <p class='ocr_par' dir='ltr' id='par_1_80' title="bbox 265 2195 1882 2264">
     <span class='ocr_line' id='line_1_81' title="bbox 265 2195 1882 2264; baseline 0.007 -41"><span class='ocrx_word' id='word_1_498' title='bbox 265 2195 370 2225; x_wconf 70' lang='lat' dir='ltr'><strong>Dit-itiie</strong></span> <span class='ocrx_word' id='word_1_499' title='bbox 382 2206 433 2226; x_wconf 83' lang='lat' dir='ltr'><strong>non</strong></span> <span class='ocrx_word' id='word_1_500' title='bbox 447 2200 556 2228; x_wconf 72' lang='lat' dir='ltr'><strong>satiant.</strong></span> <span class='ocrx_word' id='word_1_501' title='bbox 572 2201 660 2236; x_wconf 54' lang='lat' dir='ltr'><strong>(Con/1</strong></span> <span class='ocrx_word' id='word_1_502' title='bbox 677 2204 753 2236; x_wconf 70' lang='lat' dir='ltr'><strong>epist.</strong></span> <span class='ocrx_word' id='word_1_503' title='bbox 774 2203 837 2236; x_wconf 72' lang='lat'><strong>488,</strong></span> <span class='ocrx_word' id='word_1_504' title='bbox 852 2203 903 2230; x_wconf 63' lang='lat' dir='ltr'><strong>I96</strong></span> <span class='ocrx_word' id='word_1_505' title='bbox 914 2209 937 2230; x_wconf 82' lang='lat' dir='ltr'><strong>et</strong></span> <span class='ocrx_word' id='word_1_506' title='bbox 947 2203 1010 2264; x_wconf 50' lang='lat' dir='ltr'><strong>SE,</strong></span> <span class='ocrx_word' id='word_1_507' title='bbox 1021 2207 1046 2230; x_wconf 79' lang='lat' dir='ltr'><strong>et</strong></span> <span class='ocrx_word' id='word_1_508' title='bbox 1062 2203 1156 2264; x_wconf 51' lang='lat' dir='ltr'><strong>Tlltzog.</strong></span> <span class='ocrx_word' id='word_1_509' title='bbox 1178 2211 1244 2229; x_wconf 69' lang='lat' dir='ltr'><strong>vtrs.</strong></span> <span class='ocrx_word' id='word_1_510' title='bbox 1264 2203 1333 2235; x_wconf 66' lang='lat'><strong>153;</strong></span> <span class='ocrx_word' id='word_1_511' title='bbox 1347 2204 1437 2230; x_wconf 70' lang='grc' dir='ltr'>δοίοιι.</span> <span class='ocrx_word' id='word_1_512' title='bbox 1452 2214 1516 2232; x_wconf 75' lang='lat' dir='ltr'><strong>vers.</strong></span> <span class='ocrx_word' id='word_1_513' title='bbox 1533 2206 1585 2238; x_wconf 87' lang='lat'><strong>99;</strong></span> <span class='ocrx_word' id='word_1_514' title='bbox 1606 2213 1629 2233; x_wconf 87' lang='lat' dir='ltr'><strong>et</strong></span> <span class='ocrx_word' id='word_1_515' title='bbox 1654 2207 1737 2234; x_wconf 79' lang='lat' dir='ltr'><strong>Clem.</strong></span> <span class='ocrx_word' id='word_1_516' title='bbox 1758 2209 1882 2235; x_wconf 58' lang='grc' dir='ltr'><strong>[Πέλοπά.</strong></span> 
     </span>
     <span class='ocr_line' id='line_1_82' title="bbox 724 2246 1181 2264; baseline -0.002 0"><span class='ocrx_word' id='word_1_517' title='bbox 724 2258 726 2260; x_wconf 91' lang='grc'><strong>.</strong></span> <span class='ocrx_word' id='word_1_518' title='bbox 1000 2246 1063 2264; x_wconf 90' lang='lat' dir='ltr'><strong>rom.</strong></span> <span class='ocrx_word' id='word_1_519' title='bbox 1093 2247 1098 2263; x_wconf 92' lang='lat' dir='ltr'><strong>l</strong></span> <span class='ocrx_word' id='word_1_520' title='bbox 1121 2258 1126 2264; x_wconf 91' lang='lat'><strong>.</strong></span> <span class='ocrx_word' id='word_1_521' title='bbox 1147 2246 1181 2263; x_wconf 83' lang='lat' dir='ltr'><strong>\‘l.</strong></span> 
     </span>
    </p>
   </div>
   <div class='ocr_carea' id='block_1_81' title="bbox 724 2246 1181 2264">
    <p class='ocr_par' dir='ltr' id='par_1_81' title="bbox 724 2246 1181 2264">
     <span class='ocr_line' id='line_1_83' title="bbox 724 2246 1181 2264; baseline -0.004 1"><span class='ocrx_word' id='word_1_522' title='bbox 724 2258 726 2260; x_wconf 99' lang='lat'><strong><em>-</em></strong></span> <span class='ocrx_word' id='word_1_523' title='bbox 967 2246 1063 2264; x_wconf 64' lang='lat' dir='ltr'><strong>atram.</strong></span> <span class='ocrx_word' id='word_1_524' title='bbox 1081 2246 1126 2264; x_wconf 86' lang='grc' dir='ltr'>ιιυ.</span> <span class='ocrx_word' id='word_1_525' title='bbox 1147 2246 1181 2263; x_wconf 77' lang='grc' dir='ltr'><strong>ὶῚ.</strong></span> 
     </span>
    </p>
   </div>
   <div class='ocr_carea' id='block_1_82' title="bbox 299 2288 1086 2338">
    <p class='ocr_par' dir='ltr' id='par_1_82' title="bbox 299 2288 1086 2338">
     <span class='ocr_line' id='line_1_84' title="bbox 299 2288 1086 2338; baseline 0.011 -14"><span class='ocrx_word' id='word_1_526' title='bbox 299 2298 379 2326; x_wconf 89' lang='lat' dir='ltr'><strong>Disce</strong></span> <span class='ocrx_word' id='word_1_527' title='bbox 395 2307 448 2327; x_wconf 90' lang='lat' dir='ltr'><strong>non</strong></span> <span class='ocrx_word' id='word_1_528' title='bbox 463 2307 477 2326; x_wconf 89' lang='lat' dir='ltr'><strong>a</strong></span> <span class='ocrx_word' id='word_1_529' title='bbox 489 2308 542 2333; x_wconf 89' lang='lat' dir='ltr'><strong>me,</strong></span> <span class='ocrx_word' id='word_1_530' title='bbox 564 2302 613 2330; x_wconf 88' lang='lat' dir='ltr'><strong>sed</strong></span> <span class='ocrx_word' id='word_1_531' title='bbox 633 2304 666 2331; x_wconf 87' lang='lat' dir='ltr'><strong>ab</strong></span> <span class='ocrx_word' id='word_1_532' title='bbox 689 2305 746 2338; x_wconf 86' lang='lat' dir='ltr'><strong>ipsa</strong></span> <span class='ocrx_word' id='word_1_533' title='bbox 770 2303 810 2332; x_wconf 85' lang='lat' dir='ltr'><strong>rei</strong></span> <span class='ocrx_word' id='word_1_534' title='bbox 827 2309 933 2338; x_wconf 85' lang='lat' dir='ltr'><strong>natura,</strong></span> <span class='ocrx_word' id='word_1_535' title='bbox 950 2305 972 2334; x_wconf 88' lang='lat' dir='ltr'><strong>si</strong></span> <span class='ocrx_word' id='word_1_536' title='bbox 988 2306 1048 2333; x_wconf 80' lang='lat' dir='ltr'><strong>inﬁ-</strong></span> <span class='ocrx_word' id='word_1_537' title='bbox 1065 2288 1086 2314; x_wconf 65' lang='grc' dir='ltr'><strong>θ</strong></span> 
     </span>
    </p>
   </div>
   <div class='ocr_carea' id='block_1_83' title="bbox 265 2344 1047 2386">
    <p class='ocr_par' dir='ltr' id='par_1_83' title="bbox 265 2344 1047 2386">
     <span class='ocr_line' id='line_1_85' title="bbox 265 2344 1047 2386; baseline 0.013 -17"><span class='ocrx_word' id='word_1_538' title='bbox 265 2344 335 2370; x_wconf 79' lang='lat' dir='ltr'><strong>nitas</strong></span> <span class='ocrx_word' id='word_1_539' title='bbox 349 2345 497 2377; x_wconf 82' lang='lat' dir='ltr'><strong>quaerendae</strong></span> <span class='ocrx_word' id='word_1_540' title='bbox 512 2347 632 2381; x_wconf 85' lang='lat' dir='ltr'><strong>pecuniae</strong></span> <span class='ocrx_word' id='word_1_541' title='bbox 644 2348 701 2376; x_wconf 91' lang='lat' dir='ltr'><strong>vias</strong></span> <span class='ocrx_word' id='word_1_542' title='bbox 713 2350 887 2386; x_wconf 79' lang='lat' dir='ltr'><strong>excogitaris,</strong></span> <span class='ocrx_word' id='word_1_543' title='bbox 895 2352 1047 2380; x_wconf 89' lang='lat' dir='ltr'><strong>satietatem</strong></span> 
     </span>
    </p>
   </div>
   <div class='ocr_carea' id='block_1_84' title="bbox 265 2389 1047 2425">
    <p class='ocr_par' dir='ltr' id='par_1_84' title="bbox 265 2389 1047 2425">
     <span class='ocr_line' id='line_1_86' title="bbox 265 2389 1047 2425; baseline 0.012 -10"><span class='ocrx_word' id='word_1_544' title='bbox 265 2389 376 2416; x_wconf 91' lang='lat' dir='ltr'><strong>minime</strong></span> <span class='ocrx_word' id='word_1_545' title='bbox 399 2391 528 2425; x_wconf 89' lang='lat' dir='ltr'><strong>reperies.</strong></span> <span class='ocrx_word' id='word_1_546' title='bbox 554 2391 612 2419; x_wconf 84' lang='lat' dir='ltr'><strong>Non</strong></span> <span class='ocrx_word' id='word_1_547' title='bbox 633 2394 704 2421; x_wconf 83' lang='lat' dir='ltr'><strong>enim</strong></span> <span class='ocrx_word' id='word_1_548' title='bbox 726 2395 838 2423; x_wconf 83' lang='lat' dir='ltr'><strong>satietas</strong></span> <span class='ocrx_word' id='word_1_549' title='bbox 865 2404 926 2424; x_wconf 84' lang='lat' dir='ltr'><strong>cum</strong></span> <span class='ocrx_word' id='word_1_550' title='bbox 945 2397 1047 2424; x_wconf 83' lang='lat' dir='ltr'><strong>divitiis</strong></span> 
     </span>
    </p>
   </div>
   <div class='ocr_carea' id='block_1_85' title="bbox 265 2434 1046 2476">
    <p class='ocr_par' dir='ltr' id='par_1_85' title="bbox 265 2434 1046 2476">
     <span class='ocr_line' id='line_1_87' title="bbox 265 2434 1046 2476; baseline 0.01 -15"><span class='ocrx_word' id='word_1_551' title='bbox 265 2434 400 2461; x_wconf 87' lang='lat' dir='ltr'><strong>convenit.</strong></span> <span class='ocrx_word' id='word_1_552' title='bbox 418 2434 484 2462; x_wconf 88' lang='lat' dir='ltr'><strong>Cum</strong></span> <span class='ocrx_word' id='word_1_553' title='bbox 509 2436 668 2465; x_wconf 79' lang='lat' dir='ltr'><strong>suﬂicientia</strong></span> <span class='ocrx_word' id='word_1_554' title='bbox 691 2447 755 2467; x_wconf 91' lang='lat' dir='ltr'><strong>vero</strong></span> <span class='ocrx_word' id='word_1_555' title='bbox 778 2448 923 2476; x_wconf 87' lang='lat' dir='ltr'><strong>rerumque</strong></span> <span class='ocrx_word' id='word_1_556' title='bbox 946 2449 1046 2476; x_wconf 87' lang='lat' dir='ltr'><strong>pauca-</strong></span> 
     </span>
    </p>
   </div>
   <div class='ocr_carea' id='block_1_86' title="bbox 266 2479 1047 2521">
    <p class='ocr_par' dir='ltr' id='par_1_86' title="bbox 266 2479 1047 2521">
     <span class='ocr_line' id='line_1_88' title="bbox 266 2479 1047 2521; baseline 0.01 -15"><span class='ocrx_word' id='word_1_557' title='bbox 266 2487 325 2506; x_wconf 88' lang='lat' dir='ltr'><strong>rum</strong></span> <span class='ocrx_word' id='word_1_558' title='bbox 347 2479 494 2514; x_wconf 85' lang='lat' dir='ltr'><strong>indigentia</strong></span> <span class='ocrx_word' id='word_1_559' title='bbox 513 2481 591 2510; x_wconf 82' lang='lat' dir='ltr'><strong>facile</strong></span> <span class='ocrx_word' id='word_1_560' title='bbox 615 2484 786 2516; x_wconf 89' lang='lat' dir='ltr'><strong>conciliatur,</strong></span> <span class='ocrx_word' id='word_1_561' title='bbox 808 2487 932 2514; x_wconf 86' lang='lat' dir='ltr'><strong>convenit</strong></span> <span class='ocrx_word' id='word_1_562' title='bbox 966 2491 1047 2521; x_wconf 88' lang='lat' dir='ltr'><strong>atque</strong></span> 
     </span>
    </p>
   </div>
   <div class='ocr_carea' id='block_1_87' title="bbox 265 2523 1047 2566">
    <p class='ocr_par' dir='ltr' id='par_1_87' title="bbox 265 2523 1047 2566">
     <span class='ocr_line' id='line_1_89' title="bbox 265 2523 1047 2566; baseline 0.012 -16"><span class='ocrx_word' id='word_1_563' title='bbox 265 2523 412 2551; x_wconf 83' lang='lat' dir='ltr'><strong>cohabitat.</strong></span> <span class='ocrx_word' id='word_1_564' title='bbox 430 2525 528 2555; x_wconf 86' lang='lat' dir='ltr'><strong>Desine</strong></span> <span class='ocrx_word' id='word_1_565' title='bbox 543 2527 634 2564; x_wconf 86' lang='lat' dir='ltr'><strong>itaque</strong></span> <span class='ocrx_word' id='word_1_566' title='bbox 647 2537 706 2564; x_wconf 54' lang='lat' dir='ltr'><strong>qua).</strong></span> <span class='ocrx_word' id='word_1_567' title='bbox 720 2531 910 2565; x_wconf 85' lang='lat' dir='ltr'><strong>comprehendi</strong></span> <span class='ocrx_word' id='word_1_568' title='bbox 933 2538 964 2558; x_wconf 89' lang='lat' dir='ltr'><strong>ac</strong></span> <span class='ocrx_word' id='word_1_569' title='bbox 984 2539 1047 2566; x_wconf 85' lang='lat' dir='ltr'><strong>pos-</strong></span> 
     </span>
    </p>
   </div>
   <div class='ocr_carea' id='block_1_88' title="bbox 265 2568 1048 2611">
    <p class='ocr_par' dir='ltr' id='par_1_88' title="bbox 265 2568 1048 2611">
     <span class='ocr_line' id='line_1_90' title="bbox 265 2568 1048 2611; baseline 0.014 -17"><span class='ocrx_word' id='word_1_570' title='bbox 265 2568 348 2596; x_wconf 85' lang='lat' dir='ltr'><strong>sideri</strong></span> <span class='ocrx_word' id='word_1_571' title='bbox 358 2576 492 2604; x_wconf 84' lang='lat' dir='ltr'><strong>nequeant</strong></span> <span class='ocrx_word' id='word_1_572' title='bbox 505 2576 667 2602; x_wconf 87' lang='lat' dir='ltr'><strong>eonsectari.</strong></span> <span class='ocrx_word' id='word_1_573' title='bbox 689 2576 770 2611; x_wconf 79' lang='lat'><strong>716</strong></span> <span class='ocrx_word' id='word_1_574' title='bbox 781 2576 966 2605; x_wconf 85' lang='lat' dir='ltr'><strong>Conseclando</strong></span> <span class='ocrx_word' id='word_1_575' title='bbox 977 2579 1048 2605; x_wconf 86' lang='lat' dir='ltr'><strong>enim</strong></span> 
     </span>
    </p>
   </div>
   <div class='ocr_carea' id='block_1_89' title="bbox 266 2619 1047 2656">
    <p class='ocr_par' dir='ltr' id='par_1_89' title="bbox 266 2619 1047 2656">
     <span class='ocr_line' id='line_1_91' title="bbox 266 2619 1047 2656; baseline 0.014 -16"><span class='ocrx_word' id='word_1_576' title='bbox 266 2622 318 2642; x_wconf 91' lang='lat' dir='ltr'><strong>non</strong></span> <span class='ocrx_word' id='word_1_577' title='bbox 342 2619 566 2651; x_wconf 84' lang='lat' dir='ltr'><strong>comprehendas.</strong></span> <span class='ocrx_word' id='word_1_578' title='bbox 588 2621 616 2648; x_wconf 85' lang='lat' dir='ltr'><strong>Si</strong></span> <span class='ocrx_word' id='word_1_579' title='bbox 638 2628 700 2648; x_wconf 84' lang='lat' dir='ltr'><strong>vero</strong></span> <span class='ocrx_word' id='word_1_580' title='bbox 722 2630 776 2649; x_wconf 87' lang='lat' dir='ltr'><strong>non</strong></span> <span class='ocrx_word' id='word_1_581' title='bbox 800 2624 977 2656; x_wconf 88' lang='lat' dir='ltr'><strong>eonsecteris,</strong></span> <span class='ocrx_word' id='word_1_582' title='bbox 995 2632 1047 2651; x_wconf 88' lang='lat' dir='ltr'><strong>non</strong></span> 
     </span>
    </p>
   </div>
   <div class='ocr_carea' id='block_1_90' title="bbox 265 2663 1048 2702">
    <p class='ocr_par' dir='ltr' id='par_1_90' title="bbox 265 2663 1048 2702">
     <span class='ocr_line' id='line_1_92' title="bbox 265 2663 1048 2702; baseline 0.014 -16"><span class='ocrx_word' id='word_1_583' title='bbox 265 2666 356 2695; x_wconf 81' lang='lat' dir='ltr'><strong>rogata</strong></span> <span class='ocrx_word' id='word_1_584' title='bbox 377 2663 447 2692; x_wconf 87' lang='lat' dir='ltr'><strong>ultro</strong></span> <span class='ocrx_word' id='word_1_585' title='bbox 464 2665 583 2698; x_wconf 78' lang='lat' dir='ltr'><strong>advenit,</strong></span> <span class='ocrx_word' id='word_1_586' title='bbox 611 2674 663 2693; x_wconf 90' lang='lat' dir='ltr'><strong>non</strong></span> <span class='ocrx_word' id='word_1_587' title='bbox 687 2668 835 2702; x_wconf 85' lang='lat' dir='ltr'><strong>requietem</strong></span> <span class='ocrx_word' id='word_1_588' title='bbox 858 2670 937 2697; x_wconf 88' lang='lat' dir='ltr'><strong>modo</strong></span> <span class='ocrx_word' id='word_1_589' title='bbox 951 2669 998 2697; x_wconf 86' lang='lat' dir='ltr'><strong>sed</strong></span> <span class='ocrx_word' id='word_1_590' title='bbox 1021 2676 1048 2697; x_wconf 88' lang='lat' dir='ltr'><strong>et</strong></span> 
     </span>
    </p>
   </div>
   <div class='ocr_carea' id='block_1_91' title="bbox 266 2705 523 2745">
    <p class='ocr_par' dir='ltr' id='par_1_91' title="bbox 266 2705 523 2745">
     <span class='ocr_line' id='line_1_93' title="bbox 266 2705 523 2745; baseline 0.023 -12"><span class='ocrx_word' id='word_1_591' title='bbox 266 2705 385 2736; x_wconf 74' lang='lat' dir='ltr'><strong>laetitiam</strong></span> <span class='ocrx_word' id='word_1_592' title='bbox 405 2711 523 2745; x_wconf 87' lang='lat' dir='ltr'><strong>pariens.</strong></span> 
     </span>
    </p>
   </div>
   <div class='ocr_carea' id='block_1_92' title="bbox 1136 2305 1886 2341">
    <p class='ocr_par' dir='ltr' id='par_1_92' title="bbox 1136 2305 1886 2341">
     <span class='ocr_line' id='line_1_94' title="bbox 1136 2305 1886 2341; baseline 0.001 -9"><span class='ocrx_word' id='word_1_593' title='bbox 1136 2306 1180 2340; x_wconf 70' lang='grc' dir='ltr'><strong>Μὴ</strong></span> <span class='ocrx_word' id='word_1_594' title='bbox 1197 2306 1260 2340; x_wconf 78' lang='grc' dir='ltr'>παρ’</span> <span class='ocrx_word' id='word_1_595' title='bbox 1276 2305 1354 2340; x_wconf 73' lang='grc' dir='ltr'>ἐμοῦ,</span> <span class='ocrx_word' id='word_1_596' title='bbox 1377 2305 1442 2332; x_wconf 70' lang='grc' dir='ltr'>ἀλλὰ</span> <span class='ocrx_word' id='word_1_597' title='bbox 1464 2307 1529 2340; x_wconf 73' lang='grc' dir='ltr'>παρ’</span> <span class='ocrx_word' id='word_1_598' title='bbox 1545 2306 1628 2341; x_wconf 69' lang='grc' dir='ltr'>αὐτῆς</span> <span class='ocrx_word' id='word_1_599' title='bbox 1643 2306 1693 2341; x_wconf 74' lang='grc' dir='ltr'>τῆς</span> <span class='ocrx_word' id='word_1_600' title='bbox 1717 2307 1825 2340; x_wconf 73' lang='grc' dir='ltr'>φύσεως</span> <span class='ocrx_word' id='word_1_601' title='bbox 1842 2308 1886 2334; x_wconf 78' lang='grc' dir='ltr'>τοῦ</span> 
     </span>
    </p>
   </div>
   <div class='ocr_carea' id='block_1_93' title="bbox 1099 2352 1887 2389">
    <p class='ocr_par' dir='ltr' id='par_1_93' title="bbox 1099 2352 1887 2389">
     <span class='ocr_line' id='line_1_95' title="bbox 1099 2352 1887 2389; baseline 0.001 -11"><span class='ocrx_word' id='word_1_602' title='bbox 1099 2352 1260 2386; x_wconf 74' lang='grc' dir='ltr'>πράγματος</span> <span class='ocrx_word' id='word_1_603' title='bbox 1281 2352 1418 2386; x_wconf 70' lang='grc' dir='ltr'>μάνθανε,</span> <span class='ocrx_word' id='word_1_604' title='bbox 1445 2352 1487 2378; x_wconf 80' lang='grc' dir='ltr'>ὃτι</span> <span class='ocrx_word' id='word_1_605' title='bbox 1513 2352 1564 2378; x_wconf 60' lang='lat' dir='ltr'><strong>xlv</strong></span> <span class='ocrx_word' id='word_1_606' title='bbox 1602 2352 1716 2388; x_wconf 70' lang='grc' dir='ltr'>μυρίους</span> <span class='ocrx_word' id='word_1_607' title='bbox 1740 2353 1887 2389; x_wconf 74' lang='grc' dir='ltr'>χρημάτων</span> 
     </span>
    </p>
   </div>
   <div class='ocr_carea' id='block_1_94' title="bbox 1098 2398 1878 2435">
    <p class='ocr_par' dir='ltr' id='par_1_94' title="bbox 1098 2398 1878 2435">
     <span class='ocr_line' id='line_1_96' title="bbox 1098 2398 1878 2435; baseline 0.003 -11"><span class='ocrx_word' id='word_1_608' title='bbox 1098 2398 1198 2433; x_wconf 75' lang='grc' dir='ltr'>πόρους</span> <span class='ocrx_word' id='word_1_609' title='bbox 1223 2399 1389 2435; x_wconf 80' lang='grc' dir='ltr'>ἐπινοήσῃς,</span> <span class='ocrx_word' id='word_1_610' title='bbox 1410 2399 1490 2432; x_wconf 75' lang='grc' dir='ltr'>κόρον</span> <span class='ocrx_word' id='word_1_611' title='bbox 1515 2399 1563 2434; x_wconf 73' lang='grc' dir='ltr'>οὐχ</span> <span class='ocrx_word' id='word_1_612' title='bbox 1583 2400 1712 2435; x_wconf 71' lang='grc' dir='ltr'>εὑρήσεις</span> <span class='ocrx_word' id='word_1_613' title='bbox 1726 2408 1732 2415; x_wconf 94' lang='grc'><strong>·</strong></span> <span class='ocrx_word' id='word_1_614' title='bbox 1753 2401 1811 2431; x_wconf 83' lang='grc' dir='ltr'>τοῖς</span> <span class='ocrx_word' id='word_1_615' title='bbox 1833 2400 1878 2434; x_wconf 69' lang='grc' dir='ltr'>μὲν</span> 
     </span>
    </p>
   </div>
   <div class='ocr_carea' id='block_1_95' title="bbox 1098 2443 1886 2480">
    <p class='ocr_par' dir='ltr' id='par_1_95' title="bbox 1098 2443 1886 2480">
     <span class='ocr_line' id='line_1_97' title="bbox 1098 2443 1886 2480; baseline 0.003 -10"><span class='ocrx_word' id='word_1_616' title='bbox 1098 2443 1151 2479; x_wconf 78' lang='grc' dir='ltr'><strong>γὰρ</strong></span> <span class='ocrx_word' id='word_1_617' title='bbox 1167 2444 1260 2480; x_wconf 71' lang='grc' dir='ltr'>πόροις</span> <span class='ocrx_word' id='word_1_618' title='bbox 1273 2445 1286 2471; x_wconf 82' lang='grc' dir='ltr'>ὁ</span> <span class='ocrx_word' id='word_1_619' title='bbox 1306 2445 1385 2480; x_wconf 81' lang='grc' dir='ltr'>κόρος</span> <span class='ocrx_word' id='word_1_620' title='bbox 1396 2445 1602 2476; x_wconf 75' lang='grc' dir='ltr'>ἁκατάλλακτὸς</span> <span class='ocrx_word' id='word_1_621' title='bbox 1617 2446 1677 2471; x_wconf 85' lang='grc' dir='ltr'>ἐστι</span> <span class='ocrx_word' id='word_1_622' title='bbox 1690 2466 1696 2478; x_wconf 93' lang='grc'><strong>,</strong></span> <span class='ocrx_word' id='word_1_623' title='bbox 1721 2447 1752 2480; x_wconf 84' lang='grc' dir='ltr'>τῇ</span> <span class='ocrx_word' id='word_1_624' title='bbox 1770 2445 1798 2472; x_wconf 73' lang='grc' dir='ltr'>δὲ</span> <span class='ocrx_word' id='word_1_625' title='bbox 1821 2447 1886 2473; x_wconf 67' lang='grc' dir='ltr'>αὖτ-</span> 
     </span>
    </p>
   </div>
   <div class='ocr_carea' id='block_1_96' title="bbox 1098 2490 1886 2526">
    <p class='ocr_par' dir='ltr' id='par_1_96' title="bbox 1098 2490 1886 2526">
     <span class='ocr_line' id='line_1_98' title="bbox 1098 2490 1886 2526; baseline 0.003 -10"><span class='ocrx_word' id='word_1_626' title='bbox 1098 2490 1195 2525; x_wconf 71' lang='grc' dir='ltr'>αρκείᾳ</span> <span class='ocrx_word' id='word_1_627' title='bbox 1224 2491 1270 2516; x_wconf 81' lang='grc' dir='ltr'>καὶ</span> <span class='ocrx_word' id='word_1_628' title='bbox 1298 2490 1446 2525; x_wconf 61' lang='grc' dir='ltr'>ὀλιγοδείᾳ,</span> <span class='ocrx_word' id='word_1_629' title='bbox 1479 2491 1526 2516; x_wconf 68' lang='grc' dir='ltr'>καὶ</span> <span class='ocrx_word' id='word_1_630' title='bbox 1547 2491 1710 2523; x_wconf 76' lang='grc' dir='ltr'>σπένδεται,</span> <span class='ocrx_word' id='word_1_631' title='bbox 1730 2492 1776 2518; x_wconf 85' lang='grc' dir='ltr'>καὶ</span> <span class='ocrx_word' id='word_1_632' title='bbox 1795 2499 1886 2526; x_wconf 75' lang='grc' dir='ltr'>συγχο-</span> 
     </span>
    </p>
   </div>
   <div class='ocr_carea' id='block_1_97' title="bbox 1102 2535 1884 2572">
    <p class='ocr_par' dir='ltr' id='par_1_97' title="bbox 1102 2535 1884 2572">
     <span class='ocr_line' id='line_1_99' title="bbox 1102 2535 1884 2572; baseline 0.004 -11"><span class='ocrx_word' id='word_1_633' title='bbox 1102 2535 1174 2570; x_wconf 69' lang='grc' dir='ltr'>ρεὺει</span> <span class='ocrx_word' id='word_1_634' title='bbox 1186 2555 1193 2566; x_wconf 93' lang='grc'><strong>,</strong></span> <span class='ocrx_word' id='word_1_635' title='bbox 1214 2536 1260 2562; x_wconf 72' lang='grc' dir='ltr'>καὶ</span> <span class='ocrx_word' id='word_1_636' title='bbox 1278 2537 1406 2563; x_wconf 87' lang='grc' dir='ltr'>συνοικεῖ.</span> <span class='ocrx_word' id='word_1_637' title='bbox 1424 2536 1553 2563; x_wconf 71' lang='grc' dir='ltr'>Πέπαυσο</span> <span class='ocrx_word' id='word_1_638' title='bbox 1572 2536 1662 2563; x_wconf 85' lang='grc' dir='ltr'>τοίνυν</span> <span class='ocrx_word' id='word_1_639' title='bbox 1688 2537 1808 2572; x_wconf 79' lang='grc' dir='ltr'>ἀκίχητα</span> <span class='ocrx_word' id='word_1_640' title='bbox 1828 2537 1884 2563; x_wconf 84' lang='grc' dir='ltr'>διώ-</span> 
     </span>
    </p>
   </div>
   <div class='ocr_carea' id='block_1_98' title="bbox 1100 2582 1885 2619">
    <p class='ocr_par' dir='ltr' id='par_1_98' title="bbox 1100 2582 1885 2619">
     <span class='ocr_line' id='line_1_100' title="bbox 1100 2582 1885 2619; baseline 0.003 -11"><span class='ocrx_word' id='word_1_641' title='bbox 1100 2590 1164 2608; x_wconf 88' lang='grc' dir='ltr'>κων.</span> <span class='ocrx_word' id='word_1_642' title='bbox 1178 2582 1345 2616; x_wconf 80' lang='grc' dir='ltr'>Διωκόμενος</span> <span class='ocrx_word' id='word_1_643' title='bbox 1358 2583 1411 2618; x_wconf 82' lang='grc' dir='ltr'><strong>γὰρ</strong></span> <span class='ocrx_word' id='word_1_644' title='bbox 1425 2583 1455 2608; x_wconf 88' lang='grc' dir='ltr'>οὐ</span> <span class='ocrx_word' id='word_1_645' title='bbox 1473 2583 1718 2618; x_wconf 74' lang='grc' dir='ltr'>καταλαμϐάνεται</span> <span class='ocrx_word' id='word_1_646' title='bbox 1727 2605 1734 2617; x_wconf 87' lang='grc'><strong>,</strong></span> <span class='ocrx_word' id='word_1_647' title='bbox 1751 2584 1788 2619; x_wconf 78' lang='grc' dir='ltr'>μὴ</span> <span class='ocrx_word' id='word_1_648' title='bbox 1798 2583 1885 2610; x_wconf 79' lang='grc' dir='ltr'>διωκό-</span> 
     </span>
    </p>
   </div>
   <div class='ocr_carea' id='block_1_99' title="bbox 1101 2627 1883 2666">
    <p class='ocr_par' dir='ltr' id='par_1_99' title="bbox 1101 2627 1883 2666">
     <span class='ocr_line' id='line_1_101' title="bbox 1101 2627 1883 2666; baseline 0.005 -14"><span class='ocrx_word' id='word_1_649' title='bbox 1101 2635 1178 2661; x_wconf 76' lang='grc' dir='ltr'>μενος</span> <span class='ocrx_word' id='word_1_650' title='bbox 1193 2627 1221 2653; x_wconf 83' lang='grc' dir='ltr'>δὲ</span> <span class='ocrx_word' id='word_1_651' title='bbox 1233 2628 1451 2662; x_wconf 79' lang='grc' dir='ltr'>αὐτεπάγγελτος</span> <span class='ocrx_word' id='word_1_652' title='bbox 1467 2630 1604 2664; x_wconf 74' lang='grc' dir='ltr'>ἐπιφοιτᾷ,</span> <span class='ocrx_word' id='word_1_653' title='bbox 1623 2630 1653 2656; x_wconf 75' lang='grc' dir='ltr'>οὺ</span> <span class='ocrx_word' id='word_1_654' title='bbox 1669 2630 1751 2666; x_wconf 87' lang='grc' dir='ltr'>μόνον</span> <span class='ocrx_word' id='word_1_655' title='bbox 1766 2630 1883 2658; x_wconf 77' lang='grc' dir='ltr'>ἀνάπαυ-</span> 
     </span>
    </p>
   </div>
   <div class='ocr_carea' id='block_1_100' title="bbox 1099 2672 1609 2709">
    <p class='ocr_par' dir='ltr' id='par_1_100' title="bbox 1099 2672 1609 2709">
     <span class='ocr_line' id='line_1_102' title="bbox 1099 2672 1609 2709; baseline 0.008 -12"><span class='ocrx_word' id='word_1_656' title='bbox 1099 2680 1156 2702; x_wconf 84' lang='grc' dir='ltr'>σιν,</span> <span class='ocrx_word' id='word_1_657' title='bbox 1175 2672 1241 2699; x_wconf 77' lang='grc' dir='ltr'>ἀλλὰ</span> <span class='ocrx_word' id='word_1_658' title='bbox 1254 2673 1299 2699; x_wconf 72' lang='grc' dir='ltr'>καὶ</span> <span class='ocrx_word' id='word_1_659' title='bbox 1313 2673 1483 2709; x_wconf 71' lang='grc' dir='ltr'>εὐφροσύνην</span> <span class='ocrx_word' id='word_1_660' title='bbox 1496 2674 1609 2701; x_wconf 84' lang='grc' dir='ltr'>ὠδίνων.</span> 
     </span>
    </p>
   </div>
   <div class='ocr_carea' id='block_1_101' title="bbox 821 2793 1348 2826">
    <p class='ocr_par' dir='ltr' id='par_1_101' title="bbox 821 2793 1348 2826">
     <span class='ocr_line' id='line_1_103' title="bbox 821 2793 1348 2826; baseline 0.004 -5"><span class='ocrx_word' id='word_1_661' title='bbox 821 2794 936 2822; x_wconf 70' lang='grc' dir='ltr'><strong>νΑΙὶῙΑἰ</strong></span> <span class='ocrx_word' id='word_1_662' title='bbox 963 2793 1152 2822; x_wconf 81' lang='lat' dir='ltr'><strong>LECTlONES</strong></span> <span class='ocrx_word' id='word_1_663' title='bbox 1173 2795 1215 2826; x_wconf 82' lang='lat' dir='ltr'><strong>ET</strong></span> <span class='ocrx_word' id='word_1_664' title='bbox 1233 2796 1348 2824; x_wconf 67' lang='grc' dir='ltr'><strong>ΝΟΤίΕ.</strong></span> 
     </span>
    </p>
   </div>
   <div class='ocr_carea' id='block_1_102' title="bbox 303 2862 1067 2906">
    <p class='ocr_par' dir='ltr' id='par_1_102' title="bbox 303 2862 1067 2906">
     <span class='ocr_line' id='line_1_104' title="bbox 303 2862 1067 2906; baseline 0.01 -16"><span class='ocrx_word' id='word_1_665' title='bbox 303 2862 356 2899; x_wconf 82' lang='lat'><strong>(57)</strong></span> <span class='ocrx_word' id='word_1_666' title='bbox 378 2865 494 2900; x_wconf 70' lang='lat' dir='ltr'><strong>Ull‘rqm‘</strong></span> <span class='ocrx_word' id='word_1_667' title='bbox 510 2868 568 2894; x_wconf 82' lang='lat' dir='ltr'><strong>cod.</strong></span> <span class='ocrx_word' id='word_1_668' title='bbox 593 2876 640 2902; x_wconf 90' lang='lat' dir='ltr'><strong>pro</strong></span> <span class='ocrx_word' id='word_1_669' title='bbox 656 2870 849 2905; x_wconf 69' lang='grc' dir='ltr'>καταστρέψων</span> <span class='ocrx_word' id='word_1_670' title='bbox 871 2871 932 2904; x_wconf 62' lang='lat' dir='ltr'><strong>legit</strong></span> <span class='ocrx_word' id='word_1_671' title='bbox 948 2879 1067 2906; x_wconf 65' lang='grc' dir='ltr'>και-«στρ</span> 
     </span>
    </p>
   </div>
   <div class='ocr_carea' id='block_1_103' title="bbox 1105 2862 1311 2906">
    <p class='ocr_par' dir='ltr' id='par_1_103' title="bbox 1106 2873 1311 2906">
     <span class='ocr_line' id='line_1_105' title="bbox 1106 2873 1311 2906; baseline 0.005 -8"><span class='ocrx_word' id='word_1_672' title='bbox 1106 2881 1188 2906; x_wconf 66' lang='lat' dir='ltr'><strong>mpm.</strong></span> <span class='ocrx_word' id='word_1_673' title='bbox 1209 2873 1311 2899; x_wconf 73' lang='lat' dir='ltr'><strong>Possm.</strong></span> 
     </span>
    </p>
   </div>
  </div>
