2064 3162
192 158 260 192 1633

314 213 410 247 ιιιΜὶΤ.
427 227 461 234 »κ-
482 213 662 249 ΑΣΚΛΙΙΠιῼ
681 215 835 250 ΣΟΦΙΣΤῌ.

660 157 927 187 EPISTOLARUM
948 157 1021 187 LIB.
1041 158 1118 188 V.--
1138 160 1255 191 EPIST.
1283 161 1355 192 DLI.

989 217 1012 244 Α
1150 218 1266 246 DXLVI.
1281 234 1316 239 —
1337 218 1506 247 ASCLEPIO
1526 219 1691 248 RIIETORI.

1749 162 1816 196 1534

584 268 685 296 Labore
697 270 789 301 Itonos.
803 276 826 297 et
840 272 892 297 vita
903 277 1016 304 paratur
1027 278 1135 300 «eterna.
1151 273 1241 308 (Conf.
1253 275 1328 309 epist.
1340 276 1415 309 555.)

223 323 371 358 Θαυμάζω,
390 323 450 354 πῶς
469 323 596 358 ’Ὄμηρος
614 324 662 359 μὲν
680 324 725 350 καὶ
738 325 868 360 Πίνδαρος
883 325 974 357 ἀξιοῦ-

188 379 231 397 σιν
245 369 378 404 ἀλκίμους
395 367 466 396 ε’ίναι
482 369 545 401 τοὺς
561 369 592 395 οὐ
608 369 753 404 μέλλοντας
763 371 867 406 λήσειν,
883 371 974 398 εἴποτε

189 416 325 450 ἐγένοντο.
347 416 512 451 Θουκυδίδης
529 416 557 442 δὲ
577 415 669 450 σαφῶς
695 416 822 449 ίκετεύει,
846 417 883 452 μὴ
908 418 974 452 φεύ-

187 470 246 496 γειν
260 461 323 492 τοὺς
349 460 458 493 πόνους,
483 461 499 497 ἢ
516 461 582 496 μηδὲ
598 461 646 492 τὰς
657 461 738 496 τιμὰς
755 461 874 489 διώκειν·
891 463 975 497 Σοφο-

187 507 254 542 κλῆς
272 506 300 532 δὲ
314 506 424 540 φάσκει.
442 506 526 533 Πάνου
542 515 584 532 τοι
595 507 678 542 χωρὶς
693 506 769 533 οὐδὲν
787 507 896 542 εὐτυχεῖ
906 507 972 544 (58)·

186 552 230 578 διὰ
248 551 336 578 πόνων
351 552 400 586 τὴν
414 551 461 578 τοῦ
479 551 533 588 (59)
554 552 612 587 βίου
629 551 793 587 ἀείμνηστον
806 553 884 586 δόξαν
897 553 973 581 ὠνεῖ-

190 597 251 624 σθαι
271 597 336 628 τοὺς
365 597 545 632 πειθομένους
573 597 754 629 διδάσκοντες.
780 599 811 624 Ol
836 598 863 625 δὲ
895 599 973 636 δόξης

189 642 348 678 ἀμαράντου
370 643 460 677 τυχεῖν
477 642 652 678 γλιχόμενοι,
679 643 725 669 καὶ
742 643 879 678 βασιλείας
894 646 974 680 οὐρα-

189 689 243 715 νῶν
257 689 427 724 ὀρεγόμενοι,
443 689 493 715 οὐκ
507 687 555 715 οἷδ’
567 689 641 721 ὅπως
657 690 797 725 νομίζουσι
810 691 854 718 διὰ
870 692 976 727 ῥᾳστώ-

189 744 239 770 νης
252 735 340 770 φιλεῖν
354 735 410 766 τοῖς
425 733 579 769 ἀνθρώποις
591 734 626 761 τὰ
637 735 742 770 χρηστά
759 736 969 771 παραγίνεσθαι.

421 834 510 861 «sle.
529 849 566 855 —
582 835 625 870 Tn
639 834 740 870 ΑΥΤῼ.

528 880 626 907 Orator
643 888 694 907 non
705 888 805 915 semper
823 882 972 916 persuadet.

234 935 344 971 Ἐπειδὴ
357 936 406 971 οὐχ
429 937 443 962 ὁ
462 935 549 970 λέγων
563 935 701 968 τοσοῦτον,
720 936 744 963 εί
760 937 807 963 καὶ
826 938 915 964 πᾶσαν
929 946 972 964 κι-

187 983 257 1016 νήσῃ
274 981 415 1015 δεινότητα
430 980 478 1007 καὶ
489 981 587 1015 τέχνην
600 980 758 1016 ῥητορικὴν,
772 981 906 1008 τεκταίνει
923 982 972 1017 τὴν

187 1024 282 1058 πειθὼ,
300 1025 361 1051 ὅσον
372 1026 385 1051 ό
398 1025 504 1052 ἀκούων
516 1033 522 1038 ·
537 1025 568 1051 οὐ
583 1024 661 1060 θέμις
679 1024 723 1052 τὸν
737 1024 850 1058 λέγοντα
865 1026 917 1061 μὲν
936 1027 971 1053 τὰ

185 1071 298 1106 ἄριστα,
320 1070 358 1107 μὴ
379 1070 506 1097 πείθοντα
529 1070 574 1103 δὲ,
597 1070 692 1105 ψέγειν
707 1079 713 1086 ·
733 1071 791 1098 ἀλλ’
804 1072 909 1098 ἐκεῖνον
923 1071 969 1099 τὸν

185 1115 240 1145 τοῖς
257 1114 412 1150 κρατίστοις
428 1115 571 1149 πεισθῆναι
592 1114 631 1150 μὴ
649 1115 826 1151 ἐθελήσαντα,

413 1169 505 1196 amna
518 1184 554 1189 —
569 1169 612 1205 To
628 1170 730 1206 ΛΥΤῼ.

1064 327 1148 355 Miror
1172 328 1294 362 equidem
1331 328 1476 357 Homerum
1503 334 1530 357 et
1559 329 1703 358 Pindarum
1731 331 1816 358 fortes

1029 373 1201 401 existimasse
1220 380 1277 405 eos,
1300 374 1346 408 qui
1365 382 1416 401 non
1433 375 1563 408 latebunt,
1586 376 1609 404 si
1626 384 1744 411 unquam
1759 376 1816 404 fue-

1029 419 1094 447 rint.
1111 418 1279 454 Thucydides
1302 426 1366 446 vero
1383 420 1454 448 clare
1476 422 1622 456 supplicat,
1639 422 1744 450 labores
1763 430 1815 449 non

1029 464 1134 500 fugere,
1152 468 1199 491 aut
1214 471 1302 498 neque
1322 465 1440 493 honores
1457 466 1567 494 sectari.
1586 467 1735 501 Sophocles
1750 475 1816 494 vero

1030 509 1080 542 ait,
1100 508 1201 543 absque
1224 508 1317 536 labore
1343 508 1409 535 nihil
1433 514 1506 536 recte
1532 510 1600 543 ﬁeri,
1621 512 1757 539 docentes
1782 513 1815 539 ab

1027 556 1072 588 iis,
1087 554 1185 590 quibus
1210 554 1236 581 id
1256 559 1462 588 persuaserunt,
1490 560 1646 588 perpetuam
1672 558 1732 583 vlt-.c
1756 557 1814 591 glo-

1027 601 1096 627 riam
1119 599 1255 628 laboribus
1270 600 1431 634 comparari.
1451 599 1581 628 Oratores
1601 603 1682 629 etiam
1707 605 1814 630 docent.

1027 645 1062 672 At
1076 644 1121 679 qui
1138 643 1388 682 immarcessibi‘lcm
1408 649 1533 679 appetunt
1549 645 1674 679 gloriam,
1691 647 1813 674 caelesti-

1025 698 1078 725 que
1102 690 1209 716 inhiant
1230 697 1323 725 regno,
1342 690 1433 717 nescio
1449 691 1584 725 quomodo
1601 697 1695 725 putant
1720 700 1753 719 ex
1770 692 1813 718 fa-

1025 735 1129 762 cilitate
1153 735 1292 770 animique
1321 735 1468 769 taxatione,
1498 736 1567 764 velle
1595 736 1719 765 homines
1744 738 1813 765 bona

1025 781 1147 815 adipisci.

1265 834 1392 863 DXLVII.
1408 849 1445 855 —
1460 835 1579 863 EIDEM.

1000 879 1092 917 (Conf.
1109 880 1185 915 epist.
1203 880 1267 913 442,
1283 880 1331 908 521
1353 885 1376 907 et
1395 880 1469 916 568.)

992 931 1012 958 Β
1063 935 1286 972 Quandoquidem
1308 941 1410 970 orator,
1432 937 1482 964 etsi
1499 936 1679 971 eloquentiatn
1694 944 1802 964 omnem

1027 986 1168 1017 artemque
1184 982 1348 1010 rhetoricam
1363 983 1490 1016 concitet,
1509 991 1561 1009 non
1587 987 1689 1009 tantum
1705 989 1815 1017 persua-

1025 1028 1098 1061 deat,
1119 1035 1250 1064 quantum
1277 1029 1322 1064 qui
1348 1029 1443 1062 audit;
1472 1036 1526 1055 non
1549 1032 1655 1062 oportet
1679 1028 1814 1055 dicentem

1024 1075 1133 1110 quidem
1148 1075 1259 1110 optima,
1286 1082 1340 1102 non
1366 1075 1576 1110 persuadentem
1601 1078 1688 1102 tamen
1707 1074 1814 1108 vitupe-

1025 1128 1097 1153 rare,
1113 1122 1159 1148 sed
1177 1121 1252 1148 illum
1266 1121 1312 1156 qui
1326 1121 1438 1155 optimis
1455 1119 1613 1155 persuaderi
1629 1127 1682 1147 non
1700 1119 1775 1146 velit.

1257 1175 1299 1204 DX
1305 1175 1395 1203 LVIII.
1412 1190 1447 1196 —
1464 1174 1568 1202 EIDEM
1575 1194 1582 1203 .

432 1225 527 1251 Anima
543 1225 637 1252 virtute
649 1227 761 1257 munita.
773 1226 871 1262 Deique
885 1229 950 1261 freta
968 1232 1081 1265 auxilia,
1100 1233 1169 1260 arcis
1185 1233 1271 1259 instar
1284 1236 1324 1259 est
1338 1230 1562 1266 inexpugnabilis.

218 1280 323 1315 ’Ὠσπερ
338 1279 485 1314 ἀκρόπολις
511 1280 676 1316 ἀπορθήτοις
690 1281 792 1316 τείχεσι
817 1291 964 1318 πεπυργω·

191 1327 279 1362 μένη,
309 1326 446 1361 καταγελᾷ
464 1326 517 1353 τῶν
545 1327 763 1363 πολιορκούντων
778 1329 875 1364 αὐτὴν,
900 1329 971 1357 οὕτω

186 1373 234 1400 καὶ
249 1372 333 1407 ψυχὴί
347 1373 370 1398 εί
393 1374 494 1404 πάσαις
508 1374 567 1404 ταῖς
585 1373 696 1408 ἀρεταῖς
718 1374 817 1410 ἑαυτὴν
838 1376 973 1411 περιφρά-

185 1419 251 1452 Este,
270 1419 316 1445 καί
330 1419 364 1453 τῇ
388 1418 448 1454 θείᾳ
472 1419 616 1454 συμμαχίᾳ
632 1419 811 1454 πυργώσειεν,
823 1422 863 1453 εἰς
875 1422 971 1457 αἰσχύ-

186 1473 235 1500 νην
255 1465 303 1491 καὶ
326 1465 431 1499 γέλωτα
447 1466 652 1500 παρασκευάζει
666 1467 826 1502 τελευτῆσαι
843 1469 901 1500 τοῖς
923 1477 970 1496 πο-

186 1509 337 1548 λιορκοῦσιν
352 1511 437 1547 αὐτὴν
451 1511 485 1538 τὰ
501 1512 696 1547 μηχανήματα.

449 1566 536 1593 (PI/19’.
550 1581 586 1586 ———
601 1566 714 1602 ΗΣΔΙᾼ.

1062 1287 1095 1315 Ut
1122 1295 1170 1315 arx
1188 1286 1443 1322 inexpugnabilibus
1469 1285 1554 1312 muris
1579 1283 1664 1312 cincta
1690 1291 1719 1311 se
1742 1283 1814 1311 obsi-

1025 1333 1121 1360 dentes
1141 1333 1246 1365 irridet,
1265 1333 1301 1359 ita
1324 1337 1352 1359 et
1368 1331 1469 1364 anitna,
1491 1330 1565 1358 otnni
1581 1331 1709 1357 virtutum
1725 1330 1813 1357 cincta

1025 1384 1134 1410 genere,
1159 1377 1261 1412 Deique
1276 1376 1444 1404 communita
1461 1376 1608 1411 adjutorio,
1627 1375 1753 1402 ruborem
1771 1375 1813 1402 in-

1024 1421 1109 1448 cutiet
1127 1421 1280 1456 ridebitque
1293 1428 1352 1448 eam
1366 1420 1581 1455 oppugnantium
1596 1424 1720 1448 conatus.

1267 1565 1383 1594 DXLIX.
1397 1580 1433 1586 —
1447 1565 1563 1593 ISAIE.

462 1622 511 1649 Dei
523 1622 705 1657 longanimitas
720 1625 754 1650 az!
770 1625 948 1656 paenitentiam
960 1625 1065 1652 inritat.
1082 1624 1168 1659 (Rom.
1186 1631 1218 1656 tl,
1236 1623 1262 1650 ι.
1279 1623 1344 1658 Sup.
1360 1624 1436 1658 epist.
1454 1623 1529 1658 526.)

223 1679 269 1715 Μὴ
283 1680 300 1716 ἦ
316 1679 374 1706 θεία
388 1678 563 1714 μακροθυμία.
578 1679 739 1714 ὲπιτριϐἐτω
760 1688 790 1706 σε
802 1681 841 1711 είς
859 1681 971 1713 κακίαν,

1064 1678 1135 1706 Cave
1151 1686 1186 1706 ne
1199 1678 1246 1705 Dei
1262 1677 1452 1712 longanimitas
1465 1677 1498 1704 ad
1513 1677 1612 1704 tnalum
1633 1681 1659 1704 te
1674 1684 1813 1712 provocet,

188 1727 245 1754 ἀλλ’
261 1727 301 1758 εἰς
323 1726 423 1761 ἀρετὴν
439 1725 643 1760 παρακαλείτω.
668 1725 855 1752 Ἀτοπώτατον
867 1726 921 1762 γὰρ
941 1726 972 1752 τὸ

187 1772 230 1799 διὰ
242 1773 295 1798 τῶν
313 1771 423 1805 ἀγαθῶν
439 1770 623 1806 βλάπτεσθαι·
637 1771 737 1805 ἀγαθὸν
751 1771 779 1797 δὲ
798 1772 815 1806 ἡ
834 1771 971 1807 μακροθυ-

190 1818 239 1852 μία
250 1817 324 1843 έλεον
343 1817 391 1851 μὲν
411 1817 467 1848 τοῖς
484 1816 643 1851 μετανοοῡσι
654 1837 661 1849 ,
683 1815 773 1851 κρίσιν
789 1816 816 1843 δὲ
831 1818 886 1848 τοῖς
904 1818 971 1852 ἀμε-

188 1862 327 1897 τανοήτοις
343 1861 485 1888 ὠδίνουσα.

340 1916 404 1943 ΦΝ’.
419 1929 454 1937 --
472 1916 644 1951 ΠᾹΛΛΔΔΙῼ
657 1915 818 1951 ΔΙΑΚοΝῷ

1026 1723 1091 1758 quin
1107 1724 1141 1750 ad
1158 1723 1285 1750 virtutem
1307 1729 1334 1750 te
1350 1724 1442 1758 potius
1458 1724 1562 1750 invitet.
1581 1723 1813 1751 Absurdissimum

1025 1769 1098 1796 enim
1114 1776 1129 1795 a
1147 1775 1177 1795 re
1199 1769 1270 1796 bona
1287 1768 1359 1796 laedi.
1377 1768 1450 1796 Bona
1472 1772 1563 1796 autent
1581 1768 1628 1796 Dei
1652 1773 1693 1796 est
1709 1769 1816 1803 patien-

1026 1814 1073 1847 tia,
1091 1814 1122 1841 ad
1140 1813 1357 1841 misericordiam
1373 1813 1559 1847 resipiscenti;
1583 1818 1613 1840 ut
1629 1818 1722 1841 contra
1742 1813 1814 1848 judi-

1027 1861 1099 1888 cium
1113 1859 1198 1895 gignit
1212 1867 1265 1887 non
1283 1860 1489 1894 paenitentibus.

1187 1915 1241 1943 DL.
1255 1930 1291 1936 —
1303 1914 1473 1943 PALLADIO
1494 1913 1654 1942 DIACONO.

661 1972 785 2000 Summus
803 1971 952 1998 morborum
970 1973 1054 2000 animi
1073 1974 1188 2001 medicus
1203 1972 1271 1999 Deus
1291 1977 1340 1999 est.

226 2028 419 2063 HuvBivopat,
435 2028 475 2054 ὅτι
497 2027 527 2054 τὸ
541 2027 648 2063 νόσημα
673 2027 722 2062 τῆς
745 2027 794 2062 σῆς
816 2027 906 2062 ψυχῆς
920 2027 974 2054 ἀπὸ

192 2074 296 2111 μικρῶν
323 2075 370 2100 καὶ
396 2073 505 2108 φαύλων
525 2073 644 2108 ὁρμηθὲν
673 2072 745 2099 κατὰ
774 2072 828 2099 τῶν
858 2072 973 2108 καιρίων

190 2120 338 2156 ἐχώρησεν,
363 2119 487 2154 ἰατρικῆς
501 2118 599 2153 τέχνης
622 2119 746 2153 κρεῖττον
761 2118 917 2153 γενόμενον.
941 2119 973 2144 Εἰ

189 2165 278 2191 τοίνυν
293 2162 368 2189 ταῦθ’
389 2162 475 2194 οὕτως
490 2163 557 2197 ἔχει,
573 2162 719 2197 ἐπίτρεψον
737 2162 833 2189 ἑαυτὸν
862 2163 895 2197 τῇ
913 2163 974 2188 ἐπι-

191 2211 338 2246 στημονικῇ
354 2209 401 2236 καὶ
418 2208 476 2244 θείᾳ
490 2209 576 2244 χειρί·
621 2208 682 2235 οὗτε
699 2209 814 2244 νόσημα,
830 2207 892 2234 οὔτε
910 2209 974 2243 χρό-

192 2265 246 2289 νος,
272 2256 333 2283 οΰτε
359 2255 439 2291 φύσις
466 2255 539 2281 ἐστὶν
562 2255 723 2286 ἀντίπαλος,
740 2255 788 2281 καὶ
813 2254 912 2290 ῥᾳδίως
935 2254 975 2285 εἰς

190 2302 293 2336 ὑγίειαν
310 2302 567 2336 ἁναστοιχειωθήσῃ.

421 2355 508 2382 ψΝΑι.
529 2370 563 2376 .-
583 2355 763 2390 ΘΕΟΦΑΝΙῼ.

1061 2029 1147 2056 Audio
1178 2029 1261 2056 animi
1287 2029 1325 2055 tui
1349 2028 1489 2058 morbum.
1524 2034 1539 2054 e
1564 2026 1656 2061 parvis
1683 2027 1814 2061 malisque

1026 2073 1108 2101 rebus
1120 2078 1221 2104 ortum,
1237 2072 1367 2107 temporis
1381 2072 1461 2099 ductu
1473 2076 1594 2104 auctum,
1608 2079 1715 2098 omnem
1733 2079 1813 2098 exce-

1026 2119 1090 2146 dere
1111 2119 1276 2146 medicorum
1302 2118 1472 2145 industriam.
1497 2117 1573 2150 Quod
1597 2117 1617 2143 si
1642 2124 1735 2143 verum
1759 2121 1813 2148 est,

1029 2165 1178 2192 curandum
1196 2164 1242 2191 tibi
1258 2168 1286 2190 ut
1301 2164 1441 2198 sapienlim
1457 2163 1557 2197 Deique
1572 2163 1689 2190 dextera:
1701 2167 1727 2189 te
1740 2170 1814 2189 COItl-

1029 2210 1197 2236 mittas:sic
1228 2215 1314 2243 neque
1340 2209 1425 2235 morbi
1450 2207 1506 2241 vis,
1535 2215 1622 2242 neque
1647 2212 1752 2241 tempus
1781 2214 1814 2234 ac

1029 2260 1126 2281 natura
1142 2254 1341 2286 adversabitur,
1368 2254 1460 2288 itaque
1485 2253 1565 2280 facile
1587 2253 1708 2287 pristinae
1734 2253 1813 2279 resti.

991 2294 1014 2322 D
1029 2300 1112 2326 tueris
1129 2299 1286 2326 valetudini.

1206 2353 1286 2387 717
1299 2350 1635 2379 DLI.-—TIIEOPIIANIO.

485 2412 593 2438 Animus
607 2420 623 2437 α
638 2411 802 2445 prwsentium
816 2409 946 2437 malorum
960 2417 1036 2437 sensu
1050 2417 1094 2443 spe
1105 2409 1189 2444 futuri
1209 2409 1270 2435 boni
1289 2408 1458 2435 abducendus
1475 2412 1523 2434 est.

225 2467 277 2495 Τοῦ
299 2467 455 2502 παραυτίκα
475 2465 562 2492 δεινοῦ
585 2465 630 2491 τὸν
662 2464 791 2500 λογισμὸν
823 2464 930 2496 θᾶττον,
951 2461 974 2490 ὦ

190 2513 262 2548 φίλε,
278 2511 441 2546 ἀπαγαγὼν,
459 2511 519 2542 ὅλος
534 2509 614 2544 γενοῦ
625 2509 675 2544 τῆς
690 2509 838 2545 μελλούσης
851 2509 957 2540 ἐλπίδος
967 2517 974 2524 ·

1065 2463 1165 2490 Rerum
1192 2463 1366 2490 molestarum
1391 2462 1481 2489 statim
1509 2461 1701 2497 cogitationem
1729 2460 1812 2494 depo-

1029 2516 1106 2542 nens,
1119 2515 1134 2535 ο
1155 2509 1250 2541 amice,
1268 2515 1342 2542 spem
1351 2509 1462 2542 concipe
1475 2507 1625 2539 meliorem,
1643 2513 1705 2534 cum
1719 2510 1747 2534 et
1763 2512 1813 2533 nos

741 2597 855 2626 VARLE
876 2595 1068 2625 LECTIONES
1087 2595 1131 2623 ET
1148 2594 1266 2623 NOTAE}.

226 2678 282 2714 (5'8)
299 2677 439 2713 Sophoclis
459 2685 552 2714 versus
576 2677 631 2714 hic,
650 2677 680 2714 i_n
703 2675 809 2714 Electri;
825 2680 866 2714 est
884 2685 891 2704 :
911 2676 974 2704 Sine

191 2710 281 2741 labore
296 2710 419 2747 magnum
431 2721 461 2739 ac
477 2713 541 2747 felix
561 2713 636 2739 nihil.
653 2711 756 2739 Similis
776 2710 898 2746 ejusdem
919 2715 974 2738 tra-

191 2749 244 2783 gici
264 2749 335 2782 apud
355 2748 490 2775 Stobteum
511 2752 609 2774 exstat.

265 2806 306 2832 οὔ
325 2806 353 2832 τί
365 2806 431 2833 ποθ’
447 2805 512 2838 ἥξει
526 2804 584 2831 τῶν
594 2804 693 2839 ἄκρων
707 2804 780 2830 ἄνευ
800 2804 903 2831 πόνου.

193 2851 351 2886 Phocylides
364 2850 434 2878 idem
450 2850 538 2884 prodit
555 2857 579 2876 ν.
594 2850 654 2877 155.
666 2849 734 2877 Vide
748 2849 871 2884 proverb.
892 2849 975 2876 Erer-

1026 2674 1116 2702 citatio
1132 2675 1220 2701 omnia
1235 2678 1328 2704 potest.
1341 2673 1428 2700 Locus
1454 2672 1561 2699 Homeri
1577 2678 1657 2704 supra
1679 2671 1811 2698 excitatus

1028 2714 1069 2736 est
1086 2708 1180 2743 Odyss.
1199 2717 1244 2741 xv,
1261 2709 1323 2736 397.
1350 2709 1447 2735 Cicero
1461 2715 1492 2734 et
1520 2706 1657 2743 Euripide,
1678 2706 1723 2732 lib.
1743 2713 1760 2732 ιι
1778 2706 1815 2732 De

1029 2741 1136 2778 ﬁnibus;
1146 2753 1155 2770 ι
1169 2751 1278 2771 suavem
1292 2751 1352 2770 esse
1367 2743 1489 2769 laborum
1503 2741 1816 2778 prajtcritorntn‘memo-

1031 2774 1098 2805 riam
1118 2774 1132 2804 ί
1150 2779 1196 2806 ait.
1211 2778 1378 2813 Thucydidis
1395 2781 1482 2803 autem
1501 2774 1580 2813 verba
1599 2774 1670 2809 legas
1690 2775 1734 2802 lib.
1751 2782 1770 2802 ll
1787 2775 1814 2802 in

1029 2818 1099 2841 oral.
1118 2813 1230 2841 Periclis
1245 2815 1277 2839 ad
1291 2811 1482 2839 'Atltonienscs.
1499 2811 1618 2837 Scuor-r.

1065 2838 1318 2883 (ὗθίὸοιιῖίζ-νλιιίε.
1332 2838 1385 2874 (350
1399 2850 1425 2873 ct
1443 2846 1505 2877 Alt.,
1521 2844 1628 2872 τούτου.
1651 2838 1756 2872 Po‘sstn.
