  <div class='ocr_page' id='page_1' title='image "/cluster/home/n/w/nwhite01/storage/ocr_20150623/78/njp.32101077772794/901.png"; bbox 0 0 2064 3162; ppageno 0'>
   <div class='ocr_carea' id='block_1_1' title="bbox 258 151 325 183">
    <p class='ocr_par' dir='ltr' id='par_1_1' title="bbox 258 151 325 183">
     <span class='ocr_line' id='line_1_1' title="bbox 258 151 325 183; baseline 0.015 -1"><span class='ocrx_word' id='word_1_1' title='bbox 258 151 325 183; x_wconf 82' lang='lat'><strong>1639</strong></span> 
     </span>
    </p>
   </div>
   <div class='ocr_carea' id='block_1_2' title="bbox 851 139 1286 180">
    <p class='ocr_par' dir='ltr' id='par_1_2' title="bbox 851 139 1286 180">
     <span class='ocr_line' id='line_1_2' title="bbox 851 139 1286 180; baseline 0.007 -3"><span class='ocrx_word' id='word_1_2' title='bbox 851 149 881 178; x_wconf 88' lang='lat' dir='ltr'><strong>s.</strong></span> <span class='ocrx_word' id='word_1_3' title='bbox 903 147 1048 178; x_wconf 75' lang='lat' dir='ltr'><strong>ISlDOltl</strong></span> <span class='ocrx_word' id='word_1_4' title='bbox 1071 139 1286 180; x_wconf 60' lang='lat' dir='ltr'><strong>i’ELUSlOTzE</strong></span> 
     </span>
    </p>
   </div>
   <div class='ocr_carea' id='block_1_3' title="bbox 1817 152 1888 186">
    <p class='ocr_par' dir='ltr' id='par_1_3' title="bbox 1817 152 1888 186">
     <span class='ocr_line' id='line_1_3' title="bbox 1817 152 1888 186; baseline 0.014 -1"><span class='ocrx_word' id='word_1_5' title='bbox 1817 152 1888 186; x_wconf 71' lang='grc' dir='ltr'>ιθιο</span> 
     </span>
    </p>
   </div>
   <div class='ocr_carea' id='block_1_4' title="bbox 256 202 1045 244">
    <p class='ocr_par' dir='ltr' id='par_1_4' title="bbox 256 202 1043 242">
     <span class='ocr_line' id='line_1_4' title="bbox 256 202 1043 242; baseline -0.006 -8"><span class='ocrx_word' id='word_1_6' title='bbox 256 215 312 242; x_wconf 73' lang='lat' dir='ltr'><strong>prae</strong></span> <span class='ocrx_word' id='word_1_7' title='bbox 326 210 404 234; x_wconf 73' lang='lat' dir='ltr'><strong>tetate</strong></span> <span class='ocrx_word' id='word_1_8' title='bbox 419 205 559 234; x_wconf 88' lang='lat' dir='ltr'><strong>desinere?</strong></span> <span class='ocrx_word' id='word_1_9' title='bbox 573 205 638 237; x_wconf 89' lang='lat' dir='ltr'><strong>Cur,</strong></span> <span class='ocrx_word' id='word_1_10' title='bbox 652 206 754 239; x_wconf 53' lang='lat' dir='ltr'><strong>quasso,</strong></span> <span class='ocrx_word' id='word_1_11' title='bbox 764 204 831 230; x_wconf 88' lang='lat' dir='ltr'><strong>:tdeo</strong></span> <span class='ocrx_word' id='word_1_12' title='bbox 841 203 961 230; x_wconf 87' lang='lat' dir='ltr'><strong>insanis?</strong></span> <span class='ocrx_word' id='word_1_13' title='bbox 975 202 1043 236; x_wconf 84' lang='lat' dir='ltr'><strong>Quid</strong></span> 
     </span>
    </p>
   </div>
   <div class='ocr_carea' id='block_1_5' title="bbox 1098 202 1888 244">
    <p class='ocr_par' dir='ltr' id='par_1_5' title="bbox 1098 203 1888 244">
     <span class='ocr_line' id='line_1_5' title="bbox 1098 203 1888 244; baseline 0.009 -15"><span class='ocrx_word' id='word_1_14' title='bbox 1098 203 1217 238; x_wconf 83' lang='grc' dir='ltr'>ἡλικίαν;</span> <span class='ocrx_word' id='word_1_15' title='bbox 1230 205 1263 230; x_wconf 92' lang='grc' dir='ltr'>Τί</span> <span class='ocrx_word' id='word_1_16' title='bbox 1274 206 1398 232; x_wconf 65' lang='grc' dir='ltr'>τοσοῦτον</span> <span class='ocrx_word' id='word_1_17' title='bbox 1413 207 1529 243; x_wconf 79' lang='grc' dir='ltr'>λυττᾷς;</span> <span class='ocrx_word' id='word_1_18' title='bbox 1545 208 1576 234; x_wconf 89' lang='grc' dir='ltr'>Τί</span> <span class='ocrx_word' id='word_1_19' title='bbox 1588 209 1649 241; x_wconf 82' lang='grc' dir='ltr'>τοὺς</span> <span class='ocrx_word' id='word_1_20' title='bbox 1664 209 1718 236; x_wconf 84' lang='grc' dir='ltr'><strong>τῶν</strong></span> <span class='ocrx_word' id='word_1_21' title='bbox 1730 209 1888 244; x_wconf 75' lang='grc' dir='ltr'><strong>ἐπιθυμιῶν</strong></span> 
     </span>
    </p>
   </div>
   <div class='ocr_carea' id='block_1_6' title="bbox 255 249 1038 288">
    <p class='ocr_par' dir='ltr' id='par_1_6' title="bbox 255 249 1038 288">
     <span class='ocr_line' id='line_1_6' title="bbox 255 249 1038 288; baseline -0.006 -9"><span class='ocrx_word' id='word_1_22' title='bbox 255 253 411 288; x_wconf 69' lang='lat' dir='ltr'><strong>cupiditatis</strong></span> <span class='ocrx_word' id='word_1_23' title='bbox 428 252 537 280; x_wconf 76' lang='lat' dir='ltr'><strong>excedis</strong></span> <span class='ocrx_word' id='word_1_24' title='bbox 553 251 639 278; x_wconf 77' lang='lat' dir='ltr'><strong>flues?</strong></span> <span class='ocrx_word' id='word_1_25' title='bbox 656 250 705 288; x_wconf 73' lang='lat' dir='ltr'><strong>Vel</strong></span> <span class='ocrx_word' id='word_1_26' title='bbox 721 251 812 284; x_wconf 86' lang='lat' dir='ltr'><strong>itaque</strong></span> <span class='ocrx_word' id='word_1_27' title='bbox 827 249 915 276; x_wconf 81' lang='lat' dir='ltr'><strong>abhis</strong></span> <span class='ocrx_word' id='word_1_28' title='bbox 929 249 1038 281; x_wconf 76' lang='lat' dir='ltr'><strong>desiste,</strong></span> 
     </span>
    </p>
   </div>
   <div class='ocr_carea' id='block_1_7' title="bbox 255 298 572 327">
    <p class='ocr_par' dir='ltr' id='par_1_7' title="bbox 255 298 572 327">
     <span class='ocr_line' id='line_1_7' title="bbox 255 298 572 327; baseline -0.009 0"><span class='ocrx_word' id='word_1_29' title='bbox 255 300 296 327; x_wconf 85' lang='lat' dir='ltr'><strong>vel</strong></span> <span class='ocrx_word' id='word_1_30' title='bbox 310 299 344 326; x_wconf 87' lang='lat' dir='ltr'><strong>ab</strong></span> <span class='ocrx_word' id='word_1_31' title='bbox 366 300 444 327; x_wconf 85' lang='lat' dir='ltr'><strong>altari</strong></span> <span class='ocrx_word' id='word_1_32' title='bbox 459 298 572 326; x_wconf 78' lang='lat' dir='ltr'><strong>abstine.</strong></span> 
     </span>
    </p>
   </div>
   <div class='ocr_carea' id='block_1_8' title="bbox 395 350 895 380">
    <p class='ocr_par' dir='ltr' id='par_1_8' title="bbox 395 350 895 380">
     <span class='ocr_line' id='line_1_8' title="bbox 395 350 895 380; baseline -0.006 0"><span class='ocrx_word' id='word_1_33' title='bbox 395 353 508 380; x_wconf 67' lang='lat' dir='ltr'><strong>DLXIII.</strong></span> <span class='ocrx_word' id='word_1_34' title='bbox 519 367 554 372; x_wconf 96' lang='lat'><strong><em>—</em></strong></span> <span class='ocrx_word' id='word_1_35' title='bbox 568 351 703 380; x_wconf 76' lang='lat' dir='ltr'><strong>SERENO</strong></span> <span class='ocrx_word' id='word_1_36' title='bbox 732 350 895 379; x_wconf 82' lang='lat' dir='ltr'><strong>TRIBUNO.</strong></span> 
     </span>
    </p>
   </div>
   <div class='ocr_carea' id='block_1_9' title="bbox 1095 249 1887 292">
    <p class='ocr_par' dir='ltr' id='par_1_9' title="bbox 1095 249 1887 292">
     <span class='ocr_line' id='line_1_9' title="bbox 1095 249 1887 292; baseline 0.011 -17"><span class='ocrx_word' id='word_1_37' title='bbox 1095 249 1269 285; x_wconf 71' lang='grc' dir='ltr'>ὑπερδαίνεις</span> <span class='ocrx_word' id='word_1_38' title='bbox 1277 251 1373 286; x_wconf 77' lang='grc' dir='ltr'>ὃρουςς</span> <span class='ocrx_word' id='word_1_39' title='bbox 1386 253 1420 278; x_wconf 83' lang='grc' dir='ltr'><em>Ἢ</em></span> <span class='ocrx_word' id='word_1_40' title='bbox 1437 252 1560 280; x_wconf 75' lang='grc' dir='ltr'><strong>πέπαυσο</strong></span> <span class='ocrx_word' id='word_1_41' title='bbox 1573 256 1662 282; x_wconf 80' lang='grc' dir='ltr'>τοίνυν</span> <span class='ocrx_word' id='word_1_42' title='bbox 1676 255 1789 283; x_wconf 80' lang='grc' dir='ltr'>τοιαῦτα</span> <span class='ocrx_word' id='word_1_43' title='bbox 1799 255 1887 292; x_wconf 83' lang='grc' dir='ltr'>δρῶν,</span> 
     </span>
    </p>
   </div>
   <div class='ocr_carea' id='block_1_10' title="bbox 1094 293 1601 334">
    <p class='ocr_par' dir='ltr' id='par_1_10' title="bbox 1094 293 1601 334">
     <span class='ocr_line' id='line_1_10' title="bbox 1094 293 1601 334; baseline 0.014 -14"><span class='ocrx_word' id='word_1_44' title='bbox 1094 295 1110 330; x_wconf 82' lang='grc' dir='ltr'><strong>ἢ</strong></span> <span class='ocrx_word' id='word_1_45' title='bbox 1129 293 1206 331; x_wconf 70' lang='grc' dir='ltr'>εἶργε</span> <span class='ocrx_word' id='word_1_46' title='bbox 1224 296 1321 323; x_wconf 81' lang='grc' dir='ltr'>σαυτὸν</span> <span class='ocrx_word' id='word_1_47' title='bbox 1334 297 1382 323; x_wconf 81' lang='grc' dir='ltr'><strong>τοῦ</strong></span> <span class='ocrx_word' id='word_1_48' title='bbox 1398 297 1601 334; x_wconf 84' lang='grc' dir='ltr'>θυσιαστηρίου.</span> 
     </span>
    </p>
   </div>
   <div class='ocr_carea' id='block_1_11' title="bbox 1243 350 1734 389">
    <p class='ocr_par' dir='ltr' id='par_1_11' title="bbox 1243 350 1734 389">
     <span class='ocr_line' id='line_1_11' title="bbox 1243 350 1734 389; baseline 0.01 -13"><span class='ocrx_word' id='word_1_49' title='bbox 1243 350 1323 377; x_wconf 71' lang='grc' dir='ltr'><strong>ΦΞΓν.</strong></span> <span class='ocrx_word' id='word_1_50' title='bbox 1343 366 1376 371; x_wconf 92' lang='grc'><strong><em>-</em></strong></span> <span class='ocrx_word' id='word_1_51' title='bbox 1397 351 1534 387; x_wconf 78' lang='grc' dir='ltr'><strong>ΣΕΡΗΝῼ</strong></span> <span class='ocrx_word' id='word_1_52' title='bbox 1551 353 1734 389; x_wconf 76' lang='lat' dir='ltr'><strong>TPiBoer.</strong></span> 
     </span>
    </p>
   </div>
   <div class='ocr_carea' id='block_1_12' title="bbox 481 395 1649 433">
    <p class='ocr_par' dir='ltr' id='par_1_12' title="bbox 481 395 1649 433">
     <span class='ocr_line' id='line_1_12' title="bbox 481 395 1649 433; baseline 0 -8"><span class='ocrx_word' id='word_1_53' title='bbox 481 398 580 426; x_wconf 77' lang='lat' dir='ltr'><strong>Virtuti</strong></span> <span class='ocrx_word' id='word_1_54' title='bbox 594 399 681 432; x_wconf 77' lang='lat' dir='ltr'><strong>potius</strong></span> <span class='ocrx_word' id='word_1_55' title='bbox 693 405 772 433; x_wconf 84' lang='lat' dir='ltr'><strong>quam</strong></span> <span class='ocrx_word' id='word_1_56' title='bbox 786 398 878 432; x_wconf 73' lang='lat' dir='ltr'><strong>gloria:</strong></span> <span class='ocrx_word' id='word_1_57' title='bbox 892 395 1055 424; x_wconf 76' lang='lat' dir='ltr'><strong>serviendum</strong></span> <span class='ocrx_word' id='word_1_58' title='bbox 1068 405 1078 430; x_wconf 75' lang='grc' dir='ltr'><strong>ς</strong></span> <span class='ocrx_word' id='word_1_59' title='bbox 1091 396 1144 424; x_wconf 56' lang='lat' dir='ltr'><strong>huic</strong></span> <span class='ocrx_word' id='word_1_60' title='bbox 1165 397 1233 423; x_wconf 84' lang='lat' dir='ltr'><strong>enim</strong></span> <span class='ocrx_word' id='word_1_61' title='bbox 1248 397 1324 431; x_wconf 69' lang='lat' dir='ltr'><strong>ﬂuxu</strong></span> <span class='ocrx_word' id='word_1_62' title='bbox 1337 402 1361 424; x_wconf 85' lang='lat' dir='ltr'><strong>et</strong></span> <span class='ocrx_word' id='word_1_63' title='bbox 1373 398 1466 432; x_wconf 76' lang='lat' dir='ltr'><strong>fugax,</strong></span> <span class='ocrx_word' id='word_1_64' title='bbox 1481 398 1529 424; x_wconf 82' lang='lat' dir='ltr'><strong>illa</strong></span> <span class='ocrx_word' id='word_1_65' title='bbox 1539 403 1649 426; x_wconf 69' lang='lat' dir='ltr'><strong>(eterna.</strong></span> 
     </span>
    </p>
   </div>
   <div class='ocr_carea' id='block_1_13' title="bbox 291 450 1039 488">
    <p class='ocr_par' dir='ltr' id='par_1_13' title="bbox 291 450 1039 488">
     <span class='ocr_line' id='line_1_13' title="bbox 291 450 1039 488; baseline -0.005 -7"><span class='ocrx_word' id='word_1_66' title='bbox 291 453 383 481; x_wconf 84' lang='lat' dir='ltr'><strong>Mundi</strong></span> <span class='ocrx_word' id='word_1_67' title='bbox 404 453 483 488; x_wconf 84' lang='lat' dir='ltr'><strong>hujus</strong></span> <span class='ocrx_word' id='word_1_68' title='bbox 495 453 579 488; x_wconf 74' lang='lat' dir='ltr'><strong>gloria</strong></span> <span class='ocrx_word' id='word_1_69' title='bbox 604 452 787 480; x_wconf 85' lang='lat' dir='ltr'><strong>ltemerocales</strong></span> <span class='ocrx_word' id='word_1_70' title='bbox 799 457 840 479; x_wconf 86' lang='lat' dir='ltr'><strong>est</strong></span> <span class='ocrx_word' id='word_1_71' title='bbox 857 451 921 487; x_wconf 74' lang='lat' dir='ltr'><strong>[hoc</strong></span> <span class='ocrx_word' id='word_1_72' title='bbox 935 457 978 478; x_wconf 87' lang='lat' dir='ltr'><strong>est</strong></span> <span class='ocrx_word' id='word_1_73' title='bbox 991 450 1039 478; x_wconf 75' lang='lat' dir='ltr'><strong>[los</strong></span> 
     </span>
    </p>
   </div>
   <div class='ocr_carea' id='block_1_14' title="bbox 255 497 1040 533">
    <p class='ocr_par' dir='ltr' id='par_1_14' title="bbox 255 497 1040 533">
     <span class='ocr_line' id='line_1_14' title="bbox 255 497 1040 533; baseline -0.004 -6"><span class='ocrx_word' id='word_1_74' title='bbox 255 508 310 527; x_wconf 88' lang='lat' dir='ltr'><strong>uno</strong></span> <span class='ocrx_word' id='word_1_75' title='bbox 334 500 378 527; x_wconf 88' lang='lat' dir='ltr'><strong>die</strong></span> <span class='ocrx_word' id='word_1_76' title='bbox 401 499 534 526; x_wconf 71' lang='lat' dir='ltr'><strong>duntaxat</strong></span> <span class='ocrx_word' id='word_1_77' title='bbox 558 497 683 533; x_wconf 79' lang='lat' dir='ltr'><strong>ﬂoreus].</strong></span> <span class='ocrx_word' id='word_1_78' title='bbox 698 498 732 524; x_wconf 88' lang='lat' dir='ltr'><strong>At</strong></span> <span class='ocrx_word' id='word_1_79' title='bbox 753 497 862 524; x_wconf 83' lang='lat' dir='ltr'><strong>virtutis</strong></span> <span class='ocrx_word' id='word_1_80' title='bbox 880 497 963 524; x_wconf 85' lang='lat' dir='ltr'><strong>decus</strong></span> <span class='ocrx_word' id='word_1_81' title='bbox 979 503 1040 524; x_wconf 87' lang='lat' dir='ltr'><strong>esse</strong></span> 
     </span>
    </p>
   </div>
   <div class='ocr_carea' id='block_1_15' title="bbox 257 541 1043 578">
    <p class='ocr_par' dir='ltr' id='par_1_15' title="bbox 257 541 1043 578">
     <span class='ocr_line' id='line_1_15' title="bbox 257 541 1043 578; baseline -0.005 -6"><span class='ocrx_word' id='word_1_82' title='bbox 257 545 477 572; x_wconf 78' lang='lat' dir='ltr'><strong>iunnorcessibile</strong></span> <span class='ocrx_word' id='word_1_83' title='bbox 495 545 600 578; x_wconf 83' lang='lat' dir='ltr'><strong>[ineque</strong></span> <span class='ocrx_word' id='word_1_84' title='bbox 617 550 725 574; x_wconf 81' lang='lat' dir='ltr'><strong>carens,</strong></span> <span class='ocrx_word' id='word_1_85' title='bbox 741 542 840 576; x_wconf 84' lang='lat' dir='ltr'><strong>quivis,</strong></span> <span class='ocrx_word' id='word_1_86' title='bbox 855 541 897 568; x_wconf 90' lang='lat' dir='ltr'><strong>cui</strong></span> <span class='ocrx_word' id='word_1_87' title='bbox 921 548 996 568; x_wconf 90' lang='lat' dir='ltr'><strong>mens</strong></span> <span class='ocrx_word' id='word_1_88' title='bbox 1008 542 1043 568; x_wconf 83' lang='lat' dir='ltr'><strong>sit</strong></span> 
     </span>
    </p>
   </div>
   <div class='ocr_carea' id='block_1_16' title="bbox 255 586 1045 624">
    <p class='ocr_par' dir='ltr' id='par_1_16' title="bbox 255 586 1045 624">
     <span class='ocr_line' id='line_1_16' title="bbox 255 586 1045 624; baseline -0.004 -7"><span class='ocrx_word' id='word_1_89' title='bbox 255 599 287 618; x_wconf 79' lang='lat' dir='ltr'><strong>ac</strong></span> <span class='ocrx_word' id='word_1_90' title='bbox 308 590 620 624; x_wconf 84' lang='lat' dir='ltr'><strong>prudentia,allirmarit.</strong></span> <span class='ocrx_word' id='word_1_91' title='bbox 637 587 708 615; x_wconf 86' lang='lat' dir='ltr'><strong>Nihil</strong></span> <span class='ocrx_word' id='word_1_92' title='bbox 736 595 800 614; x_wconf 86' lang='lat' dir='ltr'><strong>vero</strong></span> <span class='ocrx_word' id='word_1_93' title='bbox 826 586 1045 619; x_wconf 86' lang='lat' dir='ltr'><strong>tnirum,multos</strong></span> 
     </span>
    </p>
   </div>
   <div class='ocr_carea' id='block_1_17' title="bbox 257 633 1046 671">
    <p class='ocr_par' dir='ltr' id='par_1_17' title="bbox 257 633 1046 671">
     <span class='ocr_line' id='line_1_17' title="bbox 257 633 1046 671; baseline -0.005 -7"><span class='ocrx_word' id='word_1_94' title='bbox 257 637 330 664; x_wconf 79' lang='lat' dir='ltr'><strong>illum</strong></span> <span class='ocrx_word' id='word_1_95' title='bbox 345 642 484 671; x_wconf 86' lang='lat' dir='ltr'><strong>expetere,</strong></span> <span class='ocrx_word' id='word_1_96' title='bbox 504 635 574 662; x_wconf 85' lang='lat' dir='ltr'><strong>hanc</strong></span> <span class='ocrx_word' id='word_1_97' title='bbox 586 642 649 661; x_wconf 88' lang='lat' dir='ltr'><strong>vero</strong></span> <span class='ocrx_word' id='word_1_98' title='bbox 668 634 821 668; x_wconf 75' lang='lat' dir='ltr'><strong>repudiare,</strong></span> <span class='ocrx_word' id='word_1_99' title='bbox 838 641 898 660; x_wconf 83' lang='lat' dir='ltr'><strong>cum</strong></span> <span class='ocrx_word' id='word_1_100' title='bbox 910 637 937 660; x_wconf 87' lang='lat' dir='ltr'><strong>et</strong></span> <span class='ocrx_word' id='word_1_101' title='bbox 951 633 1046 667; x_wconf 64' lang='lat' dir='ltr'><strong>aegroti</strong></span> 
     </span>
    </p>
   </div>
   <div class='ocr_carea' id='block_1_18' title="bbox 257 679 1043 716">
    <p class='ocr_par' dir='ltr' id='par_1_18' title="bbox 257 679 1043 716">
     <span class='ocr_line' id='line_1_18' title="bbox 257 679 1043 716; baseline -0.006 -6"><span class='ocrx_word' id='word_1_102' title='bbox 257 683 381 710; x_wconf 72' lang='lat' dir='ltr'><strong>salubres</strong></span> <span class='ocrx_word' id='word_1_103' title='bbox 396 681 520 716; x_wconf 80' lang='lat' dir='ltr'><strong>rejiciant</strong></span> <span class='ocrx_word' id='word_1_104' title='bbox 537 681 625 712; x_wconf 87' lang='lat' dir='ltr'><strong>cibos,</strong></span> <span class='ocrx_word' id='word_1_105' title='bbox 637 680 805 707; x_wconf 81' lang='lat' dir='ltr'><strong>delectentur</strong></span> <span class='ocrx_word' id='word_1_106' title='bbox 826 684 915 706; x_wconf 86' lang='lat' dir='ltr'><strong>autem</strong></span> <span class='ocrx_word' id='word_1_107' title='bbox 933 679 1021 706; x_wconf 78' lang='lat' dir='ltr'><strong>noxiis</strong></span> <span class='ocrx_word' id='word_1_108' title='bbox 1037 688 1043 706; x_wconf 87' lang='lat'><strong>:</strong></span> 
     </span>
    </p>
   </div>
   <div class='ocr_carea' id='block_1_19' title="bbox 257 725 1044 759">
    <p class='ocr_par' dir='ltr' id='par_1_19' title="bbox 257 725 1044 759">
     <span class='ocr_line' id='line_1_19' title="bbox 257 725 1044 759; baseline -0.004 -5"><span class='ocrx_word' id='word_1_109' title='bbox 257 734 284 754; x_wconf 93' lang='lat' dir='ltr'><strong>et</strong></span> <span class='ocrx_word' id='word_1_110' title='bbox 300 728 433 755; x_wconf 86' lang='lat' dir='ltr'><strong>libidinosi</strong></span> <span class='ocrx_word' id='word_1_111' title='bbox 449 726 627 754; x_wconf 84' lang='lat' dir='ltr'><strong>concubinam</strong></span> <span class='ocrx_word' id='word_1_112' title='bbox 643 725 761 752; x_wconf 71' lang='lat' dir='ltr'><strong>cordata:</strong></span> <span class='ocrx_word' id='word_1_113' title='bbox 773 729 940 759; x_wconf 78' lang='lat' dir='ltr'><strong>anteponunt</strong></span> <span class='ocrx_word' id='word_1_114' title='bbox 955 725 1044 751; x_wconf 85' lang='lat' dir='ltr'><strong>uxori.</strong></span> 
     </span>
    </p>
   </div>
   <div class='ocr_carea' id='block_1_20' title="bbox 258 772 1044 808">
    <p class='ocr_par' dir='ltr' id='par_1_20' title="bbox 258 772 1044 808">
     <span class='ocr_line' id='line_1_20' title="bbox 258 772 1044 808; baseline -0.004 -7"><span class='ocrx_word' id='word_1_115' title='bbox 258 774 342 801; x_wconf 87' lang='lat' dir='ltr'><strong>Decet</strong></span> <span class='ocrx_word' id='word_1_116' title='bbox 359 774 448 808; x_wconf 84' lang='lat' dir='ltr'><strong>itaque</strong></span> <span class='ocrx_word' id='word_1_117' title='bbox 469 773 660 808; x_wconf 84' lang='lat' dir='ltr'><strong>prudentiores</strong></span> <span class='ocrx_word' id='word_1_118' title='bbox 678 780 732 799; x_wconf 92' lang='lat' dir='ltr'><strong>non</strong></span> <span class='ocrx_word' id='word_1_119' title='bbox 746 772 780 799; x_wconf 80' lang='lat' dir='ltr'><strong>ab</strong></span> <span class='ocrx_word' id='word_1_120' title='bbox 803 772 892 806; x_wconf 71' lang='lat' dir='ltr'><strong>aegris,</strong></span> <span class='ocrx_word' id='word_1_121' title='bbox 904 772 950 799; x_wconf 90' lang='lat' dir='ltr'><strong>sed</strong></span> <span class='ocrx_word' id='word_1_122' title='bbox 966 779 980 798; x_wconf 82' lang='lat' dir='ltr'><strong>a</strong></span> <span class='ocrx_word' id='word_1_123' title='bbox 999 779 1044 799; x_wconf 85' lang='lat' dir='ltr'><strong>sa-</strong></span> 
     </span>
    </p>
   </div>
   <div class='ocr_carea' id='block_1_21' title="bbox 260 817 853 854">
    <p class='ocr_par' dir='ltr' id='par_1_21' title="bbox 260 817 853 854">
     <span class='ocr_line' id='line_1_21' title="bbox 260 817 853 854; baseline -0.003 -8"><span class='ocrx_word' id='word_1_124' title='bbox 260 820 302 846; x_wconf 88' lang='lat' dir='ltr'><strong>nis</strong></span> <span class='ocrx_word' id='word_1_125' title='bbox 314 821 444 854; x_wconf 67' lang='lat' dir='ltr'><strong>boumque</strong></span> <span class='ocrx_word' id='word_1_126' title='bbox 457 818 556 846; x_wconf 89' lang='lat' dir='ltr'><strong>mentis</strong></span> <span class='ocrx_word' id='word_1_127' title='bbox 570 825 677 845; x_wconf 84' lang='lat' dir='ltr'><strong>sumere</strong></span> <span class='ocrx_word' id='word_1_128' title='bbox 691 817 853 852; x_wconf 83' lang='lat' dir='ltr'><strong>exemplum.</strong></span> 
     </span>
    </p>
   </div>
   <div class='ocr_carea' id='block_1_22' title="bbox 1130 453 1888 491">
    <p class='ocr_par' dir='ltr' id='par_1_22' title="bbox 1130 453 1888 491">
     <span class='ocr_line' id='line_1_22' title="bbox 1130 453 1888 491; baseline 0.005 -13"><span class='ocrx_word' id='word_1_129' title='bbox 1130 453 1191 479; x_wconf 85' lang='grc' dir='ltr'><strong>Ὀτι</strong></span> <span class='ocrx_word' id='word_1_130' title='bbox 1207 453 1379 489; x_wconf 79' lang='grc' dir='ltr'>ἡμεροκαλές</span> <span class='ocrx_word' id='word_1_131' title='bbox 1395 453 1451 487; x_wconf 76' lang='grc'><strong>(65)</strong></span> <span class='ocrx_word' id='word_1_132' title='bbox 1465 454 1524 480; x_wconf 80' lang='grc' dir='ltr'>ἐστι</span> <span class='ocrx_word' id='word_1_133' title='bbox 1535 474 1542 486; x_wconf 89' lang='grc'><em>,</em></span> <span class='ocrx_word' id='word_1_134' title='bbox 1554 455 1706 486; x_wconf 78' lang='grc' dir='ltr'><strong>τουτέστιν,</strong></span> <span class='ocrx_word' id='word_1_135' title='bbox 1722 455 1803 487; x_wconf 79' lang='grc' dir='ltr'>ἄνθος</span> <span class='ocrx_word' id='word_1_136' title='bbox 1819 457 1888 491; x_wconf 77' lang='grc' dir='ltr'>πρὸς</span> 
     </span>
    </p>
   </div>
   <div class='ocr_carea' id='block_1_23' title="bbox 1094 497 1887 536">
    <p class='ocr_par' dir='ltr' id='par_1_23' title="bbox 1094 497 1887 536">
     <span class='ocr_line' id='line_1_23' title="bbox 1094 497 1887 536; baseline 0.004 -12"><span class='ocrx_word' id='word_1_137' title='bbox 1094 497 1158 533; x_wconf 87' lang='grc' dir='ltr'>μίαν</span> <span class='ocrx_word' id='word_1_138' title='bbox 1175 498 1258 534; x_wconf 79' lang='grc' dir='ltr'>μόνην</span> <span class='ocrx_word' id='word_1_139' title='bbox 1276 498 1369 533; x_wconf 78' lang='grc' dir='ltr'>σχεδὸν</span> <span class='ocrx_word' id='word_1_140' title='bbox 1382 499 1488 534; x_wconf 85' lang='grc' dir='ltr'><strong>ἡμέραν</strong></span> <span class='ocrx_word' id='word_1_141' title='bbox 1503 500 1640 535; x_wconf 73' lang='grc' dir='ltr'>ἀκμάζον,</span> <span class='ocrx_word' id='word_1_142' title='bbox 1658 500 1688 526; x_wconf 87' lang='grc' dir='ltr'>τδ</span> <span class='ocrx_word' id='word_1_143' title='bbox 1700 501 1826 536; x_wconf 80' lang='grc' dir='ltr'><strong>δοξάριον</strong></span> <span class='ocrx_word' id='word_1_144' title='bbox 1840 502 1887 528; x_wconf 77' lang='grc' dir='ltr'>τοῦ</span> 
     </span>
    </p>
   </div>
   <div class='ocr_carea' id='block_1_24' title="bbox 1094 542 1888 582">
    <p class='ocr_par' dir='ltr' id='par_1_24' title="bbox 1094 542 1888 582">
     <span class='ocr_line' id='line_1_24' title="bbox 1094 542 1888 582; baseline 0.005 -13"><span class='ocrx_word' id='word_1_145' title='bbox 1094 542 1197 578; x_wconf 78' lang='grc' dir='ltr'>κόσμου</span> <span class='ocrx_word' id='word_1_146' title='bbox 1211 543 1323 576; x_wconf 84' lang='grc' dir='ltr'>τούτου,</span> <span class='ocrx_word' id='word_1_147' title='bbox 1342 544 1358 580; x_wconf 86' lang='grc' dir='ltr'>ὴ</span> <span class='ocrx_word' id='word_1_148' title='bbox 1379 545 1408 571; x_wconf 76' lang='grc' dir='ltr'><strong>δὲ</strong></span> <span class='ocrx_word' id='word_1_149' title='bbox 1422 545 1471 578; x_wconf 83' lang='grc' dir='ltr'>τῆς</span> <span class='ocrx_word' id='word_1_150' title='bbox 1487 545 1587 579; x_wconf 84' lang='grc' dir='ltr'>ἀρετῆς</span> <span class='ocrx_word' id='word_1_151' title='bbox 1604 545 1714 572; x_wconf 75' lang='grc' dir='ltr'><strong>εὔκλεια</strong></span> <span class='ocrx_word' id='word_1_152' title='bbox 1728 546 1888 582; x_wconf 80' lang='grc' dir='ltr'>ἀμάραντός</span> 
     </span>
    </p>
   </div>
   <div class='ocr_carea' id='block_1_25' title="bbox 1093 589 1888 626">
    <p class='ocr_par' dir='ltr' id='par_1_25' title="bbox 1093 589 1888 626">
     <span class='ocr_line' id='line_1_25' title="bbox 1093 589 1888 626; baseline 0.005 -12"><span class='ocrx_word' id='word_1_153' title='bbox 1093 597 1122 614; x_wconf 84' lang='grc' dir='ltr'><strong>τε</strong></span> <span class='ocrx_word' id='word_1_154' title='bbox 1147 589 1194 615; x_wconf 73' lang='grc' dir='ltr'>καὶ</span> <span class='ocrx_word' id='word_1_155' title='bbox 1210 589 1400 625; x_wconf 78' lang='grc' dir='ltr'>ἀτελεύτητος,</span> <span class='ocrx_word' id='word_1_156' title='bbox 1422 590 1475 621; x_wconf 85' lang='grc' dir='ltr'>πᾶς</span> <span class='ocrx_word' id='word_1_157' title='bbox 1489 599 1530 621; x_wconf 90' lang='grc' dir='ltr'><strong>τις</strong></span> <span class='ocrx_word' id='word_1_158' title='bbox 1541 590 1594 617; x_wconf 82' lang='grc' dir='ltr'>τῶν</span> <span class='ocrx_word' id='word_1_159' title='bbox 1609 591 1655 617; x_wconf 78' lang='grc' dir='ltr'>νοῦ</span> <span class='ocrx_word' id='word_1_160' title='bbox 1670 591 1718 618; x_wconf 82' lang='grc' dir='ltr'>καὶ</span> <span class='ocrx_word' id='word_1_161' title='bbox 1729 592 1888 626; x_wconf 79' lang='grc' dir='ltr'>φρονήσεως</span> 
     </span>
    </p>
   </div>
   <div class='ocr_carea' id='block_1_26' title="bbox 1093 634 1886 670">
    <p class='ocr_par' dir='ltr' id='par_1_26' title="bbox 1093 634 1886 670">
     <span class='ocr_line' id='line_1_26' title="bbox 1093 634 1886 670; baseline 0.004 -10"><span class='ocrx_word' id='word_1_162' title='bbox 1093 634 1143 661; x_wconf 83' lang='grc' dir='ltr'>οὐκ</span> <span class='ocrx_word' id='word_1_163' title='bbox 1161 635 1350 670; x_wconf 86' lang='grc' dir='ltr'>ἀμοιρούντων</span> <span class='ocrx_word' id='word_1_164' title='bbox 1377 635 1558 670; x_wconf 77' lang='grc' dir='ltr'>ίσχυρίςαιτο.</span> <span class='ocrx_word' id='word_1_165' title='bbox 1575 637 1606 662; x_wconf 87' lang='grc' dir='ltr'>Εἰ</span> <span class='ocrx_word' id='word_1_166' title='bbox 1626 635 1655 662; x_wconf 80' lang='grc' dir='ltr'>δὲ</span> <span class='ocrx_word' id='word_1_167' title='bbox 1670 636 1764 663; x_wconf 75' lang='grc' dir='ltr'>πολλοὶ</span> <span class='ocrx_word' id='word_1_168' title='bbox 1782 637 1886 664; x_wconf 73' lang='grc' dir='ltr'>ἐκείνου</span> 
     </span>
    </p>
   </div>
   <div class='ocr_carea' id='block_1_27' title="bbox 1097 680 1885 717">
    <p class='ocr_par' dir='ltr' id='par_1_27' title="bbox 1097 680 1885 717">
     <span class='ocr_line' id='line_1_27' title="bbox 1097 680 1885 717; baseline 0.005 -12"><span class='ocrx_word' id='word_1_169' title='bbox 1097 680 1146 714; x_wconf 81' lang='grc' dir='ltr'>μὲν</span> <span class='ocrx_word' id='word_1_170' title='bbox 1165 680 1385 712; x_wconf 76' lang='grc' dir='ltr'><strong>ἀντιποιοῦνται,</strong></span> <span class='ocrx_word' id='word_1_171' title='bbox 1403 681 1505 716; x_wconf 78' lang='grc' dir='ltr'><strong>ταύτης</strong></span> <span class='ocrx_word' id='word_1_172' title='bbox 1529 681 1560 707; x_wconf 82' lang='grc' dir='ltr'><strong>δὲ</strong></span> <span class='ocrx_word' id='word_1_173' title='bbox 1583 683 1805 717; x_wconf 80' lang='grc' dir='ltr'>καταφρονοῦσι,</span> <span class='ocrx_word' id='word_1_174' title='bbox 1821 682 1885 709; x_wconf 83' lang='grc' dir='ltr'>θαυ-</span> 
     </span>
    </p>
   </div>
   <div class='ocr_carea' id='block_1_28' title="bbox 1096 726 1886 763">
    <p class='ocr_par' dir='ltr' id='par_1_28' title="bbox 1096 726 1886 763">
     <span class='ocr_line' id='line_1_28' title="bbox 1096 726 1886 763; baseline 0.004 -11"><span class='ocrx_word' id='word_1_175' title='bbox 1096 726 1198 760; x_wconf 84' lang='grc' dir='ltr'>μαστὸν</span> <span class='ocrx_word' id='word_1_176' title='bbox 1212 726 1302 753; x_wconf 80' lang='grc' dir='ltr'>οὐδέν·</span> <span class='ocrx_word' id='word_1_177' title='bbox 1326 727 1388 753; x_wconf 75' lang='grc' dir='ltr'>ἐπεὶ</span> <span class='ocrx_word' id='word_1_178' title='bbox 1403 727 1449 753; x_wconf 77' lang='grc' dir='ltr'>καὶ</span> <span class='ocrx_word' id='word_1_179' title='bbox 1461 727 1486 753; x_wconf 85' lang='grc' dir='ltr'>οἱ</span> <span class='ocrx_word' id='word_1_180' title='bbox 1503 726 1645 758; x_wconf 83' lang='grc' dir='ltr'><strong>νοσοῦντες</strong></span> <span class='ocrx_word' id='word_1_181' title='bbox 1661 727 1712 759; x_wconf 81' lang='grc' dir='ltr'><strong>τὰς</strong></span> <span class='ocrx_word' id='word_1_182' title='bbox 1729 728 1779 763; x_wconf 81' lang='grc' dir='ltr'>μὲν</span> <span class='ocrx_word' id='word_1_183' title='bbox 1801 729 1886 762; x_wconf 82' lang='grc' dir='ltr'>ὑγιει-</span> 
     </span>
    </p>
   </div>
   <div class='ocr_carea' id='block_1_29' title="bbox 1093 771 1886 809">
    <p class='ocr_par' dir='ltr' id='par_1_29' title="bbox 1093 771 1886 809">
     <span class='ocr_line' id='line_1_29' title="bbox 1093 771 1886 809; baseline 0.003 -11"><span class='ocrx_word' id='word_1_184' title='bbox 1093 771 1142 803; x_wconf 82' lang='grc' dir='ltr'><strong>νὰς</strong></span> <span class='ocrx_word' id='word_1_185' title='bbox 1159 772 1355 806; x_wconf 82' lang='grc' dir='ltr'><strong>παραιτοῦνται</strong></span> <span class='ocrx_word' id='word_1_186' title='bbox 1373 774 1488 808; x_wconf 81' lang='grc' dir='ltr'>τροφὰς,</span> <span class='ocrx_word' id='word_1_187' title='bbox 1509 774 1570 805; x_wconf 87' lang='grc' dir='ltr'>ταῖς</span> <span class='ocrx_word' id='word_1_188' title='bbox 1593 773 1621 799; x_wconf 81' lang='grc' dir='ltr'><strong>δὲ</strong></span> <span class='ocrx_word' id='word_1_189' title='bbox 1641 773 1787 800; x_wconf 83' lang='grc' dir='ltr'>νοσώδεσιν</span> <span class='ocrx_word' id='word_1_190' title='bbox 1809 774 1886 809; x_wconf 75' lang='grc' dir='ltr'>ἥδον-</span> 
     </span>
    </p>
   </div>
   <div class='ocr_carea' id='block_1_30' title="bbox 1094 818 1886 856">
    <p class='ocr_par' dir='ltr' id='par_1_30' title="bbox 1094 818 1886 856">
     <span class='ocr_line' id='line_1_30' title="bbox 1094 818 1886 856; baseline 0.004 -13"><span class='ocrx_word' id='word_1_191' title='bbox 1094 825 1137 844; x_wconf 87' lang='grc' dir='ltr'>ται</span> <span class='ocrx_word' id='word_1_192' title='bbox 1149 825 1156 832; x_wconf 89' lang='grc'><strong>·</strong></span> <span class='ocrx_word' id='word_1_193' title='bbox 1170 818 1217 844; x_wconf 76' lang='grc' dir='ltr'>καὶ</span> <span class='ocrx_word' id='word_1_194' title='bbox 1231 819 1255 844; x_wconf 82' lang='grc' dir='ltr'>οι</span> <span class='ocrx_word' id='word_1_195' title='bbox 1274 818 1403 854; x_wconf 80' lang='grc' dir='ltr'><strong>ἀκρατεῖς</strong></span> <span class='ocrx_word' id='word_1_196' title='bbox 1415 819 1464 854; x_wconf 82' lang='grc' dir='ltr'>τὴν</span> <span class='ocrx_word' id='word_1_197' title='bbox 1479 819 1590 854; x_wconf 78' lang='grc' dir='ltr'>ἑταίραν</span> <span class='ocrx_word' id='word_1_198' title='bbox 1603 819 1664 846; x_wconf 72' lang='grc' dir='ltr'>ἀντὶ</span> <span class='ocrx_word' id='word_1_199' title='bbox 1681 821 1730 855; x_wconf 83' lang='grc' dir='ltr'>τῆς</span> <span class='ocrx_word' id='word_1_200' title='bbox 1748 819 1886 856; x_wconf 61' lang='grc' dir='ltr'>σώφρονος</span> 
     </span>
    </p>
   </div>
   <div class='ocr_carea' id='block_1_31' title="bbox 257 864 1887 902">
    <p class='ocr_par' dir='ltr' id='par_1_31' title="bbox 257 864 1887 902">
     <span class='ocr_line' id='line_1_31' title="bbox 257 864 1887 902; baseline 0.002 -11"><span class='ocrx_word' id='word_1_201' title='bbox 257 865 397 901; x_wconf 81' lang='grc' dir='ltr'>αἱροῦνται</span> <span class='ocrx_word' id='word_1_202' title='bbox 420 865 558 900; x_wconf 76' lang='grc' dir='ltr'>γυναικός.</span> <span class='ocrx_word' id='word_1_203' title='bbox 584 865 663 892; x_wconf 79' lang='grc' dir='ltr'>Ἀλλὰ</span> <span class='ocrx_word' id='word_1_204' title='bbox 681 865 734 900; x_wconf 80' lang='grc' dir='ltr'><strong>χρὴ</strong></span> <span class='ocrx_word' id='word_1_205' title='bbox 759 866 822 896; x_wconf 68' lang='grc' dir='ltr'>τοὺς</span> <span class='ocrx_word' id='word_1_206' title='bbox 839 864 986 900; x_wconf 71' lang='grc' dir='ltr'>ἐχέφρονας</span> <span class='ocrx_word' id='word_1_207' title='bbox 1009 864 1046 900; x_wconf 81' lang='grc' dir='ltr'>μὴ</span> <span class='ocrx_word' id='word_1_208' title='bbox 1065 865 1118 891; x_wconf 75' lang='grc' dir='ltr'>ἀπὸ</span> <span class='ocrx_word' id='word_1_209' title='bbox 1136 865 1190 892; x_wconf 87' lang='grc' dir='ltr'><strong>τῶν</strong></span> <span class='ocrx_word' id='word_1_210' title='bbox 1215 865 1438 902; x_wconf 77' lang='grc' dir='ltr'>ἀρρωστούντων,</span> <span class='ocrx_word' id='word_1_211' title='bbox 1461 866 1518 893; x_wconf 82' lang='grc' dir='ltr'>ἀλλ’</span> <span class='ocrx_word' id='word_1_212' title='bbox 1539 867 1593 893; x_wconf 71' lang='grc' dir='ltr'><strong>ἀπὺ</strong></span> <span class='ocrx_word' id='word_1_213' title='bbox 1628 867 1682 893; x_wconf 83' lang='grc' dir='ltr'><strong>τῶν</strong></span> <span class='ocrx_word' id='word_1_214' title='bbox 1713 868 1887 902; x_wconf 80' lang='grc' dir='ltr'>ὑγιαινόντων</span> 
     </span>
    </p>
   </div>
   <div class='ocr_carea' id='block_1_32' title="bbox 257 913 597 949">
    <p class='ocr_par' dir='ltr' id='par_1_32' title="bbox 257 913 597 949">
     <span class='ocr_line' id='line_1_32' title="bbox 257 913 597 949; baseline 0.003 -10"><span class='ocrx_word' id='word_1_215' title='bbox 257 913 404 949; x_wconf 79' lang='grc' dir='ltr'>λαμϐάνειν</span> <span class='ocrx_word' id='word_1_216' title='bbox 418 913 466 945; x_wconf 70' lang='grc' dir='ltr'>τὰς</span> <span class='ocrx_word' id='word_1_217' title='bbox 481 913 597 949; x_wconf 77' lang='grc' dir='ltr'>ψήφους.</span> 
     </span>
    </p>
   </div>
   <div class='ocr_carea' id='block_1_33' title="bbox 505 969 795 996">
    <p class='ocr_par' dir='ltr' id='par_1_33' title="bbox 505 969 795 996">
     <span class='ocr_line' id='line_1_33' title="bbox 505 969 795 996; baseline 0.003 -1"><span class='ocrx_word' id='word_1_218' title='bbox 505 969 619 996; x_wconf 81' lang='lat' dir='ltr'><strong>DLXIV.</strong></span> <span class='ocrx_word' id='word_1_219' title='bbox 637 984 670 989; x_wconf 92' lang='lat'><strong>—</strong></span> <span class='ocrx_word' id='word_1_220' title='bbox 683 969 795 996; x_wconf 73' lang='lat' dir='ltr'><strong>EIDEM.</strong></span> 
     </span>
    </p>
   </div>
   <div class='ocr_carea' id='block_1_34' title="bbox 1332 969 1646 1006">
    <p class='ocr_par' dir='ltr' id='par_1_34' title="bbox 1332 969 1646 1006">
     <span class='ocr_line' id='line_1_34' title="bbox 1332 969 1646 1006; baseline 0.006 -10"><span class='ocrx_word' id='word_1_221' title='bbox 1332 969 1412 998; x_wconf 73' lang='grc' dir='ltr'>ΦΞΔι,</span> <span class='ocrx_word' id='word_1_222' title='bbox 1430 985 1466 990; x_wconf 91' lang='grc'><strong>-</strong></span> <span class='ocrx_word' id='word_1_223' title='bbox 1484 971 1528 1006; x_wconf 83' lang='grc' dir='ltr'><strong>Τῼ</strong></span> <span class='ocrx_word' id='word_1_224' title='bbox 1546 971 1646 1006; x_wconf 81' lang='grc' dir='ltr'><strong>ΑΥΤῼ.</strong></span> 
     </span>
    </p>
   </div>
   <div class='ocr_carea' id='block_1_35' title="bbox 258 1014 1888 1053">
    <p class='ocr_par' dir='ltr' id='par_1_35' title="bbox 258 1014 1888 1053">
     <span class='ocr_line' id='line_1_35' title="bbox 258 1014 1888 1053; baseline 0.001 -11"><span class='ocrx_word' id='word_1_225' title='bbox 258 1015 296 1042; x_wconf 83' lang='lat' dir='ltr'><strong>De</strong></span> <span class='ocrx_word' id='word_1_226' title='bbox 311 1015 435 1048; x_wconf 70' lang='lat' dir='ltr'><strong>Eutonio,</strong></span> <span class='ocrx_word' id='word_1_227' title='bbox 448 1021 471 1042; x_wconf 88' lang='lat' dir='ltr'><strong>et</strong></span> <span class='ocrx_word' id='word_1_228' title='bbox 491 1014 615 1042; x_wconf 81' lang='lat' dir='ltr'><strong>Eusebio.</strong></span> <span class='ocrx_word' id='word_1_229' title='bbox 640 1014 776 1049; x_wconf 63' lang='lat' dir='ltr'><strong>Episcopi:</strong></span> <span class='ocrx_word' id='word_1_230' title='bbox 787 1015 896 1053; x_wconf 58' lang='lat' dir='ltr'><strong>aliisqtie</strong></span> <span class='ocrx_word' id='word_1_231' title='bbox 909 1015 1244 1053; x_wconf 53' lang='lat' dir='ltr'><strong>iuiiiguitatefonstitutis,</strong></span> <span class='ocrx_word' id='word_1_232' title='bbox 1260 1016 1305 1053; x_wconf 72' lang='lat' dir='ltr'><strong>ubi</strong></span> <span class='ocrx_word' id='word_1_233' title='bbox 1327 1016 1395 1042; x_wconf 82' lang='lat' dir='ltr'><strong>male</strong></span> <span class='ocrx_word' id='word_1_234' title='bbox 1417 1021 1510 1050; x_wconf 81' lang='lat' dir='ltr'><strong>agunt,</strong></span> <span class='ocrx_word' id='word_1_235' title='bbox 1523 1017 1639 1043; x_wconf 78' lang='lat' dir='ltr'><strong>blandiri</strong></span> <span class='ocrx_word' id='word_1_236' title='bbox 1658 1022 1737 1052; x_wconf 72' lang='lat' dir='ltr'><strong>atque</strong></span> <span class='ocrx_word' id='word_1_237' title='bbox 1755 1018 1888 1044; x_wconf 76' lang='lat' dir='ltr'><strong>asserunri</strong></span> 
     </span>
    </p>
   </div>
   <div class='ocr_carea' id='block_1_36' title="bbox 877 1050 1268 1085">
    <p class='ocr_par' dir='ltr' id='par_1_36' title="bbox 877 1050 1268 1085">
     <span class='ocr_line' id='line_1_36' title="bbox 877 1050 1268 1085; baseline 0.008 -11"><span class='ocrx_word' id='word_1_238' title='bbox 877 1050 984 1083; x_wconf 85' lang='lat' dir='ltr'><strong>impium</strong></span> <span class='ocrx_word' id='word_1_239' title='bbox 1002 1050 1090 1085; x_wconf 82' lang='lat' dir='ltr'><strong>(Canf.</strong></span> <span class='ocrx_word' id='word_1_240' title='bbox 1103 1052 1177 1084; x_wconf 73' lang='lat' dir='ltr'><strong>epist.</strong></span> <span class='ocrx_word' id='word_1_241' title='bbox 1192 1051 1268 1085; x_wconf 71' lang='grc'><strong>470.)</strong></span> 
     </span>
    </p>
   </div>
   <div class='ocr_carea' id='block_1_37' title="bbox 293 1105 1047 1140">
    <p class='ocr_par' dir='ltr' id='par_1_37' title="bbox 293 1105 1047 1140">
     <span class='ocr_line' id='line_1_37' title="bbox 293 1105 1047 1140; baseline -0.001 -7"><span class='ocrx_word' id='word_1_242' title='bbox 293 1106 405 1140; x_wconf 82' lang='lat' dir='ltr'><strong>Semper</strong></span> <span class='ocrx_word' id='word_1_243' title='bbox 430 1105 584 1133; x_wconf 75' lang='lat' dir='ltr'><strong>existimavi</strong></span> <span class='ocrx_word' id='word_1_244' title='bbox 614 1105 725 1140; x_wconf 87' lang='lat' dir='ltr'><strong>impiuut</strong></span> <span class='ocrx_word' id='word_1_245' title='bbox 749 1112 819 1138; x_wconf 86' lang='lat' dir='ltr'><strong>esse,</strong></span> <span class='ocrx_word' id='word_1_246' title='bbox 839 1113 990 1140; x_wconf 84' lang='lat' dir='ltr'><strong>parumque</strong></span> <span class='ocrx_word' id='word_1_247' title='bbox 1008 1106 1047 1132; x_wconf 91' lang='lat' dir='ltr'><strong>vi-</strong></span> 
     </span>
    </p>
   </div>
   <div class='ocr_carea' id='block_1_38' title="bbox 257 1151 1046 1186">
    <p class='ocr_par' dir='ltr' id='par_1_38' title="bbox 257 1151 1046 1186">
     <span class='ocr_line' id='line_1_38' title="bbox 257 1151 1046 1186; baseline -0.003 -7"><span class='ocrx_word' id='word_1_248' title='bbox 257 1152 315 1183; x_wconf 87' lang='lat' dir='ltr'><strong>rile,</strong></span> <span class='ocrx_word' id='word_1_249' title='bbox 331 1151 400 1178; x_wconf 87' lang='lat' dir='ltr'><strong>tuale</strong></span> <span class='ocrx_word' id='word_1_250' title='bbox 417 1151 555 1183; x_wconf 85' lang='lat' dir='ltr'><strong>viventes,</strong></span> <span class='ocrx_word' id='word_1_251' title='bbox 566 1151 587 1178; x_wconf 89' lang='lat' dir='ltr'><strong>si</strong></span> <span class='ocrx_word' id='word_1_252' title='bbox 614 1151 727 1186; x_wconf 88' lang='lat' dir='ltr'><strong>imperio</strong></span> <span class='ocrx_word' id='word_1_253' title='bbox 744 1151 893 1185; x_wconf 81' lang='lat' dir='ltr'><strong>potiantur,</strong></span> <span class='ocrx_word' id='word_1_254' title='bbox 906 1152 1046 1178; x_wconf 71' lang='lat' dir='ltr'><strong>observari</strong></span> 
     </span>
    </p>
   </div>
   <div class='ocr_carea' id='block_1_39' title="bbox 259 1196 1047 1232">
    <p class='ocr_par' dir='ltr' id='par_1_39' title="bbox 259 1196 1047 1232">
     <span class='ocr_line' id='line_1_39' title="bbox 259 1196 1047 1232; baseline -0.003 -7"><span class='ocrx_word' id='word_1_255' title='bbox 259 1199 285 1226; x_wconf 91' lang='lat' dir='ltr'><strong>in</strong></span> <span class='ocrx_word' id='word_1_256' title='bbox 300 1197 438 1232; x_wconf 86' lang='lat' dir='ltr'><strong>oculisque</strong></span> <span class='ocrx_word' id='word_1_257' title='bbox 453 1196 517 1224; x_wconf 75' lang='lat' dir='ltr'><strong>ferri</strong></span> <span class='ocrx_word' id='word_1_258' title='bbox 528 1205 535 1223; x_wconf 92' lang='lat'>:</span> <span class='ocrx_word' id='word_1_259' title='bbox 546 1196 646 1224; x_wconf 87' lang='lat' dir='ltr'><strong>virtute</strong></span> <span class='ocrx_word' id='word_1_260' title='bbox 670 1205 734 1224; x_wconf 89' lang='lat' dir='ltr'><strong>vero</strong></span> <span class='ocrx_word' id='word_1_261' title='bbox 758 1196 898 1231; x_wconf 77' lang='lat' dir='ltr'><strong>praeditos,</strong></span> <span class='ocrx_word' id='word_1_262' title='bbox 910 1197 932 1223; x_wconf 86' lang='lat' dir='ltr'><strong>si</strong></span> <span class='ocrx_word' id='word_1_263' title='bbox 951 1197 1047 1231; x_wconf 76' lang='lat' dir='ltr'><strong>privati</strong></span> 
     </span>
    </p>
   </div>
   <div class='ocr_carea' id='block_1_40' title="bbox 259 1242 1045 1279">
    <p class='ocr_par' dir='ltr' id='par_1_40' title="bbox 259 1242 1045 1279">
     <span class='ocr_line' id='line_1_40' title="bbox 259 1242 1045 1279; baseline -0.003 -8"><span class='ocrx_word' id='word_1_264' title='bbox 259 1246 367 1279; x_wconf 78' lang='lat' dir='ltr'><strong>degant,</strong></span> <span class='ocrx_word' id='word_1_265' title='bbox 384 1243 570 1276; x_wconf 83' lang='lat' dir='ltr'><strong>contemni,et</strong></span> <span class='ocrx_word' id='word_1_266' title='bbox 597 1242 657 1270; x_wconf 90' lang='lat' dir='ltr'><strong>illos</strong></span> <span class='ocrx_word' id='word_1_267' title='bbox 690 1243 798 1277; x_wconf 87' lang='lat' dir='ltr'><strong>quidem</strong></span> <span class='ocrx_word' id='word_1_268' title='bbox 824 1243 949 1270; x_wconf 81' lang='lat' dir='ltr'><strong>laudibus</strong></span> <span class='ocrx_word' id='word_1_269' title='bbox 964 1242 1045 1275; x_wconf 78' lang='lat' dir='ltr'><strong>allici,</strong></span> 
     </span>
    </p>
   </div>
   <div class='ocr_carea' id='block_1_41' title="bbox 259 1289 1041 1325">
    <p class='ocr_par' dir='ltr' id='par_1_41' title="bbox 259 1289 1041 1325">
     <span class='ocr_line' id='line_1_41' title="bbox 259 1289 1041 1325; baseline -0.003 -8"><span class='ocrx_word' id='word_1_270' title='bbox 259 1291 309 1318; x_wconf 87' lang='lat' dir='ltr'><strong>hos</strong></span> <span class='ocrx_word' id='word_1_271' title='bbox 324 1297 389 1317; x_wconf 87' lang='lat' dir='ltr'><strong>vero</strong></span> <span class='ocrx_word' id='word_1_272' title='bbox 404 1290 563 1325; x_wconf 83' lang='lat' dir='ltr'><strong>vituperari.</strong></span> <span class='ocrx_word' id='word_1_273' title='bbox 574 1289 634 1316; x_wconf 92' lang='lat' dir='ltr'><strong>Noli</strong></span> <span class='ocrx_word' id='word_1_274' title='bbox 663 1290 754 1323; x_wconf 80' lang='lat' dir='ltr'><strong>itaque</strong></span> <span class='ocrx_word' id='word_1_275' title='bbox 781 1289 887 1321; x_wconf 85' lang='lat' dir='ltr'><strong>mirari,</strong></span> <span class='ocrx_word' id='word_1_276' title='bbox 901 1290 923 1316; x_wconf 88' lang='lat' dir='ltr'><strong>si</strong></span> <span class='ocrx_word' id='word_1_277' title='bbox 940 1289 1041 1324; x_wconf 85' lang='lat' dir='ltr'><strong>justqu</strong></span> 
     </span>
    </p>
   </div>
   <div class='ocr_carea' id='block_1_42' title="bbox 259 1332 1043 1368">
    <p class='ocr_par' dir='ltr' id='par_1_42' title="bbox 259 1332 1043 1368">
     <span class='ocr_line' id='line_1_42' title="bbox 259 1332 1043 1368; baseline -0.001 -8"><span class='ocrx_word' id='word_1_278' title='bbox 259 1335 318 1360; x_wconf 93' lang='lat' dir='ltr'><strong>utili</strong></span> <span class='ocrx_word' id='word_1_279' title='bbox 330 1337 539 1368; x_wconf 78' lang='lat' dir='ltr'><strong>anteponatn,et</strong></span> <span class='ocrx_word' id='word_1_280' title='bbox 557 1333 685 1360; x_wconf 85' lang='lat' dir='ltr'><strong>decorum</strong></span> <span class='ocrx_word' id='word_1_281' title='bbox 718 1333 804 1365; x_wconf 90' lang='lat' dir='ltr'><strong>lucro,</strong></span> <span class='ocrx_word' id='word_1_282' title='bbox 819 1332 946 1359; x_wconf 86' lang='lat' dir='ltr'><strong>virtutem</strong></span> <span class='ocrx_word' id='word_1_283' title='bbox 965 1332 1043 1359; x_wconf 87' lang='lat' dir='ltr'><strong>deni-</strong></span> 
     </span>
    </p>
   </div>
   <div class='ocr_carea' id='block_1_43' title="bbox 259 1377 1042 1415">
    <p class='ocr_par' dir='ltr' id='par_1_43' title="bbox 259 1377 1042 1415">
     <span class='ocr_line' id='line_1_43' title="bbox 259 1377 1042 1415; baseline -0.004 -8"><span class='ocrx_word' id='word_1_284' title='bbox 259 1379 445 1415; x_wconf 75' lang='lat' dir='ltr'><strong>quepotentize</strong></span> <span class='ocrx_word' id='word_1_285' title='bbox 463 1378 615 1414; x_wconf 64' lang='lat' dir='ltr'><strong>pra-feram.</strong></span> <span class='ocrx_word' id='word_1_286' title='bbox 632 1377 660 1405; x_wconf 90' lang='lat' dir='ltr'><strong>ld</strong></span> <span class='ocrx_word' id='word_1_287' title='bbox 687 1378 713 1405; x_wconf 94' lang='lat' dir='ltr'><strong>ui</strong></span> <span class='ocrx_word' id='word_1_288' title='bbox 731 1378 841 1413; x_wconf 78' lang='lat' dir='ltr'><strong>facium,</strong></span> <span class='ocrx_word' id='word_1_289' title='bbox 852 1378 944 1405; x_wconf 84' lang='lat' dir='ltr'><strong>videar</strong></span> <span class='ocrx_word' id='word_1_290' title='bbox 958 1377 1042 1404; x_wconf 83' lang='lat' dir='ltr'><strong>Eulo-</strong></span> 
     </span>
    </p>
   </div>
   <div class='ocr_carea' id='block_1_44' title="bbox 260 1423 1045 1459">
    <p class='ocr_par' dir='ltr' id='par_1_44' title="bbox 260 1423 1045 1459">
     <span class='ocr_line' id='line_1_44' title="bbox 260 1423 1045 1459; baseline -0.004 -7"><span class='ocrx_word' id='word_1_291' title='bbox 260 1426 333 1452; x_wconf 91' lang='lat' dir='ltr'><strong>nium</strong></span> <span class='ocrx_word' id='word_1_292' title='bbox 349 1425 455 1452; x_wconf 86' lang='lat' dir='ltr'><strong>insidiis</strong></span> <span class='ocrx_word' id='word_1_293' title='bbox 469 1426 617 1459; x_wconf 80' lang='lat' dir='ltr'><strong>appetitum</strong></span> <span class='ocrx_word' id='word_1_294' title='bbox 645 1424 800 1458; x_wconf 75' lang='lat' dir='ltr'><strong>aspernari;</strong></span> <span class='ocrx_word' id='word_1_295' title='bbox 817 1423 961 1450; x_wconf 79' lang='lat' dir='ltr'><strong>Eusebium</strong></span> <span class='ocrx_word' id='word_1_296' title='bbox 980 1431 1045 1450; x_wconf 88' lang='lat' dir='ltr'><strong>con-</strong></span> 
     </span>
    </p>
   </div>
   <div class='ocr_carea' id='block_1_45' title="bbox 261 1469 1044 1506">
    <p class='ocr_par' dir='ltr' id='par_1_45' title="bbox 261 1469 1044 1506">
     <span class='ocr_line' id='line_1_45' title="bbox 261 1469 1044 1506; baseline -0.004 -8"><span class='ocrx_word' id='word_1_297' title='bbox 261 1478 312 1504; x_wconf 82' lang='lat' dir='ltr'><strong>tra,</strong></span> <span class='ocrx_word' id='word_1_298' title='bbox 325 1472 388 1506; x_wconf 86' lang='lat' dir='ltr'><strong>quia</strong></span> <span class='ocrx_word' id='word_1_299' title='bbox 407 1471 545 1506; x_wconf 82' lang='lat' dir='ltr'><strong>tyranuice</strong></span> <span class='ocrx_word' id='word_1_300' title='bbox 568 1470 635 1505; x_wconf 76' lang='lat' dir='ltr'><strong>agit,</strong></span> <span class='ocrx_word' id='word_1_301' title='bbox 648 1471 804 1498; x_wconf 74' lang='lat' dir='ltr'><strong>observare.</strong></span> <span class='ocrx_word' id='word_1_302' title='bbox 820 1469 963 1496; x_wconf 83' lang='lat' dir='ltr'><strong>Eutouium</strong></span> <span class='ocrx_word' id='word_1_303' title='bbox 983 1469 1044 1504; x_wconf 91' lang='lat' dir='ltr'><strong>qui-</strong></span> 
     </span>
    </p>
   </div>
   <div class='ocr_carea' id='block_1_46' title="bbox 259 1515 1042 1551">
    <p class='ocr_par' dir='ltr' id='par_1_46' title="bbox 259 1515 1042 1551">
     <span class='ocr_line' id='line_1_46' title="bbox 259 1515 1042 1551; baseline -0.005 -5"><span class='ocrx_word' id='word_1_304' title='bbox 259 1518 320 1546; x_wconf 87' lang='lat' dir='ltr'><strong>dem</strong></span> <span class='ocrx_word' id='word_1_305' title='bbox 355 1518 498 1545; x_wconf 88' lang='lat' dir='ltr'><strong>universus</strong></span> <span class='ocrx_word' id='word_1_306' title='bbox 528 1520 664 1551; x_wconf 77' lang='lat' dir='ltr'><strong>oppugnat</strong></span> <span class='ocrx_word' id='word_1_307' title='bbox 695 1516 802 1547; x_wconf 89' lang='lat' dir='ltr'><strong>clerus,</strong></span> <span class='ocrx_word' id='word_1_308' title='bbox 827 1523 896 1541; x_wconf 86' lang='lat' dir='ltr'><strong>unus</strong></span> <span class='ocrx_word' id='word_1_309' title='bbox 933 1515 1042 1550; x_wconf 87' lang='lat' dir='ltr'><strong>quidem</strong></span> 
     </span>
    </p>
   </div>
   <div class='ocr_carea' id='block_1_47' title="bbox 260 1561 1041 1598">
    <p class='ocr_par' dir='ltr' id='par_1_47' title="bbox 260 1561 1041 1598">
     <span class='ocr_line' id='line_1_47' title="bbox 260 1561 1041 1598; baseline -0.004 -8"><span class='ocrx_word' id='word_1_310' title='bbox 260 1568 364 1598; x_wconf 79' lang='lat' dir='ltr'><strong>sponte,</strong></span> <span class='ocrx_word' id='word_1_311' title='bbox 378 1563 446 1590; x_wconf 85' lang='lat' dir='ltr'><strong>alius</strong></span> <span class='ocrx_word' id='word_1_312' title='bbox 461 1571 524 1590; x_wconf 87' lang='lat' dir='ltr'><strong>vero</strong></span> <span class='ocrx_word' id='word_1_313' title='bbox 548 1567 657 1597; x_wconf 83' lang='lat' dir='ltr'><strong>propter</strong></span> <span class='ocrx_word' id='word_1_314' title='bbox 677 1562 842 1588; x_wconf 71' lang='lat' dir='ltr'><strong>dominantis</strong></span> <span class='ocrx_word' id='word_1_315' title='bbox 868 1561 1012 1595; x_wconf 84' lang='lat' dir='ltr'><strong>imperium</strong></span> <span class='ocrx_word' id='word_1_316' title='bbox 1035 1569 1041 1587; x_wconf 90' lang='lat'><strong>:</strong></span> 
     </span>
    </p>
   </div>
   <div class='ocr_carea' id='block_1_48' title="bbox 1135 1104 1888 1143">
    <p class='ocr_par' dir='ltr' id='par_1_48' title="bbox 1135 1104 1888 1143">
     <span class='ocr_line' id='line_1_48' title="bbox 1135 1104 1888 1143; baseline 0.004 -11"><span class='ocrx_word' id='word_1_317' title='bbox 1135 1107 1190 1133; x_wconf 77' lang='grc' dir='ltr'><strong>Καὶ</strong></span> <span class='ocrx_word' id='word_1_318' title='bbox 1210 1106 1307 1138; x_wconf 80' lang='grc' dir='ltr'>ἀσεϐὲς</span> <span class='ocrx_word' id='word_1_319' title='bbox 1330 1104 1398 1133; x_wconf 87' lang='grc' dir='ltr'>εἶναι</span> <span class='ocrx_word' id='word_1_320' title='bbox 1415 1107 1461 1134; x_wconf 66' lang='grc' dir='ltr'><strong>καλ⁵</strong></span> <span class='ocrx_word' id='word_1_321' title='bbox 1478 1107 1608 1143; x_wconf 77' lang='grc' dir='ltr'>ἄνανδρον</span> <span class='ocrx_word' id='word_1_322' title='bbox 1625 1108 1756 1143; x_wconf 83' lang='grc' dir='ltr'>νενόμικα</span> <span class='ocrx_word' id='word_1_323' title='bbox 1773 1109 1836 1139; x_wconf 72' lang='grc' dir='ltr'>τοὺς</span> <span class='ocrx_word' id='word_1_324' title='bbox 1850 1108 1888 1143; x_wconf 77' lang='grc' dir='ltr'>μὴ</span> 
     </span>
    </p>
   </div>
   <div class='ocr_carea' id='block_1_49' title="bbox 1098 1150 1887 1188">
    <p class='ocr_par' dir='ltr' id='par_1_49' title="bbox 1098 1150 1887 1188">
     <span class='ocr_line' id='line_1_49' title="bbox 1098 1150 1887 1188; baseline 0.003 -10"><span class='ocrx_word' id='word_1_325' title='bbox 1098 1150 1128 1178; x_wconf 85' lang='grc' dir='ltr'><strong>εὖ</strong></span> <span class='ocrx_word' id='word_1_326' title='bbox 1143 1152 1266 1186; x_wconf 85' lang='grc' dir='ltr'>βιοῦντας</span> <span class='ocrx_word' id='word_1_327' title='bbox 1285 1152 1344 1187; x_wconf 78' lang='grc' dir='ltr'>μὲν,</span> <span class='ocrx_word' id='word_1_328' title='bbox 1358 1153 1518 1179; x_wconf 81' lang='grc' dir='ltr'>δυναστείαν</span> <span class='ocrx_word' id='word_1_329' title='bbox 1530 1153 1558 1179; x_wconf 79' lang='grc' dir='ltr'><strong>δὲ</strong></span> <span class='ocrx_word' id='word_1_330' title='bbox 1575 1153 1823 1188; x_wconf 75' lang='grc' dir='ltr'>περιϐεϐλημένους</span> <span class='ocrx_word' id='word_1_331' title='bbox 1839 1162 1887 1180; x_wconf 83' lang='grc' dir='ltr'>πε-</span> 
     </span>
    </p>
   </div>
   <div class='ocr_carea' id='block_1_50' title="bbox 1099 1198 1887 1234">
    <p class='ocr_par' dir='ltr' id='par_1_50' title="bbox 1099 1198 1887 1234">
     <span class='ocr_line' id='line_1_50' title="bbox 1099 1198 1887 1234; baseline 0.003 -10"><span class='ocrx_word' id='word_1_332' title='bbox 1099 1198 1214 1232; x_wconf 87' lang='grc' dir='ltr'>ριέπειν·</span> <span class='ocrx_word' id='word_1_333' title='bbox 1224 1198 1277 1224; x_wconf 84' lang='grc' dir='ltr'>τῶν</span> <span class='ocrx_word' id='word_1_334' title='bbox 1291 1198 1319 1224; x_wconf 85' lang='grc' dir='ltr'><strong>δὲ</strong></span> <span class='ocrx_word' id='word_1_335' title='bbox 1331 1198 1415 1234; x_wconf 82' lang='grc' dir='ltr'>ἀρετῇ</span> <span class='ocrx_word' id='word_1_336' title='bbox 1429 1198 1654 1234; x_wconf 80' lang='grc' dir='ltr'>κεκοσμημένων,</span> <span class='ocrx_word' id='word_1_337' title='bbox 1671 1199 1695 1225; x_wconf 81' lang='grc' dir='ltr'><strong>ει</strong></span> <span class='ocrx_word' id='word_1_338' title='bbox 1714 1199 1887 1231; x_wconf 75' lang='grc' dir='ltr'>ίδιωτεύοιεν,</span> 
     </span>
    </p>
   </div>
   <div class='ocr_carea' id='block_1_51' title="bbox 1098 1245 1886 1280">
    <p class='ocr_par' dir='ltr' id='par_1_51' title="bbox 1098 1245 1886 1280">
     <span class='ocr_line' id='line_1_51' title="bbox 1098 1245 1886 1280; baseline 0.001 -9"><span class='ocrx_word' id='word_1_339' title='bbox 1098 1246 1280 1280; x_wconf 76' lang='grc' dir='ltr'>καταφρονεῖν</span> <span class='ocrx_word' id='word_1_340' title='bbox 1293 1252 1299 1259; x_wconf 92' lang='grc'>·</span> <span class='ocrx_word' id='word_1_341' title='bbox 1317 1245 1459 1277; x_wconf 83' lang='grc' dir='ltr'>κάκείνους</span> <span class='ocrx_word' id='word_1_342' title='bbox 1477 1246 1608 1277; x_wconf 74' lang='grc' dir='ltr'>ἐπαινεῖν,</span> <span class='ocrx_word' id='word_1_343' title='bbox 1625 1245 1738 1277; x_wconf 85' lang='grc' dir='ltr'>τούτους</span> <span class='ocrx_word' id='word_1_344' title='bbox 1752 1245 1782 1271; x_wconf 81' lang='grc' dir='ltr'><strong>δὲ</strong></span> <span class='ocrx_word' id='word_1_345' title='bbox 1794 1245 1886 1272; x_wconf 83' lang='grc' dir='ltr'>διασύ-</span> 
     </span>
    </p>
   </div>
   <div class='ocr_carea' id='block_1_52' title="bbox 1098 1289 1886 1326">
    <p class='ocr_par' dir='ltr' id='par_1_52' title="bbox 1098 1289 1886 1326">
     <span class='ocr_line' id='line_1_52' title="bbox 1098 1289 1886 1326; baseline 0.003 -11"><span class='ocrx_word' id='word_1_346' title='bbox 1098 1298 1166 1325; x_wconf 90' lang='grc' dir='ltr'>ρειν.</span> <span class='ocrx_word' id='word_1_347' title='bbox 1189 1289 1235 1324; x_wconf 85' lang='grc' dir='ltr'><strong>Μὴ</strong></span> <span class='ocrx_word' id='word_1_348' title='bbox 1257 1289 1345 1316; x_wconf 83' lang='grc' dir='ltr'>τοίνυν</span> <span class='ocrx_word' id='word_1_349' title='bbox 1363 1290 1504 1325; x_wconf 81' lang='grc' dir='ltr'><strong>θαύμαζε,</strong></span> <span class='ocrx_word' id='word_1_350' title='bbox 1535 1291 1559 1317; x_wconf 85' lang='grc' dir='ltr'><strong>εἰ</strong></span> <span class='ocrx_word' id='word_1_351' title='bbox 1581 1291 1613 1317; x_wconf 76' lang='grc' dir='ltr'>τὸ</span> <span class='ocrx_word' id='word_1_352' title='bbox 1635 1291 1740 1318; x_wconf 83' lang='grc' dir='ltr'>δίκαιον</span> <span class='ocrx_word' id='word_1_353' title='bbox 1762 1291 1815 1326; x_wconf 75' lang='grc' dir='ltr'>πρὸ</span> <span class='ocrx_word' id='word_1_354' title='bbox 1840 1291 1886 1318; x_wconf 80' lang='grc' dir='ltr'>τοῦ</span> 
     </span>
    </p>
   </div>
   <div class='ocr_carea' id='block_1_53' title="bbox 1098 1335 1884 1372">
    <p class='ocr_par' dir='ltr' id='par_1_53' title="bbox 1098 1335 1884 1372">
     <span class='ocr_line' id='line_1_53' title="bbox 1098 1335 1884 1372; baseline 0.001 -10"><span class='ocrx_word' id='word_1_355' title='bbox 1098 1335 1284 1371; x_wconf 81' lang='grc' dir='ltr'>συμφέροντος</span> <span class='ocrx_word' id='word_1_356' title='bbox 1308 1336 1426 1370; x_wconf 80' lang='grc' dir='ltr'>τίθεμαι,</span> <span class='ocrx_word' id='word_1_357' title='bbox 1453 1336 1500 1363; x_wconf 73' lang='grc' dir='ltr'>καὶ</span> <span class='ocrx_word' id='word_1_358' title='bbox 1514 1336 1545 1363; x_wconf 85' lang='grc' dir='ltr'>τδ</span> <span class='ocrx_word' id='word_1_359' title='bbox 1565 1337 1671 1372; x_wconf 79' lang='grc' dir='ltr'>πρέπον</span> <span class='ocrx_word' id='word_1_360' title='bbox 1686 1337 1739 1372; x_wconf 74' lang='grc' dir='ltr'>πρὸ</span> <span class='ocrx_word' id='word_1_361' title='bbox 1762 1337 1808 1363; x_wconf 79' lang='grc' dir='ltr'>τοῦ</span> <span class='ocrx_word' id='word_1_362' title='bbox 1823 1338 1884 1372; x_wconf 82' lang='grc' dir='ltr'>κέρ-</span> 
     </span>
    </p>
   </div>
   <div class='ocr_carea' id='block_1_54' title="bbox 1096 1382 1886 1418">
    <p class='ocr_par' dir='ltr' id='par_1_54' title="bbox 1096 1382 1886 1418">
     <span class='ocr_line' id='line_1_54' title="bbox 1096 1382 1886 1418; baseline 0.001 -10"><span class='ocrx_word' id='word_1_363' title='bbox 1096 1382 1166 1414; x_wconf 82' lang='grc' dir='ltr'>δους,</span> <span class='ocrx_word' id='word_1_364' title='bbox 1191 1382 1239 1409; x_wconf 71' lang='grc' dir='ltr'>καὶ</span> <span class='ocrx_word' id='word_1_365' title='bbox 1255 1383 1304 1418; x_wconf 83' lang='grc' dir='ltr'>τὴν</span> <span class='ocrx_word' id='word_1_366' title='bbox 1319 1383 1420 1418; x_wconf 83' lang='grc' dir='ltr'>ἀρετὴν</span> <span class='ocrx_word' id='word_1_367' title='bbox 1444 1383 1497 1418; x_wconf 80' lang='grc' dir='ltr'><strong>πρὸ</strong></span> <span class='ocrx_word' id='word_1_368' title='bbox 1521 1383 1572 1417; x_wconf 80' lang='grc' dir='ltr'>τῆς</span> <span class='ocrx_word' id='word_1_369' title='bbox 1590 1383 1760 1415; x_wconf 82' lang='grc' dir='ltr'>δυναστείας.</span> <span class='ocrx_word' id='word_1_370' title='bbox 1787 1384 1818 1410; x_wconf 85' lang='lat' dir='ltr'><strong>El</strong></span> <span class='ocrx_word' id='word_1_371' title='bbox 1834 1383 1886 1418; x_wconf 77' lang='grc' dir='ltr'><strong>γὰρ</strong></span> 
     </span>
    </p>
   </div>
   <div class='ocr_carea' id='block_1_55' title="bbox 1099 1427 1888 1464">
    <p class='ocr_par' dir='ltr' id='par_1_55' title="bbox 1099 1427 1888 1464">
     <span class='ocr_line' id='line_1_55' title="bbox 1099 1427 1888 1464; baseline 0 -10"><span class='ocrx_word' id='word_1_372' title='bbox 1099 1429 1136 1463; x_wconf 80' lang='grc' dir='ltr'>μὴ</span> <span class='ocrx_word' id='word_1_373' title='bbox 1149 1427 1219 1455; x_wconf 78' lang='grc' dir='ltr'>τοῦτ’</span> <span class='ocrx_word' id='word_1_374' title='bbox 1235 1428 1359 1460; x_wconf 74' lang='grc' dir='ltr'>ἐποίουν,</span> <span class='ocrx_word' id='word_1_375' title='bbox 1375 1427 1452 1460; x_wconf 73' lang='grc' dir='ltr'>ἔδοξα</span> <span class='ocrx_word' id='word_1_376' title='bbox 1463 1428 1496 1455; x_wconf 82' lang='grc' dir='ltr'>ἂν</span> <span class='ocrx_word' id='word_1_377' title='bbox 1509 1429 1635 1456; x_wconf 83' lang='grc' dir='ltr'>Εὑτόνιον</span> <span class='ocrx_word' id='word_1_378' title='bbox 1652 1429 1713 1464; x_wconf 80' lang='grc' dir='ltr'>μὲν,</span> <span class='ocrx_word' id='word_1_379' title='bbox 1729 1430 1769 1456; x_wconf 81' lang='grc' dir='ltr'>ὅτι</span> <span class='ocrx_word' id='word_1_380' title='bbox 1782 1429 1888 1455; x_wconf 76' lang='grc' dir='ltr'>ἐπιϐου-</span> 
     </span>
    </p>
   </div>
   <div class='ocr_carea' id='block_1_56' title="bbox 1098 1473 1889 1510">
    <p class='ocr_par' dir='ltr' id='par_1_56' title="bbox 1098 1473 1889 1510">
     <span class='ocr_line' id='line_1_56' title="bbox 1098 1473 1889 1510; baseline 0.003 -11"><span class='ocrx_word' id='word_1_381' title='bbox 1098 1473 1223 1503; x_wconf 82' lang='grc' dir='ltr'>λεύεται,</span> <span class='ocrx_word' id='word_1_382' title='bbox 1249 1474 1475 1510; x_wconf 73' lang='grc' dir='ltr'>παρεωρακέναι,</span> <span class='ocrx_word' id='word_1_383' title='bbox 1503 1474 1633 1501; x_wconf 76' lang='grc' dir='ltr'>Εὑσέόιον</span> <span class='ocrx_word' id='word_1_384' title='bbox 1652 1475 1680 1501; x_wconf 80' lang='grc' dir='ltr'><strong>δὲ</strong></span> <span class='ocrx_word' id='word_1_385' title='bbox 1703 1476 1744 1501; x_wconf 77' lang='grc' dir='ltr'>ὅτι</span> <span class='ocrx_word' id='word_1_386' title='bbox 1765 1475 1889 1510; x_wconf 80' lang='grc' dir='ltr'>τυραννεῖ</span> 
     </span>
    </p>
   </div>
   <div class='ocr_carea' id='block_1_57' title="bbox 1099 1518 1888 1554">
    <p class='ocr_par' dir='ltr' id='par_1_57' title="bbox 1099 1518 1888 1554">
     <span class='ocr_line' id='line_1_57' title="bbox 1099 1518 1888 1554; baseline 0.003 -10"><span class='ocrx_word' id='word_1_387' title='bbox 1099 1519 1338 1554; x_wconf 84' lang='grc' dir='ltr'>τεθεραπευκέναι.</span> <span class='ocrx_word' id='word_1_388' title='bbox 1363 1518 1480 1554; x_wconf 83' lang='grc' dir='ltr'>Εὑτονίῳ</span> <span class='ocrx_word' id='word_1_389' title='bbox 1496 1519 1551 1554; x_wconf 85' lang='grc' dir='ltr'>γὰρ</span> <span class='ocrx_word' id='word_1_390' title='bbox 1575 1519 1691 1554; x_wconf 82' lang='grc' dir='ltr'>πολεμεῖ</span> <span class='ocrx_word' id='word_1_391' title='bbox 1714 1520 1763 1554; x_wconf 82' lang='grc' dir='ltr'>μὲν</span> <span class='ocrx_word' id='word_1_392' title='bbox 1788 1520 1860 1552; x_wconf 78' lang='grc' dir='ltr'>ἅπας</span> <span class='ocrx_word' id='word_1_393' title='bbox 1874 1521 1888 1546; x_wconf 82' lang='grc' dir='ltr'><strong>ό</strong></span> 
     </span>
    </p>
   </div>
   <div class='ocr_carea' id='block_1_58' title="bbox 1100 1564 1888 1600">
    <p class='ocr_par' dir='ltr' id='par_1_58' title="bbox 1100 1564 1888 1600">
     <span class='ocr_line' id='line_1_58' title="bbox 1100 1564 1888 1600; baseline 0.003 -11"><span class='ocrx_word' id='word_1_394' title='bbox 1100 1565 1210 1600; x_wconf 79' lang='grc' dir='ltr'>κλῆρος,</span> <span class='ocrx_word' id='word_1_395' title='bbox 1230 1565 1243 1590; x_wconf 75' lang='grc' dir='ltr'><strong>ὁ</strong></span> <span class='ocrx_word' id='word_1_396' title='bbox 1259 1565 1306 1599; x_wconf 77' lang='grc' dir='ltr'>μὲν</span> <span class='ocrx_word' id='word_1_397' title='bbox 1323 1564 1411 1598; x_wconf 77' lang='grc' dir='ltr'>ἑκὼν,</span> <span class='ocrx_word' id='word_1_398' title='bbox 1426 1566 1440 1590; x_wconf 85' lang='grc' dir='ltr'>ὁ</span> <span class='ocrx_word' id='word_1_399' title='bbox 1454 1565 1482 1591; x_wconf 75' lang='grc' dir='ltr'><strong>δὲ</strong></span> <span class='ocrx_word' id='word_1_400' title='bbox 1500 1566 1628 1600; x_wconf 72' lang='grc' dir='ltr'>καὶπρὸς</span> <span class='ocrx_word' id='word_1_401' title='bbox 1643 1566 1674 1591; x_wconf 80' lang='grc' dir='ltr'>τὸ</span> <span class='ocrx_word' id='word_1_402' title='bbox 1692 1565 1740 1592; x_wconf 73' lang='grc' dir='ltr'>τοῦ</span> <span class='ocrx_word' id='word_1_403' title='bbox 1757 1566 1888 1600; x_wconf 76' lang='grc' dir='ltr'>κρατοῦν-</span> 
     </span>
    </p>
   </div>
   <div class='ocr_carea' id='block_1_59' title="bbox 259 1606 1045 1646">
    <p class='ocr_par' dir='ltr' id='par_1_59' title="bbox 259 1607 1044 1642">
     <span class='ocr_line' id='line_1_59' title="bbox 259 1607 1044 1642; baseline -0.003 -8"><span class='ocrx_word' id='word_1_404' title='bbox 259 1608 365 1642; x_wconf 80' lang='lat' dir='ltr'><strong>culpam</strong></span> <span class='ocrx_word' id='word_1_405' title='bbox 382 1615 446 1635; x_wconf 92' lang='lat' dir='ltr'><strong>vero</strong></span> <span class='ocrx_word' id='word_1_406' title='bbox 471 1607 698 1642; x_wconf 76' lang='lat' dir='ltr'><strong>occasionemquc</strong></span> <span class='ocrx_word' id='word_1_407' title='bbox 712 1607 773 1634; x_wconf 83' lang='lat' dir='ltr'><strong>belli</strong></span> <span class='ocrx_word' id='word_1_408' title='bbox 791 1607 871 1641; x_wconf 86' lang='lat' dir='ltr'><strong>hujus</strong></span> <span class='ocrx_word' id='word_1_409' title='bbox 901 1614 953 1634; x_wconf 91' lang='lat' dir='ltr'><strong>non</strong></span> <span class='ocrx_word' id='word_1_410' title='bbox 967 1607 1044 1640; x_wconf 70' lang='lat' dir='ltr'><strong>cqui-</strong></span> 
     </span>
    </p>
   </div>
   <div class='ocr_carea' id='block_1_60' title="bbox 1098 1606 1889 1646">
    <p class='ocr_par' dir='ltr' id='par_1_60' title="bbox 1098 1610 1889 1646">
     <span class='ocr_line' id='line_1_60' title="bbox 1098 1610 1889 1646; baseline 0 -9"><span class='ocrx_word' id='word_1_411' title='bbox 1098 1619 1140 1642; x_wconf 83' lang='grc' dir='ltr'><strong>τος</strong></span> <span class='ocrx_word' id='word_1_412' title='bbox 1157 1611 1283 1646; x_wconf 77' lang='grc' dir='ltr'>σύνθημα</span> <span class='ocrx_word' id='word_1_413' title='bbox 1297 1619 1304 1624; x_wconf 93' lang='grc'>·</span> <span class='ocrx_word' id='word_1_414' title='bbox 1323 1610 1449 1646; x_wconf 81' lang='grc' dir='ltr'>ἔγκλημα</span> <span class='ocrx_word' id='word_1_415' title='bbox 1465 1610 1493 1638; x_wconf 82' lang='grc' dir='ltr'><strong>δὲ</strong></span> <span class='ocrx_word' id='word_1_416' title='bbox 1510 1611 1558 1637; x_wconf 81' lang='grc' dir='ltr'>τοῦ</span> <span class='ocrx_word' id='word_1_417' title='bbox 1574 1611 1694 1646; x_wconf 79' lang='grc' dir='ltr'>πολέμου</span> <span class='ocrx_word' id='word_1_418' title='bbox 1710 1612 1817 1643; x_wconf 82' lang='grc' dir='ltr'>τούτου,</span> <span class='ocrx_word' id='word_1_419' title='bbox 1835 1611 1889 1646; x_wconf 76' lang='grc' dir='ltr'><strong>ἐγὼ</strong></span> 
     </span>
    </p>
   </div>
   <div class='ocr_carea' id='block_1_61' title="bbox 259 1652 1043 1687">
    <p class='ocr_par' dir='ltr' id='par_1_61' title="bbox 259 1652 1043 1687">
     <span class='ocr_line' id='line_1_61' title="bbox 259 1652 1043 1687; baseline -0.003 -7"><span class='ocrx_word' id='word_1_420' title='bbox 259 1654 320 1680; x_wconf 85' lang='lat' dir='ltr'><strong>dein</strong></span> <span class='ocrx_word' id='word_1_421' title='bbox 332 1654 396 1681; x_wconf 81' lang='lat' dir='ltr'><strong>satis</strong></span> <span class='ocrx_word' id='word_1_422' title='bbox 405 1654 470 1680; x_wconf 86' lang='lat' dir='ltr'><strong>scio.</strong></span> <span class='ocrx_word' id='word_1_423' title='bbox 487 1652 555 1680; x_wconf 85' lang='lat' dir='ltr'><strong>Sunt</strong></span> <span class='ocrx_word' id='word_1_424' title='bbox 568 1652 612 1687; x_wconf 90' lang='lat' dir='ltr'><strong>qui</strong></span> <span class='ocrx_word' id='word_1_425' title='bbox 627 1660 656 1680; x_wconf 88' lang='lat' dir='ltr'><strong>se</strong></span> <span class='ocrx_word' id='word_1_426' title='bbox 681 1652 791 1679; x_wconf 82' lang='lat' dir='ltr'><strong>audisse</strong></span> <span class='ocrx_word' id='word_1_427' title='bbox 815 1652 918 1684; x_wconf 74' lang='lat' dir='ltr'><strong>dicunt,</strong></span> <span class='ocrx_word' id='word_1_428' title='bbox 932 1652 1043 1678; x_wconf 85' lang='lat' dir='ltr'><strong>virtutis</strong></span> 
     </span>
    </p>
   </div>
   <div class='ocr_carea' id='block_1_62' title="bbox 260 1697 1042 1733">
    <p class='ocr_par' dir='ltr' id='par_1_62' title="bbox 260 1697 1042 1733">
     <span class='ocr_line' id='line_1_62' title="bbox 260 1697 1042 1733; baseline 0 -9"><span class='ocrx_word' id='word_1_429' title='bbox 260 1700 333 1725; x_wconf 88' lang='lat' dir='ltr'><strong>illum</strong></span> <span class='ocrx_word' id='word_1_430' title='bbox 351 1706 409 1726; x_wconf 89' lang='lat' dir='ltr'><strong>esse</strong></span> <span class='ocrx_word' id='word_1_431' title='bbox 423 1699 558 1725; x_wconf 80' lang='lat' dir='ltr'><strong>alumnum</strong></span> <span class='ocrx_word' id='word_1_432' title='bbox 586 1699 735 1733; x_wconf 79' lang='lat' dir='ltr'><strong>egregium,</strong></span> <span class='ocrx_word' id='word_1_433' title='bbox 750 1697 820 1724; x_wconf 86' lang='lat' dir='ltr'><strong>hunc</strong></span> <span class='ocrx_word' id='word_1_434' title='bbox 850 1705 913 1724; x_wconf 77' lang='lat' dir='ltr'><strong>vero</strong></span> <span class='ocrx_word' id='word_1_435' title='bbox 933 1697 993 1723; x_wconf 72' lang='lat' dir='ltr'><strong>belli</strong></span> <span class='ocrx_word' id='word_1_436' title='bbox 1012 1705 1042 1724; x_wconf 74' lang='lat' dir='ltr'><strong>cx</strong></span> 
     </span>
    </p>
   </div>
   <div class='ocr_carea' id='block_1_63' title="bbox 260 1744 1047 1779">
    <p class='ocr_par' dir='ltr' id='par_1_63' title="bbox 260 1744 1047 1779">
     <span class='ocr_line' id='line_1_63' title="bbox 260 1744 1047 1779; baseline -0.001 -8"><span class='ocrx_word' id='word_1_437' title='bbox 260 1745 408 1779; x_wconf 83' lang='lat' dir='ltr'><strong>composito</strong></span> <span class='ocrx_word' id='word_1_438' title='bbox 432 1751 524 1771; x_wconf 84' lang='lat' dir='ltr'><strong>ansam</strong></span> <span class='ocrx_word' id='word_1_439' title='bbox 542 1744 672 1778; x_wconf 66' lang='lat' dir='ltr'><strong>prmbere,</strong></span> <span class='ocrx_word' id='word_1_440' title='bbox 685 1748 772 1770; x_wconf 84' lang='lat' dir='ltr'><strong>tamen</strong></span> <span class='ocrx_word' id='word_1_441' title='bbox 792 1748 965 1770; x_wconf 80' lang='lat' dir='ltr'><strong>assententur</strong></span> <span class='ocrx_word' id='word_1_442' title='bbox 981 1744 1003 1769; x_wconf 90' lang='lat' dir='ltr'><strong>ei</strong></span> <span class='ocrx_word' id='word_1_443' title='bbox 1020 1749 1047 1770; x_wconf 88' lang='lat' dir='ltr'><strong>et</strong></span> 
     </span>
    </p>
   </div>
   <div class='ocr_carea' id='block_1_64' title="bbox 260 1789 1042 1824">
    <p class='ocr_par' dir='ltr' id='par_1_64' title="bbox 260 1789 1042 1824">
     <span class='ocr_line' id='line_1_64' title="bbox 260 1789 1042 1824; baseline -0.005 -6"><span class='ocrx_word' id='word_1_444' title='bbox 260 1795 519 1824; x_wconf 74' lang='lat' dir='ltr'><strong>accusantes,atque</strong></span> <span class='ocrx_word' id='word_1_445' title='bbox 532 1790 593 1817; x_wconf 88' lang='lat' dir='ltr'><strong>odio</strong></span> <span class='ocrx_word' id='word_1_446' title='bbox 607 1795 802 1824; x_wconf 84' lang='lat' dir='ltr'><strong>prosequentes</strong></span> <span class='ocrx_word' id='word_1_447' title='bbox 819 1789 940 1823; x_wconf 85' lang='lat' dir='ltr'><strong>plurimi.</strong></span> <span class='ocrx_word' id='word_1_448' title='bbox 960 1789 1042 1824; x_wconf 87' lang='lat' dir='ltr'><strong>Equi-</strong></span> 
     </span>
    </p>
   </div>
   <div class='ocr_carea' id='block_1_65' title="bbox 260 1835 1047 1870">
    <p class='ocr_par' dir='ltr' id='par_1_65' title="bbox 260 1835 1047 1870">
     <span class='ocr_line' id='line_1_65' title="bbox 260 1835 1047 1870; baseline -0.003 -8"><span class='ocrx_word' id='word_1_449' title='bbox 260 1836 321 1863; x_wconf 87' lang='lat' dir='ltr'><strong>dem</strong></span> <span class='ocrx_word' id='word_1_450' title='bbox 337 1836 413 1870; x_wconf 87' lang='lat' dir='ltr'><strong>quasi</strong></span> <span class='ocrx_word' id='word_1_451' title='bbox 440 1836 550 1863; x_wconf 82' lang='lat' dir='ltr'><strong>virtutis</strong></span> <span class='ocrx_word' id='word_1_452' title='bbox 568 1835 708 1862; x_wconf 88' lang='lat' dir='ltr'><strong>inimicum</strong></span> <span class='ocrx_word' id='word_1_453' title='bbox 724 1843 756 1862; x_wconf 86' lang='lat' dir='ltr'><strong>ac</strong></span> <span class='ocrx_word' id='word_1_454' title='bbox 781 1835 887 1862; x_wconf 80' lang='lat' dir='ltr'><strong>diabolo</strong></span> <span class='ocrx_word' id='word_1_455' title='bbox 906 1835 1047 1861; x_wconf 75' lang='lat' dir='ltr'><strong>eulludeu-</strong></span> 
     </span>
    </p>
   </div>
   <div class='ocr_carea' id='block_1_66' title="bbox 262 1880 1048 1916">
    <p class='ocr_par' dir='ltr' id='par_1_66' title="bbox 262 1880 1048 1916">
     <span class='ocr_line' id='line_1_66' title="bbox 262 1880 1048 1916; baseline -0.004 -8"><span class='ocrx_word' id='word_1_456' title='bbox 262 1887 327 1914; x_wconf 90' lang='lat' dir='ltr'><strong>tem,</strong></span> <span class='ocrx_word' id='word_1_457' title='bbox 341 1882 387 1916; x_wconf 89' lang='lat' dir='ltr'><strong>qui</strong></span> <span class='ocrx_word' id='word_1_458' title='bbox 405 1882 510 1908; x_wconf 79' lang='lat' dir='ltr'><strong>zizauia</strong></span> <span class='ocrx_word' id='word_1_459' title='bbox 542 1881 678 1908; x_wconf 85' lang='lat' dir='ltr'><strong>mentibus</strong></span> <span class='ocrx_word' id='word_1_460' title='bbox 705 1881 806 1908; x_wconf 78' lang='lat' dir='ltr'><strong>inserat.</strong></span> <span class='ocrx_word' id='word_1_461' title='bbox 839 1880 1048 1906; x_wconf 84' lang='lat' dir='ltr'><strong>tuortalium.ne</strong></span> 
     </span>
    </p>
   </div>
   <div class='ocr_carea' id='block_1_67' title="bbox 1099 1654 1888 1691">
    <p class='ocr_par' dir='ltr' id='par_1_67' title="bbox 1099 1654 1888 1691">
     <span class='ocr_line' id='line_1_67' title="bbox 1099 1654 1888 1691; baseline 0 -8"><span class='ocrx_word' id='word_1_462' title='bbox 1099 1657 1147 1691; x_wconf 80' lang='grc' dir='ltr'>μὲν</span> <span class='ocrx_word' id='word_1_463' title='bbox 1162 1657 1211 1683; x_wconf 77' lang='grc' dir='ltr'>οὐκ</span> <span class='ocrx_word' id='word_1_464' title='bbox 1235 1654 1293 1683; x_wconf 74' lang='grc' dir='ltr'>οἴδα</span> <span class='ocrx_word' id='word_1_465' title='bbox 1310 1657 1396 1684; x_wconf 71' lang='grc' dir='ltr'>οὐδέν.</span> <span class='ocrx_word' id='word_1_466' title='bbox 1415 1657 1484 1683; x_wconf 77' lang='grc' dir='ltr'>Φασὶ</span> <span class='ocrx_word' id='word_1_467' title='bbox 1503 1657 1531 1684; x_wconf 77' lang='grc' dir='ltr'><strong>δὲ</strong></span> <span class='ocrx_word' id='word_1_468' title='bbox 1553 1657 1688 1691; x_wconf 83' lang='grc' dir='ltr'>λεγόντων</span> <span class='ocrx_word' id='word_1_469' title='bbox 1703 1657 1830 1690; x_wconf 75' lang='grc' dir='ltr'>ἀκούειν,</span> <span class='ocrx_word' id='word_1_470' title='bbox 1848 1658 1888 1684; x_wconf 69' lang='grc' dir='ltr'>ὅτι</span> 
     </span>
    </p>
   </div>
   <div class='ocr_carea' id='block_1_68' title="bbox 1098 1701 1889 1738">
    <p class='ocr_par' dir='ltr' id='par_1_68' title="bbox 1098 1701 1889 1738">
     <span class='ocr_line' id='line_1_68' title="bbox 1098 1701 1889 1738; baseline 0.001 -10"><span class='ocrx_word' id='word_1_471' title='bbox 1098 1702 1197 1737; x_wconf 84' lang='grc' dir='ltr'>ἀρετῆς</span> <span class='ocrx_word' id='word_1_472' title='bbox 1219 1702 1277 1728; x_wconf 77' lang='grc' dir='ltr'>ἐστι</span> <span class='ocrx_word' id='word_1_473' title='bbox 1300 1701 1411 1737; x_wconf 83' lang='grc' dir='ltr'>Θρέμμα</span> <span class='ocrx_word' id='word_1_474' title='bbox 1438 1702 1636 1738; x_wconf 57' lang='grc' dir='ltr'>περίϐλεπτον</span> <span class='ocrx_word' id='word_1_475' title='bbox 1660 1702 1706 1729; x_wconf 80' lang='grc' dir='ltr'><strong>τὸν</strong></span> <span class='ocrx_word' id='word_1_476' title='bbox 1725 1703 1753 1729; x_wconf 81' lang='grc' dir='ltr'><strong>δὲ</strong></span> <span class='ocrx_word' id='word_1_477' title='bbox 1778 1702 1808 1728; x_wconf 75' lang='grc' dir='ltr'><strong>τὸ</strong></span> <span class='ocrx_word' id='word_1_478' title='bbox 1829 1703 1889 1729; x_wconf 79' lang='grc' dir='ltr'>σύν-</span> 
     </span>
    </p>
   </div>
   <div class='ocr_carea' id='block_1_69' title="bbox 1099 1747 1888 1783">
    <p class='ocr_par' dir='ltr' id='par_1_69' title="bbox 1099 1747 1888 1783">
     <span class='ocr_line' id='line_1_69' title="bbox 1099 1747 1888 1783; baseline -0.001 -9"><span class='ocrx_word' id='word_1_479' title='bbox 1099 1747 1173 1782; x_wconf 83' lang='grc' dir='ltr'>θημα</span> <span class='ocrx_word' id='word_1_480' title='bbox 1198 1747 1244 1773; x_wconf 74' lang='grc' dir='ltr'>τοῦ</span> <span class='ocrx_word' id='word_1_481' title='bbox 1272 1747 1390 1782; x_wconf 84' lang='grc' dir='ltr'>πολέμου</span> <span class='ocrx_word' id='word_1_482' title='bbox 1407 1747 1487 1774; x_wconf 85' lang='grc' dir='ltr'>δόντα</span> <span class='ocrx_word' id='word_1_483' title='bbox 1509 1749 1533 1774; x_wconf 80' lang='grc' dir='ltr'>εί</span> <span class='ocrx_word' id='word_1_484' title='bbox 1556 1748 1604 1774; x_wconf 78' lang='grc' dir='ltr'><strong>καὶ</strong></span> <span class='ocrx_word' id='word_1_485' title='bbox 1626 1748 1720 1774; x_wconf 82' lang='grc' dir='ltr'>πολλοὶ</span> <span class='ocrx_word' id='word_1_486' title='bbox 1747 1747 1888 1783; x_wconf 79' lang='grc' dir='ltr'>μισοῦντες</span> 
     </span>
    </p>
   </div>
   <div class='ocr_carea' id='block_1_70' title="bbox 1099 1793 1888 1829">
    <p class='ocr_par' dir='ltr' id='par_1_70' title="bbox 1099 1793 1888 1829">
     <span class='ocr_line' id='line_1_70' title="bbox 1099 1793 1888 1829; baseline 0 -11"><span class='ocrx_word' id='word_1_487' title='bbox 1099 1793 1146 1819; x_wconf 78' lang='grc' dir='ltr'>καὶ</span> <span class='ocrx_word' id='word_1_488' title='bbox 1165 1793 1385 1829; x_wconf 80' lang='grc' dir='ltr'>κακηγοροῦντες</span> <span class='ocrx_word' id='word_1_489' title='bbox 1415 1793 1622 1826; x_wconf 81' lang='grc' dir='ltr'>κολακεύουσιν,</span> <span class='ocrx_word' id='word_1_490' title='bbox 1649 1793 1705 1827; x_wconf 74' lang='grc' dir='ltr'><strong>ἐγὼ</strong></span> <span class='ocrx_word' id='word_1_491' title='bbox 1725 1794 1772 1820; x_wconf 59' lang='lat' dir='ltr'><strong>ac;</strong></span> <span class='ocrx_word' id='word_1_492' title='bbox 1795 1793 1888 1828; x_wconf 74' lang='grc' dir='ltr'>ἐχθρὸν</span> 
     </span>
    </p>
   </div>
   <div class='ocr_carea' id='block_1_71' title="bbox 1098 1838 1888 1875">
    <p class='ocr_par' dir='ltr' id='par_1_71' title="bbox 1098 1838 1888 1875">
     <span class='ocr_line' id='line_1_71' title="bbox 1098 1838 1888 1875; baseline 0.001 -11"><span class='ocrx_word' id='word_1_493' title='bbox 1098 1838 1147 1872; x_wconf 80' lang='grc' dir='ltr'>τῆς</span> <span class='ocrx_word' id='word_1_494' title='bbox 1162 1839 1273 1874; x_wconf 80' lang='grc' dir='ltr'>ἀρετῆς,</span> <span class='ocrx_word' id='word_1_495' title='bbox 1287 1839 1334 1865; x_wconf 79' lang='grc' dir='ltr'>καὶ</span> <span class='ocrx_word' id='word_1_496' title='bbox 1350 1839 1388 1874; x_wconf 85' lang='grc' dir='ltr'>τῷ</span> <span class='ocrx_word' id='word_1_497' title='bbox 1407 1839 1523 1874; x_wconf 75' lang='grc' dir='ltr'>διαϐόλῳ</span> <span class='ocrx_word' id='word_1_498' title='bbox 1540 1839 1750 1875; x_wconf 79' lang='grc' dir='ltr'>συμπράττοντα</span> <span class='ocrx_word' id='word_1_499' title='bbox 1765 1839 1804 1874; x_wconf 83' lang='grc' dir='ltr'>τῷ</span> <span class='ocrx_word' id='word_1_500' title='bbox 1821 1838 1888 1866; x_wconf 81' lang='grc' dir='ltr'>κατὰ</span> 
     </span>
    </p>
   </div>
   <div class='ocr_carea' id='block_1_72' title="bbox 1097 1883 1887 1921">
    <p class='ocr_par' dir='ltr' id='par_1_72' title="bbox 1097 1883 1887 1921">
     <span class='ocr_line' id='line_1_72' title="bbox 1097 1883 1887 1921; baseline 0.001 -12"><span class='ocrx_word' id='word_1_501' title='bbox 1097 1883 1150 1909; x_wconf 81' lang='grc' dir='ltr'>τῶν</span> <span class='ocrx_word' id='word_1_502' title='bbox 1171 1883 1350 1919; x_wconf 83' lang='grc' dir='ltr'>ἀνθρωπίνων</span> <span class='ocrx_word' id='word_1_503' title='bbox 1365 1884 1461 1920; x_wconf 73' lang='grc' dir='ltr'>ψυχῶν</span> <span class='ocrx_word' id='word_1_504' title='bbox 1477 1885 1616 1921; x_wconf 82' lang='grc' dir='ltr'>σπείροντι</span> <span class='ocrx_word' id='word_1_505' title='bbox 1636 1885 1671 1911; x_wconf 83' lang='grc' dir='ltr'><strong>τὰ</strong></span> <span class='ocrx_word' id='word_1_506' title='bbox 1689 1884 1814 1917; x_wconf 77' lang='grc' dir='ltr'>ζιζάνια,</span> <span class='ocrx_word' id='word_1_507' title='bbox 1835 1883 1887 1910; x_wconf 69' lang='grc' dir='ltr'>ούδ⁹</span> 
     </span>
    </p>
   </div>
   <div class='ocr_carea' id='block_1_73' title="bbox 260 1925 1045 1965">
    <p class='ocr_par' dir='ltr' id='par_1_73' title="bbox 260 1925 1045 1962">
     <span class='ocr_line' id='line_1_73' title="bbox 260 1925 1045 1962; baseline -0.004 -8"><span class='ocrx_word' id='word_1_508' title='bbox 260 1928 347 1961; x_wconf 62' lang='lat' dir='ltr'><strong>sequis</strong></span> <span class='ocrx_word' id='word_1_509' title='bbox 362 1927 471 1962; x_wconf 85' lang='lat' dir='ltr'><strong>quidem</strong></span> <span class='ocrx_word' id='word_1_510' title='bbox 499 1927 622 1961; x_wconf 72' lang='lat' dir='ltr'><strong>aspicere</strong></span> <span class='ocrx_word' id='word_1_511' title='bbox 646 1934 753 1961; x_wconf 78' lang='lat' dir='ltr'><strong>possum</strong></span> <span class='ocrx_word' id='word_1_512' title='bbox 782 1925 879 1957; x_wconf 80' lang='lat' dir='ltr'><strong>oculis,</strong></span> <span class='ocrx_word' id='word_1_513' title='bbox 896 1926 947 1952; x_wconf 68' lang='lat' dir='ltr'><strong>utsi</strong></span> <span class='ocrx_word' id='word_1_514' title='bbox 975 1926 1045 1951; x_wconf 77' lang='lat' dir='ltr'><strong>niillc</strong></span> 
     </span>
    </p>
   </div>
   <div class='ocr_carea' id='block_1_74' title="bbox 1098 1925 1853 1965">
    <p class='ocr_par' dir='ltr' id='par_1_74' title="bbox 1098 1927 1853 1965">
     <span class='ocr_line' id='line_1_74' title="bbox 1098 1927 1853 1965; baseline 0.004 -12"><span class='ocrx_word' id='word_1_515' title='bbox 1098 1927 1162 1957; x_wconf 71' lang='grc' dir='ltr'>ἰδεῖν</span> <span class='ocrx_word' id='word_1_516' title='bbox 1175 1927 1302 1963; x_wconf 74' lang='grc' dir='ltr'>δύναμαι,</span> <span class='ocrx_word' id='word_1_517' title='bbox 1315 1929 1370 1955; x_wconf 78' lang='grc' dir='ltr'><strong>οὐδ’</strong></span> <span class='ocrx_word' id='word_1_518' title='bbox 1385 1929 1418 1956; x_wconf 80' lang='grc' dir='ltr'>ἂν</span> <span class='ocrx_word' id='word_1_519' title='bbox 1434 1930 1549 1965; x_wconf 82' lang='grc' dir='ltr'>μυρίους</span> <span class='ocrx_word' id='word_1_520' title='bbox 1561 1930 1696 1965; x_wconf 78' lang='grc' dir='ltr'>ἀπειλήσῃ</span> <span class='ocrx_word' id='word_1_521' title='bbox 1710 1930 1853 1960; x_wconf 76' lang='grc' dir='ltr'>Θανάτους.</span> 
     </span>
    </p>
   </div>
   <div class='ocr_carea' id='block_1_75' title="bbox 263 1974 659 2001">
    <p class='ocr_par' dir='ltr' id='par_1_75' title="bbox 263 1974 659 2001">
     <span class='ocr_line' id='line_1_75' title="bbox 263 1974 659 2001; baseline -0.003 -1"><span class='ocrx_word' id='word_1_522' title='bbox 263 1975 438 2001; x_wconf 72' lang='lat' dir='ltr'><strong>interminato</strong></span> <span class='ocrx_word' id='word_1_523' title='bbox 445 1981 455 1999; x_wconf 92' lang='lat' dir='ltr'><strong>r</strong></span> <span class='ocrx_word' id='word_1_524' title='bbox 469 1974 532 2000; x_wconf 87' lang='lat' dir='ltr'><strong>tnihi</strong></span> <span class='ocrx_word' id='word_1_525' title='bbox 549 1978 659 2000; x_wconf 81' lang='lat' dir='ltr'><strong>mortes.</strong></span> 
     </span>
    </p>
   </div>
   <div class='ocr_carea' id='block_1_76' title="bbox 334 2025 976 2064">
    <p class='ocr_par' dir='ltr' id='par_1_76' title="bbox 334 2025 976 2064">
     <span class='ocr_line' id='line_1_76' title="bbox 334 2025 976 2064; baseline -0.003 -10"><span class='ocrx_word' id='word_1_526' title='bbox 334 2029 415 2064; x_wconf 74' lang='grc'><strong>720</strong></span> <span class='ocrx_word' id='word_1_527' title='bbox 429 2028 529 2055; x_wconf 72' lang='lat' dir='ltr'><strong>DLXV.</strong></span> <span class='ocrx_word' id='word_1_528' title='bbox 539 2027 699 2055; x_wconf 75' lang='lat' dir='ltr'><strong>—JOANN[</strong></span> <span class='ocrx_word' id='word_1_529' title='bbox 728 2025 976 2056; x_wconf 62' lang='lat' dir='ltr'><strong>SCUOLASTICO.</strong></span> 
     </span>
    </p>
   </div>
   <div class='ocr_carea' id='block_1_77' title="bbox 1230 2028 1759 2065">
    <p class='ocr_par' dir='ltr' id='par_1_77' title="bbox 1230 2028 1759 2065">
     <span class='ocr_line' id='line_1_77' title="bbox 1230 2028 1759 2065; baseline 0.004 -11"><span class='ocrx_word' id='word_1_530' title='bbox 1230 2028 1311 2055; x_wconf 82' lang='grc' dir='ltr'><strong>ΦΞΕ’.</strong></span> <span class='ocrx_word' id='word_1_531' title='bbox 1332 2044 1364 2049; x_wconf 92' lang='lat'><strong>-—</strong></span> <span class='ocrx_word' id='word_1_532' title='bbox 1383 2029 1514 2065; x_wconf 73' lang='grc' dir='ltr'><strong>ΙΩΑΝΝῌ</strong></span> <span class='ocrx_word' id='word_1_533' title='bbox 1532 2030 1759 2064; x_wconf 72' lang='grc' dir='ltr'><strong>ΣΧΟΛΑΣΤΙΚῼ.</strong></span> 
     </span>
    </p>
   </div>
   <div class='ocr_carea' id='block_1_78' title="bbox 711 2084 1445 2121">
    <p class='ocr_par' dir='ltr' id='par_1_78' title="bbox 711 2084 1445 2121">
     <span class='ocr_line' id='line_1_78' title="bbox 711 2084 1445 2121; baseline 0.004 -10"><span class='ocrx_word' id='word_1_534' title='bbox 711 2084 820 2112; x_wconf 71' lang='lat' dir='ltr'><strong>Virtutis</strong></span> <span class='ocrx_word' id='word_1_535' title='bbox 836 2094 867 2113; x_wconf 87' lang='lat' dir='ltr'><strong>ac</strong></span> <span class='ocrx_word' id='word_1_536' title='bbox 883 2086 940 2113; x_wconf 76' lang='lat' dir='ltr'><strong>uitii</strong></span> <span class='ocrx_word' id='word_1_537' title='bbox 954 2085 1133 2121; x_wconf 72' lang='grc' dir='ltr'>παραλλήλους</span> <span class='ocrx_word' id='word_1_538' title='bbox 1155 2086 1260 2121; x_wconf 73' lang='lat' dir='ltr'><strong>elegans</strong></span> <span class='ocrx_word' id='word_1_539' title='bbox 1273 2088 1445 2121; x_wconf 79' lang='lat' dir='ltr'><strong>comparatio.</strong></span> 
     </span>
    </p>
   </div>
   <div class='ocr_carea' id='block_1_79' title="bbox 299 2142 1048 2177">
    <p class='ocr_par' dir='ltr' id='par_1_79' title="bbox 299 2142 1048 2177">
     <span class='ocr_line' id='line_1_79' title="bbox 299 2142 1048 2177; baseline 0 -8"><span class='ocrx_word' id='word_1_540' title='bbox 299 2142 523 2177; x_wconf 85' lang='lat' dir='ltr'><strong>Quandoquidem</strong></span> <span class='ocrx_word' id='word_1_541' title='bbox 562 2142 722 2177; x_wconf 84' lang='lat' dir='ltr'><strong>improbitas</strong></span> <span class='ocrx_word' id='word_1_542' title='bbox 745 2150 793 2176; x_wconf 89' lang='lat' dir='ltr'><strong>per</strong></span> <span class='ocrx_word' id='word_1_543' title='bbox 816 2150 848 2169; x_wconf 89' lang='lat' dir='ltr'><strong>ea</strong></span> <span class='ocrx_word' id='word_1_544' title='bbox 874 2150 934 2177; x_wconf 70' lang='lat' dir='ltr'><strong>qua:</strong></span> <span class='ocrx_word' id='word_1_545' title='bbox 955 2142 1048 2170; x_wconf 77' lang='lat' dir='ltr'><strong>statim</strong></span> 
     </span>
    </p>
   </div>
   <div class='ocr_carea' id='block_1_80' title="bbox 264 2188 1048 2223">
    <p class='ocr_par' dir='ltr' id='par_1_80' title="bbox 264 2188 1048 2223">
     <span class='ocr_line' id='line_1_80' title="bbox 264 2188 1048 2223; baseline -0.003 -6"><span class='ocrx_word' id='word_1_546' title='bbox 264 2190 390 2217; x_wconf 84' lang='lat' dir='ltr'><strong>videntur</strong></span> <span class='ocrx_word' id='word_1_547' title='bbox 415 2196 475 2217; x_wconf 87' lang='lat' dir='ltr'><strong>esse</strong></span> <span class='ocrx_word' id='word_1_548' title='bbox 504 2188 673 2216; x_wconf 84' lang='lat' dir='ltr'><strong>delectabilia</strong></span> <span class='ocrx_word' id='word_1_549' title='bbox 700 2188 811 2222; x_wconf 85' lang='lat' dir='ltr'><strong>incedit,</strong></span> <span class='ocrx_word' id='word_1_550' title='bbox 829 2193 856 2216; x_wconf 90' lang='lat' dir='ltr'><strong>et</strong></span> <span class='ocrx_word' id='word_1_551' title='bbox 883 2188 1048 2223; x_wconf 73' lang='lat' dir='ltr'><strong>voluptatem</strong></span> 
     </span>
    </p>
   </div>
   <div class='ocr_carea' id='block_1_81' title="bbox 1145 2143 1888 2179">
    <p class='ocr_par' dir='ltr' id='par_1_81' title="bbox 1145 2143 1888 2179">
     <span class='ocr_line' id='line_1_81' title="bbox 1145 2143 1888 2179; baseline 0 -9"><span class='ocrx_word' id='word_1_552' title='bbox 1145 2144 1284 2179; x_wconf 82' lang='grc' dir='ltr'><strong>Ἐπειδὴή</strong></span> <span class='ocrx_word' id='word_1_553' title='bbox 1302 2143 1352 2178; x_wconf 79' lang='grc' dir='ltr'>μὲν</span> <span class='ocrx_word' id='word_1_554' title='bbox 1368 2143 1452 2170; x_wconf 83' lang='grc' dir='ltr'>κακία</span> <span class='ocrx_word' id='word_1_555' title='bbox 1472 2143 1516 2170; x_wconf 84' lang='grc' dir='ltr'>διὰ</span> <span class='ocrx_word' id='word_1_556' title='bbox 1534 2143 1588 2169; x_wconf 87' lang='grc' dir='ltr'>τῶν</span> <span class='ocrx_word' id='word_1_557' title='bbox 1609 2143 1770 2178; x_wconf 81' lang='grc' dir='ltr'>παραυτίκα</span> <span class='ocrx_word' id='word_1_558' title='bbox 1784 2143 1888 2170; x_wconf 67' lang='grc' dir='ltr'>δοκούνη</span> 
     </span>
    </p>
   </div>
   <div class='ocr_carea' id='block_1_82' title="bbox 1102 2188 1889 2224">
    <p class='ocr_par' dir='ltr' id='par_1_82' title="bbox 1102 2188 1889 2224">
     <span class='ocr_line' id='line_1_82' title="bbox 1102 2188 1889 2224; baseline -0.001 -9"><span class='ocrx_word' id='word_1_559' title='bbox 1102 2197 1156 2216; x_wconf 88' lang='grc' dir='ltr'><strong>των</strong></span> <span class='ocrx_word' id='word_1_560' title='bbox 1173 2188 1243 2216; x_wconf 83' lang='grc' dir='ltr'>εἶναι</span> <span class='ocrx_word' id='word_1_561' title='bbox 1259 2188 1384 2224; x_wconf 82' lang='grc' dir='ltr'>τερπνῶν</span> <span class='ocrx_word' id='word_1_562' title='bbox 1408 2188 1571 2224; x_wconf 85' lang='grc' dir='ltr'>πορεύεται,</span> <span class='ocrx_word' id='word_1_563' title='bbox 1587 2189 1633 2214; x_wconf 82' lang='grc' dir='ltr'><strong>καὶ</strong></span> <span class='ocrx_word' id='word_1_564' title='bbox 1652 2189 1702 2223; x_wconf 85' lang='grc' dir='ltr'>τὴν</span> <span class='ocrx_word' id='word_1_565' title='bbox 1725 2188 1821 2224; x_wconf 77' lang='grc' dir='ltr'>ἡδονὴν</span> <span class='ocrx_word' id='word_1_566' title='bbox 1835 2188 1889 2223; x_wconf 75' lang='grc' dir='ltr'>ἔχει</span> 
     </span>
    </p>
   </div>
   <div class='ocr_carea' id='block_1_83' title="bbox 264 2231 1045 2272">
    <p class='ocr_par' dir='ltr' id='par_1_83' title="bbox 264 2231 1045 2267">
     <span class='ocr_line' id='line_1_83' title="bbox 264 2231 1045 2267; baseline -0.001 -4"><span class='ocrx_word' id='word_1_567' title='bbox 264 2235 348 2264; x_wconf 84' lang='lat' dir='ltr'><strong>habet</strong></span> <span class='ocrx_word' id='word_1_568' title='bbox 370 2235 589 2263; x_wconf 88' lang='lat' dir='ltr'><strong>commetientem</strong></span> <span class='ocrx_word' id='word_1_569' title='bbox 618 2231 668 2262; x_wconf 84' lang='lat' dir='ltr'><strong>sibi</strong></span> <span class='ocrx_word' id='word_1_570' title='bbox 689 2234 940 2267; x_wconf 85' lang='lat' dir='ltr'><strong>adminiculantem,</strong></span> <span class='ocrx_word' id='word_1_571' title='bbox 965 2235 1045 2262; x_wconf 76' lang='lat' dir='ltr'><strong>virtus</strong></span> 
     </span>
    </p>
   </div>
   <div class='ocr_carea' id='block_1_84' title="bbox 1098 2231 1890 2272">
    <p class='ocr_par' dir='ltr' id='par_1_84' title="bbox 1104 2234 1890 2271">
     <span class='ocr_line' id='line_1_84' title="bbox 1104 2234 1890 2271; baseline -0.003 -9"><span class='ocrx_word' id='word_1_572' title='bbox 1104 2235 1329 2271; x_wconf 79' lang='grc' dir='ltr'>συμμετροῦσαν·</span> <span class='ocrx_word' id='word_1_573' title='bbox 1349 2236 1366 2270; x_wconf 88' lang='grc' dir='ltr'>ὴ</span> <span class='ocrx_word' id='word_1_574' title='bbox 1389 2235 1419 2261; x_wconf 81' lang='grc' dir='ltr'><strong>δὲ</strong></span> <span class='ocrx_word' id='word_1_575' title='bbox 1438 2235 1522 2270; x_wconf 83' lang='grc' dir='ltr'>ἀρετὴ</span> <span class='ocrx_word' id='word_1_576' title='bbox 1537 2234 1635 2265; x_wconf 84' lang='grc' dir='ltr'>πόνους</span> <span class='ocrx_word' id='word_1_577' title='bbox 1661 2234 1830 2269; x_wconf 82' lang='grc' dir='ltr'>προτείνεται</span> <span class='ocrx_word' id='word_1_578' title='bbox 1844 2234 1890 2260; x_wconf 67' lang='grc' dir='ltr'>καὶ</span> 
     </span>
    </p>
   </div>
   <div class='ocr_carea' id='block_1_85' title="bbox 266 2280 1052 2315">
    <p class='ocr_par' dir='ltr' id='par_1_85' title="bbox 266 2280 1052 2315">
     <span class='ocr_line' id='line_1_85' title="bbox 266 2280 1052 2315; baseline -0.003 -6"><span class='ocrx_word' id='word_1_579' title='bbox 266 2289 330 2310; x_wconf 83' lang='lat' dir='ltr'><strong>vero</strong></span> <span class='ocrx_word' id='word_1_580' title='bbox 350 2282 458 2309; x_wconf 82' lang='lat' dir='ltr'><strong>labores</strong></span> <span class='ocrx_word' id='word_1_581' title='bbox 483 2281 606 2313; x_wconf 84' lang='lat' dir='ltr'><strong>exhibet,</strong></span> <span class='ocrx_word' id='word_1_582' title='bbox 629 2286 711 2315; x_wconf 86' lang='lat' dir='ltr'><strong>atque</strong></span> <span class='ocrx_word' id='word_1_583' title='bbox 741 2280 929 2308; x_wconf 79' lang='lat' dir='ltr'><strong>contentiones</strong></span> <span class='ocrx_word' id='word_1_584' title='bbox 956 2289 962 2307; x_wconf 94' lang='lat'>:</span> <span class='ocrx_word' id='word_1_585' title='bbox 989 2281 1052 2308; x_wconf 86' lang='lat' dir='ltr'><strong>hinc</strong></span> 
     </span>
    </p>
   </div>
   <div class='ocr_carea' id='block_1_86' title="bbox 266 2326 1054 2362">
    <p class='ocr_par' dir='ltr' id='par_1_86' title="bbox 266 2326 1054 2362">
     <span class='ocr_line' id='line_1_86' title="bbox 266 2326 1054 2362; baseline 0.001 -8"><span class='ocrx_word' id='word_1_586' title='bbox 266 2328 391 2356; x_wconf 85' lang='lat' dir='ltr'><strong>usuvenit</strong></span> <span class='ocrx_word' id='word_1_587' title='bbox 405 2326 477 2354; x_wconf 82' lang='lat' dir='ltr'><strong>illam</strong></span> <span class='ocrx_word' id='word_1_588' title='bbox 492 2335 506 2353; x_wconf 85' lang='lat' dir='ltr'><strong>a</strong></span> <span class='ocrx_word' id='word_1_589' title='bbox 521 2327 643 2362; x_wconf 88' lang='lat' dir='ltr'><strong>pluribus</strong></span> <span class='ocrx_word' id='word_1_590' title='bbox 667 2327 801 2359; x_wconf 85' lang='lat' dir='ltr'><strong>adamari,</strong></span> <span class='ocrx_word' id='word_1_591' title='bbox 818 2326 889 2354; x_wconf 81' lang='lat' dir='ltr'><strong>hanc</strong></span> <span class='ocrx_word' id='word_1_592' title='bbox 912 2326 1054 2361; x_wconf 88' lang='lat' dir='ltr'><strong>pauciores</strong></span> 
     </span>
    </p>
   </div>
   <div class='ocr_carea' id='block_1_87' title="bbox 269 2372 1056 2408">
    <p class='ocr_par' dir='ltr' id='par_1_87' title="bbox 269 2372 1056 2408">
     <span class='ocr_line' id='line_1_87' title="bbox 269 2372 1056 2408; baseline -0.003 -7"><span class='ocrx_word' id='word_1_593' title='bbox 269 2374 304 2401; x_wconf 79' lang='lat' dir='ltr'><strong>ad</strong></span> <span class='ocrx_word' id='word_1_594' title='bbox 327 2380 356 2401; x_wconf 87' lang='lat' dir='ltr'><strong>se</strong></span> <span class='ocrx_word' id='word_1_595' title='bbox 380 2373 524 2400; x_wconf 79' lang='lat' dir='ltr'><strong>amandum</strong></span> <span class='ocrx_word' id='word_1_596' title='bbox 554 2372 679 2400; x_wconf 81' lang='lat' dir='ltr'><strong>invitare.</strong></span> <span class='ocrx_word' id='word_1_597' title='bbox 703 2372 933 2400; x_wconf 86' lang='lat' dir='ltr'><strong>Considerandum</strong></span> <span class='ocrx_word' id='word_1_598' title='bbox 966 2373 1056 2408; x_wconf 83' lang='lat' dir='ltr'><strong>itaque</strong></span> 
     </span>
    </p>
   </div>
   <div class='ocr_carea' id='block_1_88' title="bbox 271 2418 1056 2454">
    <p class='ocr_par' dir='ltr' id='par_1_88' title="bbox 271 2418 1056 2454">
     <span class='ocr_line' id='line_1_88' title="bbox 271 2418 1056 2454; baseline 0.001 -8"><span class='ocrx_word' id='word_1_599' title='bbox 271 2419 342 2446; x_wconf 88' lang='lat' dir='ltr'><strong>illius</strong></span> <span class='ocrx_word' id='word_1_600' title='bbox 370 2418 537 2452; x_wconf 76' lang='lat' dir='ltr'><strong>voluptatem</strong></span> <span class='ocrx_word' id='word_1_601' title='bbox 568 2419 766 2452; x_wconf 81' lang='lat' dir='ltr'><strong>quamprimum</strong></span> <span class='ocrx_word' id='word_1_602' title='bbox 793 2419 1056 2454; x_wconf 79' lang='lat' dir='ltr'><strong>exstingui,virtutis</strong></span> 
     </span>
    </p>
   </div>
   <div class='ocr_carea' id='block_1_89' title="bbox 270 2464 1048 2499">
    <p class='ocr_par' dir='ltr' id='par_1_89' title="bbox 270 2464 1048 2499">
     <span class='ocr_line' id='line_1_89' title="bbox 270 2464 1048 2499; baseline 0.001 -8"><span class='ocrx_word' id='word_1_603' title='bbox 270 2471 334 2492; x_wconf 77' lang='lat' dir='ltr'><strong>vero</strong></span> <span class='ocrx_word' id='word_1_604' title='bbox 351 2464 477 2499; x_wconf 81' lang='lat' dir='ltr'><strong>gaudium</strong></span> <span class='ocrx_word' id='word_1_605' title='bbox 500 2469 658 2499; x_wconf 88' lang='lat' dir='ltr'><strong>perpetuum</strong></span> <span class='ocrx_word' id='word_1_606' title='bbox 673 2471 743 2497; x_wconf 86' lang='lat' dir='ltr'><strong>esse,</strong></span> <span class='ocrx_word' id='word_1_607' title='bbox 764 2469 791 2492; x_wconf 87' lang='lat' dir='ltr'><strong>et</strong></span> <span class='ocrx_word' id='word_1_608' title='bbox 816 2465 884 2492; x_wconf 89' lang='lat' dir='ltr'><strong>mori</strong></span> <span class='ocrx_word' id='word_1_609' title='bbox 909 2465 1048 2498; x_wconf 79' lang='lat' dir='ltr'><strong>nescium;</strong></span> 
     </span>
    </p>
   </div>
   <div class='ocr_carea' id='block_1_90' title="bbox 266 2509 1048 2545">
    <p class='ocr_par' dir='ltr' id='par_1_90' title="bbox 266 2509 1048 2545">
     <span class='ocr_line' id='line_1_90' title="bbox 266 2509 1048 2545; baseline 0 -7"><span class='ocrx_word' id='word_1_610' title='bbox 266 2510 412 2545; x_wconf 83' lang='lat' dir='ltr'><strong>voluptatis</strong></span> <span class='ocrx_word' id='word_1_611' title='bbox 442 2509 535 2536; x_wconf 89' lang='lat' dir='ltr'><strong>vitium</strong></span> <span class='ocrx_word' id='word_1_612' title='bbox 563 2516 657 2543; x_wconf 89' lang='lat' dir='ltr'><strong>parere</strong></span> <span class='ocrx_word' id='word_1_613' title='bbox 681 2509 830 2542; x_wconf 79' lang='lat' dir='ltr'><strong>infantiam,</strong></span> <span class='ocrx_word' id='word_1_614' title='bbox 849 2511 1048 2545; x_wconf 85' lang='lat' dir='ltr'><strong>ruboremque;</strong></span> 
     </span>
    </p>
   </div>
   <div class='ocr_carea' id='block_1_91' title="bbox 268 2554 1050 2590">
    <p class='ocr_par' dir='ltr' id='par_1_91' title="bbox 268 2554 1050 2590">
     <span class='ocr_line' id='line_1_91' title="bbox 268 2554 1050 2590; baseline -0.001 -7"><span class='ocrx_word' id='word_1_615' title='bbox 268 2556 339 2583; x_wconf 83' lang='lat' dir='ltr'><strong>hanc</strong></span> <span class='ocrx_word' id='word_1_616' title='bbox 350 2559 444 2582; x_wconf 86' lang='lat' dir='ltr'><strong>contra</strong></span> <span class='ocrx_word' id='word_1_617' title='bbox 458 2555 564 2582; x_wconf 88' lang='lat' dir='ltr'><strong>Iaudem</strong></span> <span class='ocrx_word' id='word_1_618' title='bbox 580 2559 606 2581; x_wconf 86' lang='lat' dir='ltr'><strong>et</strong></span> <span class='ocrx_word' id='word_1_619' title='bbox 622 2554 734 2589; x_wconf 81' lang='lat' dir='ltr'><strong>gloriam</strong></span> <span class='ocrx_word' id='word_1_620' title='bbox 747 2564 752 2581; x_wconf 93' lang='lat'>:</span> <span class='ocrx_word' id='word_1_621' title='bbox 768 2555 842 2582; x_wconf 86' lang='lat' dir='ltr'><strong>illam</strong></span> <span class='ocrx_word' id='word_1_622' title='bbox 857 2563 936 2590; x_wconf 72' lang='lat' dir='ltr'><strong>ptena</strong></span> <span class='ocrx_word' id='word_1_623' title='bbox 950 2561 1050 2590; x_wconf 87' lang='lat' dir='ltr'><strong>manet,</strong></span> 
     </span>
    </p>
   </div>
   <div class='ocr_carea' id='block_1_92' title="bbox 268 2601 1051 2630">
    <p class='ocr_par' dir='ltr' id='par_1_92' title="bbox 268 2601 1051 2630">
     <span class='ocr_line' id='line_1_92' title="bbox 268 2601 1051 2630; baseline 0.001 -1"><span class='ocrx_word' id='word_1_624' title='bbox 268 2602 340 2629; x_wconf 89' lang='lat' dir='ltr'><strong>hanc</strong></span> <span class='ocrx_word' id='word_1_625' title='bbox 366 2601 447 2628; x_wconf 86' lang='lat' dir='ltr'><strong>decus</strong></span> <span class='ocrx_word' id='word_1_626' title='bbox 460 2604 487 2627; x_wconf 85' lang='lat' dir='ltr'><strong>et.</strong></span> <span class='ocrx_word' id='word_1_627' title='bbox 507 2601 592 2628; x_wconf 87' lang='lat' dir='ltr'><strong>honos</strong></span> <span class='ocrx_word' id='word_1_628' title='bbox 608 2601 766 2628; x_wconf 82' lang='lat' dir='ltr'><strong>comitatur.</strong></span> <span class='ocrx_word' id='word_1_629' title='bbox 783 2601 883 2628; x_wconf 77' lang='lat' dir='ltr'><strong>Vitium</strong></span> <span class='ocrx_word' id='word_1_630' title='bbox 903 2602 1051 2630; x_wconf 62' lang='lat' dir='ltr'><strong>«temonem</strong></span> 
     </span>
    </p>
   </div>
   <div class='ocr_carea' id='block_1_93' title="bbox 268 2646 1049 2683">
    <p class='ocr_par' dir='ltr' id='par_1_93' title="bbox 268 2646 1049 2683">
     <span class='ocr_line' id='line_1_93' title="bbox 268 2646 1049 2683; baseline 0.003 -10"><span class='ocrx_word' id='word_1_631' title='bbox 268 2647 377 2682; x_wconf 87' lang='lat' dir='ltr'><strong>quidem</strong></span> <span class='ocrx_word' id='word_1_632' title='bbox 394 2646 474 2674; x_wconf 86' lang='lat' dir='ltr'><strong>habet</strong></span> <span class='ocrx_word' id='word_1_633' title='bbox 487 2651 648 2682; x_wconf 88' lang='lat' dir='ltr'><strong>patronum;</strong></span> <span class='ocrx_word' id='word_1_634' title='bbox 664 2646 750 2674; x_wconf 86' lang='lat' dir='ltr'><strong>virtus</strong></span> <span class='ocrx_word' id='word_1_635' title='bbox 768 2654 831 2674; x_wconf 88' lang='lat' dir='ltr'><strong>vero</strong></span> <span class='ocrx_word' id='word_1_636' title='bbox 844 2646 929 2675; x_wconf 90' lang='lat' dir='ltr'><strong>Deum</strong></span> <span class='ocrx_word' id='word_1_637' title='bbox 941 2648 1049 2683; x_wconf 78' lang='lat' dir='ltr'><strong>legisla-</strong></span> 
     </span>
    </p>
   </div>
   <div class='ocr_carea' id='block_1_94' title="bbox 1102 2279 1891 2316">
    <p class='ocr_par' dir='ltr' id='par_1_94' title="bbox 1102 2279 1891 2316">
     <span class='ocr_line' id='line_1_94' title="bbox 1102 2279 1891 2316; baseline -0.004 -8"><span class='ocrx_word' id='word_1_638' title='bbox 1102 2281 1212 2315; x_wconf 87' lang='grc' dir='ltr'>ἀγῶνας</span> <span class='ocrx_word' id='word_1_639' title='bbox 1221 2289 1228 2296; x_wconf 93' lang='grc'><strong>·</strong></span> <span class='ocrx_word' id='word_1_640' title='bbox 1245 2281 1290 2308; x_wconf 87' lang='grc' dir='ltr'><strong>διὰ</strong></span> <span class='ocrx_word' id='word_1_641' title='bbox 1305 2281 1383 2308; x_wconf 81' lang='grc' dir='ltr'>τοῦτο</span> <span class='ocrx_word' id='word_1_642' title='bbox 1395 2281 1486 2316; x_wconf 78' lang='grc' dir='ltr'>ἐκείνη</span> <span class='ocrx_word' id='word_1_643' title='bbox 1503 2281 1553 2316; x_wconf 85' lang='grc' dir='ltr'>μὲν</span> <span class='ocrx_word' id='word_1_644' title='bbox 1567 2280 1680 2312; x_wconf 76' lang='grc' dir='ltr'>πολλοὺς</span> <span class='ocrx_word' id='word_1_645' title='bbox 1691 2299 1698 2312; x_wconf 92' lang='grc'>,</span> <span class='ocrx_word' id='word_1_646' title='bbox 1713 2280 1783 2314; x_wconf 81' lang='grc' dir='ltr'>αὑτὴ</span> <span class='ocrx_word' id='word_1_647' title='bbox 1797 2280 1824 2306; x_wconf 81' lang='grc' dir='ltr'><strong>δὲ</strong></span> <span class='ocrx_word' id='word_1_648' title='bbox 1838 2279 1891 2306; x_wconf 75' lang='grc' dir='ltr'>ὀλί-</span> 
     </span>
    </p>
   </div>
   <div class='ocr_carea' id='block_1_95' title="bbox 1103 2326 1891 2363">
    <p class='ocr_par' dir='ltr' id='par_1_95' title="bbox 1103 2326 1891 2363">
     <span class='ocr_line' id='line_1_95' title="bbox 1103 2326 1891 2363; baseline -0.004 -8"><span class='ocrx_word' id='word_1_649' title='bbox 1103 2337 1168 2363; x_wconf 86' lang='grc' dir='ltr'>γους</span> <span class='ocrx_word' id='word_1_650' title='bbox 1185 2328 1361 2355; x_wconf 71' lang='grc' dir='ltr'>ἐπεσπάσατο</span> <span class='ocrx_word' id='word_1_651' title='bbox 1378 2329 1418 2360; x_wconf 86' lang='grc' dir='ltr'><strong>είς</strong></span> <span class='ocrx_word' id='word_1_652' title='bbox 1437 2328 1481 2355; x_wconf 79' lang='grc' dir='ltr'>τὸν</span> <span class='ocrx_word' id='word_1_653' title='bbox 1497 2328 1598 2362; x_wconf 79' lang='grc' dir='ltr'>ἑαυτῆς</span> <span class='ocrx_word' id='word_1_654' title='bbox 1620 2327 1721 2362; x_wconf 72' lang='grc' dir='ltr'>ἔρωτα.</span> <span class='ocrx_word' id='word_1_655' title='bbox 1740 2326 1806 2352; x_wconf 86' lang='grc' dir='ltr'>Δέον</span> <span class='ocrx_word' id='word_1_656' title='bbox 1821 2326 1891 2361; x_wconf 77' lang='grc' dir='ltr'><strong>γὰρ,</strong></span> 
     </span>
    </p>
   </div>
   <div class='ocr_carea' id='block_1_96' title="bbox 1105 2372 1892 2409">
    <p class='ocr_par' dir='ltr' id='par_1_96' title="bbox 1105 2372 1892 2409">
     <span class='ocr_line' id='line_1_96' title="bbox 1105 2372 1892 2409; baseline -0.004 -9"><span class='ocrx_word' id='word_1_657' title='bbox 1105 2373 1276 2409; x_wconf 84' lang='grc' dir='ltr'>συνορῶντας</span> <span class='ocrx_word' id='word_1_658' title='bbox 1289 2373 1356 2408; x_wconf 83' lang='grc' dir='ltr'>ὅτιὴ</span> <span class='ocrx_word' id='word_1_659' title='bbox 1374 2373 1423 2409; x_wconf 74' lang='grc' dir='ltr'>μὲν</span> <span class='ocrx_word' id='word_1_660' title='bbox 1433 2374 1481 2409; x_wconf 84' lang='grc' dir='ltr'>τῆς</span> <span class='ocrx_word' id='word_1_661' title='bbox 1494 2373 1593 2405; x_wconf 85' lang='grc' dir='ltr'>κακίας</span> <span class='ocrx_word' id='word_1_662' title='bbox 1606 2373 1687 2408; x_wconf 75' lang='grc' dir='ltr'>ἡδονὴ</span> <span class='ocrx_word' id='word_1_663' title='bbox 1702 2372 1803 2408; x_wconf 62' lang='grc' dir='ltr'>ῥᾳδίως</span> <span class='ocrx_word' id='word_1_664' title='bbox 1819 2372 1892 2398; x_wconf 79' lang='grc' dir='ltr'>σὸέν-</span> 
     </span>
    </p>
   </div>
   <div class='ocr_carea' id='block_1_97' title="bbox 1106 2417 1892 2456">
    <p class='ocr_par' dir='ltr' id='par_1_97' title="bbox 1106 2417 1892 2456">
     <span class='ocr_line' id='line_1_97' title="bbox 1106 2417 1892 2456; baseline -0.004 -10"><span class='ocrx_word' id='word_1_665' title='bbox 1106 2429 1193 2452; x_wconf 84' lang='grc' dir='ltr'>νυται,</span> <span class='ocrx_word' id='word_1_666' title='bbox 1208 2421 1224 2455; x_wconf 81' lang='grc' dir='ltr'>ἠ</span> <span class='ocrx_word' id='word_1_667' title='bbox 1239 2419 1267 2445; x_wconf 86' lang='grc' dir='ltr'><strong>δὲ</strong></span> <span class='ocrx_word' id='word_1_668' title='bbox 1283 2419 1330 2454; x_wconf 86' lang='grc' dir='ltr'>τῆς</span> <span class='ocrx_word' id='word_1_669' title='bbox 1347 2419 1446 2456; x_wconf 84' lang='grc' dir='ltr'>ἀρετῆς</span> <span class='ocrx_word' id='word_1_670' title='bbox 1462 2419 1616 2455; x_wconf 74' lang='grc' dir='ltr'>εὐφροσύνη</span> <span class='ocrx_word' id='word_1_671' title='bbox 1633 2418 1757 2453; x_wconf 81' lang='grc' dir='ltr'>ἀοίδιμός</span> <span class='ocrx_word' id='word_1_672' title='bbox 1775 2419 1833 2444; x_wconf 80' lang='grc' dir='ltr'>ἐστι</span> <span class='ocrx_word' id='word_1_673' title='bbox 1849 2417 1892 2443; x_wconf 80' lang='grc' dir='ltr'>καὶ</span> 
     </span>
    </p>
   </div>
   <div class='ocr_carea' id='block_1_98' title="bbox 1104 2465 1893 2502">
    <p class='ocr_par' dir='ltr' id='par_1_98' title="bbox 1104 2465 1893 2502">
     <span class='ocr_line' id='line_1_98' title="bbox 1104 2465 1893 2502; baseline -0.005 -7"><span class='ocrx_word' id='word_1_674' title='bbox 1104 2468 1254 2499; x_wconf 83' lang='grc' dir='ltr'>ἀθάνατος’</span> <span class='ocrx_word' id='word_1_675' title='bbox 1271 2467 1319 2494; x_wconf 83' lang='grc' dir='ltr'>καὶ</span> <span class='ocrx_word' id='word_1_676' title='bbox 1337 2469 1378 2494; x_wconf 83' lang='grc' dir='ltr'>ὅτι</span> <span class='ocrx_word' id='word_1_677' title='bbox 1399 2468 1416 2502; x_wconf 86' lang='grc' dir='ltr'>ἡ</span> <span class='ocrx_word' id='word_1_678' title='bbox 1439 2467 1488 2502; x_wconf 84' lang='grc' dir='ltr'>μὲν</span> <span class='ocrx_word' id='word_1_679' title='bbox 1507 2467 1616 2500; x_wconf 78' lang='grc' dir='ltr'>ἀδοξίαν</span> <span class='ocrx_word' id='word_1_680' title='bbox 1638 2467 1685 2493; x_wconf 71' lang='grc' dir='ltr'><strong>καὶ</strong></span> <span class='ocrx_word' id='word_1_681' title='bbox 1707 2465 1858 2501; x_wconf 77' lang='grc' dir='ltr'>αἰσχύνην,</span> <span class='ocrx_word' id='word_1_682' title='bbox 1877 2465 1893 2499; x_wconf 87' lang='grc' dir='ltr'>ή</span> 
     </span>
    </p>
   </div>
   <div class='ocr_carea' id='block_1_99' title="bbox 1105 2508 1893 2546">
    <p class='ocr_par' dir='ltr' id='par_1_99' title="bbox 1105 2508 1893 2546">
     <span class='ocr_line' id='line_1_99' title="bbox 1105 2508 1893 2546; baseline -0.005 -7"><span class='ocrx_word' id='word_1_683' title='bbox 1105 2513 1133 2540; x_wconf 69' lang='grc' dir='ltr'><strong>δὲ</strong></span> <span class='ocrx_word' id='word_1_684' title='bbox 1152 2513 1280 2544; x_wconf 71' lang='grc' dir='ltr'>ἐπαίνους</span> <span class='ocrx_word' id='word_1_685' title='bbox 1300 2513 1348 2539; x_wconf 75' lang='grc' dir='ltr'>καὶ</span> <span class='ocrx_word' id='word_1_686' title='bbox 1367 2512 1446 2545; x_wconf 82' lang='grc' dir='ltr'>δόξαν</span> <span class='ocrx_word' id='word_1_687' title='bbox 1469 2512 1574 2538; x_wconf 86' lang='grc' dir='ltr'>τίκτει·</span> <span class='ocrx_word' id='word_1_688' title='bbox 1591 2511 1639 2538; x_wconf 76' lang='grc' dir='ltr'><strong>καὶ</strong></span> <span class='ocrx_word' id='word_1_689' title='bbox 1662 2512 1703 2538; x_wconf 78' lang='grc' dir='ltr'>ὅτι</span> <span class='ocrx_word' id='word_1_690' title='bbox 1717 2511 1735 2546; x_wconf 85' lang='grc' dir='ltr'>ὴ</span> <span class='ocrx_word' id='word_1_691' title='bbox 1756 2509 1806 2545; x_wconf 82' lang='grc' dir='ltr'>μὲν</span> <span class='ocrx_word' id='word_1_692' title='bbox 1828 2508 1893 2544; x_wconf 73' lang='grc' dir='ltr'>πρὸς</span> 
     </span>
    </p>
   </div>
   <div class='ocr_carea' id='block_1_100' title="bbox 1105 2553 1894 2594">
    <p class='ocr_par' dir='ltr' id='par_1_100' title="bbox 1105 2553 1894 2594">
     <span class='ocr_line' id='line_1_100' title="bbox 1105 2553 1894 2594; baseline -0.009 -8"><span class='ocrx_word' id='word_1_693' title='bbox 1105 2559 1241 2594; x_wconf 82' lang='grc' dir='ltr'>τιμωρίαν</span> <span class='ocrx_word' id='word_1_694' title='bbox 1252 2580 1259 2591; x_wconf 93' lang='lat'><strong>,</strong></span> <span class='ocrx_word' id='word_1_695' title='bbox 1275 2559 1292 2593; x_wconf 84' lang='grc' dir='ltr'>ὴ</span> <span class='ocrx_word' id='word_1_696' title='bbox 1307 2557 1336 2585; x_wconf 81' lang='grc' dir='ltr'><strong>δὲ</strong></span> <span class='ocrx_word' id='word_1_697' title='bbox 1356 2558 1424 2593; x_wconf 83' lang='grc' dir='ltr'>πρὸς</span> <span class='ocrx_word' id='word_1_698' title='bbox 1442 2557 1527 2592; x_wconf 85' lang='grc' dir='ltr'>τιμὴν</span> <span class='ocrx_word' id='word_1_699' title='bbox 1543 2557 1665 2592; x_wconf 84' lang='grc' dir='ltr'>τελευτᾷ.</span> <span class='ocrx_word' id='word_1_700' title='bbox 1682 2556 1740 2583; x_wconf 84' lang='grc' dir='ltr'>Καὶ</span> <span class='ocrx_word' id='word_1_701' title='bbox 1756 2557 1773 2590; x_wconf 81' lang='grc' dir='ltr'>ἡ</span> <span class='ocrx_word' id='word_1_702' title='bbox 1788 2555 1837 2590; x_wconf 83' lang='grc' dir='ltr'>μὲν</span> <span class='ocrx_word' id='word_1_703' title='bbox 1851 2553 1894 2579; x_wconf 74' lang='grc' dir='ltr'>τὸν</span> 
     </span>
    </p>
   </div>
   <div class='ocr_carea' id='block_1_101' title="bbox 1103 2600 1894 2639">
    <p class='ocr_par' dir='ltr' id='par_1_101' title="bbox 1103 2600 1894 2639">
     <span class='ocr_line' id='line_1_101' title="bbox 1103 2600 1894 2639; baseline -0.008 -9"><span class='ocrx_word' id='word_1_704' title='bbox 1103 2604 1225 2630; x_wconf 73' lang='grc' dir='ltr'>διάϐολον</span> <span class='ocrx_word' id='word_1_705' title='bbox 1248 2603 1304 2639; x_wconf 82' lang='grc' dir='ltr'>ἔχει</span> <span class='ocrx_word' id='word_1_706' title='bbox 1321 2603 1519 2639; x_wconf 79' lang='grc' dir='ltr'>συνήγορον,ὴ</span> <span class='ocrx_word' id='word_1_707' title='bbox 1545 2603 1573 2629; x_wconf 79' lang='grc' dir='ltr'><strong>δὲ</strong></span> <span class='ocrx_word' id='word_1_708' title='bbox 1598 2603 1644 2629; x_wconf 72' lang='grc' dir='ltr'><strong>τὸν</strong></span> <span class='ocrx_word' id='word_1_709' title='bbox 1668 2603 1723 2628; x_wconf 82' lang='grc' dir='ltr'><strong>τῶν</strong></span> <span class='ocrx_word' id='word_1_710' title='bbox 1747 2600 1894 2628; x_wconf 72' lang='grc' dir='ltr'>καλλίστων</span> 
     </span>
    </p>
   </div>
   <div class='ocr_carea' id='block_1_102' title="bbox 1105 2647 1894 2685">
    <p class='ocr_par' dir='ltr' id='par_1_102' title="bbox 1105 2647 1894 2685">
     <span class='ocr_line' id='line_1_102' title="bbox 1105 2647 1894 2685; baseline -0.005 -9"><span class='ocrx_word' id='word_1_711' title='bbox 1105 2650 1254 2685; x_wconf 69' lang='grc' dir='ltr'>νομοθέτην</span> <span class='ocrx_word' id='word_1_712' title='bbox 1267 2650 1343 2678; x_wconf 84' lang='grc' dir='ltr'><strong>Θεόν.</strong></span> <span class='ocrx_word' id='word_1_713' title='bbox 1362 2650 1415 2676; x_wconf 82' lang='grc' dir='ltr'><strong>Καὶ</strong></span> <span class='ocrx_word' id='word_1_714' title='bbox 1430 2650 1446 2685; x_wconf 85' lang='grc' dir='ltr'>ὴ</span> <span class='ocrx_word' id='word_1_715' title='bbox 1464 2649 1513 2685; x_wconf 78' lang='grc' dir='ltr'><strong>μὲν</strong></span> <span class='ocrx_word' id='word_1_716' title='bbox 1528 2648 1689 2684; x_wconf 78' lang='grc' dir='ltr'>ἀνατρέπει,</span> <span class='ocrx_word' id='word_1_717' title='bbox 1706 2649 1723 2682; x_wconf 83' lang='grc' dir='ltr'>ἡ</span> <span class='ocrx_word' id='word_1_718' title='bbox 1735 2647 1764 2673; x_wconf 84' lang='grc' dir='ltr'><strong>δὲ</strong></span> <span class='ocrx_word' id='word_1_719' title='bbox 1781 2653 1894 2680; x_wconf 61' lang='grc' dir='ltr'>σιγκρο-</span> 
     </span>
    </p>
   </div>
   <div class='ocr_carea' id='block_1_103' title="bbox 831 2732 1361 2765">
    <p class='ocr_par' dir='ltr' id='par_1_103' title="bbox 831 2732 1361 2765">
     <span class='ocr_line' id='line_1_103' title="bbox 831 2732 1361 2765; baseline -0.002 0"><span class='ocrx_word' id='word_1_720' title='bbox 831 2736 951 2765; x_wconf 76' lang='lat' dir='ltr'><strong>VARle</strong></span> <span class='ocrx_word' id='word_1_721' title='bbox 970 2734 1163 2765; x_wconf 71' lang='lat' dir='ltr'><strong>LECTIO‘NES</strong></span> <span class='ocrx_word' id='word_1_722' title='bbox 1183 2735 1227 2765; x_wconf 87' lang='grc' dir='ltr'><strong>ΕΤ</strong></span> <span class='ocrx_word' id='word_1_723' title='bbox 1246 2732 1361 2764; x_wconf 66' lang='grc' dir='ltr'>ΝΟΤΕ.</span> 
     </span>
    </p>
   </div>
   <div class='ocr_carea' id='block_1_104' title="bbox 305 2812 1896 2852">
    <p class='ocr_par' dir='ltr' id='par_1_104' title="bbox 305 2812 1896 2852">
     <span class='ocr_line' id='line_1_104' title="bbox 305 2812 1896 2852; baseline -0.001 -10"><span class='ocrx_word' id='word_1_724' title='bbox 305 2814 360 2851; x_wconf 77' lang='lat'><strong>(63)</strong></span> <span class='ocrx_word' id='word_1_725' title='bbox 385 2815 594 2852; x_wconf 76' lang='grc' dir='ltr'>Ἦμεροκαλές.</span> <span class='ocrx_word' id='word_1_726' title='bbox 610 2817 698 2844; x_wconf 85' lang='lat' dir='ltr'><strong>Floris</strong></span> <span class='ocrx_word' id='word_1_727' title='bbox 716 2816 805 2851; x_wconf 84' lang='lat' dir='ltr'><strong>hujus,</strong></span> <span class='ocrx_word' id='word_1_728' title='bbox 826 2817 871 2844; x_wconf 89' lang='lat' dir='ltr'><strong>lilii</strong></span> <span class='ocrx_word' id='word_1_729' title='bbox 895 2817 1019 2850; x_wconf 77' lang='lat' dir='ltr'><strong>agteslis,</strong></span> <span class='ocrx_word' id='word_1_730' title='bbox 1035 2817 1180 2844; x_wconf 77' lang='lat' dir='ltr'><strong>meminere</strong></span> <span class='ocrx_word' id='word_1_731' title='bbox 1205 2815 1383 2848; x_wconf 80' lang='lat' dir='ltr'><strong>Dioscorides,</strong></span> <span class='ocrx_word' id='word_1_732' title='bbox 1396 2813 1601 2849; x_wconf 85' lang='lat' dir='ltr'><strong>Theophrastus</strong></span> <span class='ocrx_word' id='word_1_733' title='bbox 1622 2821 1654 2841; x_wconf 87' lang='lat' dir='ltr'><strong>ac</strong></span> <span class='ocrx_word' id='word_1_734' title='bbox 1673 2813 1796 2849; x_wconf 86' lang='lat' dir='ltr'><strong>Plinius;</strong></span> <span class='ocrx_word' id='word_1_735' title='bbox 1817 2812 1896 2849; x_wconf 78' lang='lat' dir='ltr'><strong>Hesy-</strong></span> 
     </span>
    </p>
   </div>
   <div class='ocr_carea' id='block_1_105' title="bbox 267 2853 728 2880">
    <p class='ocr_par' dir='ltr' id='par_1_105' title="bbox 267 2853 728 2880">
     <span class='ocr_line' id='line_1_105' title="bbox 267 2853 728 2880; baseline -0.004 -1"><span class='ocrx_word' id='word_1_736' title='bbox 267 2853 345 2879; x_wconf 90' lang='lat' dir='ltr'><strong>chius</strong></span> <span class='ocrx_word' id='word_1_737' title='bbox 357 2853 418 2880; x_wconf 84' lang='lat' dir='ltr'><strong>item</strong></span> <span class='ocrx_word' id='word_1_738' title='bbox 437 2861 467 2880; x_wconf 79' lang='lat' dir='ltr'><strong>ac</strong></span> <span class='ocrx_word' id='word_1_739' title='bbox 484 2853 591 2880; x_wconf 81' lang='lat' dir='ltr'><strong>Suidas.</strong></span> <span class='ocrx_word' id='word_1_740' title='bbox 609 2853 728 2879; x_wconf 70' lang='lat' dir='ltr'><strong>Scno&#39;r-r.</strong></span> 
     </span>
    </p>
   </div>
  </div>
