2064 3162
192 194 256 227 1641

616 196 883 226 EPISTOLARUM
903 196 976 226 LIB.
1000 197 1032 227 V.
1045 198 1210 228 —EPIST.
1233 199 1391 230 DLXVIII.

1759 203 1825 239 1642

188 252 231 275 τεϊ
239 248 285 276 τὸν
298 249 432 285 ἡμέτερον
447 249 503 285 βίον
513 258 520 265 ·
536 250 583 276 καὶ
599 250 640 276 ὅτι
655 251 671 285 ἡ
691 251 740 286 μὲν
752 250 827 286 παρὰ
842 249 896 276 τῶν
912 259 984 286 παρ-

1037 255 1134 278 torem.
1150 252 1216 279 illud
1241 252 1324 280 vitam
1351 253 1448 280 evertit
1464 259 1596 288 nostram,
1615 255 1672 283 hinc
1685 264 1750 285 vero
1766 263 1823 286 sta-

188 294 273 321 όντω)
296 294 427 326 πολλάκις
443 295 613 331 διασύρεται,
631 296 647 331 ἡ
663 295 692 321 δὲ
712 296 758 322 καὶ
780 296 854 331 παρὰ
873 296 926 322 τῶν
943 295 981 331 μὴ

190 341 336 376 μετιόντων
351 341 435 377 αὐτὴν
448 341 619 377 θαυμάζεται
630 351 636 356 ·
652 343 699 369 καὶ
712 343 743 378 τῇ
762 343 811 377 μὲν
827 342 892 378 πῦρ,
905 344 938 378 τῇ
951 343 980 369 δὲ

189 387 312 422 βασιλεία
341 387 531 423 ηὐτρέπισται.
559 389 623 415 Δέον
653 389 741 415 τοίνυν
769 389 856 415 ταῦτα
886 389 976 416 πάντα

194 433 351 465 ἐννοοῦντας
363 454 369 465 ,
386 434 434 469 τὴν
456 434 505 469 μὲν
525 435 750 470 ἀποστραφῆναι,
767 435 805 466 ὡς
830 435 979 470 θηριόμορ-

188 487 236 512 φον
255 479 301 505 καὶ
316 478 432 514 όφιώδη,
459 479 508 514 τὴν
530 479 558 506 δὲ
581 479 756 506 ἀσπάσασθαι
772 479 810 511 ὡς
832 479 908 506 θείαν
931 481 979 507 καὶ

188 524 383 559 ὑπερκότμιον.
403 525 565 551 Τοὺναντίον
582 525 705 558 ποιοῦσι,
729 525 778 561 τὴν
800 525 902 561 πόρνην
920 526 979 552 ἀντὶ

187 571 235 606 τῆς
254 569 392 605 σώφρονος
407 570 564 606 αἱρούμενοι
580 570 720 605 γυναικός.

440 674 530 707 usqu
547 689 582 694 _
602 674 724 710 ΠΕΤΡῼ.

1035 297 1111 331 bilit;
1127 298 1217 325 illuda
1234 299 1414 333 prinsentibus
1432 308 1620 336 saepenumero
1647 305 1824 338 reprehendi.

1034 349 1092 376 tur,
1121 344 1179 372 haec
1206 345 1289 372 etiam
1310 346 1467 374 absentibus
1491 353 1533 375 est
1562 349 1754 384 admirationi;
1786 351 1823 379 illi

1032 389 1102 425 ignis
1133 390 1288 425 rependitur
1310 393 1494 426 sempiternus
1511 402 1518 421 :
1534 395 1598 422 huic
1621 403 1686 423 vero
1705 404 1818 431 regnum

1033 434 1163 463 cmlorum
1175 435 1312 463 tribuitur.
1329 436 1377 464 llis
1393 438 1475 473 igitur
1499 440 1590 467 animo
1605 442 1725 476 agitatis,
1743 443 1821 477 illud,

1033 485 1062 508 ut
1079 486 1239 514 monstrum,
1253 486 1280 509 et
1295 481 1375 509 veluti
1396 483 1519 517 coluber,
1533 485 1706 521 fugiendum;
1722 489 1779 516 hinc
1792 493 1822 516 ut

1032 527 1122 554 divina
1153 532 1235 563 atque
1270 528 1498 557 excellentissima
1535 537 1577 558 est
1610 533 1820 567 amplectenda.

1032 573 1081 606 Qui
1098 581 1177 601 secus
1193 574 1298 607 faxit.is
1319 580 1438 603 scortum
1468 576 1588 605 honestae
1614 579 1721 615 coniugi
1745 586 1824 609 ante-

1033 619 1119 653 ponit.

1284 677 1400 705 DLXVI.
1411 692 1446 698 —-
1457 677 1580 706 PETRO.

191 728 315 756 Veritatis
329 736 427 764 quanta
443 732 492 758 vis.
513 730 643 758 Hortatur
656 737 683 758 ut
705 733 836 759 constanti
854 732 984 795 αηίηιὲωςε

832 774 906 802 epist.

1026 736 1033 793 ll
1052 733 1220 802 amijsionfm
1237 733 1363 761 bonorum
1381 735 1576 768 temporalium.
1599 734 1680 770 (Vide
1703 741 1727 762 et
1743 744 1823 770 supra

1043 776 1100 795 eum
1122 776 1172 795 em.

832 774 906 802 epist.
922 774 976 795 5UU
998 774 1032 794 αιι
1043 774 1172 795 eumdem.

229 819 346 854 Ἰσχυρδν
365 819 413 854 μὲν
432 819 558 855 τάληθὲς,
577 820 623 847 καὶ
637 821 748 856 σιγητὺν
767 821 914 854 πολλάκις·
932 821 979 848 καὶ

184 864 248 896 τοὺς
260 865 392 900 κρύπτειν
407 865 533 897 θέλοντας
551 865 584 893 τὰ
597 866 744 902 ἀπόρρητα
762 867 897 902 κατήφεια
912 876 980 903 προ-

1068 821 1169 848 Potens
1182 821 1293 849 omnino
1305 829 1349 850 res
1360 827 1403 850 est
1414 823 1527 855 veritas,
1543 827 1570 850 et
1581 828 1623 851 est
1634 831 1694 850 cum
1715 823 1823 850 silentio

1031 866 1116 901 premi
1131 871 1220 901 potest
1233 876 1241 895 :
1255 871 1282 894 et
1298 875 1313 894 e
1324 869 1472 902 contrario,
1486 876 1546 904 qua:
1568 875 1675 897 secreta
1699 875 1763 897 sunt
1776 877 1823 897 ce-

185 910 277 938 δίδωσι
296 911 344 938 καὶ
366 912 517 948 στεναγμὸς
534 913 584 948 οὐχ
598 912 741 944 ἑκούσιος·
758 913 816 940 ἀλλ’
829 914 859 940 οὐ
878 913 977 941 λανθά-

1029 912 1087 939 lare
1101 912 1232 946 volentes,
1245 913 1302 947 ipsa
1324 913 1413 941 vultus
1434 915 1545 942 tristitia
1570 915 1741 951 gemitusque
1767 923 1822 943 non

186 965 261 983 νουσι
277 958 341 989 τοὺς
355 960 469 993 σοφοὺς,
484 959 582 991 οἵτινές
600 967 629 986 σε
651 959 698 986 καὶ
710 960 862 996 ἐπιρρῶσαι
875 960 979 986 δίκαιον

185 1003 352 1038 ἡγουμένους
364 1005 438 1039 ἡμᾶς
452 1005 499 1031 ἐπὶ
515 1005 546 1031 τὸ
561 1005 666 1041 γράψαι
689 1005 892 1041 παρώρμησαν.
910 1006 980 1032 Οῠκη

183 1051 247 1084 οὖν,
272 1049 295 1078 ὦ
320 1052 401 1086 φίλε,
419 1053 517 1080 ἐννοῶν
549 1053 580 1080 τὸ
611 1053 743 1088 ἐπίκηρον
765 1052 820 1079 τῶν
845 1052 978 1087 βιωτικῶν

184 1099 356 1134 πραγμάτων
367 1119 373 1130 ,
390 1099 427 1134 μὴ
442 1099 528 1126 λυποῦ
546 1099 667 1131 ἀποστὰς
682 1099 772 1126 αὐτῶν
783 1120 790 1131 ,
807 1099 874 1134 μηδὲ
885 1099 978 1133 ἐντυγ-

183 1153 249 1179 χανε
275 1145 397 1180 συνεχῶς
421 1147 476 1177 τοῖς
493 1147 533 1178 είς
549 1146 619 1173 αὑτὰ
635 1145 906 1180 ἐγκαλινδουμὲνοις,
930 1146 978 1172 καὶ

183 1190 268 1217 πολλὰ
286 1191 340 1217 τῶν
364 1192 436 1218 ἰδίων
455 1192 551 1219 παθῶν
572 1193 630 1224 ταῖς
648 1191 767 1227 ὁμιλίαις
791 1191 976 1226 ἀναμιγνύουο

183 1244 242 1270 σιν,
258 1236 325 1264 ἀλλὰ
342 1239 398 1268 τοῖς
412 1238 495 1273 ἀρετῇ
514 1237 610 1273 μηδενὶ
623 1237 676 1264 τῶν
692 1238 754 1264 καθ’
770 1237 883 1268 ἑαυτοὺς
900 1237 976 1271 opta-

184 1281 286 1317 μένοις.

426 1334 509 1363 ΦΞΖ¹,
531 1351 564 1356 -
582 1336 724 1363 ΜΛΡΩΝΙ.

1033 959 1180 986 voluntarii
1209 960 1337 994 produnt,
1360 961 1431 995 quod
1455 961 1591 995 sapientes
1613 961 1738 989 homines
1768 969 1822 989 non

1034 1005 1111 1039 fugit,
1123 1005 1168 1039 qui
1195 1010 1223 1031 ct
1250 1005 1363 1039 teipsutn
1394 1006 1611 1033 conﬁrmandum
1646 1007 1708 1040 rati,
1725 1014 1773 1033 nos
1788 1008 1822 1034 ad

1033 1051 1207 1079 scribendum
1237 1051 1285 1078 tibi
1309 1051 1484 1086 impulerunt.
1506 1052 1607 1085 Quare,
1628 1059 1644 1080 ο
1678 1053 1746 1080 bone
1767 1053 1820 1085 vir,

1028 1097 1175 1131 meditans,
1200 1097 1344 1131 animoque
1373 1098 1489 1133 agitans,
1518 1105 1608 1126 rerum
1637 1098 1820 1126 humanarum

1028 1143 1252 1175 imbecillitatem,
1271 1143 1363 1170 dolere
1381 1143 1446 1175 noli,
1464 1143 1486 1170 si
1504 1143 1557 1171 illis
1587 1143 1698 1171 exeidas
1713 1153 1720 1170 :
1740 1151 1772 1170 ac
1787 1151 1820 1170 ne

1031 1193 1161 1223 perpetuo
1177 1188 1232 1216 illis
1257 1189 1398 1217 adhmreas
1421 1189 1466 1224 qui
1495 1189 1528 1217 iis
1559 1194 1622 1217 sunt
1648 1190 1784 1221 immersi,
1794 1193 1821 1216 et

1031 1235 1112 1261 multa
1123 1243 1230 1262 suarum
1242 1234 1414 1263 al‘fectionum
1426 1235 1570 1271 colloquiis
1578 1235 1635 1263 suis
1654 1235 1808 1263 immisceut
1816 1256 1822 1265 .

1033 1280 1158 1315 nullaque
1171 1285 1234 1308 sunt
1244 1281 1334 1307 ornati
1351 1281 1463 1309 virtute.

1257 1334 1385 1362 DLXV".
1399 1350 1432 1356 —-
1451 1335 1591 1364 MARONI.

464 1395 510 1423 Bis
523 1395 612 1423 eadem
631 1404 657 1422 re
668 1404 778 1431 peccans
796 1396 896 1422 veniam
910 1403 961 1421 non
988 1400 1111 1422 uteretur.
1129 1394 1227 1430 (Supra
1240 1396 1315 1430 epist.
1329 1395 1364 1422 24
1374 1396 1537 1432 persimilis.)

217 1459 254 1485 Τὸ
284 1459 417 1495 πρότερον
450 1468 498 1486 σου
534 1459 723 1495 παρανόμημα
751 1459 889 1495 πρόφασις
927 1458 972 1484 εὑ-

181 1506 328 1541 πρόσωτιος
347 1506 434 1532 ἐδόκει
452 1506 627 1540 συγγνωστὸν
644 1507 748 1538 ποιεῖν,
772 1507 786 1532 ὁ
801 1505 872 1536 θεῖος
890 1505 905 1531 ὁ
927 1504 973 1536 σος

182 1551 371 1586 ἐκδεδικῆσθαι
392 1552 568 1586 νομιζόμενος
582 1561 588 1567 ·
613 1551 659 1578 τοῦ
683 1552 711 1579 δὲ
729 1552 787 1578 νυνὶ
809 1551 972 1586 παρανομή-

1063 1458 1142 1486 Prius
1154 1458 1218 1486 illud
1236 1463 1311 1486 tuum
1326 1459 1454 1487 delictum
1479 1460 1572 1487 nescio
1597 1460 1659 1495 quis
1675 1460 1818 1495 speciosus

1028 1510 1173 1541 prwtextus
1196 1506 1274 1533 venia
1304 1506 1413 1541 dignum
1442 1507 1555 1533 reddere
1581 1506 1732 1539 videbatur,
1748 1508 1820 1541 quod

1029 1557 1143 1588 patruus
1165 1557 1228 1579 tuus
1250 1558 1283 1578 eo
1299 1552 1332 1579 ab
1357 1551 1453 1585 injuria
1486 1552 1619 1579 vindicari
1640 1552 1771 1579 videatur.
1785 1553 1821 1581 At

183 1605 267 1632 ματος
280 1597 357 1623 οὐδὲν
373 1597 494 1625 τοιοῦτον
514 1597 592 1632 ἔσχες
611 1597 830 1632 παρακάλυμμα.
854 1597 903 1623 Ἐκ
920 1596 973 1631 γὰρ

1027 1599 1108 1634 huius
1120 1599 1211 1626 delicti
1226 1598 1332 1625 nullum
1347 1597 1467 1633 suppetit
1482 1595 1677 1626 velamentum.
1695 1597 1817 1626 Habendi

182 1642 341 1675 πλεονεξίας
363 1643 404 1673 εἰς
429 1642 509 1669 τοῦτο
536 1642 682 1678 ὡρμῆσθαι
708 1642 811 1675 ἔδοξας.
842 1642 897 1668 Καὶ
924 1641 973 1676 τὴν

181 1689 228 1715 ἐπὶ
255 1690 288 1724 τῇ
315 1689 436 1724 προτέρᾳ
455 1689 577 1724 ὠμότητι
601 1689 690 1716 αἰτίαν
712 1690 901 1724 dtu-quemdam.
920 1697 972 1722 γυ-

182 1735 251 1770 μνὴν
283 1735 382 1761 σαυτοῦ
413 1735 462 1770 τὴν
491 1734 612 1769 πονηρὰν
644 1735 805 1770 προαίρεσιν
835 1733 972 1766 ἐπιδειξά-

184 1790 275 1817 μενος.

286 1834 370 1862 om.
388 1850 423 1856 —
441 1835 595 1870 ΔΩΡΟΘΕῼ
612 1834 858 1871 ΛΑΜΠΡΟΤΑΤῼ.

1028 1644 1100 1670 enim
1128 1644 1276 1678 cupiditate
1310 1650 1344 1671 eo
1366 1643 1468 1670 videris
1490 1643 1634 1677 impulsus,
1655 1648 1682 1670 et
1709 1644 1815 1678 culpam

1028 1689 1112 1724 priori
1139 1689 1302 1716 immanitati
1325 1693 1378 1715 tuae
1402 1687 1592 1721 accumulasti,
1616 1688 1744 1723 detegens
1767 1688 1819 1715 lal-

1028 1739 1088 1761 sum
1113 1739 1187 1760 tuum
1201 1733 1381 1768 propositum.

1097 1833 1234 1862 DLXVIII.
1247 1849 1278 1854 -——
1293 1833 1480 1861 DOROTHEO
1498 1833 1580 1862 ἫΒο
1599 1833 1757 1862 CLARISS.

181 1892 221 1921 De
233 1893 334 1928 judicia
351 1897 373 1918 et
390 1891 512 1919 advozatt'
536 1891 638 1917 direrso
661 1889 755 1929 effigia.
776 1889 893 1929 Optimi
904 1890 1216 1929 ςιισιίεηξιριοιιιςςηιξεν.
1234 1889 1383 1929 persuadet.
1405 1888 1496 1916 Simile
1512 1889 1538 1915 in
1555 1894 1659 1916 oratore
1673 1894 1698 1916 et
1715 1889 1816 1924 judice.

676 1923 756 1959 (Vide
768 1926 845 1958 epist.
861 1925 907 1959 20,
923 1924 986 1958 219,
1007 1924 1072 1956 250,
1090 1924 1153 1956 442,
1169 1923 1232 1956 5‘21,
1248 1923 1322 1958 547.)

218 1995 248 2021 Εἰ
263 1995 277 2021 ὁ
295 1995 343 2029 μὲν
362 1992 511 2028 σύμϐουλος
526 1991 573 2018 τοῦ
589 1992 732 2026 παραινεῖν
753 1993 811 2018 ἐστι
830 1991 940 2027 κύριος,
958 1992 972 2018 ό

181 2041 208 2068 δὲ
222 2039 471 2076 συμϐουλευόμενος
485 2037 531 2064 τοῦ
548 2037 692 2072 πεισθῆναι
705 2058 712 2070 ,
729 2037 775 2064 καὶ
788 2038 802 2064 ὁ
818 2037 868 2072 μὲν
882 2038 912 2064 τὸ
923 2038 966 2064 αὑ-

180 2087 227 2114 τοῦ
246 2087 412 2120 πεποίηκεν,
436 2087 450 2112 ὀ
469 2084 496 2111 δὲ
520 2084 550 2110 οὐ
569 2084 709 2120 κεκύρωκε
729 2084 779 2119 τὴν
794 2083 907 2119 γνώμην
930 2083 970 2119 τῷ

181 2133 219 2165 είς
247 2132 346 2168 πρᾶξιν
367 2131 451 2166 αὐτὴν
475 2131 606 2165 ἀγαγεῖν,
633 2129 658 2155 τί
685 2129 753 2164 πρὸς
775 2129 822 2155 τὸν
840 2129 971 2164 παραινέ-

182 2186 284 2210 σαντας
302 2179 414 2212 Ὅμοιον
430 2177 484 2213 γὰρ
503 2178 604 2209 ποιεῖς,
619 2175 713 2210 ὥσπερ
730 2175 762 2201 ἂν
778 2175 824 2201 ἐπὶ
839 2174 969 2209 δικαστηη

182 2226 239 2261 ρίου
254 2225 314 2256 τοὺς
330 2225 377 2259 μὲν
391 2223 522 2254 δικαστὰς
537 2223 616 2257 λόγον
627 2221 751 2257 ἀπῄτεις,
767 2221 812 2247 τὸν
824 2221 851 2247 δὲ
867 2221 969 2256 ῥήτορα

181 2272 279 2306 ψῆφον.
299 2271 330 2297 Ὃ
347 2270 374 2296 δὲ
394 2269 476 2303 λέγω,
491 2269 611 2295 τοιοῦτόν
631 2269 698 2294 ἐστι’
714 2268 825 2302 Δέχεται
841 2267 871 2293 τὸ
891 2267 969 2293 δικα-

182 2317 291 2351 στήριον
309 2316 356 2342 καὶ
368 2315 430 2346 τοὺς
447 2314 576 2344 δικαστὰς
591 2314 637 2341 καὶ
653 2314 698 2339 τὸν
715 2314 828 2348 ῥήτορα,
843 2313 905 2343 τοὺς
919 2312 969 2345 μὲν

179 2362 270 2398 ψῆφον
291 2361 420 2396 ἔχοντας,
444 2359 490 2386 τὸν
507 2359 535 2386 δὲ
553 2359 642 2392 λόγον.
661 2357 766 2384 Οὐκοῦν
786 2358 799 2383 ό
816 2357 866 2393 μὲν
884 2357 969 2383 εἰπεῖν

180 2408 283 2443 κύριος,
297 2408 311 2434 ό
323 2407 351 2433 δὲ
362 2405 543 2442 ψηφίσασθαι.
557 2404 683 2431 ΤίΟενται
699 2403 726 2430 δὲ
740 2402 789 2438 τὴν
799 2402 888 2438 ψῆφον
901 2402 970 2438 πρὸς

181 2453 210 2481 τὸ
217 2453 322 2484 δοκοῦν,
338 2453 431 2487 ῥήτωρ
442 2452 469 2478 δὲ
481 2451 568 2482 οὐδεὶς
581 2449 670 2485 ἑαυτῷ
683 2449 731 2483 τὴν
740 2449 829 2483 ψῆφον
843 2448 969 2484 ἤνεγκεν.

181 2498 213 2525 Εἰ
230 2498 278 2533 μὲν
291 2496 337 2525 οὖν
355 2498 483 2524 εἰσελθὼν
496 2497 510 2522 ὁ
528 2496 620 2532 ῥήτωρ
634 2496 739 2531 σιωπᾷ,
757 2493 921 2530 πλημμελεῖ,
937 2493 968 2520 Εί

180 2544 209 2570 δὲ
229 2545 242 2569 ὁ
255 2543 342 2577 λέγων
357 2551 402 2570 και
424 2542 546 2574 δικαίως,
561 2544 608 2568 καὶ
627 2541 697 2576 μετὰ
711 2541 809 2572 παντὸς
823 2539 869 2567 τοῦ
886 2548 969 2575 προσ-

181 2589 309 2624 ήκοντος,
326 2589 356 2614 οὺ
373 2588 477 2621 πείθει,
494 2588 548 2614 τῶν
566 2587 668 2622 κριτῶν
679 2587 737 2613 ἐστι
754 2587 786 2613 τὸ
803 2586 966 2621 ἁμάρτημα.

182 2635 287 2670 Ὥσπερ
301 2632 347 2661 οὖν
359 2635 459 2661 ἄτοπον
473 2634 552 2668 λόγον
566 2634 641 2668 παρὰ
654 2633 708 2660 τῶν
723 2633 870 2668 κρινόντων
883 2633 967 2659 ἁπαι-

181 2683 238 2708 τεῖν
248 2702 255 2714 ,
270 2680 342 2708 οὕτω
355 2681 403 2707 καὶ
417 2680 492 2715 παρὰ
506 2679 552 2706 τοῦ
574 2679 724 2715 συνηγόρου
740 2679 843 2714 ψῆφον·
864 2678 887 2704 εἰ
902 2677 929 2704 δὲ
944 2678 968 2704 οἱ

181 2726 337 2759 δικάζοντες
345 2726 393 2752 καὶ
406 2725 499 2757 δεινῶς
509 2727 554 2752 καὶ
567 2726 680 2757 δικαίως
690 2725 816 2759 λέγοντος
829 2725 876 2751 τοῦ
892 2725 971 2760 ῥήτο-

183 2780 230 2812 ρος
244 2771 472 2807 ἁποψηφίσαιντο,
489 2771 538 2806 τῆς
562 2771 610 2806 μὲν
625 2771 704 2806 νίκης
720 2771 911 2806 ἀπεστέρησαν
926 2770 971 2798 τὸν

182 2819 286 2855 ῥήτορα
296 2838 303 2849 ,
321 2817 370 2852 τῆς
384 2816 412 2843 δὲ
424 2817 523 2852 ἀρετῆς
541 2817 676 2852 οὐδαμῶς.
690 2817 802 2844 Τοιοῦτό
816 2825 843 2845 τι
859 2817 971 2844 νοείσθω

184 2866 230 2893 καὶ
243 2866 307 2902 περὶ
319 2864 366 2892 τοῦ
379 2864 593 2900 παραινέσαντος
609 2864 667 2899 μὲν,
683 2864 720 2900 μὴ
736 2865 880 2896 πείσαντος
895 2864 932 2891 δέ.

341 2959 474 2994 Parum.
497 2958 554 2990 GR.
577 2958 736 2992 LXXVIII.

1063 1992 1092 2020 Si
1118 1993 1262 2020 consilium
1286 1993 1354 2020 dans
1379 1993 1465 2027 possit
1492 1992 1642 2024 adhortari,
1671 1994 1815 2022 consilium

1027 2047 1092 2066 veru
1119 2038 1256 2074 accipiens
1281 2039 1448 2073 persuaderi,
1472 2043 1500 2066 et
1529 2038 1573 2066 ille
1602 2039 1680 2074 721
1707 2040 1814 2074 quidem

1023 2085 1095 2120 quod
1120 2085 1162 2112 sui
1184 2090 1226 2113 est
1254 2084 1373 2112 muneris
1396 2085 1476 2117 fecit;
1493 2085 1537 2113 hic
1563 2093 1627 2112 vero
1646 2086 1672 2112 in
1691 2086 1813 2114 animum

1025 2139 1079 2159 non
1107 2131 1244 2159 induxerit
1269 2130 1313 2158 illa
1335 2138 1418 2165 opere
1440 2131 1564 2166 exsequi,
1577 2131 1642 2166 quid
1658 2131 1710 2159 hoc
1723 2139 1814 2168 quaeso

1024 2178 1057 2205 ad
1073 2177 1261 2205 adhortantem
1280 2177 1398 2204 attinet?
1414 2177 1485 2204 ldem
1513 2177 1560 2204 tibi
1586 2178 1724 2211 usuvenit,
1738 2179 1809 2213 quod

1023 2223 1050 2251 in
1068 2223 1207 2256 tribunali,
1222 2223 1245 2251 si
1258 2223 1291 2249 ab
1319 2222 1365 2249 illo
1387 2223 1505 2256 postules
1534 2223 1697 2256 orationem,
1712 2224 1745 2251 ab
1762 2224 1813 2252 hoc

987 2278 1008 2305 ι)
1023 2277 1087 2297 vero
1098 2270 1237 2297 decretum
1251 2268 1459 2303 siveiudicium.
1470 2268 1535 2295 Tale
1559 2273 1600 2296 est
1618 2277 1671 2304 quo
1689 2270 1722 2297 de
1735 2278 1808 2298 nunc

1023 2316 1121 2351 agitur.
1137 2316 1262 2343 Continet
1277 2316 1349 2342 enim
1366 2315 1483 2342 tribunal
1504 2314 1611 2349 iudices
1630 2315 1749 2351 sull‘ragii
1762 2316 1810 2351 jus

1024 2362 1167 2393 habentes,
1181 2362 1253 2388 hunc
1265 2368 1328 2388 vero
1341 2365 1484 2395 patronum
1499 2361 1646 2389 sermonis.
1658 2361 1706 2389 llic
1719 2362 1811 2396 itaque

1024 2408 1130 2435 dicendi
1142 2412 1184 2436 est
1198 2408 1345 2443 magister;
1360 2407 1403 2434 ille
1419 2407 1559 2440 indicandi
1582 2415 1614 2435 ac
1632 2408 1809 2435 decernendi.

1024 2454 1070 2482 llle
1082 2454 1195 2489 iudicat,
1208 2459 1236 2481 ut
1248 2454 1299 2482 sibi
1316 2454 1423 2488 quidem
1436 2453 1542 2480 videtur
1556 2461 1589 2481 ex
1599 2461 1678 2488 aequo
1690 2458 1717 2481 et
1728 2454 1808 2481 bono.

1022 2502 1121 2529 Orator
1135 2508 1199 2527 vero
1212 2507 1259 2528 seu
1275 2507 1419 2528 causarum
1438 2505 1579 2534 patronus,
1596 2507 1736 2534 nunquam
1760 2507 1810 2533 pro

1023 2554 1052 2574 se
1067 2546 1230 2573 sententiam
1245 2545 1308 2573 fert.
1326 2545 1355 2572 Si
1368 2545 1459 2581 itaque
1478 2550 1572 2572 orator
1603 2549 1691 2572 taceat
1705 2545 1810 2578 ingres~

1023 2601 1078 2625 sus,
1092 2597 1194 2627 peccat.
1213 2591 1243 2620 Si
1269 2599 1334 2620 vero
1359 2592 1430 2619 dicat
1447 2599 1495 2626 pro
1516 2590 1632 2626 iustitia,
1647 2598 1699 2618 non
1718 2595 1808 2618 tamen

1024 2639 1194 2674 persuadeat,
1206 2637 1326 2672 iudicum
1338 2643 1380 2664 est
1392 2637 1496 2664 vitium.
1511 2636 1546 2664 Ut
1565 2636 1647 2671 igitur
1663 2635 1809 2663 absurdum

1025 2688 1067 2711 est
1081 2682 1238 2717 aiudicibus
1254 2683 1405 2710 orationem
1418 2682 1537 2718 exigere,
1548 2682 1587 2709 sic
1604 2686 1630 2708 et
1645 2682 1681 2708 ab
1696 2686 1806 2708 oratore

1022 2737 1069 2758 seu
1088 2735 1203 2763 patrono
1227 2729 1378 2756 decretum.
1393 2728 1482 2761 Quare
1506 2728 1528 2755 si
1556 2727 1636 2760 iudex
1650 2731 1677 2754 et
1688 2725 1809 2762 graviter

1020 2779 1048 2802 et
1069 2774 1142 2809 iuste
1172 2773 1279 2801 dicente
1295 2778 1414 2805 oratore,
1439 2772 1510 2799 male
1538 2772 1672 2804 decertat,
1692 2771 1808 2799 victoria

1021 2821 1129 2855 quidem
1166 2825 1259 2846 orator
1294 2819 1463 2851 destituitur,
1496 2818 1598 2845 virtute
1635 2825 1689 2844 non
1728 2818 1803 2844 item.

1020 2865 1199 2898 Quamobrem
1229 2864 1268 2892 sic
1291 2865 1324 2892 de
1352 2863 1514 2891 adhortante
1544 2870 1596 2890 non
1630 2863 1811 2896 persuadente

1019 2909 1150 2946 indicato.

1596 2953 1631 2986 52
