2064 3162
200 195 262 229 1681

915 200 1114 236 ALLOQUIA.

1756 201 1824 234 1582

197 258 273 289 ματι·
305 254 534 289 Ἐνανθρωπήσας
554 255 567 280 ὁ
590 256 637 281 τοῦ
659 255 726 282 Θεοῦ
752 255 837 291 Λόγος
863 257 980 292 μεγάλην

1037 262 1108 284 ctmn
1129 258 1210 285 homo
1229 258 1274 286 Dei
1292 258 1419 292 Verbum,
1439 266 1562 293 magnam
1577 258 1692 293 gratiam
1708 259 1818 294 pra-liud

197 301 276 335 χάριν
290 299 409 334 παρέσχε
422 301 477 331 τοῖς
492 300 732 333 πιστεύσασιν,εἰς
742 303 822 329 αὐτὸν
839 302 982 329 πιστεύου-

196 343 366 376 (Iv/.156“:
381 343 435 378 γὰρ
446 343 493 370 καὶ
505 344 553 370 νῦν
567 346 722 379 πιστεῦσαι,
733 346 778 373 καὶ
785 347 918 383 ἄρξασθαι
930 348 983 374 ἀπὸ

195 387 245 421 τῆς
255 387 383 422 σήμερον,
398 387 445 413 ἐὰν
457 387 588 423 θέλωμεν·
600 389 696 424 ὃτιτῆς
709 392 895 426 προαιρέσεως
904 393 983 427 ἡμῶν

195 432 346 467 ποθούσης,
362 435 408 459 καὶ
425 434 473 468 τῆς
490 434 599 469 χάριτος
611 435 781 470 ἐνεργούσης
797 436 885 469 ἔξεστι
902 437 983 464 ποιντῖ⁸

196 477 350 512 βουλομένῳ
370 477 442 512 ἔχειν
458 478 494 509 ὡς
514 479 591 505 οὐδὲν
607 480 694 507 πάντα
716 480 761 508 τὸν
788 482 900 516 κόσμον.
927 483 983 509 Καὶ

195 522 347 556 ἐλάμϐανεν
368 525 394 550 εἴ
407 532 432 550 τι
447 523 583 559 εὕρισκεν,
601 524 655 551 εἴτε
670 526 839 561 κάρφοςεῖτε
857 529 948 563 ῥάκος,
965 529 981 566 ἢ

195 569 257 595 ἄλλο
268 577 293 595 τι
309 569 415 601 εὐτελὲς
427 590 433 602 ,
450 570 495 596 καὶ
508 570 599 604 ἔλεγε·
618 571 665 603 Τίς
676 572 720 599 διὰ
734 573 812 600 τοῦτο
831 575 947 610 μάχεται
965 575 981 611 ἧ

196 614 354 648 φιλονεικεῖ,
370 615 386 651 ἦ
405 618 579 650 μνησικακεῖ,
595 617 759 652 ἢολίϐεται,
776 619 800 645 εἰ
815 620 852 654 μή
868 619 910 651 τίς
924 621 982 647 ἐστι

194 662 254 687 κατ’
267 661 397 696 ἀλήθειαν
411 662 547 695 ἀπολέσας
562 664 608 690 τὸν
618 664 695 698 νοῦν;
708 665 807 692 οὐκοῦν
819 667 983 701 προκόπτων

195 707 242 733 καὶ
256 708 412 742 προὸαίνων
430 710 444 735 ὁ
459 709 506 735 τοῦ
521 709 588 736 Θεοῦ
603 710 746 746 ἄνθρωπος
759 710 815 747 ἔχει
834 713 923 740 πάντα
937 713 983 741 τὸν

195 753 295 789 κόσμον
318 754 358 786 ηὼς
377 755 407 781 τὸ
433 755 538 790 κάρφος
552 756 648 789 τοῦτο,
665 757 716 785 κᾶν
738 758 788 794 ἔχῃ
810 759 870 786 ὅλον
889 760 981 786 αὐτόν’

195 801 241 826 καὶ
255 801 318 836 γὰρ,
331 801 368 833 ὡς
380 801 462 836 λέγω,
475 803 504 828 οὐ
519 803 548 829 τὸ
556 803 627 838 ἔχειν
637 804 759 839 βλάπτει,
777 805 844 832 ἀλλὰ
855 806 885 833 τὺ
899 815 984 842 προσ-

196 846 289 879 παθῶς
306 847 387 882 ἔχειν.
402 849 448 880 Τίς
463 849 513 876 οὐκ
528 848 597 876 οἶδεν
611 851 651 877 ὅτι
678 851 842 887 τιμιώτερόν
862 854 936 880 ἐστιν
953 853 982 886 ἐξ

194 889 232 918 ὧν
249 895 357 920 πάντων
378 894 498 930 εἴχομεν,
519 896 549 922 τὸ
568 896 662 931 σῶμα;
680 898 743 929 Πῶς
758 896 803 925 οὖν
821 899 918 935 καιροῦ
933 908 978 926 κα-

194 939 302 970 λοῦντος
317 942 544 976 προστετάγμεθα
558 945 756 979 καταφρονείν;
772 945 828 972 Καὶ
841 945 889 972 ἐὰν
900 947 982 974 αὐτοῦ

193 984 240 1012 τοῦ
262 986 402 1020 σώματος,
419 987 509 1022 πολλῷ
537 988 637 1023 μᾶλλον
662 990 711 1017 καὶ
736 990 790 1017 τῶν
812 992 901 1024 ἐκτός.
928 993 983 1020 Καὶ

193 1028 330 1064 ἐμέμνητο
342 1030 388 1056 τοῦ
403 1031 518 1066 ἀδελφοῦ
535 1032 641 1068 ἔχοντος
656 1034 690 1061 τὰ
704 1034 819 1070 λάχανα,
835 1038 883 1064 καὶ
893 1038 981 1073 ἐλεγε⁶

192 1073 237 1108 Μὴ
251 1074 304 1108 γὰρ
316 1074 366 1100 οὐκ
377 1074 513 1109 ἔσπειρεν,
527 1077 577 1103 οὐκ
589 1078 750 1112 ἐκοπίασεν,
763 1080 813 1107 οὐκ
824 1081 981 1116 ἐφύτευσεν,

192 1118 240 1144 οὐκ
252 1120 455 1156 ἐφιλοκάλησεν,
470 1122 507 1158 μὴ
522 1123 700 1159 ἑξερῤίζωσεν
715 1126 784 1153 αὐτὰ
801 1128 846 1154 καὶ
860 1127 981 1163 ἔρριψεν·

191 1165 248 1191 ἁλλ*
263 1166 336 1200 ὅμως
351 1165 424 1202 εἶχεν
438 1169 507 1195 αὐτὰ
519 1170 556 1201 ὡς
571 1171 607 1206 μὴ
636 1171 716 1206 ἕχωψ
737 1173 834 1208 ἀμέλει
849 1174 893 1201 ὅτε
910 1183 982 1211 παρ-

191 1211 302 1239 έϐαλλεν
317 1214 329 1239 ό
345 1214 434 1249 γέρων
451 1215 596 1250 δοκιμάσαι
613 1217 698 1244 θέλων
711 1219 801 1246 αὐτόν·
818 1221 865 1248 καὶ
881 1221 982 1257 ἤρξατο

192 1257 343 1292 συντρίϐειν
376 1259 456 1291 αὐτὰ,
474 1260 534 1287 οὐδὲ
552 1261 678 1298 ἐλογίσθη
694 1263 774 1290 αὑτά·
790 1264 837 1291 καὶ
857 1265 902 1291 ὅτε
930 1265 982 1292 ἀπ-

179 1302 298 1336 κέμεινεν
309 1303 356 1338 μία
366 1304 438 1339 ῥίζα,
448 1306 507 1332 τότε
518 1305 595 1333 εἶπεν
608 1307 692 1342 αὐτῷ·
702 1308 764 1335 Ἐὰν
773 1309 863 1345 θέλῃς,
878 1310 980 1346 Πάτερ,

192 1348 259 1382 ἄφες
272 1349 347 1381 αὐτὸ,
360 1351 407 1377 καὶ
421 1351 554 1387 ποιοῦμεν
569 1354 609 1384 εὶς
623 1353 689 1380 αὐτὸ
699 1354 820 1390 ἀγάπην,
837 1356 898 1382 τότε
909 1355 980 1390 ἔγνω

189 1396 204 1421 ὁ
220 1396 306 1429 ἅγιος·
323 1397 363 1423 ὃτι
380 1397 472 1430 δοῦλος
486 1399 533 1425 τοῦ
551 1399 618 1426 Θεοῦ
635 1400 711 1434 ἐστι,
724 1401 772 1427 καὶ
787 1401 847 1436 οὐχὶ
863 1402 916 1428 τῶν
931 1402 980 1429 λα-

189 1441 289 1476 χάνων·
305 1443 351 1469 καὶ
363 1443 438 1478 λέγει
449 1444 534 1480 αὐτῷ·
544 1445 751 1472 ’Λναπὲπαυται
766 1447 796 1473 τὸ
806 1446 918 1482 Πνεῦμα
932 1447 978 1474 τοῦ

189 1488 255 1515 ε)εοῦ
276 1490 322 1515 ἐπὶ
342 1490 388 1522 σε,
406 1490 513 1525 ἀδελφέ.
533 1491 564 1517 Εἰ
580 1491 609 1517 δὲ
627 1493 793 1528 προσπαϐὦς
810 1491 866 1528 εἶχε
882 1494 916 1520 τὰ
931 1493 979 1520 λά-

190 1543 276 1569 χανα,
293 1535 444 1563 ὲδεικνύετο
460 1537 563 1569 εὐθέως
583 1537 627 1565 διὰ
650 1538 681 1565 τὸ
705 1538 846 1565 θλίϐεσθαι
863 1540 911 1566 καὶ
928 1548 978 1566 τα-

190 1581 351 1615 ράσσεσθαι·
365 1582 422 1608 ἀλλ’
442 1583 541 1615 ἔδειξεν
556 1584 596 1610 ὅτι
619 1582 676 1619 εἶχε
692 1585 762 1611 αὐτὰ
783 1585 820 1616 ὡς
837 1586 873 1621 μὴ
896 1585 976 1621 ἔχων.

189 1627 244 1653 Καὶ
260 1627 355 1660 ἔλεγεν
368 1628 408 1654 ὅτι
429 1629 605 1663 σημειοῦνται
618 1630 652 1656 τὰ
666 1630 777 1657 τοιαῦτα
791 1633 815 1658 oi
832 1631 958 1667 δαίμονες
971 1642 978 1649 ·

190 1672 238 1698 καὶ
257 1673 302 1699 ἐὰν
315 1673 390 1700 ἴδωσί
405 1682 466 1700 τινα
480 1674 666 1709 ἀπροσπαθῶς
684 1675 780 1711 ἔχοντα
801 1678 842 1709 εις
858 1678 893 1705 τὰ
906 1679 978 1714 πρά-

189 1726 283 1752 γματα
302 1718 346 1745 διὰ
359 1719 389 1745 τὸ
405 1719 443 1754 μὴ
463 1720 657 1755 ταράττεσθαι,
674 1722 858 1755 γινώσκουσιν
874 1724 916 1750 ὅτι
932 1721 978 1751 οὗ·

190 1773 235 1795 τος
251 1765 301 1799 μὲν
323 1767 470 1800 περιπατεῖ
484 1766 513 1793 ὲν
533 1767 565 1802 τῇ
581 1768 615 1803 γῇ
627 1775 634 1781 ·
660 1768 709 1795 οὐκ
729 1767 785 1804 ἔχει
799 1769 828 1796 δὲ
851 1769 979 1806 φρόνημα

190 1811 311 1844 ἐπίγειον
328 1812 357 1837 ὲν
372 1812 473 1848 ἑαυτῷ.

1038 302 1161 330 lidelibus
1175 303 1203 330 in
1223 303 1311 337 ipsum
1327 304 1510 331 credentibus.
1524 303 1600 331 Licet
1615 304 1686 331 enim
1701 308 1728 331 et
1750 312 1820 331 nunc

1034 349 1161 381 credere;
1183 353 1210 375 et
1228 349 1263 376 ab
1283 349 1334 376 hac
1347 349 1390 376 die
1405 349 1535 384 incipere,
1559 350 1581 377 si
1605 349 1729 377 velimus.
1753 349 1821 377 Nam

1034 393 1147 420 arbitrio
1168 396 1263 420 nostro
1288 393 1461 421 desiderante
1485 399 1512 422 et
1533 395 1620 429 gratia
1645 395 1698 421 vim
1727 395 1820 428 dante,

1034 440 1097 467 licet
1115 439 1201 467 cuivis
1216 438 1313 466 volenti
1331 443 1416 466 totum
1441 440 1569 467 mundum
1591 448 1639 475 pro
1665 441 1749 468 nihilo
1772 442 1821 468 ha-

1034 486 1108 512 bere.
1129 485 1164 513 Et
1179 485 1303 519 capiebat
1318 485 1345 512 in
1369 493 1478 512 manum
1496 487 1625 521 quidquid
1643 487 1758 522 primum
1773 495 1821 514 oc-

1034 536 1168 565 curreret,
1189 536 1253 566 puta
1275 531 1420 564 festucam,
1442 532 1565 560 centonis
1591 533 1746 566 frustulum,
1776 538 1823 560 aut

1033 577 1085 605 vile
1097 577 1234 612 quidpiam
1249 577 1401 605 istiusmodi
1419 587 1426 604 :
1441 583 1469 605 et
1482 578 1589 606 dicebat
1603 588 1609 606 ι
1625 579 1691 612 Quis
1712 584 1822 614 propter

1034 624 1085 652 hoc
1109 629 1220 660 pugnat,
1243 629 1290 652 aut
1311 624 1461 657 contendit,
1487 629 1532 652 aut
1556 625 1678 652 infensus
1704 626 1750 652 ulli
1769 630 1820 658 est,

1033 674 1080 697 aut
1094 670 1211 706 angitur,
1228 670 1278 697 nisi
1301 671 1346 705 qui
1362 678 1425 698 vere
1448 678 1527 698 usum
1546 671 1660 698 rationis
1682 671 1822 698 amiserit?

1033 715 1116 750 igitur
1128 716 1303 752 progrediens
1319 723 1345 744 et
1358 717 1503 752 proﬁciens
1516 717 1541 744 in
1554 717 1595 743 via
1608 716 1726 752 Spiritus
1742 717 1822 743 homo

1035 763 1082 790 Dei
1098 768 1181 790 totum
1200 763 1401 795 mundum,etsi
1419 763 1573 790 universum
1594 763 1741 797 possideat,
1768 770 1822 788 non

1034 809 1130 844 majori
1145 809 1261 837 astimat
1277 809 1363 844 pretio
1379 816 1460 844 quam
1484 809 1612 836 festucam
1630 808 1711 835 hanc.
1728 807 1823 834 Enim-

1032 863 1108 890 vero,
1123 855 1199 889 }uxta
1225 863 1312 882 meam
1336 855 1510 887 sententiam,
1528 855 1553 881 id
1574 855 1645 888 qttod
1663 853 1822 889 perfectioni

1035 902 1082 930 Dei
1100 909 1243 929 servorum
1278 906 1365 933 nocet,
1392 909 1443 928 non
1471 905 1524 932 est,
1548 900 1663 933 habere;
1692 900 1739 927 sed
1762 907 1821 926 cum

1036 948 1190 976 adluesione
1203 948 1313 976 allectus
1335 947 1446 975 habere.
1461 947 1527 981 Quis
1544 947 1630 974 nescit
1650 954 1739 974 rerum
1756 953 1823 980 quas

1035 995 1167 1022 habemus
1178 995 1298 1022 omnittm
1314 993 1540 1028 pretiosissimum
1556 993 1704 1020 existimari
1723 999 1823 1026 corpus

1034 1041 1131 1075 cuique
1152 1041 1248 1068 suum?
1260 1041 1299 1067 An
1320 1047 1373 1067 non
1392 1045 1480 1067 tamen
1494 1039 1520 1066 in
1535 1039 1619 1066 certis
1634 1039 1823 1066 occasionibtts

1034 1087 1220 1121 praescribitur
1235 1086 1312 1113 nobis
1328 1086 1392 1112 illttd
1409 1085 1602 1113 contemnere?
1618 1084 1694 1118 Quod
1712 1084 1733 1111 si
1750 1083 1822 1119 peri-

1033 1134 1094 1161 culo
1119 1133 1252 1160 interdum
1287 1140 1319 1159 ac
1345 1139 1422 1159 noxa:
1451 1131 1623 1167 praecipimur
1649 1138 1747 1165 corpus
1780 1137 1823 1156 no-

1034 1185 1119 1207 strum
1140 1179 1273 1213 objicere,
1301 1182 1404 1213 quanto
1431 1178 1517 1213 magis
1541 1185 1584 1204 res
1610 1175 1759 1204 externas?
1784 1176 1823 1203 Ac

1034 1225 1202 1252 memorabat
1218 1224 1243 1251 in
1270 1224 1294 1251 id
1311 1224 1477 1258 propositum
1495 1222 1646 1258 exemplum
1667 1221 1758 1250 fratris
1776 1229 1823 1249 cu-

1029 1271 1136 1305 jusdam
1155 1272 1194 1298 sic
1215 1271 1339 1298 habentis
1360 1272 1434 1298 olera
1452 1276 1480 1298 ut
1495 1271 1562 1299 liber
1584 1271 1617 1299 ab
1638 1269 1734 1298 affectu
1758 1278 1822 1305 erga

1032 1325 1063 1344 ea
1081 1318 1160 1353 plane
1178 1318 1257 1345 foret.
1283 1318 1388 1346 Habere
1403 1317 1478 1345 illum
1493 1318 1564 1346 olera
1591 1319 1681 1353 negati
1698 1326 1749 1344 non
1773 1325 1822 1353 po-

1033 1368 1118 1397 terat;
1139 1371 1172 1390 an
1189 1371 1240 1391 non
1259 1364 1331 1391 enim
1355 1372 1387 1392 ea
1406 1369 1523 1397 several,
1540 1364 1674 1392 laboriose
1695 1364 1823 1399 irrigare-

1032 1413 1084 1442 rat,
1098 1417 1163 1436 cura
1181 1409 1263 1436 multa
1283 1414 1454 1444 promoverat
1475 1410 1500 1437 in
1517 1410 1633 1437 virorem
1660 1410 1779 1437 adultum
1795 1414 1823 1437 et

1032 1454 1138 1490 plenam
1155 1455 1341 1482 habitudinem
1356 1456 1507 1483 ?c:eterum
1530 1464 1563 1483 an
1582 1463 1634 1483 non
1654 1456 1723 1483 idem
1746 1455 1822 1482 evul-

1032 1501 1068 1527 sit
1085 1501 1156 1528 nltro
1184 1501 1277 1528 eadem
1300 1509 1332 1528 ac
1355 1501 1478 1535 proiecit,
1497 1509 1558 1528 cum
1586 1502 1612 1528 id
1637 1501 1693 1529 fieri
1717 1501 1823 1529 decuit?

1030 1544 1162 1572 Nimirum
1181 1546 1220 1573 sic
1236 1546 1353 1574 habebat
1373 1554 1404 1574 ea
1423 1547 1498 1581 quasi
1523 1555 1575 1575 non
1594 1547 1727 1574 haberet:
1744 1551 1824 1582 prout

1031 1592 1156 1626 apparuit
1180 1593 1289 1626 quando
1313 1593 1451 1628 ingressus
1473 1594 1579 1620 hortum
1606 1601 1688 1620 senex
1715 1593 1773 1627 ejus
1795 1593 1822 1620 in

1035 1637 1135 1672 Spiritu
1158 1639 1298 1673 magister,
1315 1639 1408 1666 volens
1431 1639 1554 1674 discipuli
1582 1640 1748 1675 propositum
1773 1647 1823 1667 cx—

1033 1681 1149 1715 plorare,
1173 1683 1256 1716 cmpit
1272 1683 1432 1711 conculcare
1452 1691 1483 1710 ac
1501 1689 1643 1711 conterere
1666 1684 1720 1718 ipsa
1733 1704 1740 1718 ,
1764 1684 1824 1710 nul-

1033 1727 1086 1753 ltnn
1107 1727 1208 1754 doloris
1231 1727 1339 1762 signum
1357 1728 1500 1755 hortulano
1522 1730 1637 1761 edente,
1655 1730 1695 1757 sic
1711 1738 1823 1764 prorsus

1035 1778 1160 1807 tanquam
1176 1773 1242 1800 nihil
1259 1773 1291 1800 ad
1309 1773 1395 1808 ipsum
1411 1775 1437 1801 id
1449 1779 1594 1810 spectaret.
1611 1775 1679 1808 Quin
1700 1776 1822 1803 animad-

1033 1824 1141 1846 vertens
1165 1819 1292 1846 omissam
1319 1827 1333 1846 a
1363 1819 1434 1848 ῐρδςο
1458 1821 1580 1848 vastandi
1611 1828 1676 1848 sene
1702 1825 1823 1848 teneram

191 1865 269 1884 unum
287 1859 371 1886 caulis
384 1859 514 1893 plantam.
531 1861 588 1892 Vis,
608 1861 658 1894 ait,
672 1861 762 1895 Pater,
777 1867 804 1890 et
835 1863 906 1890 hanc
938 1864 1105 1897 exeidamus,
1118 1870 1145 1892 et
1175 1874 1324 1900 coqnamus
1345 1874 1406 1893 eam
1423 1862 1429 1865 ”
1442 1866 1468 1894 iu
1485 1874 1589 1894 orenam
1614 1867 1733 1901 hospiti?
1747 1866 1824 1893 Tunc

189 1908 300 1930 sanctus
318 1904 362 1931 ille
381 1906 512 1941 magister
533 1907 643 1942 agnovit
657 1908 784 1943 juvenem
806 1911 970 1938 monachum
992 1911 1037 1939 Dei
1059 1920 1167 1940 servum
1208 1920 1277 1945 esse,
1302 1921 1354 1940 non
1394 1918 1482 1941 autem
1499 1913 1601 1941 olerum
1618 1923 1624 1940 :
1648 1918 1675 1941 et
1691 1913 1759 1940 dixit
1776 1913 1821 1940 ei:

190 1949 332 1985 Requievit
347 1951 465 1987 Spiritus
481 1953 528 1981 Dei
542 1962 624 1989 super
656 1959 697 1988 te,‘
714 1955 808 1984 frater.
826 1956 876 1984 Hic
896 1957 919 1984 si
944 1958 1041 1986 alfectu
1065 1960 1206 1988 devinctus
1244 1960 1362 1988 oleribus
1387 1959 1492 1994 fuisset,
1527 1961 1552 1988 id
1579 1960 1743 1988 ostendisset
1767 1965 1823 1987 sta-

190 1998 248 2031 tim,
275 1998 445 2028 alilicnonem
474 2005 502 2028 et
530 2004 776 2032 consternationem
803 2007 978 2034 monstrando
998 2007 1060 2034 dum
1080 2015 1137 2035 rem
1155 2009 1205 2035 sibi
1221 2015 1312 2036 caram
1328 2009 1433 2036 videret
1465 2008 1656 2043 pessumdari;
1685 2015 1756 2034 nunc
1771 2007 1822 2034 ista

189 2046 316 2079 patientia
333 2047 503 2075 manifestum
515 2049 587 2083 fecit,
603 2058 632 2078 se
648 2051 775 2079 habuisse
791 2051 834 2079 illa
850 2057 979 2088 tanquam
1004 2061 1058 2082 non
1082 2055 1206 2082 haberet.
1223 2055 1344 2083 Addebat
1364 2050 1486 2082 Zosimas
1503 2064 1509 2081 :
1543 2054 1631 2082 notari
1650 2054 1707 2081 hrec
1723 2061 1741 2080 -a
1770 2053 1823 2080 dte—

190 2094 314 2122 Inonibus
330 2105 337 2123 :
352 2103 451 2131 eosque
467 2097 511 2124 ubi
534 2099 652 2127 viderint
686 2101 828 2135 quemdam
855 2101 1038 2131 declarantem
1054 2103 1126 2131 haud
1145 2111 1174 2131 se
1206 2103 1304 2131 aliectu
1317 2104 1457 2131 adhznrere
1481 2102 1561 2130 rebus
1599 2110 1666 2136 quas
1692 2101 1821 2136 possidtﬂ.

190 2139 252 2166 dum
269 2148 362 2168 earnm
376 2143 511 2176 iacturam
529 2152 625 2172 sereno
645 2149 673 2172 et
692 2145 889 2181 imperturbata
911 2148 1012 2183 patitur
1045 2149 1146 2182 animo,
1183 2149 1344 2184 intelligere,
1365 2149 1446 2176 talem
1477 2148 1517 2175 sic
1534 2149 1559 2174 in
1578 2153 1648 2175 terra
1666 2145 1820 2179 ambulare,

189 2191 219 2213 ΙΙΙ.
233 2191 320 2214 tamen
340 2193 445 2216 terrena
461 2197 513 2216 1101]
529 2191 626 2225 sapiat.

225 2233 262 2262 δ’.
292 2233 390 2267 Ἔλεγε
413 2233 495 2260 πάλιν
519 2235 560 2261 ὅτι
583 2236 668 2271 ὁρμαὶ
692 2238 880 2273 προαιρέσεών
904 2240 973 2266 εἱσι·
992 2247 1014 2274 ι)

189 2279 236 2305 καὶ
253 2279 362 2305 δύναται
377 2280 534 2316 προαιρεσις
552 2282 640 2317 θερμὴ
653 2283 682 2309 ἐν
699 2285 748 2318 μιᾷ
762 2284 822 2319 ὥρᾳ
844 2285 974 2320 προσενέ-

188 2333 255 2358 γκαι
271 2324 310 2360 τῷ
324 2325 383 2360 Qad:
397 2325 468 2360 ἅπερ
482 2327 512 2352 οὐ
527 2328 688 2364 προσφέρειν
705 2329 760 2356 ἀλλ’
781 2331 797 2365 ἠ
814 2331 976 2366 προαίρεσις

189 2369 280 2404 νωθρὰ
296 2367 364 2396 οὖσα
378 2370 428 2396 οὐκ
443 2371 559 2406 ἐνεργεῖ.

1063 2238 1095 2266 ll.
1117 2237 1186 2265 dixit
1209 2245 1305 2265 rursus
1320 2237 1445 2265 Zosimas
1459 2256 1466 2269 ,
1482 2238 1686 2273 Prnpositorum
1705 2239 1821 2275 impetus

1029 2284 1136 2319 quidam
1152 2288 1224 2316 sunt,
1242 2285 1321 2320 queis
1347 2292 1378 2312 ea
1395 2284 1629 2312 discriminantur.
1647 2284 1820 2321 Propositum

1029 2330 1170 2357 incitatum
1194 2335 1221 2358 et
1237 2330 1345 2358 fervens
1368 2339 1421 2358 una
1442 2331 1507 2358 hora
1530 2330 1590 2364 plus
1612 2336 1700 2365 potest
1722 2330 1821 2358 diferre

1029 2375 1084 2403 Deo
1099 2383 1180 2411 quant
1201 2383 1229 2403 re
1249 2377 1305 2412 ipsa
1321 2376 1434 2409 oll‘erat;
1460 2381 1488 2404 et
1511 2385 1566 2404 rem
1584 2378 1715 2405 exhibens
1738 2385 1820 2404 unam

189 2422 217 2443 et
237 2417 380 2449 modicam.
422 2418 536 2451 plurium
562 2424 588 2446 et
626 2429 782 2455 magnarum
822 2423 947 2450 meritum
986 2424 1095 2450 lucrari.
1118 2423 1138 2450 E
1161 2424 1298 2451 contrario
1324 2424 1490 2458 propositum
1534 2424 1639 2459 pigrum
1666 2429 1693 2451 et
1713 2423 1818 2459 langui-

189 2465 263 2496 dum,
280 2472 312 2491 ne
325 2465 350 2492 id
371 2466 478 2500 quidem
500 2467 554 2502 agit
572 2469 641 2502 quod
674 2470 779 2497 videtur
797 2478 888 2506 agere,
926 2471 1044 2499 invalido
1079 2475 1107 2499 et
1128 2472 1203 2506 segni
1245 2477 1318 2500 motu
1338 2480 1390 2499 non
1423 2473 1579 2508 pertingens
1602 2479 1688 2507 usque
1711 2472 1743 2499 ad
1761 2463 1820 2507 pla-

189 2511 302 2537 cendum
320 2512 382 2538 Deo.

227 2557 280 2583 Καὶ
301 2559 348 2584 ἐὰν
373 2559 466 2586 ῑδωσιν
490 2560 515 2585 οῖ
539 2560 667 2595 δαίμονες
698 2563 739 2589 ὅτι
755 2563 871 2599 ὑϐρίσθη
898 2573 939 2596 τις
959 2565 976 2600 ἢ

188 2604 339 2638 ἡειμὶσθη,
355 2604 370 2640 ἢ
383 2605 522 2644 ἐζημιώθη
532 2626 540 2638 ,
552 2607 568 2642 ἢ
584 2607 637 2633 πᾶν
649 2608 737 2635 ὁτιοῦν
748 2609 831 2637 ἔπαθε
841 2630 847 2642 ,
861 2611 908 2637 καὶ
924 2611 979 2638 θλί-

189 2650 265 2676 ὕεται
278 2670 284 2681 ,
301 2651 349 2685 οὐχ
371 2651 413 2677 ὅτι
434 2651 519 2678 ἔπαθε
539 2654 649 2687 κακῶς,
673 2654 731 2681 ἀλλ’
745 2656 785 2682 ὅτι
808 2657 857 2683 οὐκ
874 2657 974 2693 ἤνεγκε

189 2696 319 2728 γενναίως
336 2697 384 2731 τὴν
398 2698 526 2733 τοιαύτην
547 2700 646 2734 ὁρμὴν,
674 2701 820 2735 φοϐοῦνται
838 2703 862 2729 οε
884 2704 978 2738 δαίμο-

189 2748 242 2771 νες·
259 2741 421 2774 γινώσκουσι
445 2743 498 2778 γὰρ
514 2744 554 2770 ὃτι
571 2745 659 2780 ἥψατο
681 2746 730 2781 τῆς
760 2747 819 2774 ὀδοῦ
841 2747 889 2782 τῆς
912 2749 978 2783 ἀλη-

191 2787 283 2818 θείας,
310 2788 357 2814 καὶ
379 2788 502 2823 βούλεται
526 2793 688 2826 περιπατεῖν
712 2793 782 2820 κατὰ
799 2793 847 2825 τὰς
869 2794 978 2826 ἐντολὰς

190 2833 237 2859 τοῦ
255 2833 333 2860 Θεοῦ·
357 2835 405 2862 καὶ
425 2836 563 2870 ἐμέμνητο
581 2837 628 2863 τοῦ
651 2839 729 2872 ἁγίου
757 2840 904 2874 Παχωμέου
933 2841 977 2867 ὅτε

190 2879 358 2914 κατέκραζεν
373 2880 386 2906 ὁ
408 2881 520 2916 ἀδελφὸς
539 2882 621 2909 αὐτοῦ
637 2883 651 2908 ὁ
669 2884 768 2918 μείζων
788 2885 885 2918 λέγων’
906 2885 976 2912 Παῦ-

193 2933 236 2951 σαι
260 2925 395 2961 πέρπερος
416 2927 453 2953 ὢν
471 2928 601 2955 πλατῦναι
626 2929 710 2957 θέλων
731 2931 760 2957 τὸ
783 2920 973 2967 μοναστήριον,

1068 2565 1096 2593 Si
1113 2565 1228 2592 viderint
1243 2566 1378 2593 daemones
1403 2565 1557 2600 quempiam
1579 2570 1624 2592 aut
1641 2564 1750 2599 injuria,
1772 2568 1819 2592 aut

1031 2611 1206 2644 contumelia,
1228 2616 1272 2638 aut
1287 2611 1385 2638 damno
1414 2611 1550 2643 affectum,
1567 2610 1607 2637 vel
1627 2610 1698 2637 aliud
1718 2610 1817 2637 malum

1030 2657 1211 2691 quodcunque
1233 2665 1340 2690 passum
1358 2666 1363 2683 :
1378 2657 1423 2690 qui
1446 2657 1577 2688 tristetur,
1600 2664 1653 2683 non
1682 2657 1744 2691 quia
1769 2657 1819 2684 int-

1030 2702 1127 2730 merito
1142 2702 1168 2730 id
1187 2702 1248 2729 ntali
1274 2710 1370 2738 passus
1394 2707 1456 2734 est,
1473 2703 1519 2729 sed
1542 2702 1613 2736 quod
1632 2702 1656 2728 id
1672 2703 1818 2736 qualecun—

1029 2754 1082 2782 que
1096 2749 1295 2776 incommodtnn
1311 2757 1362 2776 non
1377 2748 1468 2775 tulerit
1480 2755 1608 2782 generose
1621 2755 1628 2775 :
1643 2748 1722 2775 talem
1740 2749 1817 2776 istius

1029 2799 1132 2821 motum
1159 2793 1243 2822 animi
1278 2794 1414 2822 daemones
1448 2793 1635 2822 reformidant.
1663 2793 1817 2829 lntellignnt

1027 2841 1099 2867 enim
1116 2839 1184 2868 hunc
1202 2845 1294 2868 tenere
1311 2841 1382 2867 viam
1404 2840 1538 2873 veritatis,
1560 2844 1588 2867 et
1605 2839 1672 2867 velle
1691 2840 1818 2867 incedere

1024 2885 1100 2918 juxta
1119 2886 1245 2912 mandata
1264 2885 1330 2913 Dei:
1345 2885 1443 2920 quippe
1463 2885 1508 2919 qui
1528 2885 1680 2913 meminerit
1699 2884 1818 2920 exempli

1028 2930 1082 2958 dati
1106 2939 1120 2958 ιι
1140 2935 1235 2958 sancto
1259 2931 1414 2963 l’achotnin,
1434 2931 1460 2958 id
1485 2930 1625 2959 imitando.
1651 2931 1717 2959 Cum
1742 2931 1818 2958 cuius
