2064 3162
198 202 268 236 1685

197 300 309 332 ἐντολὰς
331 299 518 334 καθαιρούσας
541 298 627 329 αὑτὰς
650 297 728 332 δίκην
753 297 917 331 καυστήρων
939 295 985 322 καὶ

197 346 365 383 καθαρσίων·
380 347 394 372 ὁ
408 345 500 372 τοίνυν
516 344 679 380 βουλόμενος
693 343 740 370 καὶ
752 342 842 369 ποθῶν
859 341 967 376 ἰαθῆναι
977 362 985 375 ,

196 392 304 427 ἀνάγκη
324 390 404 418 αὑτὸν
427 391 574 425 ὑπομεῖναι
597 389 632 416 τὰ
653 389 839 424 ἐπιφερόμενα
863 388 914 416 ὑπὸ
939 388 986 415 τοῦ

199 437 303 472 ἰατροῦ,
323 436 391 471 μετὰ
411 436 493 462 πόνου
517 435 565 462 καὶ
587 435 703 470 σιωπῆς·
728 435 788 461 οὐδὲ
804 435 858 470 γὰρ
873 436 886 461 ὁ
900 434 986 461 νοσῶν

197 482 283 516 ἡδέως
297 482 353 517 ἔχει
367 481 413 508 τοῦ
426 481 573 516 τέμνεσθαι
589 481 636 508 καὶ
651 480 759 507 καίεθαι
769 501 776 513 ,
791 480 807 515 ἢ
826 480 918 506 λαϐεῖν
936 488 985 506 κα-

197 527 320 563 θάρσιον
337 528 411 562 ὅμως
426 527 515 553 πείθει
535 527 626 560 αὑτὸν,
648 527 688 553 ὄτι
704 525 788 561 χωρὶς
804 525 907 551 τούτων
923 524 986 552 ἁδύ-

198 582 277 600 νατον
291 573 484 608 ἀπαλλαγῆναι
497 573 547 608 τῆς
568 573 656 599 νόσου·
672 572 719 598 καὶ
739 571 833 597 λοιπὸν
847 570 986 597 ἐκδίδωσιν

198 619 294 646 ἑαυτὸν
307 619 346 654 τῷ
361 619 457 654 ἰατρῷ,
475 618 551 650 εἰδὼς
564 620 603 646 ὅτι
616 618 659 645 διὰ
673 618 774 653 μικρᾶς
787 617 884 652 ἀηδίας
898 617 986 644 ἁπαλσ

197 665 329 692 λάσσεται
339 665 438 699 πολλῆς
450 665 622 700 κακοχυμίας
637 664 683 690 καὶ
699 662 880 698 πολυχρονίας
893 663 982 690 νόσου.

918 197 1116 232 ALLOQUIA.

145 254 148 259 ’
197 257 236 285 ὢν
258 257 272 283 ό
286 254 390 291 Κύριος
409 254 487 290 ἡμῶν
506 252 573 288 πρὸς
587 252 636 284 τὰς
655 251 752 283 κακίας
779 250 867 286 ἡμῶν,
883 250 983 277 ἔδωκεν

1036 254 1114 284 quem
1134 254 1162 276 ut
1185 250 1345 278 maledicum
1370 254 1417 277 aut
1439 250 1588 278 maleficum
1607 257 1730 283 accusas,
1749 251 1819 284 quod

1758 195 1826 226 1686

1035 302 1083 330 per
1099 302 1162 322 eum
1182 296 1330 331 cognovisti
1348 297 1418 324 viam
1439 297 1524 324 morbi
1545 297 1594 330 tui,
1613 304 1676 331 qua,
1693 301 1720 323 et
1734 304 1821 330 quau~

1036 349 1089 370 tam
1103 347 1177 370 tuam
1193 343 1226 370 ad
1244 344 1393 378 perniciem
1406 349 1547 379 grassetur
1563 353 1571 371 :
1584 351 1668 379 quare
1682 343 1751 371 dicta
1764 342 1823 376 ejus

1035 393 1060 416 et
1077 387 1146 415 facta
1162 387 1283 414 insuavia
1298 388 1355 420 tibi,
1371 389 1453 416 debes
1465 389 1542 415 abeo
1557 389 1680 423 accipere
1695 393 1820 421 tanquam

1035 433 1186 460 medicinas
1210 432 1355 465 salutares,
1384 434 1479 461 ntissas
1499 435 1532 461 ad
1558 438 1583 461 te
1610 442 1624 461 a
1649 433 1725 461 Jesu.
1747 432 1823 466 Quod

1037 479 1059 507 si
1075 485 1127 506 non
1139 478 1225 506 solum
1242 486 1294 505 ttou
1308 478 1412 512 gratias
1424 479 1481 513 agis
1497 488 1503 506 :
1519 479 1565 506 sed
1582 479 1667 511 doles,
1681 478 1729 505 sed
1742 478 1824 505 vicis-

1038 525 1090 553 sim
1109 524 1281 557 conviciaris,
1302 524 1419 552 vicissim
1437 532 1558 558 accusas,
1577 530 1603 552 et
1625 525 1710 552 nectis
1729 528 1824 552 contra

1040 572 1125 606 ipsunt
1155 570 1373 599 machinationes
1393 571 1538 598 vindictam
1567 571 1719 604 meditans,
1742 570 1824 597 tacite

1040 615 1107 643 dicis
1127 615 1235 643 Christo
1249 614 1324 649 Jcsu,
1348 621 1394 643 attt
1414 618 1503 651 potius
1526 621 1618 644 exerte
1644 623 1675 642 ac
1698 616 1821 642 diserte:

1033 660 1100 689 Nolo
1118 662 1206 689 curari
1222 670 1236 688 a
1253 667 1296 690 lc:
1310 663 1372 689 nolo
1387 670 1494 690 sumere
1509 661 1654 690 medicinas
1667 665 1745 687 tuas:
1763 659 1823 687 volo

197 711 329 747 Καυστὴρ
345 712 373 739 δὲ
385 711 432 738 τοῦ
451 711 538 747 Ἰησοῦ
552 713 626 738 ἐστιν
647 710 661 736 ὁ
677 709 822 744 ὑποφέρων
837 708 948 743 ζημίαν.

1036 708 1174 742 putreﬁeri
1204 708 1230 735 in
1265 709 1333 736 meis
1358 708 1513 735 vulneribus
1536 716 1542 734 :
1566 707 1625 734 volo
1656 705 1824 734 daemonibus

196 757 318 784 obedire.
334 757 431 785 Nescio
445 757 597 784 Dominum.
612 757 643 783 Et
657 756 718 791 quis
733 756 776 782 ille
794 759 847 787 est,
870 759 899 782 ut
921 754 1046 781 obcdiam
1071 754 1129 781 voci
1150 754 1248 788 eius“?
1282 754 1351 787 Quid
1390 761 1454 789 ergo
1491 755 1524 781 de
1558 759 1657 782 cancro
1679 753 1759 780 faciet
1776 752 1824 780 Do-

198 803 307 830 minus?
333 803 398 830 Cnm
416 803 452 831 sit
468 803 554 831 bonus
576 803 707 830 Dominus
729 807 821 829 noster
850 807 878 829 et
913 801 1054 836 indulgens
1088 808 1152 836 erga
1179 805 1286 829 nostras
1307 801 1489 835 iniquitates:
1511 801 1584 828 dedit
1605 801 1730 828 mandata
1752 808 1816 828 san-

203 854 245 876 cta
261 850 401 884 purgantia
422 849 494 884 ipsas
509 850 597 876 instar
613 849 795 876 cauteriorum
816 853 842 877 et
857 848 1075 883 pltartnacorum.
1107 847 1157 880 Qui
1173 854 1238 882 ergo
1266 843 1326 874 ‘vnlt
1341 852 1368 875 et
1399 847 1536 875 desiderat
1559 848 1661 880 cttrari,
1694 847 1822 875 admittat

196 900 303 930 oportet
318 900 345 923 et
364 896 495 923 sttstitteat
511 903 678 930 quaecunque
692 895 733 923 vel
754 894 914 927 otl‘cruntur,
940 894 982 921 vel
1002 893 1157 921 inferuntur
1167 894 1192 921 ei
1209 901 1222 920 a
1243 889 1367 926 medico,
1395 895 1536 928 sustineat,
1555 895 1677 930 inquam,
1693 901 1754 920 cunt
1776 901 1824 928 pa-

197 941 289 967 tientia
305 941 406 968 doloris
434 947 538 969 etcum
554 941 672 969 silentio.
698 940 767 967 Nam
787 947 837 968 nec
868 939 914 974 qui
948 942 1062 973 aegrotat
1085 945 1209 972 corpore,
1229 938 1376 973 jucundum
1408 940 1557 974 experitur,
1587 939 1687 971 secari,
1713 938 1765 970 uri,
1791 943 1820 965 et

196 987 306 1013 sorbere
321 994 428 1014 amaras
444 988 583 1022 potiones;
604 992 693 1014 tamen
707 986 818 1014 cohibet
832 992 872 1017 se,
888 992 921 1012 ac
934 985 984 1012 sibi
1005 984 1149 1019 persuadet
1186 984 1354 1012 tolerantiam
1394 985 1485 1012 talium
1506 985 1697 1015 acerbitatum,
1721 985 1824 1019 absque

197 1030 239 1058 his
254 1032 352 1065 sciens,
372 1033 444 1060 haud
476 1041 506 1060 se
536 1040 615 1068 posse
637 1032 780 1060 liberaria
800 1031 939 1066 languore,
974 1031 1102 1065 quocirca
1131 1035 1214 1058 totunt
1242 1038 1272 1058 se
1300 1031 1433 1065 permittit
1467 1031 1591 1065 medico;
1627 1038 1745 1065 gnarus,
1776 1038 1825 1066 per

197 1077 276 1105 istaut
295 1079 428 1106 modicam
450 1079 601 1107 molestiam
616 1078 759 1114 expulsum
799 1077 833 1104 iri
855 1084 870 1104 a
903 1084 933 1104 se
968 1082 1127 1111 conceptum
1168 1077 1318 1105 visceribus
1339 1084 1392 1112 quo
1414 1077 1484 1105 tnale
1516 1081 1657 1112 torquetur
1681 1077 1772 1109 virus,
1798 1080 1827 1104 et

196 1125 352 1152 diuturnam
366 1134 419 1161 qua
443 1126 545 1154 sensim
581 1126 731 1154 absumitur
769 1125 956 1160 aegritudinem
973 1126 1172 1153 excutiendam.
1194 1125 1346 1161 Chirurgus
1366 1129 1454 1154 autern
1489 1133 1585 1153 secans
1617 1132 1752 1159 urensque
1770 1124 1823 1152 Dos

197 1171 263 1198 tttini
277 1170 341 1198 Jesu
355 1176 406 1204 est,
423 1172 474 1200 iste
487 1172 576 1199 damni
593 1177 640 1199 aut
656 1172 760 1207 injurias
773 1171 872 1198 illatur.

231 1219 269 1246 A’.
289 1219 346 1246 Καὶ
370 1219 480 1254 ἔλεγεν·
507 1220 632 1256 Ἀπαρον
655 1221 718 1252 τοὺς
740 1219 912 1255 πειρασμοὺς
938 1218 984 1245 καὶ

1070 1216 1115 1244 ιν.
1138 1215 1209 1243 Dixit
1232 1216 1342 1252 insuper
1362 1227 1368 1245 :
1386 1217 1461 1245 Tolle
1486 1219 1649 1247 tentationes
1677 1225 1703 1247 et
1726 1222 1828 1256 cogita-

197 1264 343 1300 ὶογισμοὺς
356 1285 364 1297 ,
389 1266 436 1291 καὶ
457 1265 544 1297 οὐδεὶς
559 1265 646 1300 ἅγιος·
665 1266 679 1292 ὸ
707 1265 816 1299 φεύγων
831 1264 984 1300 πειρασμὸν

197 1309 324 1344 ἑπωφελῆ
336 1329 343 1341 ,
359 1310 455 1344 φεύγει
471 1310 543 1346 ζωὴν
568 1311 688 1338 αἰώνιονο
712 1308 780 1337 Eius
798 1310 851 1346 γάρ
877 1318 918 1341 τις
931 1310 985 1337 τῶν

211 1354 305 1387 ἀγίων-
338 1355 386 1386 Τίς
402 1355 568 1390 προεξένησε
592 1358 649 1388 τοῖς
671 1356 760 1390 ἁγίοις
785 1356 903 1391 μάρτυσι
921 1356 984 1386 τοὺς

198 1401 346 1434 στεφάνους
370 1401 505 1434 ἐκείνους,
530 1402 554 1428 εἰ
571 1401 609 1438 μὴ
625 1403 649 1428 οι
672 1402 849 1437 ἀδικήσαντες
864 1402 983 1434 αὑτούς;

197 1446 245 1477 Τίς
259 1446 414 1482 ἐδωρήσατο
437 1447 476 1482 τῷ
496 1447 565 1482 ἁγίῳ
591 1448 721 1482 Στεφάνῳ
745 1448 873 1481 τοιαύτην
905 1447 984 1480 δόξαν

197 1492 230 1526 ἢν
241 1492 378 1528 ἐποίησεν,
394 1493 419 1519 εἰ
441 1494 479 1529 μὴ
495 1495 521 1520 οἰ
538 1493 698 1525 λιθάσαντες
715 1494 816 1527 αὑτόν;
833 1494 887 1520 Καὶ
915 1502 983 1530 προ-

196 1538 294 1574 έφερεν
317 1538 361 1565 ἀεὶ
376 1539 425 1574 τὴν
440 1540 537 1574 χρῆσιν
552 1539 598 1566 τοῦ
609 1540 698 1574 ἁγίου,
711 1540 752 1566 ὅτι
771 1539 842 1574 Ἐγὼ
854 1539 917 1571 τοὺς
935 1540 985 1574 ἐμὲ,

198 1585 417 1620 κατηγοροῦντας
442 1586 491 1612 οὐκ
504 1585 652 1620 αἰτιῶμαι,
675 1586 743 1612 ἀλλὰ
769 1586 816 1613 καὶ
838 1586 984 1620 εὐεργέτας

197 1632 272 1659 καλῶ
283 1633 331 1658 καὶ
347 1631 402 1666 ἔχω
417 1632 511 1667 ἐμούς·
528 1633 574 1659 καὶ
587 1633 638 1658 οὐκ
651 1632 815 1667 ἀπωθοῦμαι
832 1632 878 1659 τὸν
893 1632 984 1667 ἰατρὸν

196 1678 250 1704 τῶν
266 1678 359 1713 ψυχῶν
373 1678 518 1713 φάρμακον
535 1678 646 1713 ἀτιμίας
661 1678 833 1713 προσάγοντα
856 1679 985 1714 κενοδόξῳ

196 1724 281 1760 ψυχτγ
295 1725 344 1751 κα.)⁸
353 1724 461 1751 δέδοικα
473 1725 510 1760 μή
526 1733 591 1751 ποτε
606 1724 654 1751 καὶ
668 1724 731 1760 περὶ
743 1725 793 1759 τῆς
807 1724 895 1760 ψυχῆς
908 1725 983 1760 cinn-

197 1770 409 1804 Ἰατρεύσιιμεν
429 1770 486 1803 τὴν
507 1769 683 1803 Βαϐυλῶνα,
701 1770 750 1796 καὶ
767 1771 823 1797 οὐκ
839 1770 916 1803 ἰάθη·
938 1770 986 1796 καὶ

198 1815 288 1842 πάλιν·
305 1815 437 1849 Haedui;
448 1815 585 1849 ἠθέλησα
603 1815 835 1850 ἐπισυναγαγεῖν
847 1817 882 1843 τὰ
895 1816 987 1843 τέκνα

197 1869 256 1888 σου
272 1861 311 1895 ὡς
332 1861 413 1896 ὅρνις
435 1863 492 1895 τὴν
506 1862 638 1889 νοσσιὰν
649 1862 754 1894 αὐτοῦ,
779 1862 829 1888 καὶ
845 1863 901 1889 οὐκ
917 1862 983 1897 ἠθέ-

197 1908 306 1941 λησας
326 1907 399 1935 Ἰδοὺ
411 1908 526 1942 ἀφίεται
537 1909 554 1935 ό
567 1905 649 1941 οἶκος
669 1908 752 1942 ὑμῶν
764 1907 882 1944 ἕρημος.

234 1993 271 2021 E'.
292 1994 347 2020 Καὶ
359 1993 461 2029 ἔλεγεν·
484 1993 623 2028 Ἐφοϐεῖτο
636 1995 649 2021 ὁ
664 1994 798 2030 Εὐάγριος
814 1995 851 2031 μὴ
866 1995 986 2031 ἐγκληθῇ

199 2039 251 2066 ὑπὸ
267 2040 314 2066 τοῦ
340 2041 457 2076 Χριστοῦ
476 2041 523 2068 καὶ
539 2042 604 2078 εἴπῃ
621 2041 706 2075 αὐτῷ*
734 2042 865 2078 Εὐὰγριε,
884 2043 987 2074 ὲνόσεις

199 2085 362 2119 κενοδοξίαν,
378 2087 424 2113 καὶ
437 2087 577 2121 ὲπήγαγὸν
593 2095 634 2113 σοι
646 2087 791 2123 φάρμακον
804 2087 926 2123 ἀτιμίας,
944 2088 986 2115 ἵνα

195 2130 232 2157 δι’
245 2131 326 2158 αὑτοῦ
341 2131 520 2168 καθαρισθῇς.
535 2133 570 2159 Σὺ
581 2133 610 2159 δὲ
621 2133 670 2159 οὐκ
683 2133 870 2169 ὲθεραπεύθης
882 2142 889 2149 ο
907 2133 986 2161 τοῦτο

201 2176 230 2203 δὲ
241 2177 382 2212 μάθωμεν,
402 2178 443 2204 ὅτι
458 2178 544 2210 οὐδείς
561 2179 635 2205 ἐστιν
649 2178 791 2214 ἀληθεύων
803 2180 827 2206 εἰ
844 2179 882 2215 μὴ
898 2180 922 2206 oi
937 2179 985 2215 ψέ-

199 2230 291 2256 γοντες
306 2222 390 2257 ἡμᾶς,
405 2221 502 2256 Ἔλεγε
516 2222 592 2250 δέ”Ο
605 2223 717 2259 Κύριος,
729 2224 743 2250 ὁ
754 2223 857 2256 ἐτάζων
872 2225 985 2260 καρδίας

199 2267 246 2293 λαὶ
261 2268 392 2302 νεφροὺς,
410 2266 480 2294 οἶδεν
503 2269 543 2295 ὅτι
562 2269 609 2295 ἐὰν
626 2269 727 2301 πάντες
748 2270 886 2306 ἄνθρωποι
905 2272 984 2298 ἐπαι-

198 2313 264 2339 νῶσι
277 2313 324 2339 καὶ
342 2313 514 2348 μακαρίξωσι
529 2314 563 2340 τὰ
581 2314 635 2349 ὲμὰ
651 2315 749 2348 πάντα,
762 2315 824 2347 ἄξια
837 2316 922 2350 ψόγου
938 2317 985 2344 καὶ

199 2358 328 2393 αἰσχύνης
344 2359 547 2393 ὲμπτυσμάτων
564 2360 643 2386 είσίν-
661 2360 707 2386 ἐὰν
723 2360 751 2386 δὲ
771 2361 878 2387 εἴπωσι·
900 2362 984 2388 Τοῦτο

199 2405 245 2431 καὶ
271 2405 358 2430 ἐκεῖνο
377 2403 524 2438 ἐποίησας·
543 2404 609 2438 ἐγὼ,
624 2405 657 2431 Τί
679 2406 734 2440 γὰρ
748 2405 778 2432 τὸ
800 2406 866 2441 ἐμὸν
887 2407 983 2441 καλόν;

191 2450 284 2482 Οὐδεὶς
295 2450 349 2485 γὰρ
364 2449 490 2484 ψεύδεται
501 2450 525 2475 εί
535 2449 572 2485 μὴ
582 2451 607 2476 οἱ
624 2451 797 2483 ἐπαινοῦντές
816 2460 850 2486 με
867 2453 914 2479 καὶ
931 2461 983 2488 μα-

200 2495 355 2531 καρίζοντές
365 2504 409 2531 με’
425 2496 473 2522 καὶ
482 2496 568 2527 οὐδεὶς
582 2496 710 2532 ἀληθεύει
727 2497 799 2533 εἰμὴ
814 2498 839 2524 οἱ
853 2497 983 2532 ψέγοντές

1036 1263 1133 1289 tiones.
1152 1261 1210 1290 Jam
1239 1271 1317 1291 nemo
1340 1268 1382 1292 est
1402 1270 1530 1297 sanctus;
1548 1265 1592 1300 qui
1611 1266 1678 1301 fugit
1695 1267 1820 1295 tentatio-

1035 1317 1096 1336 nctn
1127 1317 1174 1344 per
1197 1318 1227 1338 se
1255 1311 1358 1342 utilem,
1383 1309 1450 1346 fugit
1474 1311 1554 1338 vitam
1584 1316 1723 1340 a-ternam.
1752 1313 1827 1341 Dixit

1035 1355 1106 1382 enim
1137 1363 1199 1383 vere
1223 1356 1357 1391 quispiam
1384 1362 1539 1384 sanctorunt
1557 1359 1637 1392 :quis
1668 1360 1825 1393 procuratit

1036 1401 1202 1436 martyribus
1224 1409 1340 1430 coronas
1356 1402 1453 1436 quibus
1469 1403 1582 1438 fulgent,
1601 1405 1651 1431 ttisi
1667 1411 1825 1440 persecuto-

1036 1453 1080 1473 res
1095 1445 1237 1480 ipsorum?
1252 1447 1313 1481 quis
1329 1446 1438 1474 donavit
1453 1452 1548 1475 sancto
1563 1449 1700 1483 Stephano
1716 1455 1769 1477 tam
1792 1451 1823 1477 il-

1035 1490 1147 1517 lustrem
1169 1491 1247 1518 istaut
1273 1499 1326 1526 qua
1349 1492 1449 1520 fruitur
1471 1493 1595 1527 gloriam,
1619 1495 1670 1521 nisi
1692 1495 1737 1529 qui
1762 1503 1826 1522 eum

1035 1535 1208 1570 lapidarunt?
1226 1537 1260 1564 Et
1274 1538 1430 1571 proferebat
1452 1546 1560 1574 semper
1582 1542 1744 1568 sententiam
1765 1550 1826 1569 san~

1034 1583 1072 1609 cli
1093 1582 1232 1617 cujusdam
1257 1582 1355 1610 aieulis
1373 1593 1379 1610 :
1395 1583 1451 1618 Ego
1472 1591 1631 1613 accusantes
1650 1594 1693 1614 nte
1710 1595 1761 1614 non
1782 1596 1826 1616 re-

1035 1628 1137 1662 darguo
1153 1636 1159 1654 :
1174 1627 1220 1655 sed
1241 1632 1268 1655 et
1286 1627 1473 1656 benefactores
1491 1637 1557 1658 voco
1580 1631 1718 1666 habeoque
1738 1640 1824 1662 meos.

1035 1673 1090 1701 Nec
1107 1674 1207 1708 repello
1220 1674 1354 1701 ntedicum
1371 1676 1521 1703 animarum
1536 1678 1722 1712 propinantem
1740 1680 1823 1713 pltar-

1036 1717 1152 1745 tnacum‘
1164 1719 1317 1754 ignominiae
1337 1728 1415 1755 σιεγε
1433 1729 1499 1748 mea:
1523 1722 1619 1750 anima:
1637 1725 1732 1751 morbo
1746 1733 1822 1751 vana:

1035 1764 1128 1800 gloria
1145 1765 1276 1792 laboranti
1299 1776 1305 1792 :
1329 1773 1424 1794 verens
1441 1774 1474 1794 ne
1497 1766 1566 1794 forte
1582 1769 1613 1794 de
1630 1769 1672 1795 illa
1688 1769 1796 1797 dicatur
1813 1781 1819 1798 :

1037 1809 1191 1836 Curavimtu
1211 1809 1368 1844 Babylonem
1391 1815 1414 1837 ct
1434 1819 1484 1837 non
1508 1816 1547 1838 ut
1562 1818 1657 1839 sanata
1674 1813 1701 1846 ‘;
1719 1819 1746 1840 ct.
1763 1822 1823 1841 rur—

1036 1863 1101 1883 sus:
1118 1855 1227 1888 Quoties
1243 1855 1315 1882 volui
1327 1864 1483 1892 congregare
1495 1858 1564 1892 ﬁlios
1580 1864 1638 1885 tuos
1654 1861 1822 1896 quemadmo-

1038 1902 1100 1928 dum
1118 1901 1217 1936 gallina
1240 1907 1378 1937 congregat
1395 1903 1480 1936 pullas
1501 1904 1547 1930 sub
1564 1905 1632 1936 alas.
1653 1911 1675 1932 et
1693 1906 1824 1933 noluisti?

1038 1948 1106 1976 Ecce
1120 1948 1280 1983 relinque/ur
1298 1949 1368 1975 vobis
1385 1951 1476 1976 domus
1494 1955 1579 1977 vestra
1598 1951 1700 1978 deserta
1711 1953 1732 1978 ⁵.

1073 1994 1105 2021 ν.
1127 1994 1161 2021 Ει
1177 1995 1244 2022 dixit
1260 2003 1267 2022 ι
1283 1995 1408 2023 Timebat
1431 1995 1562 2030 Evagritts
1586 2004 1620 2024 ne
1646 1997 1825 2032 exprobraret

1036 2041 1087 2069 sibi
1099 2041 1226 2069 Christus
1251 2047 1275 2068 et
1294 2041 1396 2070 diceret
1413 2051 1419 2069 :
1436 2041 1544 2077 Evagri,
1564 2043 1705 2071 laborabas
1729 2045 1827 2071 morbo

1035 2095 1112 2115 vana:
1132 2088 1224 2123 gloria:
1240 2096 1247 2116 :
1263 2093 1289 2116 et
1309 2096 1358 2122 ego
1387 2089 1547 2116 medicinam
1567 2089 1614 2116 tibi
1639 2089 1756 2124 applicui
1777 2089 1822 2115 de-

1036 2133 1118 2161 decus
1137 2133 1252 2167 illalum,
1268 2138 1296 2161 ut
1309 2141 1356 2168 per
1368 2133 1433 2161 illud
1449 2135 1595 2162 curareris.
1614 2133 1653 2161 Tu
1671 2139 1759 2161 tamen
1778 2142 1822 2161 sa-

1035 2183 1116 2206 natus
1141 2186 1194 2206 non
1209 2186 1256 2213 es;
1280 2184 1308 2207 et
1329 2187 1379 2213 pro
1400 2185 1475 2207 certo
1491 2185 1642 2211 teneamus,
1670 2187 1703 2206 ex
1727 2180 1759 2206 iis
1775 2180 1820 2214 qui

1035 2225 1068 2252 de
1085 2225 1163 2252 nobis
1180 2225 1341 2260 loquuntur,
1356 2232 1402 2254 eos
1423 2224 1495 2253 solos
1512 2233 1577 2253 vera
1594 2226 1692 2260 dicere,
1709 2226 1754 2260 qui
1772 2232 1821 2254 nas

1035 2272 1197 2307 vituperant.
1216 2272 1345 2299 Dominus
1360 2272 1405 2307 qui
1428 2276 1566 2299 scrutatur
1585 2273 1664 2299 corda
1682 2277 1708 2299 et
1730 2279 1818 2303 renes.

1036 2318 1108 2344 novit
1144 2325 1203 2345 mea
1225 2317 1326 2350 omnia,
1350 2318 1523 2351 quantumvis
1548 2325 1595 2344 ore
1614 2324 1732 2344 consono
1754 2325 1820 2344 συη-

1035 2367 1138 2390 clorum
1155 2363 1292 2389 hominum
1308 2362 1464 2395 laudentur,
1482 2368 1509 2391 et
1524 2363 1722 2395 beatiﬁccntur,
1738 2364 1821 2390 nihilo

1036 2412 1125 2436 tatnen
1153 2409 1241 2436 minus
1263 2409 1351 2443 turpia
1374 2410 1552 2444 dcsputabilia
1578 2415 1605 2436 et
1628 2410 1724 2444 probro
1742 2411 1819 2443 digna

1035 2461 1104 2482 esse.
1123 2454 1149 2481 Si
1165 2459 1254 2481 autem
1278 2454 1420 2482 adulantes
1435 2455 1499 2481 mihi
1513 2455 1604 2482 dicunt
1618 2462 1625 2481 :
1641 2454 1696 2482 lloc
1709 2460 1735 2482 et
1755 2455 1819 2480 illud

1036 2502 1133 2529 bonum
1156 2502 1260 2536 fecisti;
1283 2510 1334 2537 ego
1361 2502 1615 2537 reSpmtdconuid
1641 2501 1712 2529 euint
1733 2502 1759 2527 in
1778 2501 1820 2528 his

199 2550 232 2576 με
251 2542 297 2568 καὶ
310 2540 514 2573 ὲξουθενοῦντες
526 2550 533 2556 ·
551 2542 599 2569 καὶ
613 2542 672 2569 οὐδὲ
687 2544 778 2570 πᾶσαν
792 2543 841 2578 τὴν
854 2543 983 2578 ἀλήθειαν

1038 2555 1126 2574 meum
1148 2553 1201 2580 est,
1217 2556 1276 2574 cum
1304 2547 1349 2575 Ι)ρί
1370 2548 1424 2576 sint
1446 2548 1472 2574 itt
1488 2547 1601 2574 solidum
1625 2547 1693 2573 bona
1710 2547 1821 2574 Omnia?

197 2587 318 2621 λέγουσι·
332 2587 380 2614 καὶ
404 2588 427 2614 εί
441 2587 607 2623 ἠξιώθησαν,
621 2589 651 2615 οὑ
667 2587 738 2622 λέγω
752 2589 782 2615 τὸ
797 2589 915 2624 πέλαγος
929 2591 983 2616 τῶν

198 2632 271 2667 ἐμῶν
292 2632 394 2659 κακῶν·
417 2632 485 2659 ἀλλά
511 2641 537 2659 τι
567 2633 649 2668 μέρος
674 2633 748 2666 ἰδεῖν,
769 2635 984 2670 ἀπεστράφησαν

198 2678 230 2705 ἄν
255 2677 302 2704 καὶ
323 2678 376 2705 ἀπὸ
393 2679 524 2715 βορϐόρου
545 2680 592 2706 καὶ
615 2679 747 2711 δυσωδίας
763 2681 808 2707 καὶ
829 2681 983 2716 ἀκαθάρτου

199 2724 354 2760 πνεύματος
376 2725 426 2760 τῆς
448 2727 586 2761 ἡμετέρας
601 2725 700 2761 ψυχῆς
719 2728 765 2753 καὶ
783 2727 830 2753 ἐὰν
853 2728 984 2761 γένωνται

198 2770 233 2796 τὰ
245 2769 357 2806 σώματα
379 2771 433 2798 τῶν
448 2771 600 2807 ἀνθρώπων
614 2772 736 2806 γλῶσσαι
753 2774 793 2805 εἰς
806 2773 836 2800 τὸ
852 2773 981 2810 λοιδορεῖν

199 2816 283 2852 ἡμᾶς,
299 2817 449 2853 πέπεισμαι
463 2818 503 2844 ὅτι
516 2817 603 2850 οὐδεὶς
614 2818 723 2846 δύναται
736 2819 818 2853 ἀξίως
833 2820 918 2846 εἰπεῖν
932 2820 980 2856 τὴν

238 2900 344 2930 'Exod.
361 2911 390 2937 Il,
405 2903 449 2931 22.
490 2905 498 2921 ‘
511 2904 564 2933 Jcr.
581 2913 610 2939 tt,
629 2906 655 2934 Ο,
691 2906 775 2934 “Luc.
794 2906 909 2941 xtu,54.

1038 2591 1121 2620 Nemo
1142 2593 1263 2627 profecto
1281 2595 1313 2620 de
1337 2601 1379 2621 trc
1399 2594 1539 2624 mentitur,
1564 2593 1614 2619 nisi
1638 2592 1682 2626 qui
1701 2600 1743 2619 tne
1767 2592 1820 2618 latt-

1038 2638 1103 2665 dattt
1127 2644 1152 2666 et
1167 2639 1273 2666 beatum
1288 2639 1443 2674 praedicant.
1460 2638 1545 2665 Nemo
1559 2639 1592 2665 de
1608 2646 1650 2665 nte
1666 2645 1728 2665 vera
1742 2638 1818 2671 dicit,

1039 2683 1088 2711 nisi
1105 2684 1153 2718 qni
1167 2692 1208 2711 me
1224 2685 1329 2720 probris
1346 2689 1459 2712 onerant
1486 2689 1513 2711 et
1532 2683 1605 2710 nihili
1628 2683 1817 2710 homunculum

1038 2729 1112 2756 aiunt
1123 2737 1192 2756 esse.
1208 2730 1283 2762 Quod
1297 2731 1319 2757 si
1331 2729 1396 2764 ipsis
1409 2730 1587 2763 contingeret,
1600 2728 1720 2755 uondico
1734 2732 1816 2754 totum

1035 2774 1145 2809 pelagus
1169 2775 1300 2802 malorum
1319 2783 1450 2807 meorum,
1473 2775 1518 2802 sed
1538 2774 1577 2801 vel
1593 2778 1696 2808 partem
1721 2774 1819 2800 horum

1035 2821 1152 2856 aliquant
1166 2821 1257 2849 videre
1270 2840 1278 2853 ,
1294 2825 1446 2848 averterent
1463 2820 1554 2854 utique
1581 2827 1609 2846 se
1634 2827 1647 2846 ιι
1668 2818 1752 2846 fetore
1767 2817 1818 2845 luti
