  <div class='ocr_page' id='page_1' title='image "/cluster/home/n/w/nwhite01/storage/ocr_20150623/78/njp.32101077772794/925.png"; bbox 0 0 2064 3162; ppageno 0'>
   <div class='ocr_carea' id='block_1_1' title="bbox 237 185 306 218">
    <p class='ocr_par' dir='ltr' id='par_1_1' title="bbox 237 185 306 218">
     <span class='ocr_line' id='line_1_1' title="bbox 237 185 306 218; baseline -0.014 0"><span class='ocrx_word' id='word_1_1' title='bbox 237 185 306 218; x_wconf 68' lang='grc'><strong>1637</strong></span> 
     </span>
    </p>
   </div>
   <div class='ocr_carea' id='block_1_2' title="bbox 891 198 1217 231">
    <p class='ocr_par' dir='ltr' id='par_1_2' title="bbox 891 198 1217 231">
     <span class='ocr_line' id='line_1_2' title="bbox 891 198 1217 231; baseline 0.012 -4"><span class='ocrx_word' id='word_1_2' title='bbox 891 198 1039 228; x_wconf 75' lang='lat' dir='ltr'><strong>ZOSIM/E</strong></span> <span class='ocrx_word' id='word_1_3' title='bbox 1058 200 1217 231; x_wconf 81' lang='lat' dir='ltr'><strong>ABBATIS</strong></span> 
     </span>
    </p>
   </div>
   <div class='ocr_carea' id='block_1_3' title="bbox 1803 209 1876 239">
    <p class='ocr_par' dir='ltr' id='par_1_3' title="bbox 1803 209 1876 239">
     <span class='ocr_line' id='line_1_3' title="bbox 1803 209 1876 239; baseline 0.014 -1"><span class='ocrx_word' id='word_1_4' title='bbox 1803 209 1876 239; x_wconf 69' lang='grc'>1638</span> 
     </span>
    </p>
   </div>
   <div class='ocr_carea' id='block_1_4' title="bbox 241 245 1017 296">
    <p class='ocr_par' dir='ltr' id='par_1_4' title="bbox 241 245 1017 282">
     <span class='ocr_line' id='line_1_4' title="bbox 241 245 1017 282; baseline 0.015 -12"><span class='ocrx_word' id='word_1_5' title='bbox 241 251 292 271; x_wconf 81' lang='lat' dir='ltr'><strong>tam</strong></span> <span class='ocrx_word' id='word_1_6' title='bbox 323 245 407 278; x_wconf 68' lang='lat' dir='ltr'><strong>Redi,</strong></span> <span class='ocrx_word' id='word_1_7' title='bbox 439 247 609 282; x_wconf 70' lang='lat' dir='ltr'><strong>pestilentem</strong></span> <span class='ocrx_word' id='word_1_8' title='bbox 638 252 732 278; x_wconf 85' lang='lat' dir='ltr'><strong>auram</strong></span> <span class='ocrx_word' id='word_1_9' title='bbox 759 250 840 279; x_wconf 81' lang='lat' dir='ltr'><strong>ﬂatus</strong></span> <span class='ocrx_word' id='word_1_10' title='bbox 872 259 1017 282; x_wconf 90' lang='lat' dir='ltr'><strong>nostrarun</strong></span> 
     </span>
    </p>
   </div>
   <div class='ocr_carea' id='block_1_5' title="bbox 1069 245 1874 296">
    <p class='ocr_par' dir='ltr' id='par_1_5' title="bbox 1080 256 1874 296">
     <span class='ocr_line' id='line_1_5' title="bbox 1080 256 1874 296; baseline 0.01 -15"><span class='ocrx_word' id='word_1_11' title='bbox 1080 256 1159 291; x_wconf 85' lang='grc' dir='ltr'>ἡμῶν</span> <span class='ocrx_word' id='word_1_12' title='bbox 1178 256 1302 292; x_wconf 76' lang='grc' dir='ltr'>ἀτιμίαψ</span> <span class='ocrx_word' id='word_1_13' title='bbox 1319 259 1372 290; x_wconf 81' lang='grc' dir='ltr'><strong>πᾶς</strong></span> <span class='ocrx_word' id='word_1_14' title='bbox 1383 259 1437 294; x_wconf 81' lang='grc' dir='ltr'>γὰρ</span> <span class='ocrx_word' id='word_1_15' title='bbox 1451 259 1588 296; x_wconf 75' lang='grc' dir='ltr'>λοιδορῶν,</span> <span class='ocrx_word' id='word_1_16' title='bbox 1607 261 1687 296; x_wconf 78' lang='grc' dir='ltr'>μέρος</span> <span class='ocrx_word' id='word_1_17' title='bbox 1702 261 1785 296; x_wconf 73' lang='grc' dir='ltr'>λέγει·</span> <span class='ocrx_word' id='word_1_18' title='bbox 1798 264 1833 289; x_wconf 66' lang='grc' dir='ltr'>τὶ</span> <span class='ocrx_word' id='word_1_19' title='bbox 1845 264 1874 290; x_wconf 60' lang='lat' dir='ltr'><strong>is</strong></span> 
     </span>
    </p>
   </div>
   <div class='ocr_carea' id='block_1_6' title="bbox 237 291 1025 331">
    <p class='ocr_par' dir='ltr' id='par_1_6' title="bbox 237 291 1025 331">
     <span class='ocr_line' id='line_1_6' title="bbox 237 291 1025 331; baseline 0.013 -13"><span class='ocrx_word' id='word_1_20' title='bbox 237 291 389 318; x_wconf 80' lang='lat' dir='ltr'><strong>animarum</strong></span> <span class='ocrx_word' id='word_1_21' title='bbox 407 291 478 320; x_wconf 78' lang='lat' dir='ltr'><strong>ferre</strong></span> <span class='ocrx_word' id='word_1_22' title='bbox 503 300 555 321; x_wconf 92' lang='lat' dir='ltr'><strong>non</strong></span> <span class='ocrx_word' id='word_1_23' title='bbox 578 294 708 324; x_wconf 84' lang='lat' dir='ltr'><strong>valentes.</strong></span> <span class='ocrx_word' id='word_1_24' title='bbox 731 297 800 331; x_wconf 87' lang='lat' dir='ltr'><strong>Quin</strong></span> <span class='ocrx_word' id='word_1_25' title='bbox 816 299 858 326; x_wconf 85' lang='lat' dir='ltr'><strong>vel</strong></span> <span class='ocrx_word' id='word_1_26' title='bbox 880 300 902 327; x_wconf 86' lang='lat' dir='ltr'><strong>si</strong></span> <span class='ocrx_word' id='word_1_27' title='bbox 929 306 1025 329; x_wconf 89' lang='lat' dir='ltr'><strong>cuncta</strong></span> 
     </span>
    </p>
   </div>
   <div class='ocr_carea' id='block_1_7' title="bbox 239 338 1026 383">
    <p class='ocr_par' dir='ltr' id='par_1_7' title="bbox 239 338 1026 383">
     <span class='ocr_line' id='line_1_7' title="bbox 239 338 1026 383; baseline 0.017 -20"><span class='ocrx_word' id='word_1_28' title='bbox 239 338 420 366; x_wconf 86' lang='lat' dir='ltr'><strong>humanorum</strong></span> <span class='ocrx_word' id='word_1_29' title='bbox 449 340 569 368; x_wconf 76' lang='lat' dir='ltr'><strong>membra</strong></span> <span class='ocrx_word' id='word_1_30' title='bbox 595 349 738 378; x_wconf 80' lang='lat' dir='ltr'><strong>corporum</strong></span> <span class='ocrx_word' id='word_1_31' title='bbox 761 345 829 373; x_wconf 84' lang='lat' dir='ltr'><strong>nihil</strong></span> <span class='ocrx_word' id='word_1_32' title='bbox 856 346 908 374; x_wconf 84' lang='lat' dir='ltr'><strong>nisi</strong></span> <span class='ocrx_word' id='word_1_33' title='bbox 928 347 1026 383; x_wconf 70' lang='lat' dir='ltr'><strong>lingua:</strong></span> 
     </span>
    </p>
   </div>
   <div class='ocr_carea' id='block_1_8' title="bbox 236 385 1025 421">
    <p class='ocr_par' dir='ltr' id='par_1_8' title="bbox 236 385 1025 421">
     <span class='ocr_line' id='line_1_8' title="bbox 236 385 1025 421; baseline 0.014 -11"><span class='ocrx_word' id='word_1_34' title='bbox 236 389 328 411; x_wconf 79' lang='lat' dir='ltr'><strong>essent</strong></span> <span class='ocrx_word' id='word_1_35' title='bbox 346 385 379 412; x_wconf 92' lang='lat' dir='ltr'><strong>ad</strong></span> <span class='ocrx_word' id='word_1_36' title='bbox 404 391 452 412; x_wconf 89' lang='lat' dir='ltr'><strong>nos</strong></span> <span class='ocrx_word' id='word_1_37' title='bbox 468 385 648 421; x_wconf 88' lang='lat' dir='ltr'><strong>increpandos</strong></span> <span class='ocrx_word' id='word_1_38' title='bbox 670 393 698 416; x_wconf 91' lang='lat' dir='ltr'><strong>ct</strong></span> <span class='ocrx_word' id='word_1_39' title='bbox 718 391 848 419; x_wconf 82' lang='lat' dir='ltr'><strong>conviciis</strong></span> <span class='ocrx_word' id='word_1_40' title='bbox 872 393 1025 421; x_wconf 83' lang='lat' dir='ltr'><strong>obruendos</strong></span> 
     </span>
    </p>
   </div>
   <div class='ocr_carea' id='block_1_9' title="bbox 237 430 1025 473">
    <p class='ocr_par' dir='ltr' id='par_1_9' title="bbox 237 430 1025 473">
     <span class='ocr_line' id='line_1_9' title="bbox 237 430 1025 473; baseline 0.014 -17"><span class='ocrx_word' id='word_1_41' title='bbox 237 430 346 458; x_wconf 79' lang='lat' dir='ltr'><strong>assidue</strong></span> <span class='ocrx_word' id='word_1_42' title='bbox 367 431 505 466; x_wconf 56' lang='lat' dir='ltr'><strong>clamose,</strong></span> <span class='ocrx_word' id='word_1_43' title='bbox 534 441 682 468; x_wconf 78' lang='lat' dir='ltr'><strong>persuasus</strong></span> <span class='ocrx_word' id='word_1_44' title='bbox 707 444 779 470; x_wconf 91' lang='lat' dir='ltr'><strong>sum,</strong></span> <span class='ocrx_word' id='word_1_45' title='bbox 808 445 859 466; x_wconf 90' lang='lat' dir='ltr'><strong>nec</strong></span> <span class='ocrx_word' id='word_1_46' title='bbox 884 439 924 466; x_wconf 87' lang='lat' dir='ltr'><strong>sic</strong></span> <span class='ocrx_word' id='word_1_47' title='bbox 945 445 1025 473; x_wconf 77' lang='lat' dir='ltr'><strong>pOsse</strong></span> 
     </span>
    </p>
   </div>
   <div class='ocr_carea' id='block_1_10' title="bbox 235 476 1025 518">
    <p class='ocr_par' dir='ltr' id='par_1_10' title="bbox 235 476 1025 518">
     <span class='ocr_line' id='line_1_10' title="bbox 235 476 1025 518; baseline 0.015 -17"><span class='ocrx_word' id='word_1_48' title='bbox 235 476 303 503; x_wconf 88' lang='lat' dir='ltr'><strong>satis</strong></span> <span class='ocrx_word' id='word_1_49' title='bbox 319 477 400 512; x_wconf 88' lang='lat' dir='ltr'><strong>digne</strong></span> <span class='ocrx_word' id='word_1_50' title='bbox 422 478 552 506; x_wconf 91' lang='lat' dir='ltr'><strong>vilitatem</strong></span> <span class='ocrx_word' id='word_1_51' title='bbox 580 485 701 509; x_wconf 88' lang='lat' dir='ltr'><strong>nostram</strong></span> <span class='ocrx_word' id='word_1_52' title='bbox 725 487 752 510; x_wconf 85' lang='lat' dir='ltr'><strong>et</strong></span> <span class='ocrx_word' id='word_1_53' title='bbox 774 483 951 518; x_wconf 77' lang='lat' dir='ltr'><strong>ignominiam</strong></span> <span class='ocrx_word' id='word_1_54' title='bbox 970 491 1025 513; x_wconf 90' lang='lat' dir='ltr'><strong>tra-</strong></span> 
     </span>
    </p>
   </div>
   <div class='ocr_carea' id='block_1_11' title="bbox 235 522 1025 564">
    <p class='ocr_par' dir='ltr' id='par_1_11' title="bbox 235 522 1025 564">
     <span class='ocr_line' id='line_1_11' title="bbox 235 522 1025 564; baseline 0.014 -16"><span class='ocrx_word' id='word_1_55' title='bbox 235 523 306 550; x_wconf 83' lang='lat' dir='ltr'><strong>duci.</strong></span> <span class='ocrx_word' id='word_1_56' title='bbox 325 522 391 550; x_wconf 81' lang='lat' dir='ltr'><strong>Nam</strong></span> <span class='ocrx_word' id='word_1_57' title='bbox 414 525 567 560; x_wconf 82' lang='lat' dir='ltr'><strong>quicunque</strong></span> <span class='ocrx_word' id='word_1_58' title='bbox 592 535 641 555; x_wconf 84' lang='lat' dir='ltr'><strong>nos</strong></span> <span class='ocrx_word' id='word_1_59' title='bbox 664 529 812 564; x_wconf 75' lang='lat' dir='ltr'><strong>vituperat,</strong></span> <span class='ocrx_word' id='word_1_60' title='bbox 829 535 932 564; x_wconf 81' lang='lat' dir='ltr'><strong>partem</strong></span> <span class='ocrx_word' id='word_1_61' title='bbox 956 531 1025 558; x_wconf 89' lang='lat' dir='ltr'><strong>dun-</strong></span> 
     </span>
    </p>
   </div>
   <div class='ocr_carea' id='block_1_12' title="bbox 236 570 1023 608">
    <p class='ocr_par' dir='ltr' id='par_1_12' title="bbox 236 570 1023 608">
     <span class='ocr_line' id='line_1_12' title="bbox 236 570 1023 608; baseline 0.017 -16"><span class='ocrx_word' id='word_1_62' title='bbox 236 572 309 595; x_wconf 73' lang='lat' dir='ltr'><strong>tarat</strong></span> <span class='ocrx_word' id='word_1_63' title='bbox 334 570 423 604; x_wconf 88' lang='lat' dir='ltr'><strong>carpit</strong></span> <span class='ocrx_word' id='word_1_64' title='bbox 446 579 602 599; x_wconf 80' lang='lat' dir='ltr'><strong>memorans</strong></span> <span class='ocrx_word' id='word_1_65' title='bbox 621 573 738 608; x_wconf 84' lang='lat' dir='ltr'><strong>aliquam</strong></span> <span class='ocrx_word' id='word_1_66' title='bbox 765 580 919 603; x_wconf 87' lang='lat' dir='ltr'><strong>nostrorum</strong></span> <span class='ocrx_word' id='word_1_67' title='bbox 943 577 1023 604; x_wconf 91' lang='lat' dir='ltr'><strong>vitio-</strong></span> 
     </span>
    </p>
   </div>
   <div class='ocr_carea' id='block_1_13' title="bbox 235 615 1022 653">
    <p class='ocr_par' dir='ltr' id='par_1_13' title="bbox 235 615 1022 653">
     <span class='ocr_line' id='line_1_13' title="bbox 235 615 1022 653; baseline 0.015 -14"><span class='ocrx_word' id='word_1_68' title='bbox 235 621 295 640; x_wconf 88' lang='lat' dir='ltr'><strong>rum</strong></span> <span class='ocrx_word' id='word_1_69' title='bbox 311 623 318 641; x_wconf 87' lang='lat'><strong>:</strong></span> <span class='ocrx_word' id='word_1_70' title='bbox 334 615 446 643; x_wconf 88' lang='lat' dir='ltr'><strong>multum</strong></span> <span class='ocrx_word' id='word_1_71' title='bbox 469 621 558 645; x_wconf 87' lang='lat' dir='ltr'><strong>autem</strong></span> <span class='ocrx_word' id='word_1_72' title='bbox 574 619 662 653; x_wconf 87' lang='lat' dir='ltr'><strong>abest,</strong></span> <span class='ocrx_word' id='word_1_73' title='bbox 678 621 711 647; x_wconf 87' lang='lat' dir='ltr'><strong>ab</strong></span> <span class='ocrx_word' id='word_1_74' title='bbox 726 620 850 649; x_wconf 89' lang='lat' dir='ltr'><strong>omnibus</strong></span> <span class='ocrx_word' id='word_1_75' title='bbox 870 622 1022 651; x_wconf 81' lang='lat' dir='ltr'><strong>noscendis.</strong></span> 
     </span>
    </p>
   </div>
   <div class='ocr_carea' id='block_1_14' title="bbox 235 659 1022 703">
    <p class='ocr_par' dir='ltr' id='par_1_14' title="bbox 235 659 1022 703">
     <span class='ocr_line' id='line_1_14' title="bbox 235 659 1022 703; baseline 0.013 -17"><span class='ocrx_word' id='word_1_76' title='bbox 235 659 264 687; x_wconf 89' lang='lat' dir='ltr'><strong>Si</strong></span> <span class='ocrx_word' id='word_1_77' title='bbox 276 660 347 687; x_wconf 79' lang='lat' dir='ltr'><strong>enim</strong></span> <span class='ocrx_word' id='word_1_78' title='bbox 361 660 452 695; x_wconf 84' lang='lat' dir='ltr'><strong>justus</strong></span> <span class='ocrx_word' id='word_1_79' title='bbox 462 661 511 690; x_wconf 73' lang='lat' dir='ltr'><strong>Job</strong></span> <span class='ocrx_word' id='word_1_80' title='bbox 521 663 559 691; x_wconf 88' lang='lat' dir='ltr'><strong>ait</strong></span> <span class='ocrx_word' id='word_1_81' title='bbox 573 675 578 692; x_wconf 94' lang='lat'>:</span> <span class='ocrx_word' id='word_1_82' title='bbox 593 663 691 693; x_wconf 77' lang='lat' dir='ltr'><strong>Plenus</strong></span> <span class='ocrx_word' id='word_1_83' title='bbox 702 667 849 701; x_wconf 79' lang='lat' dir='ltr'><strong>ignominia</strong></span> <span class='ocrx_word' id='word_1_84' title='bbox 860 675 907 703; x_wconf 76' lang='lat' dir='ltr'><strong>ego</strong></span> <span class='ocrx_word' id='word_1_85' title='bbox 917 672 974 696; x_wconf 73' lang='lat' dir='ltr'><strong>sum</strong></span> <span class='ocrx_word' id='word_1_86' title='bbox 982 667 1003 685; x_wconf 81' lang='lat'><strong>&quot;</strong></span> <span class='ocrx_word' id='word_1_87' title='bbox 1015 679 1022 696; x_wconf 88' lang='lat'>:</span> 
     </span>
    </p>
   </div>
   <div class='ocr_carea' id='block_1_15' title="bbox 234 706 1021 746">
    <p class='ocr_par' dir='ltr' id='par_1_15' title="bbox 234 706 1021 746">
     <span class='ocr_line' id='line_1_15' title="bbox 234 706 1021 746; baseline 0.013 -14"><span class='ocrx_word' id='word_1_88' title='bbox 234 711 261 733; x_wconf 91' lang='lat' dir='ltr'><strong>ct</strong></span> <span class='ocrx_word' id='word_1_89' title='bbox 274 707 345 740; x_wconf 86' lang='lat' dir='ltr'><strong>quod</strong></span> <span class='ocrx_word' id='word_1_90' title='bbox 360 706 466 742; x_wconf 85' lang='lat' dir='ltr'><strong>plenum</strong></span> <span class='ocrx_word' id='word_1_91' title='bbox 483 714 535 742; x_wconf 81' lang='lat' dir='ltr'><strong>est,</strong></span> <span class='ocrx_word' id='word_1_92' title='bbox 555 709 657 737; x_wconf 84' lang='lat' dir='ltr'><strong>nullam</strong></span> <span class='ocrx_word' id='word_1_93' title='bbox 673 717 776 746; x_wconf 85' lang='lat' dir='ltr'><strong>partem</strong></span> <span class='ocrx_word' id='word_1_94' title='bbox 793 712 873 740; x_wconf 87' lang='lat' dir='ltr'><strong>habet</strong></span> <span class='ocrx_word' id='word_1_95' title='bbox 887 721 999 741; x_wconf 83' lang='lat' dir='ltr'><strong>vacuam</strong></span> <span class='ocrx_word' id='word_1_96' title='bbox 1014 723 1021 741; x_wconf 85' lang='lat'><strong>:</strong></span> 
     </span>
    </p>
   </div>
   <div class='ocr_carea' id='block_1_16' title="bbox 234 753 1022 790">
    <p class='ocr_par' dir='ltr' id='par_1_16' title="bbox 234 753 1022 790">
     <span class='ocr_line' id='line_1_16' title="bbox 234 753 1022 790; baseline 0.009 -10"><span class='ocrx_word' id='word_1_97' title='bbox 234 759 286 780; x_wconf 89' lang='lat' dir='ltr'><strong>nos</strong></span> <span class='ocrx_word' id='word_1_98' title='bbox 301 753 365 788; x_wconf 87' lang='lat' dir='ltr'><strong>quid</strong></span> <span class='ocrx_word' id='word_1_99' title='bbox 382 753 513 786; x_wconf 85' lang='lat' dir='ltr'><strong>dicemus,</strong></span> <span class='ocrx_word' id='word_1_100' title='bbox 539 756 584 790; x_wconf 85' lang='lat' dir='ltr'><strong>qui</strong></span> <span class='ocrx_word' id='word_1_101' title='bbox 608 763 682 784; x_wconf 85' lang='lat' dir='ltr'><strong>mare</strong></span> <span class='ocrx_word' id='word_1_102' title='bbox 705 757 838 785; x_wconf 86' lang='lat' dir='ltr'><strong>malorum</strong></span> <span class='ocrx_word' id='word_1_103' title='bbox 858 759 972 787; x_wconf 81' lang='lat' dir='ltr'><strong>sumus?</strong></span> <span class='ocrx_word' id='word_1_104' title='bbox 993 759 1022 788; x_wconf 86' lang='lat' dir='ltr'><strong>in</strong></span> 
     </span>
    </p>
   </div>
   <div class='ocr_carea' id='block_1_17' title="bbox 234 799 1023 838">
    <p class='ocr_par' dir='ltr' id='par_1_17' title="bbox 234 799 1023 838">
     <span class='ocr_line' id='line_1_17' title="bbox 234 799 1023 838; baseline 0.009 -12"><span class='ocrx_word' id='word_1_105' title='bbox 234 799 307 827; x_wconf 83' lang='lat' dir='ltr'><strong>omni</strong></span> <span class='ocrx_word' id='word_1_106' title='bbox 322 805 434 834; x_wconf 89' lang='lat' dir='ltr'><strong>peccato</strong></span> <span class='ocrx_word' id='word_1_107' title='bbox 453 800 606 829; x_wconf 87' lang='lat' dir='ltr'><strong>humiliavit</strong></span> <span class='ocrx_word' id='word_1_108' title='bbox 628 809 678 830; x_wconf 87' lang='lat' dir='ltr'><strong>nos</strong></span> <span class='ocrx_word' id='word_1_109' title='bbox 695 803 745 831; x_wconf 88' lang='lat' dir='ltr'><strong>sibi</strong></span> <span class='ocrx_word' id='word_1_110' title='bbox 767 804 913 838; x_wconf 85' lang='lat' dir='ltr'><strong>subjiciens</strong></span> <span class='ocrx_word' id='word_1_111' title='bbox 929 805 1023 833; x_wconf 84' lang='lat' dir='ltr'><strong>diabo-</strong></span> 
     </span>
    </p>
   </div>
   <div class='ocr_carea' id='block_1_18' title="bbox 235 845 1023 886">
    <p class='ocr_par' dir='ltr' id='par_1_18' title="bbox 235 845 1023 886">
     <span class='ocr_line' id='line_1_18' title="bbox 235 845 1023 886; baseline 0.009 -14"><span class='ocrx_word' id='word_1_112' title='bbox 235 846 286 874; x_wconf 82' lang='lat' dir='ltr'><strong>ius.</strong></span> <span class='ocrx_word' id='word_1_113' title='bbox 305 845 400 873; x_wconf 79' lang='lat' dir='ltr'><strong>Nostra</strong></span> <span class='ocrx_word' id='word_1_114' title='bbox 423 847 538 874; x_wconf 82' lang='lat' dir='ltr'><strong>interest</strong></span> <span class='ocrx_word' id='word_1_115' title='bbox 552 851 630 883; x_wconf 85' lang='lat' dir='ltr'><strong>grate</strong></span> <span class='ocrx_word' id='word_1_116' title='bbox 653 849 778 885; x_wconf 88' lang='lat' dir='ltr'><strong>accipere</strong></span> <span class='ocrx_word' id='word_1_117' title='bbox 792 850 899 886; x_wconf 86' lang='lat' dir='ltr'><strong>quoties</strong></span> <span class='ocrx_word' id='word_1_118' title='bbox 923 851 958 879; x_wconf 85' lang='lat' dir='ltr'><strong>ab</strong></span> <span class='ocrx_word' id='word_1_119' title='bbox 973 852 1023 879; x_wconf 80' lang='lat' dir='ltr'><strong>ho-</strong></span> 
     </span>
    </p>
   </div>
   <div class='ocr_carea' id='block_1_19' title="bbox 234 891 1021 932">
    <p class='ocr_par' dir='ltr' id='par_1_19' title="bbox 234 891 1021 932">
     <span class='ocr_line' id='line_1_19' title="bbox 234 891 1021 932; baseline 0.011 -15"><span class='ocrx_word' id='word_1_120' title='bbox 234 891 353 919; x_wconf 87' lang='lat' dir='ltr'><strong>minibus</strong></span> <span class='ocrx_word' id='word_1_121' title='bbox 382 892 417 920; x_wconf 89' lang='lat' dir='ltr'><strong>ob</strong></span> <span class='ocrx_word' id='word_1_122' title='bbox 441 893 556 928; x_wconf 81' lang='lat' dir='ltr'><strong>quodvis</strong></span> <span class='ocrx_word' id='word_1_123' title='bbox 580 899 720 930; x_wconf 84' lang='lat' dir='ltr'><strong>peccatum</strong></span> <span class='ocrx_word' id='word_1_124' title='bbox 750 895 935 925; x_wconf 87' lang='lat' dir='ltr'><strong>humiliamur.</strong></span> <span class='ocrx_word' id='word_1_125' title='bbox 970 898 1021 932; x_wconf 87' lang='lat' dir='ltr'><strong>Qui</strong></span> 
     </span>
    </p>
   </div>
   <div class='ocr_carea' id='block_1_20' title="bbox 232 934 1059 972">
    <p class='ocr_par' dir='ltr' id='par_1_20' title="bbox 232 934 1059 972">
     <span class='ocr_line' id='line_1_20' title="bbox 232 934 1059 972; baseline 0.01 -8"><span class='ocrx_word' id='word_1_126' title='bbox 232 937 304 964; x_wconf 90' lang='lat' dir='ltr'><strong>enim</strong></span> <span class='ocrx_word' id='word_1_127' title='bbox 320 939 359 966; x_wconf 88' lang='lat' dir='ltr'><strong>sic</strong></span> <span class='ocrx_word' id='word_1_128' title='bbox 381 938 485 967; x_wconf 80' lang='lat' dir='ltr'><strong>faciunt</strong></span> <span class='ocrx_word' id='word_1_129' title='bbox 504 940 672 969; x_wconf 88' lang='lat' dir='ltr'><strong>ulciscuntur</strong></span> <span class='ocrx_word' id='word_1_130' title='bbox 687 941 824 970; x_wconf 85' lang='lat' dir='ltr'><strong>diabolum</strong></span> <span class='ocrx_word' id='word_1_131' title='bbox 839 952 845 970; x_wconf 93' lang='lat'>:</span> <span class='ocrx_word' id='word_1_132' title='bbox 862 951 923 970; x_wconf 92' lang='lat' dir='ltr'><strong>eum</strong></span> <span class='ocrx_word' id='word_1_133' title='bbox 942 945 1021 972; x_wconf 84' lang='lat' dir='ltr'><strong>vicis-</strong></span> <span class='ocrx_word' id='word_1_134' title='bbox 1037 934 1059 961; x_wconf 71' lang='grc' dir='ltr'><strong>Β</strong></span> 
     </span>
    </p>
   </div>
   <div class='ocr_carea' id='block_1_21' title="bbox 233 983 1019 1024">
    <p class='ocr_par' dir='ltr' id='par_1_21' title="bbox 233 983 1019 1024">
     <span class='ocr_line' id='line_1_21' title="bbox 233 983 1019 1024; baseline 0.01 -14"><span class='ocrx_word' id='word_1_135' title='bbox 233 983 284 1010; x_wconf 90' lang='lat' dir='ltr'><strong>sim</strong></span> <span class='ocrx_word' id='word_1_136' title='bbox 309 984 336 1011; x_wconf 92' lang='lat' dir='ltr'><strong>in</strong></span> <span class='ocrx_word' id='word_1_137' title='bbox 363 985 436 1012; x_wconf 92' lang='lat' dir='ltr'><strong>omni</strong></span> <span class='ocrx_word' id='word_1_138' title='bbox 457 991 582 1020; x_wconf 86' lang='lat' dir='ltr'><strong>peccato,</strong></span> <span class='ocrx_word' id='word_1_139' title='bbox 608 988 686 1022; x_wconf 85' lang='lat' dir='ltr'><strong>cujus</strong></span> <span class='ocrx_word' id='word_1_140' title='bbox 709 995 817 1024; x_wconf 72' lang='lat' dir='ltr'><strong>poenam</strong></span> <span class='ocrx_word' id='word_1_141' title='bbox 844 988 958 1018; x_wconf 83' lang='lat' dir='ltr'><strong>libenter</strong></span> <span class='ocrx_word' id='word_1_142' title='bbox 984 991 1019 1018; x_wconf 86' lang='lat' dir='ltr'><strong>ita</strong></span> 
     </span>
    </p>
   </div>
   <div class='ocr_carea' id='block_1_22' title="bbox 233 1029 1021 1069">
    <p class='ocr_par' dir='ltr' id='par_1_22' title="bbox 233 1029 1021 1069">
     <span class='ocr_line' id='line_1_22' title="bbox 233 1029 1021 1069; baseline 0.01 -13"><span class='ocrx_word' id='word_1_143' title='bbox 233 1029 350 1064; x_wconf 90' lang='lat' dir='ltr'><strong>luimus,</strong></span> <span class='ocrx_word' id='word_1_144' title='bbox 377 1036 560 1061; x_wconf 86' lang='lat' dir='ltr'><strong>conterentes.</strong></span> <span class='ocrx_word' id='word_1_145' title='bbox 590 1032 746 1069; x_wconf 77' lang='lat' dir='ltr'><strong>Siquidem,</strong></span> <span class='ocrx_word' id='word_1_146' title='bbox 774 1041 803 1063; x_wconf 87' lang='lat' dir='ltr'><strong>ut</strong></span> <span class='ocrx_word' id='word_1_147' title='bbox 827 1036 904 1063; x_wconf 80' lang='lat' dir='ltr'><strong>aiunt</strong></span> <span class='ocrx_word' id='word_1_148' title='bbox 931 1036 1021 1064; x_wconf 86' lang='lat' dir='ltr'><strong>sancti</strong></span> 
     </span>
    </p>
   </div>
   <div class='ocr_carea' id='block_1_23' title="bbox 232 1074 1019 1115">
    <p class='ocr_par' dir='ltr' id='par_1_23' title="bbox 232 1074 1019 1115">
     <span class='ocr_line' id='line_1_23' title="bbox 232 1074 1019 1115; baseline 0.009 -13"><span class='ocrx_word' id='word_1_149' title='bbox 232 1074 338 1108; x_wconf 77' lang='lat' dir='ltr'><strong>Patres,</strong></span> <span class='ocrx_word' id='word_1_150' title='bbox 351 1076 373 1104; x_wconf 91' lang='lat' dir='ltr'><strong>si</strong></span> <span class='ocrx_word' id='word_1_151' title='bbox 390 1077 559 1112; x_wconf 82' lang='lat' dir='ltr'><strong>deprimatur</strong></span> <span class='ocrx_word' id='word_1_152' title='bbox 570 1079 708 1107; x_wconf 82' lang='lat' dir='ltr'><strong>humilitas</strong></span> <span class='ocrx_word' id='word_1_153' title='bbox 720 1084 804 1115; x_wconf 89' lang='lat' dir='ltr'><strong>usque</strong></span> <span class='ocrx_word' id='word_1_154' title='bbox 819 1081 853 1109; x_wconf 92' lang='lat' dir='ltr'><strong>ad</strong></span> <span class='ocrx_word' id='word_1_155' title='bbox 866 1081 1000 1110; x_wconf 77' lang='lat' dir='ltr'><strong>infernum</strong></span> <span class='ocrx_word' id='word_1_156' title='bbox 1011 1103 1019 1115; x_wconf 89' lang='lat'><strong>,</strong></span> 
     </span>
    </p>
   </div>
   <div class='ocr_carea' id='block_1_24' title="bbox 232 1121 1020 1163">
    <p class='ocr_par' dir='ltr' id='par_1_24' title="bbox 232 1121 1020 1163">
     <span class='ocr_line' id='line_1_24' title="bbox 232 1121 1020 1163; baseline 0.01 -16"><span class='ocrx_word' id='word_1_157' title='bbox 232 1128 317 1156; x_wconf 87' lang='lat' dir='ltr'><strong>usque</strong></span> <span class='ocrx_word' id='word_1_158' title='bbox 332 1121 366 1150; x_wconf 84' lang='lat' dir='ltr'><strong>ad</strong></span> <span class='ocrx_word' id='word_1_159' title='bbox 383 1123 480 1150; x_wconf 70' lang='lat' dir='ltr'><strong>malum</strong></span> <span class='ocrx_word' id='word_1_160' title='bbox 497 1124 669 1153; x_wconf 83' lang='lat' dir='ltr'><strong>exaltabilur.</strong></span> <span class='ocrx_word' id='word_1_161' title='bbox 685 1125 720 1154; x_wconf 86' lang='lat' dir='ltr'><strong>Et</strong></span> <span class='ocrx_word' id='word_1_162' title='bbox 734 1127 756 1154; x_wconf 89' lang='lat' dir='ltr'><strong>si</strong></span> <span class='ocrx_word' id='word_1_163' title='bbox 776 1127 910 1155; x_wconf 82' lang='lat' dir='ltr'><strong>cxaltetur</strong></span> <span class='ocrx_word' id='word_1_164' title='bbox 925 1136 1020 1163; x_wconf 82' lang='lat' dir='ltr'><strong>super-</strong></span> 
     </span>
    </p>
   </div>
   <div class='ocr_carea' id='block_1_25' title="bbox 231 1166 1018 1208">
    <p class='ocr_par' dir='ltr' id='par_1_25' title="bbox 231 1166 1018 1208">
     <span class='ocr_line' id='line_1_25' title="bbox 231 1166 1018 1208; baseline 0.013 -16"><span class='ocrx_word' id='word_1_165' title='bbox 231 1166 275 1194; x_wconf 88' lang='lat' dir='ltr'><strong>bia</strong></span> <span class='ocrx_word' id='word_1_166' title='bbox 290 1175 375 1203; x_wconf 89' lang='lat' dir='ltr'><strong>usque</strong></span> <span class='ocrx_word' id='word_1_167' title='bbox 389 1169 422 1197; x_wconf 85' lang='lat' dir='ltr'><strong>ad</strong></span> <span class='ocrx_word' id='word_1_168' title='bbox 439 1169 548 1203; x_wconf 70' lang='lat' dir='ltr'><strong>omium,</strong></span> <span class='ocrx_word' id='word_1_169' title='bbox 562 1178 647 1206; x_wconf 87' lang='lat' dir='ltr'><strong>usque</strong></span> <span class='ocrx_word' id='word_1_170' title='bbox 663 1173 696 1200; x_wconf 91' lang='lat' dir='ltr'><strong>ad</strong></span> <span class='ocrx_word' id='word_1_171' title='bbox 714 1172 849 1201; x_wconf 81' lang='lat' dir='ltr'><strong>infernum</strong></span> <span class='ocrx_word' id='word_1_172' title='bbox 864 1174 1018 1208; x_wconf 90' lang='lat' dir='ltr'><strong>dejicietur.</strong></span> 
     </span>
    </p>
   </div>
   <div class='ocr_carea' id='block_1_26' title="bbox 1079 302 1871 343">
    <p class='ocr_par' dir='ltr' id='par_1_26' title="bbox 1079 302 1871 343">
     <span class='ocr_line' id='line_1_26' title="bbox 1079 302 1871 343; baseline 0.009 -15"><span class='ocrx_word' id='word_1_173' title='bbox 1079 302 1168 330; x_wconf 81' lang='grc' dir='ltr'>πάντα</span> <span class='ocrx_word' id='word_1_174' title='bbox 1179 304 1210 329; x_wconf 81' lang='grc' dir='ltr'>οὐ</span> <span class='ocrx_word' id='word_1_175' title='bbox 1218 303 1330 331; x_wconf 76' lang='grc' dir='ltr'>δύναται</span> <span class='ocrx_word' id='word_1_176' title='bbox 1343 305 1453 333; x_wconf 71' lang='grc' dir='ltr'>ειδέναι·</span> <span class='ocrx_word' id='word_1_177' title='bbox 1465 307 1489 333; x_wconf 81' lang='grc' dir='ltr'><strong>ει</strong></span> <span class='ocrx_word' id='word_1_178' title='bbox 1499 306 1552 343; x_wconf 79' lang='grc' dir='ltr'><strong>γὰρ</strong></span> <span class='ocrx_word' id='word_1_179' title='bbox 1562 308 1577 333; x_wconf 84' lang='grc' dir='ltr'><strong>ό</strong></span> <span class='ocrx_word' id='word_1_180' title='bbox 1588 307 1691 340; x_wconf 75' lang='grc' dir='ltr'>δίκαιος</span> <span class='ocrx_word' id='word_1_181' title='bbox 1709 309 1769 334; x_wconf 66' lang='grc' dir='ltr'><strong>Ἰὼϐ</strong></span> <span class='ocrx_word' id='word_1_182' title='bbox 1781 308 1871 341; x_wconf 74' lang='grc' dir='ltr'>εἶπεν,</span> 
     </span>
    </p>
   </div>
   <div class='ocr_carea' id='block_1_27' title="bbox 1078 348 1874 390">
    <p class='ocr_par' dir='ltr' id='par_1_27' title="bbox 1078 348 1874 390">
     <span class='ocr_line' id='line_1_27' title="bbox 1078 348 1874 390; baseline 0.009 -15"><span class='ocrx_word' id='word_1_183' title='bbox 1078 348 1119 375; x_wconf 80' lang='grc' dir='ltr'><strong>ὅτι</strong></span> <span class='ocrx_word' id='word_1_184' title='bbox 1131 349 1255 384; x_wconf 77' lang='grc' dir='ltr'>Πλήρης</span> <span class='ocrx_word' id='word_1_185' title='bbox 1265 351 1383 386; x_wconf 79' lang='grc' dir='ltr'><strong>ἀτιμίας</strong></span> <span class='ocrx_word' id='word_1_186' title='bbox 1397 353 1465 387; x_wconf 70' lang='grc' dir='ltr'>εἰμί’</span> <span class='ocrx_word' id='word_1_187' title='bbox 1484 353 1513 379; x_wconf 83' lang='grc' dir='ltr'>τὸ</span> <span class='ocrx_word' id='word_1_188' title='bbox 1524 353 1552 380; x_wconf 78' lang='grc' dir='ltr'>δὲ</span> <span class='ocrx_word' id='word_1_189' title='bbox 1566 353 1674 390; x_wconf 82' lang='grc' dir='ltr'><strong>πλήρης</strong></span> <span class='ocrx_word' id='word_1_190' title='bbox 1690 355 1766 381; x_wconf 79' lang='grc' dir='ltr'>οὐδὲν</span> <span class='ocrx_word' id='word_1_191' title='bbox 1780 356 1874 382; x_wconf 68' lang='grc' dir='ltr'>ἐπιδέ-</span> 
     </span>
    </p>
   </div>
   <div class='ocr_carea' id='block_1_28' title="bbox 1077 395 1874 433">
    <p class='ocr_par' dir='ltr' id='par_1_28' title="bbox 1077 395 1874 433">
     <span class='ocr_line' id='line_1_28' title="bbox 1077 395 1874 433; baseline 0.01 -13"><span class='ocrx_word' id='word_1_192' title='bbox 1077 400 1165 430; x_wconf 87' lang='grc' dir='ltr'>χεται·</span> <span class='ocrx_word' id='word_1_193' title='bbox 1175 395 1254 431; x_wconf 76' lang='grc' dir='ltr'>ἡμεῖς</span> <span class='ocrx_word' id='word_1_194' title='bbox 1266 396 1391 433; x_wconf 73' lang='grc' dir='ltr'>εἴπομεν,</span> <span class='ocrx_word' id='word_1_195' title='bbox 1403 398 1522 433; x_wconf 81' lang='grc' dir='ltr'>πέλαγος</span> <span class='ocrx_word' id='word_1_196' title='bbox 1535 399 1611 432; x_wconf 73' lang='grc' dir='ltr'>ὄντες</span> <span class='ocrx_word' id='word_1_197' title='bbox 1626 401 1728 427; x_wconf 69' lang='grc' dir='ltr'>κακῶνι</span> <span class='ocrx_word' id='word_1_198' title='bbox 1738 401 1874 428; x_wconf 79' lang='grc' dir='ltr'>Ἐνπαντὶ</span> 
     </span>
    </p>
   </div>
   <div class='ocr_carea' id='block_1_29' title="bbox 1077 440 1875 483">
    <p class='ocr_par' dir='ltr' id='par_1_29' title="bbox 1077 440 1875 483">
     <span class='ocr_line' id='line_1_29' title="bbox 1077 440 1875 483; baseline 0.011 -17"><span class='ocrx_word' id='word_1_199' title='bbox 1077 440 1258 477; x_wconf 77' lang='grc' dir='ltr'><strong>ἁμαρτήματι</strong></span> <span class='ocrx_word' id='word_1_200' title='bbox 1271 443 1455 470; x_wconf 75' lang='grc' dir='ltr'><strong>ἐταπείνωσεν</strong></span> <span class='ocrx_word' id='word_1_201' title='bbox 1467 446 1542 480; x_wconf 84' lang='grc' dir='ltr'>ἡμᾶς</span> <span class='ocrx_word' id='word_1_202' title='bbox 1554 446 1568 472; x_wconf 79' lang='grc'>6</span> <span class='ocrx_word' id='word_1_203' title='bbox 1581 446 1704 478; x_wconf 71' lang='grc' dir='ltr'>διάϐολος</span> <span class='ocrx_word' id='word_1_204' title='bbox 1713 467 1720 478; x_wconf 83' lang='grc'><em>,</em></span> <span class='ocrx_word' id='word_1_205' title='bbox 1740 449 1788 474; x_wconf 76' lang='grc' dir='ltr'>καὶ</span> <span class='ocrx_word' id='word_1_206' title='bbox 1801 448 1875 483; x_wconf 59' lang='grc' dir='ltr'>ὀψεί-</span> 
     </span>
    </p>
   </div>
   <div class='ocr_carea' id='block_1_30' title="bbox 1076 486 1871 529">
    <p class='ocr_par' dir='ltr' id='par_1_30' title="bbox 1076 486 1871 529">
     <span class='ocr_line' id='line_1_30' title="bbox 1076 486 1871 529; baseline 0.01 -17"><span class='ocrx_word' id='word_1_207' title='bbox 1076 486 1159 522; x_wconf 81' lang='grc' dir='ltr'>λομεν</span> <span class='ocrx_word' id='word_1_208' title='bbox 1173 487 1346 524; x_wconf 81' lang='grc' dir='ltr'><strong>εὐγνώμονες</strong></span> <span class='ocrx_word' id='word_1_209' title='bbox 1358 490 1487 524; x_wconf 80' lang='grc' dir='ltr'>γενέσθαι</span> <span class='ocrx_word' id='word_1_210' title='bbox 1499 492 1549 527; x_wconf 81' lang='grc' dir='ltr'>τῆς</span> <span class='ocrx_word' id='word_1_211' title='bbox 1573 492 1766 525; x_wconf 68' lang='grc' dir='ltr'><strong>ταπεινώσεως</strong></span> <span class='ocrx_word' id='word_1_212' title='bbox 1781 495 1871 529; x_wconf 78' lang='grc' dir='ltr'>ἡμῶν·</span> 
     </span>
    </p>
   </div>
   <div class='ocr_carea' id='block_1_31' title="bbox 1075 533 1873 572">
    <p class='ocr_par' dir='ltr' id='par_1_31' title="bbox 1075 533 1873 572">
     <span class='ocr_line' id='line_1_31' title="bbox 1075 533 1873 572; baseline 0.009 -13"><span class='ocrx_word' id='word_1_213' title='bbox 1075 533 1099 559; x_wconf 83' lang='lat' dir='ltr'><strong>oi</strong></span> <span class='ocrx_word' id='word_1_214' title='bbox 1113 533 1166 568; x_wconf 79' lang='grc' dir='ltr'><strong>γὰρ</strong></span> <span class='ocrx_word' id='word_1_215' title='bbox 1179 534 1350 571; x_wconf 79' lang='grc' dir='ltr'><strong>εὐγνώμονες</strong></span> <span class='ocrx_word' id='word_1_216' title='bbox 1361 536 1502 572; x_wconf 84' lang='grc' dir='ltr'>γενόμενοι</span> <span class='ocrx_word' id='word_1_217' title='bbox 1514 537 1563 572; x_wconf 83' lang='grc' dir='ltr'>τῆς</span> <span class='ocrx_word' id='word_1_218' title='bbox 1575 538 1666 565; x_wconf 82' lang='grc' dir='ltr'>αὐτῶν</span> <span class='ocrx_word' id='word_1_219' title='bbox 1680 539 1873 572; x_wconf 78' lang='grc' dir='ltr'>ταπεινώσεως</span> 
     </span>
    </p>
   </div>
   <div class='ocr_carea' id='block_1_32' title="bbox 1076 580 1872 620">
    <p class='ocr_par' dir='ltr' id='par_1_32' title="bbox 1076 580 1872 620">
     <span class='ocr_line' id='line_1_32' title="bbox 1076 580 1872 620; baseline 0.009 -15"><span class='ocrx_word' id='word_1_220' title='bbox 1076 580 1251 615; x_wconf 76' lang='grc' dir='ltr'>συντρίϐουσι</span> <span class='ocrx_word' id='word_1_221' title='bbox 1271 582 1319 609; x_wconf 78' lang='grc' dir='ltr'><strong>τὸν</strong></span> <span class='ocrx_word' id='word_1_222' title='bbox 1332 582 1464 611; x_wconf 82' lang='grc' dir='ltr'>διάὸολον.</span> <span class='ocrx_word' id='word_1_223' title='bbox 1485 585 1540 612; x_wconf 77' lang='grc' dir='ltr'><strong>Καὶ</strong></span> <span class='ocrx_word' id='word_1_224' title='bbox 1558 584 1650 617; x_wconf 76' lang='grc' dir='ltr'>καθὼς</span> <span class='ocrx_word' id='word_1_225' title='bbox 1665 583 1742 612; x_wconf 81' lang='grc' dir='ltr'>εἷπον</span> <span class='ocrx_word' id='word_1_226' title='bbox 1760 587 1784 614; x_wconf 77' lang='grc' dir='ltr'>οἱ</span> <span class='ocrx_word' id='word_1_227' title='bbox 1798 586 1872 620; x_wconf 76' lang='grc' dir='ltr'>ἅγιοι</span> 
     </span>
    </p>
   </div>
   <div class='ocr_carea' id='block_1_33' title="bbox 1075 627 1869 668">
    <p class='ocr_par' dir='ltr' id='par_1_33' title="bbox 1075 627 1869 668">
     <span class='ocr_line' id='line_1_33' title="bbox 1075 627 1869 668; baseline 0.006 -15"><span class='ocrx_word' id='word_1_228' title='bbox 1075 627 1206 662; x_wconf 74' lang='grc' dir='ltr'>Πατέρες·</span> <span class='ocrx_word' id='word_1_229' title='bbox 1223 627 1270 654; x_wconf 73' lang='grc' dir='ltr'><strong>ἐὰν</strong></span> <span class='ocrx_word' id='word_1_230' title='bbox 1287 627 1436 666; x_wconf 76' lang='grc' dir='ltr'>κατενεχθῇ</span> <span class='ocrx_word' id='word_1_231' title='bbox 1451 631 1468 666; x_wconf 79' lang='grc' dir='ltr'>ὴ</span> <span class='ocrx_word' id='word_1_232' title='bbox 1484 631 1651 664; x_wconf 77' lang='grc' dir='ltr'>ταπείνωσις</span> <span class='ocrx_word' id='word_1_233' title='bbox 1668 633 1707 664; x_wconf 76' lang='grc' dir='ltr'>εἰς</span> <span class='ocrx_word' id='word_1_234' title='bbox 1722 632 1771 659; x_wconf 89' lang='grc' dir='ltr'>τδν</span> <span class='ocrx_word' id='word_1_235' title='bbox 1791 632 1869 668; x_wconf 72' lang='grc' dir='ltr'><strong>ᾅδην,</strong></span> 
     </span>
    </p>
   </div>
   <div class='ocr_carea' id='block_1_34' title="bbox 1074 676 1870 716">
    <p class='ocr_par' dir='ltr' id='par_1_34' title="bbox 1074 676 1870 716">
     <span class='ocr_line' id='line_1_34' title="bbox 1074 676 1870 716; baseline 0.006 -14"><span class='ocrx_word' id='word_1_236' title='bbox 1074 676 1115 707; x_wconf 73' lang='grc' dir='ltr'>εἰς</span> <span class='ocrx_word' id='word_1_237' title='bbox 1129 676 1174 702; x_wconf 76' lang='grc' dir='ltr'>τὸν</span> <span class='ocrx_word' id='word_1_238' title='bbox 1190 677 1306 712; x_wconf 75' lang='grc' dir='ltr'>οὐρανὸν</span> <span class='ocrx_word' id='word_1_239' title='bbox 1328 678 1471 712; x_wconf 80' lang='grc' dir='ltr'>ἀνάγεται·</span> <span class='ocrx_word' id='word_1_240' title='bbox 1490 679 1538 706; x_wconf 73' lang='grc' dir='ltr'>καὶ</span> <span class='ocrx_word' id='word_1_241' title='bbox 1552 680 1599 707; x_wconf 79' lang='grc' dir='ltr'>ἐὰν</span> <span class='ocrx_word' id='word_1_242' title='bbox 1615 680 1709 716; x_wconf 76' lang='grc' dir='ltr'><strong>ὑψωθῇ</strong></span> <span class='ocrx_word' id='word_1_243' title='bbox 1728 681 1743 714; x_wconf 83' lang='grc' dir='ltr'><strong>ἡ</strong></span> <span class='ocrx_word' id='word_1_244' title='bbox 1765 681 1870 715; x_wconf 77' lang='grc' dir='ltr'><strong>ὑπερη-</strong></span> 
     </span>
    </p>
   </div>
   <div class='ocr_carea' id='block_1_35' title="bbox 1075 719 1871 760">
    <p class='ocr_par' dir='ltr' id='par_1_35' title="bbox 1075 719 1871 760">
     <span class='ocr_line' id='line_1_35' title="bbox 1075 719 1871 760; baseline 0.006 -14"><span class='ocrx_word' id='word_1_245' title='bbox 1075 721 1158 754; x_wconf 75' lang='grc' dir='ltr'>φανία</span> <span class='ocrx_word' id='word_1_246' title='bbox 1175 719 1227 752; x_wconf 78' lang='grc' dir='ltr'><strong>ἕως</strong></span> <span class='ocrx_word' id='word_1_247' title='bbox 1240 721 1287 748; x_wconf 83' lang='grc' dir='ltr'>τοῦ</span> <span class='ocrx_word' id='word_1_248' title='bbox 1305 721 1431 757; x_wconf 77' lang='grc' dir='ltr'>οὐρανοῦ,</span> <span class='ocrx_word' id='word_1_249' title='bbox 1447 724 1599 758; x_wconf 76' lang='grc' dir='ltr'>κατάγεται</span> <span class='ocrx_word' id='word_1_250' title='bbox 1614 726 1654 756; x_wconf 75' lang='grc' dir='ltr'><strong>εἰς</strong></span> <span class='ocrx_word' id='word_1_251' title='bbox 1672 725 1718 751; x_wconf 67' lang='grc' dir='ltr'>τὸν</span> <span class='ocrx_word' id='word_1_252' title='bbox 1734 725 1812 760; x_wconf 75' lang='grc' dir='ltr'><strong>ᾅδην·</strong></span> <span class='ocrx_word' id='word_1_253' title='bbox 1829 725 1871 755; x_wconf 83' lang='grc' dir='ltr'><strong>τίς</strong></span> 
     </span>
    </p>
   </div>
   <div class='ocr_carea' id='block_1_36' title="bbox 1075 766 1871 805">
    <p class='ocr_par' dir='ltr' id='par_1_36' title="bbox 1075 766 1871 805">
     <span class='ocr_line' id='line_1_36' title="bbox 1075 766 1871 805; baseline 0.006 -13"><span class='ocrx_word' id='word_1_254' title='bbox 1075 766 1163 793; x_wconf 79' lang='grc' dir='ltr'>πείθει</span> <span class='ocrx_word' id='word_1_255' title='bbox 1179 767 1243 793; x_wconf 76' lang='grc' dir='ltr'>ποτὲ</span> <span class='ocrx_word' id='word_1_256' title='bbox 1259 769 1494 804; x_wconf 77' lang='grc' dir='ltr'>τεταπεινωμένον</span> <span class='ocrx_word' id='word_1_257' title='bbox 1516 770 1614 802; x_wconf 77' lang='grc' dir='ltr'>πλέξαι</span> <span class='ocrx_word' id='word_1_258' title='bbox 1631 771 1778 805; x_wconf 76' lang='grc' dir='ltr'>λογισμοὺς</span> <span class='ocrx_word' id='word_1_259' title='bbox 1800 771 1871 797; x_wconf 67' lang='grc' dir='ltr'>κατὰ</span> 
     </span>
    </p>
   </div>
   <div class='ocr_carea' id='block_1_37' title="bbox 1073 812 1869 851">
    <p class='ocr_par' dir='ltr' id='par_1_37' title="bbox 1073 812 1869 851">
     <span class='ocr_line' id='line_1_37' title="bbox 1073 812 1869 851; baseline 0.005 -14"><span class='ocrx_word' id='word_1_260' title='bbox 1073 820 1155 844; x_wconf 84' lang='grc' dir='ltr'>τινος,</span> <span class='ocrx_word' id='word_1_261' title='bbox 1170 812 1185 847; x_wconf 84' lang='grc' dir='ltr'>ἣ</span> <span class='ocrx_word' id='word_1_262' title='bbox 1203 812 1255 839; x_wconf 84' lang='grc' dir='ltr'>κᾶν</span> <span class='ocrx_word' id='word_1_263' title='bbox 1278 814 1422 846; x_wconf 79' lang='grc' dir='ltr'>ἀνέξεσθαι</span> <span class='ocrx_word' id='word_1_264' title='bbox 1449 815 1612 851; x_wconf 71' lang='grc' dir='ltr'>μέμψασθαί</span> <span class='ocrx_word' id='word_1_265' title='bbox 1633 824 1711 848; x_wconf 87' lang='grc' dir='ltr'>τινα,</span> <span class='ocrx_word' id='word_1_266' title='bbox 1726 816 1742 851; x_wconf 76' lang='grc' dir='ltr'><strong>ἢ</strong></span> <span class='ocrx_word' id='word_1_267' title='bbox 1761 816 1869 851; x_wconf 60' lang='grc' dir='ltr'>βάλλειν</span> 
     </span>
    </p>
   </div>
   <div class='ocr_carea' id='block_1_38' title="bbox 1074 858 1869 898">
    <p class='ocr_par' dir='ltr' id='par_1_38' title="bbox 1074 858 1869 898">
     <span class='ocr_line' id='line_1_38' title="bbox 1074 858 1869 898; baseline 0.004 -14"><span class='ocrx_word' id='word_1_268' title='bbox 1074 858 1166 885; x_wconf 76' lang='grc' dir='ltr'>ἐπάνω</span> <span class='ocrx_word' id='word_1_269' title='bbox 1182 859 1261 886; x_wconf 76' lang='grc' dir='ltr'>ἄλλον</span> <span class='ocrx_word' id='word_1_270' title='bbox 1280 861 1386 894; x_wconf 72' lang='grc' dir='ltr'>αῑτίαν;</span> <span class='ocrx_word' id='word_1_271' title='bbox 1401 862 1456 888; x_wconf 75' lang='grc' dir='ltr'>πᾶν</span> <span class='ocrx_word' id='word_1_272' title='bbox 1473 862 1528 896; x_wconf 77' lang='grc' dir='ltr'><strong>γὰρ</strong></span> <span class='ocrx_word' id='word_1_273' title='bbox 1543 862 1633 889; x_wconf 79' lang='grc' dir='ltr'>ὁτιοῦν</span> <span class='ocrx_word' id='word_1_274' title='bbox 1651 862 1725 898; x_wconf 81' lang='grc' dir='ltr'>πάθῃ</span> <span class='ocrx_word' id='word_1_275' title='bbox 1740 864 1753 889; x_wconf 78' lang='grc' dir='ltr'>ὁ</span> <span class='ocrx_word' id='word_1_276' title='bbox 1770 871 1869 888; x_wconf 76' lang='grc' dir='ltr'>ταπει-</span> 
     </span>
    </p>
   </div>
   <div class='ocr_carea' id='block_1_39' title="bbox 1074 904 1869 942">
    <p class='ocr_par' dir='ltr' id='par_1_39' title="bbox 1074 904 1869 942">
     <span class='ocr_line' id='line_1_39' title="bbox 1074 904 1869 942; baseline 0.004 -11"><span class='ocrx_word' id='word_1_277' title='bbox 1074 904 1148 940; x_wconf 78' lang='grc' dir='ltr'><strong>νδςῆ</strong></span> <span class='ocrx_word' id='word_1_278' title='bbox 1173 905 1300 937; x_wconf 78' lang='grc' dir='ltr'><strong>ἀκούσει,</strong></span> <span class='ocrx_word' id='word_1_279' title='bbox 1317 906 1446 942; x_wconf 75' lang='grc' dir='ltr'>ἀφορμὴν</span> <span class='ocrx_word' id='word_1_280' title='bbox 1465 907 1600 942; x_wconf 73' lang='grc' dir='ltr'>λαμϐάνει</span> <span class='ocrx_word' id='word_1_281' title='bbox 1616 908 1657 939; x_wconf 79' lang='grc' dir='ltr'><strong>είς</strong></span> <span class='ocrx_word' id='word_1_282' title='bbox 1673 908 1704 934; x_wconf 76' lang='grc' dir='ltr'>τὸ</span> <span class='ocrx_word' id='word_1_283' title='bbox 1724 907 1869 941; x_wconf 75' lang='grc' dir='ltr'>καταμέμ-</span> 
     </span>
    </p>
   </div>
   <div class='ocr_carea' id='block_1_40' title="bbox 1074 949 1869 988">
    <p class='ocr_par' dir='ltr' id='par_1_40' title="bbox 1074 949 1869 988">
     <span class='ocr_line' id='line_1_40' title="bbox 1074 949 1869 988; baseline 0.006 -14"><span class='ocrx_word' id='word_1_284' title='bbox 1074 949 1172 983; x_wconf 83' lang='grc' dir='ltr'>φεσθαι</span> <span class='ocrx_word' id='word_1_285' title='bbox 1188 950 1235 976; x_wconf 75' lang='grc' dir='ltr'>καὶ</span> <span class='ocrx_word' id='word_1_286' title='bbox 1253 950 1374 986; x_wconf 76' lang='grc' dir='ltr'>ὑϐρίζειν</span> <span class='ocrx_word' id='word_1_287' title='bbox 1388 951 1495 979; x_wconf 79' lang='grc' dir='ltr'>ἑαυτόν·</span> <span class='ocrx_word' id='word_1_288' title='bbox 1514 953 1562 979; x_wconf 68' lang='grc' dir='ltr'>καὶ</span> <span class='ocrx_word' id='word_1_289' title='bbox 1575 953 1714 988; x_wconf 80' lang='grc' dir='ltr'>ἐμέμνητο</span> <span class='ocrx_word' id='word_1_290' title='bbox 1726 953 1773 979; x_wconf 77' lang='grc' dir='ltr'>τοῦ</span> <span class='ocrx_word' id='word_1_291' title='bbox 1796 952 1869 979; x_wconf 71' lang='grc' dir='ltr'><strong>ἀεῦᾶ</strong></span> 
     </span>
    </p>
   </div>
   <div class='ocr_carea' id='block_1_41' title="bbox 1075 995 1870 1035">
    <p class='ocr_par' dir='ltr' id='par_1_41' title="bbox 1075 995 1870 1035">
     <span class='ocr_line' id='line_1_41' title="bbox 1075 995 1870 1035; baseline 0.005 -14"><span class='ocrx_word' id='word_1_292' title='bbox 1075 995 1216 1027; x_wconf 75' lang='grc' dir='ltr'>Μωῦσέως</span> <span class='ocrx_word' id='word_1_293' title='bbox 1231 996 1276 1022; x_wconf 84' lang='grc' dir='ltr'>ὅτε</span> <span class='ocrx_word' id='word_1_294' title='bbox 1291 996 1435 1030; x_wconf 73' lang='grc' dir='ltr'>ἐξέϐαλλον</span> <span class='ocrx_word' id='word_1_295' title='bbox 1450 997 1532 1025; x_wconf 68' lang='grc' dir='ltr'>αὑτὸν</span> <span class='ocrx_word' id='word_1_296' title='bbox 1550 999 1575 1025; x_wconf 87' lang='lat' dir='ltr'><strong>oi.</strong></span> <span class='ocrx_word' id='word_1_297' title='bbox 1590 999 1716 1035; x_wconf 72' lang='grc' dir='ltr'>κληρικοὶ</span> <span class='ocrx_word' id='word_1_298' title='bbox 1732 999 1777 1025; x_wconf 75' lang='grc' dir='ltr'>τοῦ</span> <span class='ocrx_word' id='word_1_299' title='bbox 1794 1000 1870 1033; x_wconf 68' lang='grc' dir='ltr'>ἱερα-</span> 
     </span>
    </p>
   </div>
   <div class='ocr_carea' id='block_1_42' title="bbox 1074 1040 1868 1080">
    <p class='ocr_par' dir='ltr' id='par_1_42' title="bbox 1074 1040 1868 1080">
     <span class='ocr_line' id='line_1_42' title="bbox 1074 1040 1868 1080; baseline 0.006 -14"><span class='ocrx_word' id='word_1_300' title='bbox 1074 1041 1159 1072; x_wconf 79' lang='grc' dir='ltr'>τείου,</span> <span class='ocrx_word' id='word_1_301' title='bbox 1174 1040 1298 1073; x_wconf 69' lang='grc' dir='ltr'>εἰπόντες</span> <span class='ocrx_word' id='word_1_302' title='bbox 1314 1040 1399 1078; x_wconf 78' lang='grc' dir='ltr'>αὐτῷ’</span> <span class='ocrx_word' id='word_1_303' title='bbox 1414 1043 1524 1078; x_wconf 72' lang='grc' dir='ltr'>’Υπαγε</span> <span class='ocrx_word' id='word_1_304' title='bbox 1538 1042 1590 1076; x_wconf 78' lang='grc' dir='ltr'><strong>ἔξω</strong></span> <span class='ocrx_word' id='word_1_305' title='bbox 1600 1065 1607 1076; x_wconf 84' lang='grc'>,</span> <span class='ocrx_word' id='word_1_306' title='bbox 1620 1044 1726 1078; x_wconf 72' lang='grc' dir='ltr'>Αἰθίοψ.</span> <span class='ocrx_word' id='word_1_307' title='bbox 1746 1044 1800 1070; x_wconf 74' lang='grc' dir='ltr'><strong>Καὶ</strong></span> <span class='ocrx_word' id='word_1_308' title='bbox 1819 1045 1868 1080; x_wconf 75' lang='grc' dir='ltr'><strong>ἦρ-</strong></span> 
     </span>
    </p>
   </div>
   <div class='ocr_carea' id='block_1_43' title="bbox 1075 1087 1868 1126">
    <p class='ocr_par' dir='ltr' id='par_1_43' title="bbox 1075 1087 1868 1126">
     <span class='ocr_line' id='line_1_43' title="bbox 1075 1087 1868 1126; baseline 0.003 -13"><span class='ocrx_word' id='word_1_309' title='bbox 1075 1087 1139 1119; x_wconf 82' lang='grc' dir='ltr'>ξατο</span> <span class='ocrx_word' id='word_1_310' title='bbox 1150 1087 1245 1114; x_wconf 72' lang='grc' dir='ltr'>ἑαυτὸν</span> <span class='ocrx_word' id='word_1_311' title='bbox 1260 1088 1436 1124; x_wconf 76' lang='grc' dir='ltr'>ἐπιπλήττειν</span> <span class='ocrx_word' id='word_1_312' title='bbox 1454 1091 1501 1117; x_wconf 71' lang='grc' dir='ltr'>καὶ</span> <span class='ocrx_word' id='word_1_313' title='bbox 1513 1091 1613 1125; x_wconf 80' lang='grc' dir='ltr'>λέγειν·</span> <span class='ocrx_word' id='word_1_314' title='bbox 1630 1090 1798 1126; x_wconf 77' lang='grc' dir='ltr'>Σποδόδερμε</span> <span class='ocrx_word' id='word_1_315' title='bbox 1817 1098 1868 1124; x_wconf 55' lang='grc' dir='ltr'>με-</span> 
     </span>
    </p>
   </div>
   <div class='ocr_carea' id='block_1_44' title="bbox 1073 1131 1867 1171">
    <p class='ocr_par' dir='ltr' id='par_1_44' title="bbox 1073 1131 1867 1171">
     <span class='ocr_line' id='line_1_44' title="bbox 1073 1131 1867 1171; baseline 0.001 -13"><span class='ocrx_word' id='word_1_316' title='bbox 1073 1131 1148 1164; x_wconf 79' lang='grc' dir='ltr'>λανὲ,</span> <span class='ocrx_word' id='word_1_317' title='bbox 1164 1131 1254 1164; x_wconf 81' lang='grc' dir='ltr'>καλῶς</span> <span class='ocrx_word' id='word_1_318' title='bbox 1266 1141 1307 1160; x_wconf 84' lang='grc' dir='ltr'><strong>σοι</strong></span> <span class='ocrx_word' id='word_1_319' title='bbox 1323 1134 1464 1170; x_wconf 74' lang='grc' dir='ltr'>ἐποίησαν·</span> <span class='ocrx_word' id='word_1_320' title='bbox 1482 1139 1520 1171; x_wconf 81' lang='grc' dir='ltr'>μὴ</span> <span class='ocrx_word' id='word_1_321' title='bbox 1535 1135 1573 1162; x_wconf 73' lang='grc' dir='ltr'>ὢν</span> <span class='ocrx_word' id='word_1_322' title='bbox 1588 1136 1729 1170; x_wconf 76' lang='grc' dir='ltr'>ἅνθρωπος</span> <span class='ocrx_word' id='word_1_323' title='bbox 1742 1135 1809 1170; x_wconf 72' lang='grc' dir='ltr'><strong>ἔρχῃ</strong></span> <span class='ocrx_word' id='word_1_324' title='bbox 1826 1134 1867 1165; x_wconf 79' lang='grc' dir='ltr'><strong>εἰς</strong></span> 
     </span>
    </p>
   </div>
   <div class='ocr_carea' id='block_1_45' title="bbox 1073 1177 1829 1214">
    <p class='ocr_par' dir='ltr' id='par_1_45' title="bbox 1073 1177 1829 1214">
     <span class='ocr_line' id='line_1_45' title="bbox 1073 1177 1829 1214; baseline 0 -11"><span class='ocrx_word' id='word_1_325' title='bbox 1073 1177 1103 1203; x_wconf 80' lang='grc' dir='ltr'>τὸ</span> <span class='ocrx_word' id='word_1_326' title='bbox 1117 1177 1199 1212; x_wconf 85' lang='grc' dir='ltr'>μέσον</span> <span class='ocrx_word' id='word_1_327' title='bbox 1210 1177 1264 1204; x_wconf 86' lang='grc' dir='ltr'>τῶν</span> <span class='ocrx_word' id='word_1_328' title='bbox 1281 1178 1445 1213; x_wconf 86' lang='grc' dir='ltr'>ἀνθρώπων·</span> <span class='ocrx_word' id='word_1_329' title='bbox 1462 1181 1510 1207; x_wconf 69' lang='grc' dir='ltr'>καὶ</span> <span class='ocrx_word' id='word_1_330' title='bbox 1523 1180 1614 1212; x_wconf 83' lang='grc' dir='ltr'>καλῶς</span> <span class='ocrx_word' id='word_1_331' title='bbox 1631 1189 1671 1206; x_wconf 86' lang='grc' dir='ltr'><strong>σοι</strong></span> <span class='ocrx_word' id='word_1_332' title='bbox 1684 1179 1829 1214; x_wconf 70' lang='grc' dir='ltr'>ἐποίησαν.</span> 
     </span>
    </p>
   </div>
   <div class='ocr_carea' id='block_1_46' title="bbox 230 1212 1866 1259">
    <p class='ocr_par' dir='ltr' id='par_1_46' title="bbox 230 1212 1866 1259">
     <span class='ocr_line' id='line_1_46' title="bbox 230 1212 1866 1259; baseline 0.008 -21"><span class='ocrx_word' id='word_1_333' title='bbox 230 1212 298 1245; x_wconf 83' lang='lat' dir='ltr'><strong>Quis</strong></span> <span class='ocrx_word' id='word_1_334' title='bbox 316 1221 436 1249; x_wconf 80' lang='lat' dir='ltr'><strong>unquam</strong></span> <span class='ocrx_word' id='word_1_335' title='bbox 454 1214 554 1244; x_wconf 87' lang='lat' dir='ltr'><strong>homini</strong></span> <span class='ocrx_word' id='word_1_336' title='bbox 579 1226 642 1246; x_wconf 85' lang='lat' dir='ltr'><strong>vere</strong></span> <span class='ocrx_word' id='word_1_337' title='bbox 665 1219 759 1247; x_wconf 87' lang='lat' dir='ltr'><strong>humili</strong></span> <span class='ocrx_word' id='word_1_338' title='bbox 793 1221 955 1255; x_wconf 83' lang='lat' dir='ltr'><strong>persuadeat</strong></span> <span class='ocrx_word' id='word_1_339' title='bbox 986 1229 1097 1251; x_wconf 84' lang='lat' dir='ltr'><strong>versare</strong></span> <span class='ocrx_word' id='word_1_340' title='bbox 1113 1224 1204 1252; x_wconf 88' lang='lat' dir='ltr'><strong>animo</strong></span> <span class='ocrx_word' id='word_1_341' title='bbox 1223 1224 1401 1259; x_wconf 79' lang='lat' dir='ltr'><strong>cogitationes</strong></span> <span class='ocrx_word' id='word_1_342' title='bbox 1437 1227 1661 1254; x_wconf 82' lang='lat' dir='ltr'><strong>murmurationis</strong></span> <span class='ocrx_word' id='word_1_343' title='bbox 1694 1231 1741 1252; x_wconf 88' lang='lat' dir='ltr'><strong>aut</strong></span> <span class='ocrx_word' id='word_1_344' title='bbox 1755 1224 1866 1259; x_wconf 78' lang='lat' dir='ltr'><strong>machi-</strong></span> 
     </span>
    </p>
   </div>
   <div class='ocr_carea' id='block_1_47' title="bbox 231 1260 1866 1306">
    <p class='ocr_par' dir='ltr' id='par_1_47' title="bbox 231 1260 1866 1306">
     <span class='ocr_line' id='line_1_47' title="bbox 231 1260 1866 1306; baseline 0.006 -20"><span class='ocrx_word' id='word_1_345' title='bbox 231 1260 354 1288; x_wconf 73' lang='lat' dir='ltr'><strong>nationes</strong></span> <span class='ocrx_word' id='word_1_346' title='bbox 375 1262 502 1291; x_wconf 71' lang='lat' dir='ltr'><strong>vindicta:</strong></span> <span class='ocrx_word' id='word_1_347' title='bbox 539 1270 635 1293; x_wconf 87' lang='lat' dir='ltr'><strong>contra</strong></span> <span class='ocrx_word' id='word_1_348' title='bbox 662 1273 827 1301; x_wconf 84' lang='lat' dir='ltr'><strong>quemquam</strong></span> <span class='ocrx_word' id='word_1_349' title='bbox 853 1277 859 1295; x_wconf 94' lang='lat'>:</span> <span class='ocrx_word' id='word_1_350' title='bbox 900 1271 947 1295; x_wconf 90' lang='lat' dir='ltr'><strong>aut</strong></span> <span class='ocrx_word' id='word_1_351' title='bbox 970 1269 1169 1303; x_wconf 85' lang='lat' dir='ltr'><strong>quantumlibet</strong></span> <span class='ocrx_word' id='word_1_352' title='bbox 1191 1278 1206 1298; x_wconf 82' lang='lat' dir='ltr'><strong>a</strong></span> <span class='ocrx_word' id='word_1_353' title='bbox 1226 1271 1322 1305; x_wconf 87' lang='lat' dir='ltr'><strong>quovis</strong></span> <span class='ocrx_word' id='word_1_354' title='bbox 1359 1272 1487 1306; x_wconf 84' lang='lat' dir='ltr'><strong>patiatur,</strong></span> <span class='ocrx_word' id='word_1_355' title='bbox 1512 1272 1546 1300; x_wconf 88' lang='lat' dir='ltr'><strong>de</strong></span> <span class='ocrx_word' id='word_1_356' title='bbox 1560 1277 1688 1299; x_wconf 78' lang='lat' dir='ltr'><strong>vesatore</strong></span> <span class='ocrx_word' id='word_1_357' title='bbox 1720 1271 1866 1305; x_wconf 77' lang='lat' dir='ltr'><strong>conqueri,</strong></span> 
     </span>
    </p>
   </div>
   <div class='ocr_carea' id='block_1_48' title="bbox 229 1308 1864 1352">
    <p class='ocr_par' dir='ltr' id='par_1_48' title="bbox 229 1308 1864 1352">
     <span class='ocr_line' id='line_1_48' title="bbox 229 1308 1864 1352; baseline 0.006 -19"><span class='ocrx_word' id='word_1_358' title='bbox 229 1315 260 1334; x_wconf 85' lang='lat' dir='ltr'><strong>ac</strong></span> <span class='ocrx_word' id='word_1_359' title='bbox 277 1308 396 1335; x_wconf 80' lang='lat' dir='ltr'><strong>vicissim</strong></span> <span class='ocrx_word' id='word_1_360' title='bbox 414 1310 604 1338; x_wconf 75' lang='lat' dir='ltr'><strong>recriminari?</strong></span> <span class='ocrx_word' id='word_1_361' title='bbox 623 1312 689 1346; x_wconf 85' lang='lat' dir='ltr'><strong>quin</strong></span> <span class='ocrx_word' id='word_1_362' title='bbox 715 1320 730 1340; x_wconf 71' lang='grc' dir='ltr'><strong>ο</strong></span> <span class='ocrx_word' id='word_1_363' title='bbox 765 1313 924 1346; x_wconf 88' lang='lat' dir='ltr'><strong>contrario,</strong></span> <span class='ocrx_word' id='word_1_364' title='bbox 945 1313 1074 1348; x_wconf 82' lang='lat' dir='ltr'><strong>humilis,</strong></span> <span class='ocrx_word' id='word_1_365' title='bbox 1099 1315 1205 1350; x_wconf 88' lang='lat' dir='ltr'><strong>quoties</strong></span> <span class='ocrx_word' id='word_1_366' title='bbox 1233 1315 1273 1342; x_wconf 92' lang='lat' dir='ltr'><strong>illi</strong></span> <span class='ocrx_word' id='word_1_367' title='bbox 1318 1317 1446 1350; x_wconf 90' lang='lat' dir='ltr'><strong>probrum</strong></span> <span class='ocrx_word' id='word_1_368' title='bbox 1473 1317 1609 1350; x_wconf 88' lang='lat' dir='ltr'><strong>inlertur,</strong></span> <span class='ocrx_word' id='word_1_369' title='bbox 1635 1318 1744 1352; x_wconf 86' lang='lat' dir='ltr'><strong>quoties</strong></span> <span class='ocrx_word' id='word_1_370' title='bbox 1787 1317 1864 1343; x_wconf 84' lang='lat' dir='ltr'><strong>audit</strong></span> 
     </span>
    </p>
   </div>
   <div class='ocr_carea' id='block_1_49' title="bbox 228 1354 1860 1399">
    <p class='ocr_par' dir='ltr' id='par_1_49' title="bbox 228 1354 1860 1399">
     <span class='ocr_line' id='line_1_49' title="bbox 228 1354 1860 1399; baseline 0.007 -19"><span class='ocrx_word' id='word_1_371' title='bbox 228 1354 279 1381; x_wconf 83' lang='lat' dir='ltr'><strong>sibi</strong></span> <span class='ocrx_word' id='word_1_372' title='bbox 301 1355 424 1382; x_wconf 87' lang='lat' dir='ltr'><strong>convicia</strong></span> <span class='ocrx_word' id='word_1_373' title='bbox 442 1358 559 1392; x_wconf 84' lang='lat' dir='ltr'><strong>cantari,</strong></span> <span class='ocrx_word' id='word_1_374' title='bbox 582 1359 753 1387; x_wconf 83' lang='lat' dir='ltr'><strong>occasionem</strong></span> <span class='ocrx_word' id='word_1_375' title='bbox 778 1359 841 1388; x_wconf 88' lang='lat' dir='ltr'><strong>inde</strong></span> <span class='ocrx_word' id='word_1_376' title='bbox 881 1361 961 1387; x_wconf 81' lang='lat' dir='ltr'><strong>sumit</strong></span> <span class='ocrx_word' id='word_1_377' title='bbox 996 1361 1153 1397; x_wconf 79' lang='lat' dir='ltr'><strong>increpandi</strong></span> <span class='ocrx_word' id='word_1_378' title='bbox 1176 1363 1312 1396; x_wconf 87' lang='lat' dir='ltr'><strong>seipsum,</strong></span> <span class='ocrx_word' id='word_1_379' title='bbox 1345 1367 1371 1390; x_wconf 85' lang='lat' dir='ltr'><strong>et</strong></span> <span class='ocrx_word' id='word_1_380' title='bbox 1404 1363 1481 1398; x_wconf 86' lang='lat' dir='ltr'><strong>quasi</strong></span> <span class='ocrx_word' id='word_1_381' title='bbox 1505 1364 1646 1399; x_wconf 83' lang='lat' dir='ltr'><strong>gratulans</strong></span> <span class='ocrx_word' id='word_1_382' title='bbox 1670 1364 1793 1398; x_wconf 80' lang='lat' dir='ltr'><strong>adjuvari</strong></span> <span class='ocrx_word' id='word_1_383' title='bbox 1819 1371 1860 1396; x_wconf 85' lang='lat' dir='ltr'><strong>se.</strong></span> 
     </span>
    </p>
   </div>
   <div class='ocr_carea' id='block_1_50' title="bbox 229 1402 1861 1444">
    <p class='ocr_par' dir='ltr' id='par_1_50' title="bbox 229 1402 1861 1444">
     <span class='ocr_line' id='line_1_50' title="bbox 229 1402 1861 1444; baseline 0.006 -16"><span class='ocrx_word' id='word_1_384' title='bbox 229 1402 326 1432; x_wconf 78' lang='lat' dir='ltr'><strong>fortius</strong></span> <span class='ocrx_word' id='word_1_385' title='bbox 355 1404 470 1440; x_wconf 83' lang='lat' dir='ltr'><strong>insurgit</strong></span> <span class='ocrx_word' id='word_1_386' title='bbox 499 1406 684 1442; x_wconf 89' lang='lat' dir='ltr'><strong>incumbitque</strong></span> <span class='ocrx_word' id='word_1_387' title='bbox 709 1407 853 1435; x_wconf 88' lang='lat' dir='ltr'><strong>connitens</strong></span> <span class='ocrx_word' id='word_1_388' title='bbox 875 1408 908 1436; x_wconf 88' lang='lat' dir='ltr'><strong>ad</strong></span> <span class='ocrx_word' id='word_1_389' title='bbox 937 1402 1024 1435; x_wconf 91' lang='lat' dir='ltr'><strong>suumI</strong></span> <span class='ocrx_word' id='word_1_390' title='bbox 1054 1409 1175 1444; x_wconf 89' lang='lat' dir='ltr'><strong>iniquum</strong></span> <span class='ocrx_word' id='word_1_391' title='bbox 1197 1408 1297 1437; x_wconf 76' lang='lat' dir='ltr'><strong>fastum</strong></span> <span class='ocrx_word' id='word_1_392' title='bbox 1322 1410 1396 1444; x_wconf 88' lang='lat' dir='ltr'><strong>justa</strong></span> <span class='ocrx_word' id='word_1_393' title='bbox 1438 1411 1646 1438; x_wconf 84' lang='lat' dir='ltr'><strong>conculcatioue</strong></span> <span class='ocrx_word' id='word_1_394' title='bbox 1669 1411 1861 1439; x_wconf 80' lang='lat' dir='ltr'><strong>obterendum.</strong></span> 
     </span>
    </p>
   </div>
   <div class='ocr_carea' id='block_1_51' title="bbox 227 1448 1855 1492">
    <p class='ocr_par' dir='ltr' id='par_1_51' title="bbox 227 1448 1855 1492">
     <span class='ocr_line' id='line_1_51' title="bbox 227 1448 1855 1492; baseline 0.006 -17"><span class='ocrx_word' id='word_1_395' title='bbox 227 1448 351 1476; x_wconf 84' lang='lat' dir='ltr'><strong>Addebat</strong></span> <span class='ocrx_word' id='word_1_396' title='bbox 378 1451 420 1478; x_wconf 90' lang='lat' dir='ltr'><strong>his</strong></span> <span class='ocrx_word' id='word_1_397' title='bbox 444 1451 567 1480; x_wconf 86' lang='lat' dir='ltr'><strong>Zosimas</strong></span> <span class='ocrx_word' id='word_1_398' title='bbox 591 1453 743 1488; x_wconf 85' lang='lat' dir='ltr'><strong>exemplum</strong></span> <span class='ocrx_word' id='word_1_399' title='bbox 767 1454 874 1482; x_wconf 81' lang='lat' dir='ltr'><strong>abbatis</strong></span> <span class='ocrx_word' id='word_1_400' title='bbox 899 1454 1022 1491; x_wconf 77' lang='lat' dir='ltr'><strong>Moysis:</strong></span> <span class='ocrx_word' id='word_1_401' title='bbox 1044 1456 1154 1491; x_wconf 84' lang='lat' dir='ltr'><strong>quando</strong></span> <span class='ocrx_word' id='word_1_402' title='bbox 1169 1463 1230 1484; x_wconf 90' lang='lat' dir='ltr'><strong>eum</strong></span> <span class='ocrx_word' id='word_1_403' title='bbox 1248 1457 1399 1485; x_wconf 87' lang='lat' dir='ltr'><strong>esacrario</strong></span> <span class='ocrx_word' id='word_1_404' title='bbox 1417 1458 1558 1491; x_wconf 81' lang='lat' dir='ltr'><strong>ejccerunt</strong></span> <span class='ocrx_word' id='word_1_405' title='bbox 1590 1459 1693 1492; x_wconf 83' lang='lat' dir='ltr'><strong>clerici,</strong></span> <span class='ocrx_word' id='word_1_406' title='bbox 1710 1459 1855 1485; x_wconf 67' lang='lat' dir='ltr'><strong>dicentes:</strong></span> 
     </span>
    </p>
   </div>
   <div class='ocr_carea' id='block_1_52' title="bbox 226 1495 1852 1538">
    <p class='ocr_par' dir='ltr' id='par_1_52' title="bbox 226 1495 1852 1538">
     <span class='ocr_line' id='line_1_52' title="bbox 226 1495 1852 1538; baseline 0.006 -16"><span class='ocrx_word' id='word_1_407' title='bbox 226 1495 278 1522; x_wconf 78' lang='lat' dir='ltr'><strong>Abi</strong></span> <span class='ocrx_word' id='word_1_408' title='bbox 291 1495 377 1530; x_wconf 81' lang='lat' dir='ltr'><strong>foras,</strong></span> <span class='ocrx_word' id='word_1_409' title='bbox 390 1496 526 1532; x_wconf 65' lang='lat' dir='ltr'><strong>Ethiops.</strong></span> <span class='ocrx_word' id='word_1_410' title='bbox 544 1497 620 1526; x_wconf 85' lang='lat' dir='ltr'><strong>Tunc</strong></span> <span class='ocrx_word' id='word_1_411' title='bbox 642 1500 714 1526; x_wconf 90' lang='lat' dir='ltr'><strong>enim</strong></span> <span class='ocrx_word' id='word_1_412' title='bbox 730 1499 783 1527; x_wconf 86' lang='lat' dir='ltr'><strong>illis</strong></span> <span class='ocrx_word' id='word_1_413' title='bbox 818 1501 946 1528; x_wconf 87' lang='lat' dir='ltr'><strong>accincns</strong></span> <span class='ocrx_word' id='word_1_414' title='bbox 978 1501 1086 1537; x_wconf 81' lang='lat' dir='ltr'><strong>Moyses</strong></span> <span class='ocrx_word' id='word_1_415' title='bbox 1124 1503 1197 1537; x_wconf 90' lang='lat' dir='ltr'><strong>cepit</strong></span> <span class='ocrx_word' id='word_1_416' title='bbox 1218 1503 1360 1537; x_wconf 84' lang='lat' dir='ltr'><strong>increpare</strong></span> <span class='ocrx_word' id='word_1_417' title='bbox 1381 1505 1502 1538; x_wconf 85' lang='lat' dir='ltr'><strong>seipsum</strong></span> <span class='ocrx_word' id='word_1_418' title='bbox 1531 1505 1557 1531; x_wconf 91' lang='lat' dir='ltr'><strong>in</strong></span> <span class='ocrx_word' id='word_1_419' title='bbox 1584 1505 1655 1532; x_wconf 88' lang='lat' dir='ltr'><strong>hunc</strong></span> <span class='ocrx_word' id='word_1_420' title='bbox 1680 1505 1788 1531; x_wconf 87' lang='lat' dir='ltr'><strong>tttodum</strong></span> <span class='ocrx_word' id='word_1_421' title='bbox 1810 1504 1852 1531; x_wconf 89' lang='lat' dir='ltr'><strong>lo-</strong></span> 
     </span>
    </p>
   </div>
   <div class='ocr_carea' id='block_1_53' title="bbox 226 1547 1859 1590">
    <p class='ocr_par' dir='ltr' id='par_1_53' title="bbox 226 1547 1859 1590">
     <span class='ocr_line' id='line_1_53' title="bbox 226 1547 1859 1590; baseline 0.002 -17"><span class='ocrx_word' id='word_1_422' title='bbox 226 1553 313 1580; x_wconf 86' lang='lat' dir='ltr'><strong>quens</strong></span> <span class='ocrx_word' id='word_1_423' title='bbox 327 1556 334 1574; x_wconf 87' lang='lat'>:</span> <span class='ocrx_word' id='word_1_424' title='bbox 350 1547 425 1575; x_wconf 85' lang='lat' dir='ltr'><strong>Cutis</strong></span> <span class='ocrx_word' id='word_1_425' title='bbox 451 1553 524 1582; x_wconf 67' lang='lat' dir='ltr'><strong>atrm,</strong></span> <span class='ocrx_word' id='word_1_426' title='bbox 546 1550 665 1577; x_wconf 89' lang='lat' dir='ltr'><strong>carbone</strong></span> <span class='ocrx_word' id='word_1_427' title='bbox 691 1551 795 1586; x_wconf 80' lang='lat' dir='ltr'><strong>nigrior</strong></span> <span class='ocrx_word' id='word_1_428' title='bbox 829 1551 986 1587; x_wconf 86' lang='lat' dir='ltr'><strong>homuncio,</strong></span> <span class='ocrx_word' id='word_1_429' title='bbox 1014 1554 1094 1589; x_wconf 80' lang='lat' dir='ltr'><strong>digna</strong></span> <span class='ocrx_word' id='word_1_430' title='bbox 1113 1558 1138 1582; x_wconf 89' lang='lat' dir='ltr'><strong>te</strong></span> <span class='ocrx_word' id='word_1_431' title='bbox 1154 1555 1354 1590; x_wconf 80' lang='lat' dir='ltr'><strong>pateriszqnid</strong></span> <span class='ocrx_word' id='word_1_432' title='bbox 1375 1555 1447 1582; x_wconf 88' lang='lat' dir='ltr'><strong>enim</strong></span> <span class='ocrx_word' id='word_1_433' title='bbox 1491 1553 1610 1585; x_wconf 86' lang='lat' dir='ltr'><strong>attinuit,</strong></span> <span class='ocrx_word' id='word_1_434' title='bbox 1626 1557 1652 1580; x_wconf 87' lang='lat' dir='ltr'><strong>te</strong></span> <span class='ocrx_word' id='word_1_435' title='bbox 1676 1552 1744 1579; x_wconf 82' lang='lat' dir='ltr'><strong>inira</strong></span> <span class='ocrx_word' id='word_1_436' title='bbox 1768 1552 1859 1577; x_wconf 84' lang='lat' dir='ltr'><strong>immi-</strong></span> 
     </span>
    </p>
   </div>
   <div class='ocr_carea' id='block_1_54' title="bbox 227 1594 1862 1634">
    <p class='ocr_par' dir='ltr' id='par_1_54' title="bbox 227 1594 1862 1634">
     <span class='ocr_line' id='line_1_54' title="bbox 227 1594 1862 1634; baseline 0.002 -13"><span class='ocrx_word' id='word_1_437' title='bbox 227 1601 291 1621; x_wconf 88' lang='lat' dir='ltr'><strong>nem</strong></span> <span class='ocrx_word' id='word_1_438' title='bbox 308 1599 353 1621; x_wconf 85' lang='lat' dir='ltr'><strong>tua</strong></span> <span class='ocrx_word' id='word_1_439' title='bbox 380 1594 512 1629; x_wconf 78' lang='lat' dir='ltr'><strong>dejectttm</strong></span> <span class='ocrx_word' id='word_1_440' title='bbox 531 1595 643 1628; x_wconf 82' lang='lat' dir='ltr'><strong>vilitateI</strong></span> <span class='ocrx_word' id='word_1_441' title='bbox 663 1601 751 1624; x_wconf 89' lang='lat' dir='ltr'><strong>tamen</strong></span> <span class='ocrx_word' id='word_1_442' title='bbox 774 1598 875 1626; x_wconf 87' lang='lat' dir='ltr'><strong>audere</strong></span> <span class='ocrx_word' id='word_1_443' title='bbox 899 1602 925 1626; x_wconf 89' lang='lat' dir='ltr'><strong>te</strong></span> <span class='ocrx_word' id='word_1_444' title='bbox 945 1599 1069 1634; x_wconf 78' lang='lat' dir='ltr'><strong>ingerere</strong></span> <span class='ocrx_word' id='word_1_445' title='bbox 1105 1601 1131 1627; x_wconf 92' lang='lat' dir='ltr'><strong>in</strong></span> <span class='ocrx_word' id='word_1_446' title='bbox 1154 1604 1254 1628; x_wconf 86' lang='lat' dir='ltr'><strong>coetum</strong></span> <span class='ocrx_word' id='word_1_447' title='bbox 1288 1600 1428 1627; x_wconf 87' lang='lat' dir='ltr'><strong>hominum</strong></span> <span class='ocrx_word' id='word_1_448' title='bbox 1454 1606 1514 1626; x_wconf 90' lang='lat' dir='ltr'><strong>eum</strong></span> <span class='ocrx_word' id='word_1_449' title='bbox 1548 1599 1629 1625; x_wconf 86' lang='lat' dir='ltr'><strong>homo</strong></span> <span class='ocrx_word' id='word_1_450' title='bbox 1656 1597 1777 1633; x_wconf 78' lang='lat' dir='ltr'><strong>unusis?</strong></span> <span class='ocrx_word' id='word_1_451' title='bbox 1792 1598 1862 1624; x_wconf 84' lang='lat' dir='ltr'><strong>l-cne</strong></span> 
     </span>
    </p>
   </div>
   <div class='ocr_carea' id='block_1_55' title="bbox 225 1642 759 1676">
    <p class='ocr_par' dir='ltr' id='par_1_55' title="bbox 225 1642 759 1676">
     <span class='ocr_line' id='line_1_55' title="bbox 225 1642 759 1676; baseline 0.011 -8"><span class='ocrx_word' id='word_1_452' title='bbox 225 1642 319 1676; x_wconf 85' lang='lat' dir='ltr'><strong>utique</strong></span> <span class='ocrx_word' id='word_1_453' title='bbox 336 1643 423 1670; x_wconf 78' lang='lat' dir='ltr'><strong>iecere</strong></span> <span class='ocrx_word' id='word_1_454' title='bbox 441 1648 466 1670; x_wconf 90' lang='lat' dir='ltr'><strong>te</strong></span> <span class='ocrx_word' id='word_1_455' title='bbox 483 1642 555 1671; x_wconf 90' lang='lat' dir='ltr'><strong>illinc</strong></span> <span class='ocrx_word' id='word_1_456' title='bbox 570 1645 759 1674; x_wconf 74' lang='lat' dir='ltr'><strong>cxturbantcs.</strong></span> 
     </span>
    </p>
   </div>
   <div class='ocr_carea' id='block_1_56' title="bbox 262 1688 1017 1727">
    <p class='ocr_par' dir='ltr' id='par_1_56' title="bbox 262 1688 1013 1724">
     <span class='ocr_line' id='line_1_56' title="bbox 262 1688 1013 1724; baseline 0.009 -10"><span class='ocrx_word' id='word_1_457' title='bbox 262 1688 435 1723; x_wconf 83' lang='lat' dir='ltr'><strong>Adjungebal</strong></span> <span class='ocrx_word' id='word_1_458' title='bbox 457 1694 639 1724; x_wconf 83' lang='lat' dir='ltr'><strong>opportunum</strong></span> <span class='ocrx_word' id='word_1_459' title='bbox 656 1691 721 1718; x_wconf 88' lang='lat' dir='ltr'><strong>huic</strong></span> <span class='ocrx_word' id='word_1_460' title='bbox 744 1692 802 1719; x_wconf 87' lang='lat' dir='ltr'><strong>loco</strong></span> <span class='ocrx_word' id='word_1_461' title='bbox 819 1694 951 1721; x_wconf 88' lang='lat' dir='ltr'><strong>monitum</strong></span> <span class='ocrx_word' id='word_1_462' title='bbox 966 1693 1013 1721; x_wconf 84' lang='lat' dir='ltr'><strong>ab-</strong></span> 
     </span>
    </p>
   </div>
   <div class='ocr_carea' id='block_1_57' title="bbox 1069 1688 1860 1727">
    <p class='ocr_par' dir='ltr' id='par_1_57' title="bbox 1101 1691 1860 1727">
     <span class='ocr_line' id='line_1_57' title="bbox 1101 1691 1860 1727; baseline -0.003 -9"><span class='ocrx_word' id='word_1_463' title='bbox 1101 1692 1156 1718; x_wconf 78' lang='lat' dir='ltr'><strong>Ka‘t</strong></span> <span class='ocrx_word' id='word_1_464' title='bbox 1175 1692 1314 1727; x_wconf 77' lang='grc' dir='ltr'>ἐμέμνητο</span> <span class='ocrx_word' id='word_1_465' title='bbox 1334 1691 1380 1718; x_wconf 78' lang='grc' dir='ltr'>τοῦ</span> <span class='ocrx_word' id='word_1_466' title='bbox 1398 1691 1470 1718; x_wconf 72' lang='grc' dir='ltr'><strong>ἁίίἧᾶ</strong></span> <span class='ocrx_word' id='word_1_467' title='bbox 1488 1691 1609 1726; x_wconf 75' lang='grc' dir='ltr'>Ἀμμονᾶ</span> <span class='ocrx_word' id='word_1_468' title='bbox 1621 1691 1758 1724; x_wconf 82' lang='grc' dir='ltr'>λέγοντος·</span> <span class='ocrx_word' id='word_1_469' title='bbox 1776 1691 1860 1726; x_wconf 53' lang='lat' dir='ltr'><strong>Tinam</strong></span> 
     </span>
    </p>
   </div>
   <div class='ocr_carea' id='block_1_58' title="bbox 224 1734 1016 1771">
    <p class='ocr_par' dir='ltr' id='par_1_58' title="bbox 224 1734 1016 1771">
     <span class='ocr_line' id='line_1_58' title="bbox 224 1734 1016 1771; baseline 0.009 -11"><span class='ocrx_word' id='word_1_470' title='bbox 224 1734 296 1761; x_wconf 79' lang='lat' dir='ltr'><strong>imis</strong></span> <span class='ocrx_word' id='word_1_471' title='bbox 326 1734 466 1761; x_wconf 78' lang='lat' dir='ltr'><strong>Amntouze</strong></span> <span class='ocrx_word' id='word_1_472' title='bbox 488 1744 494 1762; x_wconf 73' lang='grc' dir='ltr'><strong>ι</strong></span> <span class='ocrx_word' id='word_1_473' title='bbox 515 1735 634 1763; x_wconf 84' lang='lat' dir='ltr'><strong>Observa</strong></span> <span class='ocrx_word' id='word_1_474' title='bbox 664 1736 795 1771; x_wconf 88' lang='lat' dir='ltr'><strong>teipsum,</strong></span> <span class='ocrx_word' id='word_1_475' title='bbox 825 1737 949 1767; x_wconf 88' lang='lat' dir='ltr'><strong>recolens</strong></span> <span class='ocrx_word' id='word_1_476' title='bbox 973 1744 1016 1766; x_wconf 87' lang='lat' dir='ltr'><strong>at-</strong></span> 
     </span>
    </p>
   </div>
   <div class='ocr_carea' id='block_1_59' title="bbox 226 1780 1015 1820">
    <p class='ocr_par' dir='ltr' id='par_1_59' title="bbox 226 1780 1015 1820">
     <span class='ocr_line' id='line_1_59' title="bbox 226 1780 1015 1820; baseline 0.01 -15"><span class='ocrx_word' id='word_1_477' title='bbox 226 1785 302 1807; x_wconf 84' lang='lat' dir='ltr'><strong>tente</strong></span> <span class='ocrx_word' id='word_1_478' title='bbox 315 1780 347 1806; x_wconf 87' lang='lat' dir='ltr'><strong>ad</strong></span> <span class='ocrx_word' id='word_1_479' title='bbox 365 1780 428 1814; x_wconf 82' lang='lat' dir='ltr'><strong>quid</strong></span> <span class='ocrx_word' id='word_1_480' title='bbox 443 1781 601 1814; x_wconf 68' lang='lat' dir='ltr'><strong>exieris,,et</strong></span> <span class='ocrx_word' id='word_1_481' title='bbox 616 1790 669 1816; x_wconf 90' lang='lat' dir='ltr'><strong>quo</strong></span> <span class='ocrx_word' id='word_1_482' title='bbox 692 1783 798 1812; x_wconf 82' lang='lat' dir='ltr'><strong>lendas.</strong></span> <span class='ocrx_word' id='word_1_483' title='bbox 819 1784 854 1812; x_wconf 89' lang='lat' dir='ltr'><strong>Ut</strong></span> <span class='ocrx_word' id='word_1_484' title='bbox 870 1785 892 1812; x_wconf 86' lang='lat' dir='ltr'><strong>si</strong></span> <span class='ocrx_word' id='word_1_485' title='bbox 910 1786 971 1820; x_wconf 88' lang='lat' dir='ltr'><strong>quis</strong></span> <span class='ocrx_word' id='word_1_486' title='bbox 988 1786 1015 1813; x_wconf 93' lang='lat' dir='ltr'><strong>in</strong></span> 
     </span>
    </p>
   </div>
   <div class='ocr_carea' id='block_1_60' title="bbox 223 1826 1014 1866">
    <p class='ocr_par' dir='ltr' id='par_1_60' title="bbox 223 1826 1014 1866">
     <span class='ocr_line' id='line_1_60' title="bbox 223 1826 1014 1866; baseline 0.01 -15"><span class='ocrx_word' id='word_1_487' title='bbox 223 1826 405 1862; x_wconf 79' lang='lat' dir='ltr'><strong>qualicunque</strong></span> <span class='ocrx_word' id='word_1_488' title='bbox 440 1827 488 1854; x_wconf 89' lang='lat' dir='ltr'><strong>tibi</strong></span> <span class='ocrx_word' id='word_1_489' title='bbox 511 1835 540 1855; x_wconf 90' lang='lat' dir='ltr'><strong>re</strong></span> <span class='ocrx_word' id='word_1_490' title='bbox 568 1829 717 1862; x_wconf 85' lang='lat' dir='ltr'><strong>obstiterit,</strong></span> <span class='ocrx_word' id='word_1_491' title='bbox 742 1834 789 1857; x_wconf 91' lang='lat' dir='ltr'><strong>aut</strong></span> <span class='ocrx_word' id='word_1_492' title='bbox 810 1831 902 1866; x_wconf 79' lang='lat' dir='ltr'><strong>gravis</strong></span> <span class='ocrx_word' id='word_1_493' title='bbox 923 1832 1014 1864; x_wconf 81' lang='lat' dir='ltr'><strong>fuerit,</strong></span> 
     </span>
    </p>
   </div>
   <div class='ocr_carea' id='block_1_61' title="bbox 224 1872 1014 1912">
    <p class='ocr_par' dir='ltr' id='par_1_61' title="bbox 224 1872 1014 1912">
     <span class='ocr_line' id='line_1_61' title="bbox 224 1872 1014 1912; baseline 0.01 -14"><span class='ocrx_word' id='word_1_494' title='bbox 224 1872 306 1900; x_wconf 76' lang='lat' dir='ltr'><strong>sileas</strong></span> <span class='ocrx_word' id='word_1_495' title='bbox 329 1873 445 1907; x_wconf 75' lang='lat' dir='ltr'><strong>primum</strong></span> <span class='ocrx_word' id='word_1_496' title='bbox 475 1874 606 1906; x_wconf 88' lang='lat' dir='ltr'><strong>omnino,</strong></span> <span class='ocrx_word' id='word_1_497' title='bbox 634 1882 683 1902; x_wconf 86' lang='lat' dir='ltr'><strong>nec</strong></span> <span class='ocrx_word' id='word_1_498' title='bbox 713 1883 805 1903; x_wconf 85' lang='lat' dir='ltr'><strong>vocent</strong></span> <span class='ocrx_word' id='word_1_499' title='bbox 831 1877 906 1912; x_wconf 89' lang='lat' dir='ltr'><strong>prius</strong></span> <span class='ocrx_word' id='word_1_500' title='bbox 933 1877 1014 1906; x_wconf 91' lang='lat' dir='ltr'><strong>ullam</strong></span> 
     </span>
    </p>
   </div>
   <div class='ocr_carea' id='block_1_62' title="bbox 223 1918 1016 1955">
    <p class='ocr_par' dir='ltr' id='par_1_62' title="bbox 223 1918 1016 1955">
     <span class='ocr_line' id='line_1_62' title="bbox 223 1918 1016 1955; baseline 0.009 -11"><span class='ocrx_word' id='word_1_501' title='bbox 223 1918 345 1952; x_wconf 85' lang='lat' dir='ltr'><strong>emittas,</strong></span> <span class='ocrx_word' id='word_1_502' title='bbox 366 1927 446 1954; x_wconf 87' lang='lat' dir='ltr'><strong>quam</strong></span> <span class='ocrx_word' id='word_1_503' title='bbox 467 1919 544 1955; x_wconf 81' lang='lat' dir='ltr'><strong>longa</strong></span> <span class='ocrx_word' id='word_1_504' title='bbox 568 1925 596 1948; x_wconf 85' lang='lat' dir='ltr'><strong>et</strong></span> <span class='ocrx_word' id='word_1_505' title='bbox 619 1925 722 1948; x_wconf 85' lang='lat' dir='ltr'><strong>attenta</strong></span> <span class='ocrx_word' id='word_1_506' title='bbox 745 1922 868 1950; x_wconf 87' lang='lat' dir='ltr'><strong>oratione</strong></span> <span class='ocrx_word' id='word_1_507' title='bbox 885 1931 931 1951; x_wconf 87' lang='lat' dir='ltr'><strong>cor</strong></span> <span class='ocrx_word' id='word_1_508' title='bbox 948 1924 1016 1951; x_wconf 83' lang='lat' dir='ltr'><strong>miti-</strong></span> 
     </span>
    </p>
   </div>
   <div class='ocr_carea' id='block_1_63' title="bbox 224 1964 1014 2002">
    <p class='ocr_par' dir='ltr' id='par_1_63' title="bbox 224 1964 1014 2002">
     <span class='ocr_line' id='line_1_63' title="bbox 224 1964 1014 2002; baseline 0.009 -11"><span class='ocrx_word' id='word_1_509' title='bbox 224 1964 344 1999; x_wconf 79' lang='lat' dir='ltr'><strong>gavetis,</strong></span> <span class='ocrx_word' id='word_1_510' title='bbox 365 1969 393 1992; x_wconf 87' lang='lat' dir='ltr'><strong>et</strong></span> <span class='ocrx_word' id='word_1_511' title='bbox 414 1966 607 2000; x_wconf 87' lang='lat' dir='ltr'><strong>tranquillitate</strong></span> <span class='ocrx_word' id='word_1_512' title='bbox 625 1969 812 2002; x_wconf 87' lang='lat' dir='ltr'><strong>composueris</strong></span> <span class='ocrx_word' id='word_1_513' title='bbox 837 1977 943 1998; x_wconf 86' lang='lat' dir='ltr'><strong>serena.</strong></span> <span class='ocrx_word' id='word_1_514' title='bbox 969 1971 1014 1998; x_wconf 89' lang='lat' dir='ltr'><strong>Sic</strong></span> 
     </span>
    </p>
   </div>
   <div class='ocr_carea' id='block_1_64' title="bbox 224 2011 1013 2051">
    <p class='ocr_par' dir='ltr' id='par_1_64' title="bbox 224 2011 1013 2051">
     <span class='ocr_line' id='line_1_64' title="bbox 224 2011 1013 2051; baseline 0.009 -14"><span class='ocrx_word' id='word_1_515' title='bbox 224 2011 332 2038; x_wconf 88' lang='lat' dir='ltr'><strong>domum</strong></span> <span class='ocrx_word' id='word_1_516' title='bbox 351 2011 498 2038; x_wconf 87' lang='lat' dir='ltr'><strong>convenire</strong></span> <span class='ocrx_word' id='word_1_517' title='bbox 520 2011 630 2040; x_wconf 81' lang='lat' dir='ltr'><strong>fratrem</strong></span> <span class='ocrx_word' id='word_1_518' title='bbox 647 2013 694 2040; x_wconf 89' lang='lat' dir='ltr'><strong>tibi</strong></span> <span class='ocrx_word' id='word_1_519' title='bbox 713 2014 886 2042; x_wconf 85' lang='lat' dir='ltr'><strong>adversatum</strong></span> <span class='ocrx_word' id='word_1_520' title='bbox 901 2017 1013 2051; x_wconf 86' lang='lat' dir='ltr'><strong>poteris,</strong></span> 
     </span>
    </p>
   </div>
   <div class='ocr_carea' id='block_1_65' title="bbox 224 2058 1012 2092">
    <p class='ocr_par' dir='ltr' id='par_1_65' title="bbox 224 2058 1012 2092">
     <span class='ocr_line' id='line_1_65' title="bbox 224 2058 1012 2092; baseline 0.01 -10"><span class='ocrx_word' id='word_1_521' title='bbox 224 2060 252 2082; x_wconf 86' lang='lat' dir='ltr'><strong>et</strong></span> <span class='ocrx_word' id='word_1_522' title='bbox 265 2063 326 2082; x_wconf 90' lang='lat' dir='ltr'><strong>eum</strong></span> <span class='ocrx_word' id='word_1_523' title='bbox 348 2062 429 2091; x_wconf 85' lang='lat' dir='ltr'><strong>prout</strong></span> <span class='ocrx_word' id='word_1_524' title='bbox 447 2061 629 2092; x_wconf 86' lang='lat' dir='ltr'><strong>opportunum</strong></span> <span class='ocrx_word' id='word_1_525' title='bbox 649 2058 823 2092; x_wconf 77' lang='lat' dir='ltr'><strong>iudicaveris,</strong></span> <span class='ocrx_word' id='word_1_526' title='bbox 845 2062 1012 2090; x_wconf 85' lang='lat' dir='ltr'><strong>admonere:</strong></span> 
     </span>
    </p>
   </div>
   <div class='ocr_carea' id='block_1_66' title="bbox 223 2101 1014 2137">
    <p class='ocr_par' dir='ltr' id='par_1_66' title="bbox 223 2101 1014 2137">
     <span class='ocr_line' id='line_1_66' title="bbox 223 2101 1014 2137; baseline 0.009 -9"><span class='ocrx_word' id='word_1_527' title='bbox 223 2107 291 2128; x_wconf 86' lang='lat' dir='ltr'><strong>sane</strong></span> <span class='ocrx_word' id='word_1_528' title='bbox 302 2101 375 2129; x_wconf 89' lang='lat' dir='ltr'><strong>enim</strong></span> <span class='ocrx_word' id='word_1_529' title='bbox 393 2102 438 2136; x_wconf 86' lang='lat' dir='ltr'><strong>qui</strong></span> <span class='ocrx_word' id='word_1_530' title='bbox 459 2103 534 2137; x_wconf 86' lang='lat' dir='ltr'><strong>cupit</strong></span> <span class='ocrx_word' id='word_1_531' title='bbox 553 2111 586 2130; x_wconf 78' lang='lat' dir='ltr'><strong>ex</strong></span> <span class='ocrx_word' id='word_1_532' title='bbox 602 2104 693 2132; x_wconf 88' lang='lat' dir='ltr'><strong>animo</strong></span> <span class='ocrx_word' id='word_1_533' title='bbox 710 2110 810 2133; x_wconf 85' lang='lat' dir='ltr'><strong>rectam</strong></span> <span class='ocrx_word' id='word_1_534' title='bbox 825 2106 895 2134; x_wconf 85' lang='lat' dir='ltr'><strong>inire</strong></span> <span class='ocrx_word' id='word_1_535' title='bbox 913 2108 1014 2135; x_wconf 88' lang='lat' dir='ltr'><strong>verita-</strong></span> 
     </span>
    </p>
   </div>
   <div class='ocr_carea' id='block_1_67' title="bbox 224 2147 1014 2188">
    <p class='ocr_par' dir='ltr' id='par_1_67' title="bbox 224 2147 1014 2188">
     <span class='ocr_line' id='line_1_67' title="bbox 224 2147 1014 2188; baseline 0.011 -15"><span class='ocrx_word' id='word_1_536' title='bbox 224 2147 259 2174; x_wconf 87' lang='lat' dir='ltr'><strong>tis</strong></span> <span class='ocrx_word' id='word_1_537' title='bbox 278 2147 349 2174; x_wconf 85' lang='lat' dir='ltr'><strong>viam</strong></span> <span class='ocrx_word' id='word_1_538' title='bbox 372 2148 398 2175; x_wconf 93' lang='lat' dir='ltr'><strong>in</strong></span> <span class='ocrx_word' id='word_1_539' title='bbox 422 2147 546 2183; x_wconf 78' lang='lat' dir='ltr'><strong>ﬂagranti</strong></span> <span class='ocrx_word' id='word_1_540' title='bbox 573 2158 655 2178; x_wconf 88' lang='lat' dir='ltr'><strong>sensu</strong></span> <span class='ocrx_word' id='word_1_541' title='bbox 679 2151 784 2186; x_wconf 77' lang='lat' dir='ltr'><strong>injuria:</strong></span> <span class='ocrx_word' id='word_1_542' title='bbox 809 2155 960 2188; x_wconf 65' lang='lat' dir='ltr'><strong>praesentis,</strong></span> <span class='ocrx_word' id='word_1_543' title='bbox 987 2159 1014 2182; x_wconf 87' lang='lat' dir='ltr'><strong>et</strong></span> 
     </span>
    </p>
   </div>
   <div class='ocr_carea' id='block_1_68' title="bbox 222 2192 1011 2231">
    <p class='ocr_par' dir='ltr' id='par_1_68' title="bbox 222 2192 1011 2231">
     <span class='ocr_line' id='line_1_68' title="bbox 222 2192 1011 2231; baseline 0.008 -11"><span class='ocrx_word' id='word_1_544' title='bbox 222 2192 379 2220; x_wconf 74' lang='lat' dir='ltr'><strong>turbatione</strong></span> <span class='ocrx_word' id='word_1_545' title='bbox 407 2194 489 2221; x_wconf 84' lang='lat' dir='ltr'><strong>animi</strong></span> <span class='ocrx_word' id='word_1_546' title='bbox 520 2200 642 2223; x_wconf 86' lang='lat' dir='ltr'><strong>motuum</strong></span> <span class='ocrx_word' id='word_1_547' title='bbox 670 2196 732 2224; x_wconf 89' lang='lat' dir='ltr'><strong>inde</strong></span> <span class='ocrx_word' id='word_1_548' title='bbox 761 2202 835 2231; x_wconf 83' lang='lat' dir='ltr'><strong>nata,</strong></span> <span class='ocrx_word' id='word_1_549' title='bbox 868 2203 931 2226; x_wconf 91' lang='lat' dir='ltr'><strong>tunc</strong></span> <span class='ocrx_word' id='word_1_550' title='bbox 951 2207 1011 2226; x_wconf 90' lang='lat' dir='ltr'><strong>cum</strong></span> 
     </span>
    </p>
   </div>
   <div class='ocr_carea' id='block_1_69' title="bbox 223 2239 1012 2280">
    <p class='ocr_par' dir='ltr' id='par_1_69' title="bbox 223 2239 1012 2280">
     <span class='ocr_line' id='line_1_69' title="bbox 223 2239 1012 2280; baseline 0.01 -16"><span class='ocrx_word' id='word_1_551' title='bbox 223 2239 341 2266; x_wconf 81' lang='lat' dir='ltr'><strong>maxime</strong></span> <span class='ocrx_word' id='word_1_552' title='bbox 362 2244 426 2265; x_wconf 90' lang='lat' dir='ltr'><strong>ante</strong></span> <span class='ocrx_word' id='word_1_553' title='bbox 446 2241 536 2267; x_wconf 87' lang='lat' dir='ltr'><strong>omnia</strong></span> <span class='ocrx_word' id='word_1_554' title='bbox 554 2241 678 2276; x_wconf 79' lang='lat' dir='ltr'><strong>objurgat</strong></span> <span class='ocrx_word' id='word_1_555' title='bbox 697 2242 816 2278; x_wconf 89' lang='lat' dir='ltr'><strong>seipsum</strong></span> <span class='ocrx_word' id='word_1_556' title='bbox 834 2243 1012 2280; x_wconf 87' lang='lat' dir='ltr'><strong>increpatque</strong></span> 
     </span>
    </p>
   </div>
   <div class='ocr_carea' id='block_1_70' title="bbox 221 2285 1010 2325">
    <p class='ocr_par' dir='ltr' id='par_1_70' title="bbox 221 2285 1010 2325">
     <span class='ocr_line' id='line_1_70' title="bbox 221 2285 1010 2325; baseline 0.011 -15"><span class='ocrx_word' id='word_1_557' title='bbox 221 2285 407 2316; x_wconf 85' lang='lat' dir='ltr'><strong>vehementer,</strong></span> <span class='ocrx_word' id='word_1_558' title='bbox 417 2285 510 2314; x_wconf 85' lang='lat' dir='ltr'><strong>dicens</strong></span> <span class='ocrx_word' id='word_1_559' title='bbox 526 2296 533 2314; x_wconf 84' lang='lat'><strong>:</strong></span> <span class='ocrx_word' id='word_1_560' title='bbox 547 2288 681 2321; x_wconf 87' lang='lat' dir='ltr'><strong>Quorsum</strong></span> <span class='ocrx_word' id='word_1_561' title='bbox 691 2289 702 2316; x_wconf 69' lang='grc' dir='ltr'><strong><em>τ</em></strong></span> <span class='ocrx_word' id='word_1_562' title='bbox 712 2289 778 2317; x_wconf 81' lang='lat' dir='ltr'><strong>furis</strong></span> <span class='ocrx_word' id='word_1_563' title='bbox 794 2297 881 2325; x_wconf 85' lang='lat' dir='ltr'><strong>quare</strong></span> <span class='ocrx_word' id='word_1_564' title='bbox 896 2291 1010 2324; x_wconf 87' lang='lat' dir='ltr'><strong>insanis,</strong></span> 
     </span>
    </p>
   </div>
   <div class='ocr_carea' id='block_1_71' title="bbox 221 2330 1011 2369">
    <p class='ocr_par' dir='ltr' id='par_1_71' title="bbox 221 2330 1011 2369">
     <span class='ocr_line' id='line_1_71' title="bbox 221 2330 1011 2369; baseline 0.011 -14"><span class='ocrx_word' id='word_1_565' title='bbox 221 2330 312 2356; x_wconf 85' lang='lat' dir='ltr'><strong>anima</strong></span> <span class='ocrx_word' id='word_1_566' title='bbox 339 2330 418 2357; x_wconf 86' lang='lat' dir='ltr'><strong>mea?</strong></span> <span class='ocrx_word' id='word_1_567' title='bbox 441 2339 488 2359; x_wconf 90' lang='lat' dir='ltr'><strong>cur</strong></span> <span class='ocrx_word' id='word_1_568' title='bbox 514 2333 600 2360; x_wconf 86' lang='lat' dir='ltr'><strong>instar</strong></span> <span class='ocrx_word' id='word_1_569' title='bbox 626 2335 795 2362; x_wconf 88' lang='lat' dir='ltr'><strong>rabiosarum</strong></span> <span class='ocrx_word' id='word_1_570' title='bbox 820 2336 1011 2369; x_wconf 86' lang='lat' dir='ltr'><strong>animantium,</strong></span> 
     </span>
    </p>
   </div>
   <div class='ocr_carea' id='block_1_72' title="bbox 1069 1733 1860 1773">
    <p class='ocr_par' dir='ltr' id='par_1_72' title="bbox 1069 1733 1860 1773">
     <span class='ocr_line' id='line_1_72' title="bbox 1069 1733 1860 1773; baseline 0 -9"><span class='ocrx_word' id='word_1_571' title='bbox 1069 1738 1182 1764; x_wconf 78' lang='grc' dir='ltr'>σεαυτὸν</span> <span class='ocrx_word' id='word_1_572' title='bbox 1197 1737 1320 1773; x_wconf 70' lang='grc' dir='ltr'>ἀκριϐῶς</span> <span class='ocrx_word' id='word_1_573' title='bbox 1333 1738 1367 1764; x_wconf 80' lang='grc' dir='ltr'><strong>δι’</strong></span> <span class='ocrx_word' id='word_1_574' title='bbox 1380 1737 1394 1764; x_wconf 83' lang='grc' dir='ltr'><strong>ὃ</strong></span> <span class='ocrx_word' id='word_1_575' title='bbox 1415 1736 1526 1772; x_wconf 72' lang='grc' dir='ltr'>ἐξῆλθες</span> <span class='ocrx_word' id='word_1_576' title='bbox 1539 1737 1586 1763; x_wconf 76' lang='grc' dir='ltr'><strong>καὶ</strong></span> <span class='ocrx_word' id='word_1_577' title='bbox 1604 1738 1645 1771; x_wconf 75' lang='grc' dir='ltr'><strong>ἐφ’</strong></span> <span class='ocrx_word' id='word_1_578' title='bbox 1663 1733 1685 1771; x_wconf 86' lang='grc' dir='ltr'>ᾧ</span> <span class='ocrx_word' id='word_1_579' title='bbox 1704 1737 1798 1772; x_wconf 70' lang='grc' dir='ltr'>πάρει,</span> <span class='ocrx_word' id='word_1_580' title='bbox 1816 1737 1860 1765; x_wconf 81' lang='grc' dir='ltr'>ἵνα</span> 
     </span>
    </p>
   </div>
   <div class='ocr_carea' id='block_1_73' title="bbox 1067 1782 1858 1819">
    <p class='ocr_par' dir='ltr' id='par_1_73' title="bbox 1067 1782 1858 1819">
     <span class='ocr_line' id='line_1_73' title="bbox 1067 1782 1858 1819; baseline -0.003 -9"><span class='ocrx_word' id='word_1_581' title='bbox 1067 1784 1115 1810; x_wconf 78' lang='grc' dir='ltr'><strong>ὲάν</strong></span> <span class='ocrx_word' id='word_1_582' title='bbox 1129 1784 1172 1815; x_wconf 81' lang='grc' dir='ltr'><strong>τίς</strong></span> <span class='ocrx_word' id='word_1_583' title='bbox 1196 1792 1225 1810; x_wconf 86' lang='grc' dir='ltr'><strong>σε</strong></span> <span class='ocrx_word' id='word_1_584' title='bbox 1242 1785 1271 1810; x_wconf 84' lang='grc' dir='ltr'>ὲν</span> <span class='ocrx_word' id='word_1_585' title='bbox 1286 1783 1436 1819; x_wconf 78' lang='grc' dir='ltr'>οῐῳδήποτε</span> <span class='ocrx_word' id='word_1_586' title='bbox 1457 1783 1601 1818; x_wconf 71' lang='grc' dir='ltr'>πράγματι</span> <span class='ocrx_word' id='word_1_587' title='bbox 1622 1782 1720 1818; x_wconf 65' lang='grc' dir='ltr'>θλξψῃ,</span> <span class='ocrx_word' id='word_1_588' title='bbox 1743 1783 1858 1818; x_wconf 74' lang='grc' dir='ltr'>σιωπᾷν,</span> 
     </span>
    </p>
   </div>
   <div class='ocr_carea' id='block_1_74' title="bbox 1067 1824 1859 1865">
    <p class='ocr_par' dir='ltr' id='par_1_74' title="bbox 1067 1824 1859 1865">
     <span class='ocr_line' id='line_1_74' title="bbox 1067 1824 1859 1865; baseline -0.003 -9"><span class='ocrx_word' id='word_1_589' title='bbox 1067 1830 1097 1856; x_wconf 74' lang='grc' dir='ltr'>τὸ</span> <span class='ocrx_word' id='word_1_590' title='bbox 1112 1830 1227 1857; x_wconf 72' lang='grc' dir='ltr'>καθόλου</span> <span class='ocrx_word' id='word_1_591' title='bbox 1247 1830 1284 1865; x_wconf 85' lang='grc' dir='ltr'>μὴ</span> <span class='ocrx_word' id='word_1_592' title='bbox 1309 1829 1494 1864; x_wconf 75' lang='grc' dir='ltr'>φθέγγεσθαι,</span> <span class='ocrx_word' id='word_1_593' title='bbox 1515 1829 1568 1860; x_wconf 75' lang='grc' dir='ltr'><strong>ἕως</strong></span> <span class='ocrx_word' id='word_1_594' title='bbox 1591 1824 1621 1855; x_wconf 70' lang='grc' dir='ltr'><strong>οὗ</strong></span> <span class='ocrx_word' id='word_1_595' title='bbox 1643 1830 1676 1864; x_wconf 81' lang='grc' dir='ltr'><strong>τῇ</strong></span> <span class='ocrx_word' id='word_1_596' title='bbox 1692 1829 1859 1863; x_wconf 76' lang='grc' dir='ltr'>ὰδιαλείπτῳ</span> 
     </span>
    </p>
   </div>
   <div class='ocr_carea' id='block_1_75' title="bbox 1067 1874 1858 1912">
    <p class='ocr_par' dir='ltr' id='par_1_75' title="bbox 1067 1874 1858 1912">
     <span class='ocr_line' id='line_1_75' title="bbox 1067 1874 1858 1912; baseline -0.003 -10"><span class='ocrx_word' id='word_1_597' title='bbox 1067 1877 1205 1912; x_wconf 78' lang='grc' dir='ltr'>προσευχῇ</span> <span class='ocrx_word' id='word_1_598' title='bbox 1227 1875 1353 1911; x_wconf 84' lang='grc' dir='ltr'>πραῦνθῇ</span> <span class='ocrx_word' id='word_1_599' title='bbox 1375 1883 1423 1902; x_wconf 82' lang='grc' dir='ltr'>σου</span> <span class='ocrx_word' id='word_1_600' title='bbox 1448 1876 1464 1910; x_wconf 79' lang='grc' dir='ltr'>ἡ</span> <span class='ocrx_word' id='word_1_601' title='bbox 1488 1874 1598 1910; x_wconf 77' lang='grc' dir='ltr'>καρδία·</span> <span class='ocrx_word' id='word_1_602' title='bbox 1614 1875 1662 1901; x_wconf 73' lang='grc' dir='ltr'>καὶ</span> <span class='ocrx_word' id='word_1_603' title='bbox 1678 1874 1750 1901; x_wconf 67' lang='grc' dir='ltr'>οὕτω</span> <span class='ocrx_word' id='word_1_604' title='bbox 1766 1875 1858 1901; x_wconf 66' lang='grc' dir='ltr'>λοιπὸν</span> 
     </span>
    </p>
   </div>
   <div class='ocr_carea' id='block_1_76' title="bbox 1066 1919 1859 1956">
    <p class='ocr_par' dir='ltr' id='par_1_76' title="bbox 1066 1919 1859 1956">
     <span class='ocr_line' id='line_1_76' title="bbox 1066 1919 1859 1956; baseline -0.003 -8"><span class='ocrx_word' id='word_1_605' title='bbox 1066 1922 1221 1956; x_wconf 77' lang='grc' dir='ltr'>παρακάλει</span> <span class='ocrx_word' id='word_1_606' title='bbox 1237 1921 1283 1947; x_wconf 77' lang='grc' dir='ltr'><strong>τὸν</strong></span> <span class='ocrx_word' id='word_1_607' title='bbox 1297 1921 1420 1956; x_wconf 78' lang='grc' dir='ltr'>ἀδελφόν·</span> <span class='ocrx_word' id='word_1_608' title='bbox 1439 1921 1486 1947; x_wconf 70' lang='grc' dir='ltr'>καὶ</span> <span class='ocrx_word' id='word_1_609' title='bbox 1498 1920 1552 1955; x_wconf 77' lang='grc' dir='ltr'>γὰρ</span> <span class='ocrx_word' id='word_1_610' title='bbox 1568 1921 1582 1946; x_wconf 82' lang='grc' dir='ltr'><strong>ὸ</strong></span> <span class='ocrx_word' id='word_1_611' title='bbox 1595 1920 1687 1946; x_wconf 83' lang='grc' dir='ltr'>ποθῶν</span> <span class='ocrx_word' id='word_1_612' title='bbox 1701 1921 1750 1955; x_wconf 75' lang='grc' dir='ltr'>τὴν</span> <span class='ocrx_word' id='word_1_613' title='bbox 1765 1919 1859 1955; x_wconf 79' lang='grc' dir='ltr'>ἀληθι-</span> 
     </span>
    </p>
   </div>
   <div class='ocr_carea' id='block_1_77' title="bbox 1066 1966 1858 2003">
    <p class='ocr_par' dir='ltr' id='par_1_77' title="bbox 1066 1966 1858 2003">
     <span class='ocr_line' id='line_1_77' title="bbox 1066 1966 1858 2003; baseline -0.004 -9"><span class='ocrx_word' id='word_1_614' title='bbox 1066 1968 1115 2003; x_wconf 77' lang='grc' dir='ltr'>νὴν</span> <span class='ocrx_word' id='word_1_615' title='bbox 1137 1967 1245 1994; x_wconf 77' lang='grc' dir='ltr'>εὐθεῖαν</span> <span class='ocrx_word' id='word_1_616' title='bbox 1269 1967 1338 1999; x_wconf 75' lang='grc' dir='ltr'>ὁδὸν,</span> <span class='ocrx_word' id='word_1_617' title='bbox 1362 1967 1390 1993; x_wconf 86' lang='grc' dir='ltr'>ὲν</span> <span class='ocrx_word' id='word_1_618' title='bbox 1422 1966 1460 2002; x_wconf 86' lang='grc' dir='ltr'>τῷ</span> <span class='ocrx_word' id='word_1_619' title='bbox 1484 1966 1668 2000; x_wconf 65' lang='grc' dir='ltr'>ταράττεσθαι</span> <span class='ocrx_word' id='word_1_620' title='bbox 1697 1966 1858 2000; x_wconf 71' lang='grc' dir='ltr'>ἐπιπλήττει</span> 
     </span>
    </p>
   </div>
   <div class='ocr_carea' id='block_1_78' title="bbox 1067 2011 1857 2048">
    <p class='ocr_par' dir='ltr' id='par_1_78' title="bbox 1067 2011 1857 2048">
     <span class='ocr_line' id='line_1_78' title="bbox 1067 2011 1857 2048; baseline -0.004 -9"><span class='ocrx_word' id='word_1_621' title='bbox 1067 2013 1178 2039; x_wconf 77' lang='grc' dir='ltr'>σεαυτὸν</span> <span class='ocrx_word' id='word_1_622' title='bbox 1191 2011 1314 2048; x_wconf 76' lang='grc' dir='ltr'>σφοδρῶς</span> <span class='ocrx_word' id='word_1_623' title='bbox 1330 2012 1378 2039; x_wconf 78' lang='grc' dir='ltr'>καὶ</span> <span class='ocrx_word' id='word_1_624' title='bbox 1393 2012 1436 2038; x_wconf 71' lang='grc' dir='ltr'><strong>ἀεὶ</strong></span> <span class='ocrx_word' id='word_1_625' title='bbox 1453 2012 1560 2047; x_wconf 76' lang='grc' dir='ltr'>ἐλέγχει</span> <span class='ocrx_word' id='word_1_626' title='bbox 1576 2011 1688 2038; x_wconf 52' lang='lat' dir='ltr'><strong>aeaut)»;</strong></span> <span class='ocrx_word' id='word_1_627' title='bbox 1703 2012 1749 2038; x_wconf 62' lang='grc' dir='ltr'><strong>καὶ</strong></span> <span class='ocrx_word' id='word_1_628' title='bbox 1764 2011 1857 2044; x_wconf 77' lang='grc' dir='ltr'>λέγει·</span> 
     </span>
    </p>
   </div>
   <div class='ocr_carea' id='block_1_79' title="bbox 1066 2056 1857 2095">
    <p class='ocr_par' dir='ltr' id='par_1_79' title="bbox 1066 2056 1857 2095">
     <span class='ocr_line' id='line_1_79' title="bbox 1066 2056 1857 2095; baseline -0.005 -9"><span class='ocrx_word' id='word_1_629' title='bbox 1066 2059 1098 2085; x_wconf 78' lang='grc' dir='ltr'>Τί</span> <span class='ocrx_word' id='word_1_630' title='bbox 1110 2059 1204 2095; x_wconf 82' lang='grc' dir='ltr'>μαίνῃ,</span> <span class='ocrx_word' id='word_1_631' title='bbox 1214 2059 1286 2094; x_wconf 79' lang='grc' dir='ltr'>ψυχή</span> <span class='ocrx_word' id='word_1_632' title='bbox 1298 2067 1349 2094; x_wconf 81' lang='grc' dir='ltr'><strong>μου</strong></span> <span class='ocrx_word' id='word_1_633' title='bbox 1359 2067 1367 2091; x_wconf 81' lang='lat'><strong>;</strong></span> <span class='ocrx_word' id='word_1_634' title='bbox 1378 2058 1576 2094; x_wconf 78' lang='grc' dir='ltr'>τίταράττῃὼς</span> <span class='ocrx_word' id='word_1_635' title='bbox 1587 2058 1765 2093; x_wconf 76' lang='grc' dir='ltr'>ἀφρίζοντε;;</span> <span class='ocrx_word' id='word_1_636' title='bbox 1778 2056 1857 2091; x_wconf 62' lang='grc' dir='ltr'><strong>Αὐτῷ</strong></span> 
     </span>
    </p>
   </div>
   <div class='ocr_carea' id='block_1_80' title="bbox 1064 2103 1857 2142">
    <p class='ocr_par' dir='ltr' id='par_1_80' title="bbox 1064 2103 1857 2142">
     <span class='ocr_line' id='line_1_80' title="bbox 1064 2103 1857 2142; baseline -0.006 -9"><span class='ocrx_word' id='word_1_637' title='bbox 1064 2106 1152 2142; x_wconf 82' lang='grc' dir='ltr'>τούτῳ</span> <span class='ocrx_word' id='word_1_638' title='bbox 1176 2106 1309 2138; x_wconf 82' lang='grc' dir='ltr'>δεικνύεις</span> <span class='ocrx_word' id='word_1_639' title='bbox 1332 2105 1373 2131; x_wconf 83' lang='grc' dir='ltr'>ὅτι</span> <span class='ocrx_word' id='word_1_640' title='bbox 1388 2106 1485 2136; x_wconf 82' lang='grc' dir='ltr'>νοσεῖς·</span> <span class='ocrx_word' id='word_1_641' title='bbox 1512 2105 1535 2130; x_wconf 78' lang='grc' dir='ltr'>εἰ</span> <span class='ocrx_word' id='word_1_642' title='bbox 1562 2104 1599 2140; x_wconf 86' lang='grc' dir='ltr'>μὴ</span> <span class='ocrx_word' id='word_1_643' title='bbox 1616 2104 1736 2135; x_wconf 73' lang='grc' dir='ltr'>ὲνόσεις,</span> <span class='ocrx_word' id='word_1_644' title='bbox 1751 2104 1802 2130; x_wconf 80' lang='grc' dir='ltr'>οὐκ</span> <span class='ocrx_word' id='word_1_645' title='bbox 1824 2103 1857 2129; x_wconf 77' lang='grc' dir='ltr'>ἂν</span> 
     </span>
    </p>
   </div>
   <div class='ocr_carea' id='block_1_81' title="bbox 1065 2143 1856 2187">
    <p class='ocr_par' dir='ltr' id='par_1_81' title="bbox 1065 2143 1856 2187">
     <span class='ocr_line' id='line_1_81' title="bbox 1065 2143 1856 2187; baseline -0.008 -8"><span class='ocrx_word' id='word_1_646' title='bbox 1065 2152 1193 2187; x_wconf 78' lang='grc' dir='ltr'>ἔπασχες.</span> <span class='ocrx_word' id='word_1_647' title='bbox 1213 2152 1246 2178; x_wconf 85' lang='grc' dir='ltr'>Τί</span> <span class='ocrx_word' id='word_1_648' title='bbox 1262 2151 1342 2186; x_wconf 72' lang='grc' dir='ltr'>ἀφεὶς</span> <span class='ocrx_word' id='word_1_649' title='bbox 1364 2151 1394 2177; x_wconf 72' lang='grc' dir='ltr'>τὸ</span> <span class='ocrx_word' id='word_1_650' title='bbox 1413 2143 1514 2186; x_wconf 60' lang='grc' dir='ltr'>ἑαυτὴν</span> <span class='ocrx_word' id='word_1_651' title='bbox 1531 2149 1706 2185; x_wconf 71' lang='grc' dir='ltr'>μέμφεσθαι,</span> <span class='ocrx_word' id='word_1_652' title='bbox 1732 2149 1856 2183; x_wconf 77' lang='grc' dir='ltr'>ἐγκαλεῖς</span> 
     </span>
    </p>
   </div>
   <div class='ocr_carea' id='block_1_82' title="bbox 1063 2195 1856 2234">
    <p class='ocr_par' dir='ltr' id='par_1_82' title="bbox 1063 2195 1856 2234">
     <span class='ocr_line' id='line_1_82' title="bbox 1063 2195 1856 2234; baseline -0.006 -9"><span class='ocrx_word' id='word_1_653' title='bbox 1063 2198 1104 2234; x_wconf 78' lang='grc' dir='ltr'>τῷ</span> <span class='ocrx_word' id='word_1_654' title='bbox 1118 2197 1224 2233; x_wconf 76' lang='grc' dir='ltr'>ἀδελφῷ</span> <span class='ocrx_word' id='word_1_655' title='bbox 1238 2198 1279 2224; x_wconf 85' lang='grc' dir='ltr'><strong>ὄτι</strong></span> <span class='ocrx_word' id='word_1_656' title='bbox 1293 2196 1376 2230; x_wconf 77' lang='grc' dir='ltr'>ἔδειξέ</span> <span class='ocrx_word' id='word_1_657' title='bbox 1394 2205 1435 2223; x_wconf 86' lang='grc' dir='ltr'><strong>σοι</strong></span> <span class='ocrx_word' id='word_1_658' title='bbox 1454 2197 1504 2231; x_wconf 76' lang='grc' dir='ltr'>τὴν</span> <span class='ocrx_word' id='word_1_659' title='bbox 1521 2196 1599 2223; x_wconf 70' lang='grc' dir='ltr'>νότον</span> <span class='ocrx_word' id='word_1_660' title='bbox 1613 2203 1678 2228; x_wconf 69' lang='lat' dir='ltr'><strong>seu;</strong></span> <span class='ocrx_word' id='word_1_661' title='bbox 1698 2195 1753 2221; x_wconf 77' lang='grc' dir='ltr'>Καὶ</span> <span class='ocrx_word' id='word_1_662' title='bbox 1768 2195 1856 2229; x_wconf 70' lang='grc' dir='ltr'>πράγ-</span> 
     </span>
    </p>
   </div>
   <div class='ocr_carea' id='block_1_83' title="bbox 1065 2239 1853 2279">
    <p class='ocr_par' dir='ltr' id='par_1_83' title="bbox 1065 2239 1853 2279">
     <span class='ocr_line' id='line_1_83' title="bbox 1065 2239 1853 2279; baseline -0.006 -8"><span class='ocrx_word' id='word_1_663' title='bbox 1065 2252 1131 2279; x_wconf 87' lang='grc' dir='ltr'>ματι</span> <span class='ocrx_word' id='word_1_664' title='bbox 1153 2244 1200 2270; x_wconf 78' lang='grc' dir='ltr'><strong>καὶ</strong></span> <span class='ocrx_word' id='word_1_665' title='bbox 1223 2243 1339 2278; x_wconf 73' lang='grc' dir='ltr'>ἀληθείᾳ</span> <span class='ocrx_word' id='word_1_666' title='bbox 1364 2243 1432 2278; x_wconf 76' lang='grc' dir='ltr'>μάθε</span> <span class='ocrx_word' id='word_1_667' title='bbox 1451 2242 1500 2274; x_wconf 67' lang='grc' dir='ltr'><strong>τὰς</strong></span> <span class='ocrx_word' id='word_1_668' title='bbox 1518 2241 1628 2273; x_wconf 73' lang='grc' dir='ltr'>ἐντολὰς</span> <span class='ocrx_word' id='word_1_669' title='bbox 1655 2241 1702 2268; x_wconf 76' lang='grc' dir='ltr'>τοῦ</span> <span class='ocrx_word' id='word_1_670' title='bbox 1718 2239 1853 2275; x_wconf 65' lang='grc' dir='ltr'>Χριστοῦ·</span> 
     </span>
    </p>
   </div>
   <div class='ocr_carea' id='block_1_84' title="bbox 1064 2286 1856 2325">
    <p class='ocr_par' dir='ltr' id='par_1_84' title="bbox 1064 2286 1856 2325">
     <span class='ocr_line' id='line_1_84' title="bbox 1064 2286 1856 2325; baseline -0.005 -9"><span class='ocrx_word' id='word_1_671' title='bbox 1064 2290 1093 2322; x_wconf 79' lang='grc' dir='ltr'>ὃς</span> <span class='ocrx_word' id='word_1_672' title='bbox 1114 2289 1332 2325; x_wconf 75' lang='grc' dir='ltr'>λοιδορούμενος,</span> <span class='ocrx_word' id='word_1_673' title='bbox 1361 2289 1411 2316; x_wconf 75' lang='grc' dir='ltr'>οὐκ</span> <span class='ocrx_word' id='word_1_674' title='bbox 1436 2288 1633 2323; x_wconf 74' lang='grc' dir='ltr'>ἀντελοιδόρει,</span> <span class='ocrx_word' id='word_1_675' title='bbox 1653 2286 1856 2322; x_wconf 71' lang='grc' dir='ltr'>κατηγορούμε-</span> 
     </span>
    </p>
   </div>
   <div class='ocr_carea' id='block_1_85' title="bbox 1064 2333 1855 2371">
    <p class='ocr_par' dir='ltr' id='par_1_85' title="bbox 1064 2333 1855 2371">
     <span class='ocr_line' id='line_1_85' title="bbox 1064 2333 1855 2371; baseline 0.003 -8"><span class='ocrx_word' id='word_1_676' title='bbox 1064 2345 1109 2368; x_wconf 80' lang='grc' dir='ltr'><strong>νος</strong></span> <span class='ocrx_word' id='word_1_677' title='bbox 1131 2335 1253 2367; x_wconf 79' lang='grc' dir='ltr'>ἐσιώπα,</span> <span class='ocrx_word' id='word_1_678' title='bbox 1269 2335 1468 2371; x_wconf 76' lang='grc' dir='ltr'>χλευαζόμενος</span> <span class='ocrx_word' id='word_1_679' title='bbox 1509 2333 1718 2369; x_wconf 70' lang='grc' dir='ltr'>ὲμακροθύμεῑν</span> <span class='ocrx_word' id='word_1_680' title='bbox 1744 2333 1855 2366; x_wconf 73' lang='grc' dir='ltr'><strong>πάσχων</strong></span> 
     </span>
    </p>
   </div>
   <div class='ocr_carea' id='block_1_86' title="bbox 221 2375 1017 2416">
    <p class='ocr_par' dir='ltr' id='par_1_86' title="bbox 221 2375 1014 2416">
     <span class='ocr_line' id='line_1_86' title="bbox 221 2375 1014 2416; baseline 0.013 -15"><span class='ocrx_word' id='word_1_681' title='bbox 221 2382 307 2410; x_wconf 86' lang='lat' dir='ltr'><strong>usque</strong></span> <span class='ocrx_word' id='word_1_682' title='bbox 329 2375 363 2403; x_wconf 88' lang='lat' dir='ltr'><strong>ad</strong></span> <span class='ocrx_word' id='word_1_683' title='bbox 380 2383 489 2410; x_wconf 86' lang='lat' dir='ltr'><strong>spumas</strong></span> <span class='ocrx_word' id='word_1_684' title='bbox 512 2385 559 2405; x_wconf 91' lang='lat' dir='ltr'><strong>ore</strong></span> <span class='ocrx_word' id='word_1_685' title='bbox 587 2380 732 2408; x_wconf 88' lang='lat' dir='ltr'><strong>mittendas</strong></span> <span class='ocrx_word' id='word_1_686' title='bbox 750 2382 940 2416; x_wconf 77' lang='lat' dir='ltr'><strong>perturbaris?</strong></span> <span class='ocrx_word' id='word_1_687' title='bbox 956 2381 1014 2412; x_wconf 86' lang='lat' dir='ltr'><strong>Hoc</strong></span> 
     </span>
    </p>
   </div>
   <div class='ocr_carea' id='block_1_87' title="bbox 1069 2375 1855 2416">
    <p class='ocr_par' dir='ltr' id='par_1_87' title="bbox 1069 2377 1855 2416">
     <span class='ocr_line' id='line_1_87' title="bbox 1069 2377 1855 2416; baseline -0.006 -8"><span class='ocrx_word' id='word_1_688' title='bbox 1069 2382 1116 2408; x_wconf 74' lang='grc' dir='ltr'><strong>οὐκ</strong></span> <span class='ocrx_word' id='word_1_689' title='bbox 1149 2380 1266 2416; x_wconf 76' lang='grc' dir='ltr'>ἠπείλει.</span> <span class='ocrx_word' id='word_1_690' title='bbox 1298 2380 1420 2411; x_wconf 77' lang='grc' dir='ltr'>’Δκούεις</span> <span class='ocrx_word' id='word_1_691' title='bbox 1443 2380 1526 2406; x_wconf 75' lang='grc' dir='ltr'>αὑτοῦ</span> <span class='ocrx_word' id='word_1_692' title='bbox 1557 2379 1683 2413; x_wconf 81' lang='grc' dir='ltr'>λέγοντος</span> <span class='ocrx_word' id='word_1_693' title='bbox 1708 2378 1756 2404; x_wconf 84' lang='grc' dir='ltr'>καὶ</span> <span class='ocrx_word' id='word_1_694' title='bbox 1785 2377 1855 2412; x_wconf 74' lang='grc' dir='ltr'>ττρά-</span> 
     </span>
    </p>
   </div>
   <div class='ocr_carea' id='block_1_88' title="bbox 222 2423 1014 2458">
    <p class='ocr_par' dir='ltr' id='par_1_88' title="bbox 222 2423 1014 2458">
     <span class='ocr_line' id='line_1_88' title="bbox 222 2423 1014 2458; baseline 0.01 -10"><span class='ocrx_word' id='word_1_695' title='bbox 222 2423 282 2456; x_wconf 90' lang='lat' dir='ltr'><strong>ipso</strong></span> <span class='ocrx_word' id='word_1_696' title='bbox 309 2428 447 2454; x_wconf 79' lang='lat' dir='ltr'><strong>monstras</strong></span> <span class='ocrx_word' id='word_1_697' title='bbox 468 2429 602 2458; x_wconf 72' lang='lat' dir='ltr'><strong>mgrotare</strong></span> <span class='ocrx_word' id='word_1_698' title='bbox 623 2430 661 2453; x_wconf 88' lang='lat' dir='ltr'><strong>te.</strong></span> <span class='ocrx_word' id='word_1_699' title='bbox 681 2425 749 2454; x_wconf 84' lang='lat' dir='ltr'><strong>Nam</strong></span> <span class='ocrx_word' id='word_1_700' title='bbox 774 2428 826 2455; x_wconf 85' lang='lat' dir='ltr'><strong>nisi</strong></span> <span class='ocrx_word' id='word_1_701' title='bbox 844 2433 869 2455; x_wconf 89' lang='lat' dir='ltr'><strong>te</strong></span> <span class='ocrx_word' id='word_1_702' title='bbox 885 2429 954 2456; x_wconf 86' lang='lat' dir='ltr'><strong>mala</strong></span> <span class='ocrx_word' id='word_1_703' title='bbox 977 2429 1014 2457; x_wconf 80' lang='lat' dir='ltr'><strong>l‘c-</strong></span> 
     </span>
    </p>
   </div>
   <div class='ocr_carea' id='block_1_89' title="bbox 220 2469 1013 2507">
    <p class='ocr_par' dir='ltr' id='par_1_89' title="bbox 220 2469 1013 2507">
     <span class='ocr_line' id='line_1_89' title="bbox 220 2469 1013 2507; baseline 0.011 -13"><span class='ocrx_word' id='word_1_704' title='bbox 220 2469 277 2496; x_wconf 84' lang='lat' dir='ltr'><strong>bris</strong></span> <span class='ocrx_word' id='word_1_705' title='bbox 297 2474 398 2501; x_wconf 86' lang='lat' dir='ltr'><strong>ureret,</strong></span> <span class='ocrx_word' id='word_1_706' title='bbox 412 2470 481 2496; x_wconf 92' lang='lat' dir='ltr'><strong>haud</strong></span> <span class='ocrx_word' id='word_1_707' title='bbox 492 2470 532 2497; x_wconf 87' lang='lat' dir='ltr'><strong>sic</strong></span> <span class='ocrx_word' id='word_1_708' title='bbox 549 2471 748 2500; x_wconf 87' lang='lat' dir='ltr'><strong>acccndercris.</strong></span> <span class='ocrx_word' id='word_1_709' title='bbox 767 2474 868 2507; x_wconf 84' lang='lat' dir='ltr'><strong>Quare,</strong></span> <span class='ocrx_word' id='word_1_710' title='bbox 885 2476 1013 2503; x_wconf 88' lang='lat' dir='ltr'><strong>omitlcns</strong></span> 
     </span>
    </p>
   </div>
   <div class='ocr_carea' id='block_1_90' title="bbox 221 2514 1012 2551">
    <p class='ocr_par' dir='ltr' id='par_1_90' title="bbox 221 2514 1012 2551">
     <span class='ocr_line' id='line_1_90' title="bbox 221 2514 1012 2551; baseline 0.01 -11"><span class='ocrx_word' id='word_1_711' title='bbox 221 2514 383 2549; x_wconf 83' lang='lat' dir='ltr'><strong>vituperare,</strong></span> <span class='ocrx_word' id='word_1_712' title='bbox 405 2516 442 2542; x_wconf 95' lang='lat' dir='ltr'><strong>uti</strong></span> <span class='ocrx_word' id='word_1_713' title='bbox 467 2516 611 2548; x_wconf 84' lang='lat' dir='ltr'><strong>debueras,</strong></span> <span class='ocrx_word' id='word_1_714' title='bbox 628 2521 654 2543; x_wconf 85' lang='lat' dir='ltr'><strong>te</strong></span> <span class='ocrx_word' id='word_1_715' title='bbox 675 2517 770 2551; x_wconf 86' lang='lat' dir='ltr'><strong>ipsam,</strong></span> <span class='ocrx_word' id='word_1_716' title='bbox 793 2527 939 2548; x_wconf 88' lang='lat' dir='ltr'><strong>succenses</strong></span> <span class='ocrx_word' id='word_1_717' title='bbox 958 2521 1012 2548; x_wconf 78' lang='lat' dir='ltr'><strong>fra-</strong></span> 
     </span>
    </p>
   </div>
   <div class='ocr_carea' id='block_1_91' title="bbox 221 2560 1009 2601">
    <p class='ocr_par' dir='ltr' id='par_1_91' title="bbox 221 2560 1009 2601">
     <span class='ocr_line' id='line_1_91' title="bbox 221 2560 1009 2601; baseline 0.009 -14"><span class='ocrx_word' id='word_1_718' title='bbox 221 2560 267 2593; x_wconf 85' lang='lat' dir='ltr'><strong>tri,</strong></span> <span class='ocrx_word' id='word_1_719' title='bbox 291 2568 323 2588; x_wconf 88' lang='lat' dir='ltr'><strong>eo</strong></span> <span class='ocrx_word' id='word_1_720' title='bbox 335 2561 404 2594; x_wconf 87' lang='lat' dir='ltr'><strong>quod</strong></span> <span class='ocrx_word' id='word_1_721' title='bbox 419 2562 440 2589; x_wconf 89' lang='lat' dir='ltr'><strong>is</strong></span> <span class='ocrx_word' id='word_1_722' title='bbox 461 2561 584 2588; x_wconf 87' lang='lat' dir='ltr'><strong>morbum</strong></span> <span class='ocrx_word' id='word_1_723' title='bbox 602 2562 650 2589; x_wconf 88' lang='lat' dir='ltr'><strong>tibi</strong></span> <span class='ocrx_word' id='word_1_724' title='bbox 669 2567 743 2590; x_wconf 88' lang='lat' dir='ltr'><strong>tuum</strong></span> <span class='ocrx_word' id='word_1_725' title='bbox 757 2565 1009 2601; x_wconf 70' lang='lat' dir='ltr'><strong>ostenderitiAge-</strong></span> 
     </span>
    </p>
   </div>
   <div class='ocr_carea' id='block_1_92' title="bbox 220 2606 1011 2642">
    <p class='ocr_par' dir='ltr' id='par_1_92' title="bbox 220 2606 1011 2642">
     <span class='ocr_line' id='line_1_92' title="bbox 220 2606 1011 2642; baseline 0.009 -10"><span class='ocrx_word' id='word_1_726' title='bbox 220 2607 282 2634; x_wconf 93' lang='lat' dir='ltr'><strong>dum</strong></span> <span class='ocrx_word' id='word_1_727' title='bbox 298 2607 345 2639; x_wconf 87' lang='lat' dir='ltr'><strong>sis,</strong></span> <span class='ocrx_word' id='word_1_728' title='bbox 362 2606 436 2634; x_wconf 89' lang='lat' dir='ltr'><strong>disce</strong></span> <span class='ocrx_word' id='word_1_729' title='bbox 459 2615 511 2634; x_wconf 92' lang='lat' dir='ltr'><strong>non</strong></span> <span class='ocrx_word' id='word_1_730' title='bbox 532 2606 727 2642; x_wconf 76' lang='lat' dir='ltr'><strong>perfunctorie,</strong></span> <span class='ocrx_word' id='word_1_731' title='bbox 749 2609 796 2636; x_wconf 88' lang='lat' dir='ltr'><strong>sed</strong></span> <span class='ocrx_word' id='word_1_732' title='bbox 811 2611 883 2638; x_wconf 90' lang='lat' dir='ltr'><strong>serio</strong></span> <span class='ocrx_word' id='word_1_733' title='bbox 903 2617 931 2638; x_wconf 90' lang='lat' dir='ltr'><strong>et</strong></span> <span class='ocrx_word' id='word_1_734' title='bbox 948 2619 1011 2639; x_wconf 88' lang='lat' dir='ltr'><strong>vere</strong></span> 
     </span>
    </p>
   </div>
   <div class='ocr_carea' id='block_1_93' title="bbox 219 2651 1014 2692">
    <p class='ocr_par' dir='ltr' id='par_1_93' title="bbox 219 2651 1014 2692">
     <span class='ocr_line' id='line_1_93' title="bbox 219 2651 1014 2692; baseline 0.008 -13"><span class='ocrx_word' id='word_1_735' title='bbox 219 2652 348 2679; x_wconf 88' lang='lat' dir='ltr'><strong>mandata</strong></span> <span class='ocrx_word' id='word_1_736' title='bbox 364 2651 463 2680; x_wconf 84' lang='lat' dir='ltr'><strong>Christi</strong></span> <span class='ocrx_word' id='word_1_737' title='bbox 484 2654 542 2688; x_wconf 84' lang='lat' dir='ltr'><strong>ejus</strong></span> <span class='ocrx_word' id='word_1_738' title='bbox 558 2654 689 2690; x_wconf 81' lang='lat' dir='ltr'><strong>exemplis</strong></span> <span class='ocrx_word' id='word_1_739' title='bbox 706 2655 812 2683; x_wconf 82' lang='lat' dir='ltr'><strong>sancitn</strong></span> <span class='ocrx_word' id='word_1_740' title='bbox 830 2657 894 2691; x_wconf 87' lang='lat' dir='ltr'><strong>:qui</strong></span> <span class='ocrx_word' id='word_1_741' title='bbox 910 2657 1014 2692; x_wconf 87' lang='lat' dir='ltr'><strong>appeti-</strong></span> 
     </span>
    </p>
   </div>
   <div class='ocr_carea' id='block_1_94' title="bbox 220 2698 1008 2736">
    <p class='ocr_par' dir='ltr' id='par_1_94' title="bbox 220 2698 1008 2736">
     <span class='ocr_line' id='line_1_94' title="bbox 220 2698 1008 2736; baseline 0.009 -13"><span class='ocrx_word' id='word_1_742' title='bbox 220 2702 263 2725; x_wconf 93' lang='lat' dir='ltr'><strong>tus</strong></span> <span class='ocrx_word' id='word_1_743' title='bbox 273 2698 402 2726; x_wconf 87' lang='lat' dir='ltr'><strong>conviciis</strong></span> <span class='ocrx_word' id='word_1_744' title='bbox 415 2707 468 2726; x_wconf 88' lang='lat' dir='ltr'><strong>non</strong></span> <span class='ocrx_word' id='word_1_745' title='bbox 481 2699 600 2728; x_wconf 88' lang='lat' dir='ltr'><strong>vicissim</strong></span> <span class='ocrx_word' id='word_1_746' title='bbox 616 2701 837 2735; x_wconf 88' lang='lat' dir='ltr'><strong>conviciabatur;</strong></span> <span class='ocrx_word' id='word_1_747' title='bbox 853 2708 1008 2736; x_wconf 87' lang='lat' dir='ltr'><strong>accusatus,</strong></span> 
     </span>
    </p>
   </div>
   <div class='ocr_carea' id='block_1_95' title="bbox 219 2743 1009 2783">
    <p class='ocr_par' dir='ltr' id='par_1_95' title="bbox 219 2743 1009 2783">
     <span class='ocr_line' id='line_1_95' title="bbox 219 2743 1009 2783; baseline 0.009 -14"><span class='ocrx_word' id='word_1_748' title='bbox 219 2743 341 2777; x_wconf 80' lang='lat' dir='ltr'><strong>tacebat;</strong></span> <span class='ocrx_word' id='word_1_749' title='bbox 356 2743 460 2777; x_wconf 90' lang='lat' dir='ltr'><strong>illusus,</strong></span> <span class='ocrx_word' id='word_1_750' title='bbox 483 2745 674 2780; x_wconf 87' lang='lat' dir='ltr'><strong>longanimiter</strong></span> <span class='ocrx_word' id='word_1_751' title='bbox 696 2747 814 2781; x_wconf 82' lang='lat' dir='ltr'><strong>ferebat;</strong></span> <span class='ocrx_word' id='word_1_752' title='bbox 831 2749 935 2783; x_wconf 86' lang='lat' dir='ltr'><strong>patiens</strong></span> <span class='ocrx_word' id='word_1_753' title='bbox 955 2757 1009 2776; x_wconf 92' lang='lat' dir='ltr'><strong>non</strong></span> 
     </span>
    </p>
   </div>
   <div class='ocr_carea' id='block_1_96' title="bbox 219 2789 1008 2828">
    <p class='ocr_par' dir='ltr' id='par_1_96' title="bbox 219 2789 1008 2828">
     <span class='ocr_line' id='line_1_96' title="bbox 219 2789 1008 2828; baseline 0.008 -14"><span class='ocrx_word' id='word_1_754' title='bbox 219 2789 382 2816; x_wconf 86' lang='lat' dir='ltr'><strong>minabatur.</strong></span> <span class='ocrx_word' id='word_1_755' title='bbox 397 2790 482 2818; x_wconf 79' lang='lat' dir='ltr'><strong>Audis</strong></span> <span class='ocrx_word' id='word_1_756' title='bbox 492 2799 552 2826; x_wconf 72' lang='lat' dir='ltr'><strong>qua:</strong></span> <span class='ocrx_word' id='word_1_757' title='bbox 567 2792 633 2819; x_wconf 87' lang='lat' dir='ltr'><strong>dicit</strong></span> <span class='ocrx_word' id='word_1_758' title='bbox 646 2792 800 2826; x_wconf 88' lang='lat' dir='ltr'><strong>jubentem,</strong></span> <span class='ocrx_word' id='word_1_759' title='bbox 816 2798 844 2820; x_wconf 84' lang='lat' dir='ltr'><strong>et</strong></span> <span class='ocrx_word' id='word_1_760' title='bbox 859 2801 920 2828; x_wconf 73' lang='lat' dir='ltr'><strong>qure</strong></span> <span class='ocrx_word' id='word_1_761' title='bbox 930 2793 1008 2828; x_wconf 82' lang='lat' dir='ltr'><strong>jubet</strong></span> 
     </span>
    </p>
   </div>
   <div class='ocr_carea' id='block_1_97' title="bbox 218 2834 1007 2871">
    <p class='ocr_par' dir='ltr' id='par_1_97' title="bbox 218 2834 1007 2871">
     <span class='ocr_line' id='line_1_97' title="bbox 218 2834 1007 2871; baseline 0.008 -11"><span class='ocrx_word' id='word_1_762' title='bbox 218 2834 343 2869; x_wconf 75' lang='lat' dir='ltr'><strong>exemplo</strong></span> <span class='ocrx_word' id='word_1_763' title='bbox 359 2837 469 2871; x_wconf 84' lang='lat' dir='ltr'><strong>proprio</strong></span> <span class='ocrx_word' id='word_1_764' title='bbox 485 2842 680 2866; x_wconf 87' lang='lat' dir='ltr'><strong>monstrantem</strong></span> <span class='ocrx_word' id='word_1_765' title='bbox 696 2838 824 2866; x_wconf 82' lang='lat' dir='ltr'><strong>:Dorsum</strong></span> <span class='ocrx_word' id='word_1_766' title='bbox 845 2847 930 2866; x_wconf 78' lang='grc' dir='ltr'>ηιειιηι</span> <span class='ocrx_word' id='word_1_767' title='bbox 946 2840 1007 2866; x_wconf 80' lang='lat' dir='ltr'><strong>dedi</strong></span> 
     </span>
    </p>
   </div>
   <div class='ocr_carea' id='block_1_98' title="bbox 344 2897 352 2906">
    <p class='ocr_par' dir='ltr' id='par_1_98' title="bbox 344 2897 352 2906">
     <span class='ocr_line' id='line_1_98' title="bbox 344 2897 352 2906; baseline 0 0"><span class='ocrx_word' id='word_1_768' title='bbox 344 2897 352 2906; x_wconf 67' lang='grc' dir='ltr'><strong>ι</strong></span> 
     </span>
    </p>
   </div>
   <div class='ocr_carea' id='block_1_99' title="bbox 254 2912 431 2947">
    <p class='ocr_par' dir='ltr' id='par_1_99' title="bbox 254 2912 431 2947">
     <span class='ocr_line' id='line_1_99' title="bbox 254 2912 431 2947; baseline 0.017 -8"><span class='ocrx_word' id='word_1_769' title='bbox 254 2913 274 2928; x_wconf 79' lang='grc'><strong>⁸⁸</strong></span> <span class='ocrx_word' id='word_1_770' title='bbox 292 2912 341 2940; x_wconf 75' lang='lat' dir='ltr'><strong>Job</strong></span> <span class='ocrx_word' id='word_1_771' title='bbox 357 2921 390 2947; x_wconf 78' lang='lat' dir='ltr'><strong>Vl,</strong></span> <span class='ocrx_word' id='word_1_772' title='bbox 407 2916 431 2942; x_wconf 73' lang='grc'><strong>2.</strong></span> 
     </span>
    </p>
   </div>
   <div class='ocr_carea' id='block_1_100' title="bbox 1064 2423 1855 2462">
    <p class='ocr_par' dir='ltr' id='par_1_100' title="bbox 1064 2423 1855 2462">
     <span class='ocr_line' id='line_1_100' title="bbox 1064 2423 1855 2462; baseline -0.006 -9"><span class='ocrx_word' id='word_1_773' title='bbox 1064 2436 1149 2462; x_wconf 77' lang='grc' dir='ltr'>γματι</span> <span class='ocrx_word' id='word_1_774' title='bbox 1173 2424 1320 2458; x_wconf 77' lang='grc' dir='ltr'>δείξαντος·</span> <span class='ocrx_word' id='word_1_775' title='bbox 1347 2426 1402 2452; x_wconf 78' lang='grc' dir='ltr'><strong>Τὸν</strong></span> <span class='ocrx_word' id='word_1_776' title='bbox 1420 2425 1518 2452; x_wconf 76' lang='grc' dir='ltr'>’νῶτόν</span> <span class='ocrx_word' id='word_1_777' title='bbox 1531 2434 1591 2459; x_wconf 58' lang='grc' dir='ltr'>ιιινυ</span> <span class='ocrx_word' id='word_1_778' title='bbox 1612 2424 1708 2450; x_wconf 64' lang='grc' dir='ltr'>ἔδωκα</span> <span class='ocrx_word' id='word_1_779' title='bbox 1734 2424 1777 2456; x_wconf 77' lang='grc' dir='ltr'>εἰς</span> <span class='ocrx_word' id='word_1_780' title='bbox 1801 2423 1855 2457; x_wconf 78' lang='grc' dir='ltr'><strong>μά-</strong></span> 
     </span>
    </p>
   </div>
   <div class='ocr_carea' id='block_1_101' title="bbox 1062 2468 1856 2508">
    <p class='ocr_par' dir='ltr' id='par_1_101' title="bbox 1062 2468 1856 2508">
     <span class='ocr_line' id='line_1_101' title="bbox 1062 2468 1856 2508; baseline -0.009 -7"><span class='ocrx_word' id='word_1_781' title='bbox 1062 2483 1179 2508; x_wconf 78' lang='grc' dir='ltr'>στιγας,</span> <span class='ocrx_word' id='word_1_782' title='bbox 1194 2473 1247 2506; x_wconf 82' lang='grc' dir='ltr'><strong>τὰς</strong></span> <span class='ocrx_word' id='word_1_783' title='bbox 1255 2472 1288 2499; x_wconf 83' lang='grc' dir='ltr'><strong>δὲ</strong></span> <span class='ocrx_word' id='word_1_784' title='bbox 1301 2473 1445 2507; x_wconf 78' lang='grc' dir='ltr'>σιαγόνας</span> <span class='ocrx_word' id='word_1_785' title='bbox 1455 2480 1515 2506; x_wconf 85' lang='grc' dir='ltr'>μου</span> <span class='ocrx_word' id='word_1_786' title='bbox 1529 2472 1760 2505; x_wconf 70' lang='grc' dir='ltr'>εἱςρίιπίσμιιτιι·</span> <span class='ocrx_word' id='word_1_787' title='bbox 1774 2469 1807 2496; x_wconf 77' lang='grc' dir='ltr'>τὸ</span> <span class='ocrx_word' id='word_1_788' title='bbox 1821 2468 1856 2495; x_wconf 72' lang='grc' dir='ltr'><strong>δὲ</strong></span> 
     </span>
    </p>
   </div>
   <div class='ocr_carea' id='block_1_102' title="bbox 1062 2516 1854 2554">
    <p class='ocr_par' dir='ltr' id='par_1_102' title="bbox 1062 2516 1854 2554">
     <span class='ocr_line' id='line_1_102' title="bbox 1062 2516 1854 2554; baseline -0.008 -7"><span class='ocrx_word' id='word_1_789' title='bbox 1062 2519 1225 2554; x_wconf 79' lang='grc' dir='ltr'><strong>πρόσωπόν</strong></span> <span class='ocrx_word' id='word_1_790' title='bbox 1253 2525 1313 2554; x_wconf 81' lang='grc' dir='ltr'>μου</span> <span class='ocrx_word' id='word_1_791' title='bbox 1339 2519 1395 2546; x_wconf 75' lang='grc' dir='ltr'>οὐκ</span> <span class='ocrx_word' id='word_1_792' title='bbox 1418 2517 1595 2552; x_wconf 70' lang='grc' dir='ltr'>ἀπέστρεψα</span> <span class='ocrx_word' id='word_1_793' title='bbox 1618 2517 1677 2544; x_wconf 75' lang='grc' dir='ltr'><strong>ἀπὸ</strong></span> <span class='ocrx_word' id='word_1_794' title='bbox 1705 2516 1854 2550; x_wconf 70' lang='grc' dir='ltr'>αἰσχύνης</span> 
     </span>
    </p>
   </div>
   <div class='ocr_carea' id='block_1_103' title="bbox 1059 2563 1854 2601">
    <p class='ocr_par' dir='ltr' id='par_1_103' title="bbox 1059 2563 1854 2601">
     <span class='ocr_line' id='line_1_103' title="bbox 1059 2563 1854 2601; baseline -0.004 -9"><span class='ocrx_word' id='word_1_795' title='bbox 1059 2565 1290 2601; x_wconf 71' lang='grc' dir='ltr'>ἑμπτυσμάτων.</span> <span class='ocrx_word' id='word_1_796' title='bbox 1301 2566 1355 2591; x_wconf 81' lang='grc' dir='ltr'>Καὶ</span> <span class='ocrx_word' id='word_1_797' title='bbox 1369 2566 1411 2596; x_wconf 76' lang='grc' dir='ltr'><strong>σὺ,</strong></span> <span class='ocrx_word' id='word_1_798' title='bbox 1424 2564 1595 2600; x_wconf 61' lang='grc' dir='ltr'>ἀθλίαψυχὴ,</span> <span class='ocrx_word' id='word_1_799' title='bbox 1608 2565 1653 2590; x_wconf 75' lang='grc' dir='ltr'><strong>ἐπὶ</strong></span> <span class='ocrx_word' id='word_1_800' title='bbox 1663 2563 1764 2599; x_wconf 76' lang='grc' dir='ltr'>μικρὰν</span> <span class='ocrx_word' id='word_1_801' title='bbox 1776 2563 1854 2598; x_wconf 74' lang='grc' dir='ltr'>ὕϐριν</span> 
     </span>
    </p>
   </div>
   <div class='ocr_carea' id='block_1_104' title="bbox 1062 2609 1852 2646">
    <p class='ocr_par' dir='ltr' id='par_1_104' title="bbox 1062 2609 1852 2646">
     <span class='ocr_line' id='line_1_104' title="bbox 1062 2609 1852 2646; baseline -0.004 -10"><span class='ocrx_word' id='word_1_802' title='bbox 1062 2611 1110 2637; x_wconf 72' lang='grc' dir='ltr'>καὶ</span> <span class='ocrx_word' id='word_1_803' title='bbox 1128 2610 1253 2646; x_wconf 77' lang='grc' dir='ltr'>ἀτιμίαν,</span> <span class='ocrx_word' id='word_1_804' title='bbox 1263 2610 1530 2646; x_wconf 67' lang='grc' dir='ltr'>καταφρόνησιν,καὶ</span> <span class='ocrx_word' id='word_1_805' title='bbox 1539 2610 1725 2645; x_wconf 53' lang='lat' dir='ltr'><strong>arm-.90»;qu</strong></span> <span class='ocrx_word' id='word_1_806' title='bbox 1740 2609 1852 2634; x_wconf 70' lang='grc' dir='ltr'>ὀνειδιε-</span> 
     </span>
    </p>
   </div>
   <div class='ocr_carea' id='block_1_105' title="bbox 1064 2655 1851 2693">
    <p class='ocr_par' dir='ltr' id='par_1_105' title="bbox 1064 2655 1851 2693">
     <span class='ocr_line' id='line_1_105' title="bbox 1064 2655 1851 2693; baseline -0.005 -9"><span class='ocrx_word' id='word_1_807' title='bbox 1064 2656 1137 2693; x_wconf 77' lang='grc' dir='ltr'><strong>μδνῆ</strong></span> <span class='ocrx_word' id='word_1_808' title='bbox 1148 2656 1329 2692; x_wconf 80' lang='grc' dir='ltr'>συκοφαντίαν</span> <span class='ocrx_word' id='word_1_809' title='bbox 1338 2657 1425 2683; x_wconf 85' lang='grc' dir='ltr'>κεῖσαι</span> <span class='ocrx_word' id='word_1_810' title='bbox 1432 2656 1569 2682; x_wconf 74' lang='grc' dir='ltr'>πλέκουσα</span> <span class='ocrx_word' id='word_1_811' title='bbox 1578 2655 1851 2691; x_wconf 63' lang='grc' dir='ltr'>μυρίουςὶργισμυὺς,</span> 
     </span>
    </p>
   </div>
   <div class='ocr_carea' id='block_1_106' title="bbox 1065 2700 1854 2738">
    <p class='ocr_par' dir='ltr' id='par_1_106' title="bbox 1065 2700 1854 2738">
     <span class='ocr_line' id='line_1_106' title="bbox 1065 2700 1854 2738; baseline -0.006 -8"><span class='ocrx_word' id='word_1_812' title='bbox 1065 2703 1280 2730; x_wconf 78' lang='grc' dir='ltr'>ἐπιὸουλεύουσα</span> <span class='ocrx_word' id='word_1_813' title='bbox 1300 2703 1382 2738; x_wconf 81' lang='grc' dir='ltr'>ἑαυτῇ</span> <span class='ocrx_word' id='word_1_814' title='bbox 1401 2702 1441 2734; x_wconf 80' lang='grc' dir='ltr'>ὡς</span> <span class='ocrx_word' id='word_1_815' title='bbox 1462 2703 1486 2728; x_wconf 85' lang='grc' dir='ltr'>οἱ</span> <span class='ocrx_word' id='word_1_816' title='bbox 1507 2701 1645 2737; x_wconf 78' lang='grc' dir='ltr'>δαίμονες.</span> <span class='ocrx_word' id='word_1_817' title='bbox 1661 2702 1694 2727; x_wconf 77' lang='grc' dir='ltr'>Τί</span> <span class='ocrx_word' id='word_1_818' title='bbox 1716 2701 1795 2727; x_wconf 78' lang='grc' dir='ltr'>πλέον</span> <span class='ocrx_word' id='word_1_819' title='bbox 1809 2700 1854 2726; x_wconf 74' lang='grc' dir='ltr'><strong>δύ-</strong></span> 
     </span>
    </p>
   </div>
   <div class='ocr_carea' id='block_1_107' title="bbox 1062 2744 1854 2784">
    <p class='ocr_par' dir='ltr' id='par_1_107' title="bbox 1062 2744 1854 2784">
     <span class='ocr_line' id='line_1_107' title="bbox 1062 2744 1854 2784; baseline -0.006 -8"><span class='ocrx_word' id='word_1_820' title='bbox 1062 2758 1142 2776; x_wconf 82' lang='grc' dir='ltr'>ναται</span> <span class='ocrx_word' id='word_1_821' title='bbox 1164 2751 1275 2784; x_wconf 69' lang='grc' dir='ltr'>ποιῆοαι</span> <span class='ocrx_word' id='word_1_822' title='bbox 1295 2748 1398 2784; x_wconf 75' lang='grc' dir='ltr'>δαίμων</span> <span class='ocrx_word' id='word_1_823' title='bbox 1413 2749 1449 2784; x_wconf 82' lang='grc' dir='ltr'>τῇ</span> <span class='ocrx_word' id='word_1_824' title='bbox 1468 2747 1579 2783; x_wconf 71' lang='grc' dir='ltr'>τοιαύτῃ</span> <span class='ocrx_word' id='word_1_825' title='bbox 1594 2747 1680 2782; x_wconf 75' lang='grc' dir='ltr'>ψυχῇ,</span> <span class='ocrx_word' id='word_1_826' title='bbox 1701 2744 1758 2773; x_wconf 76' lang='grc' dir='ltr'>οἷον</span> <span class='ocrx_word' id='word_1_827' title='bbox 1782 2746 1854 2772; x_wconf 81' lang='grc' dir='ltr'><strong>ποιεῖ</strong></span> 
     </span>
    </p>
   </div>
   <div class='ocr_carea' id='block_1_108' title="bbox 1062 2791 1853 2831">
    <p class='ocr_par' dir='ltr' id='par_1_108' title="bbox 1062 2791 1853 2831">
     <span class='ocr_line' id='line_1_108' title="bbox 1062 2791 1853 2831; baseline 0.004 -10"><span class='ocrx_word' id='word_1_828' title='bbox 1062 2794 1131 2830; x_wconf 82' lang='grc' dir='ltr'>αὐτὴ</span> <span class='ocrx_word' id='word_1_829' title='bbox 1145 2795 1262 2831; x_wconf 51' lang='lat' dir='ltr'><strong>saucii-1;</strong></span> <span class='ocrx_word' id='word_1_830' title='bbox 1278 2794 1330 2821; x_wconf 79' lang='grc' dir='ltr'>Τὸν</span> <span class='ocrx_word' id='word_1_831' title='bbox 1343 2794 1460 2830; x_wconf 76' lang='grc' dir='ltr'>σταυρὸν</span> <span class='ocrx_word' id='word_1_832' title='bbox 1472 2793 1520 2820; x_wconf 69' lang='grc' dir='ltr'>τοῦ</span> <span class='ocrx_word' id='word_1_833' title='bbox 1537 2793 1656 2828; x_wconf 75' lang='grc' dir='ltr'>Χριστοῦ</span> <span class='ocrx_word' id='word_1_834' title='bbox 1672 2792 1780 2827; x_wconf 78' lang='grc' dir='ltr'>βλέπεις</span> <span class='ocrx_word' id='word_1_835' title='bbox 1793 2799 1800 2806; x_wconf 79' lang='lat'><strong>‘</strong></span> <span class='ocrx_word' id='word_1_836' title='bbox 1817 2791 1853 2818; x_wconf 60' lang='grc' dir='ltr'><strong>τὶ</strong></span> 
     </span>
    </p>
   </div>
   <div class='ocr_carea' id='block_1_109' title="bbox 1064 2837 1849 2875">
    <p class='ocr_par' dir='ltr' id='par_1_109' title="bbox 1064 2837 1849 2875">
     <span class='ocr_line' id='line_1_109' title="bbox 1064 2837 1849 2875; baseline -0.006 -8"><span class='ocrx_word' id='word_1_837' title='bbox 1064 2839 1138 2875; x_wconf 83' lang='grc' dir='ltr'><strong>πάθη</strong></span> <span class='ocrx_word' id='word_1_838' title='bbox 1156 2839 1380 2874; x_wconf 68' lang='grc' dir='ltr'>ἀναγινώσκομεν</span> <span class='ocrx_word' id='word_1_839' title='bbox 1394 2838 1457 2866; x_wconf 82' lang='grc' dir='ltr'>καθ’</span> <span class='ocrx_word' id='word_1_840' title='bbox 1472 2839 1591 2874; x_wconf 76' lang='grc' dir='ltr'>ἑκάστην</span> <span class='ocrx_word' id='word_1_841' title='bbox 1606 2837 1723 2874; x_wconf 73' lang='grc' dir='ltr'>ἡμέραν,</span> <span class='ocrx_word' id='word_1_842' title='bbox 1738 2839 1755 2864; x_wconf 75' lang='grc' dir='ltr'><strong>ὃ.</strong></span> <span class='ocrx_word' id='word_1_843' title='bbox 1767 2837 1849 2863; x_wconf 73' lang='grc' dir='ltr'>ἔπαθε</span> 
     </span>
    </p>
   </div>
  </div>
