2064 3162
165 213 233 244 1'689
889 212 1089 248 ALLOQUIA.
1725 211 1793 244 1690

157 272 197 319 γδι’
209 272 292 308 ἡμεῖς’
305 270 353 297 καὶ
369 271 448 306 ήμεῖς
467 271 595 306 οὐδεμίαν
610 270 688 307 ὕϐριν
702 270 832 307 φέρομεν.
849 270 954 302 Ὄντως

1011 271 1033 297 in
1049 270 1164 305 ﬂagella,
1184 275 1207 298 el
1230 279 1308 306 genus
1330 278 1399 298 mens
1426 270 1451 296 in
1467 269 1559 304 alapas
1573 277 1581 296 :
1597 268 1690 303 facient
1706 274 1792 296 autem

163 317 353 353 ὲξετράπημεν
365 318 414 352 τῆς
428 316 535 348 εὐθείας
547 317 617 344 ὁδοῦ.

1011 324 1054 342 ton
1070 316 1152 342 averli
1164 324 1180 342 a
1196 316 1354 343 contumelia
1374 320 1508 350 spulorum
1518 316 1539 342 ⁸.
1555 313 1596 341 Τιι
1616 322 1689 348 vero,
1704 314 1792 341 anima

164 365 274 396 misera,
292 364 326 391 ob
362 363 494 390 modicam
526 363 663 397 iniuriam.
688 364 874 400 ignominiam,
909 363 1077 397 despectum,
1105 361 1399 396 exprobratiunculam,
1423 365 1450 389 et
1478 359 1691 388 criminationem
1713 367 1792 394 quam

163 416 242 445 putas
262 411 367 444 falsam,
386 411 471 437 instas
487 412 627 439 nectendis
655 412 843 446 plicandisque
876 410 1086 446 cegitationibus
1127 408 1300 437 innumeris:
1317 414 1345 436 at
1377 409 1537 436 machinans
1562 407 1637 439 talia,
1655 407 1793 435 insidiaris

166 457 211 483 tibi
231 457 290 491 ipsi.
309 464 418 490 operam
433 455 598 491 coniungens
613 465 675 484 cum
690 456 906 493 oppugnantibus
922 461 947 484 te
967 455 1146 483 daemonibus.
1161 454 1238 482 Haud
1257 455 1329 482 enim
1363 462 1461 482 nocere
1492 462 1608 489 unquam
1627 454 1714 481 malus
1735 453 1789 480 dre-

166 511 226 529 mnn
244 503 341 529 anima:
367 503 411 530 tali
429 507 529 537 posset,
551 508 680 538 quantum
701 504 759 538 ipsa
782 508 862 531 nocet
883 503 946 531 sibi.
976 502 1056 530 Vides
1079 509 1187 530 crucem
1203 501 1323 534 Christi;
1348 500 1428 533 mala,
1464 501 1589 532 verbera,
1606 500 1730 531 vulnera,
1745 506 1794 532 op—

165 549 272 583 probria
288 556 346 582 quae
362 556 409 582 pro
422 549 497 577 nobis
512 557 606 584 passas
623 554 674 582 est,
687 549 809 585 quotidie
824 550 937 584 legimus
957 557 964 577 :

985 553 1012 576 et.
1027 549 1155 577 inducere
1179 547 1305 576 nolumus
1321 547 1347 575 in
1370 547 1502 579 animum,
1541 547 1689 581 quidquam
1714 544 1792 572 nobis

166 594 300 629 ingratum
322 595 392 621 ferre
414 596 560 629 patienter.
583 596 651 624 Vere
673 596 858 624 aberravimus
874 603 889 622 a
908 595 951 622 via
971 599 1058 623 recta.

202 651 297 685 Ἔλεγε
313 651 339 677 δὲ
356 651 407 683 ὅτι,
426 652 487 679 Ἐὰν
500 653 569 688 ζήσῃ
587 662 628 684 τις
643 653 690 685 ἐτη
704 652 749 679 τοῦ
766 651 932 679 Μαϐουσάλα
944 672 953 684 ,

166 698 213 723 καὶ
227 697 264 731 μὴ
279 697 376 733 ὀδεύσῃ
393 697 495 732 ταύτην
511 698 561 732 τὴν
579 698 686 724 εὐθεῖαν
700 698 759 724 ὁδὸν
782 698 814 732 ἣν
828 697 952 724 ὥδευσαν

167 743 267 773 πάντες
289 743 313 768 οἱ
330 742 417 775 ἆγιοι·
433 742 504 776 λέγω
524 743 556 778 δὴ
576 743 625 777 τὴν
641 743 689 770 τοῦ
706 743 889 778 ἀτιμάζεσθαι
907 743 954 769 καὶ

167 789 260 822 φέρειν
275 788 416 822 γενναίως·
435 789 465 814 οὐ
484 788 521 823 μὴ
536 789 635 823 προϐῇ,
650 789 678 815 οὐ
697 789 805 824 μικρὸν,
821 789 852 814 οὺ
871 787 951 823 μέγα·

166 831 226 860 οὐδὲ
241 833 353 867 εὑρήσει
367 834 412 859 τὸν
432 834 461 859 ὲν
478 834 538 864 ταῖς
557 834 677 865 ἐντολαῖς
695 834 884 869 κρυπτόμενον
907 833 955 867 θη-

168 880 280 913 σαυρόν·
295 879 362 905 ἀλλὰ
379 879 504 913 μόνοντὰ
519 879 565 914 ἔτη
580 879 661 906 αὐτοῦ
673 879 812 909 ἀναλίσκει
823 878 953 914 διηνεκῶς

1040 651 1113 679 Dixit
1125 651 1204 679 etiam
1223 649 1348 678 Zosimas
1363 648 1410 676 :Si
1430 648 1490 682 quis
1508 646 1607 674 vixerit
1632 652 1718 673 annos
1736 643 1794 672 Ma-

1006 697 1129 729 thusala,
1150 701 1178 724 ct
1193 703 1244 723 non
1270 693 1434 729 processerit
1451 701 1500 728 per
1518 693 1586 719 hanc
1605 696 1705 719 rectam
1723 690 1792 717 viam

1004 750 1056 777 qua
1079 743 1249 770 incesserunt
1270 747 1365 768 omnes
1388 739 1493 771 sancti,
1519 739 1603 769 viam,
1618 735 1794 771 inquam,fe-

1003 787 1082 814 rendi
1097 786 1202 814 fortiter
1218 785 1396 813 contumelias
1417 788 1444 811 et
1459 784 1569 815 damna,
1592 789 1645 809 non
1661 780 1794 815 proﬁciet,

1005 842 1040 861 ne
1055 842 1149 868 parum
1167 833 1286 868 quidem,
1299 832 1396 859 nedum
1417 831 1529 858 multum
1543 839 1550 864 ;
1569 836 1656 865 neque
1672 828 1790 856 inveniet

1007 879 1194 907 absconditum
1218 879 1244 905 in
1263 877 1402 905 mandatis
1424 877 1590 907 thesaurum,
1616 876 1662 903 sed
1691 879 1794 901 tantum

167 925 306 959 διακενῆς.
322 926 399 951 Ἔστι
416 923 470 960 γὰρ
483 926 526 951 ὅτε
541 927 706 960 καταφρονεῖ
722 934 764 956 τις
779 925 883 952 πολλῶν
894 933 955 951 κεν-

1011 932 1069 951 suos
1082 931 1168 950 anxios
1183 927 1327 950 consumet
1340 921 1469 949 continue
1485 921 1511 948 iu
1531 927 1629 947 Vanum
1647 926 1654 946 :
1668 923 1709 946 cst
1723 917 1794 945 enim

166 971 312 1006 τηναρίων,
336 971 383 998 καὶ
396 971 506 1006 ἔρχεται
525 972 565 1002 si:
588 971 720 1007 ραφίδιοψ
734 972 807 1007 καὶὴ
829 971 955 1006 προσπᾱ-

167 1017 226 1042 θεία
249 1016 330 1043 αὐτοῦ
356 1019 425 1043 ποιεῖ
447 1017 529 1044 αὐτὺν
542 1018 736 1052 ταράττεσθαι,
759 1018 805 1045 καὶ
830 1019 903 1044 ποιεῖ
925 1017 956 1044 τὸ

168 1064 289 1097 pago-365w
309 1065 396 1090 ἐκεῖνο
417 1065 497 1091 τόπον
513 1065 702 1100 κεντηναρίου,
724 1065 772 1091 καὶ
792 1064 896 1099 γίνεταί
914 1072 956 1095 τις

167 1110 213 1135 τοῦ
237 1110 361 1144 ραφιδῑου
377 1111 468 1142 δοῦλος
482 1130 488 1142 ,
505 1111 521 1145 ἢ
535 1110 582 1136 τοῦ
599 1110 774 1144 κουκουλίου,
789 1110 805 1146 ῆ
828 1110 874 1136 τοῦ
891 1118 957 1145 μανι

167 1155 268 1185 δυλῖου,
284 1155 300 1190 ἢ
317 1156 364 1182 τοῦ
381 1156 494 1190 βιϐλίου·
513 1156 560 1183 καὶ
580 1157 629 1182 οὐκ
644 1156 702 1183 ἔστι
714 1156 805 1188 δοῦλος
817 1156 863 1182 τοῦ
876 1155 954 1182 Θεοῦ·

167 1202 214 1227 καὶ
230 1201 320 1233 καλῶς
334 1200 394 1228 εἶπέ
411 1211 452 1234 τις
466 1202 520 1229 τῶν
539 1202 627 1236 σοφῶν
641 1203 681 1228 ὅτι
695 1203 746 1229 ὅσα
763 1202 835 1237 πάθη
850 1202 954 1237 ψυχῆς»

167 1247 289 1273 τοσοῦτοι
310 1248 355 1274 καὶ
369 1248 508 1275 δεσπόται.
525 1249 581 1274 Καὶ
594 1249 607 1274 ὁ
627 1248 738 1284 Κύριος·
757 1249 849 1275 Ὅπου
871 1250 887 1275 ὁ
903 1250 955 1282 θη-

168 1293 279 1325 σαυρός
291 1301 358 1323 σου.
374 1293 438 1319 ἐκεῖ
451 1294 536 1320 ἔσται
552 1294 571 1327 ὴ
586 1293 693 1327 καρδία
709 1300 780 1320 σου.
801 1293 856 1319 Καὶ
875 1292 956 1319 πάλιν

168 1339 182 1364 ὁ
200 1339 371 1371 Ἀπόστολος·
388 1337 425 1374 τῼ
444 1348 488 1372 τις
510 1339 648 1373 ἥττηται,
669 1340 763 1372 τούτῳ
783 1339 831 1366 καὶ
852 1338 956 1366 δεδού-

168 1386 267 1412 λωται.

205 1535 242 1569 ς’.
263 1537 317 1563 Καὶ
339 1536 415 1571 ἔλεγε
439 1537 545 1564 πάλινδ
563 1536 708 1572 μακάριος·
736 1535 881 1571 Ὠδεύομεν
901 1535 957 1569 ἐγώ

1007 970 1115 1005 quando
1128 977 1240 997 exorsus
1254 967 1352 1003 aliquis
1367 975 1381 994 a
1404 974 1536 1002 generoso
1550 969 1704 998 contemptu
1727 962 1796 990 mul-

1007 1021 1096 1044 torum
1112 1015 1344 1046 centenariorum,
1368 1013 1557 1048 progrctlietur
1569 1011 1630 1038 inde
1648 1011 1681 1037 ad
1696 1009 1798 1043 ample-

1007 1060 1132 1088 ctendam
1148 1067 1240 1087 amore
1262 1059 1346 1085 nimio
1360 1057 1492 1085 aciculam
1510 1066 1516 1083 :
1530 1061 1557 1083 et
1573 1057 1594 1083 is
1611 1054 1722 1081 affectus
1736 1061 1796 1088 per-

1008 1106 1172 1133 turbationis
1195 1113 1246 1132 non
1276 1104 1390 1131 modica:
1417 1110 1498 1130 causa
1528 1102 1575 1135 fit;
1604 1105 1630 1128 et
1658 1099 1797 1127 substituit

1007 1153 1079 1180 illam
1101 1151 1233 1179 aciculam
1256 1151 1282 1176 in
1300 1150 1389 1177 locum
1404 1147 1553 1176 centenarii
1569 1146 1632 1174 olim
1654 1145 1748 1180 spreti.
1763 1143 1797 1170 Et

1008 1198 1038 1226 fit
1062 1197 1171 1232 aliquis,
1195 1205 1247 1224 non
1261 1196 1318 1230 jam
1343 1195 1391 1223 Dei
1413 1201 1517 1226 servus,
1545 1197 1575 1220 ut
1597 1191 1795 1225 spoponderat:

1006 1245 1054 1272 sed
1078 1251 1172 1271 servus
1203 1243 1326 1275 acicnlac,
1351 1240 1474 1272 cucullis,
1502 1238 1638 1270 mantilis,
1665 1236 1726 1263 libri
1743 1245 1750 1263 :
1765 1235 1798 1263 iis

1007 1291 1150 1318 adhaerens
1175 1289 1275 1316 affectu
1298 1287 1409 1315 vitioso.
1435 1285 1502 1312 Nam
1520 1285 1588 1311 bene
1612 1282 1679 1309 dixit
1703 1281 1799 1316 aliquis

1007 1337 1171 1372 sapientum,
1187 1340 1226 1362 tot
1246 1334 1365 1361 animam
1382 1332 1492 1359 subesse
1514 1328 1631 1357 dotninis
1647 1331 1711 1362 quot
1724 1325 1798 1353 fovet

1007 1370 1046 1411 in-
1059 1391 1089 1410 se
1113 1381 1225 1409 affectus
1249 1381 1438 1408 vehementes.
1462 1376 1493 1404 Et
1512 1374 1643 1402 Dominus
1670 1372 1730 1399 ait:
1747 1370 1798 1398 Ubi

1007 1433 1044 1456 est
1069 1429 1208 1455 thesaurus
1229 1433 1301 1459 tuus,
1324 1425 1362 1452 ibi
1374 1424 1422 1450 erit
1446 1430 1492 1449 car
1516 1420 1622 1447 tuum'.
1649 1418 1681 1445 Et
1706 1425 1800 1446 rursus

1007 1473 1153 1508 Aposmlus
1169 1481 1177 1499 :
1195 1472 1216 1498 Α
1230 1480 1280 1507 quo
1291 1471 1349 1506 quis
1364 1470 1444 1496 victus
1461 1471 1509 1498 est,
1523 1467 1546 1493 ei
1559 1470 1583 1492 et
1596 1465 1672 1491 servit
1684 1463 1705 1490 ⁸.

1048 1538 1091 1567 VI.
1120 1539 1191 1566 Dixit
1220 1545 1314 1565 rursus
1341 1537 1412 1564 idem
1435 1535 1530 1561 beatus
1553 1531 1628 1560 :lter
1654 1531 1801 1565 agebamus

169 1592 198 1609 τε
211 1583 259 1609 καὶ
286 1581 325 1614 εἷς
350 1582 463 1616 ἁδελφὸς
487 1583 556 1617 μετὰ
581 1583 628 1609 καὶ
649 1582 802 1617 κοσμικῶν,
826 1582 876 1616 τὴν
898 1581 957 1607 ὁδὸν

1011 1593 1058 1620 ego
1082 1589 1110 1612 et
1124 1584 1209 1611 frater
1237 1589 1306 1611 unus
1327 1583 1368 1609 via
1393 1578 1580 1613 Neapolitana,
1604 1584 1665 1604 cum
1691 1575 1803 1610 quibus-

170 1628 344 1660 Νεαπὸλεως,
356 1628 403 1654 καὶ
417 1627 532 1662 Ιἤλθομεν
546 1629 585 1659 εἰς
597 1628 678 1654 τόπον
691 1628 756 1653 ὅπου
766 1626 905 1653 τελὼνειον
915 1624 958 1661 ’ἦν’

170 1675 217 1700 mi.
236 1675 260 1700 oi.
278 1674 326 1709 μὲν
339 1674 464 1708 κοσμικοὶ
478 1674 594 1705 εἱδόντες
624 1674 672 1708 τὴν
689 1672 832 1707 συνήθειαν
857 1672 961 1698 ἔδωκαν

171 1719 297 1750 τὸτέλος·
316 1720 330 1745 ό
345 1719 373 1745 δὲ
390 1718 503 1752 ἀδελφὸς
517 1720 531 1745 ὁ
554 1718 592 1745 ὢν
610 1719 667 1753 μετ’
683 1717 750 1753 ἐμοῦ
771 1717 873 1752 ἤρξατο
888 1717 962 1743 ἀντι-

170 1765 269 1791 τείνειν
289 1765 335 1790 καὶ
351 1764 440 1798 λέγειν
460 1764 561 1794 αὐτοῖς·
580 1763 704 1798 Τολμᾶτε
730 1763 855 1789 ἀπαιτεῖν
879 1769 962 1797 μονα-

172 1810 255 1845 χούςς
286 1808 356 1843 Ἐγὼ
380 1809 408 1835 δὲ
433 1809 553 1840 ἀκούσας
583 1806 659 1835 εἷπον
683 1808 766 1843 αὐτῷ·
798 1809 831 1834 Τί
862 1809 960 1840 ποιεῖςι

173 1855 289 1889 ἁδελφέ;
307 1855 383 1881 οὐδὲν
399 1854 462 1881 ἄλλο
486 1854 574 1888 λέγεις
598 1854 672 1889 αὐτῷ
700 1854 727 1888 ἢ,
745 1854 835 1880 Θὲλων
857 1854 904 1881 καὶ
924 1855 962 1889 μὴ

174 1902 257 1928 οέλων
268 1901 383 1936 τίμησόν
397 1910 431 1936 με
448 1901 651 1935 ἆγιον;·μΞλλο·ι
664 1901 744 1932 αὐτὸς
758 1900 882 1935 ὤφειλεν,
901 1899 962 1927 ἰδὼν

174 1948 222 1982 τὴν
240 1947 398 1973 καλοοελίαν
415 1955 461 1972 σου
477 1946 524 1972 καὶ
543 1947 719 1978 ταπείνωσιν,
738 1946 896 1980 αἰδεσθῆναι
916 1946 962 1973 καὶ

174 1994 271 2020 εἰπεῖν’
289 1992 479 2028 Συγχώρησον.
498 1991 603 2019 Οὐκοῦν
618 1992 656 2024 ὡς
672 1992 796 2028 μαθητὴς
810 1993 856 2019 τοῦ
874 1993 962 2028 πράου

174 2039 222 2082 mi.
245 2038 374 2065 ταπεινοῦ
401 2038 455 2069 δὸς,
486 2038 532 2064 καὶ
558 2037 738 2072 παρέλθωμεν
757 2038 816 2073 μετ’
839 2038 960 2074 εἰρήνης.

176 2085 291 2111 ’Λλλοτε
306 2084 454 2118 γενομένου
474 2092 525 2118 μου
542 2083 581 2115 εἰς
598 2084 648 2117 τὴν
662 2083 743 2117 ἁγίαν
761 2083 838 2110 πόλιν
853 2084 963 2119 ἔρχεταί

176 2140 217 2162 τις
230 2131 408 2166 φιλοχρίστων
432 2130 479 2156 καὶ
498 2129 571 2163 λέγει
597 2137 652 2164 μοι’
672 2129 780 2164 Ἐπειδὴ
797 2130 898 2165 μικρὰν
913 2131 964 2165 ἀη-

177 2176 234 2202 δίαν
250 2176 346 2211 ἔχομεν
363 2175 421 2210 μετ’
432 2175 553 2210 ἀλλήλων
570 2174 625 2209 ἐγώ
639 2183 668 2201 τε
683 2175 730 2202 καὶ
744 2176 757 2201 ὁ
771 2175 883 2209 ἀδελφός
900 2185 961 2212 μου,

179 2221 216 2257 μὴ
239 2221 310 2247 Οέλει
334 2221 512 2256 διαλλαγῆναί
531 2228 585 2255 μοι·
607 2220 674 2246 ἀλλὰ
700 2221 891 2256 παρακλὴθητι
916 2222 963 2248 καὶ

1013 1631 1074 1657 dam
1098 1630 1284 1662 szccularibus,
1310 1628 1489 1661 venimusque
1509 1625 1541 1651 ad
1563 1623 1650 1650 locant
1678 1623 1721 1648 ubi
1743 1625 1802 1648 erat

1014 1677 1154 1706 telonium.
1181 1681 1208 1702 et
1231 1674 1375 1703 saeculares
1392 1672 1502 1708 quidem
1521 1671 1639 1697 scientes
1664 1672 1803 1694 consuetu-

1013 1723 1104 1750 dinem
1125 1722 1198 1748 ultro
1225 1720 1363 1748 solverunt
1378 1724 1503 1746 censum.
1530 1714 1626 1742 Frater
1650 1719 1741 1740 autem
1759 1720 1802 1738 re-

1014 1767 1133 1802 qttisittts
1162 1774 1177 1793 a
1202 1765 1356 1801 publicano,
1382 1765 1544 1798 repugnavit
1564 1763 1803 1791 dicensmudetis

1013 1814 1122 1847 exigere
1141 1819 1156 1839 a
1186 1809 1413 1844 monachis‘iEgo
1437 1814 1524 1836 autem
1547 1809 1660 1836 audiens
1672 1809 1696 1836 ei
1722 1807 1776 1835 dixi
1793 1815 1802 1834 :

1013 1858 1082 1891 Quid
1098 1858 1166 1892 agis,
1191 1855 1292 1882 frater?
1306 1854 1381 1888 Quod
1406 1857 1448 1882 ais
1468 1855 1635 1881 tantumdem
1660 1857 1702 1880 est
1724 1859 1756 1879 ac
1780 1852 1803 1879 si

1013 1905 1117 1931 diceres
1133 1912 1140 1930 :
1158 1902 1228 1930 Veiis
1240 1901 1319 1934 nolis,
1332 1901 1434 1928 honora
1448 1909 1490 1928 me
1506 1906 1535 1927 ut
1550 1905 1684 1927 sanctum.
1700 1899 1803 1925 Decue-

1014 1953 1056 1976 rat
1073 1949 1155 1975 istum
1172 1947 1253 1979 forte,
1276 1947 1335 1973 visa
1365 1946 1495 1980 religione
1517 1950 1545 1973 et
1573 1945 1723 1972 humilitate
1745 1949 1803 1976 tua,

1013 1994 1179 2022 verecundia
1196 1992 1314 2021 suﬂ'undi
1330 1993 1458 2027 quadam,
1472 1997 1499 2019 et
1514 1990 1620 2018 veniam
1639 1997 1718 2017 orarc
1733 1988 1803 2022 quod

1014 2049 1047 2072 ex
1062 2044 1089 2067 te
1111 2040 1274 2075 poposcerit.
1302 2038 1380 2066 Nunc
1403 2039 1511 2074 quando
1527 2037 1552 2064 id
1567 2036 1669 2068 omisit,
1694 2041 1753 2070 age,
1775 2037 1805 2061 ut

1015 2086 1163 2121 discipulus
1181 2085 1254 2112 mitis
1268 2089 1295 2112 et
1317 2085 1427 2112 luunilis
1444 2082 1561 2115 Domini,
1576 2082 1608 2109 da
1631 2080 1703 2115 quod
1720 2079 1806 2114 posci-

1015 2137 1058 2160 tur
1081 2136 1110 2159 et
1134 2132 1160 2158 in
1179 2138 1244 2164 pace
1266 2131 1458 2166 procedamus.
1484 2128 1559 2155 Alias
1576 2134 1635 2154 cum
1663 2133 1750 2153 essem
1777 2125 1803 2152 in

1013 2181 1106 2205 sancta
1122 2176 1244 2208 civitate,
1258 2175 1333 2203 venit
1344 2176 1376 2202 ad
1394 2182 1438 2201 me
1453 2174 1540 2201 bonus
1557 2171 1690 2207 quispiam
1704 2169 1803 2197 Christi

1015 2227 1131 2254 amator,
1152 2222 1246 2249 dicens
1261 2230 1268 2249 :
1283 2221 1414 2254 Quoniam
1430 2219 1464 2246 ob
1485 2226 1596 2254 parvam
1619 2216 1801 2244 otTensinncu-

177 2267 292 2300 λάλησον
308 2266 391 2300 αὐτῷ.
412 2266 483 2300 Ἐγὼ
500 2266 527 2292 δὲ
557 2266 625 2300 μετὰ
648 2267 734 2300 χαρᾶς
759 2266 904 2301 δεξάμενος
927 2267 960 2294 τὸε

1025 2270 1075 2296 lam
1095 2275 1144 2303 ego
1162 2272 1189 2295 et
1210 2266 1273 2294 talis
1296 2266 1380 2293 frater
1398 2272 1474 2292 meus
1497 2263 1611 2291 invicem
1634 2261 1803 2291 dissidemus,

177 2312 267 2345 λόγον.
281 2312 326 2338 mi
338 2312 455 2343 καλέσας
466 2312 510 2337 τὶν
522 2311 635 2345 ἀδελφὸν
648 2311 740 2342 αὑτοῦ,
756 2312 872 2346 ἐλάλησα
888 2312 962 2347 αὐτῷ

179 2357 348 2384 συντείνοντα
370 2358 408 2388 εἰς
429 2357 548 2391 ἀγάπην·
570 2357 616 2382 καὶ
637 2356 709 2388 ἔδοξε
735 2357 784 2391 μὲν
808 2357 957 2384 πείθεσθαιο

179 2403 291 2438 ὕστερον
310 2403 337 2429 δὲ
354 2403 427 2436 λέγει
446 2410 500 2436 μοι·
515 2402 552 2428 Οὐ
565 2402 681 2436 δύναμαι
696 2401 871 2436 διαλλαγῆναι
889 2402 961 2438 αὐτῷ

178 2447 219 2473 ὅτι
236 2447 332 2481 ὤμοσα
347 2447 387 2477 εἰς
409 2446 453 2472 τὸν
469 2447 595 2481 σταυρόν.
627 2447 696 2480 Ἐγὼ
717 2447 745 2473 δὲ
770 2447 963 2482 ὑπομειδιάσας

179 2489 255 2518 εἷπον
274 2492 358 2527 αὐτῷ·
377 2492 406 2518 ’0
431 2492 512 2526 ὅρκος
535 2500 581 2517 σου
604 2492 731 2526 τοιαύτην
754 2492 868 2527 δύναμιν
895 2492 962 2527 ἔχει,

180 2537 218 2563 ὅτι
231 2537 275 2563 Mi:
287 2537 332 2563 τὸν
346 2537 434 2572 τίμιον
447 2537 562 2571 σταυρὸν
577 2538 606 2563 οὐ
619 2537 654 2571 μὴ
671 2537 781 2570 φυλάξω
794 2537 842 2569 τὰς
858 2538 967 2569 ἐντολάς

181 2591 237 2609 σου·
251 2583 317 2609 ἀλλὰ
329 2583 359 2609 τὸ
370 2583 475 2618 θέλημα
486 2583 532 2609 τοῦ
545 2583 643 2618 ἐχθροῦ
655 2584 699 2610 τοῦ
713 2583 835 2610 διαϐόλου
851 2584 966 2619 ποιήσοι.

180 2629 235 2656 Καὶ
249 2629 301 2664 γὰρ
316 2630 345 2655 οὗ
367 2629 445 2665 μόνον
462 2630 511 2656 οὐκ
527 2629 624 2664 ὤφειλε
641 2630 737 2665 στῆσαι
750 2630 780 2656 τὸ
798 2631 892 2662 κακῶς
911 2631 968 2665 ὀρι-

182 2674 244 2701 σῆὲν
257 2675 302 2709 ὺιΐ
316 2676 405 2711 ἡμῶν,
428 2675 493 2702 ἀλλὰ
511 2677 558 2702 καὶ
572 2675 673 2710 μᾶλλον
689 2677 829 2710 μετανοεῖν
845 2677 892 2703 καὶ
909 2676 967 2703 θλι-

182 2720 276 2746 ϐεσθαι
301 2722 342 2754 ἐφ’
365 2718 405 2752 οἷς
433 2721 524 2752 κακῶς
551 2721 698 2756 ὀριζὸμεθα
719 2721 850 2752 ἑαυτοὺς,
876 2721 968 2753 καθώς

186 2773 268 2799 φησιν
283 2766 296 2791 ὁ
312 2765 438 2799 θεοφόρος
454 2766 601 2798 Βασίλειος·
625 2775 634 2791 ι
651 2766 706 2791 Καὶ
723 2764 777 2801 γὰρ
801 2765 922 2800 Ἡρώδης
943 2767 967 2792 εὶ

190 2809 337 2845 μετενόησε
353 2810 399 2836 καὶ
419 2810 457 2845 μὴ
475 2809 572 2845 ἔστησε
585 2810 630 2837 τὸν
650 2810 730 2846 ὅρκον
746 2809 828 2836 αὐτοῦ
841 2829 848 2841 ,
863 2811 913 2837 οὐκ
935 2811 967 2837 ἂν

221 2905 230 2921 ⁸
244 2906 294 2934 lsa.
313 2916 330 2939 ι)
348 2907 373 2934 6.
412 2908 421 2923 ⁷
435 2907 528 2936 Μ..ιι1ι.
547 2916 583 2941 γι,
680 2908 689 2921 ⁸
708 2908 734 2945 ιι
744 2907 816 2935 Patr.
831 2915 861 2941 ιι,
878 2907 918 2934 19.

1015 2314 1056 2346 egi
1073 2317 1101 2340 ut
1122 2312 1359 2339 reconciliarentur
1373 2319 1380 2337 :
1395 2311 1442 2337 sed
1460 2310 1504 2336 ille
1520 2308 1672 2340 recusavit;
1692 2314 1746 2340 pro:
1761 2313 1806 2332 se-

1013 2367 1065 2394 que
1088 2359 1148 2390 fert,
1175 2357 1245 2384 nolle
1268 2357 1301 2383 de
1325 2361 1424 2384 caetero
1451 2355 1540 2382 redire
1566 2361 1671 2381 mecum
1697 2353 1724 2379 in
1748 2358 1805 2386 gra-

1015 2404 1080 2430 tiam
1098 2412 1105 2430 :
1122 2410 1170 2430 oro
1184 2407 1220 2434 te,
1237 2401 1327 2434 Pater,
1349 2406 1378 2427 ut
1395 2408 1454 2427 eum
1470 2400 1622 2434 alloquens,
1636 2398 1754 2425 adducas
1769 2397 1803 2423 ad

1019 2449 1087 2475 iram
1118 2448 1317 2482 deponendam.
1345 2447 1458 2481 Suscepi
1483 2445 1570 2473 libens
1599 2443 1753 2478 negotium,
1780 2445 1808 2468 ct

1020 2489 1116 2520 vocato
1132 2492 1216 2520 fratre
1235 2492 1291 2524 illo,
1312 2491 1368 2519 dixi
1392 2499 1453 2526 qua:
1475 2495 1625 2525 opportuna
1650 2488 1808 2515 viderentur

1018 2539 1051 2565 ad
1070 2539 1093 2565 ei
1120 2538 1336 2573 persuadendum
1354 2544 1447 2571 pacetur
1470 2540 1498 2563 et
1518 2535 1679 2562 charitatem
1702 2537 1750 2559 :ct
1768 2532 1808 2558 vi-

1019 2584 1135 2611 debatur
1149 2585 1331 2618 acquiescere.
1353 2584 1487 2611 Caeterum
1511 2580 1618 2614 excepit
1634 2588 1640 2606 :
1655 2578 1727 2606 haud
1747 2584 1807 2604 esse

1018 2630 1069 2657 sibi
1086 2630 1190 2657 licitum
1210 2630 1378 2658 reconciliari
1400 2629 1490 2660 fratri,
1508 2627 1570 2662 quia
1586 2633 1634 2660 per
1649 2631 1755 2652 crucem
1768 2623 1808 2657 ju-

1019 2680 1116 2707 rasset,
1142 2682 1172 2702 se
1193 2683 1331 2710 nunquam
1354 2675 1381 2702 in
1406 2674 1432 2701 id
1462 2677 1667 2700 consensurum.
1692 2669 1733 2695 Ad
1756 2669 1807 2695 huc

1018 2728 1068 2755 ego
1091 2721 1236 2748 subridens
1250 2721 1306 2748 dixi
1325 2730 1332 2748 :
1350 2720 1436 2748 Tunm
1449 2719 1629 2753 juramcntum
1656 2714 1734 2741 talem
1752 2713 1805 2739 vim

1020 2767 1098 2794 habet
1112 2774 1144 2794 ac
1165 2768 1187 2794 si
1208 2767 1332 2795 diceres:
1348 2767 1398 2794 Per
1411 2772 1517 2793 crucem
1529 2763 1602 2797 juro,
1625 2761 1741 2791 Christe,
1764 2766 1808 2786 me

1020 2819 1159 2846 nunquam
1183 2811 1389 2840 observaturum
1413 2810 1538 2837 mandata
1565 2812 1609 2835 tua
1627 2815 1634 2833 :
1651 2805 1698 2833 sed
1714 2803 1808 2832 volun-
