2064 3162
167 207 236 240 1693
889 212 970 243 ALLt

1021 212 1089 244 ’JlA.
1725 215 1793 249 1694

165 265 210 292 διὰ
223 263 277 292 τῶν
300 263 388 300 εὐχῶν
403 263 484 291 αὖτοῦ
509 264 586 292 ἴασαι
611 273 654 300 με’
674 263 777 296 εὐθέως
799 265 895 302 ῑάθηψ
909 267 957 294 καὶ

1021 266 1077 294 licis
1091 275 1098 294 :
1112 268 1180 295 Amo
1206 272 1242 300 te,
1263 272 1289 296 et
1309 268 1408 302 credo;
1434 269 1504 303 quod
1527 270 1548 297 si
1568 269 1704 306 quidpiam
1721 271 1794 298 acci-

164 310 250 337 ταῦτα
266 310 315 345 μὲν
331 310 400 346 πρδς
411 309 457 337 τὸν
473 310 595 355 ἀδελφόν.

1021 313 1077 340 lcrit
1103 313 1149 340 tibi
1173 313 1330 347 displicens,
1348 323 1398 342 non
1414 316 1612 349 perscverabis.
1628 317 1686 351 Ego
1703 322 1792 344 autem

165 356 295 390 quidquid
315 363 331 382 α
352 360 378 382 te
396 356 494 390 patiar,
508 363 560 383 non
581 361 675 391 potero
696 356 784 384 divelli
801 357 835 385 ab
857 364 950 385 amore
982 358 1031 385 lui.
1054 358 1135 385 Plena
1157 359 1232 386 cordi
1279 364 1324 386 luo
1347 359 1417 387 facta
1440 361 1505 388 fides
1525 367 1578 394 est,
1600 363 1668 390 nihil
1689 370 1731 389 me
1755 363 1793 390 la-

167 402 252 430 tuisse
263 409 356 430 eorum
371 409 430 436 qtne
442 406 537 429 contra
553 410 595 430 me
605 403 708 430 dixisti.
723 403 792 436 Quin
812 407 840 430 et
877 403 1003 431 distincte
1037 404 1162 438 cognovi,
1180 412 1250 439 quae,
1287 405 1343 438 ubi,
1363 406 1470 440 quibus,
1493 406 1640 434 eﬂ‘utiveris
1664 416 1793 442 quaecun-

167 456 220 484 que
243 449 270 476 itt
293 455 336 476 me
357 448 510 481 blaterasti;
538 455 674 483 nunquam
712 453 802 475 tamen
840 448 986 483 quidquam
1007 450 1130 484 opposui,
1147 455 1192 476 aut
1208 449 1275 476 falsa
1301 457 1361 477 esse
1379 458 1439 484 quae
1458 451 1564 479 diceres
1579 451 1719 479 allirtnavi.
1739 451 1794 478 Ne-

167 501 219 529 que
249 493 319 521 ullus
346 494 412 521 mihi
442 494 605 528 persuadere
634 495 784 528 quantaevis
813 495 953 530 gravitatis
989 501 1084 523 auctor
1108 497 1206 530 potuit,
1232 501 1261 523 ιιι
1278 496 1321 523 vel
1349 496 1461 522 verbum
1496 497 1640 524 adversum
1665 503 1689 525 te
1707 499 1794 526 hisce-

168 550 237 569 retn.
252 542 273 568 E
291 541 430 568 contrario
442 542 495 568 dixi
511 541 636 568 omnibus
649 542 681 568 de
702 548 728 570 te
744 551 750 569 :
767 542 832 575 Quae
852 542 916 569 dicit
930 550 992 570 vera
1012 547 1084 570 sunt.
1102 542 1183 578 quue
1196 543 1246 571 feci
1268 551 1300 570 ex
1314 551 1377 570 vera
1392 543 1428 569 ttti
1449 543 1581 571 cltaritate
1595 549 1624 571 ut
1646 545 1692 572 tibi
1710 546 1794 579 grati-

170 590 275 621 ﬁcarer,
295 595 373 624 teque
392 594 420 616 ut
446 590 562 616 amicum
597 597 685 617 tnettnt
730 590 850 624 mihique
868 590 1062 618 cltarissimum
1078 591 1167 619 colere
1183 596 1211 618 ut
1232 599 1355 625 ceperatn
1395 598 1544 625 pergerem.
1564 589 1655 625 Neque
1678 600 1794 626 unquam

169 637 272 664 cessavi
300 637 435 663 recordari
460 637 498 662 tui
522 637 548 663 in
590 637 658 663 meis
681 637 869 670 orationibus,
897 642 975 665 etut
1012 639 1128 666 indicem
1163 639 1378 674 experimentum
1411 645 1539 665 arcanum
1571 638 1649 665 istius
1677 645 1740 672 erga
1771 642 1796 665 te

169 681 368 716 perseverantis
391 682 416 708 itt
437 689 479 708 me
494 682 634 708 charilatis
657 690 743 708 :cum
765 682 910 718 aliquando
926 684 1078 711 vehementi
1101 685 1193 711 dolore
1215 692 1327 711 vexarer
1361 684 1442 716 oeuli,
1480 691 1583 710 memor
1608 683 1645 710 tui
1681 682 1795 710 formavi

169 730 258 756 crucis
279 730 385 763 signum
407 736 489 764 super
509 734 612 762 partem
634 729 816 762 laborantem,
829 736 855 756 et
873 731 927 757 dixi
946 742 952 759 :

977 733 1089 759 Domine
1110 732 1172 760 Jesu
1208 733 1325 765 Christe,
1347 740 1393 767 per
1413 739 1507 767 preces
1544 731 1628 766 ipsius
1653 739 1716 758 sana
1733 739 1795 763 me;

169 780 197 803 et
214 775 304 802 statim
330 780 442 802 sanatus
465 783 536 802 sum.
560 775 593 803 Et
614 776 670 802 haec
693 776 801 810 quidem
824 777 859 804 illi
880 777 954 804 fratri
977 783 1039 806 tunc
1056 779 1122 806 dixi.

205 822 244 848 8’.
271 821 424 857 Ἐμέμνητο
437 822 464 848 δὲ
477 823 491 848 6
506 822 641 857 μακάριος
655 824 727 855 τινὸς
743 824 956 859 ἀπαγγείλαντος

171 867 252 894 αὺτὸν
271 868 312 894 ὅτι
333 865 405 902 εἶχεν
420 867 507 894 ἀῦὃᾶν
523 868 593 895 πάνυ
617 869 778 904 πραότατον.
797 870 850 896 Καὶ
866 869 959 903 ἔλεγεν

1048 825 1093 852 lx.
1116 824 1281 852 Memorabat
1301 825 1371 852 idem
1387 824 1482 852 beatus
1495 825 1636 858 quemdam
1651 824 1701 852 sibi
1722 830 1798 851 retu-

1013 872 1087 905 lisse,
1105 872 1232 898 habuisse
1251 879 1281 898 se
1301 871 1425 898 abbatem
1440 878 1519 904 supra
1537 873 1643 897 modum
1661 870 1754 896 mitem
1771 875 1798 898 el.

171 914 212 940 ὅτι
231 913 275 940 διὰ
294 913 343 948 τὴν
362 913 483 948 μεγάλην
499 913 581 940 αὑτοῦ
598 915 698 950 ἀρετὴν
714 916 761 942 καὶ
775 915 808 941 τὰ
828 917 929 950 σημεῖα
943 915 961 942 ἃ

1022 916 1269 944 nansuctissintum.
1301 917 1474 950 Addebatque
1501 934 1509 947 ,
1534 921 1644 950 propter
1670 916 1798 942 eximiam

172 961 252 991 misi,
266 957 338 994 εἶχεν
351 960 430 986 αὐτὴν
440 960 488 994 ὅλη
501 961 517 994 ἡ
534 959 609 996 χώρα
622 961 659 991 ὡς
669 961 784 995 ἄγγελον
796 961 875 987 Θεοῦ.
891 961 961 988 [Ιοτε

171 1004 217 1033 οὖν
231 1006 388 1041 ὲνεργηθείς
409 1014 450 1035 τις
471 1006 523 1032 ὑπὸ
536 1007 583 1032 τοῦ
600 1007 698 1042 ἐχθροῦ
713 1007 798 1033 ἐλθὼν
818 1007 960 1042 ἐξύϐρισεν

172 1051 253 1077 αὑτὸν
269 1051 401 1085 ἐσχάτως,
413 1051 522 1077 πάντων
538 1052 702 1087 ἱσταμένων,
716 1053 762 1079 καὶ
774 1053 820 1079 τοῦ
836 1053 962 1088 γέροντος

173 1097 329 1131 στήκῡντος,
344 1097 584 1137 κοι“ι.προσέχοντος
598 1099 636 1129 εἰς
651 1098 681 1124 τὸ
694 1099 781 1134 στόμα
799 1099 880 1125 αὐτοῦ
894 1119 900 1131 ,
917 1100 963 1126 καὶ

172 1142 314 1176 λέγοντος·
341 1143 427 1178 Χάρις
445 1144 512 1170 Θεοῦ
538 1145 577 1175 εἰς
597 1143 627 1169 τὸ
655 1144 741 1178 στόμα
765 1153 825 1176 σου,
846 1145 961 1179 ἀδελφέ.

179 1189 296 1215 Ἐκεῖνον
318 1188 346 1215 δὲ
373 1190 535 1224 μαινομένου
557 1190 605 1216 καὶ
630 1190 765 1223 λέγοντος·
785 1191 848 1222 Ναὶ,
877 1191 962 1225 φαῦλε

173 1235 332 1270 φαγοπόλιε,
342 1234 427 1261 ταῦτα.
441 1235 530 1269 λέγεις
546 1235 589 1262 ἵνα
604 1235 683 1271 δόξῃς
704 1237 790 1271 πρᾶος
806 1236 960 1270 φαίνεσθαι·

173 1281 247 1315 λέγει
262 1282 276 1307 6
296 1281 395 1316 γέρωψ
415 1282 518 1313 Ὄντως
533 1281 547 1307 ὃ
567 1281 667 1316 λὲγεις,
682 1282 780 1316 ἀδελφέ
798 1291 859 1317 μου,
877 1283 963 1317 ἀληθῆ

173 1326 273 1360 λέγεις.
285 1327 362 1353 Μετὰ
375 1326 461 1353 ταῦτα
471 1335 512 1358 τις
522 1327 666 1362 ἠρώτησεν
678 1328 758 1354 αὑτὸν
769 1328 867 1362 λέγων’
885 1329 963 1363 Ἄρτι

174 1373 225 1399 οὐκ
247 1372 418 1408 ἐταράχθης,
445 1373 597 1406 καλόγερε;
625 1374 679 1400 Καὶ
698 1373 785 1408 λέγει·
813 1374 871 1400 Οὒκ
883 1393 889 1404 ,
907 1374 964 1400 ἀλλ’

174 1418 261 1450 οὕτως
277 1419 401 1454 ᾐσθόμην
418 1419 468 1453 τὴν
492 1419 580 1454 ψυχήν
598 1428 649 1453 μου
663 1439 670 1451 ,
685 1419 722 1450 ὡς
747 1420 800 1446 ύπδ
812 1420 879 1446 Θεοῦ
903 1429 966 1446 σκε-

175 1464 306 1499 πομένην.
325 1465 380 1490 Καὶ
401 1464 494 1499 ἔλεγεν
514 1466 528 1491 6
548 1465 693 1500 μακάριος
713 1465 837 1501 Ἀληθῶς
860 1465 962 1500 ὀφείλει

174 1519 216 1542 τις
227 1511 399 1546 εὐχαριστεῖν
414 1511 470 1542 τοῖς
485 1510 628 1543 τοιούτοις.

212 1641 242 1670 1¹.
269 1642 363 1676 Ἔλεγε
389 1642 470 1669 πάλιν
490 1643 504 1668 ὁ
529 1643 678 1678 μακάριος,
692 1642 732 1668 ὅτι
756 1643 851 1673 Ὄντος
872 1651 923 1677 μου
939 1643 968 1669 ὲν

178 1689 353 1726 μοναστηρίῳ
368 1689 397 1715 ἐν
408 1688 489 1724 Τύρῳ
506 1689 559 1724 πρὸ
580 1688 627 1715 τοῦ
645 1688 762 1721 ἐξελθεῖν
779 1697 822 1723 με,
849 1688 970 1723 παρέϐα-

176 1735 223 1761 λεν
238 1736 304 1769 ἡμῖν
327 1743 369 1766 τις
388 1734 478 1769 γέρων
497 1735 642 1769 ἐνάρετο;’
657 1734 704 1760 καὶ
726 1733 970 1767 ἀναγινωσκόντων

180 1780 259 1814 ἡμῶν
284 1781 324 1810 εἰς
346 1779 380 1805 τὰ
407 1779 608 1814 ἀποφθέγματα
633 1778 687 1804 τῶν
711 1779 798 1812 ἁγίων
821 1779 969 1813 γερόντων·

179 1826 275 1860 ἠγάπα
291 1825 319 1851 δὲ
332 1827 346 1852 6
367 1825 503 1860 μακάριος
519 1825 633 1851 πάντοτε
648 1824 804 1860 διέρχεσθαι
820 1823 901 1854 αὐτὰ,
923 1823 969 1849 καὶ

182 1870 273 1905 σχεδὸν
290 1869 396 1895 ἔπνεεν·
419 1869 479 1895 ὅθεν
499 1869 547 1894 καὶ
566 1868 596 1900 ἐξ
612 1868 702 1894 αὐτῶν
721 1868 904 1901 ἐκαρπώσατο
919 1868 971 1893 πᾶ-

181 1922 230 1941 σαν
247 1914 356 1949 ἀρετήν.
383 1914 447 1939 Ὅτε
463 1913 580 1948 ἤλθομεν
600 1914 639 1944 εἰς
662 1913 708 1940 τὸν
732 1914 848 1948 γέροντα
868 1913 972 1939 ἐκεῖνον

181 1961 250 1996 πρὸς
272 1960 301 1986 ὃν
327 1959 451 1993 ἀπῆλθον
468 1959 492 1985 οἱ
510 1958 624 1994 λῃσταὶ,
653 1959 702 1985 καὶ
723 1957 801 1985 εἷπον
829 1959 914 1993 αὐτῷ,
931 1959 972 1984 ὅτι

181 2006 273 2032 Πάντα
287 2005 321 2032 τὰ
333 2006 360 2032 ὲν
372 2007 405 2040 τῇ
419 2005 503 2040 κέλλῃ
519 2013 567 2030 σου
580 2004 673 2030 λαϐεῖν
687 2004 811 2039 θέλομεν·
829 2005 875 2031 καὶ
889 2005 971 2031 αὐτοῦ

183 2052 317 2083 εἰπόντος·
335 2051 408 2077 ’Ὅσα
423 2051 455 2076 ἂν
472 2050 538 2085 δοκῇ
555 2050 628 2084 ὑμῖν,
641 2050 734 2082 τέκνα,
753 2049 861 2075 λὰὕετε’
876 2049 973 2076 ἔλαϐον

182 2097 211 2123 δὲ
231 2097 322 2123 πάντα
341 2097 388 2122 καὶ¹
403 2095 533 2130 ἀπῆλθον·
550 2095 598 2121 καὶ
613 2094 761 2120 κατέλιπον
776 2094 804 2120 ἓν
825 2095 971 2121 σκαλίόιον.

186 2141 218 2168 '0
233 2139 280 2168 οὖν
298 2141 388 2176 γέρων
402 2140 492 2166 λαϐὼν
510 2140 576 2166 αὐτὸ
595 2140 746 2171 ὑπεδίωξεν
773 2140 861 2166 ὀπίσω
885 2140 974 2166 αὐτῶν

185 2187 253 2222 βοῶν
272 2187 320 2213 καὶ
334 2185 431 2219 λέγων⁸
449 2186 548 2217 Τέκνα,
565 2185 664 2212 λάὁετε
678 2185 691 2212 ὂ
703 2185 880 2212 ἐπελάθεσθε.
896 2186 928 2211 οε
945 2186 974 2212 δὲ

184 2233 373 2268 θαυμάσαντες
385 2232 430 2258 ἐπὶ
442 2231 604 2267 ἀνεξικακίᾳ
620 2231 667 2257 τοῦ
698 2231 836 2266 γέροντος,
851 2231 975 2258 ἀποκατ-

1013 963 1070 997 ejus
1093 963 1219 990 virtutem
1250 967 1275 989 et
1296 963 1372 996 signa
1395 969 1455 995 qua:
1475 961 1611 994 faciebat,
1639 961 1759 988 habitum
1783 968 1797 987 ιι

1014 1009 1118 1036 eunetis
1139 1016 1187 1042 per
1205 1013 1287 1035 totam
1306 1008 1379 1034 illaut
1396 1008 1532 1042 regionem
1557 1011 1585 1032 nt
1601 1007 1725 1042 angelum
1741 1007 1797 1033 Dei.

1013 1055 1167 1089 Aliquando
1190 1055 1270 1089 igitur
1295 1054 1440 1080 instinctus
1462 1053 1595 1088 quispiam
1620 1060 1634 1079 a
1658 1044 1727 1080 malo
1744 1054 1799 1079 dac-

1015 1108 1094 1127 mone
1108 1099 1202 1126 adiens
1217 1107 1276 1126 eum
1292 1098 1448 1126 foedissimis
1464 1097 1614 1124 maledictis
1630 1102 1656 1124 ct
1670 1098 1800 1125 conviciis

1014 1146 1153 1180 proscidit,
1181 1145 1272 1172 multis
1303 1144 1465 1176 astantibus,
1492 1151 1557 1170 sene
1585 1144 1642 1176 ipso
1665 1147 1752 1170 stante
1774 1148 1802 1170 ct

1016 1192 1083 1219 fixos
1105 1191 1131 1218 itt
1149 1198 1196 1218 ore
1212 1190 1335 1218 maledici
1357 1189 1450 1217 oculos
1476 1193 1586 1216 tenente
1599 1209 1605 1219 ,
1621 1189 1799 1223 dieenteque:

1015 1237 1107 1265 Gratia
1126 1237 1171 1263 Dei
1190 1237 1251 1263 beet
1274 1244 1304 1263 os
1334 1241 1406 1261 tuutn
1435 1234 1527 1262 frater.
1550 1234 1596 1260 lllo
1613 1240 1702 1261 autent
1727 1239 1802 1261 tanto

1016 1283 1101 1317 magis
1126 1282 1215 1310 furere
1244 1287 1381 1316 pergente,
1409 1289 1440 1307 ac
1467 1279 1730 1307 dicente:Profeelo
1756 1288 1802 1307 tte-

1016 1338 1094 1364 quam
1112 1333 1137 1355 ct
1154 1336 1235 1355 vorax
1253 1327 1380 1359 senieule,
1403 1327 1452 1353 hoc
1473 1326 1542 1352 dicis
1562 1331 1591 1351 ut
1614 1326 1730 1352 videaris
1754 1326 1803 1351 mi-

1017 1375 1061 1401 tis.
1083 1373 1232 1407 Respondit
1256 1380 1339 1399 senex
1357 1381 1364 1398 :
1383 1371 1418 1398 Ita
1443 1376 1485 1398 est
1505 1376 1533 1397 ut
1556 1370 1607 1401 ais,
1626 1370 1718 1395 frater.
1740 1370 1804 1396 Ροει

1017 1420 1074 1446 lnrc
1089 1418 1264 1452 interrogavit
1284 1417 1415 1450 quispiam
1435 1416 1521 1450 ipsum
1538 1425 1544 1442 :
1559 1414 1616 1441 Non
1639 1423 1668 1441 es
1682 1415 1804 1442 torbatus

1017 1463 1075 1491 lmc
1097 1463 1219 1495 audiens,
1242 1462 1312 1490 bene
1333 1462 1434 1489 senex?
1448 1462 1477 1488 Et
1493 1461 1649 1495 respondit:
1664 1460 1733 1493 Non,
1757 1461 1817 1495 sed_

1018 1510 1170 1538 sentiebam
1187 1516 1247 1536 cum
1268 1513 1347 1542 gustu
1369 1508 1465 1534 intimo
1479 1508 1597 1534 anintam
1619 1515 1705 1534 meam
1725 1506 1804 1539 quasi

1019 1555 1074 1583 Deo
1086 1555 1170 1589 ipsam
1183 1555 1289 1581 fovente
1305 1557 1466 1587 prolectant.
1480 1552 1513 1579 Et
1527 1552 1594 1579 dixit
1608 1552 1701 1579 beatus
1714 1560 1720 1578 :
1737 1551 1806 1579 Vere

980 1591 1001 1620 (ἶ
1019 1601 1099 1628 debet
1113 1599 1173 1634 quis
1191 1599 1292 1634 gratias
1304 1606 1384 1633 agere
1399 1605 1448 1632 pro
1465 1598 1574 1625 talibus.

1055 1645 1087 1672 X.
1111 1645 1183 1672 Dixit
1197 1651 1289 1670 rursus
1309 1644 1423 1670 beatus:
1440 1643 1507 1670 Cum
1522 1651 1608 1670 essem
1627 1643 1652 1669 itt
1671 1647 1808 1668 monaste-

1022 1693 1061 1719 rio
1077 1691 1148 1726 quod
1174 1694 1216 1717 est
1243 1690 1311 1724 apttd
1327 1689 1441 1724 Tyrum.
1465 1693 1607 1723 antequam
1629 1689 1743 1721 exirem,
1762 1695 1808 1715 su-

1021 1737 1142 1772 pervenit
1158 1736 1235 1762 nobis
1255 1742 1337 1762 senex
1364 1735 1454 1760 multa:
1477 1734 1582 1761 virtutis
1602 1734 1671 1761 forte
1695 1733 1808 1768 legenti—

1023 1782 1072 1808 bus
1102 1780 1253 1808 sententias
1280 1779 1403 1811 Patrum,
1420 1788 1472 1814 qua
1502 1781 1545 1807 ille
1575 1781 1669 1807 beatus
1693 1780 1808 1806 lectione

1023 1826 1166 1860 plurintuttt
1184 1825 1379 1856 delectabatur,
1393 1825 1536 1851 identidem
1557 1824 1615 1851 illas
1632 1832 1806 1858 percurrens;

1023 1871 1143 1905 adeoque
1166 1870 1221 1897 fere
1239 1870 1305 1897 nihil
1328 1870 1378 1897 nisi
1405 1870 1553 1896 doctrinam
1578 1877 1610 1896 ex
1635 1870 1669 1896 iis
1686 1870 1808 1896 haustam

1022 1916 1152 1951 spirans:
1172 1915 1241 1942 ttttde
1267 1915 1433 1942 uberrimum
1457 1914 1572 1942 fructum
1595 1915 1703 1946 tulerat,
1724 1914 1810 1949 plena

1024 1962 1125 1989 notitiae
1150 1961 1318 1996 perfectique
1353 1961 1475 1988 exercitii
1512 1960 1641 1987 virtutum
1677 1961 1808 1987 omnium.

1024 2006 1136 2039 Quando
1153 2011 1243 2033 autem
1258 2007 1284 2032 in
1303 2006 1347 2032 illo
1360 2006 1454 2033 codice
1467 2007 1638 2041 pervenimus
1653 2006 1765 2040 legendo
1776 2006 1809 2032 ad

1025 2053 1110 2079 locum
1126 2052 1169 2079 ubi
1188 2056 1352 2078 memoratur
1373 2058 1454 2078 senex
1478 2051 1522 2078 ille
1538 2051 1571 2078 ad
1589 2059 1668 2086 quem
1691 2051 1810 2077 latrones

1023 2103 1156 2125 venerunt
1173 2102 1199 2124 et
1211 2099 1338 2124 dixeruttt
1354 2098 1403 2132 ipsi
1421 2104 1428 2123 :
1446 2096 1543 2124 Omnia
1564 2105 1622 2131 quae
1640 2097 1666 2124 in
1685 2097 1751 2124 cella
1767 2100 1810 2123 tua

1025 2149 1085 2170 sunt
1100 2143 1223 2170 volumus
1244 2142 1361 2170 auferre.
1389 2142 1448 2175 Quo
1463 2148 1586 2176 prompte
1608 2143 1809 2177 respondente:

1024 2189 1112 2223 Agite,
1134 2196 1181 2222 per
1198 2195 1239 2214 me
1255 2187 1328 2220 licet,
1349 2188 1420 2222 quod
1435 2187 1524 2219 vultis,
1552 2187 1617 2220 ﬁlii;
1645 2187 1680 2213 illi
1703 2192 1812 2214 strenue

1026 2235 1144 2262 corrosis
1172 2233 1305 2261 universis
1335 2233 1471 2260 abierunt.
1504 2233 1593 2260 Latnit
1621 2238 1709 2260 autem
1738 2234 1812 2267 ipsos

186 2279 306 2313 ἔστησαν
321 2278 410 2304 πάντα
421 2279 450 2303 ἐν
463 2277 501 2312 τῷ
515 2277 612 2311 κελλίῳ
627 2276 719 2303 αὑτοῦ·
728 2277 775 2303 καὶ
789 2279 970 2312 μετανοήσαν-

1028 2287 1110 2306 tinum
1126 2279 1332 2306 ἱηειιιιιιιεηιιιιιι
1355 2279 1484 2305 Γυειίριιιιι
1506 2279 1637 2310 sarculos,
1654 2286 1708 2313 qllO
1728 2285 1811 2305 senex

185 2333 231 2355 τες
244 2322 322 2350 εἷπον
335 2324 403 2358 πρὸς
417 2323 559 2358 ἀλλήλους·
580 2322 698 2356 Ἀληθῶς
709 2324 724 2349 ό
739 2322 787 2349 ἄνθ
792 2331 884 2358 ρωπος
898 2319 978 2355 οὗτος

186 2369 234 2396 τοῦ
254 2368 323 2395 Θεοῦ
341 2370 426 2395 ἐστιν.
456 2369 498 2399 Ὠς
515 2367 675 2402 ἀνέγνωμεν
694 2367 788 2400 τοῦτο,
810 2368 886 2402 λέγει
901 2369 915 2395 6
928 2369 977 2402 γέ-

188 2422 254 2450 ρωνο
272 2413 363 2447 Οἶδας,
380 2414 452 2441 ἁϐϐᾱ
466 2422 530 2448 μουο
545 2413 625 2440 ταῦτο
639 2414 669 2439 τὸ
677 2414 842 2449 ἀπόφθεγμα
858 2414 930 2440 πάνυ
944 2423 978 2449 με

186 2461 321 2496 ιὺςέλησε.
336 2461 414 2494 Λέγω
429 2459 512 2495 αὺτῷ-
536 2460 608 2491 Πῶς,
630 2460 737 2495 Πάτερ;
757 2461 812 2486 Καὶ
829 2459 902 2494 λέγει
922 2467 978 2495 μοι’

190 2507 258 2533 “ore
274 2506 350 2537 ὄντος
368 2514 418 2541 μου
433 2507 461 2531 ὲν
476 2507 531 2537 τοῖς
553 2504 646 2536 τόποις
665 2505 735 2532 κατὰ
754 2506 800 2532 τὸν
825 2505 975 2541 Ἰορδάνην,

189 2553 310 2587 ἀνέγνων
324 2552 412 2584 τθῦτο,
429 2552 476 2578 καὶ
489 2550 642 2586 ἐθαύμαζον
653 2551 698 2578 τὸν
713 2551 842 2587 γέροντα⁴
857 2553 907 2578 καὶ
919 2551 977 2577 ἕλε-

189 2608 248 2634 γον’
266 2599 352 2635 Κύριε
365 2619 372 2631 ,
388 2599 505 2631 ἁξέωσόν
525 2607 558 2634 με
579 2599 640 2625 κατ’
656 2599 728 2634 ἴχνος
743 2601 847 2627 τούτων
864 2600 978 2627 ἀκολου-

191 2647 257 2678 θεῖν,
271 2647 284 2672 ὀ
299 2645 472 2678 καταξιώσας
490 2653 523 2680 με
539 2646 579 2676 εἰς
596 2645 690 2679 σχῆμα
704 2645 792 2672 αὐτῶν
809 2645 906 2673 ἐλθεῖν.
934 2647 978 2678 Ὠς

191 2693 237 2720 οὖν
255 2692 327 2728 εἶχον
341 2693 386 2719 τὸν
401 2693 482 2719 πόθον
496 2692 602 2723 τοῦτον,
619 2692 688 2726 μετὰ
702 2691 749 2718 δύο
762 2693 869 2727 ἡμέρας
880 2693 978 2729 λῃσταὶ

192 2738 384 2774 παρεγένοντο’
407 2738 456 2764 καὶ
478 2737 540 2762 ἐπεὶ
568 2736 703 2772 ἔκρουσαν
731 2737 779 2771 τὴν
809 2737 905 2772 θύραν,
931 2737 979 2764 καὶ

193 2784 278 2818 ἔγνων
302 2784 342 2810 ὅτι
364 2782 461 2818 λῃσταί
479 2783 560 2813 εἰσιν,
585 2779 662 2807 εἷπον
684 2781 808 2817 ἐμαυτῷ
831 2783 917 2818 Χάρις
940 2783 979 2817 τῷ

193 2829 261 2864 Θεῷ.
283 2829 336 2855 ἰδοὺ
353 2827 448 2862 καιρὸς
462 2826 632 2859 ἐνδείξασθαι
644 2827 690 2854 τὸν
700 2827 806 2862 καρπὸν
820 2827 865 2854 τοῦ
883 2827 977 2856 πόθου.

201 2875 320 2909 Ἀνοιεας
331 2874 464 2910 ἐδεξάμην
476 2875 573 2906 αὐτοὺς
588 2874 657 2910 μετὰ
672 2874 835 2909 ἱλαρότητος·
851 2875 896 2900 καὶ
909 2873 980 2908 ἅψας

196 2920 290 2957 λύχνον
310 2920 437 2957 ἠρξάμην
451 2920 585 2948 δεικνύειν
596 2920 687 2952 αὐτοῖς
706 2920 739 2947 τὰ
756 2919 917 2955 πράγματα,
935 2920 978 2946 λέ-

1028 2324 1054 2351 in
1084 2332 1191 2356 manus,
1221 2328 1363 2359 postquam
1395 2324 1522 2356 advertit,
1547 2328 1664 2356 sumpto,
1692 2324 1814 2350 cucurrit

1028 2374 1088 2404 post
1108 2369 1226 2396 latrones
1244 2369 1363 2396 clamans
1384 2374 1411 2395 et
1436 2369 1546 2396 dicens:
1563 2369 1648 2395 Etiam
1668 2368 1721 2396 itoc
1742 2369 1813 2403 quod

1028 2423 1076 2443 vos
1095 2415 1181 2447 latuit,
1205 2415 1300 2442 tollite.
1327 2415 1367 2441 llli
1390 2419 1480 2441 autem
1505 2415 1630 2441 admirati
1655 2415 1811 2449 patientiam

1028 2462 1111 2494 senis,
1125 2462 1270 2488 redeuntes
1294 2466 1471 2496 reposuerunt
1489 2461 1515 2488 itt
1533 2461 1627 2489 cellula
1643 2467 1813 2496 quascunque

1028 2507 1214 2539 abstulerant;
1233 2512 1260 2534 et
1276 2507 1338 2534 tacti
1357 2507 1517 2541 pmnitentia
1537 2507 1650 2533 invicem
1666 2505 1811 2532 dicebant:

1029 2551 1099 2580 Vere
1125 2554 1169 2580 ltic
1187 2554 1266 2580 homo
1284 2553 1331 2580 Dei
1356 2558 1408 2580 est.
1428 2553 1485 2580 lloc
1508 2561 1569 2580 cttnt
1587 2552 1754 2585 legissemus,
1775 2552 1814 2578 ait

1028 2605 1111 2627 senex
1126 2598 1185 2625 ille:
1201 2597 1284 2632 Scito,
1304 2599 1338 2625 nti
1351 2599 1430 2631 abba,
1445 2600 1495 2625 boc
1513 2598 1576 2624 mihi
1596 2597 1656 2624 boni
1670 2596 1757 2624 Patris
1772 2597 1813 2624 di-

1029 2651 1100 2673 ctum
1114 2651 1141 2673 et
1157 2646 1257 2673 factum
1280 2647 1421 2680 insigniter
1436 2645 1580 2680 profuisse.
1597 2644 1747 2678 Quomodo,
1773 2644 1814 2671 itt-

1029 2699 1120 2726 quam,
1150 2691 1250 2718 Pater?
1279 2691 1310 2718 Et
1334 2691 1378 2718 ille
1402 2691 1516 2725 subjecit
1532 2699 1539 2716 :
1554 2690 1621 2717 Cum
1649 2697 1737 2717 essem
1763 2690 1814 2716 ali-

1030 2737 1137 2771 quando
1157 2736 1183 2763 in
1198 2737 1264 2763 locis
1281 2737 1313 2763 ad
1325 2736 1470 2763 Iordanem
1495 2742 1588 2762 recens
1603 2743 1616 2761 ιι
1633 2733 1747 2760 let-tione
1763 2735 1814 2760 litt-

1027 2782 1072 2817 jus
1090 2783 1216 2816 exempli,
1238 2787 1266 2809 et
1288 2782 1382 2816 plenus
1404 2780 1582 2808 admiratione
1597 2779 1715 2806 virtutis‘
1729 2779 1812 2812 senis,

1029 2828 1094 2859 dixi,
1111 2828 1191 2854 Deum
1205 2835 1286 2854 orans
1301 2836 1307 2854 ε
1325 2828 1437 2861 Dignare
1454 2833 1505 2858 me,
1525 2825 1646 2857 Domine,
1664 2825 1815 2852 imitatione

1033 2872 1125 2899 talium
1140 2873 1258 2904 Patrum,
1276 2878 1389 2905 quorum
1408 2869 1472 2896 mibi
1488 2868 1645 2896 concessisti
1663 2868 1814 2895 institutunt

1031 2918 1150 2952 profiteri
1174 2925 1205 2944 ac
1224 2921 1323 2944 vestem
1349 2915 1470 2942 induere.
1498 2913 1559 2941 l‘ost
1574 2913 1640 2941 duos
1658 2913 1715 2941 dies
1734 2919 1813 2949 quam
