2064 3162
240 158 248 188 l
255 157 305 189 695

899 160 1047 191 ΖΟΞΙΜΕ
1066 159 1224 189 ABBATIS

1800 157 1872 190 1696

237 217 263 242 in
279 223 311 243 eo
330 211 464 243 desiderio
479 214 593 248 fueram,
617 219 750 243 venerunt
774 215 808 243 ad
831 223 874 244 me
893 216 1024 244 latrones.

1089 225 1133 243 ’ων
1146 217 1248 248 αὐτοῖς·
1265 216 1312 252 Μὴ
1330 216 1500 252 θορυὸιῖσθε’
1519 216 1638 244 πιστεύω
1653 217 1683 243 ἐν
1698 217 1806 252 Κυρίῳ,
1827 218 1870 244 ὅτι

237 262 308 294 Quos
322 261 459 296 pulsantes
475 259 599 295 januam,
622 266 682 287 cum
702 261 748 295 qui
770 266 862 289 essent
882 264 1024 297 cognovis-

236 314 305 338 sem.
321 307 375 333 dixi
390 307 454 333 mihi
474 307 523 340 ipsi
539 316 545 333 ε
561 305 617 333 Deo
636 307 738 341 gratias
752 316 759 334 :
776 315 810 334 en
827 311 933 341 tempus
949 315 1026 334 mon-

237 352 341 379 strandi
356 351 473 379 fructum
490 352 628 380 desiderii.
655 353 756 386 Aperto
777 353 858 388 igitur
881 353 953 380 ostio
976 361 1024 380 ex-

237 398 295 432 cepi
311 405 357 425 eos
370 397 447 425 hilari
466 397 552 430 vultu,
574 401 601 424 et
617 404 730 424 accensa
750 399 860 426 candela
879 399 935 432 cepi
950 406 1026 425 mon-

238 451 325 471 strare
347 444 411 478 ipsis
425 451 467 470 res
482 451 576 471 omnes
592 451 674 476 meas,
688 443 782 471 dicens
797 464 804 471 .
818 444 855 472 Ne
870 444 999 471 dubitetis
1016 452 1024 471 :

238 489 344 516 confido
365 489 391 516 in
415 489 540 522 Domino,
566 496 610 516 me
631 488 696 516 nihil
716 489 791 516 vobis
816 489 1024 517 absconsurum.

241 534 336 562 Dicunt
359 535 395 562 illi
422 535 488 562 mihi
519 543 526 562 :
555 536 680 562 Habesne
704 535 816 562 aurum?
835 534 884 568 Ita,
904 536 1026 569 inquam.

243 580 328 608 habeo
343 588 467 608 nummos
485 586 550 608 tres.
567 581 599 608 Et
617 581 709 616 aperui
723 588 816 607 coram
835 580 874 608 eis
891 581 1028 616 capsulam

242 626 268 652 in
291 633 342 659 qua
357 629 437 652 erant
452 626 564 653 nummi.
579 626 615 653 lis
639 625 676 653 illi
690 626 808 660 acceptis
830 626 856 652 in
871 632 936 660 pace
955 626 1029 654 abie-

243 675 315 698 runt.
331 671 367 698 Ea
385 679 445 698 cum
462 679 542 699 senex
558 672 683 703 dixisset,
696 671 797 706 subjeei
817 679 867 705 ego
881 671 1005 698 arridens
1020 681 1027 699 :

1073 264 1104 290 οὗ
1121 264 1159 299 μὴ
1176 263 1273 299 κρύψω
1289 263 1336 298 ἀφ’
1353 264 1430 298 ὑμῶν
1444 273 1481 290 τι.
1500 263 1556 290 Καὶ
1570 263 1682 296 λέγουσι
1697 271 1754 298 μοι·
1773 263 1870 298 Ἔχεις

1073 309 1197 344 χρυσίον;
1213 308 1293 343 Λέγω
1305 308 1406 341 αὐτοῖς·
1419 309 1483 340 Ναὶ,
1497 301 1551 344 ἔχω
1563 309 1626 344 τρια
1637 308 1806 342 νομίσματα.
1816 308 1871 334 Καὶ

1075 354 1168 389 ἦνοιξα
1188 354 1286 386 σκεῦος
1300 354 1458 389 ἔμπροσθεν
1470 354 1569 384 αὐτῶν.
1588 355 1634 380 καὶ
1653 353 1785 384 λαϐόντες
1800 352 1871 380 αὐτὰ

1075 401 1195 436 ἀπῆλθον
1221 402 1279 435 μετ’
1303 401 1425 435 εἰρήνης.
1458 399 1528 433 Ἐγὼ
1554 400 1581 426 δὲ
1605 400 1869 435 χαριεντισάμενος,

1079 443 1154 472 εἷπον
1175 445 1244 480 πρὸς
1263 445 1353 471 αὐτόν·
1383 445 1584 480 Ὑπέστρεψαν,
1607 444 1643 476 ὡς
1659 446 1707 470 καὶ
1727 445 1752 470 oi
1773 444 1817 470 ἐπὶ
1833 443 1871 477 τῷ

1076 490 1202 525 γέροντι;
1217 491 1291 524 λέγει
1306 499 1351 525 μοι
1366 491 1477 522 εὐθέως
1495 491 1531 517 Οὐ
1552 490 1589 526 μὴ
1604 491 1706 525 ποιήσῃ
1719 491 1734 516 ὁ
1746 489 1823 520 Θεόε·
1840 490 1869 514 οὗ

1077 537 1132 572 γὰρ
1146 537 1226 564 τοῦτο
1235 537 1330 572 ἣθελον
1346 537 1390 563 ἵνα
1401 536 1605 571 ὑποστρὲψιιισν
1621 537 1668 563 καὶ
1681 535 1785 569 ἔλεγεν·
1805 535 1872 561 Ἰδοὺ

1077 583 1092 609 6
1117 582 1200 615 1:600;
1223 582 1271 609 τοῦ
1293 582 1422 618 γέροντος
1442 583 1458 617 ἡ
1487 582 1632 616 ἐτοιμαπῐα
1649 581 1732 608 αὑτοῦ
1749 581 1778 606 τί
1799 579 1872 614 αὖτῷ

1079 627 1226 662 παρέσχενθ
1237 628 1280 654 ὅτι
1291 629 1321 655 οὐ
1333 628 1414 662 μόνον
1423 628 1473 654 οὐκ
1484 627 1618 663 ἐλυπήθη,
1631 627 1700 654 ἀλλὰ
1713 628 1762 654 καὶ
1773 627 1871 661 ἐχάρη,

1078 671 1117 704 ὡς
1131 672 1252 699 τοιούτου
1268 673 1372 707 ἀγαθοῦ
1388 673 1579 705 καταξιωθεὶς.

243 719 425 746 liediernntne
452 719 612 753 penitentes
630 719 747 747 latrones
763 725 791 746 ut
810 720 836 746 in
868 719 951 754 priori
973 719 1046 746 senis
1065 727 1145 753 quem
1182 721 1333 748 imitabaris
1356 720 1440 748 casn?
1462 720 1594 748 Celeriter
1617 720 1758 754 reposuit:
1777 719 1815 746 Ne
1838 719 1874 745 si-

243 765 309 791 verit
334 764 385 791 hoc
410 764 478 791 Deus
492 774 498 792 ε
513 772 562 792 nec
585 765 656 792 enim
683 765 753 792 volui
778 766 867 793 redire
890 765 972 799 ipsos.
994 764 1027 792 Et
1046 766 1149 793 addidit
1178 766 1300 794 Zosimas
1315 775 1321 793 :
1335 765 1374 792 Eu
1404 766 1567 793 desiderium
1580 767 1654 793 senis
1669 766 1747 800 hujus
1761 772 1787 791 et
1805 773 1876 800 pra:-

243 810 347 844 paratio
368 810 451 837 animi
474 814 603 845 quantum
629 811 665 838 illi
695 811 807 846 profuit,
831 811 950 839 alliciens
971 819 1023 838 non
1044 811 1129 838 solum
1151 819 1183 838 ne
1215 812 1369 839 tristaretur
1384 812 1412 838 in
1430 817 1484 838 tam
1502 812 1577 846 gravi
1610 819 1686 842 casu,
1702 812 1748 837 sed
1767 811 1876 837 limare-

243 862 287 884 tur
297 858 388 890 etiam,
411 858 511 893 ingenti
534 866 562 885 se
577 858 652 886 lucro
673 864 781 886 auctum
804 859 964 887 existimans
981 867 1029 894 per
1046 860 1180 894 jacturam
1195 859 1287 886 talem.

278 905 323 932 XI.
344 904 469 932 Narravit
491 906 555 932 mihi
572 906 665 934 beatus
690 906 801 940 Sergius
824 907 851 934 in
876 907 949 935 hune
973 915 1030 934 mo-
1047 912 1067 939 lt

244 952 305 978 dum
322 960 328 978 :
345 951 496 985 Aliquando
508 953 559 978 iter
572 953 715 987 agentibus
729 952 817 984 nobis,
830 953 942 988 contigit
960 961 974 980 a
989 953 1032 980 via

245 998 371 1024 aberrare
387 997 422 1024 ita
436 1001 464 1024 nt
478 1002 580 1024 temere
596 1003 726 1031 vagantes
742 998 827 1032 ignari
843 998 1033 1026 deveniremus

246 1043 270 1069 in
293 1050 388 1077 agrum
414 1043 560 1076 consitum,
585 1048 612 1071 et
632 1048 690 1071 sata
708 1044 830 1078 quaedam
857 1044 1033 1071 conculcare-

246 1097 316 1120 IltIlS,
330 1096 382 1122 quo
397 1089 586 1116 animadverso
601 1089 673 1124 cepit
685 1089 805 1123 agricola
821 1090 880 1124 cuja
905 1097 948 1116 res
964 1095 1032 1123 erat,

247 1134 449 1161 vehementibus
467 1142 516 1162 nos
531 1135 680 1162 maledictis
694 1135 732 1162 ira
748 1135 855 1162 fervens
870 1135 1007 1163 incessere
1026 1144 1033 1162 :

248 1180 312 1213 Vos,
330 1181 463 1215 inquiens,
487 1181 622 1215 monachi,
636 1182 658 1209 si
677 1181 760 1208 Deum
775 1182 919 1214 timeretis,
934 1187 961 1209 et
974 1189 1034 1209 eum

248 1226 382 1253 haberetis
410 1231 473 1254 ante
496 1227 599 1259 oculos,
626 1235 678 1254 non
703 1227 765 1262 lich
781 1227 873 1262 utique
898 1228 1034 1255 faceretis.

248 1273 366 1299 Audiens
387 1273 462 1305 talia,
486 1273 578 1300 statim
596 1273 634 1300 ait
647 1274 724 1300 nobis
737 1279 865 1301 sanctus:
880 1273 932 1300 Per
948 1273 1038 1300 Domi-

249 1326 311 1345 nnm
332 1326 411 1345 nemo
435 1318 569 1353 loquatur.
596 1318 654 1354 Ipse
673 1327 753 1353 porro
779 1319 916 1353 respondit
935 1319 1038 1346 rustico

249 1372 310 1390 cum
325 1364 530 1391 mansuettnliue
545 1363 632 1391 :Vere
650 1365 729 1396 dicis,
745 1365 793 1391 fili.
808 1365 836 1392 Si
851 1365 922 1391 enim
941 1364 986 1391 Dei
1004 1365 1037 1391 Ii-

249 1418 307 1436 mor
330 1414 402 1437 esset
425 1410 450 1436 in
478 1410 565 1442 nobisI
590 1410 661 1436 haud
683 1417 824 1444 ageremus
839 1418 898 1443 qure
916 1410 962 1437 tibi
978 1410 1039 1444 jure

248 1455 400 1490 displicent.
422 1455 512 1483 Nihilo
531 1456 575 1483 ille
599 1456 688 1484 secius
709 1464 804 1484 rursus
819 1464 880 1483 cum
899 1456 1039 1483 stomacho

249 1503 428 1529 coiitumelias
441 1502 566 1538 ingessit,
582 1502 734 1536 iterumque
750 1502 822 1529 mitis
837 1509 918 1529 senex
935 1510 942 1528 :
957 1501 1039 1533 Vera,

251 1547 346 1582 inquit,
365 1548 500 1582 loqueris;
520 1548 542 1575 si
560 1547 684 1574 monachi
705 1555 836 1580 essetmis,
854 1547 952 1574 talibus
967 1548 1030 1574 abs-

252 1595 411 1620 tineremus.
437 1593 549 1625 Tamen,
563 1601 621 1626 oro,
641 1600 689 1627 per
704 1592 857 1626 Dominum,
868 1592 977 1627 ignosce
993 1600 1040 1619 no-
1054 1585 1075 1613 ο

250 1638 292 1666 bis
306 1639 376 1673 quod
399 1639 582 1672 imprudentes
598 1640 780 1672 peceaviums.
802 1638 838 1665 Ea
858 1638 964 1665 tandem
980 1646 1036 1665 mo-

250 1684 335 1711 destia
354 1684 481 1711 deliuitus
503 1684 632 1718 agricola,
650 1685 764 1719 proiecit
783 1692 813 1711 se
830 1685 863 1710 ad
886 1684 967 1718 pedes
982 1684 1041 1718 ejus

251 1730 342 1757 dicens
358 1739 364 1756 :
380 1729 463 1757 Parce
479 1730 543 1756 mihi
564 1733 665 1757 temere
681 1730 780 1763 locuto,
795 1730 875 1762 abba,
889 1737 936 1763 per
949 1729 1042 1756 Domi-

251 1784 326 1808 num,
350 1784 446 1810 meque
468 1777 522 1803 tuis
549 1776 683 1804 volentem
710 1785 836 1811 aggrega.
863 1776 1041 1810 Addebatque

251 1822 348 1849 beatus
364 1821 496 1858 Sergius:
515 1821 618 1848 Revera
638 1823 681 1849 hic
701 1823 782 1849 homo
801 1829 849 1849 nos
868 1826 977 1848 secutus
999 1829 1043 1848 sa-

252 1876 327 1894 crum
343 1868 464 1894 habitum
479 1867 604 1902 sumpsit.
624 1867 703 1894 Unde
726 1866 906 1901 subjungebat
929 1866 985 1893 haec
1002 1874 1044 1892 re-

254 1912 344 1940 feretis
357 1912 496 1940 Zosimas:
515 1912 552 1938 En
569 1912 747 1939 mansuetudo
769 1918 796 1938 et
824 1912 942 1946 probitas
956 1911 1044 1939 sancti

254 1959 303 1985 viri
318 1963 457 1991 quantum,
474 1958 528 1985 Deo
539 1957 660 1991 juvante,
676 1958 802 1992 potuerit,
819 1962 994 1990 convertens,
1019 1962 1047 1984 et

1118 907 1170 932 ΙΝ.
1193 905 1346 942 Διηγήςατύ
1367 914 1412 940 μοι
1430 905 1567 941 μακάριος
1583 906 1698 941 Σέργιος
1713 905 1800 936 οὕτως
1813 924 1820 934 .
1836 905 1878 932 ὅτι

1084 952 1152 978 “ne
1177 952 1324 978 ὁδευόντων
1348 951 1428 986 ἡμῶν
1447 952 1516 986 μετά
1535 959 1608 982 τινος
1630 951 1711 984 ἁγίου
1735 951 1878 985 γέροντος,

1084 997 1277 1033 ἐπλανήθημεν
1292 998 1340 1032 τῆς
1355 997 1426 1023 ὀδοῦ·
1443 997 1491 1023 καὶ
1505 996 1573 1032 μηδὲ
1593 997 1784 1030 γινωσκόντων
1799 997 1881 1030 ἡμῶν

1085 1043 1136 1070 ποῦ
1149 1042 1330 1078 πορευόμεθα,
1347 1042 1504 1078 ηὑρέθημεν
1515 1043 1554 1074 εἰς
1568 1043 1602 1069 τὰ
1615 1043 1747 1077 σπόριμα·
1757 1043 1805 1069 καὶ
1814 1051 1880 1068 κατ-

1084 1091 1264 1125 επατήσαμεν
1287 1089 1366 1124 ὀλίγα
1387 1089 1440 1116 τῶν
1458 1088 1611 1124 σπορίμων.
1634 1089 1804 1123 Αἰσθόμενος
1818 1089 1846 1115 δὲ
1863 1089 1878 1114 6

1085 1136 1219 1171 γεωργὸς,
1233 1135 1335 1171 ἤρξατο
1349 1135 1473 1171 septum
1490 1135 1575 1161 πολλὰ
1592 1135 1650 1170 μετ’
1669 1135 1763 1170 ὀργῆς·
1774 1135 1880 1169 Ὑμεῖς,

1088 1182 1211 1218 μοναχοὶ,
1229 1183 1252 1208 εἰ
1269 1182 1391 1217 ὲφοῦεῖτε
1408 1182 1453 1208 τὺν
1470 1182 1547 1214 Θεὸν,
1562 1182 1609 1208 καὶ
1622 1182 1710 1216 εἴχετε
1728 1181 1810 1207 αὐτὴν
1828 1181 1882 1216 πρὸ

1086 1228 1244 1264 ὀφθαλμῶν,
1259 1228 1309 1254 οὐκ
1325 1227 1358 1254 ἂν
1374 1228 1491 1253 ἐποιεῖτε
1510 1226 1600 1253 τοῦτο,
1621 1226 1729 1257 Εὐθέως
1743 1223 1790 1252 οὖν
1807 1226 1882 1258 λέγει

1086 1276 1154 1310 ἡμῖν
1168 1275 1182 1300 6
1199 1275 1284 1308 ἆγιος·
1309 1274 1358 1300 Διὰ
1377 1273 1423 1299 τὸν
1447 1272 1550 1307 Κύριον
1569 1272 1665 1307 μηδεὶς
1682 1272 1800 1306 λαλήσῃ.
1827 1272 1882 1298 Καὶ

1088 1322 1180 1356 ἔλεγεν
1193 1320 1267 1356 αὑτῴ
1283 1320 1353 1355 μετὰ
1365 1319 1529 1354 πραότητος·
1546 1318 1643 1349 Καλῶς
1656 1317 1758 1350 λέγεις,
1776 1318 1882 1343 τέκνον·

1089 1369 1113 1394 ει
1126 1367 1180 1403 γὰρ
1196 1368 1306 1402 εἴχομεν
1323 1366 1374 1391 τὸν.
1385 1365 1467 1400 φόϐον
1483 1364 1532 1391 τοῦ
1549 1363 1629 1394 Θεοῦ,
1646 1364 1698 1390 οὐκ
1714 1363 1748 1390 ἂν
1774 1362 1884 1389 ἑποιοῦ-

1091 1422 1140 1448 μεν
1155 1411 1251 1439 ταῦτα.
1271 1411 1354 1437 Πάλιν
1374 1411 1478 1441 ἐκεῖνος
1499 1409 1593 1445 ὕϐριζε
1616 1408 1686 1444 μετὰ
1709 1408 1810 1443 θυμοῦ-
1835 1408 1883 1434 καὶ

1090 1458 1171 1485 πάλιν
1182 1459 1196 1484 ὸ
1210 1458 1299 1494 γέρων
1315 1457 1416 1491 ἔλεγεν·
1440 1456 1484 1482 Ἐν
1498 1455 1611 1491 ἀληθείᾳ
1624 1455 1715 1489 λέγεις
1733 1463 1740 1469 ·
1754 1456 1779 1481 εἰ
1794 1455 1885 1488 ἥμεθα

1093 1503 1214 1540 μοναχοὶ,
1232 1502 1311 1530 τοῦτο
1326 1502 1376 1528 οὐκ
1390 1501 1552 1536 ἐποιοῦμεν·
1570 1500 1638 1527 ἀλλὰ
1654 1500 1698 1526 διὰ
1708 1500 1754 1526 τὸν
1770 1499 1884 1535 Κύριον⁹

1093 1549 1269 1584 συγχώρησον
1294 1548 1360 1583 ἡμῖν
1388 1547 1429 1573 ὅτι
1454 1545 1626 1581 ἡμάρτομεν.
1663 1545 1829 1578 Ἐκπλαγεὶς
1861 1544 1885 1571 5‘

1092 1594 1195 1624 ἐκεῖνος
1218 1593 1266 1619 καὶ
1291 1592 1376 1618 ἐλθὼν
1396 1592 1510 1626 ἔρριψεν
1533 1590 1630 1616 ἑαυτὸν
1652 1591 1692 1621 εἰς
1710 1590 1775 1621 τοὺς
1802 1589 1885 1620 πέδας

1094 1638 1187 1670 αὐτοῦ,
1203 1638 1299 1671 λέγων·
1315 1637 1478 1672 Συχώρηπόν
1492 1645 1547 1671 μοι,
1561 1635 1644 1667 ἁὸὃᾶ,
1658 1635 1704 1662 διὰ
1713 1636 1760 1661 τὸν
1771 1635 1883 1670 Κύριον,

1095 1685 1142 1711 καὶ
1155 1683 1220 1710 λάϐε
1233 1683 1291 1717 μεθ’
1307 1682 1394 1717 ὑμῶν.
1411 1682 1466 1708 Καὶ
1477 1681 1570 1715 ἔλεγεν
1583 1681 1597 1706 6
1613 1680 1749 1715 μακάριος
1762 1679 1883 1714 Σέργιος,

1094 1729 1135 1755 ὅτι
1149 1730 1194 1755 Ἐν
1208 1728 1323 1763 ἀληθείᾳ
1348 1729 1406 1763 μεθ’
1431 1728 1510 1763 ἡμῶν
1533 1727 1703 1762 ἠκολούθησε
1716 1746 1724 1758 ,
1741 1727 1789 1753 καὶ
1804 1726 1885 1752 ἐλθὼν

1095 1774 1175 1801 ἐλαόε
1198 1773 1228 1800 τὸ
1252 1774 1356 1808 σχῆμα.
1381 1774 1436 1799 Καὶ
1455 1773 1550 1806 ἔλεγεν
1570 1774 1584 1799 ὁ
1610 1773 1758 1807 μακάριος
1789 1772 1882 1806 Ίδοὺή

1095 1820 1217 1856 πραότης
1234 1821 1280 1846 καὶ
1302 1819 1332 1845 τδ
1345 1819 1446 1854 ἀληθὲς
1466 1819 1513 1845 τοῦ
1529 1819 1607 1852 ἁγίου
1630 1819 1656 1845 τί
1676 1818 1796 1852 ἠδυνῇοη
1819 1817 1886 1852 μετᾶ

1094 1865 1160 1892 Θεὸν
1183 1865 1305 1898 ποιῆσαι·
1333 1865 1380 1890 καὶ
1405 1863 1492 1890 σῶσαι
1508 1863 1597 1898 ψυχὴν
1620 1864 1680 1889 κατ’
1704 1863 1798 1889 εἰκόνα
1822 1861 1885 1888 Θεοῦ

1096 1911 1267 1945 ποιηοείταν,
1284 1909 1317 1944 ἣν
1339 1909 1413 1935 θέλει
1427 1910 1440 1935 6
1459 1909 1526 1940 Θεὸς
1542 1909 1643 1942 μᾶλλον
1665 1909 1682 1943 ἢ
1706 1908 1823 1944 μυρίους
1846 1907 1888 1934 κό-

1099 1964 1183 1991 σμους
1202 1954 1272 1990 μετὰ
1283 1954 1338 1980 τῶν
1354 1954 1505 1988 χρημάτων
1521 1953 1622 1980 αὐτῶν.

256 2006 282 2033 in
299 2004 393 2033 salutis
411 2005 481 2032 viam
498 2005 628 2032 inducens
643 2006 762 2032 animam
784 2006 818 2032 ad
834 2006 880 2033 Dei
915 2005 1058 2040 imaginem
1079 2009 1211 2034 erealam,
1243 2009 1323 2037 quam
1352 2002 1462 2036 praefert
1502 2001 1572 2028 Deus
1597 1999 1749 2027 innumeris
1772 1998 1886 2029 mundis,

255 2062 316 2081 eum
331 2054 436 2081 eunetis
449 2053 552 2081 divitiis
566 2054 698 2088 ipsorum.

290 2099 347 2127 XII.
366 2099 437 2127 Dixit
461 2105 588 2134 preterea
603 2098 751 2127 :Commisi
774 2100 917 2135 aliquando
934 2100 1038 2128 libellos

255 2146 447 2174 describendos
472 2147 576 2174 cuidam
603 2147 759 2174 amanuensi
782 2147 808 2173 iu
838 2147 932 2182 primis
954 2147 1040 2181 perito

256 2192 455 2228 ealligraphicm
478 2194 556 2222 artis.
584 2193 616 2220 Et
641 2193 685 2220 ille
705 2192 827 2220 absoluta
847 2193 1041 2226 descriptione,

1127 2098 1176 2125 IB'.
1197 2096 1254 2124 Καὶ
1277 2096 1380 2129 ἔλεγεν,
1407 2095 1447 2120 ὅτι
1472 2093 1540 2120 [loss
1568 2091 1689 2125 ὑπέταξα
1713 2091 1804 2126 βιῶ.Ξα
1831 2091 1887 2118 τινὶ

1093 2144 1272 2178 καλλιγράφῳ
1296 2142 1401 2176 εὐφυεῖ·
1425 2141 1472 2167 καὶ
1489 2139 1558 2174 μετὰ
1581 2139 1612 2165 τὸ
1633 2139 1743 2165 τελέσαι
1766 2139 1802 2164 τὰ
1822 2139 1887 2173 γρά-

1095 2190 1180 2225 ψιμα,
1197 2189 1302 2224 πέμπει
1317 2187 1364 2214 καὶ
1375 2186 1450 2220 λέγει
1467 2194 1524 2221 μοι’
1537 2185 1605 2211 Ἰδοὺ
1619 2184 1742 2210 ἐτέλεσα·
1760 2184 1806 2210 ὅτε
1817 2185 1888 2210 δοκεῖ

257 2239 330 2265 misit
359 2239 392 2265 ad
415 2247 456 2266 me
482 2240 528 2274 qui
557 2240 705 2272 nuntiaret,
728 2238 876 2274 perfectum
899 2238 955 2272 jam
977 2245 1038 2272 opm

1097 2245 1137 2263 σοι
1156 2235 1264 2270 πέμψον
1283 2234 1330 2261 καὶ
1344 2233 1410 2260 λάϐε
1423 2232 1504 2259 αὐτὰ.
1522 2230 1653 2265 ’Λδελφδς
1669 2230 1699 2256 δέ
1713 2238 1756 2261 τις
1769 2230 1886 2262 ἀκούσας

256 2292 317 2311 esse
332 2293 338 2311 :
356 2285 500 2317 mitterem,
521 2286 543 2313 si
566 2287 712 2318 videretur,
734 2285 779 2320 qui
803 2284 903 2319 scripta
925 2284 1042 2311 tolleret.

259 2329 307 2357 llis
328 2330 413 2357 frater
427 2331 537 2365 quidam
554 2332 663 2364 auditis,
687 2331 754 2358 adiit
780 2330 898 2365 iniussus
916 2330 1044 2363 calligra-

258 2377 353 2411 phum,
374 2377 493 2408 nomine,
508 2382 537 2403 ut
563 2377 631 2404 falso
651 2378 750 2409 aiebat,
774 2377 958 2411 mandataque
972 2384 1042 2408 meo,

258 2428 465 2458 tmmeratoque,
480 2424 552 2457 quod
577 2428 752 2455 convenerat,
779 2430 876 2450 manus
890 2423 989 2458 pretio,
1014 2423 1045 2450 li-

257 2469 342 2496 bellos
363 2468 483 2496 abstulit.
508 2468 563 2503 Ego
579 2468 689 2503 ignarus
705 2468 764 2503 ejus
784 2469 834 2500 rei.
851 2469 912 2496 misi
932 2468 1044 2497 fratrem

258 2521 391 2548 nostrum,
403 2515 466 2542 dato
481 2514 517 2542 illi
533 2514 667 2548 epistolio,
686 2522 747 2542 eum
769 2515 894 2542 mercede
913 2520 992 2549 pacta
1017 2519 1047 2542 ut

258 2561 357 2595 scripta
366 2560 502 2594 acciperet
518 2560 655 2594 ferretque
670 2561 702 2587 ad
719 2567 771 2588 me.
785 2561 939 2595 intelligens
949 2569 983 2589 ex
995 2561 1046 2588 hoc

258 2606 442 2640 ealligraphus
458 2606 564 2633 illusum
588 2606 640 2633 sibi
663 2605 747 2633 fuisse
764 2614 778 2633 a
795 2607 877 2640 priori
902 2607 1044 2638 monacho,

259 2651 346 2678 iratus
367 2651 434 2678 dixit
448 2661 453 2678 :
467 2650 513 2679 lbo
524 2651 645 2687 profecto
657 2657 682 2679 et
697 2652 831 2680 infamabo
844 2653 931 2687 ipsum
946 2654 980 2680 ob
993 2653 1046 2680 duo

258 2697 360 2724 nefaria
375 2705 434 2731 quia:
453 2698 562 2725 admisit
574 2707 581 2726 :
593 2698 708 2733 primunt
733 2699 848 2726 irridens
877 2706 935 2732 me;
950 2699 1046 2726 deinde

259 2750 319 2777 quae
345 2743 378 2768 ad
403 2743 476 2770 illmn
502 2752 554 2771 non
578 2745 752 2778 pertinebant
773 2744 910 2772 auferens.
932 2744 967 2772 At
996 2752 1046 2779 ego

259 2786 353 2814 audito
369 2787 432 2821 quid
456 2793 575 2823 pararet,
599 2789 658 2815 misi
683 2789 728 2823 qui
748 2796 762 2815 ο
787 2797 830 2816 me
849 2789 900 2822 ipsi
923 2789 1045 2816 diceret:

260 2831 332 2864 Scis,
355 2833 437 2861 frater
460 2835 506 2867 mi,
525 2842 574 2862 nos
593 2842 625 2861 eo
643 2835 696 2862 fine
719 2841 878 2868 comparare
900 2842 931 2861 ac
955 2839 1048 2862 tenere

261 2878 375 2912 libellos,
397 2885 425 2907 ut
443 2888 475 2908 ex
502 2881 535 2908 iis
561 2880 700 2908 discamus
726 2887 854 2908 exercere
871 2880 1044 2912 charitalcm,

1094 2281 1198 2314 ταῦτα,
1212 2280 1339 2307 ἀπελθὼν
1362 2278 1394 2311 ἐξ
1411 2277 1544 2313 ὀνόματός
1565 2285 1615 2311 μου
1641 2275 1710 2310 πρὸς
1726 2276 1773 2302 τὸν
1798 2275 1887 2302 καλλι-

1095 2329 1210 2364 γράφον,
1222 2328 1269 2354 καὶ
1283 2327 1343 2357 δοὺς
1356 2325 1387 2351 τὸ
1402 2322 1583 2359 συμφωνηθὲν
1601 2322 1697 2348 ἐλαϐεν
1710 2322 1795 2349 αὑτά.
1821 2321 1888 2354 Ἐγὼ

1096 2374 1124 2400 δὲ
1143 2374 1180 2408 μὴ
1195 2373 1276 2407 γνοὺς
1299 2371 1380 2398 τοῦτο
1402 2369 1515 2404 ἔπεμψα
1531 2368 1646 2403 ἀδελφὺν
1664 2368 1805 2403 ἡμέτερον
1821 2366 1891 2402 μετὰ

1096 2419 1269 2455 γραμμάτων
1292 2418 1341 2444 σὺν
1365 2417 1404 2453 τῷ
1426 2416 1518 2451 κόπῳ,
1535 2415 1606 2442 ὥστε
1621 2415 1715 2441 λαϐεῖν
1742 2414 1822 2440 αὐτά..
1848 2413 1889 2443 Ὠς

1095 2464 1141 2492 οὖν
1157 2465 1228 2499 ἔγνω
1245 2465 1259 2491 6
1279 2463 1466 2498 καλλιγράφος
1480 2463 1522 2489 ὅτι
1541 2461 1691 2496 ἐνεπαίχθη
1707 2460 1762 2486 ἀπὸ
1776 2459 1825 2485 τοῦ
1844 2459 1887 2485 λα-

1096 2512 1188 2543 ϐόντος
1200 2511 1280 2543 αὐτὰ,
1293 2510 1442 2546 ταραχθεὶς
1457 2507 1544 2536 εἶπεν·
1558 2509 1662 2539 Ὄντως
1674 2507 1833 2542 ἀπέρχομαι
1843 2506 1889 2532 καὶ

1096 2557 1200 2591 ἀηδισω
1215 2556 1296 2583 αὑτὸν
1309 2556 1380 2582 κατὰ
1395 2555 1442 2581 δύο
1457 2554 1576 2589 τρόπους
1587 2573 1595 2583 ,
1612 2553 1653 2579 ὅτι
1677 2551 1810 2586 ἐχλεύασέ
1837 2558 1869 2585 με
1879 2570 1886 2582 ,

1096 2604 1144 2630 καὶ
1158 2604 1199 2630 ὅτι
1214 2603 1294 2629 ἔλαϐε
1316 2602 1351 2629 τὰ
1373 2601 1411 2637 μὴ
1424 2601 1489 2628 ὂντα.
1508 2600 1602 2626 αὑτοῦ.
1626 2599 1698 2632 Ἐγὼ
1721 2598 1751 2624 δὲ
1767 2597 1885 2626 ἀκούσας

1095 2649 1184 2681 τοῦτο,
1207 2648 1317 2684 πέμψας
1337 2646 1412 2674 εἷπον
1428 2646 1513 2680 αὐτῷ’
1527 2644 1619 2677 Οἶδας,
1637 2644 1737 2678 ἀδελφέ
1762 2652 1830 2678 μου,
1843 2643 1882 2668 ὅτι

1096 2696 1141 2723 διὰ
1163 2695 1241 2722 τοῦτο
1269 2694 1398 2729 κτώμεθα
1420 2692 1527 2728 βιὸλία,
1544 2692 1588 2718 ῖνα
1605 2689 1737 2725 μάθωμεν
1752 2689 1782 2722 ἐξ
1804 2688 1892 2715 αὐτῶν

1098 2741 1219 2776 ἀγάπην,
1234 2741 1407 2771 ταπείνωσιν,
1419 2739 1570 2774 πραότητα,
1582 2737 1705 2772 εἰρήνην·
1720 2737 1744 2762 εἰ
1755 2736 1783 2762 δὲ
1797 2736 1814 2770 ἡ
1824 2734 1890 2769 ἁρχὴ

1098 2789 1148 2822 τῆς
1163 2789 1287 2822 κτήσεως
1301 2786 1358 2812 τῶν
1373 2785 1483 2821 βιϐλίων
1500 2785 1574 2819 μάχη
1590 2784 1675 2814 ἐστὶν,
1689 2782 1720 2808 οὐ
1740 2780 1812 2807 θέλω
1828 2781 1889 2813 κτή-

1100 2833 1199 2860 σασθαι
1221 2832 1342 2867 βιῦλῐον·
1364 2831 1411 2857 καὶ
1429 2830 1509 2865 μόνον
1535 2828 1572 2864 μὴ
1596 2828 1773 2863 μαχήσομαι·
1801 2824 1890 2851 δοῦλον

1099 2879 1153 2914 γὰρ
1170 2878 1313 2913 Κυρὶονὲοὺ
1327 2878 1366 2905 δεῖ
1378 2875 1522 2912 μάχεσθαι.
1541 2874 1606 2901 Ἰδοὺ
1618 2871 1664 2900 οὖν
1681 2871 1889 2906 καταςρσινὴβας
