2064 3162
209 155 275 189 1697

927 164 946 192 Λ
953 164 1127 200 LLOQUIA.

1765 174 1831 206 1098

205 214 252 240 τοῦ
275 214 395 249 βιϐλίου,
419 215 533 250 ἐποίησα
555 215 592 250 μὴ
617 214 756 247 παντελῶς
779 216 926 252 ὀχληθῆναι
947 218 983 244 τὸ*

1044 221 1244 255 humilitatem,
1277 225 1529 258 mansuetudinem,
1558 234 1662 261 pacem.
1688 227 1716 255 Si
1742 235 1830 257 autem

205 259 329 294 ἀδελφόν.

205 306 267 332 nolo
288 306 408 334 habere:
425 314 478 340 quo
493 306 533 334 sic
557 307 636 333 vitem
654 307 758 334 rixandi
785 309 989 337 necessitatem.

1045 265 1150 292 initium
1176 269 1357 302 possessionis
1379 270 1530 298 libellorum
1549 273 1607 299 rixa
1632 277 1672 300 est
1688 274 1759 308 :jam
1783 283 1830 303 eos

1030 311 1144 339 Servum
1179 315 1278 349 quippe
1294 317 1398 344 Domini
1417 319 1498 347 rixari
1525 327 1576 346 non
1604 322 1739 350 convenit.
1759 322 1830 349 Con-

199 358 302 387 templa
316 355 406 388 igitur,
423 359 450 381 et
468 354 577 389 insuper
594 354 685 381 habita
704 355 765 383 libri
777 357 894 390 jactura,
912 357 987 385 clI'cci
1009 367 1041 386 ne
1057 360 1186 388 molestite
1200 363 1346 397 quidquam
1361 365 1541 393 lacesseretur
1557 368 1592 394 illi
1611 368 1699 396 fratri.

240 399 289 425 II".
322 400 377 426 Καὶ
399 399 491 434 ἔλεγεν
514 400 527 426 ὁ
554 400 653 432 αὐτὸς,
679 401 719 427 ὅτι
753 401 892 437 ’Λκηκοὼς
917 404 994 439 παρὰ

202 452 275 475 τινος
288 444 429 478 ἀγαπητοῦ
447 453 491 479 μοι
509 445 636 479 μοειαχοῦ,
653 446 693 471 ὅτι
710 445 771 480 ἔσχε
788 446 848 473 τινὰ
870 447 993 474 διάκονον

203 490 344 524 ἀγαπητὸν
365 490 414 525 τῆς
436 489 539 525 λαύρας
564 490 610 516 τοῦ
634 490 708 517 ἁὸὄᾶ
740 491 894 526 Γερασίμου
914 500 921 508 ·
945 493 993 519 καὶ

202 536 252 562 οὐκ
263 533 321 562 οἶδα
337 535 417 561 πόθεν
430 535 508 570 ἔσχεν
525 537 564 566 εἰς
577 535 627 570 ἐμὲ
641 536 767 562 ὑπόνοιαν
784 538 845 570 περὶ
864 538 992 573 πράγμα-

201 591 247 614 τος
257 583 382 617 ερέροντος
394 583 467 617 αὐτῷ
474 583 572 617 λύπην,
586 583 633 609 καὶ
644 583 745 618 ἤρξατο
759 583 918 617 στυγνὰζειν
932 593 988 619 μοι.

209 627 279 654 Ἰδὼν
287 628 366 655 αὑτὸν
380 627 435 661 ἐγὼ
449 628 571 660 στυγνὸν,
584 628 714 662 ἠρώτησα
725 627 820 662 μαθεῖν
830 628 879 663 τὴν
890 629 988 655 αἰτίαν·

202 674 248 700 καὶ
262 673 335 707 λέγει
354 682 408 708 μοι,
423 673 463 699 ὅτι
478 673 544 699 Τόδε
555 673 585 699 τὸ
599 673 715 708 πρᾶγμα
735 673 876 708 ἐποίησας·
893 673 948 707 ἐγὼ
961 674 989 700 δὲ

204 720 240 754 μὴ
270 718 397 750 συνειδὼς
424 720 544 753 ἐμαυτὸν
567 719 688 745 τοιοῦτον
722 720 837 754 πρᾶγμα
862 720 988 754 ποιῆσαι,

202 765 328 800 ἠρξάμην
345 766 524 800 πληροφορεῖν
537 765 627 791 αὐτόν.
641 764 694 791 Καὶ
712 765 786 798 λέγει
804 773 860 800 μοι·
878 765 989 801 Συγχώ-

203 811 284 845 ρηςόι
299 819 353 845 μοι’
366 811 395 836 οὺ
409 810 643 846 πληροφοροῦμαι.
665 811 859 846 Ἀναχωρὴσας
873 809 919 838 οὖν
933 811 989 845 ἐγὼ

200 858 241 888 εἰς
265 857 295 883 τὸ
316 856 421 883 κελλίον
445 865 494 891 μου
506 877 512 888 ,
536 856 664 891 ἠρξάμην
679 857 792 891 ἐρευνᾷν
807 857 856 892 τὴν
874 857 987 893 καρδίαν

202 912 270 938 μου,
288 903 311 929 εί
336 902 455 929 τοιοῦτον
478 902 608 937 πέπραχα
626 903 751 937 πρᾶγμα·
771 902 817 928 καὶ
842 902 891 937 οὐχ
915 902 988 937 εὔρι-

200 958 274 975 σκον.
288 949 384 974 Βλέπω
399 947 444 975 οὖν
465 948 546 974 αὑτὸν
566 948 716 983 κατέχοντα
736 949 865 983 ποτήριον
886 948 933 974 καὶ
947 949 988 974 δι-

199 995 276 1021 δόντα
290 1002 297 1009 ’
323 995 368 1020 καὶ
393 993 501 1029 ὤμνυον
518 993 593 1028 αὐτῷ
615 995 644 1019 ἐν
667 993 743 1028 αὐτῷ
762 994 803 1020 ὅτι
824 994 854 1020 οὐ
880 995 986 1021 σύνοιδα

199 1038 318 1073 ἐμαυτὸν
334 1038 440 1065 τοιοῦτο
461 1039 583 1073 ποιῆσαι.
601 1039 657 1065 Οὐκ
680 1038 804 1072 ἐπείσθη.
826 1039 926 1065 Ἐλθὼν
941 1037 987 1066 οὖν

199 1085 281 1111 πάλιν
297 1086 335 1115 εἰς
351 1085 478 1120 ἐμαυτὸν,
496 1084 543 1111 καὶ
560 1085 690 1119 μνησθεὶς
714 1083 768 1110 τῶν
783 1083 869 1118 λόγων
885 1084 986 1111 τούτων

198 1130 250 1156 τῶν
260 1130 354 1163 ἁγίων,
373 1131 418 1156 καὶ
431 1130 579 1162 πιστεύσας
591 1131 691 1161 αὐτοῖς,
708 1129 814 1164 στρέφω
831 1130 927 1165 μικρὸν
941 1130 986 1157 τὸν

197 1175 326 1210 λογισμόν
343 1184 404 1210 μου1
422 1177 468 1202 καὶ
477 1177 548 1210 λέγω
561 1175 682 1211 ἐμαυτῷ·
691 1176 720 1202 Ὀ
733 1176 852 1207 διάκονος
868 1176 986 1211 γνησίως

197 1222 292 1257 ἀγαπᾷ
312 1230 356 1257 με’
373 1222 420 1248 καὶ
436 1221 464 1254 ἐξ
486 1222 596 1257 ἀγάπης
610 1222 767 1257 κινούμενος
781 1222 921 1258 ἐθάρρησέ
940 1231 984 1257 μοι

197 1267 211 1293 ὃ
225 1267 296 1302 εἶχεν
311 1269 327 1301 ἡ
343 1267 441 1302 καρδία
457 1267 538 1293 αὑτοῦ
555 1269 618 1303 περὶ
631 1268 699 1302 ἐμοῦ
711 1288 718 1300 ,
734 1268 776 1295 ἵνα
790 1268 867 1304 νήψω
880 1269 926 1295 καὶ
938 1269 985 1295 τοῦ

197 1313 292 1340 λοιποῦ
314 1312 442 1347 φυλάξω,
461 1313 508 1339 καὶ
531 1313 569 1348 μὴ
593 1313 699 1348 ποιήσω
721 1314 798 1341 αὐτὰ
822 1314 892 1349 πλὴν
912 1314 984 1351 ψυχὴ

198 1358 277 1385 ἀθλία
288 1378 294 1390 ,
308 1358 401 1392 ἐπειδὴ
414 1357 513 1392 λέγεις,
541 1358 583 1384 ὅτι
600 1359 656 1385 Οὐκ
678 1360 794 1395 ἐποίησα
825 1360 855 1386 τὸ
871 1361 985 1395 πρᾶγμα

196 1404 286 1431 τοῦτο’
310 1404 395 1439 μυρία
419 1404 492 1430 κακὰ
520 1404 678 1440 πέπρακταί
704 1414 764 1437 σοι,
787 1406 833 1432 καὶ
852 1406 984 1432 ἐπελάθου

197 1451 296 1477 αὐτῶν·
317 1450 368 1477 ποῦ
389 1451 458 1477 εἰςιν
475 1450 492 1476 ἃ.
507 1451 638 1485 ἐποίησας
655 1451 718 1485 χθὲς
733 1451 749 1486 ἦ
763 1451 817 1487 πρὸ
834 1451 901 1478 δέκα
915 1453 984 1486 ἡμε-

199 1495 268 1529 ρῶν;
288 1495 423 1530 μέμνησαι
441 1494 546 1528 αὑτῶν;
563 1495 666 1521 Οὐκοῦν
681 1497 727 1521 καὶ
741 1496 820 1522 τοῦτο
841 1496 982 1531 ἐποίησας,

1081 406 1149 434 XIII.
1172 407 1317 436 Referebat
1337 416 1365 436 et
1382 411 1432 438 hoc
1450 412 1519 439 idem
1535 413 1656 441 Zosimas
1673 425 1679 442 :
1695 416 1791 443 Audivi
1815 425 1830 444 e

1044 453 1160 486 quodam
1182 454 1247 480 mihi
1264 454 1363 482 dilecto
1381 458 1525 490 monacho,
1552 467 1611 486 cmn
1630 461 1730 488 diceret
1745 470 1752 488 :
1769 462 1829 488 Fuit

1045 498 1109 525 mihi
1123 507 1186 527 usus
1198 499 1339 527 familiaris
1355 502 1481 530 amicitiae
1498 512 1559 530 cum
1574 505 1687 532 diacono
1703 508 1827 540 quopiam

1044 543 1126 570 laurae
1143 545 1248 572 abbatis
1265 546 1399 573 Gerasimi
1416 555 1422 574 ε
1440 548 1482 574 cui
1512 550 1617 582 oborta,
1636 553 1726 579 nescio
1747 553 1827 585 unde,

1044 590 1161 623 suspicio
1173 596 1266 618 contra
1285 599 1327 619 me
1344 597 1395 626 est,
1414 594 1490 628 quasi
1503 595 1628 628 quiddam
1646 598 1757 630 egissem
1775 599 1826 632 ipsi

1045 634 1185 662 molestum
1201 638 1290 664 :unde
1312 638 1395 671 cmpit
1413 639 1573 666 centrahere
1590 640 1615 667 in
1640 642 1690 668 mei
1715 651 1827 671 occursu

1041 680 1168 714 frorttcm,
1195 681 1295 708 vultum
1319 683 1449 710 exhibens
1476 685 1573 712 minaci
1603 686 1711 713 tristitia
1742 690 1827 716 tut-bi-

1037 726 1112 752 dum.
1127 726 1154 753 Id
1169 727 1386 756 animadvertetis
1406 729 1476 755 ttltro
1491 731 1653 766 interrogavi
1672 733 1820 766 hominem,

1038 779 1085 797 cur
1103 778 1145 798 nte
1158 771 1195 798 ita
1214 777 1289 800 torve
1311 774 1481 801 intueretur?
1495 775 1592 803 Fassus
1603 778 1696 804 statim
1712 787 1821 806 causam

1038 821 1090 849 est,
1108 817 1184 844 aiens
1200 818 1336 852 quidpiam
1355 826 1369 846 a
1393 828 1435 847 me
1450 826 1544 848 contra
1571 830 1600 849 se
1618 822 1729 856 factum,
1752 825 1827 857 cujus

1040 862 1110 889 nulla
1133 863 1198 890 mihi
1223 871 1288 891 sane
1305 866 1432 892 memoria
1450 867 1491 893 vel
1509 868 1673 895 conscientia
1697 873 1823 898 restaret.

1039 907 1130 941 Itaque
1152 909 1243 936 multis
1266 910 1355 938 verbis
1383 911 1490 938 incubui
1516 914 1547 939 ad
1573 921 1658 940 meatu
1681 915 1717 941 illi
1741 924 1754 942 ιι
1781 916 1826 943 tali

1038 954 1146 988 quidem
1159 954 1235 989 culpa
1247 955 1428 983 innocentiam
1443 959 1666 991 persuadendum.
1681 960 1732 987 Sed
1745 962 1826 988 surdo

1038 999 1141 1031 cecini;
1169 1007 1229 1026 naut
1253 1008 1301 1027 sua
1326 1009 1356 1028 se
1382 1002 1520 1030 involvens
1552 1005 1661 1031 tristitia
1677 1014 1683 1031 :
1699 1005 1824 1040 Ignosce,

1039 1044 1168 1078 reposuit,
1189 1044 1266 1072 fidem
1281 1054 1333 1074 non
1350 1046 1427 1074 fat-is.
1443 1047 1593 1082 Regressus
1607 1049 1669 1076 hinc
1693 1050 1719 1076 in
1737 1059 1823 1078 meam

1038 1088 1161 1115 cellulam
1186 1089 1246 1116 dedi
1273 1098 1315 1117 me
1331 1091 1363 1117 ad
1387 1091 1627 1126 intrespicicndum
1651 1095 1756 1128 penitus
1779 1103 1825 1122 eor

1038 1141 1138 1166 metnu,
1154 1139 1181 1161 et
1203 1135 1277 1162 nullo
1292 1136 1326 1162 ibi
1343 1137 1456 1170 vestigio
1474 1138 1533 1165 talis
1555 1147 1568 1164 a
1591 1147 1632 1166 me
1654 1140 1768 1167 conscili
1783 1149 1826 1167 re-

1038 1182 1114 1211 perto
1130 1177 1269 1212 facinoris,
1288 1179 1375 1208 factus
1394 1183 1525 1214 securior,
1551 1190 1611 1209 etnu
1634 1184 1714 1210 istum
1732 1185 1825 1211 diaco-

1037 1229 1101 1248 num
1116 1222 1234 1250 viderem
1252 1228 1387 1251 tenentem
1407 1226 1517 1252 calicem
1535 1235 1613 1261 quem
1639 1228 1823 1262 ministrabit,

1033 1267 1122 1301 juravi
1136 1276 1183 1302 per
1197 1269 1271 1296 illum
1294 1271 1364 1296 haud
1379 1278 1438 1298 esse
1459 1273 1523 1299 milii
1540 1280 1582 1300 Ille
1606 1275 1743 1301 conscium
1766 1276 1825 1310 ejus

1036 1313 1107 1347 quod
1134 1313 1286 1349 objectabat
1309 1314 1383 1342 facti.
1406 1314 1444 1341 Nc
1465 1320 1520 1342 tum
1541 1317 1649 1352 quidem
1672 1320 1823 1353 aequievit,

1037 1364 1127 1386 motus
1138 1368 1204 1394 ergo
1218 1365 1340 1388 revertor
1353 1361 1386 1388 ad
1404 1369 1446 1388 me
1464 1362 1560 1396 ipsunt,
1574 1371 1678 1390 memor
1692 1366 1820 1400 praecepti

1032 1404 1153 1438 jubentis
1180 1407 1348 1432 reconciliari
1381 1407 1457 1433 fratri
1485 1408 1593 1435 babenti
1616 1409 1716 1444 aliquid
1731 1412 1824 1438 adver<

1036 1457 1094 1476 sum
1114 1457 1163 1476 nos
1185 1459 1191 1477 :
1207 1451 1287 1477 aliam
1304 1451 1368 1478 inivi
1393 1452 1430 1478 rei
1444 1452 1503 1486 ejus
1520 1454 1652 1481 tentanda:
1675 1455 1820 1489 rationem,

1035 1499 1126 1530 partes
1140 1495 1236 1523 offensi
1255 1500 1347 1523 contra
1365 1498 1495 1532 mcipsnm
1512 1506 1622 1527 sumens
1634 1520 1641 1532 ,
1660 1501 1752 1535 sicque
1772 1510 1824 1528 mc-

196 1540 233 1572 ὼς
245 1541 346 1572 ἐκεῖνα,
362 1541 408 1567 καὶ
422 1540 515 1572 ἔλαθες
537 1541 575 1572 ὡς
590 1542 638 1568 καὶ
656 1541 690 1568 τὰ
702 1541 812 1575 πρῶτα·
835 1542 882 1568 καὶ
898 1542 983 1577 ἢρξὰ-

1035 1549 1096 1568 cum
1119 1546 1267 1575 reputans:
1287 1541 1421 1569 Diaconus
1443 1543 1494 1570 iste
1518 1550 1591 1572 amat
1611 1553 1663 1577 me,
1685 1551 1711 1572 ct
1734 1552 1821 1573 IlIOllI>

199 1595 252 1622 μην
265 1587 435 1620 εὐχαριστεῖν
457 1586 495 1621 τῷ
512 1586 573 1620 Θεῷ
585 1607 592 1618 ,
617 1587 664 1612 καὶ
688 1587 727 1622 τῷ
744 1587 858 1622 διακόνῳ
869 1608 876 1620 ,
892 1588 932 1614 ὅτι
947 1588 980 1614 δι’

197 1633 280 1659 αὐτοῦ
292 1632 391 1667 ἠξίωσὲ
409 1641 442 1667 με
454 1632 519 1663 Θεὸς
531 1632 680 1665 ἐπιγνῶναι
695 1633 726 1658 τὸ
743 1633 853 1667 σφάλμα
870 1642 920 1667 μου
935 1634 982 1660 καὶ

199 1678 362 1711 μετανοῆσαι
387 1677 450 1711 περὶ
470 1676 563 1702 αὑτοῦ.
582 1675 712 1706 Ἀναστὰς
734 1674 780 1702 οὖν
805 1678 833 1703 ἐν
852 1677 981 1708 τοιούτοις

197 1723 348 1757 λογισμοῖς,
364 1720 445 1757 ἦλθον
463 1722 629 1756 μετανοῆσαι
647 1721 685 1756 τῷ
701 1721 826 1756 διακόνῳ,
841 1722 889 1748 καὶ
901 1723 982 1756 εὐχα-

198 1769 326 1804 ριστῆσαι
340 1769 424 1803 αὐτῷ·
438 1769 485 1795 καὶ
494 1768 612 1803 ἑκρουσα
627 1769 670 1799 είς
681 1768 729 1803 τὴν
744 1768 839 1803 θύραν·
856 1769 905 1794 καὶ
916 1768 984 1794 ἀνοί-

198 1814 245 1846 ξας
261 1814 353 1849 βάλλει
377 1823 421 1849 μοι
438 1814 582 1848 μετάνοιαν
595 1813 701 1849 πρῶτος
721 1813 816 1847 λέγων’
836 1814 984 1848 Συγχώρη-

198 1861 244 1887 σόν
259 1870 302 1895 μοι
315 1861 355 1887 ὅτι
367 1861 418 1886 ὑπὸ
426 1860 560 1894 δαιμόνων
575 1859 742 1894 ἐχλευάσθην
752 1860 903 1894 ὑπονοήσας
917 1860 983 1894 περὶ

199 1905 246 1931 σοῦ
262 1905 301 1936 εἰς
314 1905 344 1930 τὸ
361 1905 476 1940 πρᾶγμα
507 1905 608 1930 ἐκεῖνο·
630 1905 659 1930 ὲν
673 1903 786 1939 ἀλῃθείᾳ
800 1904 853 1938 γὰρ
867 1904 983 1939 ἐπληρο-

197 1950 300 1985 φόρησέ
322 1958 366 1984 μοι
387 1951 401 1976 ὁ
420 1949 495 1982 Θεὸς,
511 1949 551 1975 ὅτι
566 1949 616 1976 οὐκ
630 1949 699 1984 ἔχεις
717 1950 843 1984 πρᾶγμα·
860 1950 907 1975 καὶ
923 1948 984 1975 οὐδὲ

196 1996 286 2030 ἀφῆκέ
312 2004 346 2029 με
367 1995 572 2030 πληροφορῆσαι
602 1994 692 2026 αὐτὸν,
719 1994 816 2028 λέγων·
841 1994 898 2020 Οὐκ
923 1994 982 2020 ἔστι

197 2041 285 2077 χρεία.
308 2041 360 2068 Καὶ
377 2041 469 2074 ἔλεγεν
487 2041 501 2066 ὁ
527 2040 671 2075 μακάριος·
701 2040 766 2066 Ἰδοὺ
785 2041 801 2075 ἡ
818 2040 917 2074 γνησία
933 2048 982 2067 τα.-

197 2087 325 2118 πείνωσις
350 2087 406 2118 πῶς
431 2086 538 2120 διέθηκε
557 2086 605 2121 τὴν
627 2086 740 2121 καρδίαν
768 2086 815 2112 τοῦ
838 2086 983 2117 ποθοῦντος

197 2131 291 2166 αὐτήν.
308 2132 360 2157 Σὺν
376 2131 462 2165 τούτῳ
474 2131 502 2157 δὲ
516 2131 654 2166 ἐμέμνητο
669 2131 716 2158 καὶ⁵
732 2130 778 2157 τοῦ
795 2130 921 2166 γέροντος
934 2130 982 2157 τοῦ

198 2177 380 2212 κλεπτομένου
404 2176 458 2203 ὑπὸ
473 2176 518 2202 τοῦ
534 2176 704 2210 γειτνιῶντος
723 2176 813 2207 αὐτὸν,
840 2176 881 2203 ὃτι
905 2175 982 2207 εἰδὼς

1036 1586 1168 1613 cItaritate
1184 1587 1308 1614 fiduciam
1323 1589 1437 1622 sumpsit
1449 1589 1601 1617 elIundendi
1622 1599 1668 1617 eor
1682 1599 1759 1618 suuut
1776 1601 1822 1619 ac«

1033 1633 1153 1659 cusamlo
1170 1634 1240 1666 quod
1258 1640 1273 1659 a
1297 1641 1338 1660 me
1357 1641 1496 1668 perperam
1519 1640 1606 1661 actum
1633 1637 1765 1670 queritur.
1793 1637 1821 1664 Si

1033 1676 1148 1708 sapiam,
1173 1677 1274 1704 cavebo
1300 1684 1332 1704 ne
1351 1678 1468 1705 ulteriori
1484 1681 1684 1712 perseverantia
1706 1689 1791 1714 negati
1805 1684 1820 1709 li

1033 1720 1126 1748 olfensi
1143 1721 1318 1755 pertinaciam
1337 1723 1452 1750 irritem.
1475 1724 1571 1751 Vitabo
1590 1725 1614 1751 id
1635 1732 1765 1759 quantum
1792 1728 1817 1754 in

1033 1772 1077 1792 me
1091 1765 1159 1798 erit;
1173 1771 1209 1797 et,
1224 1766 1245 1793 si
1259 1773 1379 1800 possum,
1394 1767 1420 1793 in
1436 1767 1495 1801 ejus
1510 1769 1672 1796 sententiam
1688 1771 1818 1799 transibo.

1034 1810 1103 1843 Quid
1119 1811 1257 1838 enimvero
1273 1815 1375 1838 tantum
1394 1812 1490 1840 niteris
1505 1815 1658 1841 testimonio
1677 1817 1821 1844 conscien-

1035 1856 1078 1883 tiae
1101 1856 1190 1884 anima
1220 1865 1278 1884 mea
1298 1858 1396 1885 misera
1411 1876 1419 1889 ,
1443 1860 1513 1893 quod
1534 1859 1624 1893 lapsus
1646 1860 1714 1887 forte
1734 1863 1822 1896 potius

1034 1908 1076 1929 est
1100 1903 1257 1930 memoriae?
1272 1903 1412 1931 lnnumera
1427 1906 1587 1940 perpetrasti
1611 1907 1679 1933 mala
1702 1915 1819 1941 quorum

1034 1954 1063 1974 es
1083 1947 1204 1974 funditus
1225 1948 1326 1975 oblita.
1356 1948 1481 1976 Fortasse
1497 1951 1569 1977 istud
1591 1959 1697 1986 quoque
1712 1953 1819 1985 feceris,

1033 1992 1081 2020 sed
1101 1997 1126 2020 te
1149 1993 1207 2026 ejus
1228 1994 1380 2021 recordatio
1403 1995 1512 2029 fugerit.
1529 1997 1567 2022 Ac
1593 1997 1734 2030 quiescens
1757 1999 1819 2026 huic

1032 2038 1197 2072 sensuictepi
1220 2043 1247 2065 et
1263 2038 1317 2065 Deo
1340 2045 1367 2066 et
1391 2041 1514 2068 ministro
1529 2042 1630 2076 gratias
1645 2051 1735 2078 agere,
1753 2051 1820 2077 quo-

1032 2083 1105 2110 niam
1124 2088 1189 2110 nutu
1206 2084 1286 2117 illius,
1305 2084 1386 2118 hujus
1400 2092 1491 2120 opera,
1510 2087 1582 2114 velut
1602 2090 1815 2123 Supplementmn

1033 2131 1212 2157 adhibebatur
1224 2131 1315 2158 oblitae
1328 2131 1503 2159 conscientiae
1522 2134 1555 2160 ad
1576 2134 1681 2168 culpant
1700 2136 1817 2169 ignotam

1033 2176 1145 2202 salutari
1161 2175 1302 2203 cluendam
1325 2177 1498 2210 paenitentia.
1516 2178 1613 2206 Plenus
1627 2186 1659 2206 eo
1675 2187 1755 2207 sensu
1774 2188 1819 2207 ac-

197 2223 246 2249 οὺκ
260 2222 372 2257 ἡλεγξεν
385 2222 465 2249 αὐτόν
479 2230 545 2248 ποτε
558 2230 565 2236 ’
579 2221 646 2248 ἀλλὰ
660 2221 708 2248 καὶ
724 2221 918 2257 περισσότερον
929 2221 983 2257 εἱρ-

1038 2222 1108 2249 cessi
1127 2223 1160 2248 ad
1178 2221 1275 2249 cellam
1289 2221 1403 2255 famuli;
1423 2227 1450 2248 at
1464 2223 1568 2256 pulsato
1588 2224 1668 2257 ostio,
1692 2232 1753 2251 cum
1775 2226 1819 2252 ille

198 2267 314 2301 γάζετο,
335 2266 381 2293 καί
404 2274 479 2300 φησιι
506 2266 583 2300 Τάχα
605 2267 701 2301 χρείαν
724 2266 781 2301 ἔχει
806 2267 820 2292 ὁ
843 2266 974 2302 ἁδελφός.

204 2311 355 2346 Ἐθαύμαζε
372 2311 406 2337 τὰ
421 2312 562 2346 σπλάγχνα
578 2311 632 2338 τῶν
648 2311 734 2344 ἁγίων
756 2312 803 2337 καὶ
831 2311 981 2346 διηγήσατο

197 2358 293 2392 λέγων,
308 2358 348 2383 ὅτι
363 2357 430 2383 um
447 2357 592 2391 γενόμενος
608 2357 637 2382 ἐν
661 2358 693 2392 τῇ
713 2356 816 2383 πεδιάδι
832 2356 981 2392 διηγήσατό

199 2404 244 2438 μοι
260 2411 300 2435 τις
314 2403 368 2429 τῶν
384 2402 552 2437 ἡγουμένων,
569 2403 609 2428 ὅτι
627 2403 742 2437 Ἐμενεν
759 2403 841 2436 ἐγγὺς
857 2402 904 2428 τοῦ
921 2410 980 2429 κοι-

197 2450 285 2476 νοϐίου
299 2449 376 2483 ἡμῶν
392 2447 481 2483 γέρων
503 2455 554 2479 τις
577 2446 611 2483 ἦν
637 2447 665 2475 δὲ
684 2448 864 2483 ἀγαοωτάτης
880 2447 979 2482 ψυχῆς⁸

197 2495 346 2529 ἑγειτνέαζε
373 2495 401 2520 δὲ
426 2494 548 2528 ἁδελφός·
572 2494 618 2519 καὶ
644 2494 760 2524 ἀπόντος
781 2493 828 2519 τοῦ
855 2493 981 2528 γέροντος

197 2541 318 2575 ἐγερθεὶς
339 2542 354 2567 ὁ
369 2540 482 2574 ἁδελφὸς
504 2539 593 2575 ἣνοιξε
622 2539 669 2575 τὴν
684 2540 781 2566 κέλλαν
806 2539 889 2565 αὑτοῦ
903 2559 911 2571 ,
933 2538 981 2565 καὶ

196 2586 323 2613 εἰσελθὼν
345 2586 423 2613 ἐλαὸε
436 2586 471 2612 τὰ
496 2585 578 2620 σκεύη
602 2585 684 2612 αὐτοῦ
704 2585 750 2611 καὶ
764 2585 798 2611 τὰ
813 2584 914 2620 βιϐλία,
937 2584 981 2615 Ὠς

194 2631 241 2659 οὖν
254 2631 335 2666 ἦλθεν
347 2633 361 2658 ὸ
378 2632 466 2667 γέρων
481 2631 587 2664 ἀνοίξας
601 2631 631 2657 τὸ
648 2630 760 2662 κελλίον,
775 2631 822 2657 καὶ
839 2631 875 2665 μὴ
892 2629 979 2665 εὑρὼν

195 2681 229 2706 τὰ
245 2679 328 2713 σκεύη
345 2679 439 2709 αὑτοῦ,
460 2677 525 2714 ἦλθε
542 2679 610 2714 πρὸς
631 2679 676 2705 τὸν
695 2679 807 2713 ἀδελφὸν
822 2679 979 2713 ἀναγγεῖλαι

196 2725 280 2760 αὐτῷ·
298 2722 376 2760 εὗρεν
391 2725 482 2760 ἀκμὴν
495 2725 541 2752 οὖν
555 2725 590 2750 τὰ
603 2724 686 2759 σκεύη
703 2724 785 2750 αὐτοῦ
797 2726 824 2750 ἐν
839 2725 876 2758 τῷ
893 2724 977 2758 μέσῳ·

196 2769 272 2796 οὔπω
284 2769 337 2805 γὰρ
355 2767 389 2805 ἦν
415 2770 429 2796 ὁ
452 2769 564 2804 ἀδελφὸς
588 2769 731 2800 συστείλας
756 2769 843 2796 αὑτά·
866 2769 913 2794 καὶ
941 2769 979 2803 μὴ

197 2815 280 2842 Θέλων
307 2816 320 2841 ὁ
340 2815 428 2850 γέρων
455 2814 633 2849 καταισκῦναι
657 2814 737 2840 αὐτὸν
762 2814 829 2848 μηδὲ
853 2813 978 2847 ἐλέγξαι,

196 2861 413 2897 προσεποιήσατο
440 2861 480 2887 ὅτι
510 2860 601 2892 ἔνυξεν
624 2859 719 2886 ἑαυτὸν
747 2859 764 2894 ἡ
788 2859 902 2894 γαστήρ·
931 2859 978 2885 καὶ

1037 2267 1189 2302 aperuisset
1203 2287 1211 2300 ,
1228 2267 1303 2302 prior
1316 2269 1461 2302 prostravit
1478 2277 1509 2296 se
1520 2276 1610 2296 coram
1626 2278 1668 2297 tne
1683 2271 1817 2305 pteniten-

1031 2311 1096 2338 tiam
1110 2304 1259 2346 postulans,
1272 2315 1300 2339 et
1312 2312 1404 2340 dicens
1419 2322 1425 2340 :
1446 2312 1556 2348 Ignosce
1570 2315 1647 2346 mihi,
1663 2304 1788 2349 quoniam
1802 2324 1817 2343 tt

1031 2357 1199 2384 daemonibus
1215 2356 1309 2383 illusus
1323 2363 1383 2383 sum
1402 2357 1472 2384 male
1488 2358 1627 2391 suspicans
1640 2359 1673 2385 de
1686 2363 1722 2385 te.
1735 2358 1818 2386 Plane

1032 2401 1178 2435 siquidem,
1203 2401 1371 2429 illuminatus
1383 2402 1437 2435 jam
1463 2410 1478 2429 ιι
1501 2403 1565 2436 Deo,
1584 2409 1750 2438 perspectam
1769 2405 1817 2431 Ita-

1031 2447 1082 2474 beo
1103 2447 1287 2474 innocentiam
1305 2447 1377 2474 circa
1401 2448 1453 2474 hoc
1475 2453 1558 2475 tuam.
1577 2448 1622 2476 Sic
1640 2449 1684 2476 ille
1710 2457 1753 2476 me
1766 2456 1817 2476 νο-

1031 2491 1133 2520 lettletu
1165 2500 1309 2526 exettsare,
1332 2499 1412 2529 prout
1436 2499 1547 2529 paratus
1575 2501 1701 2522 veneram
1727 2495 1817 2524 τεηυῆ

1032 2538 1135 2570 audire,
1150 2539 1228 2566 aiens
1241 2546 1308 2574 opus
1321 2547 1373 2567 non
1388 2547 1458 2568 esse.
1474 2539 1562 2574 Super
1577 2540 1619 2566 his
1634 2540 1816 2574 pronuntians

1031 2583 1127 2612 beatus
1150 2584 1272 2612 Zosimas
1290 2585 1357 2612 dixit
1371 2595 1378 2614 :
1392 2586 1430 2612 En
1450 2591 1590 2620 quousque
1614 2584 1730 2618 perpulit
1753 2591 1814 2612 vere

1031 2630 1168 2658 humilitas
1193 2638 1240 2657 cor
1260 2631 1439 2658 desiderantis
1461 2631 1557 2664 ipsam.
1577 2629 1643 2656 Cum
1667 2629 1718 2657 hoc
1739 2636 1813 2656 men~

1031 2675 1134 2703 tionem
1157 2676 1299 2711 conjunxit
1319 2677 1392 2704 senis
1413 2676 1548 2710 compilati
1576 2683 1591 2702 a
1617 2674 1728 2708 vicino,
1758 2675 1815 2709 ipso

1030 2723 1147 2756 sciente,
1163 2726 1189 2748 et
1211 2730 1263 2749 non
1286 2723 1365 2750 modo
1379 2730 1432 2749 non
1451 2726 1583 2756 querente
1597 2725 1644 2748 aut
1658 2725 1814 2752 accusante,

1030 2767 1078 2795 sed
1099 2773 1125 2795 et
1148 2768 1270 2802 impense
1294 2767 1400 2794 favente
1422 2776 1454 2795 ac
1480 2767 1665 2794 benefacientc
1686 2773 1735 2793 suo
1762 2765 1815 2792 sibi

1031 2812 1173 2840 nmissimo
1186 2811 1329 2846 expilaturi
1344 2819 1351 2844 ;
1367 2819 1399 2839 eo
1408 2812 1479 2846 quod
1498 2812 1584 2845 ipsum
1598 2817 1732 2838 excusans
1744 2810 1814 2842 apud

1031 2865 1059 2886 se
1079 2856 1259 2892 persuasisset
1274 2857 1337 2890 sibi,
1355 2857 1423 2884 citra
1446 2856 1550 2891 culpam
1575 2856 1600 2883 id
1617 2856 1650 2883 ab
1665 2863 1698 2883 eo
1713 2854 1813 2882 factum
