4064 6350
213 607 1048 744 EDITORIS
1156 605 2442 749 PATROLOGL‘E
2526 504 3470 749 MONITIJM.

270 959 342 1012 In
370 959 715 1014 admonitione
738 955 900 1022 brevi,
920 963 1056 1012 tomo
1094 952 1264 1026 primo
1288 954 1444 1027 hujus
1471 953 1709 1009 editionis
1738 970 1949 1025 aperum
1986 953 2049 1010 S.
2083 953 2317 1027 Gregorii
2340 955 2513 1026 magni
2540 954 2882 1029 (Patrologiaz
2910 955 3148 1028 LXXV)
3174 957 3476 1031 prteposita,

210 1056 410 1124 prwfati
436 1070 609 1109 sumus
634 1051 887 1108 nonnulla
897 1056 1015 1124 jam
1032 1050 1472 1108 excellentissima:
1505 1049 1790 1105 recensioni
1814 1048 2157 1104 Benedictinte
2185 1064 2219 1102 a
2245 1048 2386 1103 nobis
2414 1048 2652 1103 addenda
2678 1051 2806 1121 fore.
2840 1050 2910 1106 In
2940 1052 3036 1105 hoc
3063 1060 3197 1105 tomo
3226 1050 3480 1103 habentur

211 1146 295 1200 illa
349 1148 610 1215 addititia,
654 1163 837 1216 nempe
872 1161 894 1202 :
933 1145 1139 1216 primo,
1183 1143 1615 1201 Benedictiouale
1668 1141 1928 1214 quoddam
1973 1142 2118 1197 beato
2160 1141 2403 1211 Pontiﬁci
2427 1159 2459 1196 a
2490 1141 2727 1199 Kollario
2772 1147 2828 1200 in
2866 1145 2975 1199 suis
3010 1142 3484 1199 Vindobonensibus

210 1240 465 1294 Analectis
492 1241 842 1306 vindicatum;
868 1238 1130 1306 secundo,
1152 1239 1325 1308 plures
1349 1236 1661 1311 (quindecim
1696 1234 1912 1306 scilicet)
1953 1233 2184 1292 Ordines
2209 1234 2479 1292 Romanos
2497 1252 2622 1307 quos
2642 1238 2958 1308 congregavit
2986 1245 3033 1293 et
3058 1234 3486 1292 elucidationibus

209 1332 476 1388 illustravit
506 1334 558 1385 in
580 1348 673 1386 suo
708 1330 889 1386 Museo
920 1329 1109 1384 Italico
1131 1329 1452 1384 doctissimus
1471 1321 1827 1382 Mabt'llonius.

269 1421 594 1477 Benedictini
645 1422 916 1476 voluminis
966 1423 1136 1490 prima
1185 1420 1429 1474 medietas
1471 1418 1927 1490 comprehendebat
1980 1419 2173 1475 librum
2204 1420 2673 1477 Sacramentorum
2724 1439 2836 1477 cum
2879 1421 2999 1480 aliis
3049 1423 3362 1480 documentis
3409 1421 3479 1476 ad

211 1516 463 1586 liturgiam
496 1516 839 1587 spectantibus
870 1531 891 1569 :
918 1516 1144 1570 secunda
1185 1530 1302 1569 vero
1326 1557 1342 1582 ,
1391 1513 1792 1570 Commentaria
1838 1513 1892 1566 in
1936 1514 2103 1567 varios
2134 1513 2327 1568 Veteris
2361 1514 2671 1568 Testamenti
2720 1517 2894 1571 libros.
2926 1515 3175 1571 Priorum
3224 1528 3487 1570 servamus

210 1610 374 1665 locum
395 1652 408 1677 ,
434 1612 641 1665 minime
670 1628 786 1666 vero
808 1612 1169 1683 posteriorum,
1194 1610 1286 1681 qui
1316 1609 1775 1679 Opportunissime,
1824 1615 1881 1660 ut
1921 1624 2204 1674 censemus,
2230 1609 2407 1662 cedent
2434 1610 2593 1663 vicem
2618 1610 2765 1664 rebus
2792 1609 3064 1664 addendis.
3098 1608 3225 1663 Istat
3251 1609 3383 1660 enim
3406 1607 3483 1661 sic

213 1703 539 1769 constituent,
578 1720 695 1757 cum
731 1703 871 1758 libro
906 1702 1370 1759 Sacramentorum
1413 1708 1457 1753 et
1494 1699 1812 1752 documentis
1854 1698 1989 1751 hunc
2032 1699 2385 1767 sequentibus,
2437 1698 2812 1768 amplissimam
2845 1708 2891 1754 et
2935 1699 3352 1768 pretiosissimam
3380 1697 3488 1750 col-

212 1793 475 1849 lectionem
502 1805 943 1851 monumentorum
976 1796 1163 1867 quibus
1196 1804 1424 1849 servatur
1464 1792 1674 1845 traditio
1720 1807 1982 1846 sacrarunt
2010 1794 2203 1845 rituum
2246 1793 2475 1862 pristina:
2512 1792 2797 1859 Ecclesiae;
2828 1791 3203 1846 Commentaria
3235 1806 3350 1844 vero
3376 1791 3491 1855 ipsa

214 1885 381 1953 aptius
407 1884 709 1939 locabuntur
734 1893 854 1939 ante
890 1884 1090 1939 Paterii
1117 1883 1563 1955 Compilationem,
1590 1882 1888 1950 Scripturas
1917 1900 2117 1953 quoque
2147 1884 2516 1948 clucidantem,
2550 1886 2605 1938 in
2649 1895 2782 1938 tomo
2825 1884 3082 1955 sequenti,
3110 1883 3214 1937 vice
3245 1881 3489 1953 Triplicis

209 1970 269 2028 S.
300 1972 536 2047 Gregorii
570 1974 722 2042 Vitas,
756 1992 933 2047 quam,
963 1975 1139 2029 lectori
1163 1975 1500 2039 consulentes,
1527 1975 1757 2029 omnibus
1806 1977 2042 2042 operibus
2088 1976 2249 2030 sancti
2274 1975 2452 2031 Patris
2483 1979 2877 2047 prceposuimus.

274 2066 529 2124 Claudent
576 2070 807 2124 volumen
849 2067 1167 2137 Pontificum
1233 2068 1582 2122 Romanorum
1629 2066 1851 2138 catalogi
1896 2066 2019 2133 duo,
2077 2083 2300 2137 quorum
2340 2084 2473 2121 unus
2511 2083 2573 2122 ex
2639 2066 2927 2123 Corbeiensi
2971 2069 3318 2139 manuscripto
3359 2064 3492 2119 sexti

212 2162 381 2216 seculi
419 2163 639 2231 primum
683 2164 851 2219 editus
881 2163 982 2235 fuit
1031 2162 1094 2216 ab
1137 2160 1489 2217 illustrissimo
1516 2158 1852 2227 Mabillonio,
1882 2159 2016 2215 alter
2060 2159 2123 2214 ab
2160 2158 2333 2214 Emm.
2365 2159 2704 2229 Schelstrato,
2746 2176 2810 2216 ea:
2850 2161 3099 2216 Vaticano
3125 2161 3298 2217 codice
3351 2158 3485 2213 beati

211 2250 475 2323 Pontiﬁcis
496 2269 686 2309 eooeoo.

212 2414 3487 2451 Μ

451 2554 1140 2665 PRZEFATIO
1217 2560 1354 2668 IN
1432 2558 1935 2666 LIBRUM
1972 2554 3241 2677 Δ,ΞΑΟΒΑΜΕΝΤΟΒΠΜ.

278 2744 842 2818 1.,Saeramentorum‘
866 2744 1063 2818 librum
1094 2743 1308 2818 caeteris
1337 2744 1510 2818 sancti
1541 2744 1784 2818 Gregorii
1821 2744 1995 2815 Magni
2024 2744 2280 2818 operibus
2310 2759 2700 2818 accensemus,
2731 2760 2867 2818 _non
2899 2747 3041 2817 quod
3072 2747 3294 2818 ’primus
3326 2749 3497 2815 ipsius

210 2815 370 2873 fuerit
397 2831 591 2887 parens
627 2815 1032 2886 (superioribus
1063 2816 1206 2870 enim
1238 2815 1496 2871 Romanis
1527 2816 1865 2887 pontiﬁcibus
1892 2813 1928 2875 ,'
1956 2816 2292 2887 maximeque
2334 2813 2549 2887 Galasio
2578 2815 2628 2877 Ι,
2651 2813 2941 2887 debetur),
2977 2813 3255 2887 sed'quod
3286 2813 3495 2873 summa

212 2902 333 2943 cura
364 2879 976 2942 meliorem'in'lormam
1028 2888 1198 2954 ipsum
1248 2896 1464 2956 sanctus
1506 2879 1704 2956 [jactur
1733 2879 1999 2956 redegerit
2025 2920 2039 2945 ,
2073 2890 2129 2935 ut
2156 2881 2334 2956 _do_eet
2364 2881 2600 2956 Joannes
2647 2879 2940 2956 Diaconus,
2974 2879 3187 2956 libat—1,
3235 2901 3358 2956 cap.
3406 2890 3493 2943 17.

211 2957 399 3013 Joanni
420 2959 764 3013 consentiunt
795 2950 1119 3012 Walafrid'us
1153 2952 1381 3026 Strabo,
1412 2952 1480 3006 de
1508 2951 1709 3026 Officiis
1742 2951 1966 3026 divinis,
2014 2952 2206 3026 Seude
2234 2950 2414 3026 Rebus
2457 2953 2599 3007 Eccl.
2622 2994 2639 3019 ,
2671 2967 2795 3026 cap,
2823 2952 2926 3025 22,
2969 2962 3024 3008 et
3052 2954 3139 3026 alii
3174 2950 3269 3026 qui
3298 2950 3367 3013 de
3393 2959 3497 3014 hoc

213 3038 527 3101 argumento
554 3029 882 3101 scripserunt
909 3026 1158 3096 plurimi,
1192 3032 1257 3101 ut_
1282 3023 1459 3101 legere
1490 3031 1573 3101 esi
1604 3023 1658 3076 in
1688 3022 1936 3101 omnibus
1966 3037 2086 3090 quae
2117 3022 2252 3101 libro
2281 3024 2752 3101 Sacramentorttm
2776 3022 2888 3101 jam
2909 3022 3132 3101 '_s:ep_ius
3162 3022 3309 3101 edito
3349 3046 3495 3100 prie-

216 3092 330 3153 ﬁxvze
353 3107 482 3153 sunt
504 3092 947 3169 praefationibus:
970 3110 1143 3169 neque
1158 3096 1314 3169 enim
1350 3094 1524 3169 placet
1542 3092 1659 3169 jam
1691 3092 1829 3169 dic_ta
1873 3093 2462 3169 iterare:_Gelas_i:iitum
2494 3092 3149 3169 Codicemprimigenium
3182 3092 3368 3169 Rgmai
3397 3117 3497 3169 pn-

212 3169 429 3225 blicavit
448 3164 652 3237 primus
671 3208 687 3233 ,
718 3169 773 3221 in
802 3164 964 3221 rebus
996 3165 1254 3232 liturgicis
1280 3165 1680 3237 versatissimus
1699 3165 2024 3237 ,_Josephus
2069 3164 2231 3237 Maria
2265 3165 2607 3237 'l‘homasius,
2633 3165 2859 3220 clericus
2884 3164 3178 3235 regularis;
3225 3164 3498 3226 Gelasi'ani

212 3254 338 3294 vero
359 3235 617 3295 Codicisa
636 3237 970 3309 Gregoriano
997 3236 1286 3309 discrimen
1312 3244 1483 3291 totum
1512 3236 1682 3309 estin
1712 3235 2023 3309 Orationum
2046 3250 2178 3303 quas
2202 3236 2749 3309 Gollecms__vocamus
2781 3237 3039 3293 varietate
3070 3253 3132 3294 ac
3157 3254 3401 3309 numero,
3419 3244 3497 3298 uti

211 3310 460 3366 observat
485 3318 671 3365 noster
700 3306 1070 3372 blahillonius,
1116 3307 1186 3361 de
1214 3307 1458 3377 Liturgia
1498 3306 1799 3371 Gallicana,
1833 3306 1928 3361 lib.
1960 3323 2013 3371 ι,
2047 3321 2165 3371 cap.
2196 3307 2260 3369 ‘2,
2284 3322 2429 3360 num.
2463 3307 2518 3363 5.

282 3380 343 3434 11.
371 3380 541 3453 Porro
562 3395 683 3453 cum
711 3378 779 3453 ad
805 3378 1000 3433 librum
1051 3378 1522 3453 sacramentorum
1555 3393 1585 3431 a
1624 3386 1831 3453 sancto
1859 3377 2121 3447 Gregorio
2150 3377 2466 3453 collectum,
2514 3387 2852 3453 correctum,
2886 3378 3216 3450 ordinatum,
3246 3391 3486 3453 auctum,

214 3452 365 3506 novis
394 3451 539 3522 typis
567 3448 967 3522 edendumnos
994 3449 1414 3522 accingeremus,
1441 3463 1601 3522 quem
1644 3448 1983 3522 potissimum
2017 3456 2211 3522 totes
2256 3448 2546 3522 Codicibus
2568 3461 2658 3507 aut
2682 3450 2844 3522 editis
2890 3460 2978 3504 aut
3028 3448 3490 3521 manu'exaratis',

211 3525 303 3649 ﬁt:
334 3519 496 3590 penes
524 3535 625 3576 nos
653 3528 780 3576 sunt
810 3520 1058 3589 plurimi,
1101 3521 1482 3590 publicandum
1513 3520 1864 3590 eligeremus,
1897 3519 1987 3574 diu
2016 3519 2244 3574 sollicite
2275 3520 2556 3590 quaesitum
2585 3537 2614 3577 a
2641 3520 2800 3579 nobis
2826 3530 2880 3578 et
2907 3530 3119 3579 maturo
3145 3525 3368 3583 consilio
3398 3519 3497 3583 de-

235 3610 248 3646 I
290 3601 512 3647 eratum.

235 3596 512 3647 iberatum.

286 3664 341 3717 1⁸
368 3663 439 3719 Se
460 3661 721 3737 oﬂ‘erebat
748 3663 796 3737 is
827 3676 989 3735 quem
1023 3662 1263 3737 Angelus
1287 3663 1465 3737 Rocca
1490 3677 1556 3716 ex
1574 3662 1954 3737 _vetuslissimo
1986 3660 2327 3737 bibliothecae
2353 3662 2626 3737 Yaticante
2653 3665 2967 3735 exemplari,
3002 3674 3061 3721 ut
3092 3665 3143 3721 in
3174 3666 3495 3737 praefatione

215 3742 461 3799 tesutur,
489 3732 860 3789 excutiendum
897 3732 1139 3803 curavit,
1167 3734 1364 3803 quique
1405 3734 1456 3786 in
1505 3732 1827 3803 collectione
1879 3747 2101 3803 operum
2149 3733 2318 3803 sancti
2351 3734 2597 3801 Gregorii
2628 3732 2902 3791 multoties
2930 3745 3011 3791 est
3058 3732 3299 3793 recusus.
3332 3741 3401 3793 At
3424 3742 3498 3794 de

212 3804 411 3859 laudati
440 3803 655 3861 Codicis
684 3806 999 3873 antiquitate
1022 3801 1212 3858 dubios
1254 3801 1351 3856 nos
1378 3802 1523 3864 fecit,
1547 3802 1688 3871 quod
1720 3801 2023 3857 observavit
2050 3802 2201 3870 llugo
2232 3802 2518 3858 Menardus
2542 3805 2594 3858 in
2627 3808 2940 3871 praefatione
2967 3821 3082 3870 sua,
3125 3818 3325 3861 nostrai
3357 3825 3485 3861 mox

211 3876 566 3944 subjicienda.
598 3875 678 3929 Ad
706 3876 924 3930 Codicis
950 3874 1111 3930 etiam
1142 3874 1503 3944 integritatem
1531 3889 1643 3944 non
1688 3887 1855 3944 pauca
1886 3872 2181 3927 desiderari
2207 3912 2238 3944 ,A
2253 3874 2586 3944 omissasque
2608 3874 2775 3930 fuisse
2802 3876 3497 3944 priesertim.Benedictio~

214 3941 347 4012 nes',
376 3955 586 4000 constat
612 3960 679 3999 ex
708 3946 790 4000 his
814 3961 932 4016 quas
960 3946 1012 3999 in
1043 3946 1177 3999 festo
1206 3941 1378 4016 sa'ncti
1413 3943 1563 4016 Pauli
1593 3943 1823 4016 apostoli
1854 3944 2100 4014 leguntur
2142 3960 2157 3998 :
2202 3941 2455 4013 Prtefatio
2484 3941 2533 3998 et
2572 3941 2871 4000 Benedictio
2898 3959 3013 4016 quae
3042 3941 3320 4013 superius;
3351 3949 3496 4015 quod

214 4019 467 4071 nimirum
490 4025 813 4085 argumento
832 4014 923 4071 'est
951 4016 1080 4069 olim
1110 4014 1523 4070 Benedictiones
1550 4015 1601 4068 in
1627 4015 1763 4069 libro
1794 4014 2271 4070 Sacramentorum
2293 4017 2601 4085 exstitisse,
2631 4032 2752 4073 cum
2783 4014 2963 4071 tamen
2994 4015 3050 4069 in
3086 4023 3199 4073 toto
3220 4014 3502 4074 volumine

214 4101 289 4142 ne
318 4102 475 4141 unam
507 4087 724 4154 quidem
755 4102 897 4142 nunc
924 4087 1100 4155 legere
1125 4087 1300 4140 liceat.
1527 4142 1530 4146 Α

283 4159 344 4211 2⁸
375 4158 557 4212 Jacobi
589 4156 809 4212 Pamelii
840 4158 1144 4228 Editionem
1167 4197 1183 4224 ,
1213 4166 1359 4228 tomo
1391 4156 1433 4211 ll
1463 4155 1772 4228 Liturgicon
1803 4155 2057 4212 Ecclesia:
2100 4158 2325 4223 Latinae,
2361 4157 2579 4228 plurimi
2608 4159 2806 4214 factam
2837 4173 2866 4213 a
2899 4158 3027 4214 viris
3053 4157 3302 4226 eruditis,
3333 4161 3501 4216 intel-

212 4228 519 4283 lexeramus
552 4239 805 4297 tanquam
838 4227 1078 4283 fontibus
1109 4227 1435 4296 propiorem,
1481 4228 1525 4281 si
1568 4226 1930 4281 additamenta
1963 4226 2378 4294 parenthesibus‘
2398 4230 2483 4284 vel
2512 4231 2723 4286 uncinis
2763 4230 2966 4285 inclusa
2994 4232 3309 4285 omittantur
3334 4248 3347 4285 :
3371 4246 3498 4287 eam

208 4300 296 4354 sic
312 4308 665 4371 expurgan
710 4300 858 4371 aiunt
900 4300 1204 4371 convenire_
1235 4299 1610 4371 cumiduo‘bus
1637 4297 2346 4371 vetustissimis”Codicibus
2397 4300 2524 4371 olim
2580 4301 2918 4371 bibliothecae
2964 4300 3185 4371 Regina:
3237 4301 3492 4369 Sueciae,

213 4366 431 4435 scriptis
455 4366 555 4424 sub
583 4369 779 4424 Carolo
810 4370 1022 4438 Magno,
1054 4370 1137 4423 vel
1184 4368 1455 4423 Ludovico
1494 4368 1589 4422 Pio
1617 4366 1734 4435 ejus
1766 4368 1900 4420 tilio.
1929 4368 2133 4438 collata
2164 4379 2244 4422 est
2274 4369 2390 4425 haec
2431 4370 2651 4424 Pamelii
2682 4371 2858 4424 Editio
2888 4385 3008 4423 cum
3040 4366 3145 4424 ιῖιιο
3167 4385 3229 4424 ex
3261 4366 3492 4426 laudatis

214 4439 543 4507 Godicibus,
590 4441 679 4508 qui
713 4455 856 4496 nunc
882 4436 936 4495 in
975 4439 1300 4495 bibliotheca
1331 4439 1583 4510 Vaticana
1603 4452 1832 4510 numero
1866 4436 2004 4510 I275
2026 4446 2365 4510 asservatur;
2397 4454 2499 4509 qua
2524 4454 2589 4493 ex
2619 4442 2933 4495 recensione
2975 4442 3128 4495 nobis
3154 4454 3487 4510 compertum

210 4522 304 4566 est
328 4527 450 4566 eum
482 4526 512 4565 a
542 4507 765 4566 Pamelii
792 4512 959 4575 edito,
986 4510 1146 4565 etiam
1186 4508 1443 4581 sepositis
1471 4508 1866 4581 omnibus_quae
1895 4507 2034 4581 intra
2065 4507 2805 4581 parenthescs‘includuntur,
2834 4526 2976 4581 saepe
3025 4507 3347 4581 discrepare,
3376 4528 3493 4569 non

208 4582 269 4637 in
300 4583 478 4637 verbis
513 4590 739 4648 tantum,
772 4583 867 4637 sed
897 4584 1060 4637 etiam
1091 4582 1142 4635 in
1172 4580 1428 4651 Collectis
1452 4581 1680 4651 aliisque
1708 4579 2073 4651 Orationibus,
2098 4581 2205 4635 imo
2234 4580 2287 4634 in
2309 4580 2502 4635 ofﬁciis
2533 4582 2775 4651 integris.

288 4654 347 4705 5⁸
368 4654 549 4707 Sancti
575 4652 731 4724 Eligii
771 4651 1021 4708 Codicem
1047 4668 1076 4707 a
1108 4660 1296 4724 nostro
1335 4650 1557 4724 ilugone
1584 4649 1838 4724 Menardo
1878 4650 2216 4724 evulgatum,
2238 4664 2302 4705 ac
2324 4651 2467 4706 notis
2516 4649 3081 4724 observationibnsque
3133 4653 3492 4721 illustratum,

207 4725 453 4780 maxima
492 4723 634 4791 apud
661 4719 900 4795 eruditos
929 4723 1247 4795 auctoritate
1266 4720 1696 4795 valereiminime
1741 4734 1841 4775 nos
1871 4719 2124 4795 fugiebat.
2149 4719 2242 4795 _Et
2285 4725 2723 4795 saneperpensis
2767 4719 3012 4779 omnibus
3061 4725 3284 4795 tequiori
3311 4719 3489 4793 lance,

210 4797 427 4850 nullum
458 4790 559 4863 ipsi
588 4793 671 4847 vel
700 4794 768 4865 ob
795 4794 1309 4865 antiquitatem,_vel
1353 4792 1423 4848 ob
1448 4792 1833 4861 integritatem,
1868 4790 2258 4865 praeferendum
2310 4790 2560 4865 duximus
2580 4834 2597 4861 ,
2628 4794 2765 4849 lecta
2794 4809 2953 4864 quam
2994 4790 3228 4849 Editioni
3267 4810 3379 4851 suae
3408 4790 3498 4853 vit-

211 4861 569 4921 doctissimus
592 4864 821 4933 praeﬁxit
851 4861 1274 4934 praefationem
1297 4873 1476 4918 autem
1507 4864 1648 4918 hunc
1674 4877 1784 4929 pra:
1806 4863 2016 4917 caeteris
2047 4861 2300 4918 Codicem
2328 4863 2631 4929 ederemus,
2677 4865 2731 4919 id
2761 4861 2859 4922 nos
2907 4866 3244 4934 potissimum
3294 4869 3493 4934 movit,

209 4936 362 5004 quod
386 4936 517 4990 nulli
543 4933 890 5004 alteriaptari
911 4935 1213 5003 potuissent
1241 4934 1596 4990 Menardianae
1640 4933 2124 5006 ob_servationes_et
2152 4943 2313 5006 notae,
2346 4950 2477 5001 quas
2526 4935 2839 5006 melioribus
2873 4933 3057 4992 furmis
3088 4936 3368 5006 recudere,
3410 4941 3496 4995 rei

211 5016 333 5061 tum
362 5021 531 5060 saera:
559 5014 672 5060 tum
714 5006 989 5062 litterariae
1019 5019 1126 5077 non
1160 5020 1346 5073 parum
1375 5006 1651 5077 intererat.
1686 5004 1765 5058 Ex
1799 5014 1905 5077 tam
1952 5004 2465 5077 copiosaividelicet
2489 5005 2876 5074 exquisitarum
2922 5010 3326 5063 annotationum
3355 5004 3497 5077 'sup-

212 5077 516 5148 pellectilis
543 5076 876 5143 accessione.
909 5076 1195 5147 plurimum
1226 5074 1586 5148 autiutilitatis
1616 5084 1715 5148 aut
1749 5076 2036 5148 voluptatis
2067 5074 2364 5148 studiosum
2398 5078 2650 5131 lectorem
2692 5086 3069 5147 perceptarum
3098 5079 3238 5134 haud
3279 5074 3497 5134 dubita-

209 5145 359 5220 mus.
389 5147 461 5203 Ut
482 5156 661 5202 autem
685 5148 895 5203 facilius
910 5145 975 5203 et
1002 5148 1301 5220 expeditius
1320 5146 1547 5220 inveniri
1576 5145 1780 5213 possint
1802 5145 2256 5220 (quandoquidem
2290 5147 2407 5201 illas
2427 5145 2818 5220 colutnnis’pro
2838 5145 2990 5205 more
3008 5160 3191 5205 nostro
3220 5149 3496 5220 subjicere

212 5219 488 5291 integrum
517 5232 623 5273 non
648 5228 1036 5291 erat,ipropter
1062 5218 1281 5273 nimiam
1324 5218 1673 5291 plurimarum
1704 5217 2109 5291 prolisitatem),
2138 5232 2234 5291 eas
2274 5217 2500 5272 seorsim
2530 5217 2756 5275 excusas
2799 5220 3037 5275 numeris
3082 5217 3491 5291 distinguendas

206 5288 560 5354 censuimus;
594 5289 723 5344 etin
754 5288 894 5349 libro
923 5290 1393 5346 Sacramentorum
1422 5288 1652 5358 singula,
1697 5303 1816 5358 quae
1855 5288 1921 5343 iis
1969 5291 2109 5343 notis
2136 5288 2469 5345 illustrantur
2494 5298 2551 5345 et
2578 5298 2856 5358 ornantur,
2892 5290 3113 5349 totidem
3152 5288 3388 5351 numeris
3427 5293 3488 5345 in

207 5363 461 5430 margine
490 5360 707 5429 scriptis
750 5360 1103 5416 indicavimus
1133 5361 1239 5431 (l).

288 5431 373 5486 Ill.
405 5432 671 5498 Quoniam
699 5445 846 5505 vero
866 5441 988 5505 post
1041 5431 1319 5505 Hugonem
1364 5430 1676 5505 quardum
1705 5430 2155 5505 multidemrebus
2197 5430 2455 5505 liturgicis
2496 5433 2712 5505 egregie
2736 5434 3093 5503 scripserunt,
3124 5436 3176 5490 in
3209 5435 3293 5488 his
3339 5430 3485 5487 emi-

208 5507 565 5559 nentissimus
594 5501 881 5559 cardinalis
924 5501 1157 5559 Joannes
1211 5504 1381 5570 Bona,
1430 5502 1697 5569 Josephus
1744 5501 1910 5557 Maria
1958 5501 2275 5558 Thomasius
2301 5504 2411 5572 jam
2455 5501 2720 5569 laudatus,
2766 5501 2999 5560 Joannes
3049 5504 3245 5559 Fronto
3275 5513 3483 5559 sancta:

214 5574 512 5630 Genovefae
539 5573 862 5646 Parisiensis
893 5576 1182 5631 canonicus
1212 5574 1493 5646 regularis,
1520 5589 1588 5628 ex
1610 5575 1805 5628 nostris
1832 5572 2068 5646 Joannes
2093 5574 2447 5639 Mabillonins,
2473 5575 2559 5643 qui
2590 5577 2855 5646 liturgiant
2885 5585 3119 5633 veterem
3147 5574 3482 5629 Gallicanam

208 5661 353 5715 pene
377 5662 410 5701 e
447 5645 683 5700 tenebris
714 5648 874 5713 eruit,
903 5655 958 5702 et
989 5644 1297 5702 Edmundus
1328 5646 1585 5711 Martene,
1620 5646 1710 5713 qui
1752 5646 1817 5698 de
1849 5644 2103 5700 Ecclesia:
2148 5648 2339 5700 l‘llllllIS
2367 5647 2465 5699 tria
2488 5646 2655 5701 edidit
2676 5644 2969 5711 volumina,
3016 5648 3071 5700 in
3101 5646 3291 5712 quibus
3320 5646 3481 5714 quid-

206 5718 347 5787 quid
375 5718 680 5789 praesertim
713 5718 782 5773 ad
808 5726 1265 5774 sacramentorum
1311 5715 1831 5773 administrationem
1872 5716 2109 5785 pertinet
2131 5718 2415 5789 diligenter
2443 5716 2664 5787 fuseque
2708 5724 3022 5789 pertractat,
3052 5728 3389 5788 quaecunque
3418 5733 3488 5774 es;

281 5860 371 5933 (ι)
398 5860 461 5918 In
490 5860 597 5919 hac
617 5870 800 5917 nostra
824 5860 1058 5919 editione
1086 5860 1298 5919 numeri
1325 5859 1587 5920 habentur
1614 5857 1753 5917 inter
1780 5860 2126 5931 parentheses
2153 5860 2323 5920 textui
2347 5860 2595 5918 insertas.
2619 5860 2778 5918 EDIT.

590 5954 866 6017 Ρηιιθι...
911 5953 1262 6018 LXXVIII.
1766 6036 1771 6041 ι
1792 6040 1795 6043 _
