4064 6350
534 345 596 404 Η
1446 341 1813 399 PB/EFATIO
1848 338 1914 396 IN
1952 335 2210 395 LIBRUM
2250 336 2884 399 SACRAMENTORUM.
3732 344 3800 399 12

534 470 715 525 eorum
745 461 1201 523 lucubrationibus
1229 460 1480 528 colligere
1527 461 1677 516 licuit
1707 476 1735 515 τι
1770 456 2021 530 Menardo
2071 456 2627 530 prretermissa,_unde
2669 464 2988 529 argumento
3037 458 3312 530 proposito
3364 459 3608 517 nonnihil
3663 462 3799 521 lucis

535 543 790 611 allulgere
816 544 1017 611 posset,
1042 551 1103 591 ca
1133 527 1410 611 innotulis
1439 533 1505 611 ad
1546 534 1913 611 columnarum
1944 528 2146 611 calcem
2166 529 2403 611 attextis
2429 527 2716 611 observare
2745 527 3079 611 curavimus.

606 599 694 667 IV‘:
721 599 1100 666 Consuluimus
1131 607 1289 662 etiam
1321 606 1578 675 plurimos
1607 604 1832 660 Codices
1862 616 2022 656 manu
2067 607 2271 656 tantum
2311 608 2580 668 exaratos,
2610 599 2680 656 de
2717 601 2909 671 quibus
2941 616 3203 674 perpauca
3249 602 3336 660 hic
3362 606 3689 680 attingemus
3745 617 3803 668 et

535 685 765 740 breviter
792 682 1165 736 delibabimus.

606 755 817 809 Codicis
848 753 1062 821 Regina:
1094 752 1297 805 Suecize
1325 759 1449 805 ante
1472 764 1641 805 annos
1672 745 2008 821 octingentos
2050 743 2305 821 descripti
2329 742 2899 821 _v_ariantes_lection_es
2930 742 3142 821 omnes,
3172 748 3477 821 _collatione
3510 748 3645 805 facta
3678 768 3798 808 cum

536 826 757 882 Pamelii
791 816 951 878 Edito
973 824 1306 891 collegimus,
1339 820 1475 876 unde
1508 822 1782 888 utriusque
1823 816 2113 874 discrimen
2146 817 2198 871 in
2233 816 2415 891 multis
2442 816 2788 891 advertimus.
2813 816 2971 891 Certe
3017 816 3133 891 ipso
3168 818 3237 891 in
3264 820 3447 875 limine
3483 822 3663 878 Codex
3708 840 3798 879 or-

537 898 842 952 dinationcs
873 886 1265 963 episcoporum,
1296 886 1752 962 presbyterorum
1777 901 1828 945 ct
1859 892 2206 946 diaconorum
2251 886 2471 963 exhibet
2508 896 2631 943 ante
2671 887 2874 963 Natalis
2903 888 3107 963 Christi
3136 890 3409 963 vigiliam;
3454 908 3574 961 quae
3619 897 3797 952 omnia

534 970 728 1023 desunt
754 958 1235 1034 apud'l’amelium,
1281 958 1336 1019 ut
1369 966 1434 1019 de
1476 958 1684 1019 eceteris
1724 958 2569 1034 taceamus.Exaratum__iuisse
2615 973 2718 1034 pro
2744 959 3013 1034 Ecclesia,
3060 963 3150 1034 ubi
3196 958 3427 1019 celebris
3471 958 3587 1020 erat
3629 969 3797 1022 sancti

534 1029 851 1095 Chlodoaldi
885 1038 1168 1105 memoria,
1199 1035 1483 1104 etquidem
1510 1034 1561 1088 in
1595 1049 1720 1106 agro
1749 1033 2059 1106 Parisiensi,
2096 1031 2219 1087 inde
2246 1029 2562 1106 conjicimus
2583 1030 2720 1106 quod
2746 1030 2797 1087 in
2830 1031 3096 1106 oratione,
3133 1033 3313 1106 Libera
3339 1051 3450 1102 nos,
3476 1053 3793 1106 qntcsumus,

534 1126 653 1181 qua:
686 1117 804 1179 post
833 1108 990 1163 Pater
1032 1101 1204 1181 noster
1235 1101 1448 1181 dicitur,
1483 1101 1719 1181 recitatis
1772 1105 2079 1159 nominibus
2124 1110 2431 1181 sanctorum
2484 1101 2857 1181 Apostolorum
2904 1103 3057 1181 Petri
3080 1101 3328 1181 et_Pauli
3359 1101 3793 1181 atqueAndrcaa,

534 1174 759 1235 addatur
792 1197 807 1234 :
838 1196 928 1234 nec
953 1196 1056 1233 non
1098 1190 1144 1234 et
1188 1178 1327 1231 beato
1354 1176 1604 1247 Dionysio
1652 1183 1876 1247 martyre
1904 1185 1990 1229 tuo
2030 1184 2193 1247 ﬁatque
2240 1174 2502 1243 pontiﬁce,
2534 1188 2648 1227 cum
2694 1175 2845 1247 sociis
2889 1176 2997 1230 suis
3018 1176 3229 1230 Rustico
3275 1186 3322 1231 et
3372 1174 3707 1243 Eleutherio,
3749 1189 3799 1234 et

536 1251 1077 1373 ιᾶιιιοά(ΣΙιιοιὶοαΙΙιξο;⁹
1100 1250 1226 1331 hinc
1248 1248 1333 1303 vix
1357 1246 1664 1304 dubitamus
1686 1246 1813 1304 olim
1844 1248 1985 1303 hunc
2015 1246 2266 1302 Codicem
2297 1247 2622 1317 pertinuisse
2647 1246 2715 1301 ad
2741 1247 3023 1304 ecclesiam
3050 1247 3355 1319 Novigenti,
3404 1249 3564 1320 vulgo
3613 1250 3796 1306 Saint-

601 1340 665 1373 on
713 1366 727 1373 -
762 1336 929 1373 nrone
1003 1336 1210 1373 arrsnos.

537 1322 727 1377 Cloud.
762 1336 929 1377 prone
960 1322 1210 1375 Parisios.

609 1338 741 1449 libari]
762 1338 1383 1463 Iinrticpgctg'iao“stagillade
1430 1391 1743 1463 antiquitate
1786 1399 1996 1463 certare
2025 1397 2200 1459 potest
2228 1388 2506 1463 Calensis,
2554 1403 2650 1444 seu
2694 1386 2872 1445 Codex
2917 1389 3270 1463 parthenonis
3301 1389 3470 1463 beata:
3513 1380 3694 1448 Mariae
3722 1390 3791 1450 de

534 1463 678 1521 Calis
707 1482 719 1516 :
752 1464 838 1518 h‘lc
868 1463 932 1518 ad
956 1460 1192 1516 nostram
1218 1461 1520 1516 Editionem
1550 1460 1797 1535 proprius
1827 1461 2056 1535 accedit,
2083 1467 2146 1535 at
2190 1462 2515 1535 contractior
2561 1467 2662 1527 est,
2697 1467 2752 1515 et
2780 1460 3296 1535 paucioraﬂcontinet
3324 1460 3483 1535 festa.

610 1536 927 1601 Superiores
959 1547 1147 1588 omnes
1177 1540 1332 1587 astate
1379 1535 1595 1587 vincere
1637 1534 1889 1589 videntur
1931 1534 2037 1587 duo
2081 1532 2567 1595 ’l‘beodericenses,
2599 1546 2693 1585 seu
2748 1534 3056 1587 monasterii
3101 1532 3291 1588 sancti
3327 1533 3642 1590 Theoderici
3688 1549 3794 1591 non

537 1608 722 1676 procul
751 1623 779 1659 a
806 1605 1047 1676 Rhemis.
1082 1603 1236 1658 Prior
1265 1614 1475 1659 notatus
1502 1604 1571 1656 ΟΞ).
1590 1644 1605 1668 ,
1652 1605 1723 1660 ob
1750 1606 1944 1674 ﬁguras
1974 1604 2166 1676 quibus
2208 1614 2440 1676 ornatur
2464 1604 2794 1673 spectabilis,
2830 1606 3073 1676 scriptus
3100 1606 3336 1660 creditur
3370 1614 3557 1660 octavo
3597 1608 3795 1661 szeculo

532 1673 835 1742 desinente,
858 1677 944 1730 vel
973 1674 1188 1729 ineunte
1211 1690 1382 1743 nnno,
1419 1676 1557 1745 quod
1590 1676 1643 1730 in
1675 1692 1739 1729 eo
1772 1673 1863 1729 liat
1889 1673 2089 1746 mentio
2115 1686 2390 1731 crutorum
2423 1674 2589 1746 Leoni
2638 1688 2789 1743 papa:
2828 1674 2895 1729 lll
2923 1675 3217 1746 oculorum,
3244 1684 3493 1746 tanquam
3546 1677 3795 1733 facinoris

535 1765 639 1801 non
665 1747 755 1802 diu
782 1756 933 1800 antea
966 1746 1274 1815 perpetrati.
1306 1745 1395 1802 Sic
1426 1744 1567 1801 enim
1600 1747 1793 1815 legitur
1820 1765 1831 1798 :
1880 1744 2171 1800 Benedictio
2199 1747 2266 1799 at!
2288 1747 2493 1817 signum
2533 1745 2845 1814 faciendum,
2879 1754 2983 1801 etc.
3012 1744 3173 1817 Missa
3204 1744 3272 1801 de
3301 1744 3587 1801 inventione
3630 1747 3797 1801 sancti

532 1818 816 1885 Stephani,
847 1818 1055 1887 quando
1086 1817 1306 1871 Romani
1346 1826 1555 1889 prapter
1593 1819 1837 1871 invidiam
1890 1819 2127 1889 tulerunt
2156 1816 2349 1889 oculos
2377 1818 2587 1889 domino
2618 1816 2776 1889 Leoni
2818 1833 2987 1886 papw.
3034 1816 3185 1873 Sedit
3215 1818 3298 1872 hic
3340 1818 3410 1872 ab
3432 1831 3573 1873 anno
3596 1820 3700 1873 795
3728 1819 3796 1874 ad

532 1892 657 1945 816.
684 1890 803 1944 Vim
834 1886 1008 1943 autem
1041 1903 1228 1957 passus
1284 1886 1355 1944 ab
1390 1890 1598 1944 aemulis
1626 1889 1862 1945 creditur
1909 1904 2050 1942 anno
2079 1886 2202 1941 799.
2250 1888 2364 1943 lloc
2410 1888 2464 1941 in
2520 1886 2720 1942 Codice
2776 1892 3172 1957 praemittuntur
3219 1889 3588 1945 ordinationes
3633 1890 3798 1945 lecto-

528 1962 627 2027 ris,
659 1970 790 2026 ete.,
809 1959 1390 2031 Subdiaconi.diaconi,
1414 1960 2011 2031 presbyteri,episcopi.
2037 1960 2353 2031 Sequuntur
2376 1958 2773 2014 benedictiones
2800 1960 2955 2029 longe
2978 1960 3154 2028 plures
3183 1975 3339 2031 quam
3372 1961 3426 2014 in
3455 1961 3669 2031 vulgato
3695 1961 3796 2015 Be-

530 2031 902 2099 nedictionali,
936 2039 989 2084 et
1023 2030 1089 2102 in
1124 2030 1370 2087 Editione
1414 2031 1672 2102 Menardi.
1704 2031 1834 2085 Post
1861 2030 2169 2085 Orationem
2211 2030 2501 2102 specialem
2547 2030 2970 2098 exomologicam
3000 2046 3093 2085 seu
3142 2030 3559 2102 confessionem,
3591 2039 3645 2085 et
3676 2032 3797 2102 plu-

527 2101 1173 2173 rimasalias,_subjicitur
1204 2102 1361 2173 Missa
1406 2103 1469 2155 de
1498 2101 2000 2173 Transﬁguratione.
2044 2101 2349 2173 Succedunt
2393 2099 2681 2173 Prtefatio,
2721 2101 3184 2172 Cannnunicantes,
3232 2110 3337 2157 etc.
3362 2101 3552 2157 POStea
3584 2099 3793 2171 legitur,

530 2188 667 2227 nono
696 2170 1100 2244 It'al._Ja_nuarii_
1125 2173 1179 2244 in
1207 2172 1381 2244 uigilia
1404 2176 1471 2225 de
1501 2172 1687 2244 Natali
1709 2170 1962 2238 Domini,
2012 2180 2117 2226 etc.
2148 2172 2353 2244 Eodem
2386 2173 2437 2226 in
2470 2172 2670 2228 Codice
2698 2173 2766 2227 ad
2812 2173 3108 2242 marginem
3134 2170 3481 2242 designantur
3525 2170 3651 2244 quas
3683 2174 3799 2227 sin-

531 2244 671 2312 gulis
699 2243 751 2296 in
785 2241 960 2313 Missis
986 2242 1102 2295 cani
1143 2242 1393 2313 debeant,
1426 2250 1485 2296 ut
1525 2243 1578 2295 in
1611 2243 2017 2313 Antiphonario
2035 2243 2403 2311 praescribitur
2430 2260 2443 2297 :
2476 2245 2707 2313 exempli
2746 2241 2950 2313 gratia,
2970 2260 3065 2312 pro
3116 2241 3283 2313 prima
3330 2241 3558 2299 Natalis'
3583 2244 3797 2299 Domini

532 2314 695 2368 Missa
719 2312 1020 2381 assignatur
1054 2312 1265 2380 Antiplt.
1301 2312 1557 2367 Dominus
1584 2314 1718 2367 dixit
1747 2313 1812 2367 ad
1844 2329 1951 2377 me,
1990 2311 2188 2367 Psalm.
2220 2315 2397 2381 Quare
2440 2311 2805 2382 fremuerunt,
2855 2311 3012 2379 Resp.
3047 2311 3242 2369 Tecum
3276 2315 3613 2383 principium,
3651 2313 3795 2370 Vera.

531 2384 981 2510 Dilxithonﬁinus,
1013 2383 1168 2438 Altet.
1201 2382 1459 2439 Dominus
1505 2383 1638 2440 dixit
1678 2384 1745 2439 ad
1788 2399 1895 2451 me,
1928 2383 2110 2453 Offert.
2154 2384 2429 2440 Lmtentur
2455 2384 2599 2449 eteli,
2642 2384 2786 2439 Vers.
2830 2383 3052 2440 Cantate
3104 2384 3363 2452 Domino,
3406 2382 3708 2441 Cbmmunio
3738 2387 3799 2446 In

531 2470 591 2510 so
614 2472 678 2510 en
722 2470 799 2508 Ol‘l
844 2469 928 2509 us.-

526 2469 928 2513 SDIOHGOFIDUS;

557 2472 952 2582 pfﬂggrégld'sex
988 2525 1452 2586 Theodericensis.
1493 2533 1705 2580 notatus
1730 2525 1819 2591 65,
1848 2526 2088 2597 ejusdem
2121 2527 2232 2585 fere
2262 2528 2470 2585 videtur
2494 2526 2687 2582 aetatis.
2718 2524 2964 2596 Scriptus
2995 2526 3180 2597 procul
3207 2525 3368 2581 dubio
3408 2526 3506 2581 fuit
3535 2528 3599 2582 ad
3639 2544 3798 2585 usum

526 2598 837 2668 monasterii
866 2596 1034 2652 heatte
1059 2597 1247 2668 Maria:
1263 2597 1701 2666 Suessionensis;
1739 2614 1861 2653 nam
1884 2596 1963 2653 ibi
1988 2599 2212 2668 legitur:
2233 2599 2508 2663 Memento,
2529 2597 2815 2668 Domine...
2841 2596 3251 2668 ('aiiiuturuntque
3272 2607 3477 2651 tuarum
3492 2601 3654 2652 omnis
3676 2617 3799 2654 con-

524 2666 841 2742 gregationis
866 2664 1442 2742 bcatwibeigﬂenitriris
1472 2664 2102 2742 illariw,7§anctorumqt'te
2126 2672 2473 2742 confessorum
2503 2666 2559 2722 Μ
2566 2667 2745 2742 cdardt'
2759 2676 2820 2742 et
2842 2664 3033 2738 'Eligii.
3062 2664 3192 2724 Tres
3224 2669 3275 2742 in
3308 2681 3489 2742 partes
3517 2668 3794 2739 dividitur,

524 2739 750 2812 quarum
795 2741 982 2795 ultima
1031 2739 1379 2794 l’rmlationes
1417 2742 1677 2812 continet.
1709 2740 1767 2795 In
1795 2751 2046 2812 utroque,
2066 2742 2270 2797 'l‘heod.
2298 2741 2545 2812 plurimm
2575 2749 2704 2812 sunt
2727 2739 3019 2812 Missae,ut
3046 2755 3187 2796 nunc
3217 2739 3555 2812 diciisolent,
3580 2743 3795 2808 votivae,

523 2808 646 2883 qua:
676 2812 732 2883 in
761 2812 931 2865 Editis
960 2826 1069 2883 non
1099 2822 1339 2877 exstant,
1367 2819 1427 2864 ut
1449 2811 1515 2883 de
1546 2810 1874 2883 Humilitarc,
1898 2808 1964 2883 de
1990 2808 2368 2883 Misericordia,
2401 2813 2464 2866 de
2493 2808 2646 2883 Fide,
2677 2811 2790 2883 Spe
2814 2822 2859 2865 ct
2889 2810 3171 2867 Charitate.
3207 2810 3315 2883 sex
3338 2811 3597 2867 habentur
3620 2813 3801 2869 Missae

521 2876 622 2954 pro
653 2882 859 2954 Abbate
887 2882 980 2954 vel
1012 2876 1467 2954 Congregatione._
1500 2879 1555 2933 ln
1599 2878 1800 2934 Ordine
1848 2879 1924 2954 ad
1952 2876 2377 2954 benedicendum
2426 2876 2874 2954 abb_ntem.'nihil
2921 2883 2987 2939 de
3035 2886 3228 2947 mitra,
3261 2882 3453 2938 baculo
3500 2885 3787 2950 pastorali,

523 2947 754 3018 annulo;
789 2950 920 3006 nihil
950 2947 1180 3021 denique
1210 2950 1410 3021 legitur
1438 2949 1505 3003 de
1534 2965 1722 3019 pompa
1756 2965 1873 3020 qum
1912 2949 2051 3004 hanc
2080 2948 2241 3005 hodie
2270 2947 2704 3021 benedictionem
2735 2955 3042 3008 comitatur.
3074 2954 3337 3008 Continuo
3363 2947 3607 3021 sequitur
3635 2947 3801 3012 Missa

523 3040 621 3094 pro
652 3037 821 3094 puero
847 3020 1386 3094 dic_0blatiunis_su.c
1406 3061 1422 3082 ,
1453 3021 1662 3076 scilicet
1699 3021 2129 3094 juxtaregulam
2170 3020 2347 3075 sancti
2390 3020 2667 3076 Benedicti
2692 3063 2706 3087 ,
2740 3031 2934 3094 caetera
2962 3026 3150 3094 omitto
3178 3035 3233 3080 ut
3263 3020 3574 3092 prolixiora.
3608 3026 3682 3079 Ex
3713 3025 3800 3083 bis

524 3090 735 3150 duobus
761 3090 1048 3148 Codicibus
1079 3092 1405 3164 antiquitate
1431 3090 1846 3160 spcctatisSimis
1870 3092 2036 3156 liquet
2060 3107 2167 3147 non
2190 3106 2404 3164 semper
2435 3107 2532 3161 pro
2562 3093 2950 3164 regentioribus
2978 3090 3584 3164 liabendos’hujusmodi
3613 3110 3801 3153 saeros

527 3166 719 3233 libros”,
754 3165 841 3233 qui
873 3164 1165 3233 ampliores
1191 3170 1334 3217 sunt.
1366 3163 1473 3217 Hos
1500 3164 1727 3219 Codices
1758 3164 1991 3218 describi
2014 3164 2174 3230 jussit
2200 3163 2595 3218 illustrissimus
2621 3163 2874 3219 Ecclesia:
2901 3164 3150 3232 princeps
3183 3163 3405 3218 Carolus
3435 3166 3718 3224 Mauricius
3748 3169 3801 3225 lc

531 3237 748 3301 Tellier,
776 3234 1103 3305 libemurum
1136 3236 1568 3302 archiepiscopus
1591 3246 1639 3289 et
1670 3237 1798 3298 dux,
1820 3244 1979 3305 atque
2004 3236 2070 3288 ad
2101 3248 2199 3289 nos
2227 3234 2667 3289 transmittendos
2688 3237 2923 3299 curavit,
2948 3234 3034 3288 cui
3057 3234 3225 3289 multa
3246 3234 3347 3289 alia
3368 3234 3647 3291 debemus.

602 3306 855 3363 Laudatis
878 3304 1165 3361 Codicibus
1202 3315 1359 3360 mtate
1394 3307 1612 3374 quidem
1641 3306 1864 3361 inferior
1884 3304 1963 3360 est
1991 3305 2381 3361 Gemeticensis
2399 3320 2506 3375 quo
2531 3306 2611 3360 usi
2637 3318 2844 3369 sumus,
2874 3312 2930 3359 at
2958 3305 3223 3371 elegantia
3251 3312 3306 3359 et
3330 3306 3640 3374 integritate
3663 3310 3803 3369 nulli

529 3380 690 3436 cedit.
716 3379 772 3433 ln
800 3378 985 3447 ignoto
1012 3378 1219 3447 Anglia:
1246 3376 1573 3432 mona‘SIerio
1617 3376 1948 3433 Benedictini
1983 3379 2114 3431 ritus
2146 3377 2201 3431 in
2232 3374 2493 3431 honorem
2533 3384 2730 3447 sanctae
2763 3376 2857 3430 Dei
2900 3374 3210 3444 Geuitricis,
3244 3386 3297 3430 et
3328 3385 3635 3433 sanctorum
3667 3395 3803 3447 apo-

528 3452 788 3508 stolorum
821 3446 967 3505 Petri
1005 3458 1057 3502 et
1104 3446 1249 3501 l’auli
1290 3457 1601 3503 constructo
1644 3458 1892 3503 exaratus
1935 3456 2016 3502 est
2057 3462 2200 3503 anno
2247 3447 2559 3512 millesimo,
2586 3456 2640 3501 ut
2671 3446 2838 3516 liquet
2865 3462 2932 3503 ex
2965 3447 3223 3503 festorum
3267 3448 3546 3503 mobilium
3580 3446 3797 3517 tabula;

528 3521 859 3579 monasterio
886 3534 1016 3574 vero
1042 3519 1398 3574 Gemeticensi
1430 3520 1570 3573 dono
1595 3520 1750 3574 datus
1782 3536 1811 3574 a
1842 3518 2080 3574 Roberto
2111 3516 2317 3587 praelati
2342 3518 2573 3574 emnobii
2600 3518 2881 3587 Anglicani
2912 3522 3061 3589 prius
3083 3518 3298 3585 abbate,
3324 3528 3449 3574 tunc
3468 3516 3803 3577 Londinensi

528 3595 809 3665 episcopo,
843 3605 984 3646 anno
1010 3589 1168 3653 1045,
1195 3591 1387 3646 deinde
1414 3590 1785 3665 Cantuaricnsi
1812 3590 2238 3665 archiepiscopo,
2267 3590 2393 3665 qui,
2426 3590 2943 3665 sedesuapulsus,
2985 3590 3348 3665 cum_Ro_ma,
3380 3605 3485 3665 quo
3523 3591 3803 3661 religionis

530 3659 692 3721 causa
720 3659 1073 3735 perrexerat,
1105 3671 1483 3735 reverteretur,
1510 3661 1779 3735 Gemetici
1807 3659 2152 3735 obiitdie‘26
2179 3662 2299 3716 Maii
2332 3676 2420 3716 an.
2452 3662 2667 3735 circiter
2690 3661 2853 3735 1052.
2888 3663 3001 3735 lloc
3035 3664 3088 3735 in
3111 3660 3311 3735 Codice
3344 3659 3805 3735 plurimarcesunt

530 3752 663 3808 quae
682 3732 741 3791 in
763 3734 1004 3808 Vulgatis
1034 3733 1280 3804 legimus.
1306 3736 1445 3808 S_ane
1468 3732 1776 3808 librihujus
1798 3732 2077 3808 Anglicani
2098 3748 2292 3803 magna
2320 3747 2431 3804 pra:
2453 3734 2669 3808 caeteris
2700 3732 2945 3808 habenda
2975 3732 3384 3808 ratio_videtur,
3408 3733 3533 3808 quia
3563 3733 3806 3808 Ecclesia

530 3801 825 3877 Anglicana
854 3801 922 3861 ab
947 3806 1069 3877 ipso
1086 3801 1277 3877 sancto
1311 3805 1571 3877 Gregorio
1600 3806 1868 3877 liturgiam
1893 3801 2077 3859 statim
2103 3801 2399 3877 sacrosque
2418 3805 2555 3877 ritus
2583 3804 2817 3877 accepit,
2844 3818 2965 3856 cum
3000 3802 3204 3857 tardius
3238 3801 3381 3857 Ordo
3440 3802 3715 3861 Romanus
3744 3805 3807 3865 in

528 3872 674 3935 omni
707 3877 948 3934 Ecclesia
967 3872 1251 3931 Gallicana
1282 3872 1604 3939 obtinuerit,
1631 3872 1843 3931 hoc—est
1876 3877 2045 3942 Pipiui
2075 3883 2126 3928 et
2148 3874 2326 3929 Caroli
2352 3874 2527 3942 Magni
2559 3872 2907 3941 temporibus.

598 3950 785 4019 Neque
813 3959 989 4004 tamen
1018 3963 1205 4019 omnes
1236 3948 1376 4001 illius
1392 3946 1614 4019 Codicis
1635 3958 1732 4019 aut
1762 3940 1987 3999 aliorum
2022 3944 2352 4019 differentias
2375 3940 2631 4019 exhibere
2657 3940 2920 4019 integrum
2950 3940 3047 3996 luit
3069 3942 3351 4019 ;_alioquin
3385 3944 3437 4019 in
3466 3943 3801 4019 immensum

526 4035 662 4090 opus
697 4012 807 4075 hoc
850 4017 1197 4090 excrevisset.
1228 4016 2100 4090 NatttlibruurSacranLcntorum
2132 4028 2259 4090 suos
2286 4015 2345 4090 in
2380 4028 2508 4069 usus
2551 4012 2622 4090 ita
2664 4013 3054 4090 concinnarunt
3090 4012 3466 4090 Occidentales
3510 4018 3803 4090 Ecclesiae,

530 4084 730 4147 additis
759 4100 811 4145 et
843 4089 1099 4145 detractis
1143 4087 1430 4153 nonnullis,
1463 4096 1520 4140 ut
1562 4086 1647 4159 vix
1691 4086 1800 4159 duo
1828 4084 2053 4139 Codices
2082 4084 2298 4159 _a_n_tiqui
2322 4098 2551 4159 prorsus
2580 4084 2783 4159 sim_iles
2818 4084 3175 4159 reperiantur.
3208 4087 3370 4143 Plura
3397 4088 3466 4144 de
3506 4088 3608 4143 hoc
3636 4084 3805 4159 arguL

527 4172 712 4219 mento
742 4160 1098 4233 suppeditavit
1130 4171 1313 4235 noster
1345 4156 1656 4235 Edmundus
1688 4157 1925 4235 Martene
1950 4155 2261 4235 aquilier
2302 4155 2915 4235 deantiquisEcclesitc
2946 4155 3200 4235 Ritibus_,_
3234 4166 3367 4235 tom.
3390 4159 3443 4228 Ι,
3471 4159 3538 4215 de
3556 4155 3805 4235 adnii'nia

529 4236 789 4290 stratione
807 4227 1144 4289 sacramenti
1173 4228 1450 4302 Ecclesiae,
1482 4237 1536 4283 et
1565 4229 1830 4285 incruenti
1856 4227 2107 4284 sacrilicii
2130 4227 2494 4283 celebratione
2516 4227 2778 4298 plurimos
2801 4227 3136 4284 diversarum
3160 4230 3520 4285 Ecclesiarum
3544 4230 3801 4302 Ordines,

524 4320 622 4362 seu
648 4305 886 4360 Rituales
917 4303 1080 4357 libros
1113 4301 1348 4356 exhibet.

601 4376 666 4431 ν.
707 4376 823 4443 Quo
857 4376 976 4428 loco
1014 4382 1225 4427 veteres
1256 4372 1446 4426 librum
1477 4371 1953 4443 Sacrameutorum
1997 4370 2311 4443 habuerint,
2356 4377 2504 4441 patet
2528 4386 2595 4428 ex
2624 4370 2897 4435 eburneis,
2938 4373 3231 4442 argenteis,
3271 4370 3380 4427 imo
3421 4372 3582 4429 etiam
3620 4375 3806 4433 aureis

527 4442 944 4517 tabulis’quibus
984 4444 1038 4517 in
1068 4444 1337 4498 nonnullis
1380 4444 1635 4517 Ecclesiis
1666 4442 2010 4517 vestiebatur.
2054 4442 2408 4517 Flodoardus,
2442 4444 2535 4517 lib.
2584 4458 2643 4499 nt
2672 4442 2809 4497 Hist.
2843 4444 3007 4517 _Ecc_l.
3046 4443 3267 4512 Rhem.,
3305 4458 3423 4514 cap.
3472 4444 3524 4510 9,
3572 4447 3803 4504 seribit:

526 4519 741 4573 Librum
762 4512 961 4589 quoque
988 4515 1441 4589 Sacramentorum
1470 4514 1561 4589 sub
1586 4512 2033 4589 eburneislabutis
2060 4529 2189 4566 auro
2218 4513 2910 4589 pra’signitis....._contulit.
2948 4514 3263 4589 Eumnquasi
3295 4512 3617 4589 memoriter,
3649 4517 3808 4571 addi--

528 4606 682 4645 scere
712 4583 1028 4644 tenebantur
1069 4587 1195 4640 olim
1239 4586 1574 4656 presbyteri,
1617 4594 1675 4641 ut
1717 4584 1967 4654 colligere
1995 4584 2119 4638 licet
2155 4598 2218 4656 ex
2256 4585 2585 4656 Burchardo,
2617 4583 2709 4639 lib.
2746 4600 2873 4650 xu,
2918 4599 3039 4653 cap.
3080 4586 3132 4637 8.
3170 4584 3327 4638 Nunc
3355 4602 3494 4656 ergo,
3531 4602 3559 4638 θ
3590 4588 3804 4656 fratres,

526 4664 617 4732 qui
644 4660 857 4715 voluerit
882 4658 1163 4732 sa_cerdotis
1190 4654 1370 4732 namen
1401 4654 1605 4732 habere,
1635 4657 1693 4732 in
1709 4657 1888 4732 primis
1917 4664 2124 4725 propter
2152 4654 2532 4732 Deuntcogitet
2562 4664 2615 4709 ut
2644 4656 2820 4732 discat
2834 4673 2897 4710 ea
2918 4671 3034 4732 qua:
3058 4656 3343 4709 necessaria
3367 4654 3603 4732 sunt"...
3634 4658 3807 4732 idest

529 4726 879 4795 Psalterium,
922 4728 1297 4782 Lectiouarium
1328 4744 1438 4781 cum
1466 4727 1785 4797 Evangeliis,
1815 4728 2268 4781 Sacramentorunt
2299 4728 2517 4789 librum,
2550 4736 2645 4781 etc.
2666 4726 2777 4783 Nec
2806 4728 3076 4781 immerito
3102 4740 3254 4797 sane,
3284 4740 3405 4782 cum
3436 4727 3538 4782 hoc
3561 4742 3629 4783 ex
3661 4728 3805 4785 libro

529 4813 642 4859 tota
681 4803 793 4860 fere
822 4801 1139 4857 Christiana:
1185 4799 1462 4867 religionis
1493 4796 1634 4853 ratio
1660 4807 1953 4867 repetatur.
1985 4799 2118 4853 Hinc
2162 4800 2252 4868 qui
2299 4815 2395 4870 pro
2443 4798 2549 4853 ﬁde
2591 4808 2776 4854 contra
2820 4799 3102 4853 haereticos
3141 4796 3270 4870 olim
3317 4800 3688 4870 decertatum,
3732 4817 3806 4858 ex

529 4875 861 4932 solemnibus
891 4870 1232 4943 precibuseo
1261 4870 1312 4943 iu
1340 4870 1535 4925 Codice
1571 4870 1838 4943 contentis
1876 4878 2189 4943 argumenta
2211 4868 2633 4943 Adepronipsere,
2665 4879 2791 4939 puta
2812 4870 2874 4943 in
2914 4868 3299 4943 controversiis
3328 4869 3395 4925 de
3426 4870 3806 4929 incarnatione

530 4958 719 5013 contra
748 4939 1093 5013 Elipa'ndum,
1125 4941 1192 4997 de
1218 4942 1366 5013 cultu
1392 4955 1583 5013 acgusu
1618 4941 1941 5013 imaginum,
1984 4942 2051 4995 de
2094 4939 2313 4997 Christi
2342 4956 2570 5013 corpore
2607 4942 2661 4996 in
2694 4939 3054 4995 Eucharistia.
3088 4940 3217 4995 Vide
3244 4940 3479 4996 Menardi
3512 4951 3664 4998 notas
3691 4942 3806 5002 251»

527 5029 580 5072 ct
605 5007 734 5073 257.
771 5007 893 5071 llam
922 5011 1362 5069 Posteommunio
1396 5030 1409 5066 :
1454 5007 1813 5075 Per/iciant'in
1845 5014 2009 5077 nobis,
2042 5028 2361 5083 quaesumus,
2396 5007 2636 5079 Domine,
2671 5023 2760 5066 tua
2800 5020 3123 5068 sacramenta
3162 5014 3300 5081 quod
3342 5014 3630 5078 continent,
3673 5023 3803 5083 etc.,

528 5099 586 5142 ut
614 5090 667 5144 in
694 5089 931 5144 Sabbato
961 5095 1185 5155 quatuor
1213 5094 1513 5155 temporum
1546 5083 1909 5152 Septembris,
1941 5085 2192 5139 laudatur
2218 5099 2247 5139 a
2276 5083 2556 5151 Gratiano,
2591 5084 2659 5139 de
2688 5085 3025 5149 Consecrat.,
3064 5083 3191 5155 dist.
3221 5084 3276 5155 2,
3306 5098 3354 5138 c.
3389 5083 3476 5151 54,
3511 5097 3563 5139 et
3592 5100 3623 5139 a
3653 5084 3806 5140 Lan-

528 5158 738 5224 franeo,
769 5152 1117 5219 Guitmtindo,
1146 5166 1201 5211 et
1230 5152 1351 5209 aliis
1382 5154 1540 5211 realis
1573 5155 1870 5224 praesentia:
1898 5164 1991 5210 aut
2020 5156 2516 5226 impugnatoribus,
2565 5162 2659 5210 aut
2694 5154 3091 5211 defensoribus.
3125 5152 3280 5226 Unde
3326 5169 3458 5226 vero
3501 5159 3808 5224 praesertim

531 5230 862 5300 Augustinus
892 5237 1076 5284 contra
1101 5226 1418 5300 Pelagianos
1435 5226 1637 5300 divina:
1665 5228 1853 5297 gratia:
1881 5225 2254 5285 necessitatem
2292 5236 2493 5295 tuetur,
2527 5226 2631 5283 nisi
2670 5241 2741 5282 ex
2770 5228 3113 5283 Orationibus
3139 5225 3332 5296 quibus
3361 5225 3606 5297 ejusdem
3635 5230 3799 5284 auxi-

527 5298 658 5356 lium
691 5301 928 5358 Ecclesia
959 5312 1169 5368 semper
1199 5298 1353 5354 nobis
1382 5298 1572 5354 adesse
1599 5300 1872 5368 postulat?

570 5396 579 5444 ;
602 5372 674 5428 Ut
699 5382 875 5428 autem
900 5370 1090 5426 merito
1115 5371 1236 5439 jure
1257 5370 1501 5444 ordinem
1532 5372 1800 5444 ritumque
1830 5370 2129 5428 Romanum
2158 5386 2313 5444 quem
2339 5372 2424 5426 hic
2447 5371 2582 5444 liber
2604 5370 3072 5444 sacramentorum
3099 5368 3321 5439 exponit
3342 5368 3546 5444 ubique
3579 5371 3803 5428 tandem

532 5443 832 5499 obtinuisse
858 5445 1281 5509 demonstretur,
1307 5443 1438 5497 satis
1468 5452 1552 5498 est
1574 5442 1723 5498 illum
1753 5444 2006 5501 conferre
2035 5459 2155 5500 cum
2176 5440 2481 5499 Missalibus
2511 5441 2760 5510 Gothico,
2791 5442 3073 5511 Francico,
3103 5449 3159 5496 et
3186 5440 3355 5497 veteri
3383 5441 3656 5497 Gallicana
3678 5454 3805 5512 qua:

528 5515 698 5570 edidit
743 5514 1105 5581 Mabillonius,
1143 5514 1236 5570 lib.
1293 5530 1349 5568 Ill
1384 5515 1450 5569 de
1484 5514 1720 5585 Liturgia
1745 5514 2041 5583 Gallicana,
2073 5526 2266 5571 etcum
2293 5514 2726 5570 Sacramentario
2754 5513 3030 5569 Gallicano
3056 5512 3295 5583 ejusdem
3323 5512 3609 5568 Mabillonii
3636 5528 3805 5582 opera

527 5584 675 5640 edito
716 5587 885 5644 Musei
929 5586 1094 5642 Italici
1140 5596 1286 5641 tomo
1313 5586 1512 5657 primo,
1543 5602 1580 5641 ιι
1614 5584 1785 5655 parte.
1820 5586 1876 5641 ln
1908 5589 1990 5643 bis
2038 5591 2179 5642 enim
2203 5588 2479 5644 sementim
2503 5587 2748 5641 obscurae
2773 5594 2827 5640 et
2855 5586 3097 5653 abiectae,
3127 5599 3305 5642 sermo
3335 5585 3615 5652 barbarus,
3639 5586 3807 5657 verba

525 5659 952 5725 corruptissima,
989 5658 1129 5713 Deus
1153 5658 1289 5730 bone
1306 5656 1502 5728 i’quam
1530 5660 1685 5726 longe
1709 5660 1902 5712 absunt
1924 5674 1953 5713 a
1982 5660 2243 5730 gravitate
2281 5668 2335 5713 et
2373 5658 2652 5726 majestate
2684 5657 2803 5730 libri
2825 5658 3292 5730 Sacramentorum
3325 5657 3587 5730 Gregorio
3612 5656 3806 5730 ascri-

524 5730 621 5795 pti.
658 5730 725 5783 Et
756 5732 870 5786 haec
896 5730 964 5786 de
992 5731 1107 5800 ipso
1130 5729 1429 5795 sulliciant;
1461 5745 1602 5784 nunc
1627 5745 1753 5784 vero
1781 5730 1848 5785 de
1874 5728 2014 5786 notis
2040 5740 2095 5787 et
2124 5730 2591 5787 observationibus
2620 5730 2675 5785 iu
2706 5729 2881 5800 ipsum
2901 5743 2934 5786 a
2961 5728 3214 5786 Menardo
3240 5729 3556 5796 lucubratis,
3610 5729 3805 5799 hit-quc

521 5807 713 5855 iterum
745 5802 903 5857 editis
933 5801 1167 5856 breviter
1195 5801 1361 5855 lector
1389 5801 1817 5870 praunonendus.

598 5872 681 5929 Vl.
728 5872 781 5930 lu
810 5874 873 5930 iis
910 5872 1088 5929 laudat
1130 5884 1274 5943 saepe
1308 5872 1390 5928 vir
1438 5873 1679 5930 eruditus
1727 5872 1983 5942 quasdam
2040 5874 2210 5931 sancti
2250 5871 2439 5944 lgnatii
2477 5876 2730 5948 martyris
2778 5878 3052 5951 epistolas,
3097 5892 3219 5950 quas
3266 5888 3410 5934 nunc
3456 5880 3555 5948 pro
3601 5874 3804 5949 spuriis
