4064 6350
430 338 531 403 Ὶὸ
1355 324 1728 394 ΡΒΛΕΕΑΤΙΟ
1766 324 1832 393 ΙΝ
1870 329 2035 391 LlBP.‘

2111 328 2128 389 ἰ
2166 320 2793 389 SACRAMENTORUM.
3653 330 3716 395 lli

458 448 837 518 demonstravit,
879 462 933 508 tu
966 451 1144 524 quanti
1183 467 1291 505 rem
1333 452 1560 505 eamdem
1602 452 1906 524 wslintarfs,
1940 445 2409 524 et_propriis_oli_m
2447 445 2937 524 inqenii,_doctrinaa
2961 451 3010 498 et
3051 443 3529 524 zeli__montt_mentis
3567 453 3717 524 editis

456 532 688 587 εειηειξιεν
708 516 950 600 probasti.
971 516 1040 600 :Si
1062 535 1252 595 partem
1279 522 1775 600 s_ua2_magnitud_inis
1805 519 2086 600 Gregorius
2124 517 2310 600 invenit
2446 518 2591 600 cultu.
2625 519 2793 600 divino
2820 526 2867 570 et
2893 518 3206 600 omrentoniis
3228 516 3575 600 Citristiauant
3597 522 3721 600 reli-

458 605 657 674 gionem
679 588 1074 663 illustrantibus,
1098 612 1222 666 quas
1256 588 1518 674 dignitate
1533 595 1729 655 extulit,
1762 588 2101 674 concinnitute
2122 588 2396 670 decuravit,
2429 590 2689 674 sanctione
2717 588 2963 674 firmavit,
2995 596 3049 639 tu
3075 604 3137 641 ea:
3162 590 3339 674 eodlem
3368 592 3548 674 divino
3571 596 3719 674 cultu

457 660 557 725 non
585 673 846 724 minimam
870 660 1070 736 partem
1085 660 1371 733 splendoris
1392 666 1457 718 ad
1482 678 1757 737 purpuram
1779 671 1919 714 tuam
1945 660 2249 737 adiunxisti,
2290 675 2426 737 cum
2445 668 2491 712 et
2518 661 2685 737 hostes
2712 660 2851 737 illius
2883 675 2983 737 non
3005 674 3115 737 uno
3144 660 3298 713 modo
3330 666 3638 737 repressisti,
3671 677 3719 721 et

455 742 749 797 [iterare/ias
777 730 1011 793 doc-trina
1028 748 1075 792 et
1107 730 1290 805 pietate
1321 730 1763 805 priestantissimos
1792 742 1877 786 tuo
1894 730 2115 805 consilio
2144 731 2196 782 in
2233 730 2719 805 administrationem
2745 732 2819 784 rei
2839 731 3191 805 ecclesiastica:
3231 734 3546 805 promovisti,
3589 730 3636 790 et
3663 738 3717 792 in

455 813 580 881 ipsis
607 814 909 879 templorum
930 802 1299 881 operosissimis
1322 802 1794 881 angustissimisque
1822 803 2054 881 (adiﬁciis
2092 802 2387 881 memoriam
2420 810 2561 881 tuam
2584 802 2651 881 ad
2679 803 3010 881 (eternitatem
3040 804 3436 881 commendasti.
3478 805 3716 877 Denique

455 872 498 936 si
528 900 605 935 me
624 872 907 936 ascetarum
929 872 1160 933 ultimum
1188 878 1265 931 vel
1286 872 1543 948 paulisper
1570 877 1793 935 attendo,
1827 875 2060 948 cum__sim
2081 873 2190 941 ejus
2221 872 2621 948 congregationis
2651 874 2890 926 alumnus
2919 888 3034 948 qua:
3063 882 3111 927 te
3139 890 3287 926 suum
3319 872 3715 948 instauratorem

455 954 703 1022 agnoscit,
726 951 940 1022 qutesub
966 951 1206 1019 auspiciis
1232 942 1334 1022 tuis
1364 942 1622 1022 nunquam
1645 962 1745 1022 non
1769 944 2001 1022 secundis
2031 960 2160 1022 nova
2188 942 2415 1022 quotidie
2451 943 2759 1022 incremenlu
2778 1013 2787 1022 .
2798 945 3032 1022 suscipit,
3075 960 3136 996 ac
3177 954 3364 1022 statum
3391 947 3486 1022 sub
3513 958 3595 1001 tua
3621 967 3717 1001 au-

454 1013 700 1077 cloritatc'
721 1013 965 1076 Iiactenus
997 1013 1160 1074 tutum
1192 1019 1426 1083 obtinuit,
1460 1013 1521 1071 ea:
1548 1027 1633 1069 tua
1662 1015 2004 1069 benevolentia
2030 1016 2299 1087 florentem,
2326 1013 2488 1078 habet,
2522 1027 2587 1070 ea:
2610 1020 2699 1087 tua
2718 1013 2961 1087 felicitate
2984 1017 3351 1085 propemodum
3384 1019 3581 1071 beatum
3605 1036 3716 1087 spe-

456 1103 558 1146 rat.
593 1093 687 1146 Cui
720 1094 939 1146 laborem
979 1095 1110 1145 hunc
1150 1092 1549 1161 qualemcunque
1586 1103 1751 1161 meum
1793 1088 2019 1161 deferam
2058 1084 2243 1161 potiori
2273 1086 2397 1161 jure
2434 1085 2735 1161 quamtibi,
2791 1084 3512 1161 cardinalis'_eminentissinte,
3537 1084 3715 1160 quiad

456 1174 660 1218 creteras
683 1173 794 1217 tuas
816 1165 992 1217 laudes
1017 1153 1381 1230 istud'adjicis.
1415 1153 1474 1211 ut
1493 1158 1918 1223 quemadmodum
1940 1153 2188 1227 Gregorio
2215 1153 2527 1230 ltuicnostro
2559 1154 2688 1209 nihil
2723 1172 2958 1230 parvum,
2989 1156 3117 1230 nihil
3145 1158 3409 1228 indignum
3440 1153 3715 1230 suis'infu-

456 1234 519 1285 lis
542 1236 819 1296 videbatur,
844 1238 979 1303 quod
1007 1226 1309 1286 Christiana:
1331 1231 1505 1303 pietati
1537 1230 1925 1303 accederet,_ita
1956 1226 2114 1296 neque
2144 1236 2228 1303 tua
2258 1226 2535 1303 eminentia
2560 1244 2617 1280 ea
2637 1242 2750 1295 qua:
2770 1226 2843 1280 vel
2874 1228 3086 1303 minima
3108 1226 3298 1282 censeri
3322 1240 3557 1303 possunt,
3585 1226 3713 1284 side

455 1305 661 1375 pietatis
700 1297 1278 1375 fonte'proﬁciscuntur,
1310 1297 1524 1375 respuis.
1558 1302 1727 1375 Quare
1754 1298 1919 1375 et__ltoc
1960 1314 2143 1351 munus
2184 1298 2317 1348 inter
2359 1297 2626 1375 iri-numera
2670 1312 2783 1375 qua:
2821 1298 2888 1375 ad
2934 1315 3217 1375 purpuram
3248 1297 3385 1352 tuom
3414 1297 3715 1375 deferuntur

457 1366 723 1429 benevolus
753 1366 1209 1444 accipeftanquam
1231 1366 1515 1443 symbolum
1541 1369 1910 1440 magnitudinis
1933 1378 2030 1423 tute
2059 1384 2122 1422 ea:
2142 1378 2351 1444 auctore
2392 1366 2606 1444 Magno,
2645 1368 2741 1444 zeli
2771 1371 2855 1444 tui
2898 1366 2960 1444 e3:
3003 1366 3216 1444 "tulerit;
3243 1387 3357 1444 sua,
3386 1366 3714 1444 gratitu_dinis

455 1457 573 1517 vero
603 1438 1005 1517 congregationis
1025 1438 1365 1500 Benedictina:
1397 1459 1459 1497 ea:
1478 1438 1872 1496 commentatore
1906 1456 2022 1506 suo,
2065 1438 2347 1494 eminentia:
2383 1438 2507 1507 tute,
2544 1438 2865 1493 devotissimo
2906 1439 2996 1496 Fr.
3031 1440 3250 1496 HUGONE
3278 1438 3526 1511 Mariano,
3552 1440 3717 1497 Bene-

456 1514 672 1571 dictino.

464 1682 3715 1716 ———I-———-—-I—-III—-II———-I—I-—-——-I‘-'-—'—III-—-———————-——-————-———-——_—~

447 1908 475 1919 η
1042 1819 1159 1901 1).
1235 1814 1782 1904 HUGONIS
1856 1816 2052 1901 ME]

1546 1814 1782 1904 )NIS
1856 1810 2416 1901 MENARDI
2485 1814 3151 1904 PRZEFATIO.

450 1954 461 1983 ‘
1149 1990 1163 1996 -
1477 1976 1586 2038 Αι)
1628 1974 1933 2040 LIBRUM
1977 1974 2715 2039 SACRAMENTORUM.

524 2123 721 2197 Pignus
748 2129 962 2178 aeternae
992 2123 1201 2197 salutis,
1220 2129 1280 2197 et
1302 2122 1509 2197 amoris
1536 2121 1913 2197 suiperpetui,
1956 2120 2188 2197 candide
2213 2120 2413 2197 lector,
2458 2135 2655 2189 corpus
2695 2126 2750 2176 et
2775 2118 3089 2197 sanguinem
3117 2130 3272 2197 suum
3316 2117 3559 2197 Christus
3604 2123 3715 2197 jam

451 2193 569 2267 jam
587 2190 1031 2267 inoriturussua:
1063 2194 1283 2267 trad_idit_
1301 2194 1576 2267 Ecclesiae.
1611 2190 1682 2247 se
1706 2190 1875 2267 totum
1898 2192 2037 2267 quod
2067 2202 2181 2267 erat
2208 2193 2378 2267 dedit,
2407 2199 2466 2267 ut
2493 2208 2617 2247 cum
2649 2190 3034 2267 toto_sangui_ne
3059 2197 3225 2245 totum
3255 2190 3310 2267 in
3349 2190 3716 2267 nosefl'unde-

449 2260 537 2322 iet
569 2270 829 2321 amorem.
862 2263 972 2318 Nec
1000 2267 1132 2318 satis
1162 2264 1309 2317 duxit
1346 2278 1404 2319 se
1427 2266 1480 2318 in
1512 2274 1712 2319 nostra:
1750 2263 2137 2330 redemptionis
2167 2266 2399 2331 pretium
2430 2264 2481 2318 in
2513 2278 2606 2317 ara
2627 2261 2801 2316 crucis
2830 2260 2971 2315 Patri
3002 2276 3099 2316 suo
3122 2263 3471 2331 omnipotenti
3501 2265 3717 2331 offerre,

453 2338 561 2391 nisi
591 2354 650 2391 se
672 2335 912 2405 quotidie
939 2334 1056 2402 ipse
1104 2335 1642 2407 sacerdos‘etqhostiai
1672 2349 1766 2407 per
1796 2334 2135 2407 sacerdotum
2160 2334 2771 2407 ministeriumroll'erret,
2800 2347 2905 2407 non
2934 2332 3223 2407 quidemin
3253 2347 3359 2385 uno
3384 2341 3537 2387 terra:
3562 2349 3720 2407 angu-

445 2407 521 2472 lo,
548 2408 643 2463 sed
666 2402 718 2461 in
752 2408 1000 2460 universo
1023 2415 1178 2459 terrae
1207 2406 1409 2459 ambitu
1439 2405 1587 2473 juxta
1618 2403 1785 2459 Joelis
1817 2403 2187 2472 prophetiam,
2232 2407 2384 2475 cujus
2414 2406 2613 2460 veritas
2640 2410 2695 2458 et
2729 2402 2994 2475 certitudo
3022 2402 3331 2475 quotidiana
3372 2413 3514 2471 patet
3565 2402 3722 2474 expe-

447 2479 663 2533 rientia.
690 2478 961 2545 Siquidem
991 2491 1058 2530 ex
1087 2492 1191 2545 quo
1221 2477 1550 2531 sacrificium
1581 2476 1720 2531 istud
1759 2475 2061 2547 institutum
2094 2484 2201 2542 est,
2234 2473 2330 2547 per
2363 2475 2892 2547 universum_orbem
2925 2474 3041 2528 haec
3068 2473 3238 2525 hostia
3266 2487 3532 2547 nunquam
3557 2477 3722 2547 desti-

445 2547 511 2602 tit
542 2543 840 2615 immolari;
868 2555 923 2602 et
966 2543 1211 2614 quamvis
1251 2547 1463 2601 diverso
1505 2547 1630 2613 ritu,
1661 2560 1747 2601 res
1777 2554 1953 2600 tamen
1981 2545 2095 2613 ipsa
2119 2562 2181 2601 ac
2202 2543 2401 2603 veritas
2445 2561 2661 2615 semper
2686 2545 3002 2599 inconcussa
3030 2545 3345 2615 permansit.
3390 2543 3614 2600 Difﬁcile
3638 2556 3722 2602 est

447 2619 593 2674 enim
622 2613 926 2672 universum
951 2613 1137 2672 orbem
1169 2617 1225 2671 in
1248 2617 1469 2671 eosdem
1501 2617 1633 2672 ritus
1662 2627 1715 2671 et
1740 2617 2089 2672 caeremonias
2116 2620 2444 2686 conSpirare,
2473 2613 2716 2687 quamvis
2745 2617 2857 2683 ipsa
2904 2615 3037 2687 fides
3058 2613 3255 2668 rituum
3298 2614 3605 2687 diversitate
3645 2618 3722 2671 la-

444 2688 708 2745 befactari
735 2703 838 2743 non
868 2688 1051 2757 possit.
1083 2687 1208 2742 Haec
1238 2697 1415 2742 tamen
1449 2687 1736 2742 diversitas
1762 2687 1945 2745 multis
1976 2697 2123 2742 retro
2149 2691 2380 2755 saeculis,
2415 2686 2597 2743 multis
2620 2689 2674 2742 in
2706 2686 3013 2754 regionibus
3042 2700 3104 2740 ac
3127 2687 3427 2757 praesertim
3457 2686 3716 2752 occiduis,

485 2771 566 2814 ure
587 2761 699 2830 jam
731 2755 935 2829 pridem
967 2758 1267 2830 Romanum
1298 2757 1631 2830 celebrandae
1680 2759 1853 2813 Μίδεω
1872 2758 2120 2830 ordinem
2149 2759 2475 2828 amplexata;
2497 2768 2643 2822 sunt,
2667 2756 3179 2830 videturabrogata.
3208 2755 3427 2830 ld_olim
3470 2757 3641 2812 fuerat
3664 2759 3721 2830 in

485 2773 566 2814 uae
587 2775 699 2830 jam
731 2773 935 2829 pridem
967 2773 1267 2812 nomanum
1298 2773 1631 2813 celebrandae
1680 2773 1853 2813 MISSLB
1877 2773 2119 2813 ordinem
2149 2773 2475 2828 amplexatae
2497 2773 2643 2822 sunt,
2667 2773 2880 2812 videtur
2908 2773 3179 2827 abrogata.
3208 2773 3262 2809 ια
3301 2773 3427 2810 onm
3470 2773 3641 2812 ruerat
3664 2775 3721 2812 in

444 2773 702 2898 glispania
735 2837 1019 2885 tentatum.
1064 2828 1195 2882 Nam
1218 2827 1540 2882 Profuturus
1571 2828 1920 2898 Bracarensis
1942 2828 2184 2893 pontifex
2214 2832 2478 2884 rationem
2507 2827 2847 2884 celebranda:
2875 2827 3050 2883 Missae
3078 2828 3231 2897 juxta
3258 2826 3552 2882 Romanum
3580 2828 3723 2883 ordi-

441 2896 567 2954 ηειιὶ
598 2915 629 2952 a
659 2901 785 2953 sede
814 2899 1108 2967 apostolica
1129 2906 1471 2967 susceperat,
1495 2904 1552 2967 et
1577 2897 1677 2949 sub
1713 2896 1961 2949 Lucretio
1986 2900 2123 2967 ejus,
2144 2910 2459 2952 successore
2486 2901 2541 2950 in
2568 2900 2797 2967 concilio
2825 2896 3138 2953 Bracarensi
3186 2898 3380 2966 primo,
3413 2899 3550 2967 quod
3580 2914 3721 2954 anno

446 2968 647 3023 Christi
678 2967 775 3023 561
806 2963 965 3033 juxta
995 2964 1256 3032 Garsiam,
1292 2963 1379 3021 vel
1409 2963 1514 3020 565
1536 2965 1684 3033 juxta
1712 2963 2027 3031 Baronium,
2048 2965 2287 3022 habitum
2316 2978 2418 3033 est,
2447 2981 2570 3022 can.
2600 2966 2692 3032 2'2,
2726 2968 3000 3023 decretum
3032 2963 3241 3022 fuerat:
3286 2967 3355 3021 Ut
3379 2963 3553 3021 eodem
3576 2971 3721 3024 ordi-

442 3055 508 3093 ne
538 3038 717 3093 Missa:
738 3036 1071 3109 celebrentur,
1092 3036 1425 3109 Profuturus,
1456 3037 1719 3108 quondam
1740 3038 1892 3107 hujus
1913 3039 2321 3109 metropolitano:
2341 3038 2588 3094 Ecclesia:
2609 3039 2899 3109 episcopus,
2926 3038 2989 3090 ab
3019 3040 3132 3107 ipsa
3160 3038 3450 3109 apostolica:
3476 3042 3608 3094 sedis
3630 3056 3723 3094 au-

449 3111 687 3163 ctoritate
730 3108 975 3177 scriptum
1014 3108 1256 3177 suscepit.
1281 3106 1542 3162 Nimirum
1574 3122 1668 3176 per
1717 3106 1880 3161 totam
1914 3106 2209 3174 Gallic’iam,
2236 3110 2388 3175 cujus
2423 3106 2710 3176 provinciae
2759 3108 2861 3163 hoc
2903 3116 3010 3162 erat
3040 3106 3334 3163 concilium
3365 3112 3489 3163 :cui
3540 3120 3720 3168 tamen

444 3190 637 3249 postea
653 3176 1021 3249 constitutioni
1051 3193 1145 3249 per
1166 3179 1376 3249 Missam
1394 3177 1735 3233 Mozarabum
1756 3176 2069 3245 derogatum
2091 3188 2193 3241 est,
2218 3195 2338 3249 qua:
2359 3180 2458 3235 fuit
2485 3182 2537 3234 in
2558 3194 2657 3234 usu
2680 3193 2772 3247 per
2790 3186 2954 3232 totam
2981 3177 3289 3249 HiSpaniam
3312 3181 3556 3247 usquead
3587 3191 3723 3237 tem-

519 3264 578 3305 ra
608 3247 847 3319 Gregorii
879 3248 973 3303 VII
1004 3246 1270 3320 pontificis
1301 3249 1538 3320 maximi,
1571 3249 1661 3319 qui
1691 3264 1810 3303 eam
1841 3250 2140 3319 abrogavit,
2166 3246 2431 3320 jussitque
2460 3252 2724 3319 Hispanos
2747 3249 2991 3320 ordinem
3034 3248 3185 3317 sequi
3216 3246 3403 3320 Missae
3429 3249 3720 3320 Romanae;

495 3320 619 3375 allia
649 3318 775 3375 vero
796 3333 951 3373 suum
974 3318 1100 3373 olim
1132 3319 1318 3374 habuit
1361 3318 1538 3374 Missae
1588 3318 1927 3375 Celebrandae
1952 3323 2133 3385 ritum,
2158 3318 2447 3376 donec'illo
2495 3318 2669 3387 Pipini
2713 3319 2854 3389 regis
2883 3318 3157 3385 diligentia
3204 3318 3506 3387 antiquato,
3542 3318 3719 3377 Missae

442 3389 706 3446 Romana:
737 3390 973 3460 suscepit
994 3390 1262 3453 ordinem,
1298 3399 1356 3445 ut
1381 3391 1583 3445 clarum
1607 3400 1775 3446 estex
1806 3390 2030 3457 epistola
2062 3390 2409 3446 CaroliCalvi
2437 3391 2777 3460 imperatoris
2805 3389 2870 3443 ad
2889 3390 3090 3460 clerum
3124 3390 3493 3445 Ravennatem
3533 3408 3546 3445 :
3578 3391 3718 3448 Nam

443 3471 493 3515 et
523 3478 679 3528 usque
708 3462 775 3515 ad
807 3458 1035 3531 tempora
1059 3461 1209 3515 abavi
1236 3462 1399 3515 nostri
1430 3461 1626 3531 Pipini,
1654 3460 1935 3515 Gallicana:
1958 3460 2205 3531 Ecclesia:
2235 3464 2385 3518 aliter
2415 3458 2568 3531 quam
2591 3462 2825 3514 Romana
2856 3469 2903 3515 et
2934 3458 2992 3513 Μ
2996 3460 3345 3531 ediolanensis
3376 3460 3608 3515 Ecclesia
3630 3478 3721 3516 ce-

444 3532 733 3587 lebrabant.
764 3530 915 3599 Quod
944 3532 1104 3586 etiam
1148 3540 1333 3601 postea
1362 3530 1578 3587 cautUm
1604 3541 1686 3587 est
1719 3533 1815 3587 lib.
1842 3547 1873 3585 v
1896 3532 2126 3598 Capitul.
2154 3530 2331 3587 Caroli
2364 3530 2705 3587 et’Ludovici
2738 3532 2929 3600 intpp.,
2956 3546 3077 3602 cap.
3110 3530 3213 3585 219
3247 3546 3262 3584 :
3293 3530 3722 3602 Utunusquisque

442 3603 708 3674 presbyter
734 3602 950 3657 Missam
974 3603 1149 3655 ordine
1177 3602 1414 3674 Romano
1430 3620 1546 3657 cum
1571 3605 1824 3657 sandaliis
1851 3604 2086 3657 celebret.
2119 3602 2523 3673 Conlirmatque
2548 3603 2776 3659 Carolus
2804 3603 3000 3657 Calvus
3022 3644 3038 3669 ,
3070 3603 3417 3674 epist.rcitata
3451 3621 3465 3658 :
3492 3604 3579 3657 sed
3625 3620 3718 3657 nos

442 3672 752 3743 sequendam
782 3674 1014 3727 ducimus
1047 3674 1336 3727 Romanam
1366 3672 1654 3729 Ecclesiam
1676 3677 1732 3729 in
1759 3674 2043 3729 Missurum
2070 3672 2531 3730 celebrationeIEt
2561 3677 2753 3730 merito
2778 3674 3015 3743 quidem,
3051 3684 3133 3728 est
3172 3673 3315 3727 enim
3341 3674 3579 3728 Ecclesia
3609 3674 3717 3729 Ro-

442 3742 603 3799 mana
632 3744 855 3799 aliarum
886 3754 1080 3807 mater,
1114 3760 1272 3814 quam
1303 3760 1491 3800 omnes
1513 3745 1632 3800 alim
1665 3745 1862 3800 imitari
1893 3744 2094 3800 debent
2115 3746 2270 3815 eique
2291 3748 2503 3816 subjici.
2533 3746 2893 3814 Quamobrem
2915 3759 3035 3797 cum
3062 3744 3238 3797 Missae
3261 3742 3515 3798 Romanae
3549 3744 3717 3811 digni-

444 3823 607 3886 tatem
640 3816 894 3869 attentius
931 3824 1252 3883 spectarem,
1285 3816 1337 3869 in
1378 3826 1614 3871 mentem
1642 3816 1805 3872 subiit
1840 3831 1957 3871 eam
1988 3833 2083 3885 pro
2112 3818 2253 3872 virili
2293 3826 2449 3886 parte
2478 3818 2784 3886 illustrare,
2810 3816 3046 3886 magrime
3064 3827 3192 3866 vero
3234 3816 3518 3886 occasione
3556 3824 3714 3872 nacta

442 3885 632 3948 optimi
660 3894 820 3956 atque
850 3881 1197 3940 vetustissimi
1221 3886 1346 3940 libri
1378 3887 1852 3942 Sacramentorum
1880 3881 2051 3941 sancti
2088 3881 2329 3956 Gregorii
2359 3902 2530 3956 papae,
2557 3888 2645 3952 qui
2680 3885 2840 3956 vulgo
2867 3881 3282 3956 Missalesancti
3311 3884 3482 3956 Eligit
3509 3901 3717 3940 nuncu-

438 3964 597 4023 patur
619 3972 634 4020 ;
658 3953 879 4025 insuper
901 3956 969 4009 ad
997 3956 1048 4009 id
1079 3957 1339 4024 impulsus
1368 3958 1524 4010 amici
1555 3958 1835 4025 cujusdam
1862 3958 2130 4024 precibus,
2154 3953 2243 4025 qui
2266 3953 2574 4010 meobnixe
2594 3953 2803 4023 rogavit
2832 3962 2889 4006 ut
2932 3954 3071 4005 hunc
3094 3953 3286 4025 librum
3309 3954 3363 4008 in
3393 3955 3563 4010 lucem
3587 3958 3716 4011 ede-

441 4038 584 4095 rem,
616 4039 717 4079 nec
746 4023 949 4079 tantum
994 4023 1303 4081 thesaurum
1334 4042 1454 4081 cum
1484 4023 1803 4082 Christianae
1831 4023 2105 4095 religionis
2136 4023 2421 4095 dispendio
2448 4026 2651 4079 diutius
2678 4026 2845 4079 latere
2868 4025 3121 4077 sinerem.
3152 4023 3251 4077 Hic
3274 4025 3431 4094 igitur
3461 4027 3595 4081 liber
3623 4038 3708 4083 est

438 4093 784 4165 bibliothecae
814 4097 1129 4151 monasterii
1158 4098 1330 4151 sancti
1351 4098 1497 4151 Petri
1529 4096 1596 4151 de
1622 4098 1847 4152 Corbeia
1887 4093 2524 4165 in'extrema'Picardia,
2548 4111 2707 4165 quem
2751 4094 2911 4162 vulgo
2953 4095 3128 4148 ferunt
3177 4093 3342 4150 fuisse
3372 4097 3499 4151 olim
3546 4100 3714 4153 sancti

440 4164 600 4237 Eligii
623 4165 998 4220 Noviomensis
1025 4167 1264 4237 episcopi
1288 4167 1517 4224 Missale.
1543 4168 1675 4223 Nam
1698 4169 1750 4222 in
1775 4166 1937 4221 dorso
1960 4166 2200 4237 ejusdem
2220 4164 2431 4221 Codicis
2453 4164 2715 4232 scriptum
2737 4165 2963 4237 habetur
2980 4166 3032 4219 in
3062 4166 3203 4220 hunc
3229 4166 3445 4222 modum
3466 4185 3479 4222 :
3505 4167 3554 4219 Μ
3564 4170 3715 4222 issale

440 4234 507 4290 S.
538 4235 717 4305 Eligii.
743 4237 848 4291 Sed
876 4236 1013 4292 illius
1038 4234 1393 4306 fuisse—pauca
1419 4239 1662 4307 quaidam
1685 4252 1803 4307 qua:
1830 4239 1879 4291 in
1909 4238 2102 4293 eodem
2146 4236 2345 4292 Codice
2389 4240 2752 4305 reperiuntur,
2804 4236 3099 4291 reclamare
3150 4238 3417 4305 videntur,
3473 4248 3528 4293 ut
3580 4240 3715 4295 fesra

435 4310 606 4380 sancti
640 4308 889 4380 Projecti,
917 4318 971 4380 et
998 4312 1170 4362 sancti
1200 4309 1391 4363 Leonis
1419 4306 1483 4374 ll,
1538 4306 1885 4380 quiAaliquot
1937 4309 2098 4363 annis
2139 4318 2261 4377 post
2290 4309 2506 4380 obitum
2521 4308 2700 4380 sancti
2734 4306 2890 4377 Eligii
2928 4307 3245 4380 ﬂoruerunt.
3277 4308 3459 4380 Itaque
3482 4311 3716 4365 arbitror

438 4375 634 4430 librum
665 4378 879 4446 quidem
910 4377 1379 4449 sacramentorum
1410 4375 1579 4433 sancti
1629 4375 1873 4448 Gregorii
1908 4394 2057 4448 papae
2085 4375 2250 4435 [olim
2274 4388 2460 4435 sancto
2492 4379 2665 4449 Eligio
2695 4382 2761 4433 ab
2794 4375 2974 4446 aliquo
3001 4378 3241 4433 Romano
3265 4375 3517 4447 poniifice
3546 4380 3716 4436 fuisse

440 4449 839 4514 transmissum,
874 4448 969 4502 sed
1003 4458 1187 4517 postea
1219 4452 1619 4519 transcriptum,
1653 4450 1811 4518 eique
1859 4451 2087 4518 paucula
2133 4451 2377 4518 quietiam
2433 4448 2612 4504 addita
2666 4450 2847 4513 fuisse,
2890 4458 2945 4503 et
2990 4464 3187 4505 nomen
3230 4452 3402 4505 sancti
3442 4451 3597 4519 Eligii
3645 4455 3715 4507 ob

439 4519 719 4591 exemplar
748 4534 827 4591 ex,
843 4533 948 4587 quo
967 4530 1234 4591 sumptum
1264 4530 1347 4574 est
1371 4520 1661 4577 retinuisse
1685 4538 1705 4591 ;,
1732 4528 1823 4573 aut
1848 4529 1994 4591 certe
2021 4521 2305 4575 dicendum
2330 4530 2413 4575 cst
2441 4521 2562 4575 ideo
2596 4521 2790 4575 librum
2820 4521 2961 4575 hunc
2992 4522 3289 4588 nuncupari
3324 4523 3492 4576 sancti
3528 4523 3710 4591 Eligii,

440 4590 582 4655 quod
612 4589 742 4644 olim
767 4590 835 4644 ad
863 4590 1247 4645 monasterium
1282 4593 1449 4645 sancti
1471 4591 1640 4661 Eligii
1663 4590 1911 4645 Noviomi
1936 4592 2097 4645 situm
2131 4591 2472 4660 pertinuerit,
2503 4592 2643 4661 quod
2675 4600 2851 4645 tamen
2879 4631 2893 4655 ,
2939 4604 3060 4645 cum
3089 4592 3139 4646 id
3168 4591 3381 4661 penitus
3429 4606 3536 4646 non
3579 4589 3711 4647 con-

438 4666 569 4724 stet,
610 4673 854 4715 asserere
879 4676 987 4716 non
1020 4661 1213 4715 ausim.
1251 4660 1519 4731 Quidquid
1553 4664 1641 4726 sit,
1678 4669 1852 4715 tamen
1882 4672 2088 4716 certum
2118 4672 2200 4717 est
2245 4662 2497 4718 Codicem
2528 4677 2631 4717 ms.
2673 4676 2792 4716 esse
2835 4660 3279 4717 vetustissimum.
3328 4662 3474 4717 Illius
3526 4663 3717 4716 chara-

437 4739 612 4803 cteres
638 4732 902 4803 accedunt
923 4732 987 4786 ad
1009 4731 1413 4803 similitudinem
1446 4734 1666 4803 atterius
1695 4732 1816 4785 libri
1845 4746 1947 4803 ms.
2008 4732 2502 4799 Sacramentorum,
2557 4748 2714 4802 quem
2756 4733 3144 4803 olimrscripsit
3186 4733 3401 4801 quidam
3434 4734 3713 4803 presbyter

437 4799 657 4873 nomine
684 4802 986 4869 Rodradus,
1010 4803 1098 4871 qui
1128 4802 1258 4873 vixit
1300 4817 1441 4857 anno
1478 4800 1695 4856 Domini
1738 4802 1867 4867 8525,
1892 4802 1959 4857 de
1978 4818 2084 4872 quo
2109 4804 2278 4869 infra;
2309 4805 2405 4859 sed
2433 4799 2695 4873 apparent
2719 4799 3050 4858 vetustiores
3073 4799 3336 4873 eumipsa
3364 4799 3488 4859 libri
3518 4799 3712 4861 forma.

436 4871 660 4943 accedit
689 4873 755 4927 ad
780 4872 1262 4928 commendandam
1290 4872 1428 4927 illius
1456 4881 1778 4943 vetustatem
1809 4873 1951 4940 quod
1979 4871 2032 4928 in
2064 4889 2129 4928 eo
2152 4875 2407 4943 pauciora
2441 4871 2576 4929 festa
2604 4877 2713 4931 siut
2741 4889 2897 4943 quam
2928 4874 2981 4928 in
3009 4874 3127 4929 aliis
3166 4871 3630 4940 Sacramentariis,
3655 4886 3713 4930 et

432 4941 719 5016 prdinibus
749 4959 879 4999 mss.
911 4959 1031 5013 quae
1056 4954 1182 4997 sunt
1213 4957 1376 5011 penes
1399 4958 1516 5016 nos,
1543 4952 1595 4996 et
1638 4942 1691 4997 in
1714 4944 1926 5016 excusis
1956 4960 2038 5016 ex,
2054 4941 2252 5002 Codice
2286 4945 2542 5001 Vaticani.
2575 4946 2704 4999 Nam
2752 4941 3009 5013 processu
3057 4946 3314 5016 temporis
3354 4946 3488 5000 festa
3535 4953 3590 5000 et
3624 4960 3714 4999 so-

430 5010 737 5086 lemnitates
763 5010 1255 5086 accrevisscnemo
1278 5023 1361 5067 est
1389 5014 1479 5086 qui
1506 5017 1734 5081 ignoret.
1791 5014 1916 5068 Ha'c
1944 5014 2131 5071 eadem
2173 5018 2331 5086 hujus
2380 5017 2591 5072 Codicis
2641 5010 2879 5070 vetustas
2917 5016 3097 5086 colligi
3149 5010 3321 5084 potest
3358 5033 3427 5072 ex
3476 5016 3711 5085 antiquis

430 5083 804 5155 scriptoribus.
839 5086 898 5139 In
930 5085 1031 5140 hoc
1067 5084 1264 5138 Codice
1303 5085 1472 5140 sancti
1515 5086 1672 5154 Eligii
1707 5097 1832 5140 sunt
1879 5086 2117 5155 quinque
2162 5083 2454 5144 Dominith
2483 5086 2779 5153 Adventus,
2810 5096 2863 5142 et
2914 5102 3033 5155 quae
3050 5083 3335 5142 “remotior
3361 5094 3446 5143 est
3473 5103 3505 5143 a
3534 5083 3710 5141 Natali

428 5152 1078 5227 Christidicituriquinta,
1110 5164 1163 5207 et
1192 5170 1311 5222 quae
1342 5155 1480 5209 hanc
1501 5152 1742 5225 sequitur
1770 5152 2067 5225 appellatur
2095 5168 2307 5226 quarta,
2336 5169 2389 5213 et
2406 5162 2484 5214 sic
2505 5152 2777 5227 deinceps.
2807 5160 2877 5212 At
2900 5152 3201 5213 Amalarius
3231 5156 3577 5219 Fortunatus,
3609 5158 3709 5213 lib.

428 5238 487 5298 tit
518 5224 584 5279 de
612 5225 1262 5298 OfficiisEcclesiasticis,
1287 5240 1405 5296 cap.
1430 5227 1522 5296 40,
1556 5235 1781 5298 testatur
1805 5224 1943 5283 hanc
1973 5243 2093 5283 esse
2117 5224 2513 5284 Dominicarum
2544 5224 2819 5284 Adventus
2848 5229 3111 5283 rationem
3169 5230 3220 5281 in
3251 5229 3487 5298 antiquis
3515 5229 3711 5283 Missa-

428 5293 589 5369 libus,
619 5305 678 5350 ut
706 5298 759 5351 in
790 5297 867 5351 eis
896 5297 1153 5369 scriptum
1180 5293 1474 5369 reperiatur
1507 5293 1521 5352 ὲ
1558 5296 1897 5352 Hebdomada
1919 5302 2097 5368 quinta
2128 5311 2245 5354 ante
2272 5299 2515 5354 Natalem
2542 5300 2774 5355 Domini.
2812 5301 2865 5353 In
2911 5300 3098 5355 eodem
3133 5298 3330 5353 Codice
3358 5293 3527 5355 sancti
3554 5300 3711 5369 Eligii

427 5364 811 5440 scriptum‘est,
840 5367 930 5440 qui
959 5378 1123 5419 tecum
1146 5364 1267 5440 vivit
1291 5378 1336 5421 et
1363 5377 1539 5439 regnat
1564 5369 1721 5434 Deus,
1749 5379 1910 5439 atque
1931 5364 2055 5427 'haac
2094 5372 2381 5427 verborum
2427 5373 2596 5427 series
2634 5380 2716 5426 est
2761 5370 3251 5438 antiquissimorum
3293 5364 3709 5440 exemplarium,

430 5445 487 5487 ut
516 5439 675 5492 docet
695 5437 1035 5505 Micrologus,
1065 5451 1184 5504 cap.
1211 5439 1266 5503 6,
1290 5440 1359 5494 de
1387 5437 1853 5495 observationibus
1880 5443 2294 5499 ecclesiasticis:
2328 5443 2611 5498 Sciendum
2643 5452 2717 5495 est
2739 5437 2909 5495 autem
2937 5442 2988 5495 in
3011 5440 3107 5494 illa
3132 5437 3471 5494 usitatissima
3494 5441 3711 5495 conclu-

425 5505 588 5629 sioiqe,
616 5526 706 5577 per
733 5507 1011 5632 Domgium
1040 5516 1293 5631 nqstrum,
1312 5510 1449 5579 quod
1473 5510 1742 5565 Romanus
1767 5509 1908 5566 Ordo
1935 5523 1981 5567 et
2009 5516 2363 5585 antiquissima
2388 5514 2701 5586 exemplaria
2739 5518 3034 5583 exponunt,
3059 5511 3143 5565 tibi
3169 5510 3378 5581 dicitur,
3411 5512 3499 5584 qui
3548 5523 3711 5567 tecum

425 5591 523 5631 vivi
572 5588 620 5632 et
647 5588 827 5632 reanat
908 5593 1016 5632 eus.
1051 5593 1077 5631 ρ
1108 5592 1156 5632 c.

425 5586 543 5631 vivit
572 5588 620 5633 et
647 5588 827 5645 regnat
857 5586 1016 5645 Deus,
1051 5586 1156 5632 etc.

498 5598 543 5631 ἰι
601 5598 620 5631 ι
647 5598 674 5632 τ’
777 5598 827 5632 αι
857 5598 994 5632 usus
1051 5598 1156 5632 ωε.

498 5598 1065 5730 Etesaifgzuidatitliir
1093 5648 1460 5730 doctissimus,
1482 5652 1574 5722 qui
1600 5668 1770 5723 nuper
1792 5654 2104 5713 Vaticanum
2134 5666 2189 5713 et
2218 5659 2542 5714 illustriores
2582 5657 2765 5730 Romae
2798 5654 3145 5730 bibliothecas
3174 5656 3539 5730 perlustravit,
3564 5654 3706 5730 mihi

424 5727 761 5801 testatusest
785 5734 847 5801 se
874 5719 1074 5773 nullum
1103 5720 1180 5776 ibi
1205 5721 1397 5801 librum
1429 5719 1900 5801 Sacramentorum
1930 5730 2100 5801 sancti
2144 5731 2385 5801 Gregorii
2419 5730 2634 5801 vidisse,
2667 5728 2755 5801 qui
2796 5728 2867 5801 de
2895 5719 3206 5797 antiquitate
3251 5744 3368 5801 cum
3404 5727 3505 5781 hoc
3527 5719 3707 5801 sancti

426 5787 584 5859 Eligii
617 5789 819 5845 Missali
866 5800 1075 5848 certare
1105 5791 1293 5864 possit.
1316 5792 1551 5867 Apparet
1576 5798 1738 5854 etiam
1766 5797 1908 5855 hunc
1938 5800 2134 5859 librum
2159 5787 2317 5861 luisvse
2346 5810 2467 5863 ante
2497 5787 2872 5872 Caroli'Magni
2895 5787 3152 5872 scriptum
3175 5799 3481 5871 imperium,
3504 5813 3624 5854 cum
3653 5798 3709 5859 in
