4064 6350
168 1234 191 1265 ι

169 1283 187 1301 1

1793 383 1977 411 ’ωδ-16-

1997 390 2346 423 δρα-ψ’·

220 425 3495 485 ω

683 534 1357 709 SANC'I'I
1429 586 2349 705 annuam:
2434 592 3055 709 unum:

1537 780 1778 835 ROMANI
1814 782 2051 837 PONTIF
2054 784 2173 837 ICIS

575 910 1173 1125 LIBER
1265 920 3126 1123 SACRAMENTORUM.

210 1162 3481 1192 mw

1262 1261 1375 1343 IN
1432 1258 1906 1346 NOMINE
1969 1264 2437 1353 DOMINI.

212 1424 335 1506 (1‘)
371 1426 494 1489 Hic
549 1426 717 1489 liber
743 1426 827 1501 (2)
857 1425 1419 1490 Sacramentorum
1457 1431 1485 1460 ⁸
1518 1424 1597 1488 de
1648 1425 1890 1489 circulo
1922 1426 2077 1490 anni
2126 1432 2154 1474 b
2185 1428 2558 1507 expositus,
2594 1443 2635 1495 a
2673 1438 2897 1495 sancto
2958 1434 3271 1516 Gregorio
3320 1454 3493 1519 papa

290 1530 591 1591 Romano
622 1527 857 1602 editus,
894 1526 979 1601 (3)
1010 1544 1093 1589 ex
1124 1526 1496 1589 authentico
1526 1526 1694 1588 libro
1730 1525 2130 1590 bibliothecae
2162 1540 2182 1568 ε
2215 1529 2506 1592 Cubiculi
2538 1531 2842 1612 scriptus,
2875 1536 3152 1614 qualiter
3184 1537 3266 1612 (ιι)
3295 1541 3494 1605 Missa

288 1630 587 1693 Romana
633 1628 999 1692 celebratur
1031 1669 1051 1703 ,
1110 1626 1237 1689 hoc
1269 1630 1367 1689 est
1404 1645 1420 1687 :

287 1781 336 1849 ι
372 1774 443 1829 In
479 1775 658 1847 primis
689 1772 769 1848 (5)
820 1733 897 1829 ad
932 1774 1200 1829 introitum
1253 1772 1569 1843 Antiphona,
1621 1775 1793 1844 qualis
1823 1777 1873 1837 Α
1899 1788 2050 1841 crus,
2082 1773 2323 1831 SANCTUS
2371 1776 2627 1833 Dominus
2660 1776 2799 1834 Deus
2846 1778 3101 1838 Sabaoth.
3152 1781 3300 1839 Pleni
3351 1794 3481 1843 sunt

203 1868 367 1937 fuerit
390 1867 595 1921 statutis
622 1866 957 1939 temporibus,
988 1867 1093 1922 sive
1120 1865 1296 1921 diebus
1346 1866 1510 1936 festis,
1552 1882 1642 1922 seu
1670 1883 1799 1939 quo-

204 1960 442 2014 tidianis.

276 2054 362 2125 (6)
402 2052 627 2120 Deinde,
656 2052 822 2125 Kyrie
862 2050 1089 2109 eleison.

200 2147 213 2183 τ
276 2145 413 2201 Item
435 2147 639 2211 dicitur,
676 2146 754 2217 (7)
787 2144 967 2201 Gloria
995 2147 1049 2200 in
1081 2146 1314 2202 excelsis
1347 2146 1475 2202 Deo.
1502 2145 1583 2218 (8)
1614 2145 1674 2202 Si
1692 2147 1803 2216 epi-

197 2253 393 2308 scapus
440 2238 616 2307 fuerit,
646 2238 999 2293 tantummodo
1030 2238 1113 2292 die
1158 2238 1447 2304 Dominico,
1478 2239 1580 2293 sive
1620 2239 1797 2292 diebus

197 2329 371 2399 festis.
421 2329 505 2399 (9)
552 2340 592 2387 Δ
632 2329 941 2401 presbyteris
984 2339 1155 2384 autem
1205 2331 1413 2385 minime
1458 2331 1671 2397 dicitur,
1702 2330 1804 2385 nisi

196 2420 395 2475 soloin
418 2418 644 2475 Pascha.
676 2418 702 2458 ἀ
753 2420 974 2485 Quando
1003 2437 1121 2475 vero
1160 2421 1345 2476 litania
1396 2423 1587 2493 agitur,
1639 2438 1800 2492 neque

195 2509 380 2567 Gloria
409 2511 463 2565 ln
492 2509 719 2566 excelsis
748 2511 880 2580 Deo,
910 2524 1071 2581 neque
1097 2512 1331 2569 Alleluia
1354 2514 1581 2567 canitur.

273 2604 391 2673 (10)
444 2601 786 2658 Postmodum
829 2604 1021 2658 dicitur
1072 2604 1286 2672 Oratio;
1335 2605 1515 2660 deinde
1570 2605 1801 2675 sequitur

194 2696 322 2769 (11)
349 2701 651 2768 Apostblus.

206 2844 213 2855 ,
286 2792 403 2863 (12)
442 2793 580 2848 Item
610 2792 897 2862 Graduale,
930 2810 1021 2849 seu
1047 2792 1296 2850 Alleluia.

272 2880 618 2939 Postmodum
649 2886 836 2954 legitur
892 2884 1007 2957 (15)
1059 2884 1419 2957 Evangelium,
1449 2884 1631 2939 deinde
1677 2883 1796 2957 (14)

195 2974 560 3045 Oﬂ'ertorium,
588 2987 638 3033 et
656 2979 847 3032 dicitur
881 2978 1062 3032 Oratio
1093 2994 1249 3048 super
1277 2978 1466 3031 oblata.

269 3064 385 3134 Qua
432 3070 705 3137 completa,
737 3069 863 3123 dicit
920 3070 1160 3124 sacerdos
1220 3069 1423 3123 excelsa
1477 3085 1596 3124 voce
1626 3085 1645 3124 :
1691 3067 1797 3124 Per

1906 1864 2028 1919 coeli
2048 1874 2104 1920 et
2141 1875 2283 1921 terra
2308 1866 2478 1937 gloria
2507 1874 2622 1935 tua,
2649 1882 2849 1926 osanna
2876 1870 2930 1926 in
2953 1873 3198 1929 excelsis.
3225 1875 3341 1947 (22)
3386 1878 3491 1934 Be-

1904 1954 2171 2025 nedictus,
2219 1958 2307 2028 qui
2334 1958 2480 2014 venit
2523 1961 2578 2014 in
2606 1961 3084 2034 nomine;Domini,
3116 1966 3233 2039 (25)
3272 1972 3486 2029 Osanna

1905 2050 1961 2106 in
1992 2052 2223 2107 excelsis
2255 2062 2301 2106 ο.

1974 2141 2053 2195 Tr:
2094 2141 2205 2214 (24)
2245 2158 2451 2210 ictrun,
2491 2142 2910 2200 clementissime
2962 2145 3141 2215 Pater,
3182 2162 3279 2218 per
3300 2148 3487 2208 Jesum

1903 2232 2173 2289 Christum
2207 2235 2402 2290 Filium
2428 2243 2574 2291 tuum
2604 2238 2885 2294 Dominum
2916 2249 3181 2308 nostrum,
3217 2241 3333 2313 (25)
3366 2257 3493 2314 sup-

1903 2327 2070 2397 plices
2100 2342 2370 2399 rogamus,
2402 2335 2459 2385 et
2505 2332 2757 2400 petimus,
2807 2332 2883 2386 uti
2932 2343 3151 2403 accepta
3192 2334 3391 2391 habeas
3437 2345 3494 2391 et

1902 2415 2187 2474 benedicas
2218 2418 2333 2492 (26)
2369 2419 2487 2476 haec
2524 2418 2544 2458 ί
2579 2422 2743 2490 dona,
2779 2421 2895 2477 haec
2922 2439 3170 2493 munera,
3221 2425 3336 2481 haec
3363 2441 3493 2481 san-

1901 2520 1983 2563 cta
2013 2509 2275 2565 sacriﬁcia
2304 2509 2420 2582 (27)
2446 2511 2645 2567 illibata
2678 2531 2692 2567 :
2730 2515 2783 2568 in
2826 2514 3009 2583 primis
3059 2515 3178 2587 (28)
3227 2532 3346 2586 quas
3386 2518 3493 2575 tibi

1901 2598 2177 2657 otl‘erimus
2201 2602 2252 2673 3
2284 2617 2383 2672 pro
2411 2603 2526 2672 (29)
2575 2605 2814 2660 Ecclesia
2846 2614 2933 2660 tua
2974 2617 3157 2663 sancta
3202 2609 3490 2678 catholica,

1900 2705 2059 2762 quam
2093 2691 2211 2764 (50)
2266 2693 2569 2762 paciﬁcare,
2628 2696 2916 2766 custodire,
2968 2697 3086 2769 (51)
3134 2699 3387 2769 adunare,
3440 2709 3496 2758 et

1900 2796 2088 2854 regere
2114 2784 2351 2854 digneris
2374 2784 2494 2857 (52)
2543 2795 2657 2842 toto
2702 2788 2834 2844 orbe
2887 2797 3173 2858 terrarum,
3224 2808 3329 2848 una
3359 2808 3483 2850 cum

1900 2883 2101 2938 famulo
2132 2893 2223 2939 tuo
2251 2899 2385 2955 papa
2425 2893 2613 2941 nostro
2662 2885 2782 2953 Ilt.,
2834 2895 2890 2942 et
2950 2889 3067 2958 (55)
3125 2904 3248 2959 rege
3303 2899 3494 2947 nostro

1898 2974 2017 3042 111.,
2049 2976 2164 3047 (54)
2194 2984 2249 3031 et
2275 2976 2522 3032 omnibus
2543 2977 2885 3045 orthodoxis,
2912 2985 3076 3050 atque
3115 2980 3395 3037 catholica:
3424 2993 3480 3039 et

1899 3068 2204 3141 apostolica:
2226 3069 2347 3125 ﬁdei
2376 3069 2694 3130 cultoribus.

194 3161 380 3215 omnia
404 3160 603 3215 sarcula
633 3161 972 3217 saeculorum.
1035 3161 1076 3229 ἡ
1130 3163 1325 3217 Amen.
1375 3158 1565 3215 Dicit:
1614 3159 1873 3228 Domi-B
1972 3162 2265 3229 Memento,
2334 3162 2602 3230 Domine,
2669 3162 2990 3221 famulorum
3070 3165 3494 3239 lamularumque

193 3268 297 3309 nus
345 3252 646 3307 vobiscum.
691 3253 730 3323 ἡ
778 3254 991 3309 Etcum
1037 3253 1228 3323 spiritu
1287 3263 1400 3308 tuo.
1449 3250 1637 3308 Dicit:
1667 3254 1782 3325 (15)

194 3344 419 3400 Sursum
450 3343 639 3399 corda.
679 3344 717 3412 ἢ
760 3344 876 3417 (16)
910 3344 1183 3400 Habemus
1236 3343 1303 3398 ad
1350 3344 1654 3399 Dominum.
1686 3345 1789 3399 Di-

196 3440 266 3489 cit
295 3439 387 3509 :2
415 3436 531 3508 (17)
566 3435 778 3491 Gratias
803 3450 1023 3506 agamus
1051 3435 1278 3491 Domino
1324 3434 1436 3490 Deo
1466 3443 1676 3491 nostro.
1734 3436 1773 3505 ἡ

196 3527 424 3599 Dignum
454 3528 571 3600 (18)
604 3540 660 3585 et
695 3530 898 3599 justum
930 3537 1033 3586 est.

198 3666 203 3669 .
272 3620 420 3677 Vane
446 3622 665 3693 dignum
709 3632 765 3678 et
805 3623 1008 3692 justum
1037 3631 1141 3687 est,
1169 3637 1381 3693 aequum
1430 3631 1488 3678 et
1530 3620 1787 3687 salutare,

193 3727 294 3769 nos
324 3714 417 3768 tibi
446 3729 663 3783 semper
685 3711 799 3785 (19)
824 3721 880 3768 et
902 3714 1099 3784 ubique
1126 3714 1325 3786 gratias
1351 3728 1532 3782 agere,
1564 3712 1792 3767 Domine

193 3813 399 3869 sancte,
441 3805 605 3860 Pater
648 3807 1016 3875 omnipotens,
1066 3815 1269 3860 aeterne
1302 3806 1463 3872 Deus,
1514 3818 1611 3874 per
1634 3802 1791 3857 Chri-

194 3907 333 3952 stum
361 3899 647 3955 Dominum
669 3909 934 3956 nostrum.
960 3899 1064 3955 Per
1093 3914 1252 3969 quem
1284 3899 1615 3969 Maiestatem
1641 3906 1788 3952 tuam

195 3990 313 4061 (20)
340 3992 559 4047 laudant
613 3992 815 4063 angeli,
847 3993 1076 4048 adorant
1101 3992 1520 4057 dominationes,
1552 3999 1791 4048 tremunt

195 4090 489 4152 potestates
520 4102 534 4137 :
575 4086 727 4151 creti,
755 4085 1122 4157 coelorumque
1150 4087 1401 4150 virtutes,
1427 4100 1489 4139 ac
1513 4083 1670 4139 beata
1698 4098 1786 4138 se-

195 4176 399 4246 raphim
430 4176 581 4232 socia
610 4177 968 4233 exsultatione
998 4177 1397 4233 concelebrant.
1424 4177 1556 4232 Cum
1590 4174 1786 4245 quibus

196 4280 247 4324 et
278 4280 487 4325 nostras
542 4285 725 4338 voces,
783 4280 843 4327 ut
880 4272 1088 4327 admitti
1140 4271 1354 4342 jubeas,
1405 4270 1785 4338 deprecamur,

197 4361 416 4433 supplici
444 4362 786 4421 confessione
824 4364 1112 4421 dicentes:
1160 4361 1275 4436 (2t)
1328 4356 1595 4429 Sksc'rus,
1643 4359 1785 4416 SAN-

265 4505 296 4572 '_
332 4499 435 4554 Per
475 4509 811 4555 sacramenta
856 4501 1099 4572 intelligu

198 4568 329 4638 legis
357 4579 728 4637 sacramenta;
757 4586 864 4639 quo
886 4568 1056 4627 sensu
1082 4571 1312 4641 theologi
1342 4570 1405 4624 de
1426 4570 1775 4626 Sacramentis

202 4648 476 4695 metatum
503 4644 708 4707 edunt;
759 4644 845 4696 vel
902 4645 1001 4698 tria
1032 4643 1368 4712 potissimum
1411 4650 1771 4705 sacramenta,

208 4713 493 4793 qumnsimul
539 4712 939 4793 accipiebantur
991 4715 1144 4793 _olim_,
1193 4714 1400 4793 scilicet
1450 4712 1771 4793 baptismus,

209 4783 552 4855 conﬁrmatio,
604 4781 673 4838 et,
702 4784 1072 4849 Eucharistia;
1104 4786 1173 4839 tle
1216 4784 1411 4855 quibus
1437 4781 1622 4851 scripti
1653 4781 1775 4855 libri

213 4864 295 4905 sex
323 4854 381 4906 de
410 4853 782 4920 Sacramentis,
837 4856 977 4910 inter
1022 4852 1291 4910 Ambrosii
1319 4868 1509 4924 opera,
1556 4862 1689 4906 tom.
1732 4852 1775 4908 ll

212 4934 348 4976 nova:
397 4924 568 4991 Edit.;
600 4925 685 4980 vel
735 4925 909 4981 solum
964 4925 1310 4980 Eucharistia:
1353 4933 1772 4991 sacramentum,

217 4994 341 5059 quod
360 4994 552 5063 plurali
581 5009 826 5063 numero,
861 4997 915 5051 in
943 4996 1166 5066 singulis
1192 4997 1304 5050 lere
1332 4994 1510 5066 Missis
1534 4993 1778 5063 designa-

219 5069 311 5131 tur,
340 5075 451 5119 tum
498 5073 716 5136 propter
766 5064 1053 5137 duplicem
1067 5067 1220 5136 panis
1250 5073 1306 5137 et
1331 5064 1442 5137 vini
1474 5066 1777 5137 materiam,

216 5139 313 5185 tum
342 5138 558 5208 propter
585 5150 779 5208 corpus
807 5136 864 5193 et
890 5138 1205 5208 sanguinem
1231 5136 1431 5192 Christi
1456 5149 1576 5207 quae
1607 5136 1779 5190 conti-

216 5213 314 5260 net.
354 5206 480 5261 Vide
502 5214 685 5261 notam
715 5207 753 5261 2
780 5206 1040 5265 Menardi.

276 5273 315 5347 δέ
338 5274 392 5331 ln
420 5277 457 5330 2
481 5276 690 5334 Theod.
720 5287 774 5335 et
802 5280 855 5335 in
895 5280 1013 5334 Val.
1044 5280 1124 5335 Cl.
1167 5278 1256 5334 hic
1301 5277 1486 5333 titulus
1534 5276 1730 5347 legitur
1760 5292 1774 5330 :

215 5339 389 5415 {ncipit
420 5348 546 5402 liber
575 5348 1030 5405 Sacramentorum
1058 5355 1120 5406 de
1159 5348 1352 5404 circulo
1392 5348 1513 5403 anni
1542 5339 1778 5402 avsancto

216 5410 443 5489 Gregorio
473 5435 611 5489 papa
645 5419 882 5475 Romano
910 5423 1098 5478 editus.

281 5494 305 5563 ξ
341 5487 473 5563 Vide
499 5487 681 5546 notam
708 5492 742 5545 5
768 5492 1029 5563 Menardi,
1060 5492 1147 5550 cui
1193 5491 1392 5548 addere
1439 5491 1603 5563 liceat
1640 5487 1784 5563 quptl

216 5551 393 5637 legitur
431 5560 500 5615 de
530 5569 721 5637 sancto
762 5563 967 5637 Leone,
990 5551 1093 5620 l'in
1125 5565 1279 5619 Rom.
1314 5561 1608 5637 Pontiﬁcali
1635 5551 1787 5637 {llic

216 5630 645 5687 ctiamconstituit
688 5640 737 5689 et
783 5634 990 5689 addidit
1036 5650 1188 5708 super
1244 5633 1484 5706 sepulcra
1526 5630 1789 5703 apostolo-

1103 4510 1227 4556 ntur
1273 4499 1360 4555 vel
1416 4498 1595 4554 omnia
1626 4511 1780 4553 novas
1803 4497 1855 4563 ο

1898 3262 2110 3309 tuarum
2162 3253 2257 3310 Ill.
2286 3264 2341 3311 et
2382 3254 2498 3322 Νι,
2545 3264 2600 3312 et
2652 3256 2893 3312 omnium
2951 3256 3066 3329 (55)
3118 3259 3497 3316 circumastan-

1900 3348 2055 3413 tium,
2086 3361 2311 3417 quorum
2339 3348 2436 3403 tibi
2466 3347 2597 3403 fides
2625 3350 2839 3420 cognita
2863 3357 2967 3419 est,
2996 3358 3050 3405 et
3076 3358 3201 3406 nota
3231 3350 3448 3422 devotio
3474 3369 3490 3407 :

1902 3439 2016 3511 (56)
2051 3440 2140 3509 qui
2168 3438 2263 3494 tibi
2294 3437 2528 3495 oll‘erunt
2559 3438 2662 3495 hoc
2708 3442 3030 3497 sacriﬁcium
3080 3442 3253 3499 laudis
3284 3459 3380 3516 pro
3407 3458 3493 3513 se,

1900 3530 2119 3599 suisque
2156 3529 2427 3597 omnibus,
2462 3546 2561 3603 pro
2607 3531 2979 3603 redemptione
3025 3536 3323 3591 animarum
3364 3551 3490 3591 sua-

1900 3638 2041 3691 rum,
2073 3639 2169 3693 pro
2192 3639 2288 3694 spe
2320 3624 2531 3693 salutis,
2579 3633 2633 3681 et
2660 3626 3039 3684 incolumitatis
3065 3643 3201 3695 suae,
3240 3628 3334 3684 tibi
3361 3628 3492 3685 red-

1901 3714 2035 3771 dunt
2065 3716 2180 3787 (57)
2207 3724 2331 3771 v01a
2356 3731 2473 3783 sua,
2506 3724 2709 3773 aeterno
2740 3719 2873 3787 Deo,
2908 3722 3029 3774 vivo
3059 3730 3113 3776 et
3138 3734 3267 3776 vero
3299 3728 3349 3774 Β.

1972 3806 2087 3877 (58)
2123 3806 2612 3877 Communicantes,
2644 3818 2698 3864 et
2737 3812 3052 3866 memoriam
3084 3810 3199 3882 (59)
3228 3825 3494 3867 veneran-

1898 3904 1999 3963 tes,
2046 3897 2099 3951 in
2132 3898 2316 3967 primis
2342 3898 2596 3966 gloriosa:
2623 3913 2840 3967 semper
2872 3900 3099 3970 virginis
3128 3902 3309 3955 Maria:
3336 3901 3492 3971 geni-

1898 3988 2051 4044 tricis
2077 3988 2175 4045 Dei
2200 3999 2252 4045 et
2284 3989 2499 4045 Domini
2526 3990 2699 4046 nostri
2728 3989 2855 4046 Jesu
2879 3990 3098 4047 Christi.
3148 3992 3255 4047 Sed
3280 4001 3335 4048 et
3365 3995 3493 4048 hea-

1896 4087 2075 4134 torum
2129 4080 2496 4150 apostolorum
2553 4094 2616 4136 ac
2671 4089 2970 4150 martyrum
3022 4090 3255 4150 tuorum,
3323 4082 3493 4151 Petri,

1894 4170 2066 4239 Pauli,
2119 4174 2372 4239 Andreae,
2422 4172 2632 4241 Jacobi,
2691 4172 2936 4243 Joannis,
2994 4174 3236 4244 Thomas,
3284 4173 3490 4242 Jacobi,

1895 4264 2153 4336 Philippi,
2211 4266 2614 4334 Bartholomazi,
2669 4266 2930 4337 Matthxi,
2989 4268 3245 4337 Simonis,
3289 4277 3344 4323 et
3373 4266 3492 4339 (40)

1894 4356 2121 4426 Taddei,
2150 4357 2292 4423 Lini,
2320 4355 2479 4427 Cleti,
2522 4358 2837 4428 Clementis,
2880 4359 2997 4432 (41)
3026 4359 3203 4430 Syxti,
3229 4357 3493 4424 Cornelii,

1885 4502 2094 4567 runt...:
2123 4496 2355 4550 custodes
2374 4496 2461 4567 qui
2488 4497 2732 4553 dicuntur
2759 4498 3084 4554 cubicularii.

1960 4565 1988 4639 ti
2026 4566 2235 4639 Litania
2276 4569 2341 4621 ad
2387 4565 2587 4639 luctum
2618 4570 2866 4637 pertinet.
2900 4570 3037 4625 Hinc
3066 4568 3356 4639 Gregorius
3386 4584 3478 4625 ar-

1883 4638 2000 4709 guit
2027 4638 2285 4692 Joannem
2315 4638 2481 4705 episc.
2521 4640 2911 4705 Ravennatem,
2959 4640 3101 4709 quod
3146 4638 3201 4695 in
3256 4639 3500 4705 litaniis,‘

1888 4714 1992 4780 hoc
2023 4716 2127 4772 est,
2158 4709 2344 4780 cineris
2372 4719 2419 4763 et
2456 4710 2613 4764 cilicii
2653 4720 2898 4779 tempore,
2932 4711 3148 4779 pallium
3181 4712 3486 4780 pompatico

1885 4779 2142 4834 deferret.
2180 4778 2312 4850 Eide
2342 4779 2436 4833 lib.
2466 4794 2543 4847 ιιι,
2577 4780 2649 4835 al.
2680 4796 2741 4846 ll,
2774 4780 2884 4849 ind.
2914 4778 3002 4847 1i,
3034 4778 3193 4850 epist.
3226 4778 3353 4835 olim
3384 4782 3475 4849 54,

1885 4864 2027 4923 nunc
2060 4850 2152 4923 56.
2182 4848 2384 4923 Eadem
2420 4852 2527 4923 fuit
2555 4853 2692 4923 ratio
2736 4848 2835 4906 cur
2875 4852 2930 4906 in
2978 4848 3157 4906 litania
3186 4852 3256 4923 ab
3282 4848 3484 4923 hymno

1885 4920 2064 4975 Gloria
2093 4922 2147 4974 in
2176 4921 2386 4974 excelsis
2409 4919 2517 4974 Deo
2537 4921 2916 4989 abstineretur,
2942 4933 2995 4975 et
3016 4924 3083 4976 ab
3108 4919 3351 4977 Alleluia.

1962 5001 1985 5030 ο
2027 4991 2082 5045 1η
2106 4992 2278 5065 priori
2308 4990 2575 5047 Theoder.
2605 5002 2730 5048 ante
2758 4991 2828 5047 Te
2878 4994 3061 5065 igitur,
3090 5002 3222 5060 etc.,
3250 5002 3475 5050 exstant

1887 5062 2378 5135 plures_0rationes
2402 5080 2417 5119 :
2442 5078 2603 5118 unam
2651 5071 2855 5119 tantum
2900 5062 3190 5119 retulimus
3218 5072 3341 5135 post
3380 5081 3479 5120 no~

1887 5144 1995 5189 tam
2038 5132 2109 5186 25
2140 5132 2398 5187 Menardi.

1962 5204 1981 5243 ι
2023 5205 2079 5258 ln
2122 5204 2251 5258 Mss.
2285 5202 2551 5260 ’l‘heoder.
2579 5214 2634 5262 et
2680 5203 2892 5261 Gemet.
2942 5206 3045 5262 hoc
3086 5206 3248 5263 modo
3278 5217 3386 5263 tres
3416 5208 3487 5262 si-

1842 5342 1856 5347 _
1884 5283 2353 5350 gnanturcruces.
2385 5275 2451 5329 ad
2483 5275 2598 5350 haec
2621 5277 2785 5350 verba
2810 5277 2966 5350 aliter:
2995 5276 3134 5331 dona
3158 5278 3200 5350 1-
3234 5278 3341 5332 lucc
3365 5294 3482 5330 mu-

1886 5344 2095 5417 ᾖεῖη-’ί-
2116 5344 2230 5417 lucc
2260 5354 2443 5399 sancta
2470 5346 2509 5417 -ι-
2530 5348 2803 5417 sacriﬁcia
2831 5348 3050 5403 illibata.

1960 5426 1986 5464 Β
2024 5415 2082 5471 In
2107 5415 2143 5468 2
2185 5416 2433 5471 Theod.:
2484 5415 2831 5493 Memento.._..
2887 5422 3212 5493 omniumque
3257 5419 3476 5493 propin-

1888 5503 2103 5561 quorum
2132 5503 2379 5561 meorum,
2402 5497 2459 5561 et
2487 5505 2705 5560 quorum
2745 5490 3093 5561 eleemosynas
3128 5489 3477 5559 suscepimus,

1889 5559 1977 5615 seu
2006 5560 2093 5628 qui
2122 5559 2247 5612 mihi
2284 5559 2503 5632 confessi
2530 5570 2671 5631 sunt,
2704 5576 2902 5617 necnon
2943 5559 2991 5616 et
3029 5578 3245 5632 quorum
3272 5561 3484 5615 nomina

1893 5646 2045 5701 super
2073 5640 2306 5685 sanctum
2334 5631 2495 5685 altare
2524 5639 2668 5685 tuum
2696 5634 2889 5705 scripta
2920 5631 3189 5688 habentur.

268 5762 285 5781 ‘
307 5762 691 5837 uomentium
711 5772 1042 5837 parentheses
1070 5774 1270 5828 inclusis
1290 5776 1548 5827 revocatur
1572 5771 1728 5824 lector
1752 5768 1814 5823 ad
1834 5770 1978 5822 notas
2001 5768 2068 5823 D.
2089 5766 2321 5833 Hugonts
2355 5767 2576 5822 Memrdi
2610 5770 2671 5821 ad
2711 5770 2899 5825 calcem
2922 5769 3037 5820 libri
3057 5768 3483 5822 Sscrameutorum

218 5827 495 5882 modum.
519 5830 660 5885 Eutr.
