4064 6350
601 363 670 419 27
1806 362 1884 419 BA
1893 357 2047 416 NC’“
2088 356 2414 414 GHEGOHH
2454 357 2666 414 MitGNl
3803 360 3867 418 28

599 477 872 552 Cypriani,
902 476 1199 546 Laurentii,
1239 475 1596 552 Chrysogoni,
1635 473 1857 532 Joannis
1902 481 1958 528 et
2001 469 2174 537 Pauli,
2206 475 2258 548 Α
2282 471 2449 528 altare
2475 481 2642 543 tuum,
2667 475 2721 530 in
2750 482 3046 546 conspectu
3080 475 3277 533 divina:
3307 474 3604 547 Majestatis
3634 481 3759 544 tuae,
3788 484 3861 540 ιιι,

599 571 806 627 Cosmae
835 581 888 627 et
918 572 1175 642 Damiani,
1205 572 1322 643 (42)
1351 570 1561 639 Hilarii,
1591 569 1826 639 Martini.
1862 565 2170 638 Augustini,

599 664 860 734 Gregorii,
895 664 1226 735 Hieronymi,
1275 663 1570 731 Benedicti,
1603 669 1658 719 et
1687 659 1925 718 omnium
1953 665 2172 714 sancto-

595 773 716 814 rum
751 766 980 826 tuorum,
1017 757 1134 830 (45)
1159 772 1387 830 quorum
1417 755 1621 813 meritis
1660 754 2011 825 precibusque
2041 766 2174 807 con-

596 851 756 907 cedas
792 859 849 906 ut
878 851 931 906 in
974 851 1220 908 omnibus
1249 850 1598 921 protectionis
1628 858 1732 911 tum
1758 848 2064 906 muniamur
2089 861 2177 902 an-

592 943 743 1001 xilio.
771 945 872 1001 Per
895 943 1167 1001 Christum
1203 943 1483 1000 Dominum
1515 953 1782 1000 nostrum.

659 1037 810 1096 Hanc
837 1037 997 1107 igitur
1023 1037 1352 1094 oblationem
1403 1036 1681 1093 servitutis
1709 1043 1930 1102 nostrae,
1976 1035 2070 1092 sed
2119 1041 2175 1092 et

588 1136 793 1183 cunctae
819 1128 1035 1184 familiae
1067 1140 1192 1196 ture,
1223 1142 1554 1198 quaesumus,
1588 1128 1835 1198 Domine,
1887 1135 1946 1182 ut
1990 1127 2172 1199 placa-

587 1227 672 1275 tus
697 1219 926 1290 accipias
957 1238 970 1276 :
1001 1220 1116 1292 (44)
1145 1221 1364 1291 diesque
1387 1229 1600 1276 nostros
1627 1221 1680 1274 in
1709 1228 1797 1276 tua
1821 1233 1952 1288 pace
1991 1219 2172 1291 dispo-

584 1327 703 1378 nas,
745 1321 906 1383 atque
951 1313 1018 1368 ab
1047 1323 1244 1369 mterna
1277 1313 1617 1369 damnatione
1647 1327 1744 1369 nos
1775 1315 1893 1385 (45)
1921 1315 2078 1385 eripi,
2119 1325 2173 1372 et

581 1403 636 1458 in
667 1404 959 1459 electorum
1012 1413 1220 1460 tuorum
1276 1404 1468 1475 iubeas
1514 1418 1674 1476 grege
1724 1405 2018 1462 numerari.
2069 1406 2172 1462 Per

579 1494 850 1552 Christum
880 1497 1162 1552 Dominum
1193 1505 1458 1552 nostrum.

649 1588 816 1654 Quam
844 1588 1167 1644 oblationem
1201 1596 1278 1654 tu,
1330 1588 1495 1655 Deus,
1542 1589 1594 1644 in
1627 1587 1900 1654 omnibus,
1945 1603 2158 1658 qumsu-

574 1694 714 1746 mus,
745 1679 858 1750 (46)
901 1681 1255 1748 benedictam,
1291 1678 1408 1753 (47)
1439 1682 1751 1754 ascriptam,
1804 1681 1920 1753 (48)
1969 1691 2163 1753 ratam,

571 1769 690 1842 (49)
733 1772 1130 1841 rationabilem,
1163 1773 1656 1845 acceptabilemque
1684 1772 1866 1830 facere
1905 1773 2161 1844 digneris,

2279 573 2542 638 quotquot
2566 580 2631 622 ex
2663 566 2762 626 hac
2803 567 2988 626 altaris
3013 567 3427 640 participatione
3468 576 3862 625 sacrosanctum

2281 657 2403 714 Filii
2449 657 2523 714 tui
2554 657 2596 730 1·
2641 673 2857 730 corpus,
2905 666 2962 716 et
3010 659 3053 732 ἰ-
3097 660 3412 733 sanguinem
3461 661 3860 732 sumpserimus,

2279 752 2424 810 omni
2454 753 2825 811 benedictione
2853 755 3085 825 caelesti,
3118 764 3173 812 et
3197 757 3369 829 gratia
3390 756 3720 828 repleamur.
3763 755 3861 812 Per

2276 845 2547 903 Christum
2581 846 2863 914 Dominum
2896 857 3164 906 nostrum.

2347 939 2468 1010 (69)
2521 940 2686 1011 Super
2739 941 3008 1013 diptycha.
3063 972 3134 983 —
3188 942 3306 1018 (70)
3359 941 3631 1008 Memento
3679 940 3857 1006 etiam,

2277 1030 2522 1102 Domine,
2570 1033 2891 1090 famulorum
2919 1032 3350 1106 famularumque
3393 1043 3603 1092 tuarum
3632 1033 3727 1087 Iit.
3772 1031 3858 1101 qui

2275 1138 2374 1180 nos
2403 1135 2796 1194 pratcesserunt
2821 1141 2944 1182 cum
2988 1128 3145 1197 signo
3169 1128 3315 1196 fidei,
3355 1128 3468 1200 (71)
3498 1138 3552 1184 et
3586 1126 3859 1182 dormiunt

2274 1217 2328 1273 in
2356 1231 2546 1274 somno
2573 1219 2739 1287 pacis.
2771 1217 2926 1290 ipsis,
2960 1219 3209 1288 Domine,
3253 1229 3310 1277 et
3363 1220 3476 1292 (72)
3527 1219 3772 1276 omnibus
3801 1219 3856 1273 in

2272 1314 2489 1372 Christo
2524 1315 2944 1387 quiescentibus,
2975 1315 3151 1373 locum
3196 1315 3480 1387 refrigerii,
3510 1316 3644 1372 lucis
3688 1323 3743 1372 et
3767 1329 3858 1386 pa-

2271 1409 2368 1478 cis,
2402 1417 2460 1463 ut
2487 1407 2782 1480 indulgeas,
2812 1407 3186 1479 deprecamur.
3223 1406 3248 1448 δ
3276 1408 3381 1465 Per
3398 1407 3670 1464 eumdem.

2338 1501 2502 1557 Nobis
2530 1516 2742 1572 quoque
2771 1501 3138 1571 peccatoribus
3165 1500 3380 1558 famulis
3419 1501 3523 1558 tuis
3550 1499 3621 1558 de
3663 1496 3846 1554 multi-

2270 1593 2455 1650 tudine
2499 1590 2904 1652 miserationum
2958 1603 3170 1651 tuarum
3218 1592 3580 1665 Sperantibus,
3645 1597 3854 1662 partem

2268 1689 2500 1758 aliquam
2547 1697 2605 1744 et
2648 1689 2959 1747 societatem
3013 1691 3216 1746 donare
3263 1688 3522 1760 digneris,
3572 1701 3694 1742 cum
3752 1683 3858 1738 tuis

2267 1786 2467 1841 sanctis
2511 1782 2792 1854 apostolis,
2827 1792 2882 1840 et
2933 1783 3278 1857 martyribus,
3326 1783 3442 1854 (75)
3476 1795 3596 1837 cum
3628 1777 3858 1844 Joane,

568 1871 629 1918 ut
676 1863 829 1920 nobis
856 1863 1118 1936 cori-pus,
1147 1873 1202 1922 et
1225 1865 1482 1938 san-'rguis
1532 1867 1624 1922 fiat
1673 1865 2008 1922 dilectissimi
2063 1865 2161 1922 ﬁlii
2190 1869 2239 1932 B
2265 1881 2381 1952 (74)
2411 1877 2707 1949 Stephano,
2739 1877 2978 1942 Matthia,
3011 1877 3276 1944 Barnaba,
3311 1873 3541 1944 lgnatio,
3587 1869 3702 1944 (75)
3737 1870 3858 1926 Aler-

567 1955 640 2010 tui
668 1955 880 2012 Domini
913 1957 1008 2012 Dei
1036 1958 1205 2013 nostri
1242 1957 1374 2013 Jesu
1406 1958 1628 2013 Christi.

635 2047 756 2118 (50)
797 2048 915 2116 Qui,
951 2048 1122 2118 pridie
1151 2063 1313 2120 quam
1343 2055 1642 2120 pateretur,
1673 2046 1789 2120 (51)
1817 2049 2024 2119 accepit
2059 2064 2160 2119 pa-

562 2156 690 2199 nem
719 2143 773 2197 in
804 2150 1021 2198 sanctas
1074 2158 1139 2200 ac
1196 2143 1534 2204 venerabiles
1590 2157 1782 2199 manus
1830 2157 1981 2210 suas,
2039 2143 2156 2216 (52)

563 2233 784 2290 elevatis
807 2234 980 2291 oculis
1009 2234 1064 2290 in
1109 2235 1310 2291 cmlum
1339 2234 1407 2290 ad
1435 2243 1488 2290 te
1518 2235 1686 2291 Deum
1738 2235 1952 2291 Patrem
2001 2250 2158 2292 suum

561 2326 1002 2396 omnipotentem,
1045 2326 1140 2383 tibi
1169 2325 1367 2398 gratias
1411 2340 1599 2399 agens,
1649 2326 1994 2398 beneirdixit,
2046 2327 2156 2384 ire-

559 2419 655 2490 git,
700 2416 814 2490 (55)
858 2419 1006 2477 dedit
1032 2419 1304 2491 discipulis
1350 2421 1486 2489 suis,
1520 2420 1748 2478 dicens:
1782 2421 2045 2491 Accipite,
2097 2430 2154 2478 et

558 2517 877 2575 manducate
920 2517 1040 2589 (54)
1071 2534 1144 2578 ex
1175 2519 1280 2577 hoc
1303 2533 1494 2578 omnes
1526 2534 1542 2575 :
1571 2517 1687 2592 (55)
1738 2518 1854 2576 Hoc
1901 2533 1999 2576 ns-r
2027 2535 2156 2578 sum

557 2624 757 2668 GORPUS
783 2627 952 2668 Ili-IIII.

623 2705 796 2761 Simili
822 2707 999 2773 modo,
1031 2715 1218 2776 postea
1238 2721 1401 2779 quam
1426 2715 1703 2765 cmnatum
1754 2717 1860 2779 est,
1884 2709 2154 2780 accipiens

555 2808 607 2857 et
636 2801 749 2872 (56)
780 2801 923 2858 hunc
974 2802 1089 2873 (57)
1117 2803 1434 2873 praeclarum
1465 2801 1689 2858 calicem
1734 2803 1791 2858 in
1842 2815 2055 2860 sanctas
2086 2819 2151 2860 ae

553 2897 890 2954 venerabiles
936 2913 1129 2954 manus
1186 2913 1332 2966 suas,
1385 2901 1515 2956 item
1565 2900 1663 2956 tibi
1711 2902 1911 2971 gratias
1958 2917 2146 2972 agens,

552 2987 887 3059 bene-l-dixit,
917 2990 1031 3061 (58)
1057 2991 1202 3047 dedit
1226 2991 1507 3061 discipulis
1531 2991 1664 3061 suis,
1709 2993 1897 3049 dicens
1933 3011 1947 3049 :
1988 2995 2149 3051 Acci-

551 3077 678 3149 pite,
706 3087 760 3132 et
789 3079 955 3136 bibite
977 3095 1046 3134 ex
1070 3095 1137 3136 eo
1161 3095 1348 3137 omnes
1374 3096 1390 3139 :
1415 3080 1530 3154 (59)
1571 3081 1668 3138 Hic
1700 3098 1796 3138 nsr
1827 3101 1956 3140 sum
1979 3101 2138 3140 cmx

551 3181 821 3225 sanemus
842 3185 957 3238 κει,
992 3184 1118 3227 novr
1159 3187 1229 3228 er
1255 3188 1470 3229 ETEBNI
1513 3189 1871 3240 resnunsrt,
1905 3177 2019 3249 (60)
2049 3193 2150 3232 nr-

2264 1974 2492 2038 xandro,
2549 1971 2881 2038 Marcellino,
2943 1973 3128 2038 Petro,
3195 1969 3495 2036 Felicitate,
3567 1965 3856 2036 Perpetua,

2264 2065 2380 2137 (76)
2410 2065 2637 2135 Agathe,
2672 2074 2696 2104 ο
2721 2063 2905 2130 Lucia,
2937 2063 3051 2136 (77)
3084 2063 3256 2134 Agne,
3286 2059 3518 2123 Caecilia,
3549 2056 3859 2123 Anastasis,

2265 2159 2383 2234 (78)
2415 2157 2442 2196 ά
2468 2167 2523 2215 et
2573 2173 2696 2216 cum
2745 2157 2993 2215 omnibus
3031 2157 3231 2214 sanctis
3274 2153 3400 2222 tuis,
3456 2153 3599 2208 intra
3629 2163 3857 2220 quorum

2263 2267 2363 2307 nos
2401 2253 2748 2318 consortium,
2780 2266 2888 2307 non
2918 2248 3213 2306 aestimator
3244 2245 3360 2321 (79)
3411 2242 3610 2308 meriti,
3641 2241 3738 2298 sed
3760 2255 3857 2296 ve—

2263 2345 2388 2412 niae,
2419 2356 2748 2414 quazsumus,
2781 2341 3002 2412 largitor
3030 2338 3275 2396 admitte.
3305 2337 3408 2394 Per
3431 2333 3700 2392 Christum
3745 2331 3859 2387 Do-

2260 2440 2468 2496 minum
2505 2444 2776 2494 nostrum.
3589 2501 3594 2506 ,

2335 2530 2440 2587 Per
2470 2544 2629 2602 quem
2659 2527 2775 2583 hrec
2808 2525 2924 2598 (80)
2955 2523 3156 2590 omnia,
3188 2519 3440 2587 Domine,
3473 2530 3688 2590 semper
3709 2515 3854 2570 bona

2257 2636 2430 2687 creas,
2467 2619 2582 2692 (8i)
2623 2620 3000 2690 sancti-Hicas,
3033 2615 3148 2688 (82)
3177 2612 3484 2685 vivi-Hicas,
3515 2607 3854 2681 bene-idicis,

2255 2724 2312 2772 et
2337 2723 2561 2786 praestas
2583 2713 2757 2769 nobis.
2786 2713 2887 2768 Per
2920 2721 2943 2749 θ
2976 2709 3209 2783 ἰρ-ι-ειιπι,
3241 2715 3440 2764 etcum
3473 2705 3511 2776 1·
3535 2705 3675 2776 ipso,
3711 2711 3767 2758 et
3794 2703 3856 2758 in

2254 2809 2458 2880 fipso,
2491 2817 2574 2863 est
2624 2806 2717 2864 tibi
2771 2805 2884 2862 Deo
2930 2803 3084 2861 Patri
3136 2800 3493 2874 omnipotenti
3539 2800 3594 2856 in
3647 2800 3862 2856 unitate

2253 2898 2482 2969 Spiritus
2509 2896 2701 2966 sancti,
2735 2897 2912 2953 omnis
2939 2897 3110 2953 honor
3137 2903 3191 2951 et
3227 2893 3418 2966 gloria.

2324 2990 2431 3046 Per
2451 2991 2628 3046 omnia
2659 2992 2856 3046 saecula
2886 2989 3231 3046 saeculorum.
3265 2988 3461 3044 Amen.

2329 3081 2568 3136 Oremus.
2598 3111 2668 3124 --
2696 3081 2815 3152 (85)
2865 3079 3156 3149 Praeceptis
3204 3077 3529 3134 salutaribus
3558 3073 3769 3143 moniti,
3804 3081 3866 3132 et

2254 3176 2436 3233 divina
2462 3177 2800 3232 institutione
2830 3174 3072 3240 formati,
3099 3173 3359 3228 audemus
3389 3172 3570 3227 dicere
3596 3189 3609 3224 :

549 3274 779 3318 suam
806 3278 968 3330 FIDEI,
1011 3279 1098 3328 ρυι
1119 3280 1221 3319 rae
1247 3280 1395 3322 VOBlS
1422 3281 1495 3321 nr
1519 3280 1621 3322 uno
1648 3282 1838 3323 nouns
1864 3283 2139 3326 crrunnn-
2167 3255 2213 3319 C
2264 3315 2272 3319 .
2321 3267 2440 3340 (84)
2483 3269 2640 3324 Pater
2667 3274 2872 3334 noster,
2920 3265 3011 3336 qui
3059 3278 3119 3320 es
3168 3264 3224 3319 in
3266 3263 3440 3330 cmlis,
3473 3262 3869 3320 Sanctificetur

549 3369 653 3414 τωὶ
684 3370 736 3410 IN
765 3371 1115 3412 BEIISSIONEI
1144 3373 1512 3416 PECCATOHUI.

623 3448 750 3505 Haec
771 3449 1196 3523 quotiescunque
1248 3452 1504 3523 feceritis,
1560 3454 1616 3512 in
1671 3455 1779 3514 mei
1827 3457 2144 3520 memoriam

547 3541 775 3604 facietis.

619 3642 738 3714 (61)
780 3642 931 3700 Unde
959 3650 1016 3700 et
1039 3654 1311 3698 memores
1357 3654 1567 3709 sumus,
1617 3640 1867 3710 Domine,
1917 3657 2020 3699 nos
2069 3642 2146 3700 tui

544 3737 707 3803 servi,
736 3735 830 3793 sed
877 3744 936 3793 et
963 3735 1114 3807 plebs
1144 3744 1232 3791 tua
1269 3743 1476 3804 sancta,
1523 3734 1728 3791 Christi
1774 3735 1900 3791 Filii
1943 3735 2020 3790 tui
2053 3734 2147 3791 Dei

542 3831 735 3898 nostri,
768 3838 875 3886 tam
909 3830 1081 3886 beatze
1129 3830 1419 3900 passionis,
1467 3843 1682 3884 necnon
1729 3834 1786 3884 et
1836 3829 1908 3883 ab
1957 3828 2146 3886 inferis

541 3925 977 3992 resurrectionis,
1007 3923 1102 3980 sed
1131 3932 1187 3979 et
1210 3924 1263 3978 in
1295 3926 1464 3980 cmlos
1495 3923 1744 3995 gloriosae
1783 3923 2142 3982 ascensionis.

540 4017 826 4073 Offerimus
871 4018 1141 4088 praeclarae
1182 4016 1451 4088 Majestati
1501 4026 1606 4073 tuae
1653 4016 1772 4087 (69.)
1821 4015 1889 4071 de
1919 4015 2022 4070 tuis
2045 4015 2144 4072 do—

543 4112 654 4178 nis,
690 4127 751 4167 ac
773 4111 933 4179 datis,
970 4111 1086 4183 (65)
1103 4113 1341 4168 Hostiam
1369 4112 1621 4184 (puram,
1649 4110 1885 4165 Hostiam
1909 4108 2017 4180 4-1-
2033 4123 2146 4164 san-

542 4213 710 4272 ctam,
757 4204 996 4260 Hostiam
1028 4205 1069 4277 -ι-
1099 4206 1214 4276 (64)
1246 4206 1672 4270 immaculatam,
1719 4203 1917 4258 Panem
1946 4199 1990 4274 -ι-
2015 4215 2144 4257 san-

540 4305 687 4351 ctum
708 4297 832 4352 vitae
858 4305 1094 4362 aeternae,
1130 4306 1186 4353 et
1212 4297 1436 4354 calicem
1467 4297 1508 4368 1-
1544 4295 1736 4352 salutis
1768 4302 2068 4364 perpetuae.

612 4391 786 4458 Supra
817 4405 936 4459 qua:
966 4389 1194 4460 propitio
1235 4403 1297 4445 ac
1326 4401 1524 4445 sereno
1565 4386 1717 4441 vultu
1762 4386 2034 4454 respicere
2061 4383 2144 4438 di-

541 4482 746 4551 gneris,
778 4489 833 4536 et
852 4490 1071 4552 accepta
1102 4481 1321 4549 habere,
1361 4479 1478 4550 (63)
1505 4478 1662 4535 sicuti
1689 4485 1910 4546 accepta
1943 4474 2144 4530 habere

547 4573 795 4644 dignatus
823 4589 881 4630 es
909 4589 1133 4630 munera
1157 4575 1306 4643 pueri
1336 4573 1413 4629 tui
1455 4571 1585 4640 justi
1633 4567 1791 4634 Abel,
1839 4576 1895 4623 et
1937 4566 2144 4621 sacrifi-

2251 3376 2448 3418 nomcu
2481 3369 2652 3415 tuum.
2683 3356 2951 3414 Adveniat
2982 3370 3206 3425 regnum
3239 3362 3412 3409 tuum.
3446 3353 3564 3410 Fiat
3597 3355 3870 3412 voluntas

2250 3463 2340 3509 tua
2362 3449 2573 3508 sicutin
2604 3450 2762 3513 coelo,
2787 3458 2842 3504 et
2883 3449 2937 3502 in
2971 3456 3132 3502 terra.
3168 3445 3366 3501 Panem
3398 3455 3640 3500 nostrum
3668 3447 3835 3514 quoti
3859 3476 3872 3486 -

2255 3545 2471 3602 dianum
2501 3543 2568 3598 da
2593 3542 2748 3598 nobis
2781 3539 2962 3597 hodie.
3009 3539 3076 3594 Et
3117 3537 3327 3594 dimitte
3358 3535 3511 3593 nobis
3541 3535 3719 3591 debita
3751 3552 3868 3590 no-

2248 3647 2385 3706 stra,
2415 3637 2554 3692 sicut
2582 3644 2636 3691 et
2665 3649 2767 3692 nos
2795 3633 3120 3688 dimittimus
3147 3628 3483 3688 debitoribus
3518 3625 3740 3682 nostris.»
3788 3627 3874 3683 Et

2250 3749 2321 3791 ne
2365 3748 2465 3790 nos
2504 3730 2730 3790 inducas
2752 3730 2806 3785 in
2836 3727 3208 3783 tentationem.
3251 3723 3289 3793 ri)
3346 3721 3455 3778 Sed
3496 3720 3660 3778 libera
3690 3735 3800 3777 nos
3833 3735 3870 3778 a

2251 3828 2414 3884 malo.

2322 3921 2515 3977 Libera
2551 3932 2672 3983 nos,
2705 3926 3032 3986 quaesumus,
3062 3909 3309 3978 Domine,
3352 3909 3420 3966 ab
3449 3909 3698 3967 omnibus
3729 3926 3870 3967 ma-

2249 4014 2338 4079 lis,
2388 4010 2693 4082 prtcteritis,
2729 4004 3105 4076 praesentibus,
3140 4012 3194 4058 et
3239 4003 3456 4070 futuris,
3509 4011 3566 4058 et
3610 4002 3875 4060 interce-

2249 4106 2412 4160 dente
2439 4103 2597 4157 beata
2627 4108 2681 4155 et
2711 4096 2944 4170 gloriosa
2973 4110 3188 4164 semper
3218 4095 3422 4166 virgine
3451 4095 3546 4150 Dei
3584 4095 3870 4165 genitrice

2250 4197 2440 4264 Maria,
2465 4203 2520 4250 et
2554 4193 2668 4264 (85)
2701 4191 2872 4247 beatis
2901 4188 3160 4260 apostolis
3190 4188 3318 4252 tuis,
3352 4185 3538 4254 Petro,
3570 4199 3624 4243 et
3653 4187 3869 4258 Paulo,

2248 4298 2410 4360 atque
2453 4284 2567 4358 (86)
2615 4284 2849 4349 Andrea,
2881 4295 3093 4338 necnon
3128 4290 3183 4337 et
3210 4281 3366 4336 beato
3399 4279 3516 4353 (87)
3567 4277 3871 4347 Stephano

2249 4388 2641 4452 protomartyre
2687 4386 2802 4444 tuo,
2853 4373 2873 4414 ί
2907 4383 2962 4430 et
3015 4373 3263 4430 omnibus
3294 4371 3516 4436 sanctis,
3560 4369 3627 4425 da
3659 4374 3875 4441 propi-

2250 4474 2354 4530 tius
2385 4488 2570 4544 pacem
2600 4471 2793 4526 diebus
2835 4469 3056 4535 nostris,
3091 4476 3168 4535 ut,
3197 4480 3300 4533 ope
3323 4462 3702 4519 misericordia:
3737 4472 3870 4520 tuae

2248 4567 2437 4636 adjuti,
2461 4575 2514 4621 et
2542 4581 2572 4620 a
2603 4573 2828 4636 peccato
2876 4561 3044 4617 simus
3069 4572 3280 4627 semper
3312 4556 3483 4623 liberi,
3518 4562 3572 4611 ct
3601 4555 3668 4609 ah
3691 4558 3870 4614 omni

543 4671 684 4725 cium
713 4669 1030 4740 patriarchae
1060 4669 1230 4724 nostri
1276 4666 1530 4731 Abrahae,
1559 4671 1614 4719 et
1647 4661 1788 4732 quod
1820 4661 1914 4716 tibi
1943 4660 2138 4714 obtulit
2169 4651 2218 4711 D
2245 4659 2646 4733 perturbatione
2671 4656 2874 4714 securi.
2907 4655 3011 4710 Per
3038 4652 3342 4707 Dominum.

541 4760 662 4834 (66)
688 4776 929 4819 summus
959 4761 1210 4818 sacerdos
1242 4769 1363 4816 tuus
1404 4752 1799 4813 Melchisedech
1832 4761 1858 4790 α
1888 4762 2138 4808 sanctum

542 4853 886 4920 sacrificium,
912 4852 1305 4908 immaculatam
1338 4847 1602 4903 Hostiam.

613 4946 894 5018 Supplices
921 4955 973 5004 te
1003 4959 1277 5020 rogamus,
1312 4940 1654 5009 omnipotens
1676 4936 1842 5002 Deus,
1868 4934 1986 5007 (67)
2008 4933 2138 5004 jube

541 5038 659 5095 haec
689 5038 916 5110 perferri
950 5055 1044 5110 per
1089 5049 1280 5092 manus
1327 5031 1501 5102 angeli
1551 5030 1626 5084 tui
1675 5027 1728 5084 in
1759 5026 1873 5098 (68)
1907 5024 2138 5082 sublime

613 5204 641 5234 ι
685 5195 763 5251 Ex
797 5198 888 5251 lib.
924 5191 1192 5257 Pontiﬁo.,
1225 5191 1278 5246 in
1327 5186 1447 5244 Vita
1496 5187 1667 5242 sancti
1712 5183 1909 5241 Leonis
1941 5183 1984 5251 l,
2018 5198 2138 5254 qua:

543 5277 674 5323 tom.
708 5268 773 5324 Ill
802 5267 1008 5324 Concil.
1045 5263 1320 5325 inseritur,
1354 5261 1460 5337 col.
1497 5259 1635 5314 1296
1674 5264 2138 5337 et‘se_q.,"5anctus

543 5341 654 5397 Leo
684 5341 945 5394 constituit
1000 5345 1056 5390 ut
1102 5336 1237 5388 intra
1278 5331 1531 5387 actionem
1575 5329 1812 5397 sacriﬁcii
1866 5327 2138 5392 diceretur,

545 5423 778 5467 sanctum
811 5408 1148 5476 sacriﬁcium,
1181 5404 1561 5476 immacuiatam
1592 5401 1854 5455 Hostiam.

613 5481 640 5519 δ
683 5485 738 5538 In
779 5481 912 5536 Cod.
951 5468 1161 5534 'Pamel.
1203 5487 1256 5532 et
1285 5472 1503 5544 Reginae
1533 5476 1718 5539 Succ.,
1752 5487 1839 5541 per
1871 5468 2132 5524 Christum

544 5555 698 5610 Dom.
731 5563 864 5609 nou.

617 5638 640 5665 ο
682 5625 910 5691 Pamel.,
945 5622 1172 5693 Agat/ta,
1198 5631 1257 5677 ut
1282 5622 1332 5675 in
1366 5618 1486 5673 aliis
1518 5617 1704 5693 Editis.

619 5697 644 5734 ά
687 5698 742 5748 In
795 5689 1014 5750 GemetI
1064 5694 1150 5748 hic
1205 5694 1514 5748 inseruntur
1564 5689 1780 5746 nomina
1835 5694 2137 5742 sanctarum

545 5766 942 5837 Etheldrythm
967 5778 1021 5822 et
1048 5765 1346 5820 Gertrudis.

545 5829 889 5968 su°cCruces
913 5838 1009 5923 hic
1031 5839 1254 5908 signatae
1302 5851 1410 5894 non
1455 5835 1701 5894 videntur
1747 5836 1800 5892 in
1829 5829 1961 5888 Cod.
2005 5830 2138 5901 lleg.

625 5925 652 5968 c
691 5950 705 5966 .

625 5924 705 5968 CC.

925 6005 985 6044 1;,"

2323 4753 2373 4825 5
2415 4752 2522 4809 Pax
2552 4750 2761 4807 Domini
2785 4749 2855 4804 sit
2881 4758 3097 4816 semper
3124 4743 3420 4800 vobiscum.
3470 4743 3543 4813 ri.
3591 4743 3662 4799 Et
3707 4756 3862 4802 cum

2247 4846 2447 4916 Spiritu
2479 4854 2592 4903 tuo.

2322 4938 2440 5067 L38)
2479 4939 2661 5008 Agnus
2693 4934 2786 4992 Dei
2811 4933 2902 5005 qui
2934 4931 3075 4989 tollis
3092 4938 3309 5002 peccata
3340 4927 3544 4998 mundi,
3578 4927 3873 4991 miserere

2245 5026 2318 5068 no
2362 5026 2406 5066 ιε
2437 5019 2482 5063 6.
2821 5049 2834 5061 .

2320 5178 2339 5217 τ
2383 5179 2436 5233 In
2460 5177 2594 5233 Cod.
2647 5176 2780 5246 Reg.
2839 5173 3002 5231 Suec.
3053 5169 3308 5246 additur:
3345 5168 3562 5224 Necnon
3605 5176 3662 5246 ct_
3694 5167 3875 5246 beato

2241 5251 2497 5320 Dionysio
2538 5239 2766 5320 martyr'e
2792 5257 2876 5320 tuo
2907 5254 3058 5320 atque
3086 5243 3328 5320 pontiﬁce
3373 5257 3488 5320 cum
3536 5239 3687 5320 sociis
3729 5245 3875 5299 sm’s

2245 5313 2455 5377 Rustico
2483 5329 2530 5376 et
2564 5313 2880 5390 Ele‘titherio,
2913 5326 2956 5372 et
2977 5313 3139 5390 beato
3180 5313 3465 5390 (itadouldq
3495 5314 3740 5390 confess.-
3785 5326 3872 5382 ιη,

2244 5406 2292 5450 et
2325 5394 2578 5459 omnibus,
2619 5377 2722 5446 θῗέ.
2778 5391 2832 5443 In
2870 5377 3070 5459 i’amel.
3103 5385 3234 5438 Cod.
3285 5399 3396 5436 cum
3444 5377 3877 5459 beatng/riacé

2246 5466 2404 5520 Mart.
2433 5473 2472 5518 t.
2505 5452 2756 5517 ct'sanclo
2783 5458 3005 5514 Martino
3050 5461 3270 5524 confess.
3330 5463 3368 5506 t.
3419 5467 3540 5522 qua:
3591 5452 3646 5506 in
3697 5453 3868 5511 Cod.

2245 5539 2379 5607 Reg.
2413 5537 2570 5589 Suec.
2621 5533 3021 5607 desiderantur.
3050 5530 3104 5607 In
3136 5529 3170 5607 ιζ
3201 5525 3488 5607 (Thetidem.
3520 5524 3876 5607 inserunth

2247 5596 2354 5663 hin
2383 5609 2595 5662 nomina
2626 5614 2930 5658 sanctorum
2985 5599 3244 5666 Quintini,
3297 5596 3514 5663 Nicasii,
3565 5596 3874 5670 Gregorii,

2245 5680 2482 5736 Medardi
2513 5687 2566 5750 et
2595 5676 2775 5750 Eligii.
2822 5747 2835 5750 _
2872 5746 2931 5750 __
3040 5745 3055 5750 _
3549 5739 3586 5750 η
3660 5735 3692 5750 ,,

2322 5761 2345 5797 6
2371 5753 2495 5805 Post
2525 5739 2706 5815 Agnus
2734 5747 2783 5800 in
2815 5747 2840 5800 l
2871 5745 3080 5819 Theod.
3108 5752 3404 5819 sequuntur
3426 5739 3878 5819 sex__()rationes

2249 5838 2315 5879 ex
2349 5822 2539 5891 quibus
2571 5812 2810 5874 eccunda
2831 5828 2950 5874 est:
2981 5812 3195 5891 Domine
3219 5816 3275 5871 J.
3304 5815 3360 5868 (ἐ.
3388 5815 3473 5881 qui
3502 5812 3677 5891 duxisti
3700 5825 3876 5891 ap9_

2250 5884 2395 5950 stolis
2423 5895 2542 5960 tuis,
2577 5909 2752 5962 pacem
2778 5892 3010 5960 relinquo
3034 5888 3194 5954 vobis,
3243 5897 3372 5955 ctc.,
3414 5899 3531 5961 quin
3558 5884 3760 5950 legitur
3798 5885 3874 5941 in
