  <div class='ocr_page' id='page_1' title='image "/cluster/home/n/w/nwhite01/storage/ocr_20150623/78/hvd.32044015469406/022.png"; bbox 0 0 4064 6350; ppageno 0'>
   <div class='ocr_carea' id='block_1_1' title="bbox 170 416 237 471">
    <p class='ocr_par' dir='ltr' id='par_1_1' title="bbox 170 416 237 471">
     <span class='ocr_line' id='line_1_1' title="bbox 170 416 237 471; baseline 0 0"><span class='ocrx_word' id='word_1_1' title='bbox 170 416 237 471; x_wconf 67' lang='grc'>30</span> 
     </span>
    </p>
   </div>
   <div class='ocr_carea' id='block_1_2' title="bbox 1368 392 2244 457">
    <p class='ocr_par' dir='ltr' id='par_1_2' title="bbox 1368 392 2244 457">
     <span class='ocr_line' id='line_1_2' title="bbox 1368 392 2244 457; baseline -0.008 0"><span class='ocrx_word' id='word_1_2' title='bbox 1368 398 1571 457; x_wconf 79' lang='lat' dir='ltr'><strong>LIBER</strong></span> <span class='ocrx_word' id='word_1_3' title='bbox 1608 392 2244 457; x_wconf 67' lang='lat' dir='ltr'><strong>SACRAMENTOBUM.</strong></span> 
     </span>
    </p>
   </div>
   <div class='ocr_carea' id='block_1_3' title="bbox 3348 400 3417 457">
    <p class='ocr_par' dir='ltr' id='par_1_3' title="bbox 3348 400 3417 457">
     <span class='ocr_line' id='line_1_3' title="bbox 3348 400 3417 457; baseline 0.029 -2"><span class='ocrx_word' id='word_1_4' title='bbox 3348 400 3417 457; x_wconf 80' lang='grc'>50</span> 
     </span>
    </p>
   </div>
   <div class='ocr_carea' id='block_1_4' title="bbox 238 508 1770 588">
    <p class='ocr_par' dir='ltr' id='par_1_4' title="bbox 238 529 1661 588">
     <span class='ocr_line' id='line_1_4' title="bbox 238 529 1661 588; baseline -0.01 -1"><span class='ocrx_word' id='word_1_5' title='bbox 238 540 264 570; x_wconf 81' lang='grc'>⁸</span> <span class='ocrx_word' id='word_1_6' title='bbox 300 544 354 588; x_wconf 75' lang='grc' dir='ltr'><strong>ιι</strong></span> <span class='ocrx_word' id='word_1_7' title='bbox 392 538 627 582; x_wconf 70' lang='grc' dir='ltr'><strong>κιιειω.</strong></span> <span class='ocrx_word' id='word_1_8' title='bbox 674 535 940 579; x_wconf 70' lang='grc' dir='ltr'><strong>«ΙΔΝυΔΒΙῙ.</strong></span> <span class='ocrx_word' id='word_1_9' title='bbox 979 548 1048 567; x_wconf 83' lang='lat'><strong>-—</strong></span> <span class='ocrx_word' id='word_1_10' title='bbox 1083 533 1137 575; x_wconf 77' lang='lat' dir='ltr'><strong>IN</strong></span> <span class='ocrx_word' id='word_1_11' title='bbox 1187 530 1387 575; x_wconf 70' lang='lat' dir='ltr'><strong>VIGILIA</strong></span> <span class='ocrx_word' id='word_1_12' title='bbox 1433 529 1661 573; x_wconf 72' lang='lat' dir='ltr'><strong>NA&#39;I&#39;ALIS</strong></span> 
     </span>
    </p>
   </div>
   <div class='ocr_carea' id='block_1_5' title="bbox 1868 508 3419 588">
    <p class='ocr_par' dir='ltr' id='par_1_5' title="bbox 1918 508 3419 586">
     <span class='ocr_line' id='line_1_5' title="bbox 1918 508 3419 586; baseline 0.005 -21"><span class='ocrx_word' id='word_1_13' title='bbox 1918 508 2191 581; x_wconf 68' lang='lat' dir='ltr'><strong>Praefatio.</strong></span> <span class='ocrx_word' id='word_1_14' title='bbox 2220 538 2289 552; x_wconf 92' lang='lat'><strong>—-</strong></span> <span class='ocrx_word' id='word_1_15' title='bbox 2314 509 2450 568; x_wconf 88' lang='lat' dir='ltr'><strong>Vere</strong></span> <span class='ocrx_word' id='word_1_16' title='bbox 2475 510 2695 583; x_wconf 86' lang='lat' dir='ltr'><strong>dignum</strong></span> <span class='ocrx_word' id='word_1_17' title='bbox 2727 519 2781 569; x_wconf 88' lang='lat' dir='ltr'><strong>et</strong></span> <span class='ocrx_word' id='word_1_18' title='bbox 2804 512 3006 583; x_wconf 83' lang='lat' dir='ltr'><strong>justum</strong></span> <span class='ocrx_word' id='word_1_19' title='bbox 3060 522 3162 582; x_wconf 77' lang='lat' dir='ltr'><strong>eat,</strong></span> <span class='ocrx_word' id='word_1_20' title='bbox 3209 530 3419 586; x_wconf 83' lang='lat' dir='ltr'><strong>aequum</strong></span> 
     </span>
    </p>
   </div>
   <div class='ocr_carea' id='block_1_6' title="bbox 860 628 1061 670">
    <p class='ocr_par' dir='ltr' id='par_1_6' title="bbox 860 628 1061 670">
     <span class='ocr_line' id='line_1_6' title="bbox 860 628 1061 670; baseline -0.02 0"><span class='ocrx_word' id='word_1_21' title='bbox 860 628 1061 670; x_wconf 73' lang='lat' dir='ltr'><strong>DOlllNl.</strong></span> 
     </span>
    </p>
   </div>
   <div class='ocr_carea' id='block_1_7' title="bbox 235 698 1747 784">
    <p class='ocr_par' dir='ltr' id='par_1_7' title="bbox 235 698 1747 784">
     <span class='ocr_line' id='line_1_7' title="bbox 235 698 1747 784; baseline -0.012 -13"><span class='ocrx_word' id='word_1_22' title='bbox 235 713 317 771; x_wconf 77' lang='lat' dir='ltr'><strong>Ad</strong></span> <span class='ocrx_word' id='word_1_23' title='bbox 340 709 458 784; x_wconf 83' lang='lat'><strong>(89)</strong></span> <span class='ocrx_word' id='word_1_24' title='bbox 490 706 544 765; x_wconf 87' lang='grc' dir='ltr'><strong><em>Ν</em></strong></span> <span class='ocrx_word' id='word_1_25' title='bbox 549 722 723 762; x_wconf 82' lang='lat' dir='ltr'><strong>unam.</strong></span> <span class='ocrx_word' id='word_1_26' title='bbox 750 734 821 749; x_wconf 92' lang='lat'><strong><em>——</em></strong></span> <span class='ocrx_word' id='word_1_27' title='bbox 850 703 965 774; x_wconf 87' lang='grc'>(90)</span> <span class='ocrx_word' id='word_1_28' title='bbox 996 702 1156 767; x_wconf 83' lang='lat' dir='ltr'><strong>Deus,</strong></span> <span class='ocrx_word' id='word_1_29' title='bbox 1179 701 1267 772; x_wconf 91' lang='lat' dir='ltr'><strong>qui</strong></span> <span class='ocrx_word' id='word_1_30' title='bbox 1291 712 1388 756; x_wconf 91' lang='lat' dir='ltr'><strong>nos</strong></span> <span class='ocrx_word' id='word_1_31' title='bbox 1407 698 1747 769; x_wconf 80' lang='lat' dir='ltr'><strong>Redemptio-</strong></span> 
     </span>
    </p>
   </div>
   <div class='ocr_carea' id='block_1_8' title="bbox 170 790 1747 873">
    <p class='ocr_par' dir='ltr' id='par_1_8' title="bbox 170 790 1747 873">
     <span class='ocr_line' id='line_1_8' title="bbox 170 790 1747 873; baseline -0.015 -6"><span class='ocrx_word' id='word_1_32' title='bbox 170 811 254 867; x_wconf 89' lang='lat' dir='ltr'><strong>nis</strong></span> <span class='ocrx_word' id='word_1_33' title='bbox 291 814 489 873; x_wconf 75' lang='lat' dir='ltr'><strong>nostra:</strong></span> <span class='ocrx_word' id='word_1_34' title='bbox 514 812 691 858; x_wconf 89' lang='lat' dir='ltr'><strong>annua</strong></span> <span class='ocrx_word' id='word_1_35' title='bbox 712 794 1106 867; x_wconf 76' lang='lat' dir='ltr'><strong>exspectatione</strong></span> <span class='ocrx_word' id='word_1_36' title='bbox 1128 794 1386 860; x_wconf 82' lang='lat' dir='ltr'><strong>laetiﬁcas,</strong></span> <span class='ocrx_word' id='word_1_37' title='bbox 1418 790 1526 861; x_wconf 82' lang='grc'>(91)</span> <span class='ocrx_word' id='word_1_38' title='bbox 1551 800 1747 860; x_wconf 70' lang='lat' dir='ltr'><strong>praesta</strong></span> 
     </span>
    </p>
   </div>
   <div class='ocr_carea' id='block_1_9' title="bbox 170 882 1749 970">
    <p class='ocr_par' dir='ltr' id='par_1_9' title="bbox 170 882 1749 970">
     <span class='ocr_line' id='line_1_9' title="bbox 170 882 1749 970; baseline -0.014 -12"><span class='ocrx_word' id='word_1_39' title='bbox 170 910 226 958; x_wconf 92' lang='lat' dir='ltr'><strong>ut</strong></span> <span class='ocrx_word' id='word_1_40' title='bbox 256 896 599 970; x_wconf 82' lang='lat' dir='ltr'><strong>Unigenitum</strong></span> <span class='ocrx_word' id='word_1_41' title='bbox 630 902 777 948; x_wconf 89' lang='lat' dir='ltr'><strong>tuum</strong></span> <span class='ocrx_word' id='word_1_42' title='bbox 810 902 967 960; x_wconf 88' lang='lat' dir='ltr'><strong>quem</strong></span> <span class='ocrx_word' id='word_1_43' title='bbox 998 886 1411 956; x_wconf 84' lang='lat' dir='ltr'><strong>Redemptorem</strong></span> <span class='ocrx_word' id='word_1_44' title='bbox 1444 882 1549 937; x_wconf 75' lang='lat' dir='ltr'><strong>laeti</strong></span> <span class='ocrx_word' id='word_1_45' title='bbox 1575 894 1749 937; x_wconf 86' lang='lat' dir='ltr'><strong>susce-</strong></span> 
     </span>
    </p>
   </div>
   <div class='ocr_carea' id='block_1_10' title="bbox 171 970 1749 1063">
    <p class='ocr_par' dir='ltr' id='par_1_10' title="bbox 171 970 1749 1063">
     <span class='ocr_line' id='line_1_10' title="bbox 171 970 1749 1063; baseline -0.015 -14"><span class='ocrx_word' id='word_1_46' title='bbox 171 992 367 1063; x_wconf 85' lang='lat' dir='ltr'><strong>pimus,</strong></span> <span class='ocrx_word' id='word_1_47' title='bbox 398 985 703 1042; x_wconf 76' lang='lat' dir='ltr'><strong>venientem</strong></span> <span class='ocrx_word' id='word_1_48' title='bbox 743 992 953 1051; x_wconf 90' lang='lat' dir='ltr'><strong>quoque</strong></span> <span class='ocrx_word' id='word_1_49' title='bbox 978 976 1212 1049; x_wconf 75' lang='lat' dir='ltr'><strong>iudicem</strong></span> <span class='ocrx_word' id='word_1_50' title='bbox 1263 972 1438 1031; x_wconf 87' lang='lat' dir='ltr'><strong>securi</strong></span> <span class='ocrx_word' id='word_1_51' title='bbox 1478 970 1749 1028; x_wconf 79' lang='lat' dir='ltr'><strong>videamus</strong></span> 
     </span>
    </p>
   </div>
   <div class='ocr_carea' id='block_1_11' title="bbox 172 1067 1748 1143">
    <p class='ocr_par' dir='ltr' id='par_1_11' title="bbox 172 1067 1748 1143">
     <span class='ocr_line' id='line_1_11' title="bbox 172 1067 1748 1143; baseline -0.012 -4"><span class='ocrx_word' id='word_1_52' title='bbox 172 1083 456 1139; x_wconf 88' lang='lat' dir='ltr'><strong>Dominum</strong></span> <span class='ocrx_word' id='word_1_53' title='bbox 502 1086 764 1143; x_wconf 83' lang='lat' dir='ltr'><strong>nostrum,</strong></span> <span class='ocrx_word' id='word_1_54' title='bbox 809 1071 993 1131; x_wconf 78' lang='lat' dir='ltr'><strong>Jesum</strong></span> <span class='ocrx_word' id='word_1_55' title='bbox 1022 1071 1317 1138; x_wconf 76' lang='lat' dir='ltr'><strong>Christum,</strong></span> <span class='ocrx_word' id='word_1_56' title='bbox 1358 1067 1547 1125; x_wconf 87' lang='lat' dir='ltr'><strong>Filium</strong></span> <span class='ocrx_word' id='word_1_57' title='bbox 1577 1075 1748 1133; x_wconf 89' lang='lat' dir='ltr'><strong>tuum,</strong></span> 
     </span>
    </p>
   </div>
   <div class='ocr_carea' id='block_1_12' title="bbox 172 1160 1750 1248">
    <p class='ocr_par' dir='ltr' id='par_1_12' title="bbox 172 1160 1750 1248">
     <span class='ocr_line' id='line_1_12' title="bbox 172 1160 1750 1248; baseline -0.011 -16"><span class='ocrx_word' id='word_1_58' title='bbox 172 1174 284 1248; x_wconf 72' lang='lat'><strong>(92)</strong></span> <span class='ocrx_word' id='word_1_59' title='bbox 309 1173 402 1246; x_wconf 88' lang='lat' dir='ltr'><strong>qui</strong></span> <span class='ocrx_word' id='word_1_60' title='bbox 431 1180 605 1227; x_wconf 89' lang='lat' dir='ltr'><strong>tecum</strong></span> <span class='ocrx_word' id='word_1_61' title='bbox 625 1168 765 1224; x_wconf 48' lang='lat' dir='ltr'><strong>&#39;vivit</strong></span> <span class='ocrx_word' id='word_1_62' title='bbox 788 1174 844 1222; x_wconf 90' lang='lat' dir='ltr'><strong>et</strong></span> <span class='ocrx_word' id='word_1_63' title='bbox 868 1172 1055 1237; x_wconf 86' lang='lat' dir='ltr'><strong>regnat</strong></span> <span class='ocrx_word' id='word_1_64' title='bbox 1107 1163 1247 1221; x_wconf 88' lang='lat' dir='ltr'><strong>Deus</strong></span> <span class='ocrx_word' id='word_1_65' title='bbox 1283 1163 1335 1217; x_wconf 91' lang='lat' dir='ltr'><strong>in</strong></span> <span class='ocrx_word' id='word_1_66' title='bbox 1380 1161 1582 1217; x_wconf 87' lang='lat' dir='ltr'><strong>unitate</strong></span> <span class='ocrx_word' id='word_1_67' title='bbox 1627 1160 1750 1232; x_wconf 89' lang='lat' dir='ltr'><strong>Spi-</strong></span> 
     </span>
    </p>
   </div>
   <div class='ocr_carea' id='block_1_13' title="bbox 173 1251 1577 1333">
    <p class='ocr_par' dir='ltr' id='par_1_13' title="bbox 173 1251 1577 1333">
     <span class='ocr_line' id='line_1_13' title="bbox 173 1251 1577 1333; baseline -0.011 -11"><span class='ocrx_word' id='word_1_68' title='bbox 173 1266 305 1322; x_wconf 84' lang='lat' dir='ltr'><strong>ritus</strong></span> <span class='ocrx_word' id='word_1_69' title='bbox 348 1262 523 1320; x_wconf 84' lang='lat' dir='ltr'><strong>sancti</strong></span> <span class='ocrx_word' id='word_1_70' title='bbox 556 1259 672 1333; x_wconf 78' lang='lat'><strong>(95)</strong></span> <span class='ocrx_word' id='word_1_71' title='bbox 702 1271 797 1331; x_wconf 89' lang='lat' dir='ltr'><strong>per</strong></span> <span class='ocrx_word' id='word_1_72' title='bbox 822 1255 999 1312; x_wconf 88' lang='lat' dir='ltr'><strong>omnia</strong></span> <span class='ocrx_word' id='word_1_73' title='bbox 1022 1253 1215 1312; x_wconf 73' lang='lat' dir='ltr'><strong>stecula</strong></span> <span class='ocrx_word' id='word_1_74' title='bbox 1243 1251 1577 1308; x_wconf 80' lang='lat' dir='ltr'><strong>saeculorum.</strong></span> 
     </span>
    </p>
   </div>
   <div class='ocr_carea' id='block_1_14' title="bbox 243 1347 1750 1431">
    <p class='ocr_par' dir='ltr' id='par_1_14' title="bbox 243 1347 1750 1431">
     <span class='ocr_line' id='line_1_14' title="bbox 243 1347 1750 1431; baseline -0.008 -17"><span class='ocrx_word' id='word_1_75' title='bbox 243 1357 360 1431; x_wconf 66' lang='grc'>(94)</span> <span class='ocrx_word' id='word_1_76' title='bbox 391 1356 563 1428; x_wconf 84' lang='lat' dir='ltr'><strong>Super</strong></span> <span class='ocrx_word' id='word_1_77' title='bbox 586 1355 778 1411; x_wconf 82' lang='lat' dir='ltr'><strong>oblata.</strong></span> <span class='ocrx_word' id='word_1_78' title='bbox 800 1382 871 1392; x_wconf 93' lang='lat'><strong>——</strong></span> <span class='ocrx_word' id='word_1_79' title='bbox 897 1352 971 1406; x_wconf 85' lang='lat' dir='ltr'><strong>Da</strong></span> <span class='ocrx_word' id='word_1_80' title='bbox 992 1350 1169 1417; x_wconf 88' lang='lat' dir='ltr'><strong>nobis,</strong></span> <span class='ocrx_word' id='word_1_81' title='bbox 1215 1363 1540 1419; x_wconf 87' lang='lat' dir='ltr'><strong>quaesumus,</strong></span> <span class='ocrx_word' id='word_1_82' title='bbox 1574 1347 1750 1403; x_wconf 87' lang='lat' dir='ltr'><strong>omni-</strong></span> 
     </span>
    </p>
   </div>
   <div class='ocr_carea' id='block_1_15' title="bbox 171 1441 1751 1523">
    <p class='ocr_par' dir='ltr' id='par_1_15' title="bbox 171 1441 1751 1523">
     <span class='ocr_line' id='line_1_15' title="bbox 171 1441 1751 1523; baseline -0.006 -15"><span class='ocrx_word' id='word_1_83' title='bbox 171 1460 361 1523; x_wconf 86' lang='lat' dir='ltr'><strong>potens</strong></span> <span class='ocrx_word' id='word_1_84' title='bbox 410 1448 573 1516; x_wconf 89' lang='lat' dir='ltr'><strong>Deus,</strong></span> <span class='ocrx_word' id='word_1_85' title='bbox 616 1456 695 1515; x_wconf 92' lang='lat' dir='ltr'><strong>ut,</strong></span> <span class='ocrx_word' id='word_1_86' title='bbox 750 1448 889 1502; x_wconf 89' lang='lat' dir='ltr'><strong>sicut</strong></span> <span class='ocrx_word' id='word_1_87' title='bbox 934 1442 1203 1500; x_wconf 83' lang='lat' dir='ltr'><strong>adoranda</strong></span> <span class='ocrx_word' id='word_1_88' title='bbox 1252 1442 1374 1497; x_wconf 87' lang='lat' dir='ltr'><strong>Filii</strong></span> <span class='ocrx_word' id='word_1_89' title='bbox 1422 1442 1495 1497; x_wconf 92' lang='lat' dir='ltr'><strong>tui</strong></span> <span class='ocrx_word' id='word_1_90' title='bbox 1542 1441 1751 1498; x_wconf 83' lang='lat' dir='ltr'><strong>Natalia</strong></span> 
     </span>
    </p>
   </div>
   <div class='ocr_carea' id='block_1_16' title="bbox 175 1535 1751 1614">
    <p class='ocr_par' dir='ltr' id='par_1_16' title="bbox 175 1535 1751 1614">
     <span class='ocr_line' id='line_1_16' title="bbox 175 1535 1751 1614; baseline -0.003 -16"><span class='ocrx_word' id='word_1_91' title='bbox 175 1542 553 1614; x_wconf 85' lang='lat' dir='ltr'><strong>praevenimus,</strong></span> <span class='ocrx_word' id='word_1_92' title='bbox 606 1539 689 1595; x_wconf 91' lang='lat' dir='ltr'><strong>sic</strong></span> <span class='ocrx_word' id='word_1_93' title='bbox 731 1538 846 1611; x_wconf 84' lang='lat' dir='ltr'><strong>ejus</strong></span> <span class='ocrx_word' id='word_1_94' title='bbox 880 1551 1099 1593; x_wconf 87' lang='lat' dir='ltr'><strong>munera</strong></span> <span class='ocrx_word' id='word_1_95' title='bbox 1130 1535 1399 1606; x_wconf 87' lang='lat' dir='ltr'><strong>capiamus</strong></span> <span class='ocrx_word' id='word_1_96' title='bbox 1428 1539 1751 1607; x_wconf 86' lang='lat' dir='ltr'><strong>sempiterna</strong></span> 
     </span>
    </p>
   </div>
   <div class='ocr_carea' id='block_1_17' title="bbox 173 1627 904 1704">
    <p class='ocr_par' dir='ltr' id='par_1_17' title="bbox 173 1627 904 1704">
     <span class='ocr_line' id='line_1_17' title="bbox 173 1627 904 1704; baseline -0.007 -15"><span class='ocrx_word' id='word_1_97' title='bbox 173 1632 487 1704; x_wconf 75' lang='lat' dir='ltr'><strong>gaudentes.</strong></span> <span class='ocrx_word' id='word_1_98' title='bbox 510 1630 615 1685; x_wconf 90' lang='lat' dir='ltr'><strong>Per</strong></span> <span class='ocrx_word' id='word_1_99' title='bbox 636 1627 904 1684; x_wconf 91' lang='lat' dir='ltr'><strong>eumdem.</strong></span> 
     </span>
    </p>
   </div>
   <div class='ocr_carea' id='block_1_18' title="bbox 245 1718 1751 1799">
    <p class='ocr_par' dir='ltr' id='par_1_18' title="bbox 245 1718 1751 1799">
     <span class='ocr_line' id='line_1_18' title="bbox 245 1718 1751 1799; baseline -0.004 -17"><span class='ocrx_word' id='word_1_100' title='bbox 245 1725 364 1799; x_wconf 83' lang='lat'><strong>(95)</strong></span> <span class='ocrx_word' id='word_1_101' title='bbox 408 1723 659 1794; x_wconf 75' lang='lat' dir='ltr'><strong>Prtefatio</strong></span> <span class='ocrx_word' id='word_1_102' title='bbox 684 1720 740 1778; x_wconf 67' lang='grc' dir='ltr'><strong>ιτ.</strong></span> <span class='ocrx_word' id='word_1_103' title='bbox 781 1750 852 1762; x_wconf 91' lang='grc'><strong><em>-</em></strong></span> <span class='ocrx_word' id='word_1_104' title='bbox 884 1721 1019 1777; x_wconf 86' lang='lat' dir='ltr'><strong>Vere</strong></span> <span class='ocrx_word' id='word_1_105' title='bbox 1058 1718 1275 1791; x_wconf 84' lang='lat' dir='ltr'><strong>dignum</strong></span> <span class='ocrx_word' id='word_1_106' title='bbox 1321 1727 1377 1775; x_wconf 91' lang='lat' dir='ltr'><strong>et</strong></span> <span class='ocrx_word' id='word_1_107' title='bbox 1416 1720 1614 1790; x_wconf 84' lang='lat' dir='ltr'><strong>justum</strong></span> <span class='ocrx_word' id='word_1_108' title='bbox 1646 1729 1751 1788; x_wconf 80' lang='lat' dir='ltr'><strong>est,</strong></span> 
     </span>
    </p>
   </div>
   <div class='ocr_carea' id='block_1_19' title="bbox 176 1814 1753 1891">
    <p class='ocr_par' dir='ltr' id='par_1_19' title="bbox 176 1814 1753 1891">
     <span class='ocr_line' id='line_1_19' title="bbox 176 1814 1753 1891; baseline -0.003 -17"><span class='ocrx_word' id='word_1_109' title='bbox 176 1834 386 1891; x_wconf 67' lang='lat' dir='ltr'><strong>aequum</strong></span> <span class='ocrx_word' id='word_1_110' title='bbox 416 1825 471 1874; x_wconf 91' lang='lat' dir='ltr'><strong>et</strong></span> <span class='ocrx_word' id='word_1_111' title='bbox 497 1817 751 1884; x_wconf 88' lang='lat' dir='ltr'><strong>salutare,</strong></span> <span class='ocrx_word' id='word_1_112' title='bbox 782 1828 880 1873; x_wconf 91' lang='lat' dir='ltr'><strong>nos</strong></span> <span class='ocrx_word' id='word_1_113' title='bbox 912 1814 1003 1871; x_wconf 91' lang='lat' dir='ltr'><strong>tibi</strong></span> <span class='ocrx_word' id='word_1_114' title='bbox 1029 1829 1241 1885; x_wconf 87' lang='lat' dir='ltr'><strong>semper</strong></span> <span class='ocrx_word' id='word_1_115' title='bbox 1262 1821 1317 1870; x_wconf 90' lang='lat' dir='ltr'><strong>et</strong></span> <span class='ocrx_word' id='word_1_116' title='bbox 1336 1814 1532 1885; x_wconf 90' lang='lat' dir='ltr'><strong>ubique</strong></span> <span class='ocrx_word' id='word_1_117' title='bbox 1556 1814 1753 1885; x_wconf 79' lang='lat' dir='ltr'><strong>gratias</strong></span> 
     </span>
    </p>
   </div>
   <div class='ocr_carea' id='block_1_20' title="bbox 174 1893 1834 1982">
    <p class='ocr_par' dir='ltr' id='par_1_20' title="bbox 174 1893 1834 1982">
     <span class='ocr_line' id='line_1_20' title="bbox 174 1893 1834 1982; baseline -0.006 -17"><span class='ocrx_word' id='word_1_118' title='bbox 174 1926 350 1982; x_wconf 84' lang='lat' dir='ltr'><strong>agere,</strong></span> <span class='ocrx_word' id='word_1_119' title='bbox 403 1908 634 1965; x_wconf 89' lang='lat' dir='ltr'><strong>Domine</strong></span> <span class='ocrx_word' id='word_1_120' title='bbox 685 1918 890 1972; x_wconf 84' lang='lat' dir='ltr'><strong>sancte,</strong></span> <span class='ocrx_word' id='word_1_121' title='bbox 948 1906 1107 1962; x_wconf 87' lang='lat' dir='ltr'><strong>Pater</strong></span> <span class='ocrx_word' id='word_1_122' title='bbox 1154 1906 1513 1975; x_wconf 88' lang='lat' dir='ltr'><strong>omnipotens,</strong></span> <span class='ocrx_word' id='word_1_123' title='bbox 1558 1915 1755 1962; x_wconf 78' lang='lat' dir='ltr'><strong>aeterne</strong></span> <span class='ocrx_word' id='word_1_124' title='bbox 1784 1893 1834 1955; x_wconf 86' lang='grc' dir='ltr'><strong>Β</strong></span> 
     </span>
    </p>
   </div>
   <div class='ocr_carea' id='block_1_21' title="bbox 179 1996 1756 2066">
    <p class='ocr_par' dir='ltr' id='par_1_21' title="bbox 179 1996 1756 2066">
     <span class='ocr_line' id='line_1_21' title="bbox 179 1996 1756 2066; baseline -0.003 -11"><span class='ocrx_word' id='word_1_125' title='bbox 179 2000 343 2056; x_wconf 87' lang='lat' dir='ltr'><strong>Deus.</strong></span> <span class='ocrx_word' id='word_1_126' title='bbox 366 1999 473 2056; x_wconf 84' lang='lat' dir='ltr'><strong>Per</strong></span> <span class='ocrx_word' id='word_1_127' title='bbox 499 1997 773 2054; x_wconf 86' lang='lat' dir='ltr'><strong>Christum</strong></span> <span class='ocrx_word' id='word_1_128' title='bbox 801 1996 1080 2052; x_wconf 90' lang='lat' dir='ltr'><strong>Dominum</strong></span> <span class='ocrx_word' id='word_1_129' title='bbox 1111 2005 1352 2051; x_wconf 90' lang='lat' dir='ltr'><strong>nostrum</strong></span> <span class='ocrx_word' id='word_1_130' title='bbox 1384 2014 1397 2051; x_wconf 88' lang='lat'><strong>:</strong></span> <span class='ocrx_word' id='word_1_131' title='bbox 1423 1997 1575 2066; x_wconf 91' lang='lat' dir='ltr'><strong>cujus</strong></span> <span class='ocrx_word' id='word_1_132' title='bbox 1598 1996 1756 2052; x_wconf 90' lang='lat' dir='ltr'><strong>hodie</strong></span> 
     </span>
    </p>
   </div>
   <div class='ocr_carea' id='block_1_22' title="bbox 174 2086 1756 2158">
    <p class='ocr_par' dir='ltr' id='par_1_22' title="bbox 174 2086 1756 2158">
     <span class='ocr_line' id='line_1_22' title="bbox 174 2086 1756 2158; baseline -0.002 -14"><span class='ocrx_word' id='word_1_133' title='bbox 174 2089 366 2148; x_wconf 82' lang='lat' dir='ltr'><strong>faciem</strong></span> <span class='ocrx_word' id='word_1_134' title='bbox 398 2090 454 2146; x_wconf 91' lang='lat' dir='ltr'><strong>in</strong></span> <span class='ocrx_word' id='word_1_135' title='bbox 483 2088 821 2146; x_wconf 79' lang='lat' dir='ltr'><strong>confessione</strong></span> <span class='ocrx_word' id='word_1_136' title='bbox 846 2088 1226 2158; x_wconf 65' lang='lat' dir='ltr'><strong>praevenimus,</strong></span> <span class='ocrx_word' id='word_1_137' title='bbox 1268 2095 1324 2142; x_wconf 90' lang='lat' dir='ltr'><strong>et</strong></span> <span class='ocrx_word' id='word_1_138' title='bbox 1364 2102 1495 2143; x_wconf 89' lang='lat' dir='ltr'><strong>voce</strong></span> <span class='ocrx_word' id='word_1_139' title='bbox 1531 2086 1756 2157; x_wconf 89' lang='lat' dir='ltr'><strong>supplici</strong></span> 
     </span>
    </p>
   </div>
   <div class='ocr_carea' id='block_1_23' title="bbox 174 2178 1760 2253">
    <p class='ocr_par' dir='ltr' id='par_1_23' title="bbox 174 2178 1760 2253">
     <span class='ocr_line' id='line_1_23' title="bbox 174 2178 1760 2253; baseline -0.004 -13"><span class='ocrx_word' id='word_1_140' title='bbox 174 2198 491 2250; x_wconf 79' lang='lat' dir='ltr'><strong>exoramus,</strong></span> <span class='ocrx_word' id='word_1_141' title='bbox 516 2190 575 2237; x_wconf 90' lang='lat' dir='ltr'><strong>ut</strong></span> <span class='ocrx_word' id='word_1_142' title='bbox 591 2190 988 2253; x_wconf 61' lang='lat' dir='ltr'><strong>superventurz</strong></span> <span class='ocrx_word' id='word_1_143' title='bbox 1009 2181 1183 2238; x_wconf 89' lang='lat' dir='ltr'><strong>noctis</strong></span> <span class='ocrx_word' id='word_1_144' title='bbox 1205 2178 1397 2236; x_wconf 89' lang='lat' dir='ltr'><strong>ofﬁciis</strong></span> <span class='ocrx_word' id='word_1_145' title='bbox 1426 2193 1523 2235; x_wconf 88' lang='lat' dir='ltr'><strong>nos</strong></span> <span class='ocrx_word' id='word_1_146' title='bbox 1545 2180 1615 2235; x_wconf 90' lang='lat' dir='ltr'><strong>ita</strong></span> <span class='ocrx_word' id='word_1_147' title='bbox 1640 2195 1760 2249; x_wconf 87' lang='lat' dir='ltr'><strong>pcr-</strong></span> 
     </span>
    </p>
   </div>
   <div class='ocr_carea' id='block_1_24' title="bbox 173 2272 1760 2346">
    <p class='ocr_par' dir='ltr' id='par_1_24' title="bbox 173 2272 1760 2346">
     <span class='ocr_line' id='line_1_24' title="bbox 173 2272 1760 2346; baseline 0.001 -15"><span class='ocrx_word' id='word_1_148' title='bbox 173 2276 369 2346; x_wconf 85' lang='lat' dir='ltr'><strong>vigiles</strong></span> <span class='ocrx_word' id='word_1_149' title='bbox 419 2274 628 2341; x_wconf 85' lang='lat' dir='ltr'><strong>reddat,</strong></span> <span class='ocrx_word' id='word_1_150' title='bbox 677 2282 733 2329; x_wconf 90' lang='lat' dir='ltr'><strong>ut</strong></span> <span class='ocrx_word' id='word_1_151' title='bbox 766 2274 994 2330; x_wconf 88' lang='lat' dir='ltr'><strong>sinceris</strong></span> <span class='ocrx_word' id='word_1_152' title='bbox 1034 2273 1300 2329; x_wconf 86' lang='lat' dir='ltr'><strong>mentibus</strong></span> <span class='ocrx_word' id='word_1_153' title='bbox 1329 2273 1442 2343; x_wconf 85' lang='lat' dir='ltr'><strong>ejus</strong></span> <span class='ocrx_word' id='word_1_154' title='bbox 1483 2272 1760 2344; x_wconf 81' lang='lat' dir='ltr'><strong>percipere</strong></span> 
     </span>
    </p>
   </div>
   <div class='ocr_carea' id='block_1_25' title="bbox 174 2364 1761 2435">
    <p class='ocr_par' dir='ltr' id='par_1_25' title="bbox 174 2364 1761 2435">
     <span class='ocr_line' id='line_1_25' title="bbox 174 2364 1761 2435; baseline 0.001 -13"><span class='ocrx_word' id='word_1_155' title='bbox 174 2381 485 2422; x_wconf 87' lang='lat' dir='ltr'><strong>mereamur</strong></span> <span class='ocrx_word' id='word_1_156' title='bbox 510 2364 692 2421; x_wconf 83' lang='lat' dir='ltr'><strong>Natale</strong></span> <span class='ocrx_word' id='word_1_157' title='bbox 721 2373 1023 2432; x_wconf 89' lang='lat' dir='ltr'><strong>venturum,</strong></span> <span class='ocrx_word' id='word_1_158' title='bbox 1049 2365 1102 2421; x_wconf 90' lang='lat' dir='ltr'><strong>in</strong></span> <span class='ocrx_word' id='word_1_159' title='bbox 1125 2380 1230 2435; x_wconf 93' lang='lat' dir='ltr'><strong>quo</strong></span> <span class='ocrx_word' id='word_1_160' title='bbox 1252 2364 1531 2421; x_wconf 82' lang='lat' dir='ltr'><strong>invisibilis</strong></span> <span class='ocrx_word' id='word_1_161' title='bbox 1545 2380 1610 2421; x_wconf 82' lang='lat' dir='ltr'><strong>ex</strong></span> <span class='ocrx_word' id='word_1_162' title='bbox 1632 2367 1761 2424; x_wconf 87' lang='lat' dir='ltr'><strong>sub-</strong></span> 
     </span>
    </p>
   </div>
   <div class='ocr_carea' id='block_1_26' title="bbox 176 2457 1757 2529">
    <p class='ocr_par' dir='ltr' id='par_1_26' title="bbox 176 2457 1757 2529">
     <span class='ocr_line' id='line_1_26' title="bbox 176 2457 1757 2529; baseline 0.001 -17"><span class='ocrx_word' id='word_1_163' title='bbox 176 2460 373 2513; x_wconf 85' lang='lat' dir='ltr'><strong>stantia</strong></span> <span class='ocrx_word' id='word_1_164' title='bbox 398 2465 488 2513; x_wconf 88' lang='lat' dir='ltr'><strong>tua</strong></span> <span class='ocrx_word' id='word_1_165' title='bbox 516 2457 734 2513; x_wconf 81' lang='lat' dir='ltr'><strong>visibilis</strong></span> <span class='ocrx_word' id='word_1_166' title='bbox 766 2471 861 2529; x_wconf 90' lang='lat' dir='ltr'><strong>per</strong></span> <span class='ocrx_word' id='word_1_167' title='bbox 884 2470 1101 2513; x_wconf 88' lang='lat' dir='ltr'><strong>carnem</strong></span> <span class='ocrx_word' id='word_1_168' title='bbox 1145 2458 1390 2528; x_wconf 85' lang='lat' dir='ltr'><strong>apparuit</strong></span> <span class='ocrx_word' id='word_1_169' title='bbox 1428 2457 1483 2512; x_wconf 91' lang='lat' dir='ltr'><strong>in</strong></span> <span class='ocrx_word' id='word_1_170' title='bbox 1529 2465 1709 2514; x_wconf 88' lang='lat' dir='ltr'><strong>nostra</strong></span> <span class='ocrx_word' id='word_1_171' title='bbox 1741 2500 1757 2527; x_wconf 94' lang='lat'><strong>,</strong></span> 
     </span>
    </p>
   </div>
   <div class='ocr_carea' id='block_1_27' title="bbox 180 2550 1759 2620">
    <p class='ocr_par' dir='ltr' id='par_1_27' title="bbox 180 2550 1759 2620">
     <span class='ocr_line' id='line_1_27' title="bbox 180 2550 1759 2620; baseline 0.001 -17"><span class='ocrx_word' id='word_1_172' title='bbox 180 2559 467 2620; x_wconf 86' lang='lat' dir='ltr'><strong>tecumque</strong></span> <span class='ocrx_word' id='word_1_173' title='bbox 495 2563 632 2604; x_wconf 87' lang='lat' dir='ltr'><strong>unus</strong></span> <span class='ocrx_word' id='word_1_174' title='bbox 681 2562 787 2604; x_wconf 92' lang='lat' dir='ltr'><strong>non</strong></span> <span class='ocrx_word' id='word_1_175' title='bbox 830 2557 1071 2617; x_wconf 90' lang='lat' dir='ltr'><strong>tempore</strong></span> <span class='ocrx_word' id='word_1_176' title='bbox 1115 2550 1350 2620; x_wconf 84' lang='lat' dir='ltr'><strong>genitus,</strong></span> <span class='ocrx_word' id='word_1_177' title='bbox 1406 2564 1516 2605; x_wconf 91' lang='lat' dir='ltr'><strong>non</strong></span> <span class='ocrx_word' id='word_1_178' title='bbox 1571 2558 1759 2606; x_wconf 89' lang='lat' dir='ltr'><strong>natura</strong></span> 
     </span>
    </p>
   </div>
   <div class='ocr_carea' id='block_1_28' title="bbox 178 2640 1765 2714">
    <p class='ocr_par' dir='ltr' id='par_1_28' title="bbox 178 2640 1765 2714">
     <span class='ocr_line' id='line_1_28' title="bbox 178 2640 1765 2714; baseline 0.001 -17"><span class='ocrx_word' id='word_1_179' title='bbox 178 2641 401 2697; x_wconf 88' lang='lat' dir='ltr'><strong>inferior</strong></span> <span class='ocrx_word' id='word_1_180' title='bbox 433 2682 449 2707; x_wconf 90' lang='lat'><strong>,</strong></span> <span class='ocrx_word' id='word_1_181' title='bbox 515 2640 584 2697; x_wconf 89' lang='lat' dir='ltr'><strong>ad</strong></span> <span class='ocrx_word' id='word_1_182' title='bbox 636 2655 740 2697; x_wconf 90' lang='lat' dir='ltr'><strong>nos</strong></span> <span class='ocrx_word' id='word_1_183' title='bbox 792 2640 941 2697; x_wconf 81' lang='lat' dir='ltr'><strong>venit</strong></span> <span class='ocrx_word' id='word_1_184' title='bbox 987 2655 1053 2696; x_wconf 80' lang='lat' dir='ltr'><strong>ex</strong></span> <span class='ocrx_word' id='word_1_185' title='bbox 1120 2650 1358 2714; x_wconf 91' lang='lat' dir='ltr'><strong>tempore</strong></span> <span class='ocrx_word' id='word_1_186' title='bbox 1410 2650 1590 2699; x_wconf 85' lang='lat' dir='ltr'><strong>natus.</strong></span> <span class='ocrx_word' id='word_1_187' title='bbox 1663 2642 1765 2699; x_wconf 87' lang='lat' dir='ltr'><strong>Per</strong></span> 
     </span>
    </p>
   </div>
   <div class='ocr_carea' id='block_1_29' title="bbox 184 2741 507 2804">
    <p class='ocr_par' dir='ltr' id='par_1_29' title="bbox 184 2741 507 2804">
     <span class='ocr_line' id='line_1_29' title="bbox 184 2741 507 2804; baseline -0.012 -15"><span class='ocrx_word' id='word_1_188' title='bbox 184 2749 367 2804; x_wconf 87' lang='lat' dir='ltr'><strong>quem,</strong></span> <span class='ocrx_word' id='word_1_189' title='bbox 399 2741 507 2787; x_wconf 90' lang='lat' dir='ltr'><strong>etc.</strong></span> 
     </span>
    </p>
   </div>
   <div class='ocr_carea' id='block_1_30' title="bbox 254 2821 1768 2897">
    <p class='ocr_par' dir='ltr' id='par_1_30' title="bbox 254 2821 1768 2897">
     <span class='ocr_line' id='line_1_30' title="bbox 254 2821 1768 2897; baseline 0.001 -18"><span class='ocrx_word' id='word_1_190' title='bbox 254 2824 367 2897; x_wconf 84' lang='lat'><strong>(96)</strong></span> <span class='ocrx_word' id='word_1_191' title='bbox 392 2824 475 2878; x_wconf 79' lang='lat' dir='ltr'><strong>Ad</strong></span> <span class='ocrx_word' id='word_1_192' title='bbox 496 2822 868 2893; x_wconf 84' lang='lat' dir='ltr'><strong>Complendum</strong></span> <span class='ocrx_word' id='word_1_193' title='bbox 899 2833 944 2877; x_wconf 62' lang='grc' dir='ltr'><strong>α.</strong></span> <span class='ocrx_word' id='word_1_194' title='bbox 968 2852 1037 2863; x_wconf 92' lang='grc'><strong><em>-</em></strong></span> <span class='ocrx_word' id='word_1_195' title='bbox 1058 2821 1133 2878; x_wconf 90' lang='lat' dir='ltr'><strong>Da</strong></span> <span class='ocrx_word' id='word_1_196' title='bbox 1151 2823 1324 2889; x_wconf 87' lang='lat' dir='ltr'><strong>nobis,</strong></span> <span class='ocrx_word' id='word_1_197' title='bbox 1348 2824 1595 2896; x_wconf 86' lang='lat' dir='ltr'><strong>Domine,</strong></span> <span class='ocrx_word' id='word_1_198' title='bbox 1618 2838 1768 2897; x_wconf 86' lang='lat' dir='ltr'><strong>quae-</strong></span> 
     </span>
    </p>
   </div>
   <div class='ocr_carea' id='block_1_31' title="bbox 181 2904 1768 2987">
    <p class='ocr_par' dir='ltr' id='par_1_31' title="bbox 181 2904 1768 2987">
     <span class='ocr_line' id='line_1_31' title="bbox 181 2904 1768 2987; baseline 0.001 -16"><span class='ocrx_word' id='word_1_199' title='bbox 181 2931 389 2987; x_wconf 88' lang='lat' dir='ltr'><strong>sumus,</strong></span> <span class='ocrx_word' id='word_1_200' title='bbox 424 2914 694 2986; x_wconf 84' lang='lat' dir='ltr'><strong>Unigeniti</strong></span> <span class='ocrx_word' id='word_1_201' title='bbox 722 2904 839 2970; x_wconf 87' lang='lat' dir='ltr'><strong>Filii</strong></span> <span class='ocrx_word' id='word_1_202' title='bbox 869 2914 942 2970; x_wconf 91' lang='lat' dir='ltr'><strong>tui</strong></span> <span class='ocrx_word' id='word_1_203' title='bbox 981 2916 1245 2972; x_wconf 86' lang='lat' dir='ltr'><strong>recensita</strong></span> <span class='ocrx_word' id='word_1_204' title='bbox 1275 2915 1559 2973; x_wconf 89' lang='lat' dir='ltr'><strong>Nativitate</strong></span> <span class='ocrx_word' id='word_1_205' title='bbox 1593 2917 1768 2987; x_wconf 90' lang='lat' dir='ltr'><strong>respi-</strong></span> 
     </span>
    </p>
   </div>
   <div class='ocr_carea' id='block_1_32' title="bbox 180 3004 1772 3080">
    <p class='ocr_par' dir='ltr' id='par_1_32' title="bbox 180 3004 1772 3080">
     <span class='ocr_line' id='line_1_32' title="bbox 180 3004 1772 3080; baseline 0.001 -16"><span class='ocrx_word' id='word_1_206' title='bbox 180 3024 323 3076; x_wconf 84' lang='lat' dir='ltr'><strong>rare,</strong></span> <span class='ocrx_word' id='word_1_207' title='bbox 379 3010 535 3079; x_wconf 86' lang='lat' dir='ltr'><strong>cujus</strong></span> <span class='ocrx_word' id='word_1_208' title='bbox 573 3008 778 3064; x_wconf 67' lang='lat' dir='ltr'><strong>caelesti</strong></span> <span class='ocrx_word' id='word_1_209' title='bbox 820 3009 1073 3080; x_wconf 85' lang='lat' dir='ltr'><strong>mysterio</strong></span> <span class='ocrx_word' id='word_1_210' title='bbox 1116 3004 1383 3080; x_wconf 86' lang='lat' dir='ltr'><strong>pascimur</strong></span> <span class='ocrx_word' id='word_1_211' title='bbox 1425 3016 1481 3065; x_wconf 89' lang='lat' dir='ltr'><strong>et</strong></span> <span class='ocrx_word' id='word_1_212' title='bbox 1523 3018 1772 3078; x_wconf 84' lang='lat' dir='ltr'><strong>putamur</strong></span> 
     </span>
    </p>
   </div>
   <div class='ocr_carea' id='block_1_33' title="bbox 184 3099 889 3171">
    <p class='ocr_par' dir='ltr' id='par_1_33' title="bbox 184 3099 889 3171">
     <span class='ocr_line' id='line_1_33' title="bbox 184 3099 889 3171; baseline -0.006 -14"><span class='ocrx_word' id='word_1_213' title='bbox 184 3102 325 3171; x_wconf 79' lang='lat'><strong>(97).</strong></span> <span class='ocrx_word' id='word_1_214' title='bbox 356 3100 461 3155; x_wconf 87' lang='lat' dir='ltr'><strong>Per</strong></span> <span class='ocrx_word' id='word_1_215' title='bbox 489 3099 757 3166; x_wconf 90' lang='lat' dir='ltr'><strong>eumdem,</strong></span> <span class='ocrx_word' id='word_1_216' title='bbox 782 3108 889 3155; x_wconf 90' lang='lat' dir='ltr'><strong>etc.</strong></span> 
     </span>
    </p>
   </div>
   <div class='ocr_carea' id='block_1_34' title="bbox 254 3191 1773 3265">
    <p class='ocr_par' dir='ltr' id='par_1_34' title="bbox 254 3191 1773 3265">
     <span class='ocr_line' id='line_1_34' title="bbox 254 3191 1773 3265; baseline 0.006 -18"><span class='ocrx_word' id='word_1_217' title='bbox 254 3194 337 3248; x_wconf 83' lang='lat' dir='ltr'><strong>Ad</strong></span> <span class='ocrx_word' id='word_1_218' title='bbox 376 3193 648 3264; x_wconf 76' lang='lat' dir='ltr'><strong>Vesperat.</strong></span> <span class='ocrx_word' id='word_1_219' title='bbox 682 3221 745 3232; x_wconf 91' lang='lat'><strong>—-</strong></span> <span class='ocrx_word' id='word_1_220' title='bbox 781 3191 1000 3261; x_wconf 67' lang='lat' dir='ltr'><strong>Prresta,</strong></span> <span class='ocrx_word' id='word_1_221' title='bbox 1032 3194 1339 3250; x_wconf 89' lang='lat' dir='ltr'><strong>misericors</strong></span> <span class='ocrx_word' id='word_1_222' title='bbox 1385 3193 1551 3265; x_wconf 91' lang='lat' dir='ltr'><strong>Deus,</strong></span> <span class='ocrx_word' id='word_1_223' title='bbox 1599 3206 1659 3254; x_wconf 93' lang='lat' dir='ltr'><strong>ut</strong></span> <span class='ocrx_word' id='word_1_224' title='bbox 1704 3199 1773 3255; x_wconf 82' lang='lat' dir='ltr'><strong>ad</strong></span> 
     </span>
    </p>
   </div>
   <div class='ocr_carea' id='block_1_35' title="bbox 1784 602 3418 679">
    <p class='ocr_par' dir='ltr' id='par_1_35' title="bbox 1784 602 3418 679">
     <span class='ocr_line' id='line_1_35' title="bbox 1784 602 3418 679; baseline 0.005 -22"><span class='ocrx_word' id='word_1_225' title='bbox 1784 613 1795 625; x_wconf 75' lang='lat'><strong><em>‘</em></strong></span> <span class='ocrx_word' id='word_1_226' title='bbox 1847 609 1903 658; x_wconf 90' lang='lat' dir='ltr'><strong>et</strong></span> <span class='ocrx_word' id='word_1_227' title='bbox 1929 602 2182 671; x_wconf 84' lang='lat' dir='ltr'><strong>salutare,</strong></span> <span class='ocrx_word' id='word_1_228' title='bbox 2225 616 2324 661; x_wconf 89' lang='lat' dir='ltr'><strong>nos</strong></span> <span class='ocrx_word' id='word_1_229' title='bbox 2364 603 2456 661; x_wconf 87' lang='lat' dir='ltr'><strong>tibi</strong></span> <span class='ocrx_word' id='word_1_230' title='bbox 2480 618 2692 674; x_wconf 86' lang='lat' dir='ltr'><strong>semper</strong></span> <span class='ocrx_word' id='word_1_231' title='bbox 2721 615 2773 662; x_wconf 90' lang='lat' dir='ltr'><strong>et</strong></span> <span class='ocrx_word' id='word_1_232' title='bbox 2797 606 2995 677; x_wconf 90' lang='lat' dir='ltr'><strong>ubique</strong></span> <span class='ocrx_word' id='word_1_233' title='bbox 3018 608 3216 677; x_wconf 79' lang='lat' dir='ltr'><strong>gratias</strong></span> <span class='ocrx_word' id='word_1_234' title='bbox 3239 623 3418 679; x_wconf 84' lang='lat' dir='ltr'><strong>agere,</strong></span> 
     </span>
    </p>
   </div>
   <div class='ocr_carea' id='block_1_36' title="bbox 1848 696 3421 775">
    <p class='ocr_par' dir='ltr' id='par_1_36' title="bbox 1848 696 3421 775">
     <span class='ocr_line' id='line_1_36' title="bbox 1848 696 3421 775; baseline 0.004 -22"><span class='ocrx_word' id='word_1_235' title='bbox 1848 696 2072 755; x_wconf 87' lang='lat' dir='ltr'><strong>Domine</strong></span> <span class='ocrx_word' id='word_1_236' title='bbox 2124 709 2330 765; x_wconf 89' lang='lat' dir='ltr'><strong>sancte,</strong></span> <span class='ocrx_word' id='word_1_237' title='bbox 2378 701 2532 756; x_wconf 83' lang='lat' dir='ltr'><strong>Pater</strong></span> <span class='ocrx_word' id='word_1_238' title='bbox 2587 702 2945 772; x_wconf 90' lang='lat' dir='ltr'><strong>omnipotens,</strong></span> <span class='ocrx_word' id='word_1_239' title='bbox 3001 713 3203 762; x_wconf 73' lang='lat' dir='ltr'><strong>aeterne</strong></span> <span class='ocrx_word' id='word_1_240' title='bbox 3259 707 3421 775; x_wconf 87' lang='lat' dir='ltr'><strong>Deus,</strong></span> 
     </span>
    </p>
   </div>
   <div class='ocr_carea' id='block_1_37' title="bbox 1851 780 3419 868">
    <p class='ocr_par' dir='ltr' id='par_1_37' title="bbox 1851 780 3419 868">
     <span class='ocr_line' id='line_1_37' title="bbox 1851 780 3419 868; baseline 0.008 -26"><span class='ocrx_word' id='word_1_241' title='bbox 1851 796 1876 825; x_wconf 78' lang='grc' dir='ltr'><strong>ο</strong></span> <span class='ocrx_word' id='word_1_242' title='bbox 1905 787 2007 843; x_wconf 88' lang='lat' dir='ltr'><strong>Per</strong></span> <span class='ocrx_word' id='word_1_243' title='bbox 2053 787 2321 844; x_wconf 87' lang='lat' dir='ltr'><strong>Christum</strong></span> <span class='ocrx_word' id='word_1_244' title='bbox 2370 791 2651 847; x_wconf 85' lang='lat' dir='ltr'><strong>Dominum</strong></span> <span class='ocrx_word' id='word_1_245' title='bbox 2701 804 2963 851; x_wconf 89' lang='lat' dir='ltr'><strong>nostrum.</strong></span> <span class='ocrx_word' id='word_1_246' title='bbox 3017 780 3181 868; x_wconf 88' lang='lat' dir='ltr'><strong>Cujus</strong></span> <span class='ocrx_word' id='word_1_247' title='bbox 3225 799 3419 855; x_wconf 72' lang='lat' dir='ltr'><strong>divinat</strong></span> 
     </span>
    </p>
   </div>
   <div class='ocr_carea' id='block_1_38' title="bbox 1849 876 3424 958">
    <p class='ocr_par' dir='ltr' id='par_1_38' title="bbox 1849 876 3424 958">
     <span class='ocr_line' id='line_1_38' title="bbox 1849 876 3424 958; baseline 0.006 -25"><span class='ocrx_word' id='word_1_248' title='bbox 1849 876 2151 935; x_wconf 88' lang='lat' dir='ltr'><strong>Nativitatis</strong></span> <span class='ocrx_word' id='word_1_249' title='bbox 2176 881 2462 949; x_wconf 88' lang='lat' dir='ltr'><strong>potentiam</strong></span> <span class='ocrx_word' id='word_1_250' title='bbox 2486 882 2717 952; x_wconf 83' lang='lat' dir='ltr'><strong>ingenita</strong></span> <span class='ocrx_word' id='word_1_251' title='bbox 2741 884 2952 942; x_wconf 85' lang='lat' dir='ltr'><strong>virtutis</strong></span> <span class='ocrx_word' id='word_1_252' title='bbox 2973 894 3077 941; x_wconf 86' lang='lat' dir='ltr'><strong>tuae</strong></span> <span class='ocrx_word' id='word_1_253' title='bbox 3105 888 3288 958; x_wconf 85' lang='lat' dir='ltr'><strong>genuit</strong></span> <span class='ocrx_word' id='word_1_254' title='bbox 3309 904 3424 945; x_wconf 88' lang='lat' dir='ltr'><strong>ma-</strong></span> 
     </span>
    </p>
   </div>
   <div class='ocr_carea' id='block_1_39' title="bbox 1847 971 3421 1051">
    <p class='ocr_par' dir='ltr' id='par_1_39' title="bbox 1847 971 3421 1051">
     <span class='ocr_line' id='line_1_39' title="bbox 1847 971 3421 1051; baseline 0.009 -28"><span class='ocrx_word' id='word_1_255' title='bbox 1847 971 2089 1040; x_wconf 88' lang='lat' dir='ltr'><strong>gnitudo.</strong></span> <span class='ocrx_word' id='word_1_256' title='bbox 2140 972 2309 1039; x_wconf 91' lang='lat' dir='ltr'><strong>Quem</strong></span> <span class='ocrx_word' id='word_1_257' title='bbox 2358 988 2568 1043; x_wconf 88' lang='lat' dir='ltr'><strong>semper</strong></span> <span class='ocrx_word' id='word_1_258' title='bbox 2617 975 2810 1033; x_wconf 85' lang='lat' dir='ltr'><strong>Filium</strong></span> <span class='ocrx_word' id='word_1_259' title='bbox 2841 1017 2857 1044; x_wconf 88' lang='lat'><strong>,</strong></span> <span class='ocrx_word' id='word_1_260' title='bbox 2908 987 2963 1035; x_wconf 90' lang='lat' dir='ltr'><strong>et</strong></span> <span class='ocrx_word' id='word_1_261' title='bbox 3005 990 3128 1035; x_wconf 87' lang='lat' dir='ltr'><strong>ante</strong></span> <span class='ocrx_word' id='word_1_262' title='bbox 3185 987 3421 1051; x_wconf 89' lang='lat' dir='ltr'><strong>tempora</strong></span> 
     </span>
    </p>
   </div>
   <div class='ocr_carea' id='block_1_40' title="bbox 1852 1064 3422 1141">
    <p class='ocr_par' dir='ltr' id='par_1_40' title="bbox 1852 1064 3422 1141">
     <span class='ocr_line' id='line_1_40' title="bbox 1852 1064 3422 1141; baseline 0.008 -25"><span class='ocrx_word' id='word_1_263' title='bbox 1852 1069 2052 1118; x_wconf 86' lang='lat' dir='ltr'><strong>aeterna</strong></span> <span class='ocrx_word' id='word_1_264' title='bbox 2092 1064 2373 1133; x_wconf 86' lang='lat' dir='ltr'><strong>genitum,</strong></span> <span class='ocrx_word' id='word_1_265' title='bbox 2442 1068 2562 1136; x_wconf 87' lang='lat' dir='ltr'><strong>quia</strong></span> <span class='ocrx_word' id='word_1_266' title='bbox 2602 1067 2694 1123; x_wconf 88' lang='lat' dir='ltr'><strong>tibi</strong></span> <span class='ocrx_word' id='word_1_267' title='bbox 2749 1070 2908 1137; x_wconf 89' lang='lat' dir='ltr'><strong>pleno</strong></span> <span class='ocrx_word' id='word_1_268' title='bbox 2964 1080 3122 1141; x_wconf 88' lang='lat' dir='ltr'><strong>atque</strong></span> <span class='ocrx_word' id='word_1_269' title='bbox 3186 1075 3422 1140; x_wconf 85' lang='lat' dir='ltr'><strong>perfecto</strong></span> 
     </span>
    </p>
   </div>
   <div class='ocr_carea' id='block_1_41' title="bbox 1852 1156 3422 1232">
    <p class='ocr_par' dir='ltr' id='par_1_41' title="bbox 1852 1156 3422 1232">
     <span class='ocr_line' id='line_1_41' title="bbox 1852 1156 3422 1232; baseline 0.007 -23"><span class='ocrx_word' id='word_1_270' title='bbox 1852 1157 2037 1211; x_wconf 88' lang='lat' dir='ltr'><strong>aeterni</strong></span> <span class='ocrx_word' id='word_1_271' title='bbox 2066 1156 2240 1212; x_wconf 85' lang='lat' dir='ltr'><strong>Patris</strong></span> <span class='ocrx_word' id='word_1_272' title='bbox 2262 1173 2457 1214; x_wconf 88' lang='lat' dir='ltr'><strong>nomen</strong></span> <span class='ocrx_word' id='word_1_273' title='bbox 2490 1175 2593 1216; x_wconf 91' lang='lat' dir='ltr'><strong>non</strong></span> <span class='ocrx_word' id='word_1_274' title='bbox 2624 1160 2812 1229; x_wconf 90' lang='lat' dir='ltr'><strong>defuit,</strong></span> <span class='ocrx_word' id='word_1_275' title='bbox 2847 1163 3221 1232; x_wconf 81' lang='lat' dir='ltr'><strong>praedicamus,</strong></span> <span class='ocrx_word' id='word_1_276' title='bbox 3244 1173 3299 1220; x_wconf 89' lang='lat' dir='ltr'><strong>et</strong></span> <span class='ocrx_word' id='word_1_277' title='bbox 3328 1165 3422 1220; x_wconf 85' lang='lat' dir='ltr'><strong>ho-</strong></span> 
     </span>
    </p>
   </div>
   <div class='ocr_carea' id='block_1_42' title="bbox 1850 1248 3424 1328">
    <p class='ocr_par' dir='ltr' id='par_1_42' title="bbox 1850 1248 3424 1328">
     <span class='ocr_line' id='line_1_42' title="bbox 1850 1248 3424 1328; baseline 0.007 -27"><span class='ocrx_word' id='word_1_278' title='bbox 1850 1261 2004 1315; x_wconf 89' lang='lat' dir='ltr'><strong>nore,</strong></span> <span class='ocrx_word' id='word_1_279' title='bbox 2034 1248 2312 1320; x_wconf 82' lang='lat' dir='ltr'><strong>majestate</strong></span> <span class='ocrx_word' id='word_1_280' title='bbox 2341 1259 2498 1321; x_wconf 89' lang='lat' dir='ltr'><strong>atque</strong></span> <span class='ocrx_word' id='word_1_281' title='bbox 2528 1254 2720 1308; x_wconf 88' lang='lat' dir='ltr'><strong>virtute</strong></span> <span class='ocrx_word' id='word_1_282' title='bbox 2741 1256 2996 1323; x_wconf 69' lang='lat' dir='ltr'><strong>mqualem</strong></span> <span class='ocrx_word' id='word_1_283' title='bbox 3029 1257 3120 1312; x_wconf 89' lang='lat' dir='ltr'><strong>tibi</strong></span> <span class='ocrx_word' id='word_1_284' title='bbox 3143 1274 3262 1312; x_wconf 92' lang='lat' dir='ltr'><strong>cum</strong></span> <span class='ocrx_word' id='word_1_285' title='bbox 3298 1258 3424 1328; x_wconf 71' lang='lat' dir='ltr'><strong>Spi—</strong></span> 
     </span>
    </p>
   </div>
   <div class='ocr_carea' id='block_1_43' title="bbox 1851 1341 3425 1418">
    <p class='ocr_par' dir='ltr' id='par_1_43' title="bbox 1851 1341 3425 1418">
     <span class='ocr_line' id='line_1_43' title="bbox 1851 1341 3425 1418; baseline 0.009 -23"><span class='ocrx_word' id='word_1_286' title='bbox 1851 1341 1957 1395; x_wconf 84' lang='lat' dir='ltr'><strong>ritu</strong></span> <span class='ocrx_word' id='word_1_287' title='bbox 2003 1351 2190 1399; x_wconf 91' lang='lat' dir='ltr'><strong>sancto</strong></span> <span class='ocrx_word' id='word_1_288' title='bbox 2231 1343 2567 1412; x_wconf 88' lang='lat' dir='ltr'><strong>conﬁtemur,</strong></span> <span class='ocrx_word' id='word_1_289' title='bbox 2623 1354 2676 1402; x_wconf 90' lang='lat' dir='ltr'><strong>et</strong></span> <span class='ocrx_word' id='word_1_290' title='bbox 2717 1347 2831 1418; x_wconf 89' lang='grc'>(99)</span> <span class='ocrx_word' id='word_1_291' title='bbox 2881 1349 2933 1403; x_wconf 92' lang='lat' dir='ltr'><strong>iu</strong></span> <span class='ocrx_word' id='word_1_292' title='bbox 2982 1351 3120 1405; x_wconf 88' lang='lat' dir='ltr'><strong>trino</strong></span> <span class='ocrx_word' id='word_1_293' title='bbox 3167 1352 3425 1409; x_wconf 87' lang='lat' dir='ltr'><strong>vocabulo</strong></span> 
     </span>
    </p>
   </div>
   <div class='ocr_carea' id='block_1_44' title="bbox 1853 1431 3423 1512">
    <p class='ocr_par' dir='ltr' id='par_1_44' title="bbox 1853 1431 3423 1512">
     <span class='ocr_line' id='line_1_44' title="bbox 1853 1431 3423 1512; baseline 0.009 -27"><span class='ocrx_word' id='word_1_294' title='bbox 1853 1431 2062 1488; x_wconf 88' lang='lat' dir='ltr'><strong>unicam</strong></span> <span class='ocrx_word' id='word_1_295' title='bbox 2110 1433 2376 1491; x_wconf 89' lang='lat' dir='ltr'><strong>credimus</strong></span> <span class='ocrx_word' id='word_1_296' title='bbox 2424 1434 2774 1506; x_wconf 84' lang='lat' dir='ltr'><strong>Majestatem.</strong></span> <span class='ocrx_word' id='word_1_297' title='bbox 2805 1438 2872 1494; x_wconf 88' lang='lat' dir='ltr'><strong>Et</strong></span> <span class='ocrx_word' id='word_1_298' title='bbox 2899 1440 3018 1495; x_wconf 89' lang='lat' dir='ltr'><strong>ideo</strong></span> <span class='ocrx_word' id='word_1_299' title='bbox 3048 1456 3167 1496; x_wconf 90' lang='lat' dir='ltr'><strong>cum</strong></span> <span class='ocrx_word' id='word_1_300' title='bbox 3196 1444 3423 1512; x_wconf 82' lang='lat' dir='ltr'><strong>angelis,</strong></span> 
     </span>
    </p>
   </div>
   <div class='ocr_carea' id='block_1_45' title="bbox 1853 1526 3423 1602">
    <p class='ocr_par' dir='ltr' id='par_1_45' title="bbox 1853 1526 3423 1602">
     <span class='ocr_line' id='line_1_45' title="bbox 1853 1526 3423 1602; baseline 0.007 -22"><span class='ocrx_word' id='word_1_301' title='bbox 1853 1535 1908 1582; x_wconf 89' lang='lat' dir='ltr'><strong>et</strong></span> <span class='ocrx_word' id='word_1_302' title='bbox 1925 1526 2280 1597; x_wconf 89' lang='lat' dir='ltr'><strong>archangelis,</strong></span> <span class='ocrx_word' id='word_1_303' title='bbox 2302 1544 2422 1585; x_wconf 91' lang='lat' dir='ltr'><strong>cum</strong></span> <span class='ocrx_word' id='word_1_304' title='bbox 2446 1528 2672 1599; x_wconf 88' lang='lat' dir='ltr'><strong>thronis,</strong></span> <span class='ocrx_word' id='word_1_305' title='bbox 2705 1540 2759 1587; x_wconf 91' lang='lat' dir='ltr'><strong>et</strong></span> <span class='ocrx_word' id='word_1_306' title='bbox 2781 1531 3248 1602; x_wconf 85' lang='lat' dir='ltr'><strong>dominationibus,</strong></span> <span class='ocrx_word' id='word_1_307' title='bbox 3273 1550 3423 1590; x_wconf 84' lang='lat' dir='ltr'><strong>cum-</strong></span> 
     </span>
    </p>
   </div>
   <div class='ocr_carea' id='block_1_46' title="bbox 1853 1621 3420 1697">
    <p class='ocr_par' dir='ltr' id='par_1_46' title="bbox 1853 1621 3420 1697">
     <span class='ocr_line' id='line_1_46' title="bbox 1853 1621 3420 1697; baseline 0.005 -22"><span class='ocrx_word' id='word_1_308' title='bbox 1853 1633 1956 1690; x_wconf 91' lang='lat' dir='ltr'><strong>que</strong></span> <span class='ocrx_word' id='word_1_309' title='bbox 1984 1621 2128 1676; x_wconf 90' lang='lat' dir='ltr'><strong>omni</strong></span> <span class='ocrx_word' id='word_1_310' title='bbox 2158 1621 2342 1678; x_wconf 88' lang='lat' dir='ltr'><strong>militia</strong></span> <span class='ocrx_word' id='word_1_311' title='bbox 2366 1623 2595 1680; x_wconf 83' lang='lat' dir='ltr'><strong>caelestis</strong></span> <span class='ocrx_word' id='word_1_312' title='bbox 2630 1623 2921 1692; x_wconf 82' lang='lat' dir='ltr'><strong>exercitus,</strong></span> <span class='ocrx_word' id='word_1_313' title='bbox 2955 1626 3205 1686; x_wconf 90' lang='lat' dir='ltr'><strong>hvmnum</strong></span> <span class='ocrx_word' id='word_1_314' title='bbox 3234 1627 3420 1697; x_wconf 68' lang='lat' dir='ltr'><strong>gloria:</strong></span> 
     </span>
    </p>
   </div>
   <div class='ocr_carea' id='block_1_47' title="bbox 1855 1715 2793 1774">
    <p class='ocr_par' dir='ltr' id='par_1_47' title="bbox 1855 1715 2793 1774">
     <span class='ocr_line' id='line_1_47' title="bbox 1855 1715 2793 1774; baseline 0.005 -6"><span class='ocrx_word' id='word_1_315' title='bbox 1855 1722 1958 1769; x_wconf 88' lang='lat' dir='ltr'><strong>tuae</strong></span> <span class='ocrx_word' id='word_1_316' title='bbox 1986 1715 2226 1772; x_wconf 91' lang='lat' dir='ltr'><strong>canimus</strong></span> <span class='ocrx_word' id='word_1_317' title='bbox 2252 1716 2368 1771; x_wconf 88' lang='lat' dir='ltr'><strong>sine</strong></span> <span class='ocrx_word' id='word_1_318' title='bbox 2392 1717 2495 1772; x_wconf 91' lang='lat' dir='ltr'><strong>fine</strong></span> <span class='ocrx_word' id='word_1_319' title='bbox 2522 1717 2793 1774; x_wconf 86' lang='lat' dir='ltr'><strong>dicentes:</strong></span> 
     </span>
    </p>
   </div>
   <div class='ocr_carea' id='block_1_48' title="bbox 1927 1806 2996 1880">
    <p class='ocr_par' dir='ltr' id='par_1_48' title="bbox 1927 1806 2996 1880">
     <span class='ocr_line' id='line_1_48' title="bbox 1927 1806 2996 1880; baseline 0.005 -17"><span class='ocrx_word' id='word_1_320' title='bbox 1927 1806 2003 1863; x_wconf 90' lang='lat' dir='ltr'><strong>Te</strong></span> <span class='ocrx_word' id='word_1_321' title='bbox 2042 1808 2220 1877; x_wconf 79' lang='lat' dir='ltr'><strong>igitur,</strong></span> <span class='ocrx_word' id='word_1_322' title='bbox 2250 1811 2663 1868; x_wconf 90' lang='lat' dir='ltr'><strong>clementissime</strong></span> <span class='ocrx_word' id='word_1_323' title='bbox 2686 1812 2863 1880; x_wconf 90' lang='lat' dir='ltr'><strong>Pater,</strong></span> <span class='ocrx_word' id='word_1_324' title='bbox 2890 1820 2996 1869; x_wconf 87' lang='lat' dir='ltr'><strong>etc.</strong></span> 
     </span>
    </p>
   </div>
   <div class='ocr_carea' id='block_1_49' title="bbox 1933 1897 3433 1977">
    <p class='ocr_par' dir='ltr' id='par_1_49' title="bbox 1933 1897 3433 1977">
     <span class='ocr_line' id='line_1_49' title="bbox 1933 1897 3433 1977; baseline 0.007 -25"><span class='ocrx_word' id='word_1_325' title='bbox 1933 1897 2081 1970; x_wconf 75' lang='lat'><strong>(100)</strong></span> <span class='ocrx_word' id='word_1_326' title='bbox 2112 1898 2426 1957; x_wconf 82' lang='lat' dir='ltr'><strong>Benedictio.</strong></span> <span class='ocrx_word' id='word_1_327' title='bbox 2450 1931 2519 1942; x_wconf 91' lang='lat'><strong>—</strong></span> <span class='ocrx_word' id='word_1_328' title='bbox 2537 1903 2886 1972; x_wconf 84' lang='lat' dir='ltr'><strong>Omnipotens</strong></span> <span class='ocrx_word' id='word_1_329' title='bbox 2914 1906 3073 1973; x_wconf 90' lang='lat' dir='ltr'><strong>Deus,</strong></span> <span class='ocrx_word' id='word_1_330' title='bbox 3131 1906 3219 1977; x_wconf 85' lang='lat' dir='ltr'><strong>qui</strong></span> <span class='ocrx_word' id='word_1_331' title='bbox 3265 1906 3433 1963; x_wconf 85' lang='lat' dir='ltr'><strong>incar-</strong></span> 
     </span>
    </p>
   </div>
   <div class='ocr_carea' id='block_1_50' title="bbox 1858 1988 3436 2068">
    <p class='ocr_par' dir='ltr' id='par_1_50' title="bbox 1858 1988 3436 2068">
     <span class='ocr_line' id='line_1_50' title="bbox 1858 1988 3436 2068; baseline 0.007 -25"><span class='ocrx_word' id='word_1_332' title='bbox 1858 1988 2078 2044; x_wconf 88' lang='lat' dir='ltr'><strong>natione</strong></span> <span class='ocrx_word' id='word_1_333' title='bbox 2122 1989 2390 2058; x_wconf 89' lang='lat' dir='ltr'><strong>Unigeniti</strong></span> <span class='ocrx_word' id='word_1_334' title='bbox 2439 1994 2520 2047; x_wconf 89' lang='lat' dir='ltr'><strong>sui</strong></span> <span class='ocrx_word' id='word_1_335' title='bbox 2568 1994 2749 2050; x_wconf 91' lang='lat' dir='ltr'><strong>mundi</strong></span> <span class='ocrx_word' id='word_1_336' title='bbox 2799 1996 3046 2051; x_wconf 90' lang='lat' dir='ltr'><strong>tenebras</strong></span> <span class='ocrx_word' id='word_1_337' title='bbox 3072 1996 3339 2068; x_wconf 79' lang='lat' dir='ltr'><strong>effugavit,</strong></span> <span class='ocrx_word' id='word_1_338' title='bbox 3379 2006 3436 2055; x_wconf 86' lang='lat' dir='ltr'><strong>et</strong></span> 
     </span>
    </p>
   </div>
   <div class='ocr_carea' id='block_1_51' title="bbox 1858 2080 3481 2149">
    <p class='ocr_par' dir='ltr' id='par_1_51' title="bbox 1858 2080 3481 2149">
     <span class='ocr_line' id='line_1_51' title="bbox 1858 2080 3481 2149; baseline 0.006 -15"><span class='ocrx_word' id='word_1_339' title='bbox 1858 2080 2089 2149; x_wconf 86' lang='lat' dir='ltr'><strong>gloriosa</strong></span> <span class='ocrx_word' id='word_1_340' title='bbox 2132 2083 2403 2139; x_wconf 88' lang='lat' dir='ltr'><strong>nativitate</strong></span> <span class='ocrx_word' id='word_1_341' title='bbox 2433 2088 2571 2141; x_wconf 88' lang='lat' dir='ltr'><strong>hanc</strong></span> <span class='ocrx_word' id='word_1_342' title='bbox 2598 2087 3007 2143; x_wconf 81' lang='lat' dir='ltr'><strong>sacratissimum</strong></span> <span class='ocrx_word' id='word_1_343' title='bbox 3046 2098 3256 2144; x_wconf 88' lang='lat' dir='ltr'><strong>noctem</strong></span> <span class='ocrx_word' id='word_1_344' title='bbox 3302 2090 3439 2144; x_wconf 86' lang='lat' dir='ltr'><strong>irra-</strong></span> <span class='ocrx_word' id='word_1_345' title='bbox 3478 2090 3481 2093; x_wconf 38' lang='grc' dir='ltr'><strong><em>λ</em></strong></span> 
     </span>
    </p>
   </div>
   <div class='ocr_carea' id='block_1_52' title="bbox 1860 2171 3439 2248">
    <p class='ocr_par' dir='ltr' id='par_1_52' title="bbox 1860 2171 3439 2248">
     <span class='ocr_line' id='line_1_52' title="bbox 1860 2171 3439 2248; baseline 0.005 -21"><span class='ocrx_word' id='word_1_346' title='bbox 1860 2171 2048 2241; x_wconf 75' lang='lat' dir='ltr'><strong>diavit,</strong></span> <span class='ocrx_word' id='word_1_347' title='bbox 2078 2172 2275 2244; x_wconf 76' lang='lat' dir='ltr'><strong>eil‘uget</strong></span> <span class='ocrx_word' id='word_1_348' title='bbox 2303 2190 2334 2230; x_wconf 88' lang='lat' dir='ltr'><strong>a</strong></span> <span class='ocrx_word' id='word_1_349' title='bbox 2362 2176 2514 2233; x_wconf 80' lang='lat' dir='ltr'><strong>vobis</strong></span> <span class='ocrx_word' id='word_1_350' title='bbox 2546 2178 2793 2234; x_wconf 86' lang='lat' dir='ltr'><strong>tenebras</strong></span> <span class='ocrx_word' id='word_1_351' title='bbox 2821 2179 3095 2248; x_wconf 89' lang='lat' dir='ltr'><strong>vitiorum,</strong></span> <span class='ocrx_word' id='word_1_352' title='bbox 3127 2188 3183 2235; x_wconf 91' lang='lat' dir='ltr'><strong>et</strong></span> <span class='ocrx_word' id='word_1_353' title='bbox 3219 2180 3439 2237; x_wconf 87' lang='lat' dir='ltr'><strong>irradiet</strong></span> 
     </span>
    </p>
   </div>
   <div class='ocr_carea' id='block_1_53' title="bbox 1861 2265 3439 2343">
    <p class='ocr_par' dir='ltr' id='par_1_53' title="bbox 1861 2265 3439 2343">
     <span class='ocr_line' id='line_1_53' title="bbox 1861 2265 3439 2343; baseline 0.006 -23"><span class='ocrx_word' id='word_1_354' title='bbox 1861 2265 2020 2320; x_wconf 87' lang='lat' dir='ltr'><strong>corda</strong></span> <span class='ocrx_word' id='word_1_355' title='bbox 2054 2274 2231 2321; x_wconf 89' lang='lat' dir='ltr'><strong>vestra</strong></span> <span class='ocrx_word' id='word_1_356' title='bbox 2255 2266 2373 2323; x_wconf 91' lang='lat' dir='ltr'><strong>luce</strong></span> <span class='ocrx_word' id='word_1_357' title='bbox 2400 2268 2671 2325; x_wconf 89' lang='lat' dir='ltr'><strong>virtutum.</strong></span> <span class='ocrx_word' id='word_1_358' title='bbox 2702 2270 2894 2327; x_wconf 86' lang='lat' dir='ltr'><strong>Amen.</strong></span> <span class='ocrx_word' id='word_1_359' title='bbox 2937 2273 3146 2343; x_wconf 84' lang='lat' dir='ltr'><strong>Quique</strong></span> <span class='ocrx_word' id='word_1_360' title='bbox 3190 2274 3307 2343; x_wconf 84' lang='lat' dir='ltr'><strong>ejus</strong></span> <span class='ocrx_word' id='word_1_361' title='bbox 3350 2289 3439 2329; x_wconf 87' lang='lat' dir='ltr'><strong>sa-</strong></span> 
     </span>
    </p>
   </div>
   <div class='ocr_carea' id='block_1_54' title="bbox 1861 2354 3439 2433">
    <p class='ocr_par' dir='ltr' id='par_1_54' title="bbox 1861 2354 3439 2433">
     <span class='ocr_line' id='line_1_54' title="bbox 1861 2354 3439 2433; baseline 0.007 -26"><span class='ocrx_word' id='word_1_362' title='bbox 1861 2354 2174 2410; x_wconf 70' lang='lat' dir='ltr'><strong>cratissima:</strong></span> <span class='ocrx_word' id='word_1_363' title='bbox 2195 2354 2491 2413; x_wconf 88' lang='lat' dir='ltr'><strong>Nativitatis</strong></span> <span class='ocrx_word' id='word_1_364' title='bbox 2512 2359 2758 2430; x_wconf 82' lang='lat' dir='ltr'><strong>gaudium</strong></span> <span class='ocrx_word' id='word_1_365' title='bbox 2780 2376 3027 2431; x_wconf 87' lang='lat' dir='ltr'><strong>magnum</strong></span> <span class='ocrx_word' id='word_1_366' title='bbox 3052 2364 3353 2433; x_wconf 90' lang='lat' dir='ltr'><strong>pastoribus</strong></span> <span class='ocrx_word' id='word_1_367' title='bbox 3370 2363 3439 2418; x_wconf 89' lang='lat' dir='ltr'><strong>ab</strong></span> 
     </span>
    </p>
   </div>
   <div class='ocr_carea' id='block_1_55' title="bbox 1864 2448 3441 2526">
    <p class='ocr_par' dir='ltr' id='par_1_55' title="bbox 1864 2448 3441 2526">
     <span class='ocr_line' id='line_1_55' title="bbox 1864 2448 3441 2526; baseline 0.004 -25"><span class='ocrx_word' id='word_1_368' title='bbox 1864 2448 2056 2518; x_wconf 87' lang='lat' dir='ltr'><strong>angelo</strong></span> <span class='ocrx_word' id='word_1_369' title='bbox 2086 2448 2253 2505; x_wconf 88' lang='lat' dir='ltr'><strong>voluit</strong></span> <span class='ocrx_word' id='word_1_370' title='bbox 2280 2452 2537 2522; x_wconf 83' lang='lat' dir='ltr'><strong>nuntiari,</strong></span> <span class='ocrx_word' id='word_1_371' title='bbox 2591 2452 2705 2522; x_wconf 89' lang='lat' dir='ltr'><strong>ipse</strong></span> <span class='ocrx_word' id='word_1_372' title='bbox 2746 2468 2906 2526; x_wconf 86' lang='lat' dir='ltr'><strong>super</strong></span> <span class='ocrx_word' id='word_1_373' title='bbox 2932 2470 3030 2510; x_wconf 87' lang='lat' dir='ltr'><strong>vos</strong></span> <span class='ocrx_word' id='word_1_374' title='bbox 3054 2454 3441 2511; x_wconf 84' lang='lat' dir='ltr'><strong>benedictionis</strong></span> 
     </span>
    </p>
   </div>
   <div class='ocr_carea' id='block_1_56' title="bbox 1865 2542 3445 2619">
    <p class='ocr_par' dir='ltr' id='par_1_56' title="bbox 1865 2542 3445 2619">
     <span class='ocr_line' id='line_1_56' title="bbox 1865 2542 3445 2619; baseline 0.004 -25"><span class='ocrx_word' id='word_1_375' title='bbox 1865 2553 1976 2595; x_wconf 71' lang='lat' dir='ltr'><strong>suae</strong></span> <span class='ocrx_word' id='word_1_376' title='bbox 2003 2542 2359 2611; x_wconf 87' lang='lat' dir='ltr'><strong>gratissimum</strong></span> <span class='ocrx_word' id='word_1_377' title='bbox 2386 2545 2607 2603; x_wconf 89' lang='lat' dir='ltr'><strong>imbrem</strong></span> <span class='ocrx_word' id='word_1_378' title='bbox 2631 2547 2891 2616; x_wconf 88' lang='lat' dir='ltr'><strong>infundat,</strong></span> <span class='ocrx_word' id='word_1_379' title='bbox 2915 2557 3072 2619; x_wconf 88' lang='lat' dir='ltr'><strong>atque</strong></span> <span class='ocrx_word' id='word_1_380' title='bbox 3094 2548 3209 2618; x_wconf 89' lang='lat' dir='ltr'><strong>ipso</strong></span> <span class='ocrx_word' id='word_1_381' title='bbox 3229 2555 3445 2617; x_wconf 86' lang='lat' dir='ltr'><strong>pastore</strong></span> 
     </span>
    </p>
   </div>
   <div class='ocr_carea' id='block_1_57' title="bbox 1867 2632 3445 2708">
    <p class='ocr_par' dir='ltr' id='par_1_57' title="bbox 1867 2632 3445 2708">
     <span class='ocr_line' id='line_1_57' title="bbox 1867 2632 3445 2708; baseline 0.004 -22"><span class='ocrx_word' id='word_1_382' title='bbox 1867 2646 1965 2687; x_wconf 90' lang='lat' dir='ltr'><strong>vos</strong></span> <span class='ocrx_word' id='word_1_383' title='bbox 1989 2632 2057 2688; x_wconf 89' lang='lat' dir='ltr'><strong>ad</strong></span> <span class='ocrx_word' id='word_1_384' title='bbox 2078 2642 2404 2691; x_wconf 83' lang='lat' dir='ltr'><strong>aeternorum</strong></span> <span class='ocrx_word' id='word_1_385' title='bbox 2430 2638 2744 2707; x_wconf 82' lang='lat' dir='ltr'><strong>gaudiorum</strong></span> <span class='ocrx_word' id='word_1_386' title='bbox 2774 2652 2970 2708; x_wconf 87' lang='lat' dir='ltr'><strong>pascua</strong></span> <span class='ocrx_word' id='word_1_387' title='bbox 3009 2646 3209 2693; x_wconf 65' lang='lat' dir='ltr'><strong>aeterna</strong></span> <span class='ocrx_word' id='word_1_388' title='bbox 3246 2638 3445 2708; x_wconf 87' lang='lat' dir='ltr'><strong>perdu-</strong></span> 
     </span>
    </p>
   </div>
   <div class='ocr_carea' id='block_1_58' title="bbox 1869 2726 3445 2802">
    <p class='ocr_par' dir='ltr' id='par_1_58' title="bbox 1869 2726 3445 2802">
     <span class='ocr_line' id='line_1_58' title="bbox 1869 2726 3445 2802; baseline 0.006 -23"><span class='ocrx_word' id='word_1_389' title='bbox 1869 2733 1975 2781; x_wconf 89' lang='lat' dir='ltr'><strong>cat.</strong></span> <span class='ocrx_word' id='word_1_390' title='bbox 2020 2726 2213 2783; x_wconf 83' lang='lat' dir='ltr'><strong>Amen.</strong></span> <span class='ocrx_word' id='word_1_391' title='bbox 2258 2729 2323 2784; x_wconf 88' lang='lat' dir='ltr'><strong>Et</strong></span> <span class='ocrx_word' id='word_1_392' title='bbox 2358 2730 2448 2800; x_wconf 90' lang='lat' dir='ltr'><strong>qui</strong></span> <span class='ocrx_word' id='word_1_393' title='bbox 2495 2746 2589 2801; x_wconf 90' lang='lat' dir='ltr'><strong>per</strong></span> <span class='ocrx_word' id='word_1_394' title='bbox 2625 2732 2743 2802; x_wconf 90' lang='lat' dir='ltr'><strong>ejus</strong></span> <span class='ocrx_word' id='word_1_395' title='bbox 2772 2733 3190 2788; x_wconf 77' lang='lat' dir='ltr'><strong>incarnationem</strong></span> <span class='ocrx_word' id='word_1_396' title='bbox 3230 2742 3445 2789; x_wconf 86' lang='lat' dir='ltr'><strong>terrena</strong></span> 
     </span>
    </p>
   </div>
   <div class='ocr_carea' id='block_1_59' title="bbox 1871 2819 3445 2894">
    <p class='ocr_par' dir='ltr' id='par_1_59' title="bbox 1871 2819 3445 2894">
     <span class='ocr_line' id='line_1_59' title="bbox 1871 2819 3445 2894; baseline 0.003 -18"><span class='ocrx_word' id='word_1_397' title='bbox 1871 2819 2180 2877; x_wconf 76' lang='lat' dir='ltr'><strong>cmlestibus</strong></span> <span class='ocrx_word' id='word_1_398' title='bbox 2205 2823 2452 2888; x_wconf 81' lang='lat' dir='ltr'><strong>sociavit,</strong></span> <span class='ocrx_word' id='word_1_399' title='bbox 2477 2823 2700 2879; x_wconf 66' lang='lat' dir='ltr'><strong>internae</strong></span> <span class='ocrx_word' id='word_1_400' title='bbox 2731 2826 2874 2894; x_wconf 85' lang='lat' dir='ltr'><strong>pacis</strong></span> <span class='ocrx_word' id='word_1_401' title='bbox 2902 2835 2957 2880; x_wconf 90' lang='lat' dir='ltr'><strong>et</strong></span> <span class='ocrx_word' id='word_1_402' title='bbox 2977 2824 3130 2880; x_wconf 77' lang='lat' dir='ltr'><strong>bonae</strong></span> <span class='ocrx_word' id='word_1_403' title='bbox 3157 2825 3445 2881; x_wconf 80' lang='lat' dir='ltr'><strong>voluntatis</strong></span> 
     </span>
    </p>
   </div>
   <div class='ocr_carea' id='block_1_60' title="bbox 1870 2915 3446 2983">
    <p class='ocr_par' dir='ltr' id='par_1_60' title="bbox 1870 2915 3446 2983">
     <span class='ocr_line' id='line_1_60' title="bbox 1870 2915 3446 2983; baseline 0.004 -16"><span class='ocrx_word' id='word_1_404' title='bbox 1870 2926 1969 2968; x_wconf 91' lang='lat' dir='ltr'><strong>vos</strong></span> <span class='ocrx_word' id='word_1_405' title='bbox 2018 2922 2231 2969; x_wconf 91' lang='lat' dir='ltr'><strong>nectare</strong></span> <span class='ocrx_word' id='word_1_406' title='bbox 2279 2915 2511 2983; x_wconf 87' lang='lat' dir='ltr'><strong>repleat,</strong></span> <span class='ocrx_word' id='word_1_407' title='bbox 2552 2925 2607 2972; x_wconf 91' lang='lat' dir='ltr'><strong>et</strong></span> <span class='ocrx_word' id='word_1_408' title='bbox 2647 2917 2880 2973; x_wconf 87' lang='lat' dir='ltr'><strong>coelestis</strong></span> <span class='ocrx_word' id='word_1_409' title='bbox 2922 2917 3125 2973; x_wconf 89' lang='lat' dir='ltr'><strong>militiae</strong></span> <span class='ocrx_word' id='word_1_410' title='bbox 3167 2924 3446 2973; x_wconf 87' lang='lat' dir='ltr'><strong>consortes</strong></span> 
     </span>
    </p>
   </div>
   <div class='ocr_carea' id='block_1_61' title="bbox 1874 3004 2857 3079">
    <p class='ocr_par' dir='ltr' id='par_1_61' title="bbox 1874 3004 2857 3079">
     <span class='ocr_line' id='line_1_61' title="bbox 1874 3004 2857 3079; baseline 0.002 -19"><span class='ocrx_word' id='word_1_411' title='bbox 1874 3004 2095 3061; x_wconf 89' lang='lat' dir='ltr'><strong>efﬁciat.</strong></span> <span class='ocrx_word' id='word_1_412' title='bbox 2126 3009 2315 3063; x_wconf 82' lang='lat' dir='ltr'><strong>Amen.</strong></span> <span class='ocrx_word' id='word_1_413' title='bbox 2347 3006 2499 3075; x_wconf 87' lang='lat' dir='ltr'><strong>Quod</strong></span> <span class='ocrx_word' id='word_1_414' title='bbox 2525 3007 2663 3079; x_wconf 87' lang='lat' dir='ltr'><strong>ipse,</strong></span> <span class='ocrx_word' id='word_1_415' title='bbox 2694 3018 2779 3065; x_wconf 91' lang='lat' dir='ltr'><strong>etc</strong></span> <span class='ocrx_word' id='word_1_416' title='bbox 2811 3007 2857 3062; x_wconf 75' lang='grc' dir='ltr'><strong>ί.</strong></span> 
     </span>
    </p>
   </div>
   <div class='ocr_carea' id='block_1_62' title="bbox 1947 3104 3449 3179">
    <p class='ocr_par' dir='ltr' id='par_1_62' title="bbox 1947 3104 3449 3179">
     <span class='ocr_line' id='line_1_62' title="bbox 1947 3104 3449 3179; baseline 0.004 -21"><span class='ocrx_word' id='word_1_417' title='bbox 1947 3104 2029 3158; x_wconf 83' lang='lat' dir='ltr'><strong>Ad</strong></span> <span class='ocrx_word' id='word_1_418' title='bbox 2056 3104 2445 3176; x_wconf 83' lang='lat' dir='ltr'><strong>Comptendum.</strong></span> <span class='ocrx_word' id='word_1_419' title='bbox 2474 3140 2546 3152; x_wconf 88' lang='lat'>-</span> <span class='ocrx_word' id='word_1_420' title='bbox 2570 3109 2645 3162; x_wconf 89' lang='lat' dir='ltr'><strong>Da</strong></span> <span class='ocrx_word' id='word_1_421' title='bbox 2677 3108 2853 3179; x_wconf 90' lang='lat' dir='ltr'><strong>nobis,</strong></span> <span class='ocrx_word' id='word_1_422' title='bbox 2881 3122 3202 3179; x_wconf 85' lang='lat' dir='ltr'><strong>quaesumus,</strong></span> <span class='ocrx_word' id='word_1_423' title='bbox 3228 3108 3449 3164; x_wconf 91' lang='lat' dir='ltr'><strong>Domine</strong></span> 
     </span>
    </p>
   </div>
   <div class='ocr_carea' id='block_1_63' title="bbox 1879 3197 3451 3271">
    <p class='ocr_par' dir='ltr' id='par_1_63' title="bbox 1879 3197 3451 3271">
     <span class='ocr_line' id='line_1_63' title="bbox 1879 3197 3451 3271; baseline 0.003 -19"><span class='ocrx_word' id='word_1_424' title='bbox 1879 3197 2019 3253; x_wconf 91' lang='lat' dir='ltr'><strong>Deus</strong></span> <span class='ocrx_word' id='word_1_425' title='bbox 2041 3209 2243 3265; x_wconf 89' lang='lat' dir='ltr'><strong>noster,</strong></span> <span class='ocrx_word' id='word_1_426' title='bbox 2271 3211 2327 3255; x_wconf 92' lang='lat' dir='ltr'><strong>ut</strong></span> <span class='ocrx_word' id='word_1_427' title='bbox 2357 3201 2445 3271; x_wconf 91' lang='lat' dir='ltr'><strong>qui</strong></span> <span class='ocrx_word' id='word_1_428' title='bbox 2476 3199 2817 3257; x_wconf 84' lang='lat' dir='ltr'><strong>Nativitatem</strong></span> <span class='ocrx_word' id='word_1_429' title='bbox 2863 3202 3075 3258; x_wconf 89' lang='lat' dir='ltr'><strong>Domini</strong></span> <span class='ocrx_word' id='word_1_430' title='bbox 3117 3204 3285 3258; x_wconf 88' lang='lat' dir='ltr'><strong>nostri</strong></span> <span class='ocrx_word' id='word_1_431' title='bbox 3322 3203 3451 3259; x_wconf 82' lang='lat' dir='ltr'><strong>Jesu</strong></span> 
     </span>
    </p>
   </div>
   <div class='ocr_carea' id='block_1_64' title="bbox 187 3279 3454 3365">
    <p class='ocr_par' dir='ltr' id='par_1_64' title="bbox 187 3279 3454 3365">
     <span class='ocr_line' id='line_1_64' title="bbox 187 3279 3454 3365; baseline 0.002 -24"><span class='ocrx_word' id='word_1_432' title='bbox 187 3283 588 3358; x_wconf 80' lang='lat' dir='ltr'><strong>suscipiendum</strong></span> <span class='ocrx_word' id='word_1_433' title='bbox 607 3283 724 3338; x_wconf 83' lang='lat' dir='ltr'><strong>Filii</strong></span> <span class='ocrx_word' id='word_1_434' title='bbox 743 3283 815 3339; x_wconf 87' lang='lat' dir='ltr'><strong>tui</strong></span> <span class='ocrx_word' id='word_1_435' title='bbox 838 3284 1105 3355; x_wconf 83' lang='lat' dir='ltr'><strong>singulare</strong></span> <span class='ocrx_word' id='word_1_436' title='bbox 1125 3285 1424 3343; x_wconf 86' lang='lat' dir='ltr'><strong>Nativitatis</strong></span> <span class='ocrx_word' id='word_1_437' title='bbox 1440 3290 1771 3358; x_wconf 83' lang='lat' dir='ltr'><strong>mysterium,</strong></span> <span class='ocrx_word' id='word_1_438' title='bbox 1802 3279 1851 3347; x_wconf 85' lang='lat' dir='ltr'><strong>C</strong></span> <span class='ocrx_word' id='word_1_439' title='bbox 1880 3288 2081 3344; x_wconf 87' lang='lat' dir='ltr'><strong>Christi</strong></span> <span class='ocrx_word' id='word_1_440' title='bbox 2113 3307 2211 3347; x_wconf 91' lang='lat' dir='ltr'><strong>nos</strong></span> <span class='ocrx_word' id='word_1_441' title='bbox 2241 3291 2580 3362; x_wconf 82' lang='lat' dir='ltr'><strong>frequentare</strong></span> <span class='ocrx_word' id='word_1_442' title='bbox 2612 3294 2922 3365; x_wconf 77' lang='lat' dir='ltr'><strong>gaudemus,</strong></span> <span class='ocrx_word' id='word_1_443' title='bbox 2968 3295 3142 3365; x_wconf 84' lang='lat' dir='ltr'><strong>dignis</strong></span> <span class='ocrx_word' id='word_1_444' title='bbox 3170 3310 3454 3351; x_wconf 87' lang='lat' dir='ltr'><strong>conversa-</strong></span> 
     </span>
    </p>
   </div>
   <div class='ocr_carea' id='block_1_65' title="bbox 188 3375 1776 3447">
    <p class='ocr_par' dir='ltr' id='par_1_65' title="bbox 188 3375 1776 3447">
     <span class='ocr_line' id='line_1_65' title="bbox 188 3375 1776 3447; baseline -0.003 -15"><span class='ocrx_word' id='word_1_445' title='bbox 188 3386 245 3432; x_wconf 91' lang='lat' dir='ltr'><strong>et</strong></span> <span class='ocrx_word' id='word_1_446' title='bbox 268 3386 477 3433; x_wconf 88' lang='lat' dir='ltr'><strong>mentes</strong></span> <span class='ocrx_word' id='word_1_447' title='bbox 507 3375 840 3431; x_wconf 90' lang='lat' dir='ltr'><strong>credentium</strong></span> <span class='ocrx_word' id='word_1_448' title='bbox 870 3386 1256 3447; x_wconf 65' lang='lat' dir='ltr'><strong>praeparentur,</strong></span> <span class='ocrx_word' id='word_1_449' title='bbox 1305 3387 1361 3438; x_wconf 87' lang='lat' dir='ltr'><strong>et</strong></span> <span class='ocrx_word' id='word_1_450' title='bbox 1401 3395 1511 3437; x_wconf 92' lang='lat' dir='ltr'><strong>non</strong></span> <span class='ocrx_word' id='word_1_451' title='bbox 1548 3383 1776 3441; x_wconf 88' lang='lat' dir='ltr'><strong>creden.</strong></span> 
     </span>
    </p>
   </div>
   <div class='ocr_carea' id='block_1_66' title="bbox 189 3465 1287 3525">
    <p class='ocr_par' dir='ltr' id='par_1_66' title="bbox 189 3465 1287 3525">
     <span class='ocr_line' id='line_1_66' title="bbox 189 3465 1287 3525; baseline 0.002 -2"><span class='ocrx_word' id='word_1_452' title='bbox 189 3468 326 3523; x_wconf 89' lang='lat' dir='ltr'><strong>tium</strong></span> <span class='ocrx_word' id='word_1_453' title='bbox 352 3466 515 3523; x_wconf 87' lang='lat' dir='ltr'><strong>corda</strong></span> <span class='ocrx_word' id='word_1_454' title='bbox 544 3465 857 3523; x_wconf 90' lang='lat' dir='ltr'><strong>subdantur.</strong></span> <span class='ocrx_word' id='word_1_455' title='bbox 891 3467 991 3523; x_wconf 89' lang='lat' dir='ltr'><strong>Per</strong></span> <span class='ocrx_word' id='word_1_456' title='bbox 1018 3469 1287 3525; x_wconf 89' lang='lat' dir='ltr'><strong>eumdem.</strong></span> 
     </span>
    </p>
   </div>
   <div class='ocr_carea' id='block_1_67' title="bbox 499 3559 1477 3632">
    <p class='ocr_par' dir='ltr' id='par_1_67' title="bbox 499 3559 1477 3632">
     <span class='ocr_line' id='line_1_67' title="bbox 499 3559 1477 3632; baseline 0.005 -17"><span class='ocrx_word' id='word_1_457' title='bbox 499 3559 616 3632; x_wconf 89' lang='lat'><strong>(98)</strong></span> <span class='ocrx_word' id='word_1_458' title='bbox 653 3574 937 3618; x_wconf 66' lang='grc' dir='ltr'><strong>ικννιωιιι</strong></span> <span class='ocrx_word' id='word_1_459' title='bbox 977 3577 1157 3617; x_wconf 60' lang='grc' dir='ltr'>υοιιιω</span> <span class='ocrx_word' id='word_1_460' title='bbox 1194 3578 1246 3618; x_wconf 82' lang='lat' dir='ltr'><strong>IN</strong></span> <span class='ocrx_word' id='word_1_461' title='bbox 1283 3580 1477 3623; x_wconf 68' lang='lat' dir='ltr'><strong>socru.</strong></span> 
     </span>
    </p>
   </div>
   <div class='ocr_carea' id='block_1_68' title="bbox 264 3652 1778 3723">
    <p class='ocr_par' dir='ltr' id='par_1_68' title="bbox 264 3652 1778 3723">
     <span class='ocr_line' id='line_1_68' title="bbox 264 3652 1778 3723; baseline 0.009 -16"><span class='ocrx_word' id='word_1_462' title='bbox 264 3652 431 3717; x_wconf 86' lang='lat' dir='ltr'><strong>Deus,</strong></span> <span class='ocrx_word' id='word_1_463' title='bbox 461 3654 551 3723; x_wconf 91' lang='lat' dir='ltr'><strong>qui</strong></span> <span class='ocrx_word' id='word_1_464' title='bbox 580 3654 719 3709; x_wconf 90' lang='lat' dir='ltr'><strong>hanc</strong></span> <span class='ocrx_word' id='word_1_465' title='bbox 749 3655 1159 3710; x_wconf 81' lang='lat' dir='ltr'><strong>sacratissimum</strong></span> <span class='ocrx_word' id='word_1_466' title='bbox 1186 3666 1399 3713; x_wconf 90' lang='lat' dir='ltr'><strong>noctem</strong></span> <span class='ocrx_word' id='word_1_467' title='bbox 1430 3659 1541 3715; x_wconf 87' lang='lat' dir='ltr'><strong>veri</strong></span> <span class='ocrx_word' id='word_1_468' title='bbox 1563 3659 1778 3722; x_wconf 87' lang='lat' dir='ltr'><strong>luminis</strong></span> 
     </span>
    </p>
   </div>
   <div class='ocr_carea' id='block_1_69' title="bbox 192 3746 1781 3823">
    <p class='ocr_par' dir='ltr' id='par_1_69' title="bbox 192 3746 1781 3823">
     <span class='ocr_line' id='line_1_69' title="bbox 192 3746 1781 3823; baseline 0.008 -22"><span class='ocrx_word' id='word_1_469' title='bbox 192 3746 371 3803; x_wconf 85' lang='lat' dir='ltr'><strong>fecisti</strong></span> <span class='ocrx_word' id='word_1_470' title='bbox 401 3746 761 3804; x_wconf 89' lang='lat' dir='ltr'><strong>illustratione</strong></span> <span class='ocrx_word' id='word_1_471' title='bbox 790 3747 1103 3818; x_wconf 87' lang='lat' dir='ltr'><strong>clarescere,</strong></span> <span class='ocrx_word' id='word_1_472' title='bbox 1135 3750 1222 3817; x_wconf 90' lang='lat' dir='ltr'><strong>da,</strong></span> <span class='ocrx_word' id='word_1_473' title='bbox 1259 3766 1584 3823; x_wconf 69' lang='lat' dir='ltr'><strong>quaesumus,</strong></span> <span class='ocrx_word' id='word_1_474' title='bbox 1611 3764 1669 3812; x_wconf 91' lang='lat' dir='ltr'><strong>ut</strong></span> <span class='ocrx_word' id='word_1_475' title='bbox 1688 3772 1781 3813; x_wconf 90' lang='lat' dir='ltr'><strong>cu-</strong></span> 
     </span>
    </p>
   </div>
   <div class='ocr_carea' id='block_1_70' title="bbox 189 3837 1782 3919">
    <p class='ocr_par' dir='ltr' id='par_1_70' title="bbox 189 3837 1782 3919">
     <span class='ocr_line' id='line_1_70' title="bbox 189 3837 1782 3919; baseline 0.007 -25"><span class='ocrx_word' id='word_1_476' title='bbox 189 3838 281 3908; x_wconf 82' lang='lat' dir='ltr'><strong>jus</strong></span> <span class='ocrx_word' id='word_1_477' title='bbox 305 3837 439 3895; x_wconf 86' lang='lat' dir='ltr'><strong>lucis</strong></span> <span class='ocrx_word' id='word_1_478' title='bbox 470 3837 724 3908; x_wconf 77' lang='lat' dir='ltr'><strong>mysteria</strong></span> <span class='ocrx_word' id='word_1_479' title='bbox 746 3839 798 3894; x_wconf 93' lang='lat' dir='ltr'><strong>in</strong></span> <span class='ocrx_word' id='word_1_480' title='bbox 830 3847 969 3894; x_wconf 88' lang='lat' dir='ltr'><strong>terra</strong></span> <span class='ocrx_word' id='word_1_481' title='bbox 999 3842 1367 3910; x_wconf 82' lang='lat' dir='ltr'><strong>cognovimus,</strong></span> <span class='ocrx_word' id='word_1_482' title='bbox 1416 3843 1534 3914; x_wconf 86' lang='lat' dir='ltr'><strong>ejus</strong></span> <span class='ocrx_word' id='word_1_483' title='bbox 1570 3862 1782 3919; x_wconf 88' lang='lat' dir='ltr'><strong>quoque</strong></span> 
     </span>
    </p>
   </div>
   <div class='ocr_carea' id='block_1_71' title="bbox 191 3928 1672 4005">
    <p class='ocr_par' dir='ltr' id='par_1_71' title="bbox 191 3928 1672 4005">
     <span class='ocr_line' id='line_1_71' title="bbox 191 3928 1672 4005; baseline 0.007 -21"><span class='ocrx_word' id='word_1_484' title='bbox 191 3931 407 4001; x_wconf 80' lang='lat' dir='ltr'><strong>gaudiis</strong></span> <span class='ocrx_word' id='word_1_485' title='bbox 438 3930 491 3984; x_wconf 88' lang='lat' dir='ltr'><strong>in</strong></span> <span class='ocrx_word' id='word_1_486' title='bbox 514 3928 655 3986; x_wconf 64' lang='lat' dir='ltr'><strong>caelo</strong></span> <span class='ocrx_word' id='word_1_487' title='bbox 681 3929 1036 4001; x_wconf 85' lang='lat' dir='ltr'><strong>perfruamur.</strong></span> <span class='ocrx_word' id='word_1_488' title='bbox 1062 3932 1163 3998; x_wconf 86' lang='lat' dir='ltr'><strong>Qui</strong></span> <span class='ocrx_word' id='word_1_489' title='bbox 1197 3941 1367 3989; x_wconf 88' lang='lat' dir='ltr'><strong>tecum</strong></span> <span class='ocrx_word' id='word_1_490' title='bbox 1392 3936 1543 4005; x_wconf 83' lang='lat' dir='ltr'><strong>vivit,</strong></span> <span class='ocrx_word' id='word_1_491' title='bbox 1568 3947 1672 3995; x_wconf 87' lang='lat' dir='ltr'><strong>etc.</strong></span> 
     </span>
    </p>
   </div>
   <div class='ocr_carea' id='block_1_72' title="bbox 262 4020 1781 4102">
    <p class='ocr_par' dir='ltr' id='par_1_72' title="bbox 262 4020 1781 4102">
     <span class='ocr_line' id='line_1_72' title="bbox 262 4020 1781 4102; baseline 0.013 -32"><span class='ocrx_word' id='word_1_492' title='bbox 262 4022 323 4094; x_wconf 71' lang='lat'><strong>6</strong></span> <span class='ocrx_word' id='word_1_493' title='bbox 342 4020 368 4059; x_wconf 69' lang='grc' dir='ltr'><strong>ἰ</strong></span> <span class='ocrx_word' id='word_1_494' title='bbox 392 4021 568 4093; x_wconf 82' lang='lat' dir='ltr'><strong>Super</strong></span> <span class='ocrx_word' id='word_1_495' title='bbox 592 4022 1091 4092; x_wconf 62' lang='lat' dir='ltr'><strong>obium—Accepta</strong></span> <span class='ocrx_word' id='word_1_496' title='bbox 1120 4025 1193 4081; x_wconf 79' lang='lat' dir='ltr'><strong>sit</strong></span> <span class='ocrx_word' id='word_1_497' title='bbox 1223 4025 1336 4093; x_wconf 89' lang='lat' dir='ltr'><strong>tibi,</strong></span> <span class='ocrx_word' id='word_1_498' title='bbox 1367 4028 1612 4098; x_wconf 84' lang='lat' dir='ltr'><strong>Domine,</strong></span> <span class='ocrx_word' id='word_1_499' title='bbox 1637 4046 1781 4102; x_wconf 69' lang='lat' dir='ltr'><strong>quae-</strong></span> 
     </span>
    </p>
   </div>
   <div class='ocr_carea' id='block_1_73' title="bbox 190 4115 1781 4196">
    <p class='ocr_par' dir='ltr' id='par_1_73' title="bbox 190 4115 1781 4196">
     <span class='ocr_line' id='line_1_73' title="bbox 190 4115 1781 4196; baseline 0.009 -26"><span class='ocrx_word' id='word_1_500' title='bbox 190 4131 405 4185; x_wconf 76' lang='lat' dir='ltr'><strong>sumus,</strong></span> <span class='ocrx_word' id='word_1_501' title='bbox 453 4115 731 4173; x_wconf 75' lang='lat' dir='ltr'><strong>hodierna:</strong></span> <span class='ocrx_word' id='word_1_502' title='bbox 772 4115 1074 4176; x_wconf 82' lang='lat' dir='ltr'><strong>festivitatis</strong></span> <span class='ocrx_word' id='word_1_503' title='bbox 1121 4119 1342 4187; x_wconf 90' lang='lat' dir='ltr'><strong>oblatio,</strong></span> <span class='ocrx_word' id='word_1_504' title='bbox 1389 4131 1468 4192; x_wconf 91' lang='lat' dir='ltr'><strong>ut,</strong></span> <span class='ocrx_word' id='word_1_505' title='bbox 1501 4133 1587 4180; x_wconf 85' lang='lat' dir='ltr'><strong>tua</strong></span> <span class='ocrx_word' id='word_1_506' title='bbox 1610 4131 1781 4196; x_wconf 83' lang='lat' dir='ltr'><strong>gratia</strong></span> 
     </span>
    </p>
   </div>
   <div class='ocr_carea' id='block_1_74' title="bbox 194 4207 1783 4279">
    <p class='ocr_par' dir='ltr' id='par_1_74' title="bbox 194 4207 1783 4279">
     <span class='ocr_line' id='line_1_74' title="bbox 194 4207 1783 4279; baseline 0.009 -19"><span class='ocrx_word' id='word_1_507' title='bbox 194 4207 491 4278; x_wconf 81' lang='lat' dir='ltr'><strong>largiente,</strong></span> <span class='ocrx_word' id='word_1_508' title='bbox 521 4224 620 4279; x_wconf 87' lang='lat' dir='ltr'><strong>per</strong></span> <span class='ocrx_word' id='word_1_509' title='bbox 652 4210 767 4264; x_wconf 83' lang='lat' dir='ltr'><strong>haec</strong></span> <span class='ocrx_word' id='word_1_510' title='bbox 793 4218 1129 4268; x_wconf 89' lang='lat' dir='ltr'><strong>sacrosancta</strong></span> <span class='ocrx_word' id='word_1_511' title='bbox 1173 4214 1491 4269; x_wconf 90' lang='lat' dir='ltr'><strong>commercia</strong></span> <span class='ocrx_word' id='word_1_512' title='bbox 1537 4216 1592 4271; x_wconf 91' lang='lat' dir='ltr'><strong>in</strong></span> <span class='ocrx_word' id='word_1_513' title='bbox 1640 4218 1783 4275; x_wconf 91' lang='lat' dir='ltr'><strong>illius</strong></span> 
     </span>
    </p>
   </div>
   <div class='ocr_carea' id='block_1_75' title="bbox 193 4299 1778 4377">
    <p class='ocr_par' dir='ltr' id='par_1_75' title="bbox 193 4299 1778 4377">
     <span class='ocr_line' id='line_1_75' title="bbox 193 4299 1778 4377; baseline 0.009 -26"><span class='ocrx_word' id='word_1_514' title='bbox 193 4299 543 4355; x_wconf 84' lang='lat' dir='ltr'><strong>inveniamur</strong></span> <span class='ocrx_word' id='word_1_515' title='bbox 576 4300 835 4356; x_wconf 64' lang='lat' dir='ltr'><strong>forma&#39;in</strong></span> <span class='ocrx_word' id='word_1_516' title='bbox 868 4318 972 4374; x_wconf 88' lang='lat' dir='ltr'><strong>quo</strong></span> <span class='ocrx_word' id='word_1_517' title='bbox 1004 4312 1178 4377; x_wconf 90' lang='lat' dir='ltr'><strong>tecum</strong></span> <span class='ocrx_word' id='word_1_518' title='bbox 1207 4314 1289 4360; x_wconf 90' lang='lat' dir='ltr'><strong>est</strong></span> <span class='ocrx_word' id='word_1_519' title='bbox 1319 4316 1499 4360; x_wconf 77' lang='lat' dir='ltr'><strong>nostra</strong></span> <span class='ocrx_word' id='word_1_520' title='bbox 1527 4309 1778 4367; x_wconf 86' lang='lat' dir='ltr'><strong>substan-</strong></span> 
     </span>
    </p>
   </div>
   <div class='ocr_carea' id='block_1_76' title="bbox 192 4392 1565 4467">
    <p class='ocr_par' dir='ltr' id='par_1_76' title="bbox 192 4392 1565 4467">
     <span class='ocr_line' id='line_1_76' title="bbox 192 4392 1565 4467; baseline 0.008 -23"><span class='ocrx_word' id='word_1_521' title='bbox 192 4392 288 4445; x_wconf 86' lang='lat' dir='ltr'><strong>tia.</strong></span> <span class='ocrx_word' id='word_1_522' title='bbox 313 4392 419 4460; x_wconf 86' lang='lat' dir='ltr'><strong>Qui</strong></span> <span class='ocrx_word' id='word_1_523' title='bbox 453 4400 625 4449; x_wconf 89' lang='lat' dir='ltr'><strong>tecum</strong></span> <span class='ocrx_word' id='word_1_524' title='bbox 651 4393 781 4448; x_wconf 84' lang='lat' dir='ltr'><strong>vivit</strong></span> <span class='ocrx_word' id='word_1_525' title='bbox 800 4404 855 4449; x_wconf 90' lang='lat' dir='ltr'><strong>et</strong></span> <span class='ocrx_word' id='word_1_526' title='bbox 881 4404 1071 4467; x_wconf 88' lang='lat' dir='ltr'><strong>regnat</strong></span> <span class='ocrx_word' id='word_1_527' title='bbox 1098 4396 1236 4452; x_wconf 90' lang='lat' dir='ltr'><strong>Deus</strong></span> <span class='ocrx_word' id='word_1_528' title='bbox 1257 4397 1308 4453; x_wconf 91' lang='lat' dir='ltr'><strong>in</strong></span> <span class='ocrx_word' id='word_1_529' title='bbox 1340 4396 1565 4455; x_wconf 88' lang='lat' dir='ltr'><strong>unitate.</strong></span> 
     </span>
    </p>
   </div>
   <div class='ocr_carea' id='block_1_77' title="bbox 1884 3383 3452 3459">
    <p class='ocr_par' dir='ltr' id='par_1_77' title="bbox 1884 3383 3452 3459">
     <span class='ocr_line' id='line_1_77' title="bbox 1884 3383 3452 3459; baseline 0.003 -23"><span class='ocrx_word' id='word_1_530' title='bbox 1884 3383 2118 3439; x_wconf 89' lang='lat' dir='ltr'><strong>tionibus</strong></span> <span class='ocrx_word' id='word_1_531' title='bbox 2164 3384 2228 3439; x_wconf 91' lang='lat' dir='ltr'><strong>ad</strong></span> <span class='ocrx_word' id='word_1_532' title='bbox 2268 3385 2386 3455; x_wconf 83' lang='lat' dir='ltr'><strong>ejus</strong></span> <span class='ocrx_word' id='word_1_533' title='bbox 2438 3402 2739 3443; x_wconf 89' lang='lat' dir='ltr'><strong>mereamur</strong></span> <span class='ocrx_word' id='word_1_534' title='bbox 2790 3388 3059 3459; x_wconf 88' lang='lat' dir='ltr'><strong>pertinere</strong></span> <span class='ocrx_word' id='word_1_535' title='bbox 3102 3390 3452 3445; x_wconf 89' lang='lat' dir='ltr'><strong>consortium.</strong></span> 
     </span>
    </p>
   </div>
   <div class='ocr_carea' id='block_1_78' title="bbox 1884 3474 2512 3543">
    <p class='ocr_par' dir='ltr' id='par_1_78' title="bbox 1884 3474 2512 3543">
     <span class='ocr_line' id='line_1_78' title="bbox 1884 3474 2512 3543; baseline 0.006 -14"><span class='ocrx_word' id='word_1_536' title='bbox 1884 3474 1987 3541; x_wconf 90' lang='lat' dir='ltr'><strong>Qui</strong></span> <span class='ocrx_word' id='word_1_537' title='bbox 2027 3484 2201 3531; x_wconf 91' lang='lat' dir='ltr'><strong>tecum</strong></span> <span class='ocrx_word' id='word_1_538' title='bbox 2231 3476 2381 3543; x_wconf 85' lang='lat' dir='ltr'><strong>vivit,</strong></span> <span class='ocrx_word' id='word_1_539' title='bbox 2408 3485 2512 3534; x_wconf 89' lang='lat' dir='ltr'><strong>etc.</strong></span> 
     </span>
    </p>
   </div>
   <div class='ocr_carea' id='block_1_79' title="bbox 1957 3568 3458 3643">
    <p class='ocr_par' dir='ltr' id='par_1_79' title="bbox 1957 3568 3458 3643">
     <span class='ocr_line' id='line_1_79' title="bbox 1957 3568 3458 3643; baseline 0.005 -22"><span class='ocrx_word' id='word_1_540' title='bbox 1957 3568 2037 3621; x_wconf 84' lang='lat' dir='ltr'><strong>Ad</strong></span> <span class='ocrx_word' id='word_1_541' title='bbox 2067 3568 2403 3627; x_wconf 78' lang='lat' dir='ltr'><strong>Matutinum.</strong></span> <span class='ocrx_word' id='word_1_542' title='bbox 2443 3601 2514 3613; x_wconf 91' lang='lat'><strong><em>—</em></strong></span> <span class='ocrx_word' id='word_1_543' title='bbox 2556 3572 2784 3643; x_wconf 84' lang='lat' dir='ltr'><strong>Respice</strong></span> <span class='ocrx_word' id='word_1_544' title='bbox 2811 3586 2932 3641; x_wconf 89' lang='lat' dir='ltr'><strong>nos,</strong></span> <span class='ocrx_word' id='word_1_545' title='bbox 2964 3574 3265 3630; x_wconf 89' lang='lat' dir='ltr'><strong>misericors</strong></span> <span class='ocrx_word' id='word_1_546' title='bbox 3298 3574 3458 3641; x_wconf 86' lang='lat' dir='ltr'><strong>Deus,</strong></span> 
     </span>
    </p>
   </div>
   <div class='ocr_carea' id='block_1_80' title="bbox 1888 3668 3460 3738">
    <p class='ocr_par' dir='ltr' id='par_1_80' title="bbox 1888 3668 3460 3738">
     <span class='ocr_line' id='line_1_80' title="bbox 1888 3668 3460 3738; baseline 0.003 -18"><span class='ocrx_word' id='word_1_547' title='bbox 1888 3674 1943 3720; x_wconf 91' lang='lat' dir='ltr'><strong>et</strong></span> <span class='ocrx_word' id='word_1_548' title='bbox 1972 3668 2238 3724; x_wconf 88' lang='lat' dir='ltr'><strong>mentibus</strong></span> <span class='ocrx_word' id='word_1_549' title='bbox 2281 3669 2572 3725; x_wconf 89' lang='lat' dir='ltr'><strong>clementer</strong></span> <span class='ocrx_word' id='word_1_550' title='bbox 2611 3669 2878 3738; x_wconf 86' lang='lat' dir='ltr'><strong>humanis,</strong></span> <span class='ocrx_word' id='word_1_551' title='bbox 2926 3679 3179 3726; x_wconf 84' lang='lat' dir='ltr'><strong>nascente</strong></span> <span class='ocrx_word' id='word_1_552' title='bbox 3222 3669 3460 3734; x_wconf 89' lang='lat' dir='ltr'><strong>Christo,</strong></span> 
     </span>
    </p>
   </div>
   <div class='ocr_carea' id='block_1_81' title="bbox 1888 3759 3465 3829">
    <p class='ocr_par' dir='ltr' id='par_1_81' title="bbox 1888 3759 3465 3829">
     <span class='ocr_line' id='line_1_81' title="bbox 1888 3759 3465 3829; baseline 0.003 -17"><span class='ocrx_word' id='word_1_553' title='bbox 1888 3771 2113 3813; x_wconf 78' lang='lat' dir='ltr'><strong>summa:</strong></span> <span class='ocrx_word' id='word_1_554' title='bbox 2138 3759 2379 3815; x_wconf 72' lang='lat' dir='ltr'><strong>veritatis</strong></span> <span class='ocrx_word' id='word_1_555' title='bbox 2411 3761 2585 3816; x_wconf 91' lang='lat' dir='ltr'><strong>lumen</strong></span> <span class='ocrx_word' id='word_1_556' title='bbox 2612 3762 2857 3817; x_wconf 87' lang='lat' dir='ltr'><strong>ostende.</strong></span> <span class='ocrx_word' id='word_1_557' title='bbox 2905 3761 3005 3829; x_wconf 88' lang='lat' dir='ltr'><strong>Qui</strong></span> <span class='ocrx_word' id='word_1_558' title='bbox 3050 3771 3225 3818; x_wconf 90' lang='lat' dir='ltr'><strong>tecum</strong></span> <span class='ocrx_word' id='word_1_559' title='bbox 3253 3761 3381 3817; x_wconf 89' lang='lat' dir='ltr'><strong>vivit</strong></span> <span class='ocrx_word' id='word_1_560' title='bbox 3410 3768 3465 3817; x_wconf 91' lang='lat' dir='ltr'><strong>et</strong></span> 
     </span>
    </p>
   </div>
   <div class='ocr_carea' id='block_1_82' title="bbox 1887 3857 2091 3918">
    <p class='ocr_par' dir='ltr' id='par_1_82' title="bbox 1887 3857 2091 3918">
     <span class='ocr_line' id='line_1_82' title="bbox 1887 3857 2091 3918; baseline 0.005 -16"><span class='ocrx_word' id='word_1_561' title='bbox 1887 3857 2091 3918; x_wconf 85' lang='lat' dir='ltr'><strong>regnat.</strong></span> 
     </span>
    </p>
   </div>
   <div class='ocr_carea' id='block_1_83' title="bbox 1887 3945 3464 4018">
    <p class='ocr_par' dir='ltr' id='par_1_83' title="bbox 1887 3945 3464 4018">
     <span class='ocr_line' id='line_1_83' title="bbox 1887 3945 3464 4018; baseline 0 -18"><span class='ocrx_word' id='word_1_562' title='bbox 1887 3946 1937 4016; x_wconf 83' lang='lat'><strong><em>7</em></strong></span> <span class='ocrx_word' id='word_1_563' title='bbox 1976 3960 2128 4001; x_wconf 71' lang='lat' dir='ltr'><strong>mssa</strong></span> <span class='ocrx_word' id='word_1_564' title='bbox 2172 3945 2320 4018; x_wconf 80' lang='lat' dir='ltr'><strong>(lOi)</strong></span> <span class='ocrx_word' id='word_1_565' title='bbox 2359 3961 2413 4002; x_wconf 78' lang='lat' dir='ltr'><strong>in</strong></span> <span class='ocrx_word' id='word_1_566' title='bbox 2452 3963 2594 4003; x_wconf 67' lang='lat' dir='ltr'><strong>unus</strong></span> <span class='ocrx_word' id='word_1_567' title='bbox 2630 3963 2788 4004; x_wconf 76' lang='lat' dir='ltr'><strong>PRIMA</strong></span> <span class='ocrx_word' id='word_1_568' title='bbox 2827 3962 2955 4004; x_wconf 73' lang='lat' dir='ltr'><strong>nn.</strong></span> <span class='ocrx_word' id='word_1_569' title='bbox 2996 3963 3147 4015; x_wconf 79' lang='lat' dir='ltr'><strong>nou.,</strong></span> <span class='ocrx_word' id='word_1_570' title='bbox 3190 3960 3305 4001; x_wconf 75' lang='lat' dir='ltr'><strong>srva</strong></span> <span class='ocrx_word' id='word_1_571' title='bbox 3343 3960 3464 4001; x_wconf 81' lang='lat' dir='ltr'><strong>SAN-</strong></span> 
     </span>
    </p>
   </div>
   <div class='ocr_carea' id='block_1_84' title="bbox 2400 4049 2947 4095">
    <p class='ocr_par' dir='ltr' id='par_1_84' title="bbox 2400 4049 2947 4095">
     <span class='ocr_line' id='line_1_84' title="bbox 2400 4049 2947 4095; baseline -0.004 0"><span class='ocrx_word' id='word_1_572' title='bbox 2400 4054 2515 4095; x_wconf 74' lang='lat' dir='ltr'><strong>C&#39;l‘tE</strong></span> <span class='ocrx_word' id='word_1_573' title='bbox 2556 4049 2580 4087; x_wconf 68' lang='grc' dir='ltr'><strong>Β</strong></span> <span class='ocrx_word' id='word_1_574' title='bbox 2621 4054 2947 4095; x_wconf 61' lang='lat' dir='ltr'><strong>ANASTASIE.</strong></span> 
     </span>
    </p>
   </div>
   <div class='ocr_carea' id='block_1_85' title="bbox 1961 4128 3467 4203">
    <p class='ocr_par' dir='ltr' id='par_1_85' title="bbox 1961 4128 3467 4203">
     <span class='ocr_line' id='line_1_85' title="bbox 1961 4128 3467 4203; baseline 0 -20"><span class='ocrx_word' id='word_1_575' title='bbox 1961 4129 2037 4185; x_wconf 87' lang='lat' dir='ltr'><strong>Da</strong></span> <span class='ocrx_word' id='word_1_576' title='bbox 2085 4130 2259 4201; x_wconf 71' lang='lat'><strong>(102),</strong></span> <span class='ocrx_word' id='word_1_577' title='bbox 2292 4147 2614 4200; x_wconf 74' lang='lat' dir='ltr'><strong>quaesumus,</strong></span> <span class='ocrx_word' id='word_1_578' title='bbox 2653 4132 2988 4203; x_wconf 89' lang='lat' dir='ltr'><strong>omnipotens</strong></span> <span class='ocrx_word' id='word_1_579' title='bbox 3047 4131 3207 4198; x_wconf 90' lang='lat' dir='ltr'><strong>Deus,</strong></span> <span class='ocrx_word' id='word_1_580' title='bbox 3256 4139 3334 4197; x_wconf 90' lang='lat' dir='ltr'><strong>ut,</strong></span> <span class='ocrx_word' id='word_1_581' title='bbox 3377 4128 3467 4200; x_wconf 89' lang='lat' dir='ltr'><strong>qui</strong></span> 
     </span>
    </p>
   </div>
   <div class='ocr_carea' id='block_1_86' title="bbox 1890 4225 3464 4301">
    <p class='ocr_par' dir='ltr' id='par_1_86' title="bbox 1890 4225 3464 4301">
     <span class='ocr_line' id='line_1_86' title="bbox 1890 4225 3464 4301; baseline -0.001 -19"><span class='ocrx_word' id='word_1_582' title='bbox 1890 4241 2029 4284; x_wconf 86' lang='lat' dir='ltr'><strong>nova</strong></span> <span class='ocrx_word' id='word_1_583' title='bbox 2072 4230 2331 4285; x_wconf 88' lang='lat' dir='ltr'><strong>incarnati</strong></span> <span class='ocrx_word' id='word_1_584' title='bbox 2359 4228 2519 4285; x_wconf 84' lang='lat' dir='ltr'><strong>Verbi</strong></span> <span class='ocrx_word' id='word_1_585' title='bbox 2547 4230 2621 4285; x_wconf 92' lang='lat' dir='ltr'><strong>tui</strong></span> <span class='ocrx_word' id='word_1_586' title='bbox 2665 4230 2783 4286; x_wconf 90' lang='lat' dir='ltr'><strong>luce</strong></span> <span class='ocrx_word' id='word_1_587' title='bbox 2826 4228 3211 4301; x_wconf 85' lang='lat' dir='ltr'><strong>perfundimur,</strong></span> <span class='ocrx_word' id='word_1_588' title='bbox 3264 4226 3365 4281; x_wconf 89' lang='lat' dir='ltr'><strong>hoc</strong></span> <span class='ocrx_word' id='word_1_589' title='bbox 3411 4225 3464 4281; x_wconf 91' lang='lat' dir='ltr'><strong>in</strong></span> 
     </span>
    </p>
   </div>
   <div class='ocr_carea' id='block_1_87' title="bbox 1890 4321 3467 4396">
    <p class='ocr_par' dir='ltr' id='par_1_87' title="bbox 1890 4321 3467 4396">
     <span class='ocr_line' id='line_1_87' title="bbox 1890 4321 3467 4396; baseline 0.001 -21"><span class='ocrx_word' id='word_1_590' title='bbox 1890 4329 2077 4376; x_wconf 90' lang='lat' dir='ltr'><strong>nostro</strong></span> <span class='ocrx_word' id='word_1_591' title='bbox 2103 4321 2444 4391; x_wconf 73' lang='lat' dir='ltr'><strong>resplendeat</strong></span> <span class='ocrx_word' id='word_1_592' title='bbox 2470 4339 2649 4395; x_wconf 87' lang='lat' dir='ltr'><strong>opere,</strong></span> <span class='ocrx_word' id='word_1_593' title='bbox 2677 4326 2817 4396; x_wconf 92' lang='lat' dir='ltr'><strong>quod</strong></span> <span class='ocrx_word' id='word_1_594' title='bbox 2859 4340 2953 4396; x_wconf 90' lang='lat' dir='ltr'><strong>per</strong></span> <span class='ocrx_word' id='word_1_595' title='bbox 2991 4324 3149 4380; x_wconf 86' lang='lat' dir='ltr'><strong>fidem</strong></span> <span class='ocrx_word' id='word_1_596' title='bbox 3203 4323 3365 4394; x_wconf 81' lang='lat' dir='ltr'><strong>fulget</strong></span> <span class='ocrx_word' id='word_1_597' title='bbox 3413 4322 3467 4377; x_wconf 90' lang='lat' dir='ltr'><strong>iu</strong></span> 
     </span>
    </p>
   </div>
   <div class='ocr_carea' id='block_1_88' title="bbox 1891 4413 2517 4472">
    <p class='ocr_par' dir='ltr' id='par_1_88' title="bbox 1891 4413 2517 4472">
     <span class='ocr_line' id='line_1_88' title="bbox 1891 4413 2517 4472; baseline 0 0"><span class='ocrx_word' id='word_1_598' title='bbox 1891 4423 2089 4472; x_wconf 87' lang='lat' dir='ltr'><strong>mente.</strong></span> <span class='ocrx_word' id='word_1_599' title='bbox 2120 4413 2222 4470; x_wconf 89' lang='lat' dir='ltr'><strong>Per</strong></span> <span class='ocrx_word' id='word_1_600' title='bbox 2249 4416 2517 4472; x_wconf 89' lang='lat' dir='ltr'><strong>eumdem.</strong></span> 
     </span>
    </p>
   </div>
   <div class='ocr_carea' id='block_1_89' title="bbox 188 4530 1770 4619">
    <p class='ocr_par' dir='ltr' id='par_1_89' title="bbox 188 4530 1770 4619">
     <span class='ocr_line' id='line_1_89' title="bbox 188 4530 1770 4619; baseline 0.002 -30"><span class='ocrx_word' id='word_1_601' title='bbox 188 4530 813 4619; x_wconf 49' lang='lat' dir='ltr'><strong>hodiernis‘ﬂissalihue.</strong></span> <span class='ocrx_word' id='word_1_602' title='bbox 832 4533 887 4616; x_wconf 80' lang='lat' dir='ltr'><strong>In</strong></span> <span class='ocrx_word' id='word_1_603' title='bbox 908 4533 970 4589; x_wconf 93' lang='lat' dir='ltr'><strong>C.</strong></span> <span class='ocrx_word' id='word_1_604' title='bbox 995 4533 1126 4603; x_wconf 82' lang='lat' dir='ltr'><strong>Reg.</strong></span> <span class='ocrx_word' id='word_1_605' title='bbox 1159 4533 1318 4619; x_wconf 77' lang='lat' dir='ltr'><strong>Suec.</strong></span> <span class='ocrx_word' id='word_1_606' title='bbox 1341 4544 1468 4619; x_wconf 80' lang='lat' dir='ltr'><strong>ante</strong></span> <span class='ocrx_word' id='word_1_607' title='bbox 1493 4536 1668 4619; x_wconf 67' lang='lat' dir='ltr'><strong>Agnus</strong></span> <span class='ocrx_word' id='word_1_608' title='bbox 1686 4536 1770 4619; x_wconf 70' lang='lat' dir='ltr'><strong>De;</strong></span> 
     </span>
    </p>
   </div>
   <div class='ocr_carea' id='block_1_90' title="bbox 1868 4530 3465 4619">
    <p class='ocr_par' dir='ltr' id='par_1_90' title="bbox 1889 4546 3465 4619">
     <span class='ocr_line' id='line_1_90' title="bbox 1889 4546 3465 4619; baseline 0.004 -18"><span class='ocrx_word' id='word_1_609' title='bbox 1889 4546 2020 4619; x_wconf 77' lang='lat' dir='ltr'><strong>Reg.</strong></span> <span class='ocrx_word' id='word_1_610' title='bbox 2052 4550 2233 4617; x_wconf 91' lang='lat' dir='ltr'><strong>Suec.,</strong></span> <span class='ocrx_word' id='word_1_611' title='bbox 2267 4553 2456 4608; x_wconf 89' lang='lat' dir='ltr'><strong>Gemet</strong></span> <span class='ocrx_word' id='word_1_612' title='bbox 2484 4562 2537 4608; x_wconf 91' lang='lat' dir='ltr'><strong>et</strong></span> <span class='ocrx_word' id='word_1_613' title='bbox 2567 4552 2836 4609; x_wconf 88' lang='lat' dir='ltr'><strong>Theoder.</strong></span> <span class='ocrx_word' id='word_1_614' title='bbox 2869 4555 2995 4609; x_wconf 88' lang='lat' dir='ltr'><strong>Post</strong></span> <span class='ocrx_word' id='word_1_615' title='bbox 3021 4551 3235 4609; x_wconf 68' lang='lat' dir='ltr'><strong>Praefat.</strong></span> <span class='ocrx_word' id='word_1_616' title='bbox 3262 4552 3465 4608; x_wconf 87' lang='lat' dir='ltr'><strong>Pamel.</strong></span> 
     </span>
    </p>
   </div>
   <div class='ocr_carea' id='block_1_91' title="bbox 192 4603 1781 4678">
    <p class='ocr_par' dir='ltr' id='par_1_91' title="bbox 192 4603 1781 4678">
     <span class='ocr_line' id='line_1_91' title="bbox 192 4603 1781 4678; baseline 0.004 -19"><span class='ocrx_word' id='word_1_617' title='bbox 192 4606 415 4678; x_wconf 73' lang='lat' dir='ltr'><strong>ponitur</strong></span> <span class='ocrx_word' id='word_1_618' title='bbox 450 4603 763 4678; x_wconf 68' lang='lat' dir='ltr'><strong>Benedictio</strong></span> <span class='ocrx_word' id='word_1_619' title='bbox 788 4606 1180 4678; x_wconf 72' lang='lat' dir='ltr'><strong>episcoporum,</strong></span> <span class='ocrx_word' id='word_1_620' title='bbox 1209 4606 1384 4678; x_wconf 80' lang='lat' dir='ltr'><strong>adesto</strong></span> <span class='ocrx_word' id='word_1_621' title='bbox 1412 4603 1610 4678; x_wconf 53' lang='lat' dir='ltr'><strong>suppl,</strong></span> <span class='ocrx_word' id='word_1_622' title='bbox 1645 4620 1702 4664; x_wconf 91' lang='lat' dir='ltr'><strong>ut</strong></span> <span class='ocrx_word' id='word_1_623' title='bbox 1728 4614 1781 4666; x_wconf 92' lang='lat' dir='ltr'><strong>in</strong></span> 
     </span>
    </p>
   </div>
   <div class='ocr_carea' id='block_1_92' title="bbox 189 4672 1778 4745">
    <p class='ocr_par' dir='ltr' id='par_1_92' title="bbox 189 4672 1778 4745">
     <span class='ocr_line' id='line_1_92' title="bbox 189 4672 1778 4745; baseline 0.004 -18"><span class='ocrx_word' id='word_1_624' title='bbox 189 4672 445 4730; x_wconf 77' lang='lat' dir='ltr'><strong>Pontiﬁc.</strong></span> <span class='ocrx_word' id='word_1_625' title='bbox 490 4672 650 4745; x_wconf 75' lang='lat' dir='ltr'><strong>Rom.</strong></span> <span class='ocrx_word' id='word_1_626' title='bbox 699 4684 878 4745; x_wconf 87' lang='lat' dir='ltr'><strong>postea</strong></span> <span class='ocrx_word' id='word_1_627' title='bbox 927 4672 1275 4731; x_wconf 85' lang='lat' dir='ltr'><strong>COnsecratio</strong></span> <span class='ocrx_word' id='word_1_628' title='bbox 1306 4694 1317 4729; x_wconf 86' lang='lat'><strong>:</strong></span> <span class='ocrx_word' id='word_1_629' title='bbox 1349 4672 1485 4731; x_wconf 74' lang='lat' dir='ltr'><strong>Deus</strong></span> <span class='ocrx_word' id='word_1_630' title='bbox 1511 4672 1778 4735; x_wconf 59' lang='lat' dir='ltr'><strong>&#39;bonorum</strong></span> 
     </span>
    </p>
   </div>
   <div class='ocr_carea' id='block_1_93' title="bbox 186 4742 1783 4814">
    <p class='ocr_par' dir='ltr' id='par_1_93' title="bbox 186 4742 1783 4814">
     <span class='ocr_line' id='line_1_93' title="bbox 186 4742 1783 4814; baseline 0.006 -17"><span class='ocrx_word' id='word_1_631' title='bbox 186 4747 445 4814; x_wconf 60' lang='lat' dir='ltr'><strong>amasium.</strong></span> <span class='ocrx_word' id='word_1_632' title='bbox 482 4742 683 4799; x_wconf 87' lang='lat' dir='ltr'><strong>Deinde</strong></span> <span class='ocrx_word' id='word_1_633' title='bbox 700 4742 869 4814; x_wconf 79' lang='lat' dir='ltr'><strong>super</strong></span> <span class='ocrx_word' id='word_1_634' title='bbox 888 4745 1087 4810; x_wconf 76' lang='lat' dir='ltr'><strong>oblata,</strong></span> <span class='ocrx_word' id='word_1_635' title='bbox 1112 4745 1219 4800; x_wconf 77' lang='lat' dir='ltr'><strong>[uec</strong></span> <span class='ocrx_word' id='word_1_636' title='bbox 1268 4746 1456 4814; x_wconf 81' lang='lat' dir='ltr'><strong>hostia,</strong></span> <span class='ocrx_word' id='word_1_637' title='bbox 1490 4759 1615 4814; x_wconf 89' lang='lat' dir='ltr'><strong>etc.,</strong></span> <span class='ocrx_word' id='word_1_638' title='bbox 1648 4762 1704 4806; x_wconf 93' lang='lat' dir='ltr'><strong>ut</strong></span> <span class='ocrx_word' id='word_1_639' title='bbox 1730 4754 1783 4808; x_wconf 91' lang='lat' dir='ltr'><strong>in</strong></span> 
     </span>
    </p>
   </div>
   <div class='ocr_carea' id='block_1_94' title="bbox 190 4813 1783 4887">
    <p class='ocr_par' dir='ltr' id='par_1_94' title="bbox 190 4813 1783 4887">
     <span class='ocr_line' id='line_1_94' title="bbox 190 4813 1783 4887; baseline 0.005 -19"><span class='ocrx_word' id='word_1_640' title='bbox 190 4813 399 4870; x_wconf 83' lang='lat' dir='ltr'><strong>Pontif.</strong></span> <span class='ocrx_word' id='word_1_641' title='bbox 441 4815 625 4881; x_wconf 86' lang='lat' dir='ltr'><strong>Rom.,</strong></span> <span class='ocrx_word' id='word_1_642' title='bbox 672 4813 936 4881; x_wconf 62' lang='lat' dir='ltr'><strong>Praefatio,</strong></span> <span class='ocrx_word' id='word_1_643' title='bbox 962 4815 1115 4871; x_wconf 86' lang='lat' dir='ltr'><strong>Hanc</strong></span> <span class='ocrx_word' id='word_1_644' title='bbox 1157 4818 1332 4887; x_wconf 84' lang='lat' dir='ltr'><strong>igitur,</strong></span> <span class='ocrx_word' id='word_1_645' title='bbox 1382 4813 1487 4871; x_wconf 88' lang='lat' dir='ltr'><strong>etc.</strong></span> <span class='ocrx_word' id='word_1_646' title='bbox 1518 4813 1608 4874; x_wconf 83' lang='lat' dir='ltr'><strong>Ad</strong></span> <span class='ocrx_word' id='word_1_647' title='bbox 1630 4836 1783 4876; x_wconf 86' lang='lat' dir='ltr'><strong>com-</strong></span> 
     </span>
    </p>
   </div>
   <div class='ocr_carea' id='block_1_95' title="bbox 189 4887 1783 4959">
    <p class='ocr_par' dir='ltr' id='par_1_95' title="bbox 189 4887 1783 4959">
     <span class='ocr_line' id='line_1_95' title="bbox 189 4887 1783 4959; baseline 0.006 -21"><span class='ocrx_word' id='word_1_648' title='bbox 189 4887 477 4953; x_wconf 76' lang='lat' dir='ltr'><strong>pleadum,</strong></span> <span class='ocrx_word' id='word_1_649' title='bbox 502 4890 610 4959; x_wconf 69' lang='lat' dir='ltr'><strong>luet;</strong></span> <span class='ocrx_word' id='word_1_650' title='bbox 630 4903 719 4941; x_wconf 73' lang='lat' dir='ltr'><strong>nos</strong></span> <span class='ocrx_word' id='word_1_651' title='bbox 738 4887 1047 4959; x_wconf 66' lang='lat' dir='ltr'><strong>communio,</strong></span> <span class='ocrx_word' id='word_1_652' title='bbox 1072 4898 1178 4959; x_wconf 85' lang='lat' dir='ltr'><strong>etc.</strong></span> <span class='ocrx_word' id='word_1_653' title='bbox 1202 4888 1326 4944; x_wconf 67' lang='lat' dir='ltr'><strong>Ilaec</strong></span> <span class='ocrx_word' id='word_1_654' title='bbox 1344 4890 1619 4959; x_wconf 85' lang='lat' dir='ltr'><strong>excipiunt</strong></span> <span class='ocrx_word' id='word_1_655' title='bbox 1638 4893 1783 4947; x_wconf 83' lang='lat' dir='ltr'><strong>ordi-</strong></span> 
     </span>
    </p>
   </div>
   <div class='ocr_carea' id='block_1_96' title="bbox 186 4956 1106 5027">
    <p class='ocr_par' dir='ltr' id='par_1_96' title="bbox 186 4956 1106 5027">
     <span class='ocr_line' id='line_1_96' title="bbox 186 4956 1106 5027; baseline 0.003 -16"><span class='ocrx_word' id='word_1_656' title='bbox 186 4961 444 5012; x_wconf 83' lang='lat' dir='ltr'><strong>nationes</strong></span> <span class='ocrx_word' id='word_1_657' title='bbox 472 4956 768 5027; x_wconf 78' lang='lat' dir='ltr'><strong>presbyteri</strong></span> <span class='ocrx_word' id='word_1_658' title='bbox 797 4968 850 5011; x_wconf 94' lang='lat' dir='ltr'><strong>et</strong></span> <span class='ocrx_word' id='word_1_659' title='bbox 874 4958 1106 5014; x_wconf 88' lang='lat' dir='ltr'><strong>diaconi.</strong></span> 
     </span>
    </p>
   </div>
   <div class='ocr_carea' id='block_1_97' title="bbox 260 5027 1784 5105">
    <p class='ocr_par' dir='ltr' id='par_1_97' title="bbox 260 5027 1784 5105">
     <span class='ocr_line' id='line_1_97' title="bbox 260 5027 1784 5105; baseline 0.007 -25"><span class='ocrx_word' id='word_1_660' title='bbox 260 5036 293 5065; x_wconf 78' lang='grc' dir='ltr'>ιι</span> <span class='ocrx_word' id='word_1_661' title='bbox 323 5028 425 5105; x_wconf 54' lang='lat' dir='ltr'><strong>ﬂio</strong></span> <span class='ocrx_word' id='word_1_662' title='bbox 452 5028 930 5105; x_wconf 63' lang='lat' dir='ltr'><strong>nonconsentiunt</strong></span> <span class='ocrx_word' id='word_1_663' title='bbox 958 5027 1110 5095; x_wconf 83' lang='lat' dir='ltr'><strong>Mss.,</strong></span> <span class='ocrx_word' id='word_1_664' title='bbox 1144 5028 1243 5084; x_wconf 90' lang='lat' dir='ltr'><strong>nisi</strong></span> <span class='ocrx_word' id='word_1_665' title='bbox 1275 5030 1328 5086; x_wconf 94' lang='lat' dir='ltr'><strong>in</strong></span> <span class='ocrx_word' id='word_1_666' title='bbox 1358 5030 1564 5090; x_wconf 87' lang='lat' dir='ltr'><strong>duabus</strong></span> <span class='ocrx_word' id='word_1_667' title='bbox 1594 5036 1784 5105; x_wconf 88' lang='lat' dir='ltr'><strong>priori-</strong></span> 
     </span>
    </p>
   </div>
   <div class='ocr_carea' id='block_1_98' title="bbox 185 5096 681 5153">
    <p class='ocr_par' dir='ltr' id='par_1_98' title="bbox 185 5096 681 5153">
     <span class='ocr_line' id='line_1_98' title="bbox 185 5096 681 5153; baseline -0.004 0"><span class='ocrx_word' id='word_1_668' title='bbox 185 5096 291 5153; x_wconf 76' lang='lat' dir='ltr'><strong>bus</strong></span> <span class='ocrx_word' id='word_1_669' title='bbox 314 5096 681 5153; x_wconf 87' lang='lat' dir='ltr'><strong>Orationibus.</strong></span> 
     </span>
    </p>
   </div>
   <div class='ocr_carea' id='block_1_99' title="bbox 256 5169 1782 5241">
    <p class='ocr_par' dir='ltr' id='par_1_99' title="bbox 256 5169 1782 5241">
     <span class='ocr_line' id='line_1_99' title="bbox 256 5169 1782 5241; baseline 0.005 -16"><span class='ocrx_word' id='word_1_670' title='bbox 256 5170 288 5209; x_wconf 69' lang='grc' dir='ltr'>δ</span> <span class='ocrx_word' id='word_1_671' title='bbox 315 5170 489 5226; x_wconf 79' lang='lat' dir='ltr'><strong>Abest</strong></span> <span class='ocrx_word' id='word_1_672' title='bbox 528 5169 782 5226; x_wconf 76' lang='lat' dir='ltr'><strong>Praefatio</strong></span> <span class='ocrx_word' id='word_1_673' title='bbox 829 5169 965 5225; x_wconf 90' lang='lat' dir='ltr'><strong>Cod.</strong></span> <span class='ocrx_word' id='word_1_674' title='bbox 1006 5169 1209 5226; x_wconf 87' lang='lat' dir='ltr'><strong>Pamel.</strong></span> <span class='ocrx_word' id='word_1_675' title='bbox 1240 5180 1294 5228; x_wconf 87' lang='lat' dir='ltr'><strong>et</strong></span> <span class='ocrx_word' id='word_1_676' title='bbox 1327 5172 1459 5241; x_wconf 82' lang='lat' dir='ltr'><strong>Reg.</strong></span> <span class='ocrx_word' id='word_1_677' title='bbox 1517 5175 1678 5232; x_wconf 75' lang='lat' dir='ltr'><strong>Suec;</strong></span> <span class='ocrx_word' id='word_1_678' title='bbox 1725 5176 1782 5233; x_wconf 85' lang='lat' dir='ltr'><strong>in</strong></span> 
     </span>
    </p>
   </div>
   <div class='ocr_carea' id='block_1_100' title="bbox 186 5238 1783 5310">
    <p class='ocr_par' dir='ltr' id='par_1_100' title="bbox 186 5238 1783 5310">
     <span class='ocr_line' id='line_1_100' title="bbox 186 5238 1783 5310; baseline 0.006 -17"><span class='ocrx_word' id='word_1_679' title='bbox 186 5238 409 5296; x_wconf 83' lang='lat' dir='ltr'><strong>Gemet.</strong></span> <span class='ocrx_word' id='word_1_680' title='bbox 459 5241 763 5309; x_wconf 83' lang='lat' dir='ltr'><strong>assignatur</strong></span> <span class='ocrx_word' id='word_1_681' title='bbox 820 5241 1066 5296; x_wconf 67' lang='lat' dir='ltr'><strong>Praefatio</strong></span> <span class='ocrx_word' id='word_1_682' title='bbox 1112 5258 1230 5310; x_wconf 74' lang='lat' dir='ltr'><strong>qua:</strong></span> <span class='ocrx_word' id='word_1_683' title='bbox 1259 5246 1311 5297; x_wconf 87' lang='lat' dir='ltr'><strong>in</strong></span> <span class='ocrx_word' id='word_1_684' title='bbox 1345 5238 1487 5299; x_wconf 81' lang='lat' dir='ltr'><strong>Edit.</strong></span> <span class='ocrx_word' id='word_1_685' title='bbox 1528 5246 1693 5300; x_wconf 88' lang='lat' dir='ltr'><strong>Vatic.</strong></span> <span class='ocrx_word' id='word_1_686' title='bbox 1728 5257 1783 5304; x_wconf 88' lang='lat' dir='ltr'><strong>et</strong></span> 
     </span>
    </p>
   </div>
   <div class='ocr_carea' id='block_1_101' title="bbox 186 5310 1709 5380">
    <p class='ocr_par' dir='ltr' id='par_1_101' title="bbox 186 5310 1709 5380">
     <span class='ocr_line' id='line_1_101' title="bbox 186 5310 1709 5380; baseline 0.005 -15"><span class='ocrx_word' id='word_1_687' title='bbox 186 5310 502 5365; x_wconf 76' lang='lat' dir='ltr'><strong>Cassanvil.</strong></span> <span class='ocrx_word' id='word_1_688' title='bbox 530 5311 743 5380; x_wconf 89' lang='lat' dir='ltr'><strong>ponitur</strong></span> <span class='ocrx_word' id='word_1_689' title='bbox 765 5326 862 5380; x_wconf 88' lang='lat' dir='ltr'><strong>pro</strong></span> <span class='ocrx_word' id='word_1_690' title='bbox 891 5313 1043 5366; x_wconf 90' lang='lat' dir='ltr'><strong>tertia</strong></span> <span class='ocrx_word' id='word_1_691' title='bbox 1068 5313 1225 5366; x_wconf 83' lang='lat' dir='ltr'><strong>missa</strong></span> <span class='ocrx_word' id='word_1_692' title='bbox 1255 5314 1453 5370; x_wconf 85' lang='lat' dir='ltr'><strong>Natalis</strong></span> <span class='ocrx_word' id='word_1_693' title='bbox 1476 5316 1709 5372; x_wconf 90' lang='lat' dir='ltr'><strong>Domini.</strong></span> 
     </span>
    </p>
   </div>
   <div class='ocr_carea' id='block_1_102' title="bbox 261 5381 1781 5459">
    <p class='ocr_par' dir='ltr' id='par_1_102' title="bbox 261 5381 1781 5459">
     <span class='ocr_line' id='line_1_102' title="bbox 261 5381 1781 5459; baseline 0.005 -23"><span class='ocrx_word' id='word_1_694' title='bbox 261 5392 287 5420; x_wconf 75' lang='grc' dir='ltr'><em>ε</em></span> <span class='ocrx_word' id='word_1_695' title='bbox 327 5382 385 5436; x_wconf 84' lang='lat' dir='ltr'><strong>In</strong></span> <span class='ocrx_word' id='word_1_696' title='bbox 413 5382 548 5459; x_wconf 81' lang='lat' dir='ltr'><strong>Cod.</strong></span> <span class='ocrx_word' id='word_1_697' title='bbox 598 5381 728 5459; x_wconf 67' lang='lat' dir='ltr'><strong>Reg.</strong></span> <span class='ocrx_word' id='word_1_698' title='bbox 761 5386 919 5459; x_wconf 83' lang='lat' dir='ltr'><strong>Suec.</strong></span> <span class='ocrx_word' id='word_1_699' title='bbox 952 5391 1008 5444; x_wconf 74' lang='lat' dir='ltr'><strong>et</strong></span> <span class='ocrx_word' id='word_1_700' title='bbox 1032 5385 1177 5459; x_wconf 56' lang='lat' dir='ltr'><strong>apud</strong></span> <span class='ocrx_word' id='word_1_701' title='bbox 1216 5385 1636 5459; x_wconf 76' lang='lat' dir='ltr'><strong>Patuel._legitur</strong></span> <span class='ocrx_word' id='word_1_702' title='bbox 1668 5399 1781 5459; x_wconf 78' lang='lat' dir='ltr'><strong>post</strong></span> 
     </span>
    </p>
   </div>
   <div class='ocr_carea' id='block_1_103' title="bbox 185 5450 1782 5530">
    <p class='ocr_par' dir='ltr' id='par_1_103' title="bbox 185 5450 1782 5530">
     <span class='ocr_line' id='line_1_103' title="bbox 185 5450 1782 5530; baseline 0.005 -26"><span class='ocrx_word' id='word_1_703' title='bbox 185 5451 639 5530; x_wconf 65' lang='lat' dir='ltr'><strong>Communionem.</strong></span> <span class='ocrx_word' id='word_1_704' title='bbox 663 5450 929 5530; x_wconf 71' lang='lat' dir='ltr'><strong>Sequitur</strong></span> <span class='ocrx_word' id='word_1_705' title='bbox 963 5455 1107 5530; x_wconf 71' lang='lat' dir='ltr'><strong>apud</strong></span> <span class='ocrx_word' id='word_1_706' title='bbox 1144 5454 1347 5530; x_wconf 86' lang='lat' dir='ltr'><strong>Pa_mel.</strong></span> <span class='ocrx_word' id='word_1_707' title='bbox 1402 5450 1586 5530; x_wconf 57' lang='lat' dir='ltr'><strong>Qra&#39;tio</strong></span> <span class='ocrx_word' id='word_1_708' title='bbox 1629 5450 1782 5530; x_wconf 75' lang='lat' dir='ltr'><strong>super</strong></span> 
     </span>
    </p>
   </div>
   <div class='ocr_carea' id='block_1_104' title="bbox 184 5523 1781 5645">
    <p class='ocr_par' dir='ltr' id='par_1_104' title="bbox 184 5523 1781 5645">
     <span class='ocr_line' id='line_1_104' title="bbox 184 5523 1781 5645; baseline 0.005 -70"><span class='ocrx_word' id='word_1_709' title='bbox 184 5523 451 5645; x_wconf 41' lang='lat' dir='ltr'><strong>zopulum</strong></span> <span class='ocrx_word' id='word_1_710' title='bbox 480 5539 601 5595; x_wconf 64' lang='lat' dir='ltr'><strong>quae</strong></span> <span class='ocrx_word' id='word_1_711' title='bbox 627 5524 779 5581; x_wconf 86' lang='lat' dir='ltr'><strong>abest</strong></span> <span class='ocrx_word' id='word_1_712' title='bbox 804 5540 836 5579; x_wconf 91' lang='lat' dir='ltr'><strong>a</strong></span> <span class='ocrx_word' id='word_1_713' title='bbox 865 5524 997 5581; x_wconf 86' lang='lat' dir='ltr'><strong>Cod.</strong></span> <span class='ocrx_word' id='word_1_714' title='bbox 1031 5525 1161 5594; x_wconf 84' lang='lat' dir='ltr'><strong>Reg.</strong></span> <span class='ocrx_word' id='word_1_715' title='bbox 1191 5528 1351 5583; x_wconf 82' lang='lat' dir='ltr'><strong>Suec.</strong></span> <span class='ocrx_word' id='word_1_716' title='bbox 1399 5528 1537 5583; x_wconf 84' lang='lat' dir='ltr'><strong>sicut</strong></span> <span class='ocrx_word' id='word_1_717' title='bbox 1577 5523 1781 5585; x_wconf 74' lang='lat' dir='ltr'><strong>alia&#39;ad</strong></span> 
     </span>
     <span class='ocr_line' id='line_1_105' title="bbox 241 5612 481 5645; baseline 0 0"><span class='ocrx_word' id='word_1_718' title='bbox 241 5612 481 5645; x_wconf 70' lang='grc' dir='ltr'><strong>ειοενοε.</strong></span> 
     </span>
    </p>
   </div>
   <div class='ocr_carea' id='block_1_105' title="bbox 241 5612 481 5664">
    <p class='ocr_par' dir='ltr' id='par_1_105' title="bbox 241 5612 481 5664">
     <span class='ocr_line' id='line_1_106' title="bbox 241 5612 481 5664; baseline 0.025 -19"><span class='ocrx_word' id='word_1_719' title='bbox 241 5612 481 5664; x_wconf 65' lang='lat' dir='ltr'><strong>asperos.</strong></span> 
     </span>
    </p>
   </div>
   <div class='ocr_carea' id='block_1_106' title="bbox 258 5662 1778 5741">
    <p class='ocr_par' dir='ltr' id='par_1_106' title="bbox 258 5662 1778 5741">
     <span class='ocr_line' id='line_1_107' title="bbox 258 5662 1778 5741; baseline 0.005 -22"><span class='ocrx_word' id='word_1_720' title='bbox 258 5662 382 5720; x_wconf 34' lang='lat' dir='ltr'><strong>d’ln</strong></span> <span class='ocrx_word' id='word_1_721' title='bbox 411 5667 474 5722; x_wconf 92' lang='lat' dir='ltr'><strong>C.</strong></span> <span class='ocrx_word' id='word_1_722' title='bbox 524 5665 752 5735; x_wconf 85' lang='lat' dir='ltr'><strong>Pamel.,</strong></span> <span class='ocrx_word' id='word_1_723' title='bbox 800 5674 1012 5736; x_wconf 80' lang='lat' dir='ltr'><strong>secreta,</strong></span> <span class='ocrx_word' id='word_1_724' title='bbox 1065 5668 1461 5725; x_wconf 90' lang='lat' dir='ltr'><strong>contradicente</strong></span> <span class='ocrx_word' id='word_1_725' title='bbox 1489 5669 1621 5726; x_wconf 91' lang='lat' dir='ltr'><strong>Cod.</strong></span> <span class='ocrx_word' id='word_1_726' title='bbox 1647 5670 1778 5741; x_wconf 85' lang='lat' dir='ltr'><strong>Reg.</strong></span> 
     </span>
    </p>
   </div>
   <div class='ocr_carea' id='block_1_107' title="bbox 178 5744 360 5791">
    <p class='ocr_par' dir='ltr' id='par_1_107' title="bbox 178 5744 360 5791">
     <span class='ocr_line' id='line_1_108' title="bbox 178 5744 360 5791; baseline 0 -2"><span class='ocrx_word' id='word_1_727' title='bbox 178 5744 337 5791; x_wconf 63' lang='lat' dir='ltr'><strong>haec</strong></span> <span class='ocrx_word' id='word_1_728' title='bbox 346 5775 360 5789; x_wconf 91' lang='lat'><strong>.</strong></span> 
     </span>
    </p>
   </div>
   <div class='ocr_carea' id='block_1_108' title="bbox 262 5807 1779 5883">
    <p class='ocr_par' dir='ltr' id='par_1_108' title="bbox 262 5807 1779 5883">
     <span class='ocr_line' id='line_1_109' title="bbox 262 5807 1779 5883; baseline 0.004 -22"><span class='ocrx_word' id='word_1_729' title='bbox 262 5815 291 5844; x_wconf 83' lang='grc'><strong><em>⁸</em></strong></span> <span class='ocrx_word' id='word_1_730' title='bbox 329 5807 495 5883; x_wconf 67' lang='lat' dir='ltr'><strong>Apud</strong></span> <span class='ocrx_word' id='word_1_731' title='bbox 514 5809 884 5883; x_wconf 13' lang='lat' dir='ltr'><strong>Parnelqiquia</strong></span> <span class='ocrx_word' id='word_1_732' title='bbox 910 5828 998 5883; x_wconf 85' lang='lat' dir='ltr'><strong>per</strong></span> <span class='ocrx_word' id='word_1_733' title='bbox 1027 5812 1279 5883; x_wconf 78' lang='lat' dir='ltr'><strong>inrarnati</strong></span> <span class='ocrx_word' id='word_1_734' title='bbox 1306 5810 1440 5866; x_wconf 76' lang='lat' dir='ltr'><strong>verbi</strong></span> <span class='ocrx_word' id='word_1_735' title='bbox 1469 5813 1779 5882; x_wconf 81' lang='lat' dir='ltr'><strong>mysterium,</strong></span> 
     </span>
    </p>
   </div>
   <div class='ocr_carea' id='block_1_109' title="bbox 180 5881 1775 5947">
    <p class='ocr_par' dir='ltr' id='par_1_109' title="bbox 180 5881 1775 5947">
     <span class='ocr_line' id='line_1_110' title="bbox 180 5881 1775 5947; baseline 0.006 -15"><span class='ocrx_word' id='word_1_736' title='bbox 180 5886 334 5947; x_wconf 81' lang='lat' dir='ltr'><strong>etc.,</strong></span> <span class='ocrx_word' id='word_1_737' title='bbox 382 5888 441 5934; x_wconf 91' lang='lat' dir='ltr'><strong>ut</strong></span> <span class='ocrx_word' id='word_1_738' title='bbox 483 5881 536 5937; x_wconf 88' lang='lat' dir='ltr'><strong>in</strong></span> <span class='ocrx_word' id='word_1_739' title='bbox 568 5881 869 5939; x_wconf 78' lang='lat' dir='ltr'><strong>Missalibus</strong></span> <span class='ocrx_word' id='word_1_740' title='bbox 911 5881 1203 5941; x_wconf 83' lang='lat' dir='ltr'><strong>hodiernis.</strong></span> <span class='ocrx_word' id='word_1_741' title='bbox 1256 5881 1607 5942; x_wconf 80' lang='lat' dir='ltr'><strong>Consentium</strong></span> <span class='ocrx_word' id='word_1_742' title='bbox 1645 5887 1775 5944; x_wconf 90' lang='lat' dir='ltr'><strong>Cod.</strong></span> 
     </span>
    </p>
   </div>
   <div class='ocr_carea' id='block_1_110' title="bbox 1888 4618 3467 4685">
    <p class='ocr_par' dir='ltr' id='par_1_110' title="bbox 1888 4618 3467 4685">
     <span class='ocr_line' id='line_1_111' title="bbox 1888 4618 3467 4685; baseline 0.001 -11"><span class='ocrx_word' id='word_1_743' title='bbox 1888 4618 2048 4675; x_wconf 82' lang='lat' dir='ltr'><strong>habet</strong></span> <span class='ocrx_word' id='word_1_744' title='bbox 2083 4640 2093 4674; x_wconf 93' lang='lat'>:</span> <span class='ocrx_word' id='word_1_745' title='bbox 2128 4623 2269 4685; x_wconf 73' lang='lat' dir='ltr'><strong>infra</strong></span> <span class='ocrx_word' id='word_1_746' title='bbox 2298 4627 2547 4678; x_wconf 83' lang='lat' dir='ltr'><strong>actionem</strong></span> <span class='ocrx_word' id='word_1_747' title='bbox 2588 4624 3026 4678; x_wconf 76' lang='lat' dir='ltr'><strong>Communicantes</strong></span> <span class='ocrx_word' id='word_1_748' title='bbox 3062 4637 3111 4677; x_wconf 87' lang='lat' dir='ltr'><strong>et</strong></span> <span class='ocrx_word' id='word_1_749' title='bbox 3141 4632 3337 4677; x_wconf 83' lang='lat' dir='ltr'><strong>noctem</strong></span> <span class='ocrx_word' id='word_1_750' title='bbox 3378 4639 3467 4677; x_wconf 87' lang='lat' dir='ltr'><strong>sa-</strong></span> 
     </span>
    </p>
   </div>
   <div class='ocr_carea' id='block_1_111' title="bbox 1886 4693 3469 4759">
    <p class='ocr_par' dir='ltr' id='par_1_111' title="bbox 1886 4693 3469 4759">
     <span class='ocr_line' id='line_1_112' title="bbox 1886 4693 3469 4759; baseline 0.002 -15"><span class='ocrx_word' id='word_1_751' title='bbox 1886 4693 2059 4747; x_wconf 75' lang='lat' dir='ltr'><strong>cratis.</strong></span> <span class='ocrx_word' id='word_1_752' title='bbox 2091 4694 2297 4759; x_wconf 85' lang='lat' dir='ltr'><strong>celebr.,</strong></span> <span class='ocrx_word' id='word_1_753' title='bbox 2322 4706 2379 4748; x_wconf 88' lang='lat' dir='ltr'><strong>ut</strong></span> <span class='ocrx_word' id='word_1_754' title='bbox 2408 4696 2460 4749; x_wconf 91' lang='lat' dir='ltr'><strong>in</strong></span> <span class='ocrx_word' id='word_1_755' title='bbox 2488 4695 2705 4749; x_wconf 82' lang='lat' dir='ltr'><strong>Missali.</strong></span> <span class='ocrx_word' id='word_1_756' title='bbox 2740 4696 2939 4749; x_wconf 85' lang='lat' dir='ltr'><strong>Favent</strong></span> <span class='ocrx_word' id='word_1_757' title='bbox 2966 4695 3090 4750; x_wconf 78' lang='lat' dir='ltr'><strong>Mss.</strong></span> <span class='ocrx_word' id='word_1_758' title='bbox 3116 4693 3381 4748; x_wconf 89' lang='lat' dir='ltr'><strong>Theoder.</strong></span> <span class='ocrx_word' id='word_1_759' title='bbox 3413 4703 3469 4748; x_wconf 89' lang='lat' dir='ltr'><strong>et</strong></span> 
     </span>
    </p>
   </div>
   <div class='ocr_carea' id='block_1_112' title="bbox 1887 4762 3469 4835">
    <p class='ocr_par' dir='ltr' id='par_1_112' title="bbox 1887 4762 3469 4835">
     <span class='ocr_line' id='line_1_113' title="bbox 1887 4762 3469 4835; baseline -0.001 -18"><span class='ocrx_word' id='word_1_760' title='bbox 1887 4762 2099 4819; x_wconf 89' lang='lat' dir='ltr'><strong>Gemet.</strong></span> <span class='ocrx_word' id='word_1_761' title='bbox 2123 4765 2285 4835; x_wconf 82' lang='lat' dir='ltr'><strong>Abest</strong></span> <span class='ocrx_word' id='word_1_762' title='bbox 2314 4766 2414 4819; x_wconf 89' lang='lat' dir='ltr'><strong>hoc</strong></span> <span class='ocrx_word' id='word_1_763' title='bbox 2439 4780 2469 4819; x_wconf 88' lang='lat' dir='ltr'><strong>a</strong></span> <span class='ocrx_word' id='word_1_764' title='bbox 2497 4766 2632 4821; x_wconf 89' lang='lat' dir='ltr'><strong>Cod.</strong></span> <span class='ocrx_word' id='word_1_765' title='bbox 2675 4767 2804 4835; x_wconf 81' lang='lat' dir='ltr'><strong>Reg.</strong></span> <span class='ocrx_word' id='word_1_766' title='bbox 2858 4767 3017 4821; x_wconf 90' lang='lat' dir='ltr'><strong>Suec.</strong></span> <span class='ocrx_word' id='word_1_767' title='bbox 3067 4766 3155 4820; x_wconf 91' lang='lat' dir='ltr'><strong>Sic</strong></span> <span class='ocrx_word' id='word_1_768' title='bbox 3194 4766 3329 4818; x_wconf 91' lang='lat' dir='ltr'><strong>adeo</strong></span> <span class='ocrx_word' id='word_1_769' title='bbox 3360 4763 3469 4817; x_wconf 85' lang='lat' dir='ltr'><strong>dis-</strong></span> 
     </span>
    </p>
   </div>
   <div class='ocr_carea' id='block_1_113' title="bbox 1890 4834 3470 4907">
    <p class='ocr_par' dir='ltr' id='par_1_113' title="bbox 1890 4834 3470 4907">
     <span class='ocr_line' id='line_1_114' title="bbox 1890 4834 3470 4907; baseline 0.001 -21"><span class='ocrx_word' id='word_1_770' title='bbox 1890 4843 2110 4907; x_wconf 78' lang='lat' dir='ltr'><strong>crepant</strong></span> <span class='ocrx_word' id='word_1_771' title='bbox 2130 4834 2354 4890; x_wconf 87' lang='lat' dir='ltr'><strong>Codices</strong></span> <span class='ocrx_word' id='word_1_772' title='bbox 2376 4837 2441 4891; x_wconf 91' lang='lat' dir='ltr'><strong>ab</strong></span> <span class='ocrx_word' id='word_1_773' title='bbox 2464 4838 2711 4903; x_wconf 87' lang='lat' dir='ltr'><strong>invicem,</strong></span> <span class='ocrx_word' id='word_1_774' title='bbox 2740 4834 2797 4891; x_wconf 87' lang='lat' dir='ltr'><strong>ut</strong></span> <span class='ocrx_word' id='word_1_775' title='bbox 2815 4836 3059 4892; x_wconf 91' lang='lat' dir='ltr'><strong>immensi</strong></span> <span class='ocrx_word' id='word_1_776' title='bbox 3085 4851 3249 4907; x_wconf 86' lang='lat' dir='ltr'><strong>prope</strong></span> <span class='ocrx_word' id='word_1_777' title='bbox 3270 4835 3470 4890; x_wconf 87' lang='lat' dir='ltr'><strong>laboris</strong></span> 
     </span>
    </p>
   </div>
   <div class='ocr_carea' id='block_1_114' title="bbox 1888 4904 3071 4963">
    <p class='ocr_par' dir='ltr' id='par_1_114' title="bbox 1888 4904 3071 4963">
     <span class='ocr_line' id='line_1_115' title="bbox 1888 4904 3071 4963; baseline 0.004 -6"><span class='ocrx_word' id='word_1_778' title='bbox 1888 4904 1954 4957; x_wconf 86' lang='lat' dir='ltr'><strong>sit</strong></span> <span class='ocrx_word' id='word_1_779' title='bbox 1981 4919 2168 4960; x_wconf 91' lang='lat' dir='ltr'><strong>omnes</strong></span> <span class='ocrx_word' id='word_1_780' title='bbox 2194 4907 2457 4961; x_wconf 81' lang='lat' dir='ltr'><strong>variantes</strong></span> <span class='ocrx_word' id='word_1_781' title='bbox 2481 4907 2739 4961; x_wconf 89' lang='lat' dir='ltr'><strong>lectiones</strong></span> <span class='ocrx_word' id='word_1_782' title='bbox 2767 4909 3071 4963; x_wconf 84' lang='lat' dir='ltr'><strong>observare.</strong></span> 
     </span>
    </p>
   </div>
   <div class='ocr_carea' id='block_1_115' title="bbox 1960 4973 3465 5045">
    <p class='ocr_par' dir='ltr' id='par_1_115' title="bbox 1960 4973 3465 5045">
     <span class='ocr_line' id='line_1_116' title="bbox 1960 4973 3465 5045; baseline 0.003 -18"><span class='ocrx_word' id='word_1_783' title='bbox 1960 4973 1981 5013; x_wconf 73' lang='grc' dir='ltr'><em>τ</em></span> <span class='ocrx_word' id='word_1_784' title='bbox 2010 4976 2133 5031; x_wconf 67' lang='grc' dir='ltr'><strong>ηερε</strong></span> <span class='ocrx_word' id='word_1_785' title='bbox 2172 4976 2475 5032; x_wconf 89' lang='lat' dir='ltr'><strong>Benedictio</strong></span> <span class='ocrx_word' id='word_1_786' title='bbox 2499 4992 2617 5045; x_wconf 75' lang='lat' dir='ltr'><strong>qua:</strong></span> <span class='ocrx_word' id='word_1_787' title='bbox 2650 4978 2733 5033; x_wconf 90' lang='lat' dir='ltr'><strong>hic</strong></span> <span class='ocrx_word' id='word_1_788' title='bbox 2760 4994 2863 5033; x_wconf 88' lang='lat' dir='ltr'><strong>non</strong></span> <span class='ocrx_word' id='word_1_789' title='bbox 2901 4988 3074 5033; x_wconf 84' lang='lat' dir='ltr'><strong>exstat</strong></span> <span class='ocrx_word' id='word_1_790' title='bbox 3108 4979 3160 5034; x_wconf 91' lang='lat' dir='ltr'><strong>in</strong></span> <span class='ocrx_word' id='word_1_791' title='bbox 3198 4977 3298 5033; x_wconf 82' lang='lat' dir='ltr'><strong>Ed.</strong></span> <span class='ocrx_word' id='word_1_792' title='bbox 3346 4978 3465 5032; x_wconf 78' lang='lat' dir='ltr'><strong>Vat.</strong></span> 
     </span>
    </p>
   </div>
   <div class='ocr_carea' id='block_1_116' title="bbox 1886 5045 3467 5115">
    <p class='ocr_par' dir='ltr' id='par_1_116' title="bbox 1886 5045 3467 5115">
     <span class='ocr_line' id='line_1_117' title="bbox 1886 5045 3467 5115; baseline 0.003 -16"><span class='ocrx_word' id='word_1_793' title='bbox 1886 5054 1939 5100; x_wconf 91' lang='lat' dir='ltr'><strong>et</strong></span> <span class='ocrx_word' id='word_1_794' title='bbox 1961 5045 2079 5101; x_wconf 92' lang='lat' dir='ltr'><strong>aliis</strong></span> <span class='ocrx_word' id='word_1_795' title='bbox 2102 5057 2300 5115; x_wconf 90' lang='lat' dir='ltr'><strong>poster.</strong></span> <span class='ocrx_word' id='word_1_796' title='bbox 2317 5058 2400 5103; x_wconf 86' lang='lat' dir='ltr'><strong>est</strong></span> <span class='ocrx_word' id='word_1_797' title='bbox 2417 5050 2466 5102; x_wconf 89' lang='lat' dir='ltr'><strong>in</strong></span> <span class='ocrx_word' id='word_1_798' title='bbox 2491 5049 2905 5104; x_wconf 76' lang='lat' dir='ltr'><strong>Benedicnonali</strong></span> <span class='ocrx_word' id='word_1_799' title='bbox 2939 5064 2969 5103; x_wconf 88' lang='lat' dir='ltr'><strong>a</strong></span> <span class='ocrx_word' id='word_1_800' title='bbox 2991 5050 3272 5105; x_wconf 87' lang='lat' dir='ltr'><strong>Lambecio</strong></span> <span class='ocrx_word' id='word_1_801' title='bbox 3302 5049 3467 5115; x_wconf 89' lang='lat' dir='ltr'><strong>edito,</strong></span> 
     </span>
    </p>
   </div>
   <div class='ocr_carea' id='block_1_117' title="bbox 1886 5116 3467 5191">
    <p class='ocr_par' dir='ltr' id='par_1_117' title="bbox 1886 5116 3467 5191">
     <span class='ocr_line' id='line_1_118' title="bbox 1886 5116 3467 5191; baseline 0.003 -22"><span class='ocrx_word' id='word_1_802' title='bbox 1886 5118 2027 5183; x_wconf 91' lang='lat' dir='ltr'><strong>quod</strong></span> <span class='ocrx_word' id='word_1_803' title='bbox 2068 5116 2236 5191; x_wconf 81' lang='lat' dir='ltr'><strong>habes</strong></span> <span class='ocrx_word' id='word_1_804' title='bbox 2253 5120 2318 5191; x_wconf 80' lang='lat' dir='ltr'><strong>in</strong></span> <span class='ocrx_word' id='word_1_805' title='bbox 2352 5118 2836 5191; x_wconf 81' lang='lat' dir='ltr'><strong>Edit.Cussanvil.</strong></span> <span class='ocrx_word' id='word_1_806' title='bbox 2888 5121 3087 5175; x_wconf 89' lang='lat' dir='ltr'><strong>Ibidem</strong></span> <span class='ocrx_word' id='word_1_807' title='bbox 3127 5121 3467 5191; x_wconf 86' lang='lat' dir='ltr'><strong>reperiuntur</strong></span> 
     </span>
    </p>
   </div>
   <div class='ocr_carea' id='block_1_118' title="bbox 1884 5189 3465 5258">
    <p class='ocr_par' dir='ltr' id='par_1_118' title="bbox 1884 5189 3465 5258">
     <span class='ocr_line' id='line_1_119' title="bbox 1884 5189 3465 5258; baseline 0.002 -17"><span class='ocrx_word' id='word_1_808' title='bbox 1884 5201 2071 5241; x_wconf 87' lang='lat' dir='ltr'><strong>omnes</strong></span> <span class='ocrx_word' id='word_1_809' title='bbox 2103 5190 2218 5241; x_wconf 74' lang='lat' dir='ltr'><strong>alia:</strong></span> <span class='ocrx_word' id='word_1_810' title='bbox 2250 5189 2655 5245; x_wconf 85' lang='lat' dir='ltr'><strong>Benedictiones</strong></span> <span class='ocrx_word' id='word_1_811' title='bbox 2682 5190 2732 5245; x_wconf 90' lang='lat' dir='ltr'><strong>in</strong></span> <span class='ocrx_word' id='word_1_812' title='bbox 2762 5192 2957 5246; x_wconf 87' lang='lat' dir='ltr'><strong>Codice</strong></span> <span class='ocrx_word' id='word_1_813' title='bbox 2985 5189 3314 5258; x_wconf 81' lang='lat' dir='ltr'><strong>Mcnardino,</strong></span> <span class='ocrx_word' id='word_1_814' title='bbox 3341 5193 3465 5245; x_wconf 80' lang='lat' dir='ltr'><strong>Mis-</strong></span> 
     </span>
    </p>
   </div>
   <div class='ocr_carea' id='block_1_119' title="bbox 1884 5258 3458 5333">
    <p class='ocr_par' dir='ltr' id='par_1_119' title="bbox 1884 5258 3458 5333">
     <span class='ocr_line' id='line_1_120' title="bbox 1884 5258 3458 5333; baseline 0.002 -22"><span class='ocrx_word' id='word_1_815' title='bbox 1884 5271 2064 5333; x_wconf 83' lang='lat' dir='ltr'><strong>sarum</strong></span> <span class='ocrx_word' id='word_1_816' title='bbox 2097 5258 2288 5333; x_wconf 87' lang='lat' dir='ltr'><strong>ofﬁciis</strong></span> <span class='ocrx_word' id='word_1_817' title='bbox 2321 5260 2556 5315; x_wconf 84' lang='lat' dir='ltr'><strong>insertae.</strong></span> <span class='ocrx_word' id='word_1_818' title='bbox 2616 5260 2703 5316; x_wconf 92' lang='lat' dir='ltr'><strong>Sic</strong></span> <span class='ocrx_word' id='word_1_819' title='bbox 2734 5262 3029 5317; x_wconf 78' lang='lat' dir='ltr'><strong>absolvitur</strong></span> <span class='ocrx_word' id='word_1_820' title='bbox 3059 5264 3195 5333; x_wconf 86' lang='lat' dir='ltr'><strong>apud</strong></span> <span class='ocrx_word' id='word_1_821' title='bbox 3228 5262 3458 5316; x_wconf 85' lang='lat' dir='ltr'><strong>Lambe-</strong></span> 
     </span>
    </p>
   </div>
   <div class='ocr_carea' id='block_1_120' title="bbox 1884 5330 3465 5403">
    <p class='ocr_par' dir='ltr' id='par_1_120' title="bbox 1884 5330 3465 5403">
     <span class='ocr_line' id='line_1_121' title="bbox 1884 5330 3465 5403; baseline 0.001 -23"><span class='ocrx_word' id='word_1_822' title='bbox 1884 5330 2021 5403; x_wconf 80' lang='lat' dir='ltr'><strong>cium</strong></span> <span class='ocrx_word' id='word_1_823' title='bbox 2055 5345 2068 5403; x_wconf 66' lang='grc' dir='ltr'><em>ς</em></span> <span class='ocrx_word' id='word_1_824' title='bbox 2098 5332 2242 5403; x_wconf 67' lang='lat' dir='ltr'><strong>quod</strong></span> <span class='ocrx_word' id='word_1_825' title='bbox 2266 5333 2377 5403; x_wconf 11' lang='lat' dir='ltr'><strong>ipse,</strong></span> <span class='ocrx_word' id='word_1_826' title='bbox 2412 5341 2655 5402; x_wconf 76' lang='lat' dir='ltr'><strong>prwstare</strong></span> <span class='ocrx_word' id='word_1_827' title='bbox 2710 5333 2945 5401; x_wconf 73' lang='lat' dir='ltr'><strong>dignetur</strong></span> <span class='ocrx_word' id='word_1_828' title='bbox 2996 5330 3142 5401; x_wconf 78' lang='lat' dir='ltr'><strong>cujus</strong></span> <span class='ocrx_word' id='word_1_829' title='bbox 3176 5347 3386 5403; x_wconf 83' lang='lat' dir='ltr'><strong>regnum</strong></span> <span class='ocrx_word' id='word_1_830' title='bbox 3417 5338 3465 5382; x_wconf 86' lang='lat' dir='ltr'><strong>et</strong></span> 
     </span>
    </p>
   </div>
   <div class='ocr_carea' id='block_1_121' title="bbox 1883 5399 3464 5472">
    <p class='ocr_par' dir='ltr' id='par_1_121' title="bbox 1883 5399 3464 5472">
     <span class='ocr_line' id='line_1_122' title="bbox 1883 5399 3464 5472; baseline 0.003 -21"><span class='ocrx_word' id='word_1_831' title='bbox 1883 5399 2150 5472; x_wconf 68' lang='lat' dir='ltr'><strong>imperium</strong></span> <span class='ocrx_word' id='word_1_832' title='bbox 2200 5401 2306 5455; x_wconf 76' lang='lat' dir='ltr'><strong>sine</strong></span> <span class='ocrx_word' id='word_1_833' title='bbox 2345 5399 2448 5471; x_wconf 79' lang='lat' dir='ltr'><strong>ﬁne</strong></span> <span class='ocrx_word' id='word_1_834' title='bbox 2486 5399 2845 5472; x_wconf 21' lang='lat' dir='ltr'><strong>perntanet‘in</strong></span> <span class='ocrx_word' id='word_1_835' title='bbox 2901 5399 3089 5458; x_wconf 69' lang='lat' dir='ltr'><strong>monia</strong></span> <span class='ocrx_word' id='word_1_836' title='bbox 3144 5399 3464 5458; x_wconf 54' lang='lat' dir='ltr'><strong>oraculorum.</strong></span> 
     </span>
    </p>
   </div>
   <div class='ocr_carea' id='block_1_122' title="bbox 1885 5468 3466 5545">
    <p class='ocr_par' dir='ltr' id='par_1_122' title="bbox 1885 5468 3466 5545">
     <span class='ocr_line' id='line_1_123' title="bbox 1885 5468 3466 5545; baseline 0.003 -24"><span class='ocrx_word' id='word_1_837' title='bbox 1885 5468 2063 5545; x_wconf 79' lang='lat' dir='ltr'><strong>Amen.</strong></span> <span class='ocrx_word' id='word_1_838' title='bbox 2088 5468 2383 5545; x_wconf 72' lang='lat' dir='ltr'><strong>Benedictio</strong></span> <span class='ocrx_word' id='word_1_839' title='bbox 2406 5468 2501 5527; x_wconf 84' lang='lat' dir='ltr'><strong>Dei</strong></span> <span class='ocrx_word' id='word_1_840' title='bbox 2524 5472 2718 5540; x_wconf 88' lang='lat' dir='ltr'><strong>Patris,</strong></span> <span class='ocrx_word' id='word_1_841' title='bbox 2748 5484 2794 5528; x_wconf 85' lang='lat' dir='ltr'><strong>et</strong></span> <span class='ocrx_word' id='word_1_842' title='bbox 2824 5475 2973 5543; x_wconf 80' lang='lat' dir='ltr'><strong>Filii,</strong></span> <span class='ocrx_word' id='word_1_843' title='bbox 3002 5485 3049 5529; x_wconf 76' lang='lat' dir='ltr'><strong>ct</strong></span> <span class='ocrx_word' id='word_1_844' title='bbox 3089 5477 3315 5545; x_wconf 80' lang='lat' dir='ltr'><strong>Spiritus</strong></span> <span class='ocrx_word' id='word_1_845' title='bbox 3342 5488 3466 5526; x_wconf 83' lang='lat' dir='ltr'><strong>san-</strong></span> 
     </span>
    </p>
   </div>
   <div class='ocr_carea' id='block_1_123' title="bbox 1885 5542 3369 5615">
    <p class='ocr_par' dir='ltr' id='par_1_123' title="bbox 1885 5542 3369 5615">
     <span class='ocr_line' id='line_1_124' title="bbox 1885 5542 3369 5615; baseline 0.006 -23"><span class='ocrx_word' id='word_1_846' title='bbox 1885 5542 1973 5603; x_wconf 85' lang='lat' dir='ltr'><strong>cti,</strong></span> <span class='ocrx_word' id='word_1_847' title='bbox 2004 5552 2051 5615; x_wconf 87' lang='lat' dir='ltr'><strong>et</strong></span> <span class='ocrx_word' id='word_1_848' title='bbox 2076 5559 2177 5615; x_wconf 69' lang='lat' dir='ltr'><strong>pax</strong></span> <span class='ocrx_word' id='word_1_849' title='bbox 2208 5543 2411 5596; x_wconf 84' lang='lat' dir='ltr'><strong>Domini</strong></span> <span class='ocrx_word' id='word_1_850' title='bbox 2436 5547 2499 5597; x_wconf 87' lang='lat' dir='ltr'><strong>sit</strong></span> <span class='ocrx_word' id='word_1_851' title='bbox 2529 5561 2725 5615; x_wconf 73' lang='lat' dir='ltr'><strong>semper</strong></span> <span class='ocrx_word' id='word_1_852' title='bbox 2754 5542 3027 5599; x_wconf 71' lang='lat' dir='ltr'><strong>vobiscum.</strong></span> <span class='ocrx_word' id='word_1_853' title='bbox 3135 5542 3142 5545; x_wconf 66' lang='grc'><em>’</em></span> <span class='ocrx_word' id='word_1_854' title='bbox 3362 5560 3369 5565; x_wconf 85' lang='grc'><em>’</em></span> 
     </span>
    </p>
   </div>
   <div class='ocr_carea' id='block_1_124' title="bbox 1957 5614 3465 5685">
    <p class='ocr_par' dir='ltr' id='par_1_124' title="bbox 1957 5614 3465 5685">
     <span class='ocr_line' id='line_1_125' title="bbox 1957 5614 3465 5685; baseline 0.002 -20"><span class='ocrx_word' id='word_1_855' title='bbox 1957 5621 1981 5658; x_wconf 78' lang='lat'>8</span> <span class='ocrx_word' id='word_1_856' title='bbox 2010 5614 2324 5685; x_wconf 79' lang='lat' dir='ltr'><strong>Assignatur</strong></span> <span class='ocrx_word' id='word_1_857' title='bbox 2350 5630 2557 5685; x_wconf 87' lang='lat' dir='ltr'><strong>quoque</strong></span> <span class='ocrx_word' id='word_1_858' title='bbox 2578 5614 2756 5682; x_wconf 82' lang='lat' dir='ltr'><strong>statio,</strong></span> <span class='ocrx_word' id='word_1_859' title='bbox 2780 5618 2847 5668; x_wconf 82' lang='lat' dir='ltr'><strong>ad</strong></span> <span class='ocrx_word' id='word_1_860' title='bbox 2866 5626 3092 5669; x_wconf 87' lang='lat' dir='ltr'><strong>sanctam</strong></span> <span class='ocrx_word' id='word_1_861' title='bbox 3116 5614 3436 5668; x_wconf 58' lang='lat' dir='ltr'><strong>Anrzstasiam</strong></span> <span class='ocrx_word' id='word_1_862' title='bbox 3461 5669 3465 5679; x_wconf 70' lang='grc'><em>,</em></span> 
     </span>
    </p>
   </div>
   <div class='ocr_carea' id='block_1_125' title="bbox 1886 5684 3456 5754">
    <p class='ocr_par' dir='ltr' id='par_1_125' title="bbox 1886 5684 3456 5754">
     <span class='ocr_line' id='line_1_126' title="bbox 1886 5684 3456 5754; baseline 0.004 -20"><span class='ocrx_word' id='word_1_863' title='bbox 1886 5690 1994 5754; x_wconf 71' lang='lat' dir='ltr'><strong>tum</strong></span> <span class='ocrx_word' id='word_1_864' title='bbox 2025 5684 2075 5736; x_wconf 89' lang='lat' dir='ltr'><strong>in</strong></span> <span class='ocrx_word' id='word_1_865' title='bbox 2102 5687 2367 5754; x_wconf 85' lang='lat' dir='ltr'><strong>plerisque</strong></span> <span class='ocrx_word' id='word_1_866' title='bbox 2386 5684 2551 5740; x_wconf 84' lang='lat' dir='ltr'><strong>Codd.</strong></span> <span class='ocrx_word' id='word_1_867' title='bbox 2580 5695 2687 5741; x_wconf 91' lang='lat' dir='ltr'><strong>tum</strong></span> <span class='ocrx_word' id='word_1_868' title='bbox 2719 5688 2769 5740; x_wconf 89' lang='lat' dir='ltr'><strong>in</strong></span> <span class='ocrx_word' id='word_1_869' title='bbox 2800 5685 3020 5740; x_wconf 86' lang='lat' dir='ltr'><strong>Kalend.</strong></span> <span class='ocrx_word' id='word_1_870' title='bbox 3055 5687 3205 5737; x_wconf 82' lang='lat' dir='ltr'><strong>Rom.</strong></span> <span class='ocrx_word' id='word_1_871' title='bbox 3239 5686 3292 5739; x_wconf 88' lang='lat' dir='ltr'><strong>In</strong></span> <span class='ocrx_word' id='word_1_872' title='bbox 3320 5687 3456 5741; x_wconf 72' lang='lat' dir='ltr'><strong>Cod.</strong></span> 
     </span>
    </p>
   </div>
   <div class='ocr_carea' id='block_1_126' title="bbox 1884 5751 3464 5829">
    <p class='ocr_par' dir='ltr' id='par_1_126' title="bbox 1884 5751 3464 5829">
     <span class='ocr_line' id='line_1_127' title="bbox 1884 5751 3464 5829; baseline 0.007 -25"><span class='ocrx_word' id='word_1_873' title='bbox 1884 5751 2016 5829; x_wconf 76' lang='lat' dir='ltr'><strong>Reg.</strong></span> <span class='ocrx_word' id='word_1_874' title='bbox 2047 5751 2203 5810; x_wconf 83' lang='lat' dir='ltr'><strong>Suec.</strong></span> <span class='ocrx_word' id='word_1_875' title='bbox 2238 5751 2355 5809; x_wconf 72' lang='lat' dir='ltr'><strong>dua:</strong></span> <span class='ocrx_word' id='word_1_876' title='bbox 2381 5767 2504 5829; x_wconf 89' lang='lat' dir='ltr'><strong>sunt</strong></span> <span class='ocrx_word' id='word_1_877' title='bbox 2535 5756 2689 5829; x_wconf 85' lang='lat' dir='ltr'><strong>hujus</strong></span> <span class='ocrx_word' id='word_1_878' title='bbox 2718 5758 2891 5829; x_wconf 65' lang='lat' dir='ltr'><strong>missm</strong></span> <span class='ocrx_word' id='word_1_879' title='bbox 2914 5757 3285 5829; x_wconf 65' lang='lat' dir='ltr'><strong>_Pra3!’atioucs,</strong></span> <span class='ocrx_word' id='word_1_880' title='bbox 3319 5759 3464 5829; x_wconf 75' lang='lat' dir='ltr'><strong>prior</strong></span> 
     </span>
    </p>
   </div>
   <div class='ocr_carea' id='block_1_127' title="bbox 1882 5824 3059 5896">
    <p class='ocr_par' dir='ltr' id='par_1_127' title="bbox 1882 5824 3059 5896">
     <span class='ocr_line' id='line_1_128' title="bbox 1882 5824 3059 5896; baseline 0.002 -16"><span class='ocrx_word' id='word_1_881' title='bbox 1882 5824 1950 5880; x_wconf 91' lang='lat' dir='ltr'><strong>dc</strong></span> <span class='ocrx_word' id='word_1_882' title='bbox 1979 5837 2159 5882; x_wconf 86' lang='lat' dir='ltr'><strong>sancta</strong></span> <span class='ocrx_word' id='word_1_883' title='bbox 2191 5828 2492 5896; x_wconf 82' lang='lat' dir='ltr'><strong>Anastasia,</strong></span> <span class='ocrx_word' id='word_1_884' title='bbox 2522 5824 2624 5885; x_wconf 77' lang='lat' dir='ltr'><strong>alia</strong></span> <span class='ocrx_word' id='word_1_885' title='bbox 2656 5828 2723 5885; x_wconf 83' lang='lat' dir='ltr'><strong>de</strong></span> <span class='ocrx_word' id='word_1_886' title='bbox 2754 5827 3059 5883; x_wconf 82' lang='lat' dir='ltr'><strong>Nativitate.</strong></span> 
     </span>
    </p>
   </div>
  </div>
