4064 6350
552 426 612 482 at
1044 358 1049 363 ί
1768 406 2012 468 SANCTI
2052 402 2380 463 GREGORII
2417 404 2630 461 MAGNI
3762 416 3833 473 δε

624 543 764 599 Alia.
794 568 863 581 -—
891 538 991 605 Da,
1019 549 1346 609 quaesumus,
1386 531 1723 601 omnipotens
1766 527 1928 594 Deus,
1960 535 2021 579 ut
2048 520 2139 594 qui
2163 524 2219 588 Α
2243 522 2405 581 ducat
2432 523 2499 579 ad
2538 522 2858 581 satietatem'
2881 528 3206 582 aeternorum
3232 528 3599 597 praemiorum.
3632 529 3825 591 Amen.

552 638 727 697 beatae
754 633 1050 690 Anastasite
1073 629 1324 701 martyris
1346 637 1450 682 tuae
1475 623 1735 681 solemnia
1754 620 1998 685 colimus,
2022 617 2148 711 ejus‘

554 730 696 800 apud
728 739 780 785 te
802 725 1095 797 patrocinia
1125 722 1438 779 sentiamus.
1468 720 1569 775 Per
1588 715 1871 772 Dominum
1899 720 2139 767 nostrum

553 823 738 880 Iesum
764 820 1054 877 Christum.

630 914 798 985 Super
827 912 1019 966 oblata.
1053 941 1122 951 —
1150 909 1368 965 Munera
1410 914 1617 973 nostra,
1663 916 1991 974 quaesumus,
2034 901 2142 957 Do-

557 1006 725 1071 mine,
750 1004 1051 1060 Nativitatis
1074 1002 1345 1059 hodiernae
1368 998 1633 1069 mysteriis
1655 1004 1778 1065 apta
1805 994 2137 1064 proveniant,

557 1107 619 1153 ut
648 1097 801 1167 (105)
829 1098 968 1152 sicut
996 1098 1157 1150 homo
1186 1094 1391 1164 genitus
1427 1091 1567 1145 idem
1594 1088 1803 1145 refulsit
1842 1087 2003 1150 Deus,
2063 1086 2142 1139 sic

560 1193 715 1248 nobis
747 1195 864 1247 haec
892 1201 1102 1247 terrena
1130 1187 1426 1246 substantia
1453 1184 1694 1242 conferat
1732 1183 1874 1254 quod
1904 1183 2141 1238 divinum

560 1296 664 1343 est.
701 1286 803 1341 Per
831 1284 1101 1341 eumdem.

468 1370 475 1373 ’
634 1376 776 1429 Alia.
811 1406 881 1416 —
912 1374 1131 1444 Accipe,
1164 1384 1488 1441 quaesumus,
1519 1368 1763 1435 Domine,
1809 1380 2031 1421 munera
2064 1365 2145 1420 di-

565 1476 791 1538 gnanter
818 1466 1017 1532 oblata,
1049 1472 1125 1532 et,
1170 1463 1341 1519 beata:
1376 1461 1675 1516 Anastasis;
1729 1458 2143 1529 suifragantibus

561 1560 788 1625 meritis,
830 1558 894 1613 ad
924 1565 1123 1612 nostrae
1158 1556 1346 1611 salutis
1384 1553 1640 1608 auxilium
1682 1552 1965 1622 provenire
2014 1566 2145 1607 con-

558 1648 709 1703 cede.
735 1648 839 1703 Per
870 1648 1153 1703 Dominum
1184 1654 1425 1701 nostrum
1451 1645 1632 1702 Jesum
1658 1642 1927 1701 Christum
1952 1640 2144 1700 Filium

561 1747 733 1797 tuum.
765 1741 865 1809 Qui
890 1750 1063 1796 tecum
1094 1738 1249 1793 vivit.

631 1830 783 1901 (104)
816 1830 1086 1899 Prtefatio.
1118 1858 1187 1869 —
1213 1827 1353 1884 Vere
1398 1828 1615 1899 dignum
1665 1835 1721 1884 et
1761 1827 1964 1897 justum
2020 1836 2146 1898 est,

2244 619 2264 690 (
2275 616 2615 689 lli)Quique
2635 620 2751 689 ejus
2771 618 3048 675 infantiam
3059 620 3251 678 vilibus
3263 623 3434 679 voluit
3448 624 3597 682 indui
3619 630 3827 697 pannis,

2241 713 2359 783 ipse
2377 727 2473 768 vos
2489 714 2787 769 caelestium
2801 714 3248 769 vestimentorum
3276 716 3462 772 induat
3476 723 3827 777 ornamentis.

2243 808 2436 861 Amen.
2477 806 2628 874 Quod
2672 805 2787 875 ipSe
2813 815 3075 877 praestare
3101 807 3373 878 dignetur,
3415 810 3571 881 cujus
3607 827 3829 884 regnum

2240 907 2296 953 et
2318 898 2595 967 imperium
2617 897 2735 953 sine
2755 898 2861 952 fine
2882 906 3162 965 permanet
3181 898 3236 953 in
3261 899 3457 956 saecula
3485 903 3827 959 saeculorum.

2242 987 2435 1045 Amen.
2485 988 2793 1045 Benedictio
2842 989 2937 1044 Dei
2983 988 3179 1058 Patris,
3223 999 3279 1045 et
3299 990 3444 1058 Filii,
3498 1001 3551 1048 et
3599 993 3830 1064 Spiritus

2244 1080 2453 1137 Sancti.
2485 1081 2552 1135 Et
2576 1095 2680 1151 pax
2707 1078 2916 1136 Domini
2937 1080 3011 1135 sit
3038 1094 3255 1151 semper
3280 1082 3576 1138 vobiscum.

2314 1174 2396 1228 Ad
2426 1172 2811 1244 Complendum.
2856 1201 2927 1215 —-
2975 1172 3127 1245 (112)
3170 1174 3372 1232 Praesta
3404 1216 3421 1241 ,
3472 1190 3777 1245 quaesumus
3806 1220 3826 1249 ,

2243 1262 2584 1334 omnipOtens
2610 1264 2772 1331 Deus,
2804 1272 2863 1319 ut
2905 1274 3064 1319 natus
3106 1264 3268 1321 hodie
3320 1265 3571 1323 Salvator
3618 1269 3825 1338 mundi,

2244 1359 2381 1415 sicut
2427 1358 2625 1414 divinae
2675 1357 2830 1413 nobis
2878 1357 3238 1429 generationis
3275 1369 3359 1417 est
3405 1373 3614 1432 auctor,
3657 1365 3730 1418 ita
3770 1372 3828 1417 et

2244 1449 2657 1507 immortalitatis
2704 1450 2776 1504 sit
2823 1448 2941 1518 ipse
2987 1451 3225 1522 largitor.
3280 1453 3383 1520 Qui
3414 1463 3587 1511 tecum
3615 1455 3745 1513 vivit
3771 1463 3832 1512 et

2246 1552 2433 1615 regnat
2458 1544 2619 1600 Deus.

2318 1636 2451 1690 Alia:
2503 1636 2793 1691 Orationes.
2842 1662 2914 1677 -—
2968 1634 3214 1693 Concede
3256 1639 3435 1707 nobis,
3489 1641 3830 1711 omnipotens

2246 1728 2409 1796 Deus,
2441 1736 2499 1784 ut
2526 1728 2769 1785 Salutare
2792 1736 2963 1797 tuum,
2985 1745 3127 1786 nova
3140 1731 3399 1787 ctelorum
3423 1732 3543 1790 luce
3563 1733 3828 1802 mirabile,

2248 1820 2392 1890 quod
2412 1820 2481 1875 ad
2502 1820 2730 1876 salutem
2749 1819 2933 1876 mundi
2951 1821 3208 1878 hodierna
3229 1821 3518 1881 festivitate
3539 1824 3829 1895 processit,

560 1941 773 1996 aequum
804 1932 860 1979 et
898 1921 1153 1989 salutare,
1183 1937 1281 1978 nos
1311 1920 1407 1976 tibi
1447 1937 1661 1991 semper
1699 1929 1755 1976 et
1804 1922 1997 1991 ubique
2027 1936 2147 1992 gra-
2175 1914 2228 1976 B
2251 1913 2451 1969 nostris
2512 1926 2725 1983 semper
2774 1913 3090 1970 innovandis
3145 1913 3399 1972 cordibus
3447 1915 3672 1973 oriatur.
3730 1917 3865 1986 Qui,

555 2017 660 2074 tias
687 2029 867 2084 agere,
900 2014 1124 2069 Domine
1145 2021 1352 2079 sancte,
1383 2013 1538 2067 Pater
1558 2014 1921 2083 omnipotens,
1948 2020 2149 2069 aeterne

557 2108 701 2165 Deus
732 2122 749 2160 :
778 2104 901 2175 quia
927 2103 1098 2159 nostri
1140 2102 1433 2159 Salvatoris
1464 2104 1621 2159 hodie
1651 2104 1740 2159 lux
1768 2118 1896 2159 vera
1927 2119 2149 2173 proces-

565 2200 658 2266 sit,
689 2213 808 2267 quae
836 2197 981 2252 clara
1010 2196 1165 2253 nobis
1189 2198 1365 2251 omnia
1392 2206 1445 2250 et
1466 2196 1739 2252 intellectu
1770 2194 2145 2263 manifestavit,

558 2298 617 2345 et
668 2288 804 2344 visu.
857 2289 924 2343 Et
971 2288 1093 2343 ideo
1136 2302 1258 2342 cum
1295 2287 1498 2356 angelis
1532 2295 1587 2343 et
1633 2288 1992 2356 archangelis,
2023 2302 2145 2342 cum

563 2378 778 2435 thronis
806 2388 861 2433 et
885 2376 1359 2444 dominationibus,
1390 2392 1617 2447 cumque
1647 2378 1793 2432 omni
1819 2376 2009 2433 militia
2041 2393 2151 2434 caa-

572 2471 726 2528 lestis
755 2469 1043 2533 exercitus,
1074 2470 1333 2540 hymnum
1359 2468 1547 2539 gloriae
1575 2478 1679 2524 tum
1719 2469 1983 2537 canimus,
2032 2469 2149 2526 sine

563 2562 670 2618 fine
694 2561 956 2618 dicentes.
980 2618 981 2621 η
1030 2624 1031 2627 η

633 2653 716 2708 Ad
746 2652 1224 2721 Complendum.—
1244 2652 1395 2725 (105)
1419 2653 1549 2724 Ejus
1572 2668 1692 2719 nos,
1716 2654 1958 2720 Domine,
1992 2654 2146 2727 (106)

562 2746 885 2804 sacramenti
905 2760 1117 2816 semper
1135 2745 1285 2818 (107)
1304 2744 1500 2802 natalis
1526 2746 1809 2826 instauret,
1824 2746 1974 2814 cujus
1997 2746 2148 2816 (108)

560 2836 819 2895 Nativitas
841 2838 1129 2909 singularis
1152 2838 1440 2893 humanam
1464 2836 1657 2906 repulit
1682 2843 2020 2892 vetustatem.
2042 2837 2147 2904 Qui

564 2940 742 2989 tecum
768 2931 922 2987 vivit.
1113 2968 1119 2975 .
1155 2988 1157 2991 ,

633 3026 775 3079 Alia.
802 3052 873 3064 —
901 3022 1138 3092 Satiasti,
1170 3022 1420 3088 Domine,
1448 3021 1704 3076 familiam
1734 3030 1881 3076 tuam
1908 3023 2152 3077 muneri-

561 3115 665 3173 bus
694 3115 901 3181 sacris;
938 3114 1076 3183 ejus,
1120 3128 1444 3182 quaesumus,
1493 3128 1706 3182 semper
1758 3114 2152 3171 interventione

564 3222 665 3264 nos
694 3206 874 3262 refove
894 3206 1047 3275 cujus
1076 3206 1335 3262 solemnia
1363 3205 1718 3262 celebramus.
1742 3206 1843 3261 Per
1858 3208 2149 3281 Dominum

569 3309 811 3357 nostrum
841 3300 1022 3356 Jesum
1054 3299 1345 3367 Christum,
1379 3309 1483 3355 etc.

562 3426 564 3451 θ
637 3408 726 3448 Vill
755 3408 877 3448 KAL.
909 3407 1151 3448 JANUARII
1192 3401 1239 3445 ⁸.
1281 3421 1354 3432 —
1390 3408 1442 3447 1N
1481 3409 1567 3448 DIE
1605 3406 1830 3448 NA'I'ALIS
1869 3408 2075 3449 DOLIINI.

565 3492 577 3540 t
640 3485 790 3557 (109)
829 3484 1094 3551 Concede,
1125 3499 1452 3554 quaesumus,
1494 3485 1831 3555 omnipotens
1882 3486 2043 3550 Deus,
2094 3495 2152 3541 ut

564 3593 665 3635 nos
710 3578 976 3648 Unigeniti
1012 3578 1133 3633 Filii
1180 3579 1253 3632 tui
1310 3593 1446 3633 nova
1487 3594 1579 3648 per
1622 3593 1836 3634 carnem
1888 3578 2151 3634 Nativitas

567 3672 781 3737 liberet,
809 3686 943 3741 quos
970 3672 1068 3727 sub
1098 3673 1299 3743 peccati
1326 3673 1455 3744 jugo
1485 3682 1693 3729 vetusta
1719 3674 1949 3730 servitus
1979 3682 2145 3730 tenet.

571 3763 671 3829 Qui
709 3773 880 3818 tecum
904 3764 1051 3819 vivit.

648 3854 816 3924 Super
846 3855 1035 3909 oblata.
1081 3883 1150 3896 —
1179 3856 1386 3922 Oblata,
1437 3856 1684 3925 Domine,
1739 3842 1981 3915 munera.
2016 3875 2152 3916 nova

574 3944 845 4016 Unigeniti
875 3947 948 4001 tui
975 3946 1260 4002 Nativitate
1302 3949 1593 4015 sanctifica,
1642 3964 1846 4019 nosque
1884 3965 1915 4004 a
1964 3965 2150 4019 pecca-

573 4043 751 4092 torum
807 4049 1107 4093 nosuorum
1158 4040 1215 4110 3
1269 4038 1488 4095 maculis
1538 4041 1789 4096 emunda.
1848 4040 1951 4095 Per
2004 4041 2151 4095 eum-

577 4129 722 4195 dem,
754 4138 861 4185 etc.

575 4262 579 4271 .
648 4218 923 4290 Praefatio.
947 4250 1018 4260 —
1039 4219 1178 4277 Vere
1205 4222 1421 4293 dignum
1443 4223 1715 4294 etjustum
1735 4232 1843 4291 est,
1867 4238 2076 4294 aequum
2100 4231 2156 4278 et

577 4311 832 4381 salutare,
865 4329 963 4369 nos
996 4314 1087 4369 tibi
1117 4329 1326 4385 semper
1374 4326 1428 4372 et
1480 4316 1677 4386 ubique
1728 4318 1926 4388 gratias
1970 4331 2151 4387 agere,

2177 3287 2224 3350 C

2252 2014 2451 2061 tecum.

2322 2100 2464 2157 Alia.
2490 2130 2561 2142 —
2585 2100 2934 2170 Omnipotens
2969 2102 3297 2171 sempiterne
3341 2102 3502 2171 Deus,
3547 2105 3638 2175 qui
3689 2103 3833 2159 hunc

2251 2193 2393 2249 diem
2422 2210 2519 2265 per
2547 2193 2967 2250 incarnationem
2994 2194 3157 2250 Verbi
3185 2196 3265 2251 tui
3306 2203 3360 2252 et
3404 2204 3613 2266 partum
3662 2196 3835 2252 beatae

2250 2290 2428 2346 Mariae
2468 2288 2689 2359 virginis
2724 2289 3075 2359 consecrasti,
3126 2291 3193 2344 da
3239 2291 3449 2360 populis
3476 2289 3580 2346 tuis
3631 2290 3686 2346 in
3734 2291 3840 2346 hac

2250 2381 2562 2437 celebritate
2591 2382 2922 2435 consortium
2955 2388 3032 2448 ut,
3055 2381 3145 2450 qui
3167 2388 3253 2435 tua
3279 2381 3448 2449 gratia
3471 2388 3594 2435 sunt
3618 2381 3840 2453 redem:

2248 2474 2349 2544 pti,
2384 2481 2474 2528 tua
2506 2473 2614 2528 sint
2640 2473 2926 2543 adoptione
2960 2474 3156 2528 securi.
3189 2473 3293 2529 Per
3320 2472 3589 2530 eumdem.

2320 2566 2553 2620 Alia.-—
2583 2566 3007 2624 Fundamentum
3058 2566 3185 2623 fidei
3231 2576 3431 2623 nostrae
3470 2568 3630 2634 Deus,
3680 2566 3833 2641 (115)

2250 2659 2341 2728 qui
2383 2659 2435 2713 in
2464 2658 2730 2714 mentibus
2758 2659 2976 2724 sanctis,
3003 2666 3258 2729 tanquam
3286 2660 3341 2713 in
3380 2659 3614 2716 excelsis
3641 2660 3839 2714 monti-

2251 2748 2372 2815 bus,
2396 2750 2709 2805 aeternitatis
2740 2759 2946 2820 portas,
2975 2751 3186 2822 justitia
3208 2752 3507 2819 muniente,
3533 2754 3837 2822 componis,

2251 2842 2490 2898 concede
2520 2842 2673 2901 nobis
2692 2842 2747 2898 in
2769 2852 2823 2899 te
2840 2845 3075 2914 gloriose
3096 2844 3341 2913 credere,
3365 2853 3619 2916 tuumque
3641 2844 3837 2900 Filium

2252 2934 2538 2989 Dominum
2604 2944 2845 2990 nostrum
2908 2936 2974 2990 ad
3036 2937 3478 3007 Redemptionem
3536 2939 3889 2993 animarum-

2253 3023 2528 3081 hominem
2567 3024 2767 3081 factum
2822 3027 3237 3097 praedicabiliter
3286 3028 3549 3083 confiteri.
3602 3027 3704 3096 Qui
3759 3038 3844 3086 te-

2253 3130 2398 3183 cum,
2420 3124 2524 3172 etc.

2326 3207 2462 3260 Alia.
2486 3237 2557 3246 —
2582 3207 2821 3278 Largire,
2847 3224 3172 3279 quaesumus,
3202 3210 3448 3282 Domine,
3475 3212 3685 3268 famulis
3709 3214 3844 3283 tuis,

2255 3296 2407 3369 (114)
2440 3298 2561 3353 ﬁdei
2582 3307 2637 3353 et
2656 3301 2957 3355 securitatis
2985 3312 3347 3373 augmentum,
3393 3313 3452 3358 ut
3480 3304 3571 3374 qui
3596 3304 3663 3360 de
3693 3305 3850 3361 Nati-

2253 3390 2422 3447 vitate
2448 3390 2567 3447 Filii
2596 3392 2670 3445 tui
2703 3391 2911 3446 Domini
2950 3394 3120 3447 nostri
3158 3394 3473 3464 gloriantur,
3519 3403 3574 3450 et
3612 3396 3845 3454 adversa

2253 3482 2459 3547 mundi,
2495 3490 2549 3537 te
2585 3481 2935 3551 gubernante,
2966 3498 3072 3538 non
3115 3486 3368 3554 sentiant,
3402 3494 3599 3557 etquae
3632 3496 3848 3557 tempo-

2253 3575 2439 3630 raliter
2466 3574 2522 3644 9
2548 3572 2831 3631 celebrare
2856 3574 3186 3643 desiderant,
3243 3578 3360 3635 sine
3390 3579 3494 3634 fine
3521 3578 3846 3649 percipiant.

2253 3664 2381 3722 Per.
3582 3686 3589 3691 '

2326 3759 2465 3816 Alia.
2488 3789 2558 3802 ——
2578 3760 2742 3828 Deus,
2771 3761 2859 3830 qui
2889 3775 2987 3831 per
3032 3758 3199 3815 beatae
3242 3759 3419 3815 Mariae
3462 3760 3686 3833 virginis
3717 3756 3861 3834 par;

2256 3855 2371 3904 tum
2403 3850 2520 3905 sine
2546 3850 2779 3904 humana
2804 3851 3235 3918 concupiscentia
3267 3861 3629 3923 procreatum,
3663 3855 3717 3910 in
3749 3856 3850 3912 Fi-

2256 3943 2315 3998 lii
2353 3943 2425 3996 tui
2454 3942 2694 3997 membra
2729 3942 3010 3997 venientes
3040 3942 3191 4012 (“5)
3225 3944 3463 4013 paternis
3502 3944 3677 4002 fecisti
3706 3962 3853 4017 prae-

2251 4032 2468 4105 judiciis
2496 4048 2602 4088 non
2632 4035 2825 4101 teneri,
2856 4044 3073 4105 praesta,
3099 4050 3428 4105 quaesumus,
3459 4048 3536 4105 ut,
3562 4038 3710 4111 (116)
3740 4040 3849 4097 hu-

2250 4130 2341 4203 jus
2376 4140 2641 4186 creatura:
2687 4133 2923 4187 novitate
2969 4143 3240 4204 suscepta,
3280 4135 3565 4192 vetustatis
3607 4138 3846 4209 antiquae

2255 4224 2515 4294 contagiis
2544 4241 2824 4281 exuamur.
2856 4226 2960 4281 Per
2986 4226 3257 4282 eumdem.

2326 4317 2464 4371 Alia.
2493 4318 2736 4393 -(117)
2786 4319 2949 4389 Deus,
2977 4320 3069 4389 qui
3120 4320 3366 4376 humanae
3417 4320 3730 4377 substantiae
3773 4323 3849 4378 di-

576 4405 802 4461 Domine
822 4405 1202 4471 sancte,Pater
1222 4409 1578 4477 omnipotens,
1609 4415 1811 4462 aeterne
1848 4408 2159 4478 Deus:quia
2257 4409 2513 4478 gnitatem
2551 4417 2607 4464 et
2634 4409 2948 4464 mirabiliter
2977 4409 3284 4479 condidisti,
3320 4419 3375 4466 et
3416 4412 3713 4467 mirabilius
3752 4427 3848 4470 re.

579 4511 674 4566 per
704 4496 959 4551 incarnati
1002 4497 1161 4553 Verbi
1192 4500 1502 4571 mysterium
1541 4514 1684 4554 nova
1723 4500 1918 4554 mentis
1962 4510 2158 4556 nostrae

578 4591 749 4645 oculis
782 4592 869 4645 lux
892 4599 994 4646 tum
1017 4592 1275 4648 claritatis
1304 4594 1527 4649 infulsit.
1581 4594 1669 4659 Ut,
1720 4593 1847 4647 dum
1875 4593 2159 4649 visibiliter

2261 4502 2523 4564 formasti,
2554 4501 2621 4555 da
2654 4501 2829 4569 nobis,
2855 4517 3186 4572 quassamus,
3229 4502 3347 4574 ejus
3385 4503 3683 4559 divinitatis
3720 4518 3849 4562 esse

2266 4601 2544 4647 consortes
2568 4591 2655 4662 qui
2696 4592 3042 4650 humanitatis
3072 4605 3271 4651 nostrae
3312 4596 3427 4651 fieri
3470 4596 3716 4668 dignatus
3760 4609 3852 4655 est

576 4683 747 4739 Deum
802 4688 1207 4757 cognoscimus,
1265 4704 1359 4758 per
1408 4690 1546 4743 hunc
1602 4688 1753 4758 (110)
1811 4663 2552 4756 invisibiliumDparliccps,
2600 4685 2755 4741 Jesus
2804 4686 3051 4743 Christus
3096 4688 3262 4745 Filius
3315 4698 3462 4757 tUUS,
3524 4663 3614 4761 qui
3666 4697 3848 4747 tecum

578 4790 765 4831 amore
806 4779 1091 4846 rapiamur.
1124 4781 1192 4836 Et
1212 4782 1330 4835 ideo
1359 4796 1477 4834 cum
1500 4780 1723 4850 angelis.

649 4866 725 4921 Te
752 4866 931 4936 igitur,
965 4870 1579 4940 clementissime‘Paler,
1610 4880 1741 4939 etc.,
1767 4880 1822 4925 ut
1851 4890 2006 4943 supra
2033 4873 2081 4929 δ.
2116 4921 2126 4931 .

650 4958 973 5018 Benedictio.
1004 4993 1075 5005 —-
1104 4964 1387 5020 Benedicat
1411 4966 1561 5021 vobis
1602 4967 1943 5035 omnipotens
1992 4968 2155 5039 Deus,

579 5062 918 5125 vestramque
939 5057 1005 5112 ad
1032 5073 1260 5127 superna
1284 5060 1481 5114 excitet
1507 5060 1877 5125 intentionem,
1907 5062 1997 5130 qui
2022 5062 2158 5117 hanc

579 5146 991 5203 sacratissimam
1021 5148 1161 5203 diem
1188 5148 1470 5204 Nativitate
1508 5148 1625 5204 Filii
1651 5152 1734 5205 sui
1764 5150 1887 5206 fecit
1917 5165 2039 5206 esse
2066 5167 2157 5207 so—

579 5237 833 5295 leinnem.
869 5244 1058 5297 Amen.
1087 5242 1151 5297 Et
1178 5241 1269 5312 qui
1290 5257 1410 5297 eum
1435 5243 1524 5312 qui
1554 5242 1710 5298 Panis
1739 5254 1819 5299 est
1845 5245 2155 5314 angelorum

584 5329 639 5383 in
668 5332 893 5400 praesepi
923 5332 1179 5387 Ecclesiae
1207 5332 1382 5386 cibum
1412 5332 1533 5388 fecit
1554 5348 1671 5389 esse
1694 5334 1927 5389 fidelium
1957 5336 2159 5389 anima-

581 5417 736 5487 lium,
769 5422 883 5490 ipse
915 5436 1006 5477 vos
1036 5432 1091 5477 et
1117 5423 1169 5476 in
1201 5425 1449 5491 praesenti
1478 5425 1673 5479 saeculo
1699 5424 1977 5495 degustare
2002 5428 2158 5482 faciat

584 5521 904 5570 aternorum
946 5514 1282 5571 dulcedinem
1304 5517 1637 5588 gaudiorum,
1669 5528 1723 5572 et
1760 5518 1812 5572 in
1836 5520 2008 5575 futuro
2039 5534 2159 5590 per-

653 5681 678 5709 α
710 5673 765 5745 In
794 5672 1019 5745 Kalend.
1051 5670 1234 5745 Rom.,
1266 5673 1404 5729 sicut
1425 5676 1476 5729 in
1506 5674 1604 5729 Ed.
1633 5674 1834 5731 Pamel.
1883 5682 1939 5731 et
1967 5676 2155 5745 pleris-

582 5758 686 5813 que
718 5744 867 5808 Mss.,
894 5742 1084 5813 legitur
1113 5742 1179 5796 ad
1202 5756 1434 5800 sanctum
1452 5745 1683 5812 Petrum,
1717 5748 1805 5804 ubi
1833 5742 1990 5803 statio
2018 5748 2154 5802 indi-

582 5824 752 5870 catur.

656 5882 682 5920 ι)
715 5883 865 5953 Apud
895 5883 1187 5942 Pamelium
1222 5896 1339 5957 post
1373 5887 1745 5947 Praefationem
1776 5888 1942 5949 habes
1972 5904 1989 5946 ς
2014 5890 2153 5962 infra

2261 4779 2409 4833 vivit.

2262 4929 2265 4934 _
2335 4870 2475 4925 Alia.
2504 4870 2945 4943 —0mnipotens
2972 4870 3297 4941 sempiterne
3326 4872 3487 4940 Deus,
3518 4872 3609 4943 qui
3637 4872 3689 4928 in
3716 4872 3843 4931 Filii

2265 4963 2344 5019 tui
2370 4965 2581 5019 Domini
2609 4966 2777 5021 nostri
2829 4965 3112 5020 Nativitate
3144 4964 3377 5019 tribuisti
3408 4966 3569 5021 totius
3625 4966 3848 5037 religio-

2264 5057 2350 5111 nis
2402 5056 2610 5111 initium
2666 5056 3158 5126 perfectionemque
3212 5066 3486 5125 constare,
3545 5057 3614 5113 da
3663 5057 3846 5125 nobis,

2269 5162 2596 5221 quaesumus,
2639 5148 2694 5203 in
2744 5149 2860 5218 ejus
2889 5149 3132 5217 portione
3174 5150 3403 5220 censeri,
3444 5149 3498 5205 in
3546 5163 3651 5219 quo
3680 5149 3848 5205 totius

2271 5243 2459 5297 salutis
2493 5242 2737 5297 humanae
2777 5255 2987 5297 summa
3012 5242 3274 5300 consistit.
3304 5243 3404 5312 Qui
3435 5253 3605 5299 tecum
3635 5240 3765 5298 vivit
3788 5250 3849 5298 et

2267 5344 2453 5407 regnat
2484 5336 2641 5391 Deus.

2339 5425 2476 5479 Alia.
2502 5427 2686 5495 —Da,
2740 5442 3068 5498 quaesumus,
3112 5428 3360 5495 Domine,
3416 5428 3611 5499 populo
3640 5435 3731 5481 tuo
3762 5427 3846 5481 in-

2267 5517 2564 5573 violabilem
2590 5517 2712 5573 fidei
2740 5517 3071 5590 firmitatem,
3106 5528 3163 5576 ut
3183 5522 3274 5592 qui
3302 5518 3640 5591 Unigenitum
3668 5526 3840 5579 tuum,

2260 5683 2360 5749 act.
2384 5676 2823 5733 Communicantes
2842 5684 2887 5732 et
2906 5680 3039 5733 diem
3059 5680 3318 5734 sacratiss.
3347 5676 3531 5733 σειρὸν.
3555 5693 3655 5749 quo
3678 5675 3741 5731 Β.
3763 5675 3847 5749 Μ.

2258 5748 2435 5801 intem.
2468 5750 2730 5819 virginitas
2752 5750 2869 5819 (per
2898 5766 3136 5807 errorem
3170 5751 3447 5819 nativitas),
3474 5746 3603 5816 etc.,
3624 5764 3742 5815 quae
3768 5746 3851 5802 le-

2260 5828 2455 5890 guntur
2484 5821 2535 5890 in
2562 5820 2659 5874 Ed.
2690 5820 2861 5878 Vatic.
2889 5832 2943 5876 et
2965 5823 3291 5890 Gussanvil.,
3316 5835 3522 5878 necnon
3548 5822 3602 5877 in
3629 5820 3849 5877 Gemet.

2264 5888 2429 5957 Abest
2456 5903 2485 5945 a
2506 5889 2638 5958 Cod.
2660 5890 2794 5963 Reg.
2824 5894 2983 5951 Suec.
