4064 6350
203 383 271 444 33
1302 402 1309 405 ν
1420 372 1627 433 LIBER
1663 377 2300 442 SACRAMENTORUM.

3409 388 3480 452 34⁸-

202 502 257 558 in
284 507 375 556 tua
401 503 582 554 tecum
626 493 800 566 gloria
845 476 1252 563 sempiternum,
1282 490 1437 564 (118)
1485 492 1539 546 in
1567 492 1785 549 veritate

1965 508 2017 550 VI
2056 512 2181 553 ΚΑΙ..
2215 511 2454 553 JANUARII
2479 508 2526 552 e.
2554 513 2922 558 —-NATIVITAS
2962 515 3152 558 SANC'I'I
3193 518 3405 559 JOANNIS

205 590 373 649 nostri
397 587 645 659 corporis
676 594 857 641 natum
878 584 943 639 de
983 593 1157 639 matre
1188 581 1402 653 Virgine
1442 581 1789 652 conﬁtentur,

201 695 254 742 et
301 700 330 738 a
373 681 738 753 praesentibus
781 679 1075 734 liberentur
1125 677 1367 733 adversis
1422 684 1477 731 et
1526 675 1793 731 mansuris

200 778 408 851 gaudiis
439 777 774 832 inserantur.
807 774 910 830 Per
939 774 1190 831 eumdem
1222 773 1509 829 Dominum
1547 780 1791 827 nostrum

198 871 383 926 Jesnm
412 867 686 925 Christum
719 866 914 921 Filium
937 874 1110 935 tuum,
1142 865 1233 936 qui
1265 872 1463 922 tecum.

232 977 307 1016 VI!
333 977 461 1016 ΚΑΙ..
493 974 760 1017 JANUARII.
780 987 852 1000 -
875 973 1158 1013 ΝΑτηίτΑε
1199 972 1379 1013 5ΛΝΟΤ1
1422 973 1679 1014 STEPHANI
1700 965 1749 1015 ⁸.

272 1053 351 1107 Da
377 1051 560 1118 nobis,
592 1065 919 1121 quaesumus,
960 1049 1207 1115 Domine,
1240 1049 1437 1104 imitari
1476 1050 1617 1121 quod
1656 1052 1791 1107 coli-

196 1159 339 1213 mus,
364 1152 427 1199 ut
446 1143 723 1199 discamus
750 1150 807 1197 ct
848 1141 1099 1197 inimicos
1133 1140 1376 1213 diligere,
1401 1141 1523 1211 quia
1561 1141 1678 1209 ejus
1707 1157 1794 1198 na.

200 1236 373 1292 talitia
400 1234 766 1301 celebramus,
798 1234 890 1305 qui
920 1232 1070 1290 novit
1110 1233 1270 1289 etiam
1314 1247 1410 1303 pro
1438 1232 1792 1303 persecutori-

196 1328 301 1385 bus
320 1342 548 1384 exorare
569 1327 726 1382 Dom.

270 1421 447 1492 Super
507 1417 1057 1489 obtata.—Suscipe,
1116 1417 1359 1485 Domine,
1408 1433 1628 1475 munera
1689 1433 1789 1489 pro

200 1522 421 1570 tuorum
468 1512 983 1569 commemoratione
1022 1520 1353 1582 sanctarum,
1386 1512 1538 1588 (119)
1572 1522 1631 1569 ut
1656 1514 1794 1570 sicut

196 1605 321 1662 illos
359 1605 542 1675 passio
582 1606 868 1675 gloriosos,
898 1606 979 1661 sic
1018 1619 1118 1661 nos
1146 1604 1362 1661 devotio
1400 1605 1592 1663 reddat
1633 1606 1793 1663 inno-

196 1712 348 1753 cuos.
374 1696 478 1753 Per
500 1697 786 1752 Dominum
813 1695 866 1753 ιι.

268 1788 542 1861 Praefatio.
567 1819 642 1833 -ρ-
672 1789 811 1846 Vere
837 1789 1057 1862 dignum
1087 1801 1144 1848 et
1166 1792 1370 1862 justum
1421 1800 1523 1859 est,
1574 1807 1791 1863 aequum

2485 585 2884 628 EVANGELISTE.

1968 681 2119 755 (122)
2148 685 2445 742 Ecclesiam
2469 695 2634 758 tuam,
2678 689 2925 757 Domine,
2958 691 3221 764 benignus
3244 694 3477 764 illustra,

1894 781 1973 840 ut,
2001 776 2147 830 beati
2196 778 2423 835 Joannis
2468 782 2812 851 evangelistae
2850 785 3147 842 illuminata
3197 788 3479 857 doctrinis,

1893 864 1961 920 ad
1991 865 2130 921 dona
2158 868 2439 936 perveniat
2458 873 2806 941 sempiterna.
2838 874 2961 931 Per.

1967 957 2139 1030 Super
2168 959 2359 1015 oblata.
2380 990 2451 1002 —
2478 963 2702 1035 Suscipe
2724 982 2970 1037 munera,
2998 968 3246 1038 Domine,
3271 986 3389 1042 quae
3421 972 3478 1027 in

1896 1051 2013 1119 ejus
2037 1051 2134 1106 tibi
2158 1052 2500 1112 solemnitate
2526 1056 2835 1129 deferimus,
2870 1062 3022 1133 cujus
3045 1063 3197 1135 (125)
3224 1079 3322 1120 nos
3350 1080 3481 1120 con-
3540 1052 3547 1069 ί

1894 1141 2104 1198 ﬁdimus
2130 1147 2430 1214 patrocinio
2455 1148 2695 1207 liberari.
2727 1152 2851 1208 Per.

1964 1236 2240 1307 Praefatio.
2264 1269 2335 1282 —
2362 1240 2503 1298 Vere
2544 1243 2764 1316 dignum
2804 1257 2858 1303 et
2893 1248 3100 1317 justum
3129 1258 3232 1316 est,
3265 1263 3479 1320 aequum

1894 1338 1951 1385 et
1971 1329 2226 1399 salutare,
2262 1348 2361 1389 nos
2393 1334 2489 1389 tibi
2520 1350 2737 1407 semper
2764 1346 2820 1393 et
2846 1339 3044 1411 ubique
3066 1342 3264 1411 gratias
3294 1355 3479 1413 agere,

1894 1419 2119 1477 Domine
2163 1431 2371 1491 sancte,
2433 1424 2593 1482 Pater
2635 1429 2997 1498 omnipotens,
3055 1441 3257 1488 aeterne
3313 1431 3478 1499 Deus,

1901 1511 2045 1567 beati
2085 1515 2313 1584 apostoli
2354 1515 2429 1571 tui
2469 1525 2525 1572 et
2554 1520 2899 1589 evangelista}
2925 1521 3144 1578 Joannis
3170 1522 3476 1579 veneranda

1899 1604 2143 1681 natalitia
2186 1615 2533 1664 recensentes
2563 1627 2575 1662 :
2609 1610 2700 1681 qui
2731 1611 2944 1667 Domini
2977 1614 3148 1669 nostri
3174 1613 3302 1669 Jesu
3327 1613 3483 1670 Chri-

1897 1698 1969 1753 sti
1996 1697 2121 1753 Filii
2153 1694 2228 1754 tui
2258 1701 2537 1758 vocatione
2571 1714 2820 1774 suscepta
2848 1714 3122 1762 terrenum
3154 1707 3359 1775 respuit
3387 1722 3483 1776 pa-

1896 1797 2055 1859 trem,
2086 1799 2145 1845 ut
2172 1802 2353 1861 posset
2374 1794 2618 1850 invenire
2648 1796 2951 1865 caelestem,
2989 1800 3213 1869 adeptus
3233 1800 3289 1855 in
3314 1814 3482 1870 regno

196 1891 247 1939 et
268 1883 534 1948 salutare,
566 1896 665 1939 nos
692 1880 790 1937 tibi
811 1897 1026 1952 semper
1052 1892 1105 1939 et
1150 1882 1349 1951 ubique
1371 1883 1573 1951 gratias
1602 1896 1787 1952 agere,
1820 1877 1870 1938 B
1896 1878 2158 1935 caelorum
2184 1884 2365 1939 sedem
2409 1886 2690 1955 apostolici
2718 1888 2989 1958 culminis,
3032 1891 3124 1959 qui
3165 1898 3368 1945 tantum
3396 1905 3484 1946 re-

194 1974 420 2031 Damine
474 1982 683 2043 sancte,
733 1974 890 2030 Pater
941 1975 1307 2044 omnipotens,
1363 1984 1564 2030 aeterne
1620 1974 1784 2043 Deus,

192 2065 332 2123 beati
358 2065 620 2136 Stephani
647 2067 822 2122 levitas
849 2067 1004 2121 simul
1039 2075 1094 2122 et
1142 2066 1395 2135 martyris
1434 2066 1673 2120 natalitia
1702 2081 1791 2121 re-

195 2159 437 2215 colentes
461 2174 476 2212 :
499 2157 593 2229 qui
622 2158 768 2225 fidei,
802 2158 895 2228 qui
929 2173 1095 2215 sacra:
1130 2157 1356 2227 militiae,
1382 2158 1475 2229 qui
1512 2158 1791 2228 dispensa-

196 2250 364 2306 tionis
389 2259 451 2307 et
477 2252 736 2307 castitatis
765 2251 1019 2324 egregiae,
1046 2252 1139 2322 qui
1185 2251 1587 2322 praedicationis
1629 2252 1791 2306 mira-

195 2343 435 2415 bilisque
474 2344 806 2411 constantiae,
846 2345 936 2413 qui
986 2342 1345 2399 confessionis
1394 2358 1457 2398 ac
1514 2342 1790 2413 patientiae

194 2435 352 2492 nobis
378 2436 629 2505 exempla
657 2435 961 2491 veneranda
989 2435 1288 2506 proposuit.
1321 2435 1390 2489 Et
1428 2434 1550 2490 ideo
1580 2434 1790 2490 Nativi-

194 2535 356 2584 tatem
386 2527 515 2583 Filii
548 2528 620 2583 tui
648 2528 841 2583 merito
876 2540 989 2597 prae
1034 2526 1245 2582 caeteris
1275 2526 1541 2596 passionis
1569 2541 1683 2581 suae
1712 2526 1790 2581 fe-

195 2620 434 2675 stivitate
464 2617 830 2689 prosequitur,
861 2616 1013 2688 (120)
1055 2617 1207 2687 cujus
1235 2616 1419 2686 gloria:
1444 2616 1791 2686 sempiternae

197 2711 400 2779 primus
442 2719 650 2781 martyr
697 2708 951 2767 accurrit.
989 2707 1142 2781 (121)
1179 2709 1283 2765 Per
1333 2722 1495 2780 quem
1541 2709 1792 2779 Majesta-

196 2810 329 2873 tem,
362 2813 471 2861 etc.

269 2898 376 2969 ιο
414 2896 739 2952 Benedictio.
764 2924 835 2937 —
866 2895 1006 2952 Deus
1049 2892 1144 2966 qui
1179 2893 1399 2949 beatum
1459 2891 1790 2960 Stephanum

198 2999 654 3061 protomartyrem
701 2991 1001 3054 coronavit,
1054 2994 1111 3042 et
1149 2985 1495 3041 confessione
1544 2981 1693 3052 ﬁdei,
1736 2991 1791 3037 et

200 3099 369 3156 agone
396 3085 669 3156 martyrii,
698 3092 907 3140 mentes
929 3091 1136 3138 vestras
1155 3080 1474 3148 circumdet,
1503 3088 1558 3136 et
1586 3081 1638 3135 in
1660 3093 1793 3150 prae-

199 3179 331 3233 senti
361 3176 567 3231 saeculo
609 3188 808 3231 corona
836 3174 1077 3243 justitiaa,
1128 3182 1186 3229 et
1231 3173 1285 3227 in
1319 3173 1500 3228 futuro
1533 3172 1791 3243 perducat

1894 1972 1966 2025 tia
2000 1972 2151 2043 (124)
2183 1977 2418 2031 carnalia
2445 1987 2842 2048 contempserat
2862 1982 3157 2053 genitoris;
3187 1983 3385 2053 quique
3412 1981 3481 2037 ab

1899 2063 2180 2133 Unigenito
2227 2075 2318 2123 tuo
2349 2069 2427 2124 sic
2472 2069 2805 2127 familiariter
2848 2082 2931 2128 est
2976 2074 3223 2143 dilectus,
3257 2084 3311 2130 et
3358 2076 3477 2129 im—

1893 2171 2099 2211 mensa:
2138 2159 2324 2227 gratiae
2372 2162 2682 2217 muneribus
2731 2164 3079 2234 approbatus,
3112 2174 3171 2219 ut
3218 2179 3341 2220 eum
3377 2168 3477 2235 ιι

1892 2249 2035 2305 idem
2065 2250 2322 2307 Dominus
2356 2252 2409 2307 in
2451 2268 2609 2309 cruce
2628 2254 2739 2324 jam
2779 2256 3005 2325 positus,
3036 2255 3190 2326 (125)
3222 2255 3484 2309 vicarium

1892 2355 2006 2395 sua:
2027 2342 2185 2397 matri
2212 2343 2414 2413 Virgini
2442 2344 2610 2401 ﬁlium
2642 2347 2981 2417 subrogaret,
3017 2354 3280 2415 quatenus
3310 2346 3484 2401 beata:

1893 2432 2181 2490 Genitricis
2246 2435 2539 2507 integritati
2607 2439 2819 2507 probati
2879 2437 3166 2508 dilectique
3236 2436 3483 2507 discipuli

1894 2525 2171 2596 virginitas
2212 2527 2527 2584 deserviret.
2564 2528 2697 2585 Nam
2738 2529 2871 2586 etin
2914 2544 3085 2586 coenae
3115 2530 3359 2600 mystica:
3405 2542 3486 2584 sa-

1901 2628 2188 2674 crosancto
2231 2621 2478 2675 convivio
2514 2636 2679 2690 super
2719 2621 2898 2691 ipsum
2925 2623 3051 2676 vitae
3083 2621 3286 2675 fontem
3316 2625 3482 2673 aeter-

1900 2721 2053 2773 num,
2082 2708 2290 2763 scilicet
2321 2719 2509 2778 pectus
2550 2710 2871 2765 recubuerat
2914 2710 3227 2766 Salvatoris.
3265 2710 3339 2764 De
3375 2721 3482 2778 quo

1897 2800 2206 2868 perenniter
2250 2804 2523 2857 manantia
2568 2802 2808 2859 caelestis
2848 2803 3101 2858 hauriens
3146 2804 3349 2858 fluenta
3390 2803 3491 2857 do-

1896 2891 2107 2958 ctrinre,
2140 2900 2248 2946 tam
2272 2891 2553 2961 profundis
2582 2910 2645 2950 ac
2682 2895 2925 2965 mysticis
2955 2894 3374 2949 revelationibus
3403 2899 3491 2949 est

1894 2982 2149 3051 imbutus,
2192 2994 2249 3038 ut
2299 2998 2512 3038 omnem
2561 2983 3337 3055 transgrediens-creaturam,
3391 2998 3489 3038 ex-

1893 3077 2037 3131 celsa
2068 3084 2250 3131 mente
2280 3076 2642 3147 cOnSpiceret,
2682 3084 2738 3131 et
2763 3075 3073 3146 evangelica
3101 3089 3234 3130 voce
3274 3074 3487 3144 profer-

1894 3176 1981 3223 ret
2022 3167 2240 3238 quodin
2273 3168 2540 3239 principio
2582 3178 2703 3225 erat
2725 3168 2985 3238 Verbum,
3013 3179 3069 3224 et
3094 3168 3332 3224 Verbum
3368 3177 3486 3224 erat

200 3284 292 3325 vos
316 3270 389 3325 ad
417 3282 677 3324 coronam
704 3267 911 3338 gloriae.
935 3268 1132 3322 Amen.
1162 3265 1310 3320 Illius
1333 3264 1559 3320 obtentu
1591 3263 1790 3319 tribuat
1816 3259 1865 3324 Ο
1894 3261 2034 3330 apud
2063 3262 2250 3333 Deum,
2294 3273 2347 3319 et
2386 3263 2528 3319 Deus
2556 3271 2675 3318 erat
2703 3263 2963 3320 Verbum.
2994 3262 3063 3318 Et
3086 3252 3210 3319 ideo
3242 3276 3363 3317 cum
3394 3278 3487 3317 an-

200 3363 348 3417 vobis
378 3360 479 3417 Dei
525 3368 584 3416 et
619 3359 849 3429 proximi
890 3357 1154 3414 charitate
1204 3371 1420 3427 semper
1467 3356 1788 3424 exuberare,

200 3457 289 3524 qui
332 3456 477 3511 hanc
526 3453 737 3509 studuit
775 3452 936 3509 etiam
982 3452 1126 3508 inter
1169 3452 1519 3521 lapidantium
1559 3451 1791 3522 impetus

204 3550 466 3604 obtinere.
498 3550 692 3603 Amen.
722 3545 840 3613 Quo
881 3531 997 3616 ejus
1043 3544 1291 3616 exemplo
1334 3544 1594 3609 roborati,
1640 3553 1695 3599 et
1721 3546 1789 3599 in-

208 3640 539 3700 tercessione
585 3638 797 3704 muniti,
829 3638 897 3692 ab
941 3653 1005 3693 co
1045 3652 1205 3708 quem
1246 3637 1333 3692 ille
1378 3651 1410 3691 a
1447 3636 1649 3692 dextris
1693 3636 1791 3692 Dei

202 3733 331 3789 vidit
372 3742 644 3800 stantem,
698 3731 1012 3788 mereamini
1057 3731 1332 3790 benedici.
1387 3732 1584 3788 Amen.
1637 3731 1787 3799 Quod

200 3828 310 3898 ipse
338 3837 606 3900 praestare
634 3826 900 3898 dignetur,
927 3835 1031 3881 etc.

264 3925 351 3979 Ad
401 3921 799 3991 Complendum.
832 3918 1270 3975 -—Auxilientur
1316 3917 1493 3982 nobis,
1540 3915 1786 3982 Domine,

203 4025 417 4088 sumpta
457 4017 741 4087 mysteria,
794 4021 850 4071 et
894 4011 1262 4069 intercedente
1309 4011 1464 4066 beato
1514 4008 1790 4080 Stephano

209 4120 445 4181 martyre
464 4118 577 4175 tuo,
598 4107 923 4177 sempiterna
945 4103 1277 4177 protectione
1298 4102 1635 4158 conﬁrment.
1662 4102 1784 4156 Per.

263 4202 407 4256 Alia.
434 4230 509 4240 —
529 4200 880 4269 Omnipotens
915 4198 1242 4266 sempiterne
1265 4195 1425 4261 Deus,
1459 4196 1549 4263 qui
1600 4194 1788 4263 primi-

202 4294 297 4348 tias
346 4300 674 4363 martyrum,
717 4291 770 4345 in
801 4290 943 4345 beati
990 4289 1170 4344 levitae
1219 4285 1475 4357 Stephani
1528 4285 1789 4357 sanguine

194 4384 476 4450 dedicasti,
522 4382 718 4449 tribue,
752 4396 1082 4453 quaesumus,
1116 4390 1174 4436 ut
1203 4394 1301 4451 pro
1332 4379 1488 4434 nobis
1527 4378 1787 4435 interces-

195 4490 281 4532 sor
300 4478 526 4544 existat,
552 4474 643 4547 qui
666 4489 763 4545 pro
789 4476 900 4531 suis
929 4474 1094 4531 etiam
1124 4472 1566 4544 persecutoribus
1593 4485 1787 4529 exora-

190 4571 505 4696 "tigrin——
529 4639 696 4707 Deus,
729 4638 821 4707 qui
852 4653 953 4694 nos
983 4636 1252 4709 Unigeniti
1284 4637 1357 4693 tui
1386 4637 1683 4694 clementer
1712 4638 1783 4694 in-

188 4736 506 4790 carnatione
558 4732 857 4799 redemisti,
896 4732 964 4788 da
1012 4731 1167 4787 nobis
1214 4732 1511 4801 patrocinia
1564 4741 1780 4788 tuorum

187 4827 498 4881 continuata
527 4833 859 4890 sanctorum,
889 4824 1084 4894 quibus
1106 4836 1302 4893 capere
1330 4822 1605 4880 valeamus
1634 4824 1781 4879 salu-

188 4919 312 4975 taris
341 4918 589 4989 mysterii
622 4917 941 4986 partionem.
981 4915 1085 4971 Per
1112 4914 1380 4969 eumdem.

251 5012 395 5065 Alia.
430 5040 503 5051 —
535 5011 747 5066 Gratias
804 5009 1012 5081 agimus
1042 5048 1059 5075 ,
1109 5009 1352 5077 Domine,
1405 5008 1775 5080 multiplicatis

186 5098 325 5157 circa
353 5115 456 5157 nos
497 5100 933 5157 miserationibus
976 5101 1103 5168 tuis,
1144 5099 1234 5169 qui
1264 5108 1318 5157 et
1346 5099 1467 5155 Filii
1502 5101 1578 5156 tui
1626 5101 1774 5158 Nati-

183 5194 345 5251 vitate
373 5208 478 5250 nos
505 5193 703 5263 salvas,
733 5203 788 5249 et
807 5193 951 5250 beati
990 5192 1241 5265 martyris
1284 5193 1547 5264 Stephani
1578 5194 1774 5267 depre-

182 5286 391 5343 catione
420 5295 713 5343 sustentes.
743 5287 846 5344 Per
872 5286 1148 5343 eumdem.

248 5456 271 5483 ⁸
299 5447 461 5519 Apud
482 5446 815 5511 Pamelium.
845 5447 1108 5516 martyris,
1142 5447 1277 5506 utin
1300 5446 1475 5504 Editis
1502 5446 1680 5519 Vatic.
1714 5456 1770 5504 et

177 5511 485 5588 Gussanvil.
521 5523 689 5576 Abest
731 5536 758 5572 a
800 5520 934 5575 Cod.
976 5511 1109 5588 Reg.
1158 5522 1315 5577 Suec.
1366 5529 1418 5575 et
1462 5535 1491 5574 a
1537 5518 1763 5576 Kalend.

176 5585 361 5663 llam"
394 5592 482 5647 ubi
509 5591 655 5663 nulla
685 5592 843 5663 statio
869 5585 1188 5663 assignatur,
1212 5590 1316 5663 sed
1350 5606 1443 5659 pro
1476 5590 1767 5660 Evangelia

174 5658 440 5731 indicatur
476 5681 488 5715 :
540 5662 750 5716 Dicebat
786 5660 935 5715 Jcsus
983 5658 1146 5716 turbis
1178 5658 1524 5727 Judwbrum,
1574 5658 1760 5731 usque,

174 5726 467 5804 benedictus
487 5736 576 5804 qui
606 5734 738 5804 venit
764 5734 817 5787 in
845 5749 985 5789 nam.
1020 5734 1172 5788 Dom.
1202 5734 1389 5789 Matth.
1426 5726 1576 5787 xxtrt.

241 5798 271 5837 δ
296 5802 429 5858 Post
458 5798 597 5859 hanc
622 5801 953 5867 Orationem,
998 5809 1137 5872 apud
1180 5806 1471 5861 Pamelium
1515 5804 1761 5874 sequitur

176 5866 365 5927 Oratio
389 5890 402 5927 :
426 5885 578 5946 grata
601 5875 691 5930 tibi
716 5876 837 5945 sint,
868 5866 999 5942 etc.,
1030 5866 1149 5945 quae
1176 5878 1513 5933 desideratur
1539 5866 1756 5933 in'Cod.

1892 3357 2042 3426 gelis.

1964 3470 2286 3530 Benedictio.
2306 3503 2377 3517 -—
2397 3473 2748 3546 Omnipotens
2773 3475 2917 3533 Deus
2942 3475 3191 3547 dignetur
3214 3475 3364 3532 vobis
3388 3489 3484 3545 per

1896 3563 2340 3622 intercessionem
2371 3567 2512 3623 beati
2549 3566 2768 3624 Joannis
2795 3568 3024 3639 apostoli
3054 3576 3111 3622 et
3139 3567 3481 3637 evangelistae

1893 3656 2237 3727 benedicere,
2267 3662 2355 3731 qui
2387 3676 2483 3733 per
2512 3676 2632 3717 eum
2660 3677 2853 3718 arcana
2881 3662 3029 3718 verbi
3059 3663 3140 3717 sui
3172 3661 3341 3717 voluit
3379 3661 3483 3717 Ec-

1894 3750 2073 3804 clesia:
2116 3752 2379 3807 revelare.
2415 3757 2607 3808 Amen.
2635 3752 2910 3809 Cancedat
2949 3754 3098 3810 vobis
3126 3763 3185 3809 ut
3213 3756 3354 3823 quod
3396 3757 3482 3811 ille

1893 3837 2129 3908 Spiritus
2158 3844 2328 3897 sancti
2358 3856 2581 3897 munere
2608 3842 2818 3900 afﬂatus
2856 3848 3050 3901 vestris
3089 3846 3306 3901 auribus
3335 3846 3478 3901 infu-

1892 3932 1993 3999 dit,
2039 3934 2277 4004 ejusdem
2308 3934 2540 4004 Spiritus
2588 3936 2729 3991 dono
2772 3951 2968 4006 capere
2998 3947 3179 3993 mente
3224 3939 3475 3992 valeatis.

1892 4023 2086 4081 Amen.
2119 4027 2235 4093 Quo
2274 4026 2390 4096 ejus
2415 4026 2738 4082 documento
2767 4026 2835 4082 de
2864 4027 3143 4082 divinitate
3170 4028 3339 4082 nostri
3368 4026 3478 4082 Re-

1896 4116 2195 4187 demptoris
2235 4118 2434 4183 edocti,
2463 4128 2517 4173 et
2545 4117 2774 4173 amando
2800 4118 2941 4189 quod
2971 4118 3211 4186 tradidit,
3244 4128 3297 4175 et
3323 4134 3478 4176 exse-

1892 4209 2107 4278 quendo
2133 4210 2274 4279 quod
2301 4208 2482 4279 jussit,
2513 4209 2579 4264 ad
2628 4209 2769 4264 dona
2810 4211 3091 4279 pervenire
3134 4212 3476 4282 mereamini,

1892 4318 2009 4374 qua:
2042 4304 2183 4359 idem
2213 4304 2366 4360 Jesus
2393 4303 2641 4359 Christus
2692 4303 2947 4361 Dominus
2984 4313 3169 4362 noster
3210 4305 3477 4376 repromi-

1891 4399 1979 4453 sit.
2004 4397 2154 4465 Quod
2182 4399 2296 4467 ipse
2328 4406 2585 4467 praestare
2612 4395 2884 4467 dignetur.

1962 4513 2044 4566 Ad
2076 4511 2465 4583 Complendum.
2496 4541 2567 4553 —
2589 4508 2797 4568 Refec’ti
2825 4511 2946 4568 aibo
2972 4520 3209 4583 potaque
3238 4511 3471 4579 caelesti,

1896 4601 2039 4661 Deus
2068 4616 2276 4674 noster,
2316 4614 2369 4661 te
2396 4604 2669 4675 supplices
2714 4604 3087 4674 deprecamur,
3129 4615 3187 4661 ut
3216 4606 3271 4661 in
3318 4606 3475 4677 cujus

1885 4703 2002 4759 haec
2028 4701 2537 4760 commemoratione
2584 4700 2943 4771 percepimus,
2990 4701 3107 4771 ejus
3157 4704 3467 4759 muniamur

1884 4809 1939 4857 et
1963 4797 2231 4871 precibus.
2263 4797 2387 4853 Per.

1952 4911 2105 4984 (126)
2135 4913 2216 4965 Ad
2257 4910 2784 4982 γαμέται-Βεελῑί
2832 4910 3056 4969 Joannis
3102 4912 3470 4983 evangelistte,

1882 5020 2212 5075 quaesumus,
2246 5005 2491 5072 Domine,
2536 5005 2928 5075 supplicatione
2971 5005 3236 5076 placatus,
3280 5014 3335 5060 et
3371 5021 3465 5060 ve-

1881 5100 2027 5155 niam
2077 5096 2231 5154 nobis
2263 5097 2456 5163 tribue,
2488 5106 2544 5155 et
2569 5098 2809 5156 remedia
2850 5088 3179 5169 sempiterna
3208 5098 3466 5154 concede.

1879 5193 1982 5250 Per
2008 5192 2289 5250 Dominum
2316 5199 2581 5249 nostrum.

1951 5284 2103 5358 (127)
2135 5284 2273 5340 Alia.
2298 5314 2367 5326 —
2398 5286 2547 5342 Beati
2571 5286 2917 5359 evangelista:
2937 5284 3180 5354 Joannis,
3216 5284 3462 5351 Domine,

1879 5445 2014 5517 Reg.
2043 5444 2203 5501 Suec.
2237 5454 2293 5503 et
2315 5447 2467 5504 abest
2496 5449 2563 5505 ab
2593 5448 2736 5505 Edit.
2770 5450 2969 5517 Vatic.,
2995 5450 3323 5509 Gussanvil.,
3350 5455 3455 5517 etc.

1949 5516 2056 5570 c'ln
2112 5517 2341 5575 Kalend.
2408 5520 2564 5577 Rom.
2628 5522 2774 5577 nulla
2830 5523 2889 5575 ﬁt
2942 5524 3143 5577 mentio
3192 5516 3458 5572 stationis.

1872 5587 2228 5663 Evangelium
2261 5591 2400 5663 idem
2430 5600 2666 5663 notatur,
2698 5592 2837 5663 quod
2869 5595 2921 5646 in
2961 5588 3456 5663 hodiernis‘hlissa-

1868 5659 2009 5714 libus
2040 5661 2283 5729 legimus.
2317 5662 2371 5715 In
2416 5661 2548 5717 Cod.
2584 5659 2786 5717 Pamel.
2824 5664 2942 5716 alia:
2982 5676 3201 5731 prorsus
3245 5659 3460 5714 0rati0~

1842 5742 1963 5785 ‘nes
1995 5734 2353 5801 assignantur.
2392 5734 2445 5787 ln
2480 5749 2583 5788 una
2615 5734 2960 5802 praemittitur
2987 5732 3054 5783 ad
3082 5740 3317 5802 sanctum
3350 5732 3458 5784 An-

1864 5803 2060 5854 dream.
2091 5800 2308 5872 Aliquas
2336 5820 2403 5858 ex
2440 5804 2543 5859 illis
2577 5800 2738 5859 habet
2763 5804 2944 5876 Codex
2976 5804 3107 5876 lleg.
3138 5800 3325 5873 Suec.,
3357 5805 3452 5860 sed

1861 5886 1968 5929 non
1999 5887 2219 5940 omnes;
2254 5876 2361 5931 ima
2393 5884 2500 5931 tres
2530 5878 2738 5946 priores
2768 5874 2981 5929 desunt.

3473 5963 3504 6006 Α
