4064 6350
582 292 653 351 35
1768 281 2007 339 SANCTI
2045 279 2373 339 GREGORII
2412 282 2627 341 MAGNI
3789 286 3859 345 56

582 406 834 481 precibus
870 403 1205 475 adjuvemur,
1236 399 1459 471 utquod
1492 399 1815 471 possibilitas
1846 408 2026 453 nostra
2058 413 2164 453 non
2191 396 2243 460 Α
2268 397 2438 469 geniti
2493 397 2794 455 veneranda
2852 397 3074 455 infantia
3144 399 3425 457 infantium
3489 401 3853 461 innocentium

585 498 791 555 obtinet
822 497 939 567 ejus
976 494 1131 551 nobis
1158 494 1543 551 intercessione
1571 492 1819 548 donetur.
1862 490 1984 546 Per.

609 643 613 647 λ
654 592 809 667 (128)
858 592 999 648 Alia.
1032 588 1230 655 —-Sit,
1294 587 1542 656 Domine,
1597 600 1920 657 quaesumus,
1979 584 2167 641 beatus

582 684 816 741 Joannes
861 682 1187 755 evangelista
1234 688 1435 737 nostrae
1486 678 1786 750 fragilitatis
1835 677 2066 748 adjutor,
2109 688 2167 733 ut

583 776 683 847 pro
716 776 868 833 nobis
905 777 1001 832 tibi
1040 774 1342 846 supplicans
1374 773 1642 843 copiosius
1670 771 1936 829 audiatur.
1969 769 2089 827 Per.

656 872 793 928 Atia.
815 901 886 912 —
910 870 1052 925 Deus
1089 870 1180 939 qui
1213 882 1307 938 per
1344 881 1404 923 os
1442 865 1580 921 beati
1622 864 1850 935 apostoli
1897 866 1973 921 tui
2005 862 2166 923 Joan-

582 964 667 1020 nis
702 963 861 1019 Verbi
890 962 963 1017 tui
992 960 1145 1017 nobis
1172 974 1364 1016 arcana
1406 958 1677 1023 reserasti,
1711 965 1924 1027 praesta,
1958 974 2166 1029 quaesu-

570 1068 729 1122 mus,
758 1061 818 1107 ut
855 1052 995 1123 quod
1020 1053 1113 1109 ille
1141 1051 1336 1107 nostris
1364 1049 1582 1103 auribus
1612 1048 1941 1104 excellenter
1972 1048 2165 1104 infudit

582 1145 951 1215 intelligentiae
978 1146 1328 1215 competentis
1358 1140 1661 1196 eruditione
1699 1140 1994 1210 capiamus.
2038 1140 2162 1199 Per.

654 1239 794 1295 Alia.
821 1270 895 1283 --
919 1238 1266 1308 Omnipotens
1314 1233 1641 1303 sempiterne
1672 1233 1831 1300 Deus,
1874 1233 1964 1303 qui
2007 1232 2164 1301 hujus

582 1330 691 1387 diei
718 1334 1080 1387 venerandam
1112 1335 1459 1398 sanctamque
1493 1325 1733 1381 laetitiam
1762 1326 1902 1382 beati
1934 1326 2161 1399 apostoli

581 1426 661 1480 tui
709 1425 934 1481 Joannis
978 1433 1034 1480 et
1085 1422 1435 1495 evangelistae
1482 1420 1772 1476 festivitate
1814 1421 2064 1489 tribuisti,
2097 1419 2162 1476 da

577 1516 836 1574 Ecclesiae
866 1526 987 1583 tuae,
1022 1530 1347 1588 quaesumus,
1380 1523 1434 1571 et
1465 1527 1647 1569 amare
1670 1514 1810 1585 quod
1836 1514 2081 1583 credidit,
2109 1523 2165 1571 et

577 1609 870 1679 praedicare
891 1611 1030 1680 quod
1062 1609 1266 1665 docuit.
1302 1610 1423 1665 Per.

646 1704 781 1758 Alia.
805 1734 877 1744 —
906 1704 1062 1759 Adsit
1107 1702 1362 1760 Ecclesiae
1390 1714 1513 1775 tuae,
1549 1705 1797 1773 Domine,
1832 1716 2157 1775 quaesumus,

2272 500 2513 547 catervas
2543 490 2773 547 Herodis
2810 490 3009 549 funesti
3048 495 3275 564 peremit
3302 496 3530 565 saevitia,
3565 508 3676 554 suae
3706 502 3856 557 vobis

2272 580 2662 642 benedictionis
2693 588 2891 642 tribuat
2920 590 3057 643 dona
3091 588 3415 657 gratissima.
3445 594 3642 649 Amen.
3676 586 3741 649 Et
3766 597 3855 665 qni

2271 682 2351 739 eis
2372 681 2641 737 concessit
2671 690 2727 736 ut
2769 682 2984 737 unicum
3029 681 3222 738 Filium
3252 684 3391 754 ejus,
3423 684 3710 741 Dominum
3757 704 3855 742 no-

2269 785 2461 843 strum,
2494 792 2599 833 non
2641 774 2928 849 loquendo,
2980 778 3075 833 sed
3118 778 3397 832 moriendo
3436 777 3854 845 conﬁterentur,

2269 869 2527 927 concedat
2552 868 2702 925 vobis
2740 879 2800 925 ut
2842 869 3001 926 ﬁdem
3034 885 3237 936 veram,
3273 885 3432 941 quam
3464 872 3644 943 lingua
3674 883 3852 927 veStra

2267 966 2483 1034 fatetur,
2526 964 2689 1019 etiam
2734 979 2915 1020 mores
2944 964 3096 1035 probi
3145 972 3201 1019 et
3250 966 3354 1018 vita
3395 964 3737 1034 incttlpabilis
3777 965 3875 1018 [ιι-ν

2270 1064 2502 1114 teantnr.
2533 1059 2722 1113 Amen.
2750 1056 2957 1127 Quique
2985 1073 3079 1113 eos
3108 1057 3434 1127 primitivum
3466 1058 3697 1112 fructum
3731 1072 3851 1112 san-

2267 1160 2368 1207 ctae
2419 1165 2529 1206 suae
2567 1152 2801 1222 suscepit
2849 1150 3124 1219 Ecclesiae,
3178 1166 3298 1205 cum
3357 1150 3535 1206 fructu
3586 1151 3851 1205 bonorum

2266 1255 2489 1312 Operum
2538 1258 2636 1298 vos
2667 1244 2824 1299 faciat
2854 1245 3135 1313 pervenire
3164 1243 3229 1298 ad
3288 1242 3477 1313 gaudia
3510 1253 3730 1299 aeternae
3760 1258 3852 1315 pa-

2267 1336 2404 1389 triae.
2464 1335 2659 1391 Amen.
2702 1333 2859 1401 Quod
2907 1335 3020 1405 ipse
3063 1343 3321 1404 praestare
3372 1332 3644 1404 dignetur,
3696 1333 3851 1405 cujus

2264 1442 2513 1499 regnum.

2337 1521 2417 1575 Ad
2460 1520 2853 1593 Contplemtum.
2879 1520 3117 1593 -(152)
3150 1520 3362 1589 Votiva,
3412 1519 3661 1589 Domine,
3708 1521 3848 1578 dona

2262 1616 2623 1685 percepimus,
2656 1630 2775 1686 quae
2813 1624 3121 1672 sanctorum
3154 1614 3309 1671 nobis
3340 1613 3609 1684 precibus,
3636 1624 3689 1670 et
3712 1631 3848 1684 prae-

2264 1711 2450 1776 sentis,
2498 1724 2825 1780 quaesumus,
2873 1710 2997 1764 vitae
3047 1708 3246 1778 pariter
3298 1715 3354 1763 et
3406 1715 3621 1763 mternae
3672 1707 3847 1763 tribue

583 1795 772 1851 beatus
803 1799 903 1868 12
934 1796 1257 1867 evangelista
1297 1796 1551 1865 Joannes,
1584 1807 1643 1854 ut
1689 1797 1842 1868 cujus
1872 1805 2162 1867 perpetuus
2193 1794 2240 1856 B
2265 1800 2513 1856 conferre
2554 1799 2872 1854 subsidium.
2904 1798 3027 1853 Per.

577 1887 769 1945 doctor
798 1890 1001 1957 existit,
1034 1904 1249 1961 semper
1277 1904 1400 1947 esse
1429 1906 1535 1948 non
1580 1891 1789 1948 desinat
1817 1890 2153 1962 suffragator.

573 1980 675 2038 Per
705 1983 1011 2039 Dominum.

643 2074 781 2128 Alia.
812 2074 1125 2142 —Praesta,
1160 2090 1491 2147 quaesumus,
1530 2075 1871 2146 omnipotens
1903 2074 2065 2146 Deus,
2102 2083 2160 2133 ut

573 2168 951 2223 excellentiam
991 2168 1153 2225 Verbi
1202 2168 1316 2237 tui,
1369 2185 1527 2240 quam
1586 2169 1772 2226 beatus
1829 2169 2159 2241 evangelista

574 2256 811 2315 Joannes
839 2262 1091 2327 asseruit,
1138 2269 1193 2315 ct
1222 2262 1604 2317 convenienter
1656 2260 1958 2330 intelligere
1988 2261 2163 2316 valea-

573 2364 717 2418 mus,
744 2360 799 2407 et
827 2351 1093 2408 veraciter
1120 2351 1376 2422 proﬁteri.
1411 2353 1512 2408 Per
1538 2351 1808 2409 eumdem.

714 2457 749 2498 ν
777 2458 1008 2498 KALEND.
1041 2458 1309 2498 JANUARII.
1341 2451 1366 2479 ⁸
1397 2458 1620 2499 NATALIS
1658 2457 2016 2500 INNOCENTUM.

648 2532 814 2602 Deus,
849 2535 1001 2603 cujus
1033 2533 1297 2590 hodierna
1345 2533 1432 2591 die
1470 2528 1803 2605 praeconium
1848 2536 2161 2590 innocentes

572 2634 841 2696 martyres
868 2641 975 2682 non
997 2625 1286 2696 loquendo,
1319 2625 1413 2682 sed
1450 2624 1729 2681 moriendo
1753 2624 1985 2681 confessi
2012 2632 2158 2695 sunt,

571 2717 757 2773 omnia
805 2718 859 2773 in
899 2716 1054 2774 nobis
1098 2717 1348 2773 vitiorum
1405 2718 1544 2773 mala
1591 2717 1868 2783 mortiﬁca,
1905 2726 1962 2771 ut
2000 2716 2160 2772 ﬁdem

575 2813 743 2878 tuam,
776 2824 935 2881 quam
977 2809 1158 2882 lingua
1188 2816 1375 2865 nostra
1420 2808 1675 2879 loquitur,
1709 2810 1867 2864 etiam
1923 2807 2161 2863 moribus

578 2900 686 2957 vita
717 2901 969 2957 fateatur.
992 2900 1117 2958 Per.

647 2993 817 3065 Super
867 2994 1057 3051 oblata.
1081 3024 1150 3035 —
1170 2992 1398 3062 Adesto,
1430 2992 1679 3063 Domine,
1731 2993 2043 3049 muneribus
2075 2991 2162 3048 ln-

572 3096 859 3146 nocentum
883 3087 1173 3144 festivitate
1196 3088 1495 3157 sacrandis,
1516 3097 1568 3145 et
1586 3096 1800 3159 praesta,
1826 3101 2152 3157 quaesumus,

576 3186 635 3234 ut
661 3190 849 3234 eorum
878 3178 1242 3233 sinceritatem
1270 3177 1539 3248 possimus
1570 3177 1790 3247 imitari,
1813 3193 2041 3250 quorum
2065 3177 2160 3234 tibi
2190 3160 2240 3226 ο

579 3269 810 3327 dicatam
837 3284 1158 3326 veneramur
1186 3270 1487 3326 infantiam.
1516 3270 1639 3327 Per.

649 3360 1015 3433 Prwfatio.-—
1041 3360 1180 3417 Vere
1207 3360 1426 3431 dignum
1474 3370 1528 3417 et
1553 3362 1751 3432 justum
1798 3372 1902 3429 est,
1947 3377 2156 3433 aequum

572 3460 632 3507 et
652 3451 909 3520 salutare,
938 3466 1036 3508 nos
1062 3452 1160 3507 tibi
1182 3466 1398 3521 semper
1434 3460 1488 3507 et
1515 3453 1712 3524 ubique
1749 3454 1948 3524 gratias
1975 3470 2155 3525 agere,

575 3544 804 3600 Domine
856 3552 1065 3613 sancte,
1115 3544 1275 3599 Pater
1312 3545 1675 3616 omnipotens,
1726 3555 1930 3603 aeterne
1978 3548 2157 3604 Deus:

581 3640 732 3711 (129)
762 3650 815 3697 et
838 3641 892 3697 in
912 3640 1164 3711 pretiosis
1185 3641 1448 3696 mortibus
1480 3642 1844 3711 parvulorum,
1866 3657 1999 3712 quos
2036 3659 2160 3713 pro-

577 3741 696 3802 pter
737 3733 910 3789 nostri
950 3732 1326 3803 Redemptoris
1376 3732 1653 3788 infantiam
1702 3732 1915 3789 bestiali
1959 3735 2161 3790 saevitia

580 3822 820 3881 Herodes
862 3823 1107 3880 funestus
1160 3823 1379 3890 occidit,
1422 3824 1684 3879 immensa
1727 3824 2027 3880 clementiae
2057 3833 2162 3880 tuae

577 3914 718 3971 dona
758 3914 1073 3985 praedicare,
1120 3916 1174 3970 in
1200 3916 1393 3986 quibus
1439 3913 1606 3985 fulget
1643 3916 1756 3970 sola
1787 3917 1954 3986 magis
1992 3917 2162 3987 gratia

578 4014 739 4079 qua‘m
784 4013 1053 4075 voluntas,
1089 4008 1241 4080 (150)
1286 4017 1344 4065 et
1387 4010 1537 4063 clara
1578 4017 1662 4065 est
1688 4009 1839 4080 prius
1887 4010 2163 4066 confessio

580 4116 740 4170 quam
773 4102 1004 4172 loquela,
1040 4102 1193 4173 (151)
1219 4112 1346 4159 ante
1373 4102 1554 4172 passio
1576 4118 1737 4174 quam
1774 4104 2015 4160 membra
2044 4104 2162 4159 ido-

579 4210 677 4251 nea
706 4197 961 4266 passioni.
996 4196 1247 4252 Existunt
1284 4206 1449 4254 testes
1480 4199 1699 4268 Christi,
1742 4200 1831 4271 qui
1881 4199 2000 4271 ejus
2029 4213 2162 4253 non-

576 4284 706 4339 dum
739 4286 945 4341 fuerant
974 4288 1266 4358 agnitores.
1298 4288 1343 4344 Ο
1372 4289 1579 4345 inﬁnita
1608 4289 1937 4363 benignitas!
1972 4305 2005 4347 ο
2029 4290 2163 4348 inef-

581 4376 754 4432 fabilis
790 4377 1179 4445 misericordia,
1210 4394 1329 4449 quae
1358 4394 1461 4449 pro
1490 4394 1589 4436 suo
1633 4383 1852 4437 nomine
1881 4380 2160 4436 trucidatis

581 4470 829 4526 meritum
886 4470 1067 4540 gloriae
1122 4471 1301 4542 perire
1349 4488 1457 4529 non
1511 4473 1729 4543 patitur,
1780 4472 1875 4528 sed
1942 4472 2158 4542 proprio

578 4574 773 4616 cruore
794 4561 1027 4630 perfusis
1057 4571 1109 4619 et
1136 4563 1281 4619 salus
1320 4565 1741 4637 regenerationis
1770 4563 2070 4629 adhibetur,
2101 4573 2155 4621 et

579 4653 872 4723 imputatur
897 4668 1093 4710 corona
1119 4655 1384 4727 martyrii.
1413 4656 1480 4711 Et
1503 4656 1624 4712 ideo
1642 4671 1768 4712 cum
1788 4655 2016 4727 angelis,
2043 4664 2150 4712 etc.

586 4818 595 4833 ν
648 4744 961 4803 Benedictio.
987 4748 1433 4818 —0mnipotens
1474 4750 1640 4817 Deus,
1690 4762 1790 4819 pro
1829 4749 1978 4818 cujus
2032 4750 2154 4808 Uni-

653 4880 857 4950 “Apud
899 4879 1104 4938 Pamel.
1148 4882 1297 4950 Nat.,
1347 4891 1638 4937 sanctorum
1665 4882 1938 4939 Innocent.
1988 4886 2156 4945 Abest

583 4962 891 5023 sanctorum,
916 4966 945 5005 a
973 4951 1105 5009 Cod.
1134 4954 1264 5023 Reg.
1295 4954 1483 5018 Suec.,
1504 4968 1534 5008 a
1560 4953 1784 5009 Kalend.
1817 4953 1973 5009 Rom.
2004 4967 2059 5012 et.
2086 4960 2155 5016 ab

584 5021 726 5075 Etlit.
771 5022 938 5077 Vatic.
982 5032 1035 5078 et
1083 5021 1381 5080 Gussanvil.
1434 5024 1490 5079 In
1540 5024 1726 5079 eodem
1772 5025 1973 5081 Pamel.
2014 5027 2150 5086 Cod.

584 5092 775 5161 legitur
817 5095 885 5147 ad
915 5103 1143 5149 sanctum
1180 5096 1425 5150 Paulum.
1479 5094 1682 5149 Siletur
1710 5096 1775 5150 de
1827 5096 2059 5152 statione
2103 5105 2157 5156 in

588 5162 809 5235 Kalend.
864 5166 1042 5232 Rom.,
1096 5168 1183 5222 ubi
1215 5165 1555 5234 Evangelium
1588 5167 1725 5220 idem
1773 5167 1915 5235 quod
1963 5168 2016 5221 in
2062 5171 2160 5227 ho-

588 5234 770 5307 dierna
801 5247 1107 5292 sanctorum
1140 5237 1508 5307 Innocentium
1555 5236 1715 5291 Missa
1758 5234 2092 5307 designatur.

588 5375 629 5429 Β
659 5303 686 5343 δ
720 5306 843 5433 Hsazc
872 5310 1041 5365 oratio
1063 5317 1121 5364 et
1146 5308 1350 5373 ultima,
1380 5306 1590 5377 adjuva,
1623 5316 1749 5374 etc.,
1780 5303 1931 5364 deest
1951 5310 2005 5365 in
2029 5312 2163 5369 Cod.

635 5390 717 5433 οε.
790 5394 907 5433 uec.

635 5390 717 5433 OE.
748 5390 907 5433 buec.

664 5391 1087 5525 g'ﬁiégf'papw,
1114 5463 1142 5501 a
1167 5446 1299 5525 _Cod.
1332 5444 1560 5525 Pamel.,
1591 5455 1761 5525 exstat
1793 5447 1845 5501 in
1868 5447 2001 5525 god.
2025 5452 2164 5525 Reg.

588 5519 744 5599 Sttec.
779 5521 831 5571 in
862 5518 1856 5599 neutroliegiturnquod-Ibic.de'sapeto
1884 5518 2165 5599 Fuigentio

592 5589 828 5663 additum
856 5632 870 5657 ,
902 5592 1106 5663 uti_nec
1132 5587 1187 5641 in
1217 5587 1620 5663 aliisuVulgatis.
1650 5588 1705 5641 ln
1734 5587 1948 5663 kalend.
1982 5587 2164 5663 Rom.,

589 5660 677 5713 ubi
705 5675 855 5729 papae
885 5660 1066 5714 titulus
1098 5667 1283 5729 sancto
1314 5656 1572 5711 Silvestre
1602 5673 1706 5712 non
1753 5661 1908 5715 datur
1935 5704 1948 5729 ,
1989 5656 2168 5720 nulla;

588 5746 691 5799 qne
718 5728 785 5783 ﬁt
799 5732 968 5785 sancti
998 5728 1259 5797 Fulgentii
1291 5729 1567 5799 memoria,
1600 5730 1958 5797 praescribitur
1982 5735 2155 5791 Evan-

588 5802 695 5871 gel.
725 5800 871 5855 Dixit
898 5802 1051 5856 Jesus
1075 5799 1337 5873 discipulis
1358 5799 1502 5857 suis:
1540 5798 1783 5872 Vigilate,
1814 5818 1980 5877 usque
2008 5824 2159 5879 super

2341 1892 2439 1965 13
2464 1889 2715 1947 Alia.—b
2734 1892 2894 1959 Deus,
2913 1891 3004 1962 qui
3027 1890 3156 1947 licet
3180 1891 3255 1948 sis
3286 1905 3509 1963 magnus
3530 1893 3583 1947 in
3615 1893 3844 1963 magnis,

2261 1984 2529 2041 mirabilia
2552 1994 2729 2041 tamen
2752 1985 3035 2056 gloriosius
3057 1986 3361 2056 operarisin
3385 1986 3643 2053 minimis,
3664 1987 3729 2041 da
3751 2002 3845 2041 no-

2261 2073 2345 2131 bis
2369 2118 2384 2143 ,
2417 2092 2722 2147 quaesumus
2747 2117 2761 2143 ,
2795 2077 2850 2133 in
2880 2091 3066 2133 eorum
3097 2078 3406 2135 celebritate
3436 2078 3671 2148 gaudere
3698 2122 3713 2148 ,
3756 2079 3848 2149 qui

2263 2166 2401 2225 Filio
2454 2180 2547 2225 tuo
2590 2169 2816 2226 Domino
2862 2180 3047 2226 nostro
3093 2172 3455 2226 testimonium
3504 2168 3854 2242 pra-buerunt

2261 2262 2421 2319 etiam
2454 2278 2559 2318 non
2589 2263 2889 2334 loquentes.
2922 2262 3026 2320 Per
3054 2264 3324 2333 eumdem,
3356 2272 3460 2319 etc.

2334 2352 2472 2408 Alia.
2504 2381 2577 2396 -
2602 2352 2712 2424 lpsi
2734 2355 2907 2423 nobis,
2933 2354 3182 2425 Domine,
3208 2368 3509 2425 quaesumus
3529 2395 3544 2420 ,
3576 2352 3852 2423 postulent

2263 2448 2525 2505 mentium
2559 2447 2844 2519 puritatem
2872 2493 2886 2519 ,
2919 2464 3148 2520 quorum
3179 2447 3533 2505 innocentiam
3561 2446 3727 2505 hodie
3757 2464 3849 2505 so-

2262 2543 2513 2600 lemniter
2542 2543 2899 2601 celebramus.
2926 2543 3051 2602 Per.

2336 2639 2474 2693 Alia.
2503 2667 2574 2678 -——
2594 2636 2803 2709 Adjuva
2830 2653 2962 2706 nos,
2998 2636 3252 2707 Domine,
3284 2651 3590 2707 quaesumus
3615 2677 3628 2702 ,
3659 2650 3852 2691 eorum

2264 2720 2642 2799 deprecatione
2688 2738 2997 2785 sanctorum
3023 2770 3039 2797 ,
3091 2730 3182 2799 qui
3210 2728 3404 2784 Filium
3436 2737 3583 2783 tuum
3614 2728 3851 2782 humana

2263 2819 2491 2877 necdum
2521 2834 2653 2876 voce
2681 2820 3000 2890 proﬁtentes
3028 2818 3236 2875 caelesti
3277 2828 3400 2874 sunt
3428 2833 3529 2891 pro
3556 2817 3673 2890 ejus
3697 2817 3854 2872 Nati-

2262 2913 2426 2968 vitate
2454 2911 2625 2984 gloria
2652 2912 2913 2968 coronati.
2946 2911 3046 2968 Per
3075 2909 3346 2967 eumdem.

2263 3017 2403 3059 PRID.
2439 3018 2711 3059 KALENDAS
2741 3017 3005 3057 JANUARH.
3051 3017 3333 3058 NATIVITAS
3360 3016 3548 3058 SANCTI
3583 3015 3856 3058 διινεετιιι

2947 3084 2969 3110 θ
3000 3087 3169 3129 ΡΑΡιΕ.

2435 3168 2583 3240 (155)
2612 3165 2811 3221 Eodem
2841 3165 2923 3220 die
2950 3167 3113 3220 sancti
3140 3165 3409 3237 Fulgentii
3433 3166 3680 3239 episcopi.

2344 3262 2419 3319 Da
2439 3303 2454 3329 ,
2485 3274 2824 3332 quaesumus,
2851 3259 3185 3329 omnipotens
3214 3258 3389 3326 Dens,
3429 3268 3487 3316 ut
3510 3260 3652 3316 beati
3683 3258 3860 3316 Silve-

2261 3357 2364 3413 stri
2390 3353 2717 3411 confessoris
2749 3352 2848 3420 tui,
2894 3359 3057 3419 atque
3101 3350 3365 3419 pontiﬁcis
3406 3351 3714 3406 veneranda
3757 3365 3857 3407 so-

2264 3450 2514 3507 lemnitas
2540 3489 2556 3517 ,
2586 3456 2642 3505 et
2670 3445 3010 3504 devotionem
3043 3444 3197 3500 nobis
3225 3451 3415 3517 augeat
3440 3483 3455 3513 ,
3497 3452 3552 3500 et
3594 3445 3858 3503 salutem.

2262 3543 2391 3600 Per.

2337 3638 2509 3707 Super
2529 3636 2720 3693 oblata.
2736 3662 2806 3680 κ·-
2827 3632 3146 3689 Sanctorum
3166 3637 3378 3687 tuorum
3402 3629 3573 3697 nobis,
3596 3630 3861 3703 Domine,

2264 3731 2352 3801 pia
2378 3746 2486 3785 non
2517 3728 2659 3784 desit
2685 3726 2878 3793 oratio,
2909 3740 3028 3795 quae
3053 3733 3107 3779 et
3130 3737 3349 3777 munera
3371 3730 3551 3777 nostra
3575 3724 3862 3793 conciliet,

2266 3832 2319 3881 et
2352 3832 2496 3876 tuam
2524 3820 2680 3874 nobis
2706 3816 3090 3885 indulgentiam
3120 3828 3333 3883 semper
3360 3813 3620 3870 obtineat.
3652 3815 3782 3870 Per.

2335 3911 2417 3966 Ad
2450 3907 2843 3979 Comptendum.
2865 3934 2937 3949 —-
2960 3904 3298 3971 Quaesumus,
3321 3904 3660 3973 omnipotens
3684 3906 3862 3976 Deus,

2262 4009 2324 4058 ut
2353 3999 2628 4055 hodiernae
2656 4011 2847 4052 munus
2881 3994 3235 4051 solemnitatis
3276 4003 3547 4065 acceptum
3569 4037 3585 4064 ,
3612 3998 3861 4056 interce-

2263 4094 2425 4149 dente
2450 4091 2607 4147 beato
2638 4088 2903 4145 Silvestro
2933 4086 3243 4144 confessore
3275 4097 3369 4144 tuo
3395 4131 3410 4155 ,
3445 4099 3497 4145 et
3532 4092 3862 4160 corporibus

2262 4187 2462 4244 nostris
2490 4185 2717 4241 salutem
2750 4190 2968 4254 przestet
2992 4191 3046 4239 et
3074 4182 3366 4239 mentibus.
3410 4181 3512 4239 Per
3539 4184 3857 4242 Dominum.

2336 4283 2473 4338 Atia.
2502 4312 2573 4324 —
2598 4280 2820 4348 Adesto,
2850 4279 3094 4345 Domine,
3122 4279 3599 4349 supplicationibus
3622 4282 3858 4351 nostris,

2264 4394 2367 4436 nec
2409 4392 2503 4433 eos
2552 4375 2677 4431 ullis
2724 4373 2919 4429 mentis
2956 4380 3013 4428 et
3049 4372 3291 4441 corporis
3320 4372 3538 4443 patiaris
3564 4371 3865 4442 su‘bjacere

2273 4473 2565 4544 periculis,
2612 4482 2746 4539 quos
2792 4465 2934 4523 beati
2978 4463 3223 4521 Silvestri
3250 4462 3516 4534 pontiﬁcis
3558 4461 3636 4517 tui
3675 4464 3860 4521 munit

2184 4542 2242 4605 Ῑ)
2264 4542 2496 4639 gloriosa
2522 4560 2810 4618 confessio.
2845 4559 2969 4614 Per.

2326 4669 2581 4712 ΚΛΜ-ΖΝΜό
2609 4664 2876 4707 ιΑΝυΑιιιι.
2910 4646 3060 4717 (154)
3086 4676 3156 4688 --
3185 4663 3236 4703 IN
3268 4662 3488 4703 ocravrs
3517 4662 3701 4705 DOMINI
3732 4648 3783 4707 ἆ.

2336 4750 2502 4815 Deus,
2530 4745 2623 4815 qui
2651 4740 2839 4799 salutis
2869 4747 3107 4811 mternte,
3138 4739 3309 4796 beatae
3334 4738 3517 4794 Mariae
3543 4738 3859 4812 virginitate

2267 4886 2440 4947 omnia
2465 4884 2597 4939 bona
2624 4894 2718 4936 sua
2747 4878 3013 4935 constituet
3036 4892 3174 4945 eum,
3201 4876 3318 4931 sine
3347 4874 3454 4930 ulla
3483 4876 3737 4934 statione.

2339 4956 2367 4996 ἀ
2398 4958 2549 5012 Licet
2575 4954 2675 5007 hoc
2718 4951 2910 5007 festum
2941 4964 2974 5003 a
2999 4947 3419 5002 Circumcisione
3459 4962 3653 5003 nomen
3700 4951 3855 5011 baud

2266 5028 2494 5099 accipiat
2524 5026 2577 5080 in
2604 5022 2889 5099 Kalendar.
2918 5020 3099 5099 Rom.,
3128 5020 3212 5099 cui
3240 5018 3582 5098 consentiunt
3605 5018 3727 5075 libri
3752 5023 3859 5099 8a-

2267 5087 2661 5157 cratnentorum
2690 5092 2915 5164 Codices
2944 5091 3057 5145 sive
3074 5088 3213 5164 _editi
3244 5087 3359 5164 sive
3387 5103 3563 5164 _manu
3598 5098 3808 5164 exarati
3837 5140 3854 5164 ,

2268 5173 2568 5239 assignatur
2616 5176 2802 5223 [tamen
2858 5159 3201 5239 Evangelium
3231 5158 3323 5239 _de
3376 5158 3852 5239 Circumcisione,

2271 5229 2541 5314 pastoriam
2568 5233 3075 5314 consummatisunt,
3096 5229 3246 5314 good
3282 5231 3628 5314 protraltitlur,
3679 5229 3859 5314 usque

2270 5299 2319 5368 et
2342 5299 2558 5378 gloriam
2580 5307 2737 5378 plebis
2759 5316 2859 5378 tua:
2882 5302 3067 5378 ls_r_ael_.
3095 5299 3245 5354 Nulla
3272 5301 3517 5378 stationis
3540 5302 3599 5378 fit
3617 5299 3855 5378 mentio,

2270 5383 2327 5437 In
2342 5369 2532 5436 "Editis
2563 5369 3109 5449 tamenl’amelianis,
3140 5370 3507 5449 consentiente
3528 5372 3679 5449 Cod2
3710 5377 3856 5449 Reg.

2269 5452 2451 5517 Suec.,
2476 5452 2669 5517 legitur
2690 5448 2756 5500 ad
2777 5455 3006 5501 sanctam
3030 5438 3249 5517 Mariam
3270 5440 3337 5517 _ad
3361 5438 3636 5517 Martyres.
3662 5445 3721 5500 In
3749 5438 3858 5504 hoc

2270 5522 2403 5577 Cod.
2438 5514 2824 5575 desiderantur
2873 5525 3098 5586 quatuor
3141 5514 3662 5586 OrationesAnitimaa
3708 5521 3857 5583 apud

2270 5592 2563 5653 Pamelinm
2594 5590 2798 5664 uncinis
2829 5589 2849 5662 [
2890 5582 2903 5586 ⁷
2962 5583 2979 5657 ]
3011 5586 3260 5664 inclusae;
3303 5582 3550 5664 Praefatio
3588 5595 3642 5664 et
3678 5582 3859 5644 Bene-

2269 5664 2431 5719 dictio
2462 5677 2578 5721 (tua:
2604 5662 2688 5715 hic
2717 5655 2999 5721 habentur,
3033 5657 3119 5711 ubi
3146 5655 3579 5711 Circumcisionis
3606 5655 3666 5708 ﬁt
3700 5674 3861 5714 men-

2270 5739 2366 5802 tio,
2390 5738 2444 5789 in
2472 5725 2675 5789 Pamel.
2707 5741 2761 5786 et
2783 5731 2913 5801 Reg.
2937 5725 3410 5802 Suec._f.‘.odicibus
3434 5740 3540 5779 non
3568 5726 3853 5802 leguntur.

2264 5807 2325 5865 in
2347 5796 2635 5863 Kalendar.
2664 5803 2820 5861 Rom.
2854 5796 3040 5859 eodem
3091 5797 3179 5856 die
3220 5804 3436 5853 notatur
3464 5796 3860 5879 natalesanctw
