4064 6350
239 332 306 389 3-,
1460 313 1665 372 Lmen
1705 306 2341 369 SACRAMENTORUM.
3456 307 3529 376 se

239 451 463 513 fecunda
488 491 506 519 ,
531 447 771 504 humano
797 440 979 517 generi
1005 438 1223 513 praemia
1256 434 1550 507 praestitisti
1576 473 1591 500 ,
1617 431 1823 497 tribue,
1854 424 1909 493 Α
2002 425 2274 501 Prwfatio.
2300 458 2375 471 —
2405 427 2539 486 Vere
2570 429 2787 501 dignum
2827 436 2881 487 et
2919 430 3119 501 justum
3151 441 3271 499 est,
3305 449 3516 505 aequum

239 558 580 621 quaesumus,
612 547 674 596 ut
698 539 871 609 ipsam
907 542 1006 605 pro
1048 532 1203 588 nobis
1252 527 1591 587 intercedere
1628 525 1834 582 sentia-

238 648 390 707 mus,
423 650 525 713 per
560 648 725 707 quam
772 630 1067 687 meruimus
1098 634 1372 682 auctorem
1399 623 1523 678 vitae
1562 621 1836 691 suscipere

242 735 531 792 Dominum
562 736 811 786 nostrum
837 725 1023 781 Jesum
1048 722 1319 777 Christum
1345 719 1538 775 Filium
1569 723 1741 772 tuum.

308 828 451 883 Alia.
482 854 557 866 —
578 823 742 888 Deus,
770 819 860 891 qui
885 816 1040 873 nobis
1060 815 1171 870 nati
1196 810 1487 870 Salvatoris
1514 810 1659 865 diem
1692 805 1835 863 cele-

237 926 398 978 brare
431 918 540 990 15
565 915 817 973 concedis
846 921 1094 969 octavum
1121 953 1135 976 ,
1181 908 1263 963 fac
1291 949 1305 973 ,
1349 916 1656 976 quaesumus
1682 941 1698 967 ,
1731 913 1833 955 nos

236 1012 360 1083 ejus
384 1014 647 1081 perpetua
687 1004 969 1061 divinitate
999 1000 1197 1058 muniri
1222 998 1372 1068 cujus
1401 1008 1587 1052 sumus
1630 990 1831 1048 carnali

239 1104 575 1164 commercio
602 1098 855 1171 reparati.
885 1095 987 1164 Qui
1015 1104 1191 1152 tecum
1219 1091 1369 1158 vivit,
1404 1097 1508 1145 etc.

314 1197 487 1266 Super
512 1193 705 1250 oblata.
729 1221 801 1233 —
826 1189 1027 1247 Praesta
1052 1229 1066 1252 ,
1095 1196 1406 1257 quaesumus
1432 1222 1446 1247 ,
1477 1177 1702 1235 Domine
1727 1217 1743 1244 ,
1768 1183 1834 1266 ut

239 1307 341 1364 per
369 1264 487 1346 haec
516 1300 739 1346 munera
765 1330 782 1355 ,
828 1299 951 1356 qua:
998 1279 1212 1337 Domini
1252 1275 1423 1333 nostri
1469 1275 1593 1331 Jesu
1636 1264 1832 1329 Christi

238 1398 457 1441 arcana:
478 1379 787 1437 Nativitatis
806 1374 1069 1449 mysterio
1088 1371 1344 1443 gerimus,
1371 1367 1665 1439 purificatae
1688 1375 1832 1419 men-

238 1478 308 1534 tis
334 1474 748 1546 intelligentiam
779 1480 1196 1539 consequamur.
1228 1462 1332 1517 Per
1360 1458 1629 1516 eumdem.

313 1569 591 1641 Prwfatio.
622 1597 694 1608 -—
717 1564 857 1620 Vere
899 1562 1118 1632 dignum
1147 1567 1201 1614 et
1225 1555 1431 1627 juStum
1463 1561 1546 1609 est
1570 1594 1585 1621 ,
1618 1564 1831 1621 aequum

239 1676 297 1724 et
320 1664 557 1720 salutare
578 1704 594 1729 ,
621 1673 721 1715 nos
752 1655 845 1713 tibi
876 1670 1088 1726 semper
1116 1659 1170 1709 et
1198 1651 1393 1721 ubique
1419 1648 1617 1719 gratias
1647 1658 1828 1719 agere,

243 1757 475 1816 Domine
505 1762 713 1818 sancte,
745 1755 903 1810 Pater
931 1745 1295 1815 omnipotens,
1321 1750 1520 1797 aeterne
1548 1739 1707 1805 Deus,
1735 1754 1832 1809 per

1940 528 1995 576 et
2017 521 2280 589 salutare,
2313 536 2410 577 nos
2440 522 2534 578 tibi
2566 530 2781 594 semper
2805 528 2859 580 et
2880 523 3079 594 ubique
3105 525 3298 596 gratias
3329 541 3486 596 agere
3506 567 3523 595 ,

1939 611 2169 669 Domine
2213 624 2439 683 sancte,
2490 614 2650 671 Pater
2695 616 3075 687 omnipotens,
3116 626 3316 673 aeterne
3340 619 3524 674 Deus:

1938 704 2039 770 Qui
2070 713 2292 774 peccato
2320 706 2479 774 primi
2511 707 2753 776 parentis
2784 706 3055 762 hominem
3101 720 3129 761 a
3172 707 3359 763 salutis
3404 710 3525 765 lini.
3555 697 3577 728 ⁵

1936 800 2037 855 bus
2068 800 2403 856 exsulantem
2430 846 2444 871 ,
2492 802 2706 872 pietatis
2754 802 3084 875 indulgentia
3116 802 3181 858 ad
3209 803 3415 858 veniam
3448 803 3525 857 vi-

1939 903 2155 963 tamque
2184 895 2466 963 revocasti,
2500 896 2763 951 mittendo
2788 895 2940 951 nobis
2965 896 3295 966 unigenitum
3332 895 3522 951 Filium

1939 995 2086 1043 tuum
2119 988 2411 1045 Dominum
2443 996 2499 1044 et
2534 990 2869 1045 Salvatorcm
2902 997 3177 1058 nostrum;
3226 1005 3322 1060 per
3362 1003 3523 1059 quem

1936 1082 2270 1153 Majestatem
2301 1092 2444 1139 tuam
2463 1125 2479 1152 ,
2511 1091 2618 1140 etc.

2006 1174 2327 1233 Benedictio.
2353 1206 2424 1216 —
2454 1176 2596 1232 Deus
2622 1216 2637 1243 ,
2666 1176 2759 1248 qui
2785 1175 3129 1247 Unigenitum
3152 1190 3305 1231 suum
3336 1175 3524 1245 misit,

1935 1280 1994 1325 ut
2026 1271 2281 1326 mundum
2312 1271 2546 1327 salvaret
2570 1312 2585 1339 ,
2627 1270 2867 1341 ejusdem
2894 1272 3083 1327 salutis
3112 1286 3207 1326 vos
3231 1270 3523 1340 participes

1935 1364 2169 1431 efficiat,
2211 1372 2264 1419 et
2294 1364 2347 1419 in
2371 1379 2432 1421 ea
2460 1349 2882 1433 persevcrabiles
2907 1364 3115 1420 reddat.
3148 1365 3340 1419 Amen.
3384 1361 3522 1415 lram

1934 1473 2054 1529 quae
2082 1471 2241 1528 super
2264 1457 2507 1514 infideles
2535 1466 2716 1513 manet
2745 1473 2776 1513 a
2797 1456 2946 1513 vobis
2976 1466 3256 1523 ‘amoveat,
3285 1463 3339 1511 et
3367 1454 3433 1509 ab
3458 1462 3523 1510 ea

1934 1563 2032 1606 vos
2063 1551 2113 1604 in
2147 1558 2466 1622 perpetuum
2509 1550 2712 1607 liberos
2760 1549 2978 1608 efficiat.
3026 1548 3217 1605 Amen.
3267 1551 3523 1619 Spiritum

1934 1641 2056 1697 Filii
2082 1641 2162 1697 sui
2193 1643 2346 1699 vobis
2374 1643 2671 1713 attribuat,
2724 1641 2948 1715 ejusque
2994 1642 3146 1697 donis
3188 1656 3281 1696 vos
3321 1641 3523 1696 affatim
3563 1658 3569 1669 ο

1936 1732 2234 1789 exuberare
2263 1735 2543 1792 concedat.
2577 1736 2772 1792 Amen.
2803 1735 2956 1803 Quod
2997 1736 3110 1807 ipse
3154 1742 3410 1807 praestare
3445 1734 3524 1790 di-

240 1850 514 1907 Cbristum
546 1843 835 1903 Dominum
866 1851 1110 1898 nostrum
1144 1857 1156 1892 :
1201 1837 1353 1907 cujus
1387 1833 1546 1889 hodie
1588 1833 1832 1889 Circum-
1861 1840 1909 1901 B
1935 1833 2127 1895 gnetur
2156 1826 2310 1897 Cujus
2337 1842 2582 1898 regnum.

239 1942 467 1999 cisionis
508 1939 651 1995 diem
678 1981 692 2007 ,
741 1944 797 1993 et
835 1934 1141 1991 Nativitatis
1172 1940 1414 1988 octavum
1456 1929 1789 1985 celebrantes
1813 1968 1831 1996 ,

237 2042 360 2099 tua,
392 2033 621 2088 Domine
643 2073 659 2097 ,
698 2027 963 2084 mirabilia
994 2039 1331 2082 veneramur.
1373 2023 1507 2089 Quia
1532 2062 1548 2089 ,
1590 2035 1709 2093 quae
1741 2036 1835 2089 pe-

236 2126 406 2199 perit,
439 2132 497 2180 et
523 2122 696 2179 mater
717 2129 773 2178 et
800 2120 954 2190 virgo
983 2125 1106 2185 est;
1147 2117 1238 2188 qui
1277 2124 1433 2172 natus
1463 2119 1546 2170 est
1573 2123 1629 2169 et
1657 2111 1833 2169 infans

236 2227 296 2277 et
327 2218 477 2274 Deus
507 2224 611 2271 est.
642 2214 710 2269 Et
737 2213 860 2269 ideo
887 2227 1009 2267 cum
1040 2210 1265 2281 angelis,
1294 2218 1398 2264 etc.

314 2307 639 2365 Benedictio.
666 2336 731 2348 -—
752 2304 1102 2376 Omnipotens
1133 2302 1273 2358 Deus
1291 2343 1307 2368 ,
1339 2300 1491 2371 cujus
1520 2297 1834 2369 Unigenitus‘

238 2401 506 2456 hodierna
554 2397 682 2465 die,
726 2412 796 2453 ne
835 2396 1006 2465 legem
1047 2393 1317 2460 solveret,
1345 2408 1503 2464 quam
1535 2390 1834 2461 adimplere

237 2500 469 2550 venerat
492 2537 507 2563 ,
544 2490 884 2561 corporalem
914 2487 1152 2559 suscepit
1177 2485 1642 2543 circumcisionem
1674 2528 1687 2554 ,
1723 2481 1836 2554 spiv

237 2583 382 2641 rituli
413 2570 832 2639 circumcisione
864 2586 1076 2635 mentes
1114 2586 1321 2633 vestras
1374 2575 1441 2631 ab
1480 2574 1727 2632 omnibus
1755 2576 1833 2630 vi-

238 2680 439 2734 tiorum
472 2676 759 2734 incentivis
787 2680 1080 2746 expurget,
1108 2682 1162 2730 et
1191 2687 1341 2728 suam
1374 2673 1427 2727 in
1461 2686 1559 2727 vos
1589 2669 1836 2727 infundat

237 2769 702 2826 benedictionem.
757 2756 946 2823 Amen.
999 2764 1068 2822 Et
1110 2764 1201 2835 qui
1253 2764 1424 2835 legem
1468 2779 1562 2834 per
1611 2763 1835 2835 Moysen

239 2864 431 2933 dedit,
474 2874 535 2921 ut
574 2880 676 2936 per
708 2864 1056 2921 Mediatorem
1097 2872 1341 2920 nostrum
1390 2862 1828 2919 benedictionem

239 2958 418 3026 daret,
442 2963 609 3015 exuat
628 2973 726 3013 vos
750 2956 1162 3013 mortificatione
1183 2955 1431 3010 vitiorum
1455 2962 1508 3010 et
1531 2952 1693 3008 faciat
1715 2966 1836 3022 per-

236 3064 496 3108 severare
527 3052 583 3106 in
608 3049 844 3106 novitate
874 3049 1156 3105 virtutum.
1184 3047 1378 3103 Amen.
1412 3046 1530 3113 Quo
1554 3044 1632 3101 sic
1658 3046 1713 3100 in
1742 3058 1833 3100 se-

238 3143 378 3199 narii
409 3142 625 3198 numeri
654 3141 984 3218 perfectione
1014 3138 1068 3194 in
1092 3139 1193 3194 hoc
1224 3138 1422 3193 saeculo
1455 3137 1667 3204 vivatis,
1698 3135 1833 3191 etin

2007 1915 2089 1970 Ad
2118 1918 2513 1989 Complendum.
2540 1952 2611 1963 -—-
2640 1918 2743 1976 Per
2768 1920 2948 1991 hujus,
2978 1919 3220 1989 Domine,
3252 1919 3522 1990 operatio-

1934 2023 2055 2065 nem
2088 2012 2349 2082 mysterii,
2382 2022 2437 2068 et
2470 2013 2592 2067 vitia
2619 2020 2803 2069 nostra
2834 2022 3152 2084 purgentur,
3184 2021 3237 2070 et
3257 2013 3400 2084 justa
3430 2011 3524 2068 de-

1936 2101 2135 2157 sideria
2164 2104 2554 2174 compleantur.
2586 2106 2689 2161 Per
2721 2105 3003 2161 Dominum
3022 2146 3038 2173 ,
3065 2112 3174 2161 etc.

2006 2194 2180 2264 Super
2205 2194 2483 2266 populum.
2504 2226 2576 2236 —
2602 2194 2902 2267 Pr0pitiare
2927 2238 2941 2264 ,
2990 2196 3300 2252 misericors
3341 2194 3481 2250 Deus
3505 2236 3523 2263 ,

1932 2286 2417 2357 supplicationibus
2441 2290 2643 2344 nostris
2667 2330 2681 2355 ,
2724 2297 2778 2344 et
2802 2287 3061 2360 populum
3105 2294 3250 2343 tuum
3284 2286 3527 2357 pervigili

1936 2380 2276 2450 protectione
2324 2379 2579 2450 custodi,
2636 2387 2696 2436 ut
2743 2381 2835 2451 qui
2878 2379 3223 2451 Unigenitum
3272 2384 3420 2433 tuum
3472 2370 3528 2433 in

1935 2483 2097 2527 carne
2138 2471 2311 2527 nostri
2346 2472 2591 2542 corporis
2622 2472 2908 2528 Dominum
2938 2480 3124 2527 natum
3159 2485 3278 2527 esse
3305 2470 3525 2541 fatetur,

1936 2561 2082 2617 nulla
2115 2563 2287 2631 possit
2312 2562 2515 2619 diaboli
2546 2563 2779 2621 falsitate
2805 2563 3098 2634 corrumpi.
3129 2563 3231 2619 Per
3253 2563 3525 2619 eumdem.

1988 2671 2139 2712 NONIS
2166 2670 2507 2715 :asuanu.-—
2530 2654 2685 2730 (l59)
2719 2672 2772 2713 IN
2800 2670 2999 2714 vrcxtu
3028 2654 3057 2694 ι)
3085 2670 3463 2713 τηεοριιωιιε.

2008 2749 2091 2803 Ad
2129 2749 2663 2824 Vesperes.—Corda
2686 2760 2892 2819 nostra,
2916 2765 3246 2823 quaesumus,
3272 2749 3526 2816 Domine,

1939 2853 2182 2899 venturae
2222 2844 2529 2901 festivitatis
2573 2844 2825 2915 splendor
2864 2844 3139 2910 illustret,
3190 2854 3298 2914 quo
3343 2840 3531 2897 mundi

1937 2935 2095 3006 hujus
2121 2935 2356 2992 tenebris
2403 2950 2591 2993 carere
2623 2936 2929 3004 valeamus,
2960 2943 3013 2991 et
3046 2933 3431 3005 perveniamus
3461 2930 3530 2987 ad

1937 3027 2163 3099 patriam
2196 3028 2453 3084 claritatis
2481 3035 2719 3084 aeternae.
2752 3026 2877 3083 Per.

2010 3120 2183 3192 Super
2205 3120 2398 3178 oblata.
2418 3151 2492 3164 —
2526 3120 2725 3177 Tribue
2748 3161 2764 3189 ,
2797 3133 3106 3191 quaesumus
3130 3158 3146 3187 ,
3178 3117 3439 3185 Domine,
3471 3124 3530 3174 ut

237 3235 552 3306 septenario
582 3211 722 3289 inter
746 3212 1027 3288 beatorum
1058 3228 1341 3302 spirituum
1372 3230 1585 3301 agmina
1618 3227 1831 3299 requie-

1938 3213 2295 3285 praesentibus
2321 3213 2398 3269 illi
2436 3212 2779 3269 immolemus
2820 3211 3098 3268 sacrificiis
3123 3252 3139 3279 ,
3173 3219 3226 3267 et
3256 3224 3530 3266 sumamus

238 3328 427 3383 scalis.
462 3325 616 3398 (155)
648 3325 921 3393 Quatenus
950 3324 1006 3379 in
1033 3330 1220 3377 octavo
1251 3321 1649 3377 resurrectione
1675 3335 1834 3376 reno-

240 3419 342 3475 vati
363 3461 379 3485 ,
404 3418 610 3490 jubiltei
641 3417 960 3473 remissione
989 3414 1139 3471 dilati
1165 3454 1179 3481 ,
1216 3411 1369 3488 (l36)
1400 3412 1467 3468 ad
1498 3412 1688 3484 gaudia
1716 3411 1835 3469 sine

243 3516 352 3570 fine
383 3528 642 3569 mansura
665 3510 1012 3583 pet-veniatis.
1045 3507 1241 3566 Amen.
1268 3506 1420 3578 Quod
1442 3507 1557 3578 ipse
1576 3514 1835 3579 praestare

241 3604 517 3681 dignetur,
545 3605 701 3676 cujus
730 3619 974 3674 regnum.

308 3702 399 3758 Ad
429 3700 810 3771 complendum.
837 3727 907 3737 —
935 3695 1166 3764 Praesta,
1200 3708 1506 3766 qumsumus
1525 3735 1542 3763 ,
1578 3691 1832 3760 Domine,

240 3805 293 3851 ut
320 3792 473 3869 quod
499 3793 792 3850 Salvatoris
820 3789 987 3849 nostri
1032 3792 1224 3846 iterata
1266 3787 1612 3847 solemnitate
1652 3800 1836 3856 perce-

240 3891 423 3960 pimus
447 3929 463 3953 ,
506 3893 782 3957 perpetua:
812 3882 965 3939 nobis
987 3881 1373 3952 redemptionis
1397 3879 1639 3936 conferat
1664 3878 1837 3935 medi-

238 3980 439 4035 cinam.
474 3977 579 4033 Per
610 3975 880 4032 eumdem.

309 4073 488 4141 Super
514 4071 785 4141 populum.
816 4097 887 4110 ——
909 4066 1262 4137 Omnipotens
1292 4065 1620 4139 sempiterne
1649 4064 1793 4120 Deus
1816 4105 1832 4132 ,

240 4169 329 4239 qui
359 4168 419 4222 in
448 4165 726 4235 unigenito
759 4172 850 4219 tuo
881 4176 1073 4219 novam
1102 4161 1413 4216 Creaturam
1455 4174 1555 4215 nos
1592 4158 1685 4215 tibi
1714 4171 1837 4214 esse

240 4262 447 4333 fecisti,
482 4262 693 4318 custodi
723 4275 884 4332 Opera
910 4255 1298 4314 misericordia:
1327 4265 1453 4325 tum,
1482 4262 1536 4310 et
1563 4253 1631 4309 ab
1660 4253 1837 4308 omni-

240 4354 336 4408 bus
365 4369 472 4409 nos
499 4352 725 4407 maculis
755 4349 1035 4406 vctuStatis
1060 4346 1290 4403 emunda
1314 4387 1329 4413 ,
1368 4354 1424 4400 ut
1459 4361 1554 4415 per
1580 4344 1836 4400 auxilium

243 4448 432 4519 gratia:
457 4456 561 4501 tua:
589 4446 643 4499 in
676 4443 829 4515 (I37)
862 4442 1001 4499 illius
1039 4440 1374 4496 inveniamur
1407 4440 1576 4494 forma
1599 4477 1617 4507 ,
1645 4435 1698 4493 in
1730 4451 1837 4509 quo

246 4548 423 4597 tecum
453 4546 537 4594 est
567 4546 750 4593 nostra
778 4534 1093 4590 substantia.
1121 4532 1223 4599 Qui
1249 4542 1420 4587 tecum
1445 4530 1591 4586 vivit.

448 4630 604 4703 (158)
632 4638 655 4665 τι
687 4644 937 4685 DOMINICA
974 4642 1103 4683 rosr
1144 4641 1390 4681 usuusu
1430 4640 1633 4680 nuntur.

310 4725 679 4795 Omnipmens
704 4723 1031 4793 sempiterne
1059 4719 1220 4786 Deus,
1245 4719 1415 4789 dirige
1446 4725 1595 4773 actus
1624 4726 1836 4773 nostros

242 4822 293 4877 in
320 4819 669 4890 beneplacito
703 4827 813 4884 tuo,
842 4824 901 4871 ut
924 4816 976 4871 in
1008 4814 1224 4871 nomine
1249 4812 1429 4869 dilecti
1461 4810 1585 4867 Filii
1614 4812 1690 4867 tui
1721 4826 1837 4869 me-

241 4927 465 4968 reamur
493 4910 652 4965 bonis
675 4908 927 4979 operibus
954 4906 1245 4962 abundare.
1288 4906 1388 4977 Qui
1420 4913 1620 4961 tecum.
1698 4898 1703 4901 ’

311 5006 499 5074 Super
528 5003 722 5058 oblata.
750 5030 822 5041 —
846 4998 1119 5066 Concede,
1151 5012 1479 5070 quaesumus,
1504 4996 1751 5065 Domine,
1777 5003 1838 5050 ut

242 5099 422 5155 oculis
453 5105 559 5152 tuae
593 5095 695 5167 15
718 5093 1010 5165 Majestatis
1033 5106 1225 5148 munus
1248 5090 1506 5159 oblatum,
1533 5096 1587 5146 et
1609 5090 1833 5161 gratiam

244 5192 404 5246 nobis
430 5189 737 5245 devotionis
763 5188 1040 5252 obtineat,
1074 5195 1130 5243 et
1158 5185 1407 5241 allectum
1439 5183 1613 5240 beatae
1638 5198 1837 5254 peren-

247 5284 434 5340 uitatis
463 5284 726 5355 acquirat.
757 5282 860 5339 Per
891 5283 1177 5339 Dominum
1209 5289 1472 5337 nostrum.

249 5424 475 5491 Mariae;
513 5424 657 5495 quod
696 5423 915 5495 optime;
933 5423 1187 5477 convenit
1222 5436 1342 5479 cum
1386 5419 1558 5495 sancti
1586 5418 1829 5495 Gregorii

247 5492 677 5567 Antiphonario,
723 5492 779 5550 ut
822 5511 851 5549 a
895 5493 1132 5567 I‘anielio
1158 5495 1459 5567 exhibetur.
1492 5494 1734 5567 Eaforte
1761 5492 1829 5544 de

246 5565 408 5623 causa
440 5572 603 5623 etiam
650 5583 790 5621 nunc.
826 5565 947 5621 festi
982 5565 1420 5621 (lircumcisionis
1446 5565 1678 5619 officium
1718 5578 1831 5618 ma-

247 5653 347 5707 gna
378 5655 443 5693 ex
474 5649 625 5707 parte
653 5640 718 5693 ad
746 5638 1106 5692 beatissimam
1142 5638 1407 5706 Virginem
1439 5638 1685 5703 pertinet.

320 5726 341 5746 α
364 5710 536 5778 Hujus
559 5710 991 5766 Dominiczenihil
1014 5718 1186 5763 exstat
1206 5712 1257 5763 in
1286 5709 1487 5763 l’amel.
1511 5717 1594 5762 aut
1623 5709 1672 5760 iu
1699 5707 1829 5776 Reg.

250 5782 411 5837 Suec.
442 5782 753 5849 Codicibus,
786 5792 974 5850 praeter
993 5779 1326 5849 Orationem,
1355 5781 1693 5846 omnipotens,
1724 5790 1830 5833 etc.

254 5856 306 5909 in
338 5852 474 5909 Cod.
505 5852 718 5911 Gomet.
757 5854 940 5911 Oratio
970 5861 1054 5910 est
1078 5894 1093 5923 ,
1127 5853 1269 5910 Deus
1306 5854 1392 5923 qui
1431 5854 1528 5908 sat.
1562 5862 1646 5907 αἰ.
1681 5854 1836 5907 beata:

1940 3320 2059 3377 quae
2091 3313 2330 3362 venturae
2357 3304 2713 3365 solemnitatis
2737 3305 2819 3376 pia
2854 3320 3079 3361 munera
3103 3303 3527 3376 praeloquuntur.

1939 3394 2062 3467 Per,
2092 3410 2199 3456 etc.
2738 3424 2741 3427 -

2008 3489 2283 3563 Prwfatio.
2314 3522 2384 3533 -—
2412 3490 2555 3550 Vere
2584 3491 2802 3565 dignum
2830 3501 2886 3550 et
2918 3488 3123 3566 justum
3162 3503 3244 3550 est
3268 3536 3283 3564 ,
3314 3511 3527 3565 aequum

1939 3591 1993 3640 et
2021 3585 2277 3653 salutare,
2308 3601 2408 3643 nos
2438 3586 2531 3642 tibi
2561 3603 2776 3659 semper
2804 3596 2859 3643 et
2885 3584 3081 3660 ubique
3109 3589 3306 3659 gratias
3344 3603 3527 3662 agere,

1940 3676 2167 3732 Domine
2194 3687 2401 3746 sancte,
2436 3678 2597 3735 Pater
2625 3679 2986 3751 omnipotens,
3014 3691 3215 3738 aeterne
3248 3681 3388 3738 Deus
3422 3699 3434 3736 :
3474 3692 3530 3737 et

1944 3770 1998 3821 te
2026 3767 2245 3824 laudare
2270 3768 2571 3825 mirabilem
2601 3769 2885 3825 Dominum
2917 3771 2969 3825 in
2999 3772 3245 3828 omnibus
3275 3772 3529 3841 Operibus

1945 3861 2074 3928 tuis,
2099 3862 2292 3930 quibus
2322 3861 2682 3917 sacratissima
2709 3863 2858 3934 regni
2882 3865 2951 3917 tui
2976 3866 3228 3935 mysteria
3255 3864 3524 3919 revelasti.

1942 3953 2092 4011 lianc
2121 3956 2319 4011 etenim
2350 3954 2693 4012 festivitatem
2736 3956 3019 4011 dominicae
3060 3957 3407 4025 apparitionis
3440 3958 3526 4011 in-

1939 4045 2047 4103 dex
2092 4048 2242 4104 stella
2278 4047 2591 4119 praecessit,
2637 4063 2758 4118 quae
2796 4054 2976 4103 natum
3009 4046 3063 4102 in
3097 4056 3235 4103 terra
3266 4046 3388 4105 caeli
3422 4047 3528 4104 Do-

1941 4140 2142 4195 minum
2184 4142 2354 4211 magis
2394 4141 2730 4212 stupentibus
2760 4141 3050 4197 nuntiaret.
3086 4140 3151 4198 Ut
3179 4143 3531 4201 manifestan-

1940 4230 2039 4288 dus
2067 4232 2269 4287 mundo
2305 4233 2447 4287 Deus
2474 4242 2528 4286 et
2560 4233 2766 4288 caelesti
2797 4231 3203 4289 denuntiaretur
3234 4232 3449 4299 indicio,
3477 4241 3532 4289 et

1953 4324 2318 4393 temporaliter
2349 4333 2661 4394 procreatus
2702 4325 2975 4397 signorum
3016 4326 3388 4397 temporalium
3429 4325 3531 4383 mi-

1940 4416 2165 4472 nisterio
2196 4416 2539 4487 panderetur.
2575 4418 2644 4473 Et
2670 4416 2813 4486 ideo,
2846 4428 2948 4476 etc.

2017 4533 2120 4605 ιθ
2137 4532 2217 4587 Ad
2241 4531 2977 4605 Complendum.-—lllumina,
3002 4546 3329 4604 quaesumus,
3354 4532 3530 4588 Domi-

1866 4613 1920 4676 D
1946 4640 2036 4695 nc,
2063 4624 2320 4695 pupulum
2345 4634 2522 4694 tuum,
2546 4633 2600 4681 et
2621 4623 2911 4694 splendore
2937 4626 3124 4696 gratia:
3159 4632 3264 4679 tua:
3292 4638 3385 4680 cor
3414 4622 3533 4693 ejus

1944 4733 2158 4788 semper
2185 4720 2419 4775 accende
2443 4760 2457 4787 ,
2490 4729 2544 4773 ut
2573 4759 2589 4787 ,
2617 4717 2907 4775 Salvatoris
2938 4718 3120 4774 mundi
3154 4718 3312 4773 stella
3357 4718 3531 4773 famu-

1945 4814 2089 4870 lante
2115 4853 2131 4881 ,
2168 4812 2508 4870 manifestata
2553 4811 2813 4868 Nativitas
2845 4811 3114 4868 mentibus
3140 4826 3325 4869 eorum
3355 4822 3409 4868 et
3436 4826 3528 4868 re-

1942 4904 2169 4973 veletur,
2205 4919 2418 4975 semper
2447 4914 2501 4960 et
2526 4911 2755 4962 crescat.
2788 4904 2893 4962 Per
2921 4906 3194 4962 eumdem.

1980 5012 2070 5054 vm
2100 5010 2218 5052 tuus
2243 5009 2505 5050 unum".
2536 5023 2607 5035 —
2633 4993 2783 5065 (MO)
2816 5010 2869 5051 tu
2902 5008 2923 5036 ε
2956 5011 3237 5051 uersuum
3270 5012 3477 5052 nouum.

2019 5088 2179 5153 Deus,
2210 5086 2299 5158 qui
2332 5085 2592 5141 hodierna
2616 5084 2704 5141 die
2733 5085 3077 5155 Unigenitum
3108 5094 3255 5143 tuum
3282 5087 3532 5159 gentibus

1942 5180 2091 5253 (Uti)
2126 5179 2278 5235 stella
2309 5178 2447 5233 duce
2476 5178 2727 5233 revelasti
2749 5217 2765 5245 ,
2803 5179 3037 5235 concede
3065 5180 3326 5250 propitius
3357 5188 3413 5233 ut
3439 5177 3529 5247 qui

1936 5274 2051 5346 jam
2080 5282 2133 5330 te
2159 5286 2226 5328 ex
2254 5270 2360 5327 fide
2380 5268 2751 5342 cognovimus,
2775 5285 2948 5343 usque
2966 5273 3033 5330 ad
3060 5270 3527 5343 contemplandam

1938 5414 1994 5471 Μ
1997 5417 2120 5470 aria:
2149 5415 2277 5484 virg.
2312 5417 2354 5486 ί.

2010 5487 2036 5527 ι)
2065 5488 2156 5543 Sic
2187 5479 2483 5557 appellatur
2509 5485 2817 5555 Epiphaniae
2847 5483 3037 5541 festum
3060 5490 3296 5557 asaneto
3321 5479 3522 5557 Grego-

1939 5561 2038 5627 rio,
2066 5552 2303 5614 homf58
2331 5558 2383 5611 in
2406 5552 2640 5627 Evangh
2672 5557 2840 5615 Veni:
2869 5565 2923 5611 ut
2949 5557 3065 5622 quia
3092 5554 3329 5608 Natalem
3351 5552 3520 5605 domi-

1940 5634 2107 5714 nicum
2136 5630 2243 5685 sine
2271 5641 2318 5684 te
2347 5631 2481 5701 feci,
2523 5640 2753 5685 sanctam
2785 5628 3170 5697 Tlteopltauiam
3208 5627 3324 5693 jam
3357 5633 3521 5676 tecum

1939 5705 2178 5830 [accml'ilac
2206 5774 2296 5829 die
2323 5773 2377 5828 iu
2410 5774 2509 5829 Ed.
2545 5771 2748 5827 Pamel.
2780 5766 2937 5825 statio
2965 5765 3145 5835 ﬁgitur
3184 5766 3252 5820 ad
3289 5776 3523 5822 unctum
3618 5744 3619 5747 η

1941 5846 2186 5915 Petrum;
2233 5844 2376 5918 quod
2425 5843 2626 5917 optime
2665 5840 2957 5913 respondet
2994 5837 3151 5896 titulo
3177 5837 3326 5897 hom.
3360 5840 3429 5895 10
3466 5838 3527 5899 ιιι
