4064 6350
494 342 564 400 39
1710 336 1956 397 SANCTI
1995 335 2326 395 cnseouu
2363 335 2581 411 MAGNI

494 454 729 524 Speciem
781 449 1268 514 tutecelsitudinis
1320 447 1699 527 perducamur.
1732 454 1871 526 .Per
1923 468 2077 510 eum-
2103 460 2160 519 Α

496 548 619 606 dem
638 590 656 617 ,
691 557 797 607 etc.

498 698 504 703 .
573 642 743 712 Super
767 643 958 697 oblata.
986 672 1058 685 -
1085 642 1344 698 Ecclesiae
1375 650 1480 698 tua:
1498 683 1512 708 ,
1542 652 1869 712 quaesumus,
1899 638 2083 693 Domi-

502 750 593 801 ne,
626 735 766 789 dona
797 735 1059 804 propitius
1086 735 1297 791 intuere
1320 775 1336 803 ,
1367 734 1559 804 quibus
1589 746 1693 786 non
1719 732 1831 798 jam
1859 744 2080 796 aurum,

503 824 633 879 thus
663 832 720 879 et
743 824 962 896 myrrha
993 824 1261 894 profertur
1279 869 1295 894 ,
1325 825 1421 880 sed
1449 837 1581 895 quos
1607 821 1810 879 eisdem
1850 820 2085 875 muneri-

500 913 603 968 bus
624 914 947 983 declaratur,
974 915 1285 971 immolatur
1304 924 1360 971 et
1380 914 1629 981 sumitur,
1654 911 1815 969 Jcsus
1839 911 2084 967 Christus

501 1003 762 1061 Dominus
796 1015 1004 1062 noster.

572 1098 844 1169 Prwfatio.
875 1124 947 1140 -—
976 1098 1117 1155 Vere
1146 1098 1365 1171 dignum
1393 1107 1449 1154 et
1483 1099 1684 1168 justum
1716 1106 1840 1165 est,
1873 1109 2083 1166 aequum

501 1196 560 1244 et
588 1189 841 1257 salutare,
876 1206 974 1247 nos
1005 1191 1099 1246 tibi
1119 1204 1333 1260 semper
1358 1198 1415 1245 et
1441 1191 1637 1261 ubique
1664 1190 1859 1260 gratias
1881 1202 2083 1258 agere:

503 1276 731 1335 Domine
774 1292 958 1337 sancte
983 1322 1000 1348 ,
1031 1281 1189 1337 Pater
1228 1282 1565 1351 omnipotens
1589 1316 1606 1345 ,
1656 1290 1858 1335 aeterne
1898 1280 2037 1334 Deus
2068 1294 2083 1332 :

505 1373 630 1441 quia
657 1388 778 1429 cum
810 1372 1123 1445 Unigenitus
1155 1384 1277 1431 tuus
1306 1377 1361 1429 in
1388 1373 1684 1429 substantia
1714 1381 1910 1429 nostrae
1941 1387 2086 1427 mor-

503 1463 726 1518 talitatis
750 1465 1031 1535 apparuit,
1057 1465 1210 1538 (NQ)
1240 1465 1296 1520 in
1325 1478 1518 1520 novam
1547 1478 1644 1519 nos
1673 1460 2087 1519 immortalitatis

502 1572 617 1615 suae
644 1560 814 1617 lucem
842 1563 1129 1631 reparavit.
1161 1563 1229 1617 Et
1256 1561 1379 1617 ideo
1406 1574 1528 1615 cum
1552 1559 1783 1629 angelis,
1814 1569 1921 1616 etc.

580 1652 657 1708 Te
684 1652 868 1722 igitur,
899 1653 1319 1709 clementissime
1347 1652 1524 1720 Pater,
1557 1663 1662 1708 etc.

574 1744 892 1800 Benedictio.
925 1776 997 1787 —
1024 1747 1166 1802 Deus
1189 1786 1205 1813 ,
1238 1746 1417 1802 lumen
1446 1760 1628 1801 verum
1656 1786 1671 1810 ,
1714 1744 1804 1814 qui
1832 1742 2085 1812 Unigeni-

3686 339 3769 399 40

2496 465 2525 493 ⁸
2562 469 2811 513 DOIINICA
2839 470 2857 513 1
2880 470 3012 515 Ροετ
3039 471 3436 515 τΒΕΟΡΗΔΝἾΑΙ.

2255 548 2389 602 Vota
2412 590 2429 616 ,
2477 562 2782 616 quaesumus
2807 595 2821 619 ,
2871 549 3094 607 Domine
3116 592 3131 618 ,
3182 552 3528 623 supplicantis
3559 554 3762 624 populi,

2183 637 2395 694 cmlesti
2436 639 2631 707 pietate
2675 653 2999 709 prosequere
3025 682 3042 709 ,
3077 649 3134 695 ut
3160 648 3217 696 et
3242 656 3362 709 qua:
3387 642 3593 713 agenda
3619 651 3766 711 sunt,

2183 729 2435 796 videant;
2483 737 2539 786 et
2556 729 2623 785 ad
2650 730 2920 800 implenda
2945 745 3065 801 quae
3083 729 3345 799 viderint,
3369 732 3765 789 convalescant.

2185 821 2309 878 Per.

2258 914 2428 987 Super
2455 914 2649 969 oblata.
2672 945 2744 958 -
2760 914 3007 972 Oblatum
3037 915 3154 985 tibi,
3177 915 3425 985 Domine,
3445 917 3769 975 sacrificium

2182 1005 2418 1062 vivificet
2446 1022 2542 1061 nos
2569 1021 2784 1077 semper
2814 1017 2871 1065 et
2896 1008 3121 1063 muniat.
3163 1007 3289 1065 Per.

2257 1096 2530 1169 Praefatio.
2562 1127 2634 1141 —-
2658 1098 2797 1154 Vere
2838 1099 3053 1169 dignum
3100 1108 3154 1155 et
3178 1100 3380 1169 justum
3409 1110 3515 1170 est,
3549 1116 3768 1172 aequum

2190 1196 2245 1245 et
2272 1188 2531 1255 salutare,
2569 1202 2666 1243 nos
2692 1188 2787 1243 tibi
2816 1203 3032 1259 semper
3060 1197 3115 1243 et
3139 1190 3333 1259 ubique
3353 1192 3552 1261 gratias
3583 1207 3764 1261 agere,

2187 1278 2418 1334 Domine
2460 1286 2644 1334 sancte
2671 1322 2686 1348 ,
2737 1278 2893 1334 Pater
2939 1280 3316 1350 omnipotens,
3364 1292 3561 1338 aeterne
3588 1283 3765 1340 Deus:

2189 1372 2325 1438 Quia
2354 1386 2473 1427 cum
2506 1371 2818 1441 Unigenitus
2842 1382 2963 1427 tuus
2999 1374 3050 1427 in
3079 1373 3376 1429 substantia
3402 1384 3599 1431 nostra:
3625 1392 3771 1431 mor-

2192 1460 2409 1515 talitatis
2440 1463 2684 1531 apparuit
2708 1502 2723 1526 ,
2775 1462 2828 1516 in
2867 1477 3057 1518 novam
3093 1479 3189 1520 nos
3215 1466 3631 1525 immortalitatis
3655 1485 3766 1525 sua:

2185 1549 2362 1607 lucem
2390 1552 2673 1622 reparavit.
2716 1551 2784 1609 Et
2810 1552 2930 1609 ideo
2953 1569 3072 1610 cum
3101 1556 3322 1625 angelis.

2258 1642 2572 1699 Benedictio.
2596 1670 2666 1684 α-
2687 1644 2859 1711 Deus,
2895 1645 2985 1716 qui
3016 1646 3132 1702 Filii
3164 1647 3243 1703 sui
3275 1649 3616 1719 temporalem
3638 1667 3769 1721 pue-

2187 1735 2368 1790 ritiam
2395 1736 2522 1790 fecit
2540 1751 2663 1793 esse
2689 1737 2989 1792 mirabilem
3010 1777 3025 1804 ,
3059 1739 3242 1807 spiritu
3274 1740 3571 1809 prudentiae
3604 1744 3768 1798 corda

502 1847 617 1895 tum
650 1855 804 1896 suum
837 1842 1095 1897 hodierna
1125 1840 1210 1897 die
1248 1841 1407 1897 ειθιια
1448 1841 1587 1897 duce
1631 1839 1876 1910 gemibus
1916 1838 2087 1893 voluit
2114 1848 2162 1908 Β
2188 1838 2366 1884 vestra
2410 1830 2682 1885 illustrare
2725 1845 2789 1885 ac
2814 1830 3008 1886 docere
3035 1831 3304 1902 dignetur.
3342 1836 3532 1891 Amen.
3562 1836 3768 1906 Quique

502 1930 761 1995 revelare,
778 1944 873 1985 sua
892 1945 988 1986 vos
1010 1931 1261 2002 dignetur
1280 1931 1656 1987 benedictione
1674 1930 1864 1986 ditare.
1890 1929 2081 1984 Amen.

505 2020 624 2087 Quo
668 2023 917 2093 exemplo
952 2024 1103 2096 (145)
1146 2039 1424 2095 magorum
1455 2024 1679 2096 mystica
1711 2024 1936 2079 Domino
1961 2021 2088 2078 Jesu

503 2110 721 2169 Christo
766 2130 990 2170 munera
1040 2114 1329 2172 offerentes
1352 2156 1369 2183 ,
1408 2125 1591 2186 spreto
1630 2116 1852 2184 antiquo
1888 2114 2043 2169 hoste
2067 2152 2086 2181 ,

505 2205 809 2275 Spretisque
837 2206 1100 2275 contagiis
1127 2206 1375 2262 vitiorum
1404 2248 1420 2274 ,
1459 2208 1526 2261 ad
1566 2216 1819 2261 aeternam
1862 2206 2088 2275 patriam

506 2294 684 2349 redire
731 2296 949 2352 valeatis
998 2312 1095 2366 per
1146 2298 1286 2352 viam
1324 2296 1602 2352 virtutum.
1649 2298 1840 2351 Amen.
1885 2296 2090 2365 Detque

507 2386 664 2442 vobis
693 2401 875 2443 veram
902 2390 1161 2444 mentium
1191 2388 1557 2444 innocentiam
1585 2388 1676 2458 qui
1707 2401 1868 2457 super
1895 2385 2092 2456 Unige-

511 2477 685 2534 nitum
726 2494 880 2535 suum
927 2480 1183 2552 Spiritum
1227 2490 1469 2538 sanctum
1515 2481 1887 2536 demonstrare
1924 2478 2094 2535 voluit

507 2584 609 2642 per
645 2573 949 2629 columbam
975 2615 990 2641 ,
1021 2589 1191 2644 eaque
1219 2575 1419 2631 virtute
1459 2583 1670 2630 mentes
1704 2583 1897 2629 vestrae
1933 2588 2095 2629 exer-

513 2670 739 2727 ceantur
765 2664 833 2719 ad
868 2665 1211 2734 intelligenda
1240 2666 1441 2722 divina:
1471 2666 1602 2736 legis
1644 2679 1837 2720 arcana
1860 2705 1875 2733 ,
1908 2680 2009 2736 qua
2038 2666 2091 2721 in

510 2750 656 2807 Cana
681 2754 899 2811 Galileae
926 2756 1145 2828 lympha
1177 2766 1261 2813 est
1287 2759 1343 2813 in
1371 2758 1555 2813 vinum
1583 2770 1865 2812 conversa.
1897 2756 2093 2812 Amen.

512 2845 667 2911 Quod
698 2848 815 2917 ipse
841 2856 1098 2918 praestare
1120 2849 1389 2919 dignetur.

507 2972 510 2977 λ
580 2938 662 2991 Ad
693 2936 1088 3009 Comptendum.
1113 2968 1185 2980 —
1211 2938 1412 2994 Praesta
1434 2981 1450 3007 ,
1474 2952 1783 3010 quaesumus
1800 2979 1815 3003 ,
1846 2938 2097 3008 omnipo-

513 3036 633 3083 tens
662 3028 832 3095 Deus,
865 3038 924 3084 ut
947 3045 1066 3100 qua:
1093 3030 1321 3085 solemni
1350 3030 1683 3086 celebramus
1710 3030 1887 3087 officio
1906 3071 1922 3098 ,
1951 3030 2115 3100 puri-'

515 3119 688 3175 ﬁcatae
713 3120 911 3176 mentis
938 3121 1286 3192 intelligentia
1308 3136 1717 3191 consequamur.
1745 3122 1866 3177 Per.

585 3212 718 3266 Αιὶιε
749 3211 1043 3267 Orationes.
1077 3243 1145 3254 ——
1172 3213 1525 3283 Omnipotens
1551 3214 1877 3285 sempiterne
1909 3212 2052 3268 Deus
2076 3252 2092 3279 ,
2120 3215 2168 3279 ο

520 3303 758 3361 ﬁdelium
789 3305 1045 3375 splendor
1068 3306 1389 3376 animarum,
1420 3308 1508 3377 qui
1540 3307 1677 3362 hanc
1701 3306 2097 3363 solemnitatem

518 3394 802 3452 electionis
829 3396 1069 3466 gentium
1103 3394 1251 3468 (144)
1282 3395 1530 3466 primitiis
1555 3396 1909 3464 consecrasti,
1938 3396 2101 3464 imple

518 3487 777 3543 mundum
809 3487 973 3557 gloria
1000 3495 1091 3543 tua
1112 3527 1129 3555 ,
1158 3496 1214 3543 et
1243 3486 1471 3544 subditis
1498 3487 1598 3544 tibi
1627 3487 1838 3558 papulis
1878 3501 1974 3557 per
2014 3485 2099 3543 lu-

517 3578 677 3634 minis
704 3578 778 3633 tui
806 3592 1004 3648 appare
1024 3578 1351 3635 claritatem.
1384 3579 1510 3636 Per.
1590 3638 1595 3643 ,

592 3670 690 3739 17
720 3669 855 3723 Alia.
881 3698 952 3709 —
972 3670 1112 3726 Deus
1133 3712 1149 3737 ,
1182 3670 1513 3725 illuminator
1558 3670 1795 3727 omnium
1832 3668 2098 3741 gentium,

518 3762 586 3817 da
616 3762 824 3833 populis
873 3764 975 3819 tuis
1024 3772 1279 3834 perpetua
1321 3779 1451 3835 pace
1491 3763 1749 3835 gaudere,
1782 3772 1835 3819 et
1860 3763 1996 3818 illud
2024 3764 2103 3818 lu-

522 3873 643 3913 men
668 3858 1007 3928 splendidum
1029 3857 1247 3913 infunde
1268 3858 1517 3914 cordibus
1540 3858 1755 3926 nostris,
1780 3857 1917 3928 quod
1946 3857 2103 3912 trium

518 3966 794 4024 magorum
825 3951 1091 4007 mentibus
1121 3951 1391 4020 aSpirasti.
1432 3951 1554 4006 Per.

589 4044 731 4097 Alta.
752 4074 827 4086 —
848 4042 927 4097 Da
953 4043 1132 4110 nobis,
1161 4056 1485 4112 quaesumus,
1518 4040 1761 4106 Domine,
1790 4038 1947 4111 digne
1968 4039 2107 4094 cele-

518 4134 678 4192 brare
709 4136 1054 4205 mysterium,
1086 4136 1227 4205 quod
1258 4136 1313 4191 in
1338 4136 1511 4206 nostri
1547 4134 1845 4190 Salvatoris
1883 4132 2107 4189 infantia

519 4228 797 4284 miraculis
828 4227 1235 4284 coruscantibus
1280 4229 1614 4296 declaratur,
1656 4237 1711 4285 et
1740 4226 2105 4298 corporalibus

522 4318 869 4376 incrementis
922 4319 1204 4375 manifesta
1265 4319 1579 4389 designatur
1629 4318 1949 4375 humanitas.
2005 4318 2110 4375 Per

522 4410 797 4467 eumdem.

590 4504 1029 4573 Aliae—Praesta,
1044 4518 1372 4575 quaesumus,
1387 4505 1725 4577 omnipotens
1740 4504 1903 4569 Deus,
1918 4509 1975 4557 ut
1990 4501 2110 4557 Sal-

2189 1918 2337 1975 illum
2384 1921 2689 1989 parentibus
2738 1922 3103 1991 temporaliter
3141 1922 3297 1978 subdi
3322 1925 3510 1993 voluit,
3539 1926 3652 1995 ipse
3672 1942 3768 1983 vos

2190 2014 2509 2072 humilitatis
2538 2024 2594 2070 et
2618 2016 2828 2085 pietatis
2850 2019 3159 2074 muneribus
3182 2020 3463 2077 miseratus
3494 2021 3760 2079 informet.

2188 2104 2382 2163 Amen.
2426 2105 2491 2161 Et
2520 2105 2673 2179 (145)
2701 2109 2793 2178 qui
2824 2123 2944 2165 eum
2970 2111 3229 2180 sapientia
3251 2156 3266 2181 ,
3297 2122 3488 2177 aetate.
3517 2124 3572 2187 et
3598 2119 3766 2187 gratia

2190 2196 2457 2267 proﬁcere
2513 2198 2734 2265 tribuit,
2783 2200 3100 2270 spiritalium
3145 2204 3295 2261 vobis
3332 2186 3659 2277 proieciﬁuin
3688 2211 3769 2265 in-

2189 2300 2466 2346 crementa
2512 2292 2774 2362 propitius
2821 2293 3095 2365 largiatur.
3159 2298 3310 2366 Quod
3352 2300 3469 2369 ipse
3516 2311 3770 2371 praestare

2190 2381 2457 2453 dignetur.

2262 2476 2343 2528 Ad
2368 2474 2747 2545 complendum.
2768 2508 2841 2520 —
2861 2479 3140 2550 Supplices
3189 2490 3241 2539 te
3285 2497 3533 2554 rogamus
3557 2527 3572 2553 ,
3600 2488 3775 2543 omni-

2193 2574 2387 2636 potens
2432 2566 2575 2623 Deus
2598 2608 2613 2634 ,
2665 2578 2725 2624 ut
2752 2585 2887 2640 quos
2919 2570 3024 2627 tuis
3051 2573 3229 2628 reficis
3257 2577 3626 2641 sacramentis,
3678 2574 3777 2631 tibi

2202 2658 2363 2713 etiam
2387 2657 2591 2728 placitis
2626 2660 2867 2719 moribus
2898 2662 3176 2733 dignanter
3202 2664 3471 2723 deservire
3490 2667 3776 2728 concedas.

2193 2744 2299 2803 Per
2318 2746 2619 2804 Dominum.

2277 2837 2450 2909 Super
2477 2840 2746 2911 pupulum.
2767 2872 2839 2883 —
2862 2843 3153 2915 Conserva,
3180 2861 3504 2918 quaesumus,
3531 2846 3781 2917 Domine,

2195 2927 2453 2985 familiam
2487 2939 2654 2999 tuam,
2686 2937 2789 3007 18
2822 2945 2875 2991 ct
2900 2937 3331 2996 benedictionum
3361 2950 3566 2997 tuarum
3598 2941 3779 3011 propi-

2198 3020 2305 3077 tius
2331 3022 2576 3079 ubertate
2605 3026 2827 3094 puriﬁca
2852 3067 2867 3094 ,
2918 3040 2972 3085 et
2992 3031 3377 3090 eruditionibus
3424 3034 3527 3089 tuis
3572 3047 3788 3103 semper

2199 3115 2589 3187 multiplicetur
2613 3127 2667 3175 et
2692 3119 2868 3176 donis.
2911 3122 3033 3178 Per.

2516 3212 2667 3286 (M6)
2700 3229 2753 3269 IN
2774 3213 2802 3253 δ
2828 3229 3051 3271 ocravrs
3089 3231 3459 3274 'rnsopmmg;

2278 3302 2419 3360 Deus
2448 3304 2599 3375 cujus
2629 3306 2942 3377 Unigenitus
2969 3309 3021 3362 in
3052 3309 3347 3365 substantia
3378 3317 3575 3366 nostrae
3603 3310 3793 3368 carnis

2206 3398 2493 3467 apparuit,
2521 3408 2712 3467 prazsta
2737 3439 2752 3464 ,
2783 3414 3116 3471 quaesumus,
3148 3409 3207 3455 ut
3235 3416 3332 3471 per
3354 3415 3499 3468 eum,
3528 3416 3686 3479 quem
3713 3401 3799 3460 si-

2205 3489 2388 3543 milem
2435 3490 2589 3545 nobis
2635 3490 2766 3544 foris
2809 3492 3153 3561 agnovimus,
3199 3493 3344 3550 intus
3372 3493 3647 3552 reformari
3676 3510 3799 3554 me-

2202 3596 2437 3638 reamur.
2477 3582 2581 3649 Qui
2609 3592 2785 3639 tecum
2812 3583 2965 3650 vivit,
2999 3594 3104 3641 etc.

2280 3671 2450 3741 Super
2476 3672 2667 3727 oblata.
2688 3674 2985 3730 —Hostias
3015 3676 3129 3742 tibi,
3154 3675 3395 3744 Domine,
3444 3693 3541 3747 pro
3569 3678 3677 3734 nati
3710 3681 3796 3736 tui

2206 3762 2333 3820 Filii
2379 3764 2713 3833 apparitione
2761 3766 3087 3833 deferimus,
3130 3769 3440 3838 suppliciter
3481 3781 3794 3843 exorantes,

2205 3864 2264 3909 ut
2291 3855 2427 3909 sicut
2454 3855 2569 3924 ipse
2591 3864 2897 3911 nostrorum
2924 3866 3114 3913 auctor
3136 3868 3219 3914 est
3246 3875 3543 3929 munerum,
3577 3862 3647 3917 ita
3678 3862 3801 3931 ipse

2206 3946 2280 4001 sit
2326 3946 2633 4000 misericors
2675 3954 2728 4001 et
2768 3955 3053 4017 susceptor
3081 3948 3241 4006 Jesus
3266 3949 3509 4007 Christus
3536 3953 3801 4012 Dominus

2213 4049 2419 4106 noster,
2447 4038 2536 4107 qui
2567 4048 2741 4095 tecum
2773 4040 2904 4097 vivit
2930 4048 2985 4097 et
3008 4052 3195 4112 regnat
3220 4044 3382 4099 Deus.

2281 4131 2362 4183 Ad
2384 4114 2779 4201 Compleni'lum.
2821 4161 2894 4172 —
2931 4133 3149 4189 Caelesti
3196 4135 3432 4203 lumine,
3464 4151 3795 4207 quaesumus,

2210 4219 2436 4278 Domine
2464 4267 2479 4292 ,
2512 4237 2725 4294 semper
2770 4232 2826 4280 et
2858 4224 3054 4296 ubique
3092 4241 3190 4281 nos
3220 4229 3477 4297 prteveni,
3503 4237 3562 4283 ut
3588 4237 3797 4298 myste-

2209 4317 2371 4387 rium,
2404 4317 2555 4387 cujus
2582 4332 2680 4374 nos
2707 4319 2990 4390 participes
3015 4333 3135 4375 esse
3163 4320 3399 4387 voluisti,
3428 4330 3480 4376 et
3509 4334 3643 4391 puro
3665 4334 3788 4375 cer-

2218 4424 2410 4465 namus
2441 4412 2664 4477 intuitu,
2694 4418 2750 4468 et
2770 4411 2930 4481 digno
2960 4412 3315 4481 percipiamus
3341 4410 3551 4467 effectu.
3593 4409 3716 4465 Per.

2212 4518 2303 4558 ιιι
2347 4519 2473 4558 ιιι.
2525 4519 2811 4559 FEBRUAR"
2862 4503 3016 4575 (M7)
3045 4518 3265 4559 manus
3291 4518 3475 4559 SANC'I'I
3504 4517 3706 4558 rumors
3740 4513 3792 4561 ι’.

518 4595 716 4651 vatoris
736 4595 941 4663 mundi,
963 4596 1117 4652 stella
1144 4596 1300 4665 duce,
1325 4597 1608 4653 manifesta
1632 4596 1892 4652 Nativitas
1909 4594 2105 4648 menti-
2131 4600 2184 4661 Ι)
2281 4594 2551 4660 Concede,
2584 4607 2911 4663 quaesumus,
2944 4596 3282 4663 omnipotens
3309 4594 3470 4661 Deus,
3498 4601 3555 4647 ut
3578 4592 3643 4648 ad
3674 4608 3795 4649 me—

519 4682 618 4739 bus
645 4685 841 4740 nostris
862 4686 1128 4742 reveletur
1146 4702 1361 4758 semper
1382 4698 1436 4745 et
1452 4697 1682 4745 crescat.
1707 4688 1808 4742 Per
1836 4685 2103 4741 eumdem.

589 4773 732 4831 Alia.
754 4805 823 4817 ——
844 4774 1087 4833 lllumina
1109 4818 1126 4847 ,
1159 4793 1466 4848 quaesumus
1489 4819 1506 4846 ,
1555 4778 1778 4834 Domine
1801 4817 1817 4844 ,
1846 4775 2101 4846 populum

520 4871 669 4919 tuum
695 4905 712 4931 ,
759 4874 815 4921 et
849 4866 1133 4936 splendore
1156 4871 1344 4939 gratiae
1374 4878 1479 4925 tuae
1504 4883 1599 4925 cor
1622 4869 1741 4939 ejus
1771 4880 1984 4937 semper
2014 4880 2106 4921 ac-

521 4954 729 5023 cende,
761 4965 821 5011 ut
847 4957 1179 5015 Salvatorem
1210 4976 1366 5017 suum
1400 4962 1802 5017 etincessanter
1834 4967 2110 5028 agnoscat,

522 5052 578 5101 et
604 5047 867 5104 veraciter
895 5050 1284 5121 apprehendat.
1323 5053 1428 5110 Per
1456 5052 1740 5110 Dominum
1768 5059 2031 5107 nostrum.

522 5222 729 5299 Evaug.
758 5223 1108 5299 :_Cum_natus
1128 5235 1258 5284 esset
1286 5227 1437 5285 Iesus
1460 5229 1515 5283 in
1538 5229 1870 5299 Bethleliem;
1900 5234 1989 5290 ubi
2019 5235 2103 5291 le-

522 5296 662 5363 gitur
708 5294 893 5350 habita
934 5296 988 5352 in
1034 5299 1192 5355 basil.
1241 5301 1414 5356 sancti
1462 5300 1630 5355 Petri.
1679 5304 1735 5357 ln
1782 5294 2104 5362 Kalendario

522 5366 681 5440 Rom.
713 5368 975 5440 omittitur
1020 5369 1208 5436 statio;
1238 5372 1660 5440 _assignaturque
1689 5380 1894 5429 tantum
1929 5377 2106 5432 Evan-

522 5435 715 5508 gelium
744 5436 871 5491 Cum
896 5444 1047 5492 natus
1074 5435 1201 5494 esset
1222 5435 1397 5508 lesus',
1423 5451 1530 5497 etc.
1566 5435 1621 5495 in
1649 5444 1839 5497 eodem
1869 5445 2097 5503 Kalend.

524 5516 649 5583 post
673 5506 865 5583 festum
892 5508 1252 5583 Theophanis:
1284 5506 1391 5583 tres
1420 5513 1533 5566 dies
1564 5510 1683 5566 feSti
1711 5514 2055 5572 celebrantur
2084 5535 2098 5583 ;

524 5584 585 5701 τ’
627 5576 900 5700 inIprimo
945 5580 1139 5649 legitur
1184 5581 1345 5636 statio
1387 5582 1455 5637 ad
1496 5590 1737 5638 sanetum
1784 5585 1996 5641 Petrum
2036 5576 2105 5642 ad

576 5662 693 5701 incu
717 5663 769 5701 a.

576 5662 769 5701 incula.

595 5726 621 5753 ιι
665 5718 825 5772 Vacat
850 5720 963 5795 hinc
989 5720 1264 5795 Dominica
1290 5720 1341 5795 in
1362 5721 1503 5795 Cod.
1535 5724 1736 5795 Damel.
1768 5724 1826 5781 ln
1852 5725 1948 5782 Ms.
1969 5725 2104 5795 Reg.

540 5786 698 5855 Suec.
750 5792 932 5846 omnia
979 5795 1172 5850 desunt
1220 5794 1286 5850 ab
1323 5792 1501 5853 Idibus
1538 5794 1814 5870 Januarii,
1843 5812 2011 5870 usque
2040 5786 2108 5854 εἷα

2211 4685 2401 4741 liorem
2440 4684 2607 4739 vitam
2638 4692 2947 4738 sanctorum
2979 4692 3189 4740 tuorum
3237 4684 3475 4754 exempla
3522 4697 3620 4739 nos
3668 4697 3795 4751 pro-

2210 4785 2443 4843 vocent,
2491 4785 2751 4847 quatenus
2798 4790 3025 4846 quorum
3071 4777 3331 4833 solemnia
3374 4776 3601 4847 agimus,
3630 4775 3793 4831 etiam

2210 4876 2360 4924 actus
2392 4868 2687 4925 imitemur.
2726 4866 2849 4923 Per.

2283 4958 2457 5031 Super
2503 4958 2782 5013 oblata.—
2808 4958 3021 5013 Hostias
3050 4958 3185 5027 tibi,
3215 4959 3438 5016 Domine
3458 5002 3475 5032 ,
3520 4972 3618 5030 pro
3644 4973 3794 5015 com-

2212 5050 2605 5108 memoratione
2638 5050 2812 5106 sancti
2834 5049 3032 5108 Felicis
3069 5048 3227 5121 (148)
3264 5052 3581 5109 confessoris
3608 5050 3796 5107 offeri-

2207 5247 2299 5290 χιχ
2327 5230 2556 5287 Kalend.
2589 5232 2749 5289 Febr.

2207 5303 2306 5430 Rh
2349 5305 2453 5359 Pro
2494 5313 2681 5360 octava
2723 5301 2920 5373 Epiph.
2970 5303 3105 5360 nihil
3151 5304 3447 5376 assignatur
3481 5302 3535 5358 in
3559 5300 3789 5359 Kalend.

2257 5389 2367 5429 om.

2257 5389 2367 5429 om.

2282 5456 2304 5483 ο
2350 5445 2403 5499 In
2433 5443 2662 5516 Kalend.
2692 5444 2848 5499 Rom.
2892 5452 2955 5516 et
3001 5444 3054 5500 in
3083 5446 3213 5502 Cod.
3255 5444 3390 5516 Reg.
3420 5444 3598 5516 Suec.
3629 5460 3788 5513 quem

2208 5517 2448 5584 sequitur
2474 5514 2560 5569 hic
2596 5515 2796 5571 Pamel.
2841 5515 3053 5571 additur
3082 5519 3133 5571 in
3181 5514 3373 5570 Pincis.
3411 5515 3637 5570 Consule
3666 5517 3788 5571 Bol-

2210 5586 2450 5651 landum,
2484 5594 2614 5639 tom.
2640 5586 2983 5641 lsanctorum
3006 5587 3268 5652 Januarii;
3296 5587 3783 5650 et'l‘illemontiuin,

2213 5665 2342 5712 tom.
2380 5657 2776 5727 lVgComment
2825 5657 3031 5713 Eccles.
3079 5660 3242 5727 Hujus
3289 5659 3456 5713 sancti
3483 5657 3791 5710 solemnitas

2213 5736 2433 5800 notatur
2458 5726 3009 5800 HAJan._in'Kalend.
3040 5726 3198 5786 Boni.
3221 5738 3279 5785 et
3303 5728 3439 5800 apud
3470 5727 3704 5793 Painel.,
3738 5736 3792 5781 at

2214 5798 2302 5857 die
2329 5798 2393 5856 15
2422 5798 2476 5853 in
2506 5797 2638 5855 Cod.
2672 5798 2804 5871 Reg.
2835 5800 2992 5858 Suec.
