4064 6350
253 418 309 475 Μ
1448 423 1646 480 LIBER
1684 421 2309 481 SACRAMENTORUM.
3428 435 3501 492 42

252 552 364 594 mus
386 576 404 603 ,
451 536 773 604 suppliciter
817 538 1162 605 deprecantes
1186 576 1201 602 ,
1235 546 1292 590 ut
1322 545 1459 592 Sicut
1488 538 1564 591 illi
1596 536 1825 593 tribuisti
1848 543 1905 601 Α
1930 536 2135 591 meritis
2160 538 2500 606 adjuvemur,
2533 537 2685 608 cujus
2710 540 2957 609 passione
2980 538 3244 597 laetamur.
3269 542 3372 601 Per
3394 546 3498 602 Do-

249 643 413 685 sacrte
443 628 569 683 ﬁdei
600 627 921 693 largitatem,
951 628 1028 682 sic
1058 629 1213 684 nobis
1236 628 1615 699 indulgentiam
1638 628 1828 699 largia-

246 721 316 778 ris
345 727 400 776 et
425 735 634 790 pacem.
678 720 798 774 Per.

317 815 593 885 Prwfatio.
636 845 709 856 —
740 815 882 871 Vere
907 816 1122 887 dignum
1161 826 1215 871 et
1248 816 1452 886 justum
1483 826 1585 887 est,
1618 832 1827 887 arquum

247 918 297 964 et
324 908 560 962 salutare
584 947 599 972 ,
631 922 729 961 nos
759 908 850 962 tibi
882 922 1094 976 semper
1120 916 1174 962 et
1201 906 1394 977 ubique
1423 909 1617 977 gratias
1645 924 1825 978 agere,

250 1002 467 1057 Domine
496 1012 682 1057 sancte
707 1042 721 1065 ,
751 1002 910 1057 Pater
936 1004 1298 1070 omnipotens,
1341 1013 1539 1058 acteme
1569 1002 1745 1058 Deus:
1776 1014 1828 1060 et

247 1094 640 1149 confessionem
674 1094 842 1149 sancti
865 1094 1057 1150 Felicis
1086 1094 1483 1150 memorabilem
1516 1111 1621 1150 non
1647 1105 1829 1153 tacere

246 1186 331 1254 qui
358 1185 512 1255 (149)
540 1200 637 1240 nec
663 1185 928 1241 haereticis
957 1187 1323 1256 pravitatibus,
1351 1202 1449 1242 nec
1471 1188 1650 1243 saeculi
1672 1188 1826 1243 blan-

245 1279 496 1334 dimentis
543 1295 573 1333 a
609 1279 693 1333 sui
751 1288 921 1334 status
972 1280 1290 1335 rectitudine
1335 1283 1503 1349 potuit
1533 1281 1822 1349 immutari,

244 1371 333 1426 sed
365 1372 508 1427 inter
549 1382 776 1442 utraque
819 1372 1128 1427 discrimina
1172 1375 1411 1429 veritatis
1447 1385 1702 1442 assertor,
1734 1375 1829 1431 ﬁr-

244 1462 482 1516 mitatem
513 1471 622 1515 tuae
649 1461 773 1516 ﬁdei
798 1477 904 1517 non
929 1463 1160 1531 reliquit.
1204 1462 1327 1519 Per.

308 1554 391 1606 Ad
423 1554 814 1622 Complendum.
858 1556 1271 1623 —Quaesumus,
1308 1559 1548 1629 Domine,
1583 1560 1828 1615 salutari-

244 1644 342 1701 bus
368 1648 557 1717 repleti
608 1647 879 1718 mysteriis
905 1689 918 1713 ,
952 1658 1008 1703 ut
1034 1649 1186 1718 cujus
1212 1650 1469 1706 solemnia
1508 1654 1657 1723 (150)
1687 1653 1827 1708 cele-

249 1739 486 1809 bramus,
521 1740 641 1810 ejus
667 1741 996 1795 orationibus
1022 1743 1357 1811 adjuvemur.
1390 1743 1494 1800 Per
1521 1746 1821 1801 Dominum.

559 1840 587 1869 ⁸
616 1847 868 1886 υοκιΝιεΑ
895 1848 929 1887 ll
958 1846 1085 1887 POST
1111 1849 1504 1890 THEOPHANIAII.

1931 630 2130 683 niinum
2157 638 2417 697 nostrum,
2447 641 2550 687 etc.

2003 721 2168 792 Super
2196 723 2383 777 oblata.
2406 754 2473 768 ψ·-
2495 726 2740 796 Suscipe,
2766 743 3087 797 qumsumus,
3116 728 3358 798 Domine,
3385 748 3503 786 mn-

1931 830 2059 871 nera
2102 818 2380 886 dignanter
2421 820 2615 888 oblata,
2644 833 2717 889 et,
2748 822 2885 876 beati
2909 822 3141 877 Marcelli
3168 824 3505 891 suifraganti-

1930 907 2031 963 bus
2079 908 2284 963 meritis
2311 952 2326 974 ,
2382 910 2447 964 ad
2493 896 2691 968 nostrae
2737 913 2920 969 salutis
2944 913 3195 969 auxilium
3221 915 3504 985 provenire

1930 999 2185 1054 concede.
2228 1001 2348 1055 Per.

2004 1090 2277 1160 Prwfatio.
2312 1122 2383 1132 ——
2407 1092 2548 1149 Vere
2593 1094 2811 1163 dignum
2860 1105 2913 1151 et
2934 1097 3130 1166 juStum
3159 1106 3261 1163 est,
3290 1111 3502 1166 acquum

1930 1190 1984 1237 et
2006 1183 2235 1239 salutare
2262 1225 2276 1249 ,
2318 1199 2415 1239 nos
2442 1185 2533 1239 tibi
2569 1199 2779 1254 semper
2806 1196 2861 1243 et
2884 1189 3078 1258 ubique
3100 1189 3293 1257 gratias
3321 1203 3500 1257 agere,

1931 1272 2159 1329 Domine
2185 1284 2386 1341 sancte,
2415 1276 2572 1331 Pater
2595 1278 2951 1347 omnipotens,
2979 1290 3181 1334 aeterne
3210 1280 3348 1334 Deus
3372 1297 3386 1333 :
3415 1280 3506 1348 qui

1927 1365 2248 1435 glorificaris
2272 1369 2326 1422 in
2357 1378 2568 1422 tuorum
2597 1369 2933 1424 confessione
2958 1379 3286 1436 sanctorum,
3318 1380 3371 1424 et
3398 1370 3508 1441 20

1929 1471 2036 1537 non
2074 1457 2246 1511 solum
2293 1459 2768 1514 exeellentioribus
2795 1460 3029 1528 praemiis
3062 1471 3354 1531 martyrum
3380 1471 3509 1514 tuo-

1930 1562 2049 1601 rum
2090 1550 2277 1603 merita
2322 1549 2554 1619 gloriosa
2597 1553 2970 1620 prosequeris,
3019 1553 3111 1607 sed
3154 1553 3315 1606 etiam
3357 1565 3510 1607 sacra

1929 1641 2184 1709 mysteria
2219 1642 2648 1710 competentibus
2683 1644 2913 1699 servitiis
2947 1653 3335 1714 exsequentes,
3381 1659 3509 1712 gau-

1928 1734 2076 1791 dium
2106 1737 2312 1791 Domini
2340 1739 2422 1793 sui
2451 1739 2639 1794 tribuis
2666 1740 2924 1810 benignus
2948 1740 3167 1795 intrare.
3215 1740 3318 1795 Per
3345 1737 3508 1793 Chri-

1927 1836 2068 1883 stum
2099 1828 2403 1884 Dominum.

308 1922 664 1992 Omnipotens
691 1926 1015 1995 sempiterne
1047 1927 1185 1982 Deus
1208 1968 1223 1993 ν
1272 1931 1363 1998 qui
1393 1931 1633 1986 οωιθςιίίι
1661 1930 1822 1987 simul
1850 1926 1898 1985 B
1997 1919 2077 1972 Ad
2101 1918 3073 1990 Complendum.—Satiasti,Domine,
3088 1920 3347 1975 familiam
3365 1928 3510 1974 tuam

242 2022 291 2067 et
323 2022 539 2070 terrena
576 2015 910 2083 moderaris,
951 2017 1369 2087 supplicationes
1397 2021 1578 2090 populi
1606 2021 1681 2075 tui
1710 2022 1821 2077 ele-

238 2113 447 2160 menter
475 2106 667 2161 exaudi
694 2150 710 2177 ,
741 2116 795 2163 et
824 2122 1007 2177 pacem
1036 2116 1181 2164 tuam
1212 2109 1412 2167 nostris
1431 2110 1666 2166 concede
1690 2118 1825 2166 tem-

236 2196 484 2263 poribus.
521 2196 644 2252 Per.

308 2286 453 2340 Atia.
474 2315 547 2326 —
565 2287 789 2357 Adesto,
821 2303 1157 2365 quaesumus,
1188 2290 1413 2345 Domine
1431 2330 1451 2359 ,
1476 2291 1824 2362 supplicatio-

234 2377 397 2432 nibus
426 2382 625 2435 nostris
648 2426 663 2449 ,
712 2388 768 2437 et
793 2381 847 2436 in
883 2392 969 2437 tua
995 2381 1364 2439 misericordia
1383 2383 1732 2452 confidentes,
1754 2382 1825 2439 ab

234 2474 377 2527 omni
408 2490 512 2528 nos
532 2474 854 2529 adversitate
882 2477 1109 2531 custodi.
1153 2476 1274 2532 Per.

304 2566 485 2634 Super
507 2566 698 2621 oblata.
720 2566 867 2623 -—Ut
892 2567 989 2623 tibi
1014 2577 1161 2639 grata
1183 2569 1308 2636 sint,
1331 2571 1578 2639 Domine,
1602 2584 1825 2627 munera

235 2660 413 2727 populi
463 2661 538 2714 tui
592 2660 940 2731 supplicantis
961 2701 977 2727 ,
1008 2661 1076 2717 ab
1122 2662 1266 2717 omni
1291 2703 1307 2729 ,
1335 2677 1671 2733 quaesumus,
1700 2679 1825 2720 eum

237 2752 559 2820 contagione
590 2753 957 2821 perversitatis
985 2754 1235 2810 emunda.
1277 2756 1399 2811 Per.

307 2841 588 2911 Prwfatio.
621 2872 693 2883 -—
731 2842 868 2900 Vere
905 2844 1123 2912 dignum
1152 2855 1205 2901 et
1243 2846 1442 2915 justum
1472 2856 1584 2915 est,
1614 2863 1825 2919 aequum

235 2949 283 2994 et
314 2941 587 3007 salutare,
610 2956 707 2997 nos
737 2941 832 2996 tibi
880 2956 1093 3011 semper
1117 2950 1173 2997 et
1203 2942 1395 3013 ubique
1422 2943 1618 3013 gratias
1647 2958 1825 3013 agere,

234 3030 466 3088 Domine
514 3043 742 3101 sancte,
796 3035 956 3090 Pater
982 3036 1351 3105 omnipotens,
1399 3046 1600 3092 aeterne
1646 3040 1823 3093 Deus:

235 3137 563 3196 semperque
617 3126 840 3182 virtutes
889 3135 944 3181 et
972 3126 1157 3181 laudes
1187 3136 1306 3181 tuas
1344 3127 1496 3183 labiis
1524 3129 1830 3183 exsultatio-

236 3217 319 3272 nis
345 3219 545 3284 effari,
597 3218 688 3289 qui
718 3218 873 3273 nobis
907 3219 973 3273 ad
1002 3218 1318 3273 relevandos
1349 3219 1504 3273 istius
1535 3220 1656 3273 vitae
1683 3219 1830 3273 labo-

1927 2016 2239 2072 muneribus
2263 2018 2458 2083 sacris;
2489 2032 2700 2087 semper
2725 2017 2864 2087 ejus,
2892 2032 3215 2087 quaesumus,
3245 2016 3511 2071 interven-

1926 2109 2073 2165 tione
2096 2122 2193 2163 nos
2218 2108 2419 2173 refove,
2448 2108 2600 2177 cujus
2629 2109 2888 2164 solemnia
2914 2110 3271 2165 celebramus.
3313 2108 3433 2164 Per.

2030 2216 2100 2255 XV
2129 2217 2250 2256 ΚΑΒ.
2294 2217 2677 2255 FEBRUARll.-—-
2697 2215 2922 2255 NATALIS
2961 2215 3177 2256 SANCTE
3204 2215 3405 2257 PRISCE

2598 2286 2846 2327 VIRGINIS.

2004 2361 2114 2429 Da,
2146 2376 2482 2433 quaesumus,
2535 2362 2873 2432 omnipotens
2914 2361 3055 2419 Deus
3081 2404 3096 2431 ,
3133 2374 3191 2419 ut
3226 2366 3319 2434 qui
3341 2366 3512 2421 beata

1925 2452 2128 2511 Priscae
2175 2456 2423 2528 martyris
2469 2466 2572 2512 tuae
2598 2456 2830 2512 natalitia
2857 2458 3114 2527 colimus,
3141 2467 3195 2515 et
3219 2475 3396 2516 annua
3424 2476 3511 2515 so-

1926 2547 2205 2605 lemnitate
2231 2549 2502 2617 laetemur,
2551 2558 2607 2605 et
2636 2558 2794 2605 tantae
2820 2549 2946 2606 ﬁdei
2968 2550 3310 2621 proﬁciamus
3332 2566 3513 2608 exem-

1925 2637 2037 2709 plo.
2079 2639 2198 2695 Per.

2000 2730 2169 2803 Super
2200 2732 2691 2799 abtum—Hostia,
2721 2731 2965 2802 Domine,
2996 2749 3323 2806 quaesumus,
3352 2751 3511 2805 quam

1927 2832 2237 2882 sanctorum
2285 2834 2500 2881 tuorum
2541 2824 2777 2880 natalitia
2828 2836 3171 2884 recensentes
3219 2828 3513 2899 oﬁ'erinius,

1928 2925 1986 2973 et
2012 2918 2227 2973 vincula
2270 2927 2467 2974 nostrae
2516 2918 2792 2987 pravitatis
2837 2920 3119 2988 absolvat,
3147 2931 3201 2977 et
3228 2931 3331 2976 tuae
3359 2922 3513 2980 nobis

1930 3007 2317 3064 misericordia:
2344 3010 2484 3064 dona
2510 3009 2780 3065 conciliet.
2822 3009 2947 3066 Per.

2003 3099 2084 3152 Ad
2111 3098 2497 3169 Complendum.
2522 3130 2593 3140 —
2612 3100 2961 3167 Qumsumus,
2991 3101 3237 3170 Domine,
3271 3104 3513 3160 salutari-

1931 3192 2032 3249 bus
2061 3195 2255 3265 repleti
2286 3196 2575 3267 mysteriis,
2611 3204 2668 3250 ut
2687 3195 2839 3266 cujus
2870 3196 3131 3252 solemnia
3158 3197 3513 3270 celebramus,

234 3322 319 3361 res
372 3286 628 3363 diversa'
653 3308 916 3363 donorum
946 3316 1161 3363 tuorum
1211 3309 1398 3364 solatia
1422 3350 1436 3373 ,
1472 3318 1526 3365 et
1548 3325 1828 3365 munerum
1858 3308 1906 3373 Ο
1934 3286 2051 3358 eius
2080 3289 2408 3344 orationibus
2434 3288 2766 3359 adiuvem“
2809 3290 2927 3345 Pe"

236 3402 558 3457 salutarium
611 3404 800 3473 gaudia
848 3405 1155 3473 contulisti,
1179 3405 1442 3460 mittendo
1467 3405 1620 3460 nobis
1644 3405 1828 3463 Jesum

238 3490 516 3549 Christum
544 3493 735 3549 Filium
765 3503 911 3549 tuum
927 3496 1213 3551 Dominum
1228 3505 1491 3551 nostrum.
1516 3497 1619 3553 Per
1647 3513 1827 3566 quem.

305 3583 635 3640 Benedictio.
676 3616 749 3627 —-
788 3586 930 3641 Deus
977 3587 1068 3657 qui
1130 3603 1226 3644 sua
1281 3588 1511 3643 mirabili
1566 3599 1830 3658 potestate

234 3689 426 3747 aquam
454 3680 701 3746 vertitjn
730 3681 938 3747 vinum,
972 3694 1070 3736 vos
1098 3696 1128 3734 a
1156 3690 1420 3737 vetustate
1446 3681 1744 3738 subtractos
1774 3683 1829 3738 in

232 3766 407 3824 beatae
436 3770 567 3825 vitae
599 3770 891 3826 transferat
919 3772 1231 3827 novitatem.
1254 3772 1448 3827 Amen.
1490 3772 1559 3827 Et
1581 3773 1673 3842 qui
1698 3788 1831 3843 nup-

232 3862 322 3917 tiis
374 3864 650 3918 interesse
702 3862 908 3931 voluit,
944 3873 1001 3918 ut
1026 3878 1211 3919 earum
1242 3879 1336 3919 sua
1369 3864 1654 3933 praesentia
1678 3879 1829 3919 com-

236 3952 498 4023 probaret
538 3955 763 4023 bonum,
796 3957 911 4025 ipse
937 3956 1090 4011 vobis
1126 3956 1389 4012 castitatis
1440 3964 1494 4011 et
1526 3954 1832 4011 sobrietatis

237 4058 525 4117 perpetuae
554 4047 797 4103 conferat
819 4048 1039 4103 donum.
1068 4050 1261 4102 Amen.
1302 4047 1420 4117 Ipse
1448 4047 1605 4103 vobis
1630 4057 1833 4102 sancta-

230 4151 353 4193 rum
393 4139 811 4209 intelligentiam
855 4140 1250 4208 Scripturarum
1295 4138 1827 4208 tribuatspiritalem,

230 4230 320 4297 qni
352 4244 533 4299 aquas
563 4229 616 4282 in
645 4230 769 4283 vina
792 4229 1050 4284 vertendo
1070 4230 1170 4285 hoc
1194 4230 1369 4298 ipsum
1400 4228 1565 4284 voluit
1588 4228 1833 4299 designa-

228 4336 309 4378 re.
341 4326 551 4379 Anien.
583 4324 738 4390 Quod
768 4325 882 4393 ipse
913 4334 1167 4393 praestare
1197 4324 1461 4393 dignetur,
1488 4321 1657 4392 cujus.

302 4417 386 4469 Ad
412 4414 821 4484 Complendum.
852 4443 922 4454 —
956 4416 1228 4482 Augeatur
1269 4413 1323 4467 in
1354 4413 1541 4477 nobis,
1581 4409 1827 4477 Domine,

230 4520 576 4575 quscsutnus,
614 4515 717 4560 tua:
745 4507 955 4562 virtutis
984 4506 1254 4576 operatio,
1292 4510 1353 4558 ut
1379 4503 1573 4558 divinis
1598 4502 1831 4573 vegetati

226 4600 629 4667 sacramentis,
675 4598 743 4653 ad
785 4613 973 4654 eorum
1012 4597 1275 4669 promissa
1304 4594 1561 4665 capienda
1588 4602 1679 4649 tuo
1708 4611 1826 4650 mu-

226 4702 364 4744 nere
392 4704 794 4760 pracparemur.
835 4688 960 4745 Per.

297 4786 486 4857 Super
516 4787 789 4855 populum.
812 4813 884 4826 —-
901 4783 1199 4851 Auxiliare,
1223 4782 1468 4847 Domine,
1500 4780 1691 4850 populo
1719 4787 1835 4846 tuo,

230 4885 287 4930 ut
318 4892 501 4932 sacra:
529 4877 834 4932 devotionis
881 4876 1162 4945 proﬁciens
1214 4874 1563 4931 incrementis
1586 4914 1600 4941 ,
1653 4882 1708 4928 et
1745 4881 1835 4926 tuo

227 4984 459 5039 semper
483 4984 713 5023 munere
736 4968 1087 5038 gubernetur,
1119 4977 1172 5022 et
1196 4966 1261 5021 ad
1282 4965 1662 5036 redemptionis
1687 4974 1840 5019 teter-

230 5076 316 5117 nre
344 5062 649 5134 pertineat,
680 5072 736 5118 te
761 5066 1007 5131 ducente,
1035 5064 1397 5118 consortium.
1426 5061 1549 5116 Per.

260 5183 377 5225 XVII
406 5183 541 5224 ML.
568 5184 873 5225 FEBBUABII.
907 5196 976 5209 ·-
1013 5179 1239 5221 ΝΑτΑιιε
1262 5162 1292 5201 b
1321 5176 1801 5235 εωστῃιλιιοειιι

963 5252 1135 5293 ΡΔΡΕ.

299 5332 515 5389 Preces
544 5333 722 5404 populi
749 5332 824 5387 tui
856 5371 872 5399 ,
901 5344 1239 5402 quaesumus,
1268 5329 1523 5397 Domine,
1549 5328 1837 5384 clementer

228 5424 463 5491 exaudi,
489 5435 550 5480 ut
575 5424 719 5481 beati
745 5423 979 5480 Marcelli
1004 5421 1255 5493 martyris
1283 5420 1359 5476 tui
1384 5430 1542 5491 atque
1567 5419 1837 5489 pontiﬁcis

300 5600 327 5626 ο
371 5589 656 5645 Omittitur
677 5586 733 5641 in
762 5583 826 5640 C.
852 5583 1054 5638 Pamel.
1087 5592 1142 5638 et
1167 5580 1301 5649 Reg.
1328 5578 1510 5644 Suec.,
1546 5592 1753 5634 necnon
1780 5577 1833 5631 in

232 5660 482 5717 Kalend.
531 5659 710 5725 Rom.,
768 5655 921 5721 cuius
974 5656 1092 5711 loco
1143 5652 1421 5719 occurrit:
1454 5649 1579 5704 Fer.
1626 5664 1676 5704 ιν
1725 5657 1839 5717 post

230 5731 605 5802 Theophanis.
746 5800 753 5802 ξ
1066 5796 1100 5802 η
1175 5791 1230 5802 ,Α
1262 5793 1281 5802 ,
1574 5799 1581 5802 _
1616 5791 1628 5802 .

302 5806 331 5842 ὓ
376 5787 543 5864 Apud
576 5800 781 5855 Pamel.
809 5805 1026 5855 notatur
1049 5796 1137 5851 die
1168 5791 1233 5847 18
1254 5793 1499 5858 Januar.;
1534 5799 1588 5845 at
1615 5791 1667 5845 in
1697 5787 1831 5864 Cod.

229 5873 371 5947 Reg.
414 5863 583 5930 Suec.
634 5872 723 5927 die
778 5871 843 5926 l6
890 5868 1131 5937 ejusdem
1180 5868 1424 5931 mensis,
1468 5863 1837 5919 consentiente

488 5993 753 6054 PATROL.
798 5984 1151 6052 LXXVIII.

1933 3397 2031 3437 xm
2062 3398 2579 3438 KAL.FEBRUARH.—
2598 3396 2618 3423 ο
2646 3397 2867 3438 naritus
2890 3397 3075 3440 sucu
3106 3384 3254 3456 (151)
3285 3401 3513 3441 FABIANI.

2004 3473 2379 3529 Inﬁrmitatem
2421 3484 2656 3530 nostram
2703 3476 2941 3544 respice,
2988 3477 3326 3545 omnipotens
3353 3478 3515 3541 Deus,

1931 3572 1985 3620 et
2010 3562 2161 3634 (152)
2182 3578 2316 3635 quos
2342 3566 2548 3633 pondus
2590 3564 2822 3636 propriae
2874 3566 3100 3621 actionis
3124 3577 3345 3636 gravat,
3375 3567 3515 3621 beati

1932 3654 2152 3711 Fabiani
2198 3658 2449 3727 martyris
2474 3658 2548 3712 tui
2579 3666 2739 3728 atque
2768 3656 3033 3728 pontiﬁcis
3060 3659 3374 3716 intercessio
3403 3660 3517 3729 glo-

1933 3748 2074 3802 riosa
2102 3763 2200 3802 nos
2225 3757 2489 3818 protegat.
2530 3749 2651 3803 Per.

2004 3840 2178 3910 Super
2223 3841 2415 3895 oblata.
2452 3871 2523 3881 —
2562 3842 2775 3897 Hostias
2802 3843 2933 3907 tibi,
2963 3843 3219 3913 Domine,
3248 3845 3393 3900 beati
3420 3844 3515 3900 Fa-

1931 3934 2078 3991 biani
2105 3934 2356 4006 martyris
2412 3934 2489 3989 tui
2529 3933 2731 3989 dicatas
2768 3933 2969 3987 meritis
2995 3934 3256 4004 benignus
3279 3950 3515 4003 assume,

1932 4038 1985 4084 et
2012 4028 2077 4083 ad
2107 4036 2420 4097 perpetuum
2467 4025 2624 4083 nobis
2664 4025 2837 4082 tribue
2873 4026 3158 4097 provenire
3193 4027 3514 4083 subsidium.

1931 4119 2035 4177 Per
2061 4120 2365 4175 Dominum.

2008 4212 2089 4265 Ad
2117 4210 2507 4281 Complendum.
2527 4239 2594 4250 —
2614 4210 2821 4266 Refecti
2852 4210 3258 4281 participatione
3281 4211 3516 4267 muneris

1933 4302 2093 4368 sacri,
2127 4317 2432 4372 qumsnmus
2454 4344 2468 4371 ,
2510 4301 2735 4357 Domine
2766 4303 2905 4357 Deus
2931 4311 3136 4369 noster,
3168 4312 3224 4358 ut
3250 4304 3399 4373 cujus
3424 4318 3516 4358 ex-

1932 4397 2206 4465 sequimur
2226 4395 2447 4460 cultum,
2479 4396 2770 4449 sentiamus
2796 4394 3062 4450 effectum.
3106 4394 3209 4450 Per

1968 4503 2144 4544 EODEM
2170 4503 2278 4541 DIE.
2300 4516 2371 4526 -
2391 4501 2618 4541 NATALIS
2651 4501 2837 4541 SANCTI
2862 4489 3167 4541 ἑΕΒΑετιΑΝι
3195 4502 3458 4542 ὶΙΔΒἸὝΒΙδ

2008 4582 2147 4637 Deus
2175 4580 2262 4651 qui
2299 4582 2512 4635 beatum
2539 4578 2907 4635 Sebastianum
2930 4590 3218 4650 martyrem
3241 4588 3387 4633 tuum
3412 4580 3517 4633 vir—

1856 4690 1911 4751 D
1938 4682 2051 4729 tute
2075 4674 2391 4727 constantiae
2436 4672 2489 4726 in
2535 4673 2781 4741 passione
2808 4671 3100 4738 roborasti,
3128 4686 3195 4725 ex
3217 4672 3333 4737 ejus
3363 4672 3517 4726 nobis

1937 4764 2236 4821 imitatione
2264 4764 2440 4818 tribue
2464 4779 2561 4833 pro
2592 4779 2775 4818 amore
2811 4773 2901 4817 tuo
2932 4778 3185 4832 prospera
3213 4763 3394 4817 mundi
3419 4764 3515 4819 de-

1938 4863 2165 4931 spicere,
2198 4868 2253 4913 et
2280 4857 2421 4913 nulla
2443 4856 2560 4927 ejus
2590 4857 2811 4912 adversa
2840 4856 3145 4910 formidare.
3190 4855 3291 4910 Per

2010 4950 2179 5020 Super
2208 4950 2399 5003 oblata.
2424 4976 2493 4988 --
2515 4946 2747 5016 Accepta
2773 4946 2844 5000 sit
2867 4946 2921 5000 in
2948 4953 3237 5015 conspectu
3267 4954 3379 5013 tuo,
3409 4945 3516 4999 Do-

1938 5045 2105 5111 mine,
2132 5052 2313 5098 nostra
2342 5040 2578 5105 devotio,
2606 5048 2660 5095 et
2685 5039 2800 5108 ejus
2828 5039 2983 5093 nobis
3011 5039 3103 5092 fiat
3129 5037 3519 5108 supplicatione

1940 5134 2220 5198 salutaris,
2254 5148 2351 5201 pro
2380 5134 2531 5200 cujus
2559 5128 3180 5184 solemnitatedefertur.
3212 5129 3337 5185 Per.

2012 5232 2115 5300 21
2154 5226 2428 5296 Prwfatio.
2472 5249 2541 5263 -
2586 5224 2723 5279 Vere
2765 5223 2982 5294 dignum
3030 5231 3085 5278 et
3134 5222 3335 5292 justum
3393 5229 3514 5284 est,

1940 5335 2149 5390 aequum
2171 5328 2227 5373 et
2248 5318 2501 5384 salutare,
2533 5330 2633 5372 nos
2661 5315 2755 5370 tibi
2779 5329 2991 5385 semper
3021 5322 3076 5370 et
3101 5316 3298 5385 ubique
3321 5310 3517 5384 gratias

1940 5427 2118 5484 agere,
2168 5410 2393 5466 Domine
2432 5417 2637 5476 sancte,
2683 5406 2843 5463 Pater
2886 5406 3255 5477 omnipotens,
3315 5412 3517 5459 aeterne

1935 5572 2387 5697 Karlliiogalend.
2440 5641 2595 5695 Rom.
2650 5640 2845 5696 festum
2899 5639 3064 5693 sancti
3108 5633 3407 5691 Sebastiani
3433 5646 3515 5691 est

1938 5726 2061 5770 ante
2091 5715 2285 5769 festum
2331 5712 2502 5767 sancti
2549 5711 2801 5777 Fabiani;
2848 5724 3002 5765 secus
3050 5709 3102 5760 in
3149 5704 3513 5762 Cod.Pamel.

1938 5788 2156 5854 aclteg.
2207 5786 2365 5840 Suec.
2401 5794 2455 5839 et
2496 5784 2548 5837 in
2593 5783 2761 5837 Vatic.
2811 5782 2910 5854 Ed.
2954 5786 3114 5854 atque
3147 5777 3285 5837 aliis.
3326 5778 3514 5835 Postea

1938 5850 2165 5931 utraque
2194 5856 2505 5914 solemnitas
2534 5857 2588 5909 in
2616 5868 2776 5908 unam
2799 5850 3015 5907 coaluit.

3009 5970 3052 6031 2
