4064 6350
481 421 554 480 45
1679 395 1920 459 SANCTI
1959 392 2281 453 GREGORII
2321 391 2535 452 MAGNI
3677 375 3754 439 44

486 542 663 596 Deus:
693 531 948 608 quoniam
991 525 1243 596 martyris
1284 521 1424 578 beati
1470 519 1767 576 Sebastiani
1801 530 1897 587 pro
1927 529 2059 570 con-
2090 520 2141 581 Α
2166 508 2429 582 gloriosus
2479 507 2637 562 levita
2681 503 3012 571 Vincentius,
3065 511 3121 560 et
3167 500 3320 558 miles
3369 497 3614 567 invictus,
3665 515 3756 555 ra-

486 604 730 687 l'essione
780 619 1015 680 nominis
1084 618 1160 673 tui
1215 612 1543 670 venerabilis
1603 608 1819 678 sanguis
1866 604 2066 661 effusus

486 721 648 778 simul
672 730 728 777 et
751 727 838 773 tua
866 711 1134 769 mirabilia
1166 707 1494 769 manifestat,
1528 717 1632 771 quo
1660 699 1869 770 perﬁcis
1898 699 1952 752 in
1984 698 2068 753 in-

485 819 737 873 firmitate
782 812 1053 876 virtutem,
1096 813 1152 860 et
1181 802 1377 858 nostris
1403 797 1592 854 studiis
1623 795 1717 850 dat
1745 793 2063 864 profectum,

487 923 539 966 et
564 907 790 964 infirmis
816 903 956 974 apud
989 911 1041 956 te
1073 905 1291 969 praestat
1316 891 1597 948 auxilium.
1650 887 1753 944 Per
1795 886 2068 943 Christum

486 1002 770 1056 Dominum
810 1007 1075 1052 nostrum.

558 1092 636 1144 Ad
665 1085 1055 1155 Complendum.
1078 1110 1151 1128 ..ι-ο
1172 1080 1338 1134 Sacro
1373 1075 1597 1129 munere
1633 1069 1830 1138 satiati,
1861 1067 2072 1137 suppli-

488 1197 579 1235 ces
612 1189 685 1246 te,
718 1178 963 1241 Domine,
989 1175 1357 1242 deprecamur,
1403 1175 1458 1218 ut
1496 1163 1638 1232 quod
1678 1161 1870 1216 debitae
1900 1156 2075 1213 servi-

488 1271 614 1325 tutis
662 1268 998 1324 celebramus
1051 1261 1253 1325 ofﬁcio,
1308 1253 1678 1312 intercedente
1729 1253 1883 1306 beato
1911 1249 2080 1304 Seba-

496 1364 674 1416 stiano
724 1368 959 1428 martyre
993 1367 1103 1420 tuo,
1147 1349 1455 1405 salvationis
1486 1355 1589 1402 tuae
1619 1345 1913 1400 sentiamus
1944 1351 2078 1412 aug-

493 1464 750 1510 mentum.
779 1451 880 1506 Per
910 1449 1190 1503 Dominum
1221 1452 1488 1500 nostrum.

580 1560 658 1603 xu
708 1559 832 1599 nc.
889 1554 1190 1595 FEBBUARII.
1220 1566 1289 1579 —-
1316 1549 1538 1589 manus
1574 1545 1790 1589 saucra
1825 1523 1986 1600 (155)

1143 1620 1165 1642 ⁸
1193 1622 1436 1660 AGNETIS.

1143 1623 1165 1642 “
1264 1625 1289 1660 Ν
1399 1623 1436 1660 ”.

565 1687 917 1755 Omnipotens
949 1623 1272 1750 sempiter‘nce
1299 1623 1475 1742 iiiis,
1517 1673 1607 1745 qui
1653 1674 1864 1728 inﬁrma
1895 1663 2079 1724 mundi

502 1779 677 1849 eligis,
712 1787 770 1833 ut
795 1775 954 1832 fortia
1002 1785 1224 1842 qumque
1255 1766 1573 1832 confundas,
1620 1759 1856 1820 concede
1889 1773 2077 1829 propt-

502 1872 605 1925 tius
642 1881 696 1925 ut
743 1871 834 1940 qui
875 1869 1047 1922 beata:
1093 1863 1314 1933 Agnetis
1365 1859 1616 1929 martyris
1665 1867 1772 1911 tua:
1818 1850 2078 1910 solemnia

499 1963 749 2029 colimus,
781 1960 896 2030 ejus
927 1957 1068 2028 apud
1102 1967 1152 2011 te
1182 1951 1474 2026 patrocinia
1507 1950 1820 2006 sentiamus.
1851 1943 1976 2000 Per.

575 2053 743 2122 super
783 2052 976 2105 cetera.
1008 2059 1078 2090 -έει
1109 2046 1342 2112 Hostias,
1386 2043 1630 2109 Domine,
1663 2055 1796 2110 quas
1825 2035 1918 2092 tibi
1951 2033 2087 2090 oﬁ‘e»

508 2147 711 2211 rimus,
769 2143 1030 2214 propitius
1079 2139 1316 2208 suscipe,
1372 2151 1448 2204 et,
1506 2134 1875 2190 intercedente
1934 2131 2088 2184 beata

504 2235 710 2307 Agnete
737 2234 972 2304 martyre
1008 2242 1118 2295 tua,
1152 2231 1363 2286 vincula
1391 2237 1736 2300 peccatorum
1781 2231 2088 2278 nostrorum

506 2327 748 2385 absolve.
781 2323 882 2379 Per
915 2323 1218 2375 Dominum.

579 2416 854 2488 Prl'cftitio.
884 2443 954 2455 --
979 2409 1114 2467 Vere
1159 2399 1377 2481 dignUm
1419 2416 1476 2464 et
1511 2408 1710 2476 justum
1742 2403 1846 2471 est,
1880 2415 2092 2471 aequum

510 2509 842 2576 eisaluta‘re,
878 2513 975 2562 hes
1003 2505 1098 2560 tibi
1131 2503 1346 2573 semper
1374 2513 1429 2558 et
1460 2500 1652 2571 ubique
1683 2499 1882 2569 gratias
1911 2491 2093 2564 agere,

509 2599 738 2660 Domine
766 2601 971 2663 sancte,
1008 2593 1168 2653 Pater
1197 2595 1563 2663 omnipotens,
1605 2593 1804 2646 aeterne
1839 2587 2014 2641 Deus:
2042 2587 2099 2640 et

516 2695 667 2768 (154)
737 2694 879 2748 diem
931 2691 1105 2745 beata:
1153 2688 1377 2759 Agnetis
1429 2686 1689 2755 martyrio
1731 2679 2099 2736 consecratam

516 2767 831 2844 solemui'te'r
875 2783 1204 2845 recensere,
1252 2785 1402 2848 quae,
1451 2785 1679 2832 terrena:
1726 2767 2102 2841 generositatis

480 2910 485 2918 -
521 2879 915 2938 oblectamenta
945 2873 1270 2945 despiciens,
1315 2871 1591 2926 caelestem
1642 2866 1835 2921 meruit
1873 2862 2102 2932 dignita-

519 2981 666 3042 tem;
719 2973 990 3032 societatis
1034 2969 1282 3025 humanae
1326 2967 1449 3018 vcta
1491 2965 1862 3025 contemnens,
1918 2951 2105 3009 aeterni

523 3071 685 3140 Regis
732 3076 816 3122 est
859 3067 1062 3120 sociata
1104 3058 1416 3121 consortio;
1459 3053 1512 3109 e't
1545 3053 1828 3122 pretiosam
1857 3055 2104 3113 mortem,

2169 602 2279 659 bidi
2325 602 2492 657 hostis
2531 600 2798 655 insaniam
2841 598 3121 654 interritus
3164 595 3318 662 adiit,
3359 595 3632 650 modestus
3660 609 3756 650 su-
3800 613 3814 623 η

2171 693 2377 758 stinuit,
2427 705 2648 750 securus
2689 690 2878 755 irrisit,
2927 690 3108 746 sciens
3159 697 3373 758 paratus
3412 702 3533 742 esse
3571 696 3629 740 ut
3666 701 3754 741 re-

2172 785 2409 851 sisteret,
2443 784 2690 838 nesciens
2719 784 2892 839 elatus
2934 797 3056 838 esse
3097 781 3245 854 (l56)
3292 790 3348 834 ut
3399 779 3660 842 vinceret,
3695 779 3751 833 in

2176 890 2422 946 Utroque,
2475 876 2684 931 Domini
2723 891 2784 932 ac
2817 874 3057 946 Magistri
3086 875 3180 928 'sui
3227 873 3447 942 vestigia
3499 886 3756 939 sequens,

2177 971 2267 1038 qui
2300 968 2609 1024 humilitatis
2658 967 3044 1034 custodiendae,
3091 978 3144 1023 et
3190 967 3255 1022 de
3302 965 3543 1019 llOSiibUS
3575 965 3762 1018 trium-

2180 1062 2412 1130 phandi,
2467 1064 2581 1118 suis
2633 1061 2906 1130 sequenda
2958 1059 3206 1129 exempla
3263 1056 3602 1113 monstravit.
3660 1053 3762 1110 Per

2179 1169 2358 1224 quem.

2254 1248 2336 1302 Ad
2367 1246 2757 1316 Complendum.
2783 1246 3212 1312 —Qu:esumus,
3239 1253 3575 1314 omnipotens
3598 1241 3763 1304 Deus.

2184 1353 2242 1398 ut
2275 1342 2365 1412 qui
2403 1341 2647 1396 caelestia
2696 1341 2952 1394 alimenta
2996 1338 3354 1409 percepimus,
3404 1339 3552 1392 interi
3572 1338 3768 1391 edente
3855 1376 3858 1378 η

2185 1443 2346 1490 beato
2380 1432 2663 1488 Vincentio
2695 1443 2932 1503 martyre
2970 1441 3082 1497 tuo,
3113 1447 3208 1502 per
3233 1432 3347 1486 haec
3376 1440 3560 1485 contra
3588 1428 3766 1484 omnia

2186 1527 2411 1582 adversa
2441 1526 2760 1580 muniamur.
2796 1524 2918 1578 Per.

2259 1636 2349 1674 νιιι
2369 1636 2499 1702 βΔῐ..
2535 1633 2834 1674 FEBBUABII.
2862 1647 2933 1658 -
2950 1628 2972 1657 °
2998 1631 3284 1673 CONV’ERSIO
3313 1630 3496 1670 SANCTI
3521 1627 3692 1668 PAULI.

2268 1709 2420 1778 (157)
2472 1709 2612 1764 Deus
2657 1710 2745 1777 qui
2788 1710 3095 1762 universum
3139 1708 3392 1762 mundum
3443 1708 3578 1759 beati
3626 1702 3775 1758 Pauli

2193 1799 2421 1867 apostoli
2455 1799 2528 1852 tui
2562 1798 2942 1868 praedicatione
2973 1797 3220 1860 docuisti,
3256 1799 3324 1850 da
3363 1797 3536 1857 nobis,
3565 1809 3775 1863 quaesu-

2114 1913 2166 1976 Β
2195 1905 2334 1956 mus,
2386 1900 2443 1944 ut
2484 1889 2576 1959 qui
2617 1889 2733 1958 cjus
2765 1888 2924 1942 hodie
2954 1887 3372 1942 Conversiouem
3402 1885 3648 1948 colimus,
3683 1896 3777 1950 per

2200 1985 2317 2056 ejus
2345 1983 2411 2037 ad
2446 1992 2497 2038 te
2526 1979 2774 2050 exempla
2802 1980 3129 2050 gradiamur.
3157 1978 3276 2035 Per.

2264 2079 2431 2149 Super
2453 2078 2642 2132 oblata.
2669 2105 2740 2117 —
2768 2073 3010 2143 Apostoli
3043 2073 3120 2127 tui
3151 2072 3296 2127 Pauli
3342 2069 3614 2141 precibus,
3668 2068 3778 2122 Do-

2195 2172 2361 2237 mine,
2418 2169 2583 2239 plebis
2629 2178 2732 2223 tum
2785 2168 2924 2221 dona
2964 2165 3274 2228 sanctiﬁcat,
3316 2173 3374 2217 ut
3417 2177 3536 2231 qua:
3567 2161 3658 2215 tibi
3688 2169 3781 2214 tuo

2195 2273 2344 2334 grata
2385 2273 2511 2317 sunt
2540 2262 2803 2325 instituto,
2829 2260 3066 2331 gratiora
3095 2259 3226 2313 fiant
3257 2255 3553 2326 patrocinio
3577 2250 3781 2322 suppli-

2201 2358 2394 2412 cantis.
2429 2356 2530 2410 Per
2560 2355 2863 2409 Dominum.

2280 2446 2556 2514 Praefatio.
2579 2473 2650 2485 -
2681 2443 2817 2498 Vere
2856 2442 3075 2512 dignum
3117 2448 3172 2495 et
3204 2439 3407 2508 justum
3437 2446 3541 2501 est,
3571 2449 3787 2504 aequum

2202 2545 2258 2594 et
2297 2539 2552 2604 salutare,
2585 2551 2682 2591 nos
2713 2534 2803 2590 tibi
2835 2549 3044 2602 semper
3072 2540 3128 2588 et
3155 2531 3350 2601 ubique
3372 2531 3572 2598 gratias
3594 2541 3778 2594 agere,

2208 2629 2434 2684 Domine
2460 2636 2665 2694 sancte,
2707 2625 2865 2681 Pater
2897 2625 3256 2694 omnipotens,
3287 2630 3486 2676 aeterne
3530 2619 3666 2672 Deus
3691 2634 3704 2670 :
3730 2625 3790 2672 et

2175 2723 2538 2802 jhlajestatem
2588 2731 2733 2772 tuam
2779 2716 3090 2786 suppliciter
3119 2728 3366 2777 exorare,
3404 2721 3460 2765 ut
3497 2708 3791 2763 Ecclesiam

2209 2824 2374 2880 tuam,
2407 2811 2546 2867 beati
2577 2809 2731 2864 Pauli
2755 2808 2984 2878 apostoli
3017 2809 3090 2860 tui
3123 2803 3497 2875 pradicatione
3519 2804 3790 2867 eductam,

2209 2903 2358 2959 nulla
2406 2903 2552 2957 sinas
2593 2899 2801 2954 fallacia
2847 2897 3080 2961 violari;
3127 2905 3182 2951 et
3229 2895 3370 2949 sicut
3413 2892 3543 2946 nihil
3587 2891 3637 2944 iu
3671 2903 3796 2946 vera

2210 2994 2467 3063 religione
2523 3007 2747 3047 manere
2794 2989 3108 3058 dinoscitur,
3163 2986 3314 3058 (I58)
3369 2985 3508 3054 quod
3540 3000 3644 3038 non
3681 2983 3798 3052 ejus

2213 3085 2475 3141 condierit
2522 3071 2820 3152 disciplina,
2858 3083 2926 3137 ita
2955 3083 3020 3135 ad
3052 3079 3351 3151 peragenda
3382 3095 3443 3134 ea
3473 3093 3591 3148 qua:
3619 3074 3800 3131 docuit

527 3139 688 3220 setius
738 3151 1022 3228 fragilitate
1081 3151 1324 3217 calcata,
1379 3161 1473 3216 pro
1520 3141 1720 3198 Christi
1770 3139 2109 3196 curifessione

527 3177 688 3263 se“?
711 3170 1022 3262 .i“3”“‘“°
1073 3170 1283 3258 Fam”
1310 3190 1324 3217 ’
1379 3170 1473 3216 Pw
1520 3170 1720 3244 uim."
1770 3170 2109 3246 “fu'cmwm
2217 3179 2334 3249 ejus
2362 3180 2585 3233 obtentu
2618 3177 2866 3232 ﬁdelibus
2897 3175 3162 3230 tribuatur
3191 3172 3450 3240 efﬁcacia,
3504 3170 3803 3237 sentiatque

527 3265 824 3322 suscipiens
857 3247 1008 3318 (155)
1043 3245 1199 3300 Simul
1247 3251 1330 3298 est
1379 3238 1518 3292 facta
1566 3233 1857 3291 conformis
1889 3242 1942 3287 et
1972 3248 2112 3287 sem-
2141 3309 2186 3322 _
2225 3272 2559 3322 credemium
2605 3274 2846 3322 “mium
2897 3267 3183 3322 mulmudo
3235 3281 3360 3322 eum
3407 3280 3503 3322 DN
3551 3278 3609 3315 se
3664 3257 3803 3322 apud

530 3309 1016 3418 piternitatis‘ejus
1060 3347 1114 3394 et
1160 3336 1364 3407 gloriae.
1422 3331 1530 3386 Per
1569 3343 1727 3400 quem
1775 3327 2114 3398 Majcstatem
2140 3309 2188 3376 Β

594 3456 702 3496 am.

594 3456 619 3494 a
686 3481 702 3496 .

532 3445 689 3587 tu;
721 3524 1116 3600 Complendum.
1147 3515 1265 3562 -δ
1299 3518 1606 3581 Sumentcs,
1654 3513 1899 3577 Domine,
1927 3511 2122 3581 gaudia

549 3625 872 3694 sempiterna
904 3621 970 3673 de
1010 3615 1414 3687 participatione
1458 3609 1779 3665 sacramenti
1820 3602 2122 3661 festivitatis

545 3725 743 3772 sancta:
769 3709 1020 3782 martyris
1039 3707 1284 3778 Agnetis,
1327 3703 1640 3774 suppliciter
1667 3699 2040 3770 deprecamur,
2067 3699 2126 3750 ut

543 3826 665 3882 quae
702 3808 888 3864 sedula
930 3803 1213 3867 servitute,
1245 3800 1478 3854 donante
1524 3808 1596 3863 te,
1639 3793 1900 3863 gerimus,
1945 3791 2126 3861 dignis

541 3901 789 3961 sensibus
821 3909 908 3954 tuo
936 3911 1158 3954 munere
1190 3894 1485 3963 capiamus.
1526 3891 1648 3945 Per.

623 4011 677 4052 X1
715 4010 839 4050 ΚΑΒ.
877 4003 1179 4046 ιιέιιιιυιιιιι.
1206 4015 1276 4028 -·
1297 3997 1519 4039 NATALtS
1557 3995 1742 4036 SANCTI
1773 3992 2043 4034 VINCENTII

1194 4069 1476 4111 IAR'I‘YRIS'.

613 4155 837 4220 Adesto,
867 4163 1199 4223 quazsumus,
1233 4147 1477 4212 Domine,
1511 4139 1987 4212 supplicationibus
2029 4150 2126 4190 no-

541 4247 692 4313 stris,
715 4255 773 4300 ut
797 4243 887 4314 qui
911 4253 978 4298 ex
1007 4236 1287 4308 iniquitate
1329 4246 1511 4290 nostra
1559 4235 1681 4288 reos
1727 4237 1824 4286 n05
1857 4242 1977 4284 esse
2005 4241 2130 4297 cog-

545 4339 854 4402 noscimus,
886 4333 1031 4389 beati
1059 4327 1326 4386 Vinccntii
1356 4326 1606 4396 martyris
1641 4324 1716 4378 tui
1750 4318 2131 4376 intercessione

545 4432 866 4489 liberemur.
887 4425 1022 4483 Per.

616 4525 725 4596 22
775 4522 945 4590 Super
989 4517 1178 4571 oblata.
1231 4509 1584 4573 Hodiernum,
1633 4505 1878 4568 Domine,
1929 4499 2135 4555 sacrifi-

544 4619 687 4674 cium
737 4613 984 4670 lattant'es
1022 4609 1318 4673 offerimus,
1349 4617 1454 4675 quo
1503 4600 1643 4657 beati
1675 4598 1946 4655 Viucentii
1975 4596 2136 4650 coele-

544 4720 683 4768 stem
725 4706 1004 4762 victoriam
1048 4710 1415 4762 recensentes,
1447 4705 1501 4750 ct
1529 4704 1616 4750 tua
1642 4691 1906 4763 magnalia
1941 4688 2130 4757 prmdi-
2158 4695 2212 4766 υ

544 4819 750 4872 camus,
782 4809 838 4858 et
874 4809 972 4856 nos
1015 4796 1309 4867 acquisisse
1365 4790 1655 4864 gaudemus
1709 4783 1961 4854 suffragia
2021 4781 2132 4851 glo-

549 4898 714 4953 riosa.
740 4897 865 4951 Per.

622 4989 900 5058 Prwfatio.
921 5000 993 5028 -'-
1016 4983 1156 5040 Vere
1187 4979 1402 5049 dignum
1448 4982 1500 5029 et
1529 4973 1728 5041 justum
1766 4975 1875 5030 est,
1924 4975 2134 5032 a-quum

551 5091 606 5139 et
635 5083 890 5146 salutare,
921 5089 1021 5134 nos
1049 5075 1148 5131 tibi
1176 5085 1390 5140 semper
1413 5076 1473 5122 et
1497 5063 1694 5133 ubique
1723 5059 1922 5130 gratias
1951 5069 2130 5126 agere.

549 5177 776 5232 Domine
826 5181 1032 5235 sancte,
1085 5165 1245 5223 Pater
1294 5160 1664 5228 omnipotens,
1717 5163 1920 5208 aeterne
1972 5149 2132 5214 Deus,

549 5274 644 5342 per
665 5269 936 5325 Christum
973 5262 1256 5320 Dominum
1282 5263 1528 5312 nostrum
1557 5267 1570 5304 :
1605 5259 1701 5319 pro
1732 5245 1883 5316 cujus
1913 5243 2130 5300 nomine

623 5415 647 5441 α
681 5404 736 5455 lit
763 5399 896 5454 Cod.
945 5387 1079 5465 Reg.
1129 5394 1312 5459 Suec.,
1359 5385 1769 5465 δᾳησιωιΛειηω.
1817 5380 1874 5465 In
1905 5377 2130 5465 Kalend.

551 5447 736 5538 Rom:
756 5447 966 5525 avt-timid;
1175 5465 1237 5517 de
1264 5447 1521 5538 passione:
1549 5447 1954 5538 Legiturlelianr
1975 5447 2135 5529 Agaue

972 5522 1103 5593 Μξε.
1137 5522 1337 5613 _houiil.
1381 5535 1432 5584 in
1470 5531 1709 5613 ΔΕνιιιιιςη-
1731 5523 1821 5577 ubi
1853 5522 2130 5576 undecima

548 5608 648 5680 est"
663 5618 727 5678 de
761 5619 861 5667 hac
883 5621 1074 5680 ,saucta
1101 5608 1232 5674 virg.
1264 5613 1320 5680 _e_t
1348 5610 1503 5680 mari.

619 5661 646 5720 ί)
666 5661 860 5738 iiii}?
877 5661 1210 5735 licueth
1229 5676 1346 5728 alim
1391 5674 1511 5724 dum
1531 5674 1851 5735 sequuntur
1897 5663 1978 5738 ξηῂ
1995 5661 2131 5715 Cod.

552 5731 1151 5812 Patiieijv'f're's—absunt
1177 5757 1204 5800 a
1233 5745 1363 5801 Gud.
1398 5739 1529 5809 Reg.
1567 5731 1724 5812 Suec.
1760 5733 1909 5812 Apud
1944 5731 2135 5786 Parne-

550 5811 677 5885 lium
724 5824 930 5878 uncinis
961 5822 1300 5875 clauduntur.
1336 5815 1470 5868 Fere
1499 5811 1672 5885 omnia
1709 5822 1830 5885 qua;
1862 5811 2003 5885 intra
2037 5815 2136 5885 un-

1158 5905 1260 5944 t.ott
1306 5897 1514 5942 cistam
1547 5883 1596 5937 in
1623 5873 1760 5935 Cod.
1793 5873 1926 5947 Reg.
1971 5873 2131 5930 Suec.

2225 3272 2559 3330 credentium
2605 3274 2846 3340 gentium
2897 3267 3183 3324 multitudo
3235 3281 3360 3322 eum
3407 3280 3503 3332 pro
3551 3278 3609 3315 se
3664 3257 3804 3328 apud

2222 3376 2273 3423 te
2318 3368 2728 3420 intercessorem
2781 3376 2941 3431 quem
2982 3359 3180 3414 habere
3225 3353 3804 3427 cognovittiagistrum

2222 3469 2382 3526 atque
2410 3458 2704 3510 doctorem.
2731 3454 2834 3508 Per
2862 3452 3128 3507 Christum
3165 3450 3443 3503 Dominum
3473 3455 3733 3498 nostrum.

2293 3547 2606 3602 Benedictio.
2637 3547 2873 3600 —-Dcus
2924 3545 3012 3613 qui
3051 3543 3218 3611 gratia
3265 3555 3357 3594 sua
3416 3541 3625 3593 beatum
3672 3534 3809 3587 Pau-

2224 3633 2332 3698 lum
2364 3657 2431 3695 ex
2460 3649 2814 3710 persecutore
2845 3636 2966 3690 fecit
2990 3636 3313 3704 apostolum,
3345 3631 3458 3700 ipse
3484 3627 3633 3683 vobis
3662 3639 3809 3678 com-

2229 3738 2533 3809 punctionis
2584 3736 2795 3806 piaeque
2840 3731 3208 3788 conversionis
3267 3713 3510 3795 spiritum
3564 3723 3811 3790 dignetur

2229 3830 2530 3900 impertire.
2561 3830 2753 3881 Amen.
2786 3823 2992 3892 Quique
3038 3821 3087 3875 ei
3136 3827 3466 3873 secretorum
3512 3813 3813 3869 caelestium

2227 3920 2481 3992 myStetia
2524 3918 2768 3984 dignatus
2805 3922 2890 3968 est
2921 3911 3186 3976 revelare,
3235 3910 3350 3976 ipse
3387 3906 3542 3960 vobis
3572 3906 3813 3972 Scriptu-

2231 4026 2412 4066 rarum
2451 4023 2665 4062 suarum
2711 4004 2892 4060 abdita
2938 4003 3186 4072 dignetur
3231 4001 3458 4070 aperire.
3507 4001 3699 4053 Amen.
3752 3995 3815 4049 Et

2231 4102 2321 4171 qui
2369 4101 2416 4154 ei
2467 4097 2926 4168 perseverantiam
2975 4093 3136 4158 ﬁdei,
3189 4092 3294 4164 23
3352 4090 3816 4155 constantiamque

2234 4197 2284 4250 in
2339 4192 2809 4264 persecutionibus
2846 4187 3199 4242 inﬂexibilem
3245 4187 3374 4238 dare
3417 4183 3664 4250 dignatus
3711 4186 3816 4243 est,

2234 4289 2437 4345 eisdem
2483 4295 2719 4340 vestram
2763 4280 3128 4338 infirmitatem
3169 4279 3323 4332 donis
3367 4275 3623 4332 robor-are
3659 4281 3818 4339 atque

2236 4381 2445 4436 munire
2503 4377 2775 4448 dignetur.
2819 4376 3010 4430 Amen.
3059 4369 3213 4440 Quod
3259 4368 3375 4438 ipse
3425 4374 3676 4436 praestare
3723 4361 3810 4416 di-

2237 4484 2446 4546 giretur.

2309 4566 2389 4621 Ad
2412 4562 2806 4633 Complendum.
2839 4588 2909 4600 -
2935 4557 3220 4615 Sanctiﬁca
3253 4567 3370 4620 nos,
3404 4550 3647 4615 Domine,
3675 4561 3822 4617 qua:-

2242 4671 2448 4721 sumus,
2480 4653 2697 4708 salutari
2731 4650 3018 4722 mysterio;
3051 4658 3103 4702 et
3129 4661 3226 4716 pro
3258 4646 3409 4698 nobis
3439 4642 3554 4712 ejus
3588 4655 3694 4695 tton
3722 4637 3819 4695 de-

2241 4757 2310 4809 sit
2357 4752 2553 4821 oratio,
2593 4748 2747 4819 cujus
2785 4762 2884 4802 nos
2922 4743 3130 4801 donasti
3179 4740 3474 4812 patrocinio
3509 4733 3823 4809 gubernari.

2238 4847 2341 4903 Per
2373 4845 2680 4906 Dominum.

2343 4961 2494 5036 (159)
2526 4971 2705 5014 EODEI
2732 4970 2840 5013 nte.
2865 4982 2934 4994 -—
2952 4965 3172 5007 tri-ruas
3199 4949 3227 4987 ἀ
3257 4962 3438 5005 ελδεῖι
3467 4957 3716 5001 nomen

2886 5038 3165 5080 iiAltTYBlS.

2316 5142 2565 5212 Martyris
2593 5141 2668 5198 tui
2695 5138 2924 5209 Projeeti
2952 5152 3074 5201 nos,
3104 5149 3427 5204 quaesumus,
3465 5131 3711 5194 Domine,
3742 5128 3832 5184 iu-

2245 5237 2507 5296 terrentio
2553 5235 2787 5308 gloriosa
2817 5228 3180 5295 commendet,
3216 5237 3274 5282 ut
3301 5225 3441 5297 quod
3471 5223 3670 5280 nostris
3693 5222 3832 5276 acti-

2319 5387 2341 5415 ο
2369 5363 2599 5431 Kalend.
2653 5361 2809 5426 Rom.
2848 5377 2901 5422 et
2927 5367 3060 5422 Cod.
3093 5367 3224 5431 Reg.
3255 5368 3410 5421 Suec.
3443 5363 3638 5419 festum
3684 5361 3828 5417 istud

2241 5450 2510 5503 nesciunt.
2556 5446 2682 5513 Ejus
2719 5440 2968 5513 ‘meminit
3012 5439 3140 5494 Cod.
3165 5436 3418 5513 Taurei”
3468 5438 3559 5513 sed
3586 5436 3826 5488 adhibita

2245 5520 2559 5573 uncinorum
2594 5507 2738 5568 nota.
2786 5517 2922 5566 Ante
2956 5510 3128 5577 ipsum
3163 5511 3211 5562 in
3244 5509 3267 5562 l
3309 5509 3570 5562 'l‘heoder.
3607 5507 3822 5575 p0nitur

2242 5591 2436 5645 festum
2485 5596 2796 5640 Sanctorum
2843 5581 3232 5635 Eruci-entiaum
3270 5581 3324 5633 et
3369 5577 3581 5632 Macarii
3627 5585 3828 5643 marty-

2243 5659 2502 5786 ῑιιιιι..11ὶῑ
2539 5657 2748 5712 Gemet.
2800 5651 2960 5708 nulla:
3006 5652 3096 5707 hic
3141 5654 3477 5721 assignantur
3517 5654 3828 5705 sanctorum

2267 5743 2472 5786 esurita
2503 5743 2581 5784 es.
2729 5747 2737 5756 κ

2267 5739 2472 5788 'esmita
2482 5739 2581 5784 tes.
2729 5747 2737 5756 κ

2319 5801 2344 5837 ά
2403 5801 2495 5855 Vel
2552 5797 2795 5870 Prej-ecti,
2840 5807 2898 5853 ut
2930 5795 3200 5870 exhibent
3238 5793 3442 5870 'l‘hegd.
3485 5787 3832 5870 Mss._il_t_tjtts

2241 5875 2490 5938 martyris
2519 5857 2961 5929 non'memiuere
3005 5868 3289 5928 Kaiendar.
3345 5866 3498 5920 Rom.
3556 5867 3648 5918 aut
3693 5857 3829 5917 God.
