4064 6350
462 403 534 468 47
1633 402 1877 462 SANCTI
1915 399 2244 459 GREGORII
2282 400 2495 457 MAGNI
3648 402 3730 460 4s

454 526 691 584 concede
737 525 997 595 prOpilius
1044 532 1104 578 ut
1153 516 1303 593 cujus
1350 521 1588 576 natalitia
1640 522 1893 590 colimus,
1935 534 2031 589 per
2057 522 2113 581 Α
2208 517 2288 570 Ad
2329 513 2960 585 Complendum.-—Quos
3008 515 3189 583 tantis,
3234 515 3472 575 Domine.
3523 517 3730 589 largiris

448 619 565 689 ejus
594 619 661 671 ad
692 628 741 672 te
772 619 1008 684 exempla
1037 615 1360 684 gradiantur.
1394 614 1495 668 Per
1529 615 1831 669 Dominum.

518 710 689 777 Super
737 707 1290 775 oblata.——Suscipe,
1346 704 1597 769 Domine,
1642 719 1861 759 munera
1911 716 2029 771 qua)

446 804 497 857 in
529 802 697 857 beatas
733 800 955 871 Agatha:
1009 802 1256 869 martyris
1303 808 1404 853 tuae
1452 798 1792 853 solemnitate
1824 794 2025 849 deferi«

448 914 593 963 mus,
644 895 794 965 cujus
843 910 941 949 nos
986 889 1301 946 conﬁdimus
1329 889 1625 958 patrocinio
1657 886 1892 943 liberari.
1924 883 2034 940 Per

443 992 726 1046 Dominum
759 994 1022 1041 nostrum.

514 1081 788 1145 Praefatio.
815 1107 885 1117 —-
909 1076 1044 1130 Vere
1088 1074 1305 1143 dignum
1353 1080 1409 1127 et
1446 1078 1646 1141 Justum
1685 1079 1783 1134 est,
1818 1082 2030 1136 acquum

443 1186 497 1232 et
527 1178 780 1231 salutare.
814 1188 911 1228 nos
943 1172 1039 1225 tibi
1073 1184 1286 1236 semper
1317 1176 1370 1222 et
1397 1167 1588 1236 ubique
1618 1164 1816 1233 gratias
1848 1177 2028 1230 agere,

446 1268 671 1323 Domine
702 1276 907 1332 sancte,
935 1264 1093 1318 Pater
1123 1261 1484 1329 omnipotens,
1514 1269 1714 1311 mterne
1745 1256 1905 1319 Deus,
1938 1267 2033 1321 per

442 1359 711 1416 Christum
762 1358 1040 1413 Dominum
1090 1363 1329 1409 nostrum
1366 1373 1379 1408 :
1415 1366 1509 1417 pro
1582 1349 1737 1418 cujus
1816 1345 2035 1401 nomine

441 1454 585 1522 (167
614 1456 631 1522 )
662 1466 940 1522 pmnarum
986 1449 1280 1517 mortisque
1324 1452 1689 1511 contemptum
1722 1443 1773 1496 in
1805 1449 2031 1509 utroque

442 1559 579 1600 sexu
625 1543 863 1598 ﬁdelium
910 1540 1118 1595 cunctis
1164 1538 1408 1592 aetatibus
1458 1535 1760 1599 contulisti,
1795 1543 1852 1588 ut
1893 1534 2033 1585 inter

446 1633 681 1687 felicium
731 1640 1023 1701 martyrum
1076 1629 1276 1696 palmas
1306 1626 1449 1696 (168
1478 1627 1497 1693 )
1527 1624 1772 1695 Agathen
1815 1637 2025 1693 quoque

447 1725 812 1779 beatissimam
842 1723 1105 1788 virginem
1156 1717 1362 1773 victrici
1410 1717 1666 1785 patientia
1723 1728 2028 1769 coronares.

437 1819 564 1885 Quae
595 1834 694 1874 nec
732 1819 887 1871 minis
934 1824 1139 1878 territa,
1192 1828 1289 1868 nec
1338 1811 1615 1881 suppliciis
1656 1818 1930 1880 superata,
1963 1810 2031 1864 de

2146 611 2221 665 uti
2256 610 2545 679 mysteriis,
2579 624 2880 679 quaesumus
2908 618 2967 663 ut
2995 608 3273 666 effectibus
3299 626 3397 667 nos
3426 627 3609 669 eorum
3638 630 3731 672 ve-

2146 704 2340 757 raciter
2370 712 2552 771 aptare
2578 704 2831 773 digneris.
2864 704 2985 759 Per.

2213 795 2383 864 Super
2426 795 2989 866 populum—Adsit,
3074 797 3328 864 Domine,
3395 812 3731 867 quaesumus,

2138 889 2447 958 pr0pitiatio
2494 899 2582 944 tua
2618 891 2813 961 populo
2842 893 3185 963 supplicanti,
3216 904 3272 948 ut
3312 894 3454 964 quod
3483 903 3535 949 te
3564 894 3734 963 inspi-

2132 992 2287 1038 rante
2323 982 2548 1039 ﬁdeliter
2575 986 2805 1055 expetit,
2836 994 2924 1041 tua
2953 986 3116 1042 celeri
3163 987 3408 1058 largitate
3450 987 3729 1058 percipiat.

2139 1073 2244 1129 Per
2270 1075 2550 1130 Dominum
2577 1087 2840 1132 nostrum.

2474 1184 2728 1224 DOHINICA
2768 1185 2819 1225 ιν
2858 1186 2986 1226 POST
3009 1187 3407 1229 THEOPHANIAM.

2217 1256 2361 1311 Deus
2413 1257 2501 1327 qui
2532 1274 2629 1313 nos
2675 1260 2726 1313 in
2778 1263 2937 1315 tantis
2985 1263 3234 1331 periculis
3274 1264 3586 1320 constitutos
3628 1279 3730 1334 pro

2133 1348 2362 1435 humana
2388 1352 2491 1406 scis
2520 1351 2803 1422 fragilitate
2823 1371 2927 1409 non
2957 1370 3115 1425 posse
3143 1357 3453 1425 subsistere,
3482 1358 3551 1413 da
3573 1358 3729 1413 nobis

2133 1441 2355 1497 salutem
2408 1444 2599 1497 mentis
2622 1452 2678 1499 et
2703 1448 2972 1514 corporis,
3007 1456 3066 1502 ut
3095 1464 3155 1503 ea
3182 1464 3302 1518 quae
3347 1464 3444 1519 pro
3488 1449 3720 1520 peccatis

2132 1535 2332 1589 nostris
2362 1536 2611 1605 patimur,
2645 1547 2697 1591 te
2724 1538 3025 1606 adiuvante,
3054 1540 3344 1596 vincamus.
3379 1540 3501 1596 Per.

2205 1624 2371 1697 Super
2400 1627 2975 1695 oblata.-—Concede,
3009 1646 3336 1699 qumsumus,
3387 1632 3723 1700 omnipotens

2137 1717 2297 1783 Deus,
2331 1728 2387 1771 ut
2416 1718 2572 1784 hujus
2604 1721 2852 1775 sacriﬁcii
2894 1737 3086 1777 munus
3116 1725 3348 1778 oblatum
3386 1724 3723 1794 fragilitatem

2133 1816 2375 1862 nostram
2424 1809 2492 1864 ab
2532 1812 2677 1864 omni
2742 1812 2882 1865 malo
2926 1822 3113 1882 purget
3148 1829 3362 1884 semper
3398 1825 3454 1872 et
3496 1817 3720 1872 muniat.

445 1910 643 1965 diaboli
689 1910 892 1964 saevitia
945 1907 1321 1975 triumphavit,
1372 1905 1495 1975 quia
1548 1904 1606 1959 in
1652 1912 1757 1958 tuae
1804 1902 2026 1957 Deitatis
2057 1893 2104 1954 B
2131 1898 2253 1954 Per.

439 1999 777 2054 confessione
808 1997 1123 2067 permansit.
1159 1997 1224 2051 Et
1251 1997 1394 2051 ideo.

508 2092 588 2144 Ad
631 2086 1300 2160 Cartimanduae—Beata:
1331 2086 1553 2157 Agathze
1593 2086 1842 2156 martyris
1890 2093 2027 2154 tute,

438 2182 680 2248 Domine,
730 2182 981 2251 precibus
1027 2180 1378 2245 confidentes,
1430 2194 1736 2249 quaesumus
1782 2179 2029 2233 clemen-

434 2276 562 2328 tiam
596 2282 760 2337 tuam,
789 2280 846 2325 ut
872 2288 965 2340 per
995 2286 1057 2327 ea
1090 2287 1210 2342 qua:
1240 2271 1562 2340 sumpsimus
1605 2280 1804 2326 aeterna
1845 2283 2027 2324 reme-

433 2364 522 2418 dia
549 2364 839 2433 capiamus.
874 2363 996 2418 Per.

501 2456 1135 2526 A'lia.-—lndulgentiam
1186 2456 1361 2524 nobis,
1413 2455 1659 2518 Domine,
1696 2455 1852 2509 beata
1886 2454 2025 2521 Aga-

435 2549 527 2604 the
568 2558 768 2619 martyr
798 2549 1068 2618 imploret,
1114 2563 1233 2617 qure
1282 2548 1380 2602 tibi
1430 2545 2027 2616 grata(t69)semper

431 2641 635 2696 exstitit
666 2648 720 2697 et
744 2641 938 2695 merito
965 2641 1244 2719 castitatis,
1273 2648 1327 2695 et
1355 2646 1459 2694 tuae
1490 2638 1823 2708 professione
1851 2636 2021 2690 virtu-

432 2735 523 2791 tis.
553 2733 655 2789 Per
692 2734 974 2788 Dominum
1008 2742 1271 2787 nostrum.

728 2836 754 2863 α
796 2843 1049 2884 ιιοιιιιηιω
1080 2843 1137 2881 ιιι
1175 2841 1303 2881 ros'r
1344 2840 1740 2880 meorumnam.

500 2918 851 2990 Omnipotens
906 2920 1230 2989 sempiterne
1266 2917 1428 2985 Deus,
1471 2917 1838 2972 infirmitatem
1893 2927 2025 2968 nos-

436 3020 576 3068 tram
616 3013 725 3083 26
760 3011 1022 3082 propitius
1065 3012 1294 3079 restiioe,
1339 3018 1498 3079 atque
1539 3009 1606 3063 ad
1637 3007 2019 3078 protegendum

432 3120 528 3162 nos
556 3105 826 3160 dexteram
861 3116 967 3159 tuae
995 3103 1286 3172 Majestatis
1316 3102 1564 3158 extende.
1598 3101 1719 3156 Per.

504 3197 672 3270 Super
697 3198 889 3251 oblata.
912 3222 981 3237 —~
1014 3197 1161 3267 (170)
1190 3196 1325 3263 ςΙίὲῈΟ
1355 3195 1561 3262 Hostia,
1600 3195 1847 3262 Domine,
1872 3209 2018 3264 qua:-

2212 1989 2480 2061 Prwfatio.
2511 2019 2575 2036 ν-
2606 1993 2741 2047 Vere
2765 1993 2980 2062 dignum
3009 2004 3063 2049 et
3083 1994 3285 2064 justum
3306 2008 3406 2066 est,
3431 2012 3641 2068 aequum
3670 2006 3727 2055 et

2136 2085 2390 2151 salutare,
2408 2086 2509 2155 27
2529 2100 2626 2139 nos
2654 2085 2745 2139 tibi
2774 2100 2985 2155 semper
3012 2097 3066 2143 et
3093 2084 3289 2158 ubique
3314 2090 3513 2157 gratias
3539 2106 3723 2162 agere,

2135 2175 2362 2229 Domine
2414 2185 2620 2243 sancte,
2682 2176 2839 2230 Pater
2886 2180 3244 2248 omnipotens,
3301 2191 3504 2236 aeterne
3558 2181 3721 2249 Deus,

2133 2268 2219 2336 qui
2250 2282 2419 2336 genus
2450 2269 2735 2323 ltumanum
2769 2284 2863 2337 pro
2888 2270 3320 2336 praevaricatione
3348 2287 3443 2326 sua
3474 2272 3526 2327 in
3554 2272 3720 2343 ipsius

2128 2358 2353 2427 originis
2384 2360 2559 2413 radice
2584 2361 2891 2415 damnatum
2923 2360 3089 2432 (171)
3124 2377 3217 2430 per
3243 2363 3424 2418 ﬂorem
3448 2364 3723 2434 virginalis

2136 2450 2274 2503 uteri
2317 2450 2543 2506 reddere
2572 2451 2818 2520 dignatus
2848 2468 2906 2507 es
2938 2452 3271 2520 absolutum,
3318 2463 3374 2509 ut
3427 2455 3719 2524 hominem,

2128 2555 2286 2609 quem
2333 2556 2429 2610 per
2466 2541 2803 2611 Unigenitttm
2858 2558 3157 2609 creaveras,
3208 2560 3299 2614 per
3330 2545 3522 2601 Filium
3568 2556 3719 2603 tuum

2128 2635 2294 2691 Deum
2328 2646 2385 2691 et
2415 2637 2685 2693 hominem
2724 2652 3025 2704 recreares;
3058 2646 3112 2693 et
3149 2638 3408 2706 diabolus,
3440 2640 3529 2710 qui
3552 2640 3722 2698 Adam

2125 2729 2180 2784 in
2208 2730 2381 2800 fragili
2409 2747 2571 2788 carne
2598 2732 2884 2798 devicerat,
2922 2731 3112 2803 (172)
3154 2744 3469 2789 conservata
3491 2736 3718 2806 jttstitia,

2124 2837 2154 2874 a
2180 2823 2290 2877 Deo
2318 2838 2479 2879 carne
2500 2826 2801 2881 vinceretur
2823 2835 3113 2896 assumpta.
3144 2825 3247 2881 Per
3273 2842 3433 2896 quem
3460 2827 3717 2898 Majesta-

2125 2922 2230 2968 tem
2260 2924 2426 2972 tuam.

2196 3007 2982 3066 Benedictio.-—Tentationum
3029 3011 3267 3066 omnium
3297 3025 3329 3066 a
3356 3012 3507 3068 vobis
3539 3011 3722 3067 Domi-

2126 3113 2227 3152 nus
2254 3100 2483 3167 pericula
2518 3111 2809 3166 removeat,
2851 3111 2904 3157 et
2952 3101 3409 3171 perturbationum
3449 3102 3720 3171 procellas

2125 3193 2409 3246 miseratus
2444 3192 2716 3248 excludat.
2763 3194 2952 3249 Amen.
2990 3193 3289 3249 Tentatoris
3318 3193 3527 3250 fraudes
3564 3203 3724 3265 atque

433 3307 637 3360 sumus,
669 3291 922 3346 emundet
953 3298 1137 3346 nostra
1169 3290 1380 3358 delicta,
1430 3298 1483 3344 et
1510 3288 1826 3344 sacriﬁcium
1873 3287 2017 3342 cele-
2048 3281 2094 3343 ε
2125 3284 2402 3339 molimina
2453 3286 2741 3352 dissolvat,
2771 3296 2827 3342 et
2868 3302 2967 3342 vos
3006 3289 3259 3343 adversus
3287 3302 3407 3344 eum
3436 3299 3619 3344 cautos
3646 3296 3728 3342 at-

433 3382 694 3438 brandum
723 3381 1059 3438 subditorum
1092 3380 1186 3436 tibi
1216 3394 1441 3450 corpora
1472 3389 1787 3450 mentesque
1814 3379 2018 3436 sancti-

435 3473 579 3531 ﬁcet.
613 3474 715 3530 Per
744 3474 1027 3528 Dominum
1055 3482 1316 3528 nostrum.

505 3563 1001 3637 Prwfatio.—Vere
1022 3565 1241 3634 dignum
1280 3575 1335 3620 et
1357 3564 1560 3634 justum
1592 3556 1694 3632 est,
1723 3579 1936 3636 aequum
1966 3575 2021 3619 et

433 3657 688 3725 salutare,
736 3673 837 3714 nos
880 3657 973 3713 tibi
1018 3672 1232 3726 semper
1262 3666 1317 3713 et
1364 3658 1560 3728 ubique
1598 3662 1798 3727 gratias
1838 3674 2017 3729 agere,

432 3748 658 3807 Domine
687 3762 890 3819 sancte,
920 3751 1081 3807 Pater
1120 3752 1477 3821 omnipotens,
1513 3762 1715 3809 aeterne
1746 3754 1888 3809 Deus
1920 3770 1935 3810 :
1967 3763 2023 3810 et

434 3850 491 3897 te
518 3844 663 3898 omni
693 3853 936 3914 tempore
962 3844 1269 3900 collaudare
1289 3855 1343 3900 et
1374 3846 1710 3910 benedicere,
1735 3848 1858 3913 quia
1885 3849 1939 3901 in
1970 3857 2022 3903 te

435 3933 679 4002 vivimus,
716 3945 770 3991 et
826 3951 1124 4003 movemur,
1154 3947 1209 3991 et
1234 3951 1436 3991 sumus.
1475 3937 1540 3990 Et
1580 3939 1781 3997 nullum
1815 3948 2021 4005 tempus

434 4026 742 4097 nullumque
784 4038 1115 4082 momentum
1160 4036 1244 4081 est
1270 4027 1411 4095 quod
1441 4041 1471 4081 a
1503 4026 1775 4081 beneﬁciis
1807 4028 2019 4096 pictatis

434 4128 541 4174 tuae
580 4134 804 4174 vacuum
848 4122 1225 4191 transigamus.
1264 4120 1439 4176 Variis
1468 4121 1669 4176 etenim
1702 4122 2021 4176 solemnita-

436 4221 550 4266 tum
613 4213 808 4279 causis,
868 4213 1179 4267 salutarium
1228 4216 1382 4269 nobis
1434 4228 1658 4283 operum
1706 4223 1914 4271 tuorum
1967 4225 2021 4273 et

437 4320 720 4360 munerum
752 4306 1006 4359 memoria
1034 4306 1311 4374 praesentis
1340 4305 1465 4359 vitae
1497 4319 1735 4375 tempora
1766 4319 2014 4365 exornat.

438 4396 591 4452 Unde
619 4408 669 4452 et
716 4412 812 4451 nos
843 4398 934 4453 uel
968 4398 1255 4452 innovante
1296 4398 1483 4452 lmtitia
1536 4402 1787 4467 praeteriti
1820 4404 2018 4472 gaudii,

439 4490 526 4544 vel
556 4489 913 4558 permanentis
943 4489 1069 4544 boni
1093 4498 1300 4558 tempus
1326 4500 1696 4561 agnoscentes,
1728 4492 2019 4550 indefessas

440 4579 701 4648 Majcstati
746 4592 848 4635 tuae
879 4590 1058 4651 grates
1086 4583 1431 4639 exsolvimus.
1462 4586 1564 4642 Per
1590 4587 1859 4643 Christum
1910 4590 2014 4645 Do-

439 4674 641 4725 minum
671 4682 929 4728 nostrum.

514 4764 1288 4837 Benedictio.-—Omnipotcns
1345 4768 1485 4824 Deus
1539 4784 1633 4825 vos
1683 4771 1749 4826 ab
1790 4774 2027 4827 omnium

442 4867 781 4928 peccatorum
822 4860 1045 4915 maculis
1089 4863 1359 4928 emundet,
1406 4862 1495 4931 qui
1524 4862 1794 4930 leprosum
1828 4866 2030 4935 Suppli-

440 4967 557 5005 cem
624 4961 765 5006 tactu
811 4954 1028 5021 proprio
1055 4953 1313 5023 dignatus"
1343 4965 1425 5009 est
1472 4958 1777 5012 emundare.
1832 4961 2024 5017 Amen.

438 5044 644 5112 Quique
673 5044 999 5098 centurionis
1036 5059 1248 5099 servum
1291 5060 1397 5100 non
1443 5056 1753 5115 aspernatus
1790 5058 1873 5104 est
1902 5052 2027 5107 visi-

439 5146 572 5201 tare,
622 5137 737 5205 ipse
782 5136 1024 5190 cordium
1069 5143 1369 5191 vestrorum
1422 5138 1706 5205 hospitium
1782 5140 2026 5209 dignetur

442 5225 857 5282 misericorditer
899 5226 1143 5281 introire.
1176 5227 1368 5281 Amen.
1403 5228 1596 5295 Sicque
1622 5245 1717 5285 vos
1748 5231 1869 5287 ﬁdei
1915 5250 2028 5289 sua:

441 5316 773 5385 plenitudine
798 5315 1067 5380 informet,
1099 5324 1158 5370 ut
1186 5332 1307 5372 cum
1331 5318 1527 5374 sanctis
1557 5320 1667 5375 suis
1692 5323 1744 5375 in
1770 5323 2029 5381 caelorum

442 5424 627 5481 regno
652 5411 970 5469 accumbere
997 5411 1277 5467 concedat.
1325 5412 1519 5468 Amen.
1550 5414 1699 5480 Quod
1726 5416 1840 5487 ipse
1860 5433 2030 5488 praes-

443 5510 575 5562 tare.
1536 5534 1539 5535 '

514 5671 540 5698 ιι
570 5661 628 5716 In
658 5660 789 5718 Cod.
817 5662 951 5732 Reg.
983 5659 1146 5716 Suec.
1177 5672 1231 5715 et
1262 5663 1316 5715 in
1342 5662 1483 5717 Edit.
1516 5664 1720 5718 Pamel.
1752 5666 2023 5721 omittitur

387 5758 398 5766 -
442 5734 569 5805 haec
587 5734 741 5805 Dom.
774 5748 893 5786 cum
923 5734 1133 5788 caeteris
1164 5742 1282 5805 post
1310 5735 1659 5804 Epiphaniam
1688 5777 1702 5801 ,
1733 5737 1873 5805 quod
1903 5753 2022 5791 mu-

441 5803 697 5860 tilationis
760 5814 1129 5871 argumentum
1176 5803 1423 5859 videtur.
1453 5806 1507 5859 In
1552 5803 1774 5861 Kalend.
1834 5808 2018 5874 Rom.,

443 5878 586 5931 nulla
632 5874 1026 5930 Dominicarum
1051 5876 1187 5930 facta
1226 5878 1525 5946 mentione,
1554 5880 1891 5947 assignantur
1919 5880 2015 5937 de-

2124 3393 2226 3447 que
2266 3378 2603 3435 invincibiles
2630 3378 2808 3434 faciat.
2837 3378 3026 3435 Amen.
3075 3380 3353 3435 Continuus
3392 3394 3535 3449 pacis
3562 3381 3717 3435 vobis

2128 3485 2345 3528 munera
2402 3472 2630 3537 tribuat,
2682 3479 2738 3527 et
2782 3487 2877 3527 vos
2929 3473 2982 3527 in
3024 3484 3181 3541 portu
3238 3470 3629 3541 tranquillitatis
3657 3484 3722 3526 ac

2123 3562 2421 3619 securitatis
2473 3563 2789 3632 propitiatus
2834 3565 3141 3620 constituat.
3192 3566 3381 3620 Amen.
3414 3564 3567 3632 Quod
3596 3562 3714 3633 ipse

2126 3665 2381 3725 pmstare
2402 3655 2673 3724 dignetur.

2194 3749 2275 3802 Ad
2298 3746 2999 3819 Complendum.-—Munera
3029 3762 3113 3805 tua
3145 3766 3263 3817 nos,
3294 3751 3456 3817 Deus,
3481 3766 3511 3806 a
3540 3751 3719 3807 delec-

2125 3841 2416 3897 tationibus
2459 3843 2684 3897 terrenis
2728 3842 3033 3911 expediant,
3069 3852 3123 3898 ct
3155 3842 3465 3899 coelestibus
3502 3856 3717 3914 semper

2139 3930 2403 3986 instruant
2428 3932 2714 3986 alimentis.
2761 3931 2881 3987 Per.

2436 4059 2689 4099 DOHINICA
2728 4059 2758 4098 V
2808 4059 2934 4099 POST
2986 4060 3383 4101 TBEOPIIANIAM.

2198 4133 2473 4189 Familiam
2526 4146 2698 4202 tuam,
2757 4151 3096 4206 quaesumus,
3148 4138 3391 4203 Domine,
3454 4139 3715 4194 continua

2123 4238 2321 4295 pietate
2367 4227 2601 4293 custodi,
2636 4238 2691 4281 ut
2717 4242 2837 4297 quae
2874 4228 2927 4282 in
2955 4230 3065 4284 sola
3103 4244 3197 4298 spe
3239 4231 3425 4299 gratiae
3473 4230 3712 4286 caelestis

2124 4318 2388 4387 innititur,
2424 4328 2510 4374 tua
2536 4333 2747 4389 semper
2775 4322 3103 4390 protectione
3132 4322 3418 4376 muniatur.
3465 4321 3572 4376 Per
3600 4322 3716 4377 Do-

2124 4411 2346 4466 minum.

2194 4502 2366 4571 Super
2392 4505 2897 4561 oblata.--llostias
2934 4506 3061 4573 tibi,
3109 4505 3351 4571 Domine,
3395 4490 3713 4575 placationis

2125 4588 2426 4658 offerimus,
2463 4602 2518 4646 ut
2548 4604 2600 4647 ct
2642 4596 2832 4649 delicta
2885 4606 3065 4651 nostra
3113 4597 3393 4651 miseratus
3439 4595 3713 4662 absolvas,

2048 4664 2100 4724 Ῑ)
2126 4694 2181 4739 et
2211 4684 2451 4738 nutantia
2477 4686 2639 4739 corda
2672 4695 2725 4738 tu
2751 4686 2973 4755 dirigas.
3008 4687 3131 4739 Pcr.

2198 4774 2468 4842 Prazfatio.
2495 4803 2560 4816 —
2586 4775 2724 4830 Vere
2750 4775 2968 4845 dignum
2991 4786 3046 4831 et
3064 4776 3264 4845 justum
3292 4787 3394 4843 est,
3414 4793 3623 4848 aequum
3654 4785 3710 4834 et

2129 4871 2381 4931 salutare,
2430 4881 2527 4920 nos
2558 4867 2651 4921 tibi
2690 4883 2902 4936 semper
2948 4878 3003 4923 et
3047 4869 3243 4940 ubique
3287 4871 3485 4940 gratias
3532 4885 3717 4941 agere,

2126 4960 2349 5015 Domine
2376 4970 2579 5027 sancte,
2614 4962 2767 5015 Pater
2804 4962 3161 5031 omnipotens,
3206 4974 3408 5020 aeterne
3453 4966 3633 5018 Deus:
3663 4973 3719 5018 et

2126 5052 2222 5108 tibi
2248 5052 2395 5105 hanc
2440 5051 2819 5107 immolationis
2860 5054 3087 5108 hostiam
3133 5055 3344 5123 offerre,
3378 5055 3562 5125 (175)
3601 5069 3720 5123 qua:

2134 5150 2216 5196 est
2232 5140 2505 5196 salutifera
2524 5149 2578 5195 et
2600 5141 2861 5197 ineﬁ‘abile
2882 5143 3074 5198 divinae
3094 5145 3278 5213 gratiae
3298 5152 3720 5208 sacramentum,

2135 5252 2253 5307 qua:
2279 5234 2497 5290 offertur
2522 5250 2550 5289 a
2579 5234 2843 5303 plurimis,
2868 5235 2887 5305 (
2916 5234 3018 5290 174
3048 5236 3064 5304 )
3094 5245 3148 5291 et
3173 5252 3337 5291 unum
3368 5236 3567 5291 Christi
3597 5249 3720 5290 cor-

2137 5342 2239 5397 pus
2278 5327 2451 5381 sancti
2482 5326 2711 5395 Spiritus
2740 5326 3006 5381 infusione
3036 5327 3333 5395 perﬁcitur;
3365 5326 3556 5395 singuli
3583 5326 3717 5381 acci~

2137 5418 2292 5487 piunt
2320 5413 2589 5469 Christum
2624 5416 2927 5483 Dominum,
2972 5425 3027 5471 et
3052 5417 3219 5488 (175)
3249 5419 3300 5471 in
3330 5416 3549 5486 singulis
3598 5431 3715 5485 por-

2139 5508 2371 5564 tionibus
2400 5516 2542 5562 totus
2571 5518 2681 5575 est;
2716 5523 2816 5564 nec
2845 5508 3028 5581 (176)
3053 5523 3146 5579 per
3173 5508 3409 5580 singulos
3439 5509 3715 5571 minuitur.

2132 5681 2249 5721 cem
2310 5667 2668 5723 hebdomade:
2732 5676 2855 5738 post
2907 5666 3254 5733 TheOphania
3309 5684 3430 5724 cum
3496 5667 3713 5738 singulis

2128 5738 2475 5807 Evangeliis;
2512 5748 2566 5791 et
2603 5739 2735 5791 intra
2781 5740 2898 5793 illas
2936 5739 3297 5795 hebdomadas
3343 5741 3540 5810 multae
3576 5755 3711 5810 διευς

2126 5810 2274 5883 feria:
2319 5822 2563 5883 tanquam
2609 5812 2879 5883 solemnes
2918 5820 3196 5874 notantur,
3226 5812 3409 5883 utkfer.
3443 5811 3494 5873 ri,
3521 5809 3625 5868 fer.
3658 5809 3709 5883 Β,

2125 5878 2439 5947 Sabbatum,
2467 5879 2515 5933 in
2536 5882 2727 5950 quibus
2759 5885 2918 5936 etiam
2948 5883 3250 5935 indicuntur
3281 5881 3592 5951 Evangelia.
