4064 6350
315 392 373 455 ες
1482 392 1687 451 LIBER
1727 393 2369 459 SACRAMENTORUM.
3501 413 3573 472 50

314 517 395 574 sed
436 516 707 586 integrum
751 525 813 568 se
850 511 1055 583 praebet
1093 511 1148 566 in
1188 508 1434 581 singulis.
1466 510 1755 581 Propterea
1783 511 1884 582 ipsi
1910 520 1967 581 Α
1988 514 2515 587 Valentinimartyris
2536 519 2863 579 tuinatalitia
2888 524 3137 593 colimus,
3165 540 3194 581 a
3225 529 3431 587 cunctis
3460 547 3578 589 ma-

310 613 388 682 qui
428 610 694 665 sumimus
723 605 1154 661 communionem
1202 604 1361 671 hujus
1412 605 1585 659 sancti
1630 605 1780 672 panis
1834 611 1892 659 et

310 704 499 768 calicis,
514 699 851 774 (l77)junum
870 697 1069 753 Christi
1090 711 1282 767 corpus
1299 696 1580 752 efﬁcimur.
1605 697 1708 752 Per
1722 697 1891 767 ipsius

310 798 478 865 itaque
522 795 861 863 Maiestatem
892 799 945 845 te
984 792 1252 861 supplices
1281 804 1583 854 exoramus,
1613 788 1669 844 ut
1698 806 1796 845 nos
1824 790 1890 846 ab

308 888 548 943 omnibus
576 886 833 942 emundes
860 883 1121 953 contagiis
1149 882 1450 948 vetustatis,
1481 891 1536 937 et
1577 883 1630 938 in
1658 884 1892 940 novitate

309 983 421 1035 vita)
447 992 794 1050 perseverare
821 975 1106 1031 concedas.
1139 974 1251 1041 Per,
1268 973 1561 1028 Christum.

366 1073 683 1129 Benedictio.
705 1070 957 1135 —Deus,
1000 1067 1092 1136 qui
1137 1068 1335 1122 bonum
1364 1080 1550 1121 semen
1584 1066 1636 1120 in
1664 1080 1759 1121 sua
1790 1067 1890 1122 Ec-

305 1168 460 1224 clesia
502 1180 690 1221 serere
713 1158 1014 1225 consuevit,
1042 1158 1097 1212 in
1121 1157 1275 1212 vobis
1305 1157 1431 1211 illud
1462 1172 1781 1214 conservare
1811 1167 1892 1213 at-

304 1275 399 1332 que
426 1259 784 1328 multiplicare
812 1267 1082 1322 nunquam
1111 1252 1355 1306 desistat.
1394 1249 1591 1305 Amen.
1639 1249 1888 1304 Zizanio-

304 1368 414 1408 rum
442 1351 987 1429 superseminatorem
1009 1366 1041 1404 a
1062 1348 1219 1404 vobis
1249 1347 1434 1417 procul
1457 1346 1702 1416 repellat,
1729 1357 1783 1401 et
1809 1345 1894 1400 sui

304 1444 443 1498 verbi
496 1442 698 1512 pabulo
736 1456 832 1496 vos
880 1441 1249 1496 indesinenter
1276 1439 1500 1494 reﬁciat.
1531 1438 1726 1493 Amen.
1774 1437 1890 1504 Quo

303 1550 414 1591 cum
444 1534 563 1590 dies
605 1533 791 1603 judicii
834 1533 1133 1599 advenerit,
1163 1546 1192 1586 a
1220 1530 1465 1600 reprobis
1518 1530 1778 1599 separati,
1828 1529 1897 1583 ad

308 1627 581 1682 dexteram
629 1626 826 1693 judicis
866 1623 1149 1689 sistamini,
1193 1632 1248 1678 et
1274 1624 1325 1677 in
1375 1620 1685 1677 beatissimo
1729 1620 1897 1690 ipsius

306 1733 455 1789 regno
494 1717 862 1772 collocemini.
898 1719 1093 1770 Amen.
1138 1713 1290 1782 Quod
1319 1713 1431 1783 ipse
1464 1721 1737 1783 praestare.

358 1811 464 1880 28
509 1809 590 1861 Ad
649 1806 1501 1876 Complendum.-—Quaesumu5,
1552 1806 1888 1875 omnipotens

1996 610 2064 664 lis
2104 611 2507 668 imminentibus
2545 615 2662 685 ejus
2709 618 3106 691 intercessione
3134 620 3443 679 liberemur.
3477 627 3580 683 Per

1994 702 2278 759 Dominum
2311 716 2572 762 nostrum.

2066 793 2235 863 Super
2262 796 2449 850 oblata.
2473 828 2542 840 —-
2560 800 2785 867 Oblatis,
2830 802 3076 870 Domine,
3107 820 3430 876 quaesumus,
3468 809 3582 877 pla-

1994 901 2117 942 care
2146 890 2478 952 muneribus,
2522 894 2632 963 29
2660 893 3137 959 et,intercedente
3182 900 3339 955 beato
3384 901 3584 955 Valen-

1995 979 2107 1033 tino
2154 991 2388 1051 martyre
2410 990 2531 1049 tuo,
2580 1001 2609 1037 a
2656 988 2863 1042 cunctis
2907 1003 3008 1043 nos
3045 989 3273 1047 defende
3304 994 3581 1061 periculis.

1994 1073 2098 1131 Per
2129 1076 2407 1131 Dominum
2434 1088 2697 1134 nostrum.

2066 1167 2147 1220 Ad
2176 1168 2565 1239 Complendum.
2592 1204 2665 1214 —
2686 1173 2767 1228 Sit
2794 1176 2969 1243 nobis,
3009 1178 3257 1248 Domine,
3309 1182 3582 1249 reparatio

1996 1257 2190 1310 mentis
2217 1265 2271 1311 et
2298 1261 2536 1327 corporis
2566 1263 2784 1318 caeleste
2832 1269 3166 1335 mysterium,
3209 1276 3267 1322 ut
3293 1270 3445 1338 cujus
3489 1285 3585 1325 ex-

1998 1348 2272 1417 sequimur
2301 1352 2589 1419 actionem,
2620 1356 2910 1409 sentiamus
2936 1356 3205 1414 effectum.
3238 1360 3362 1415 Per.

2033 1454 2124 1493 xm
2152 1455 2273 1495 Iun.
2304 1457 2508 1496 MART".
2527 1444 2760 1513 -—-(l79)
2788 1445 2815 1482 δ
2841 1461 3120 1503 CATIIEDRA
3145 1463 3331 1504 sane“
3362 1464 3541 1506 runt.

2074 1533 2216 1589 Deus
2247 1536 2334 1605 qui
2378 1535 2538 1590 beato
2571 1539 2812 1606 apostolo
2840 1545 2932 1593 tuo
2963 1540 3142 1608 Petro,
3186 1542 3392 1599 collatis
3415 1544 3586 1599 clavi-

1996 1626 2095 1681 bus
2124 1630 2271 1699 regni
2338 1630 2595 1696 caelestis,
2642 1633 2846 1686 animas
2895 1633 3095 1703 ligandi
3133 1643 3293 1705 atque
3341 1638 3585 1694 solvendi

2002 1719 2151 1789 (180)
2176 1722 2501 1789 pontiﬁcium
2528 1724 2816 1804 tradidisti,
2843 1725 3079 1781 concede
3101 1735 3159 1781 ut
3184 1728 3583 1785 intercessionis

1998 1811 2115 1883 ejus
2144 1814 2341 1867 auxilio
2368 1828 2398 1868 a
2428 1824 2771 1882 peccatorum
2800 1826 3105 1872 nostrorum
3142 1817 3365 1873 nexibus
3390 1817 3586 1875 libere-

300 1899 455 1967 Deus,
486 1908 547 1954 ut
567 1900 715 1955 illius
734 1899 984 1955 salutaris
1009 1898 1280 1969 capiamus
1307 1897 1551 1953 eﬁectum
1570 1938 1585 1963 ,
1616 1896 1771 1966 cujus
1798 1910 1894 1966 per
1920 1913 1971 1974 Β
1999 1919 2139 1960 mur.
2163 1906 2263 1971 Qui
2293 1906 2424 1961 vivis
2452 1916 2507 1962 et
2535 1923 2745 1979 regnas.

298 1993 406 2048 hac
432 1996 691 2064 mysteria
719 1993 910 2064 pignus
938 1993 1265 2062 accepimus.
1290 1990 1394 2046 Per
1418 1990 1688 2046 eumdem.

364 2086 541 2154 Super
574 2087 843 2157 populum.
871 2114 939 2126 --
967 2085 1223 2140 Ecclesia:
1274 2092 1378 2138 tuae
1399 2124 1414 2149 ,
1444 2083 1688 2151 Domine,
1733 2096 1897 2138 voces

295 2178 535 2249 placatus
564 2179 803 2241 admitte,
834 2187 910 2243 ut,
936 2178 1221 2249 destructis
1241 2176 1657 2232 adversitatibus
1680 2176 1898 2232 univer-

300 2272 395 2338 sis,
430 2286 618 2326 secura
647 2271 740 2325 tibi
769 2272 969 2326 serviat
994 2271 1268 2326 libertate.
1301 2269 1422 2324 Per.

613 2378 862 2418 DOMINICA
913 2377 965 2415 Vl
1002 2377 1133 2417 POST
1173 2374 1576 2415 THEOPHANIAII.

360 2452 591 2520 Praesta,
637 2468 966 2523 quaesumus,
1000 2453 1337 2522 onmipotens
1363 2452 1527 2518 Deus,
1574 2459 1633 2505 ut
1679 2454 1895 2522 semper

291 2545 634 2601 rationabilia
696 2546 1043 2612 meditantes,
1091 2560 1210 2615 quae
1258 2545 1350 2599 tibi
1398 2553 1525 2599 sunt
1572 2545 1789 2616 placita,
1842 2554 1898 2599 et

291 2639 441 2696 dictis
468 2654 834 2710 exsequamur
862 2648 915 2695 et
946 2639 1115 2694 factis.
1147 2639 1271 2693 Per.
1572 2692 1577 2699 ς

358 2732 537 2801 Super
576 2732 768 2785 oblata.
792 2762 860 2772 —
883 2731 1008 2787 Hmc
1038 2746 1138 2785 nos
1165 2730 1386 2795 oblatio,
1429 2729 1590 2797 Deus,
1636 2731 1892 2800 mundet,

293 2838 626 2893 quaesumus,
659 2833 713 2879 et
740 2832 962 2880 renovet
1006 2832 1062 2878 et
1102 2822 1366 2890 gubernet
1396 2830 1450 2876 et
1482 2830 1743 2892 protegat.
1795 2822 1898 2878 Per

289 2904 608 2974 Dominum.

359 3010 645 3081 Praefatio.
665 3040 739 3053 -—
760 3010 902 3066 Vere
927 3010 1142 3080 dignum
1169 3018 1225 3065 et
1242 2994 1447 3079 justum
1475 3016 1580 3075 est,
1605 3023 1819 3079 aequum
1845 3015 1899 3063 et

290 3106 553 3168 salutare,
589 3118 688 3157 nos
718 3103 810 3157 tibi
858 3118 1072 3172 semper
1124 3113 1177 3156 et
1226 3102 1423 3171 ubique
1467 3103 1665 3170 gratias
1714 3116 1894 3170 agere,

294 3198 526 3253 Domine
568 3205 774 3262 sancte,
808 3196 965 3250 Pater
997 3196 1355 3264 omnipotens,
1388 3203 1587 3249 aeterne
1617 3195 1757 3249 Deus
1788 3210 1801 3249 :
1831 3195 1897 3248 ad

2075 1995 2243 2067 Super
2271 1998 2809 2055 oblata.—Ecclesiae
2829 2009 2955 2070 tuae,
2981 2016 3307 2071 quaesumus,
3336 2003 3585 2075 Domine,

2001 2101 2188 2157 preces
2236 2098 2290 2143 et
2338 2088 2539 2143 hostias
2581 2091 2725 2146 beati
2775 2093 2920 2148 Petri
2961 2096 3191 2166 apostoli
3246 2096 3588 2152 commendet

2000 2179 2195 2245 oratio,
2225 2187 2284 2233 ut
2315 2180 2454 2249 quod
2502 2195 2599 2248 pro
2642 2181 2785 2236 illius
2825 2184 2993 2253 gloria
3044 2185 3379 2240 celebramus
3433 2184 3588 2241 nobis

2000 2272 2169 2341 prosit
2196 2272 2263 2325 ad
2296 2273 2533 2327 veniam.
2567 2275 2670 2328 Per
2701 2274 3013 2331 Dominum.

2072 2365 2342 2437 Praefatio.
2365 2396 2436 2408 -—
2454 2368 2593 2423 Vere
2614 2368 2831 2437 dignum
2860 2378 2914 2424 et
2934 2370 3135 2439 justum
3158 2378 3267 2436 est,
3296 2385 3505 2441 aquum
3531 2353 3589 2427 et

1999 2458 2253 2524 salutare,
2277 2473 2376 2513 nos
2426 2459 2522 2514 tibi
2552 2475 2765 2528 semper
2816 2468 2871 2516 et
2919 2462 3114 2531 ubique
3161 2464 3358 2531 gratias
3404 2478 3585 2532 agere.

2001 2548 2226 2603 Domine
2256 2559 2465 2615 sancte,
2499 2550 2660 2606 Pater
2689 2553 3048 2621 omnipotens,
3094 2561 3295 2608 aeterne
3334 2554 3474 2608 Deus
3497 2571 3512 2619 ;
3534 2563 3592 2608 et

1999 2646 2054 2695 te
2080 2639 2301 2695 laudare
2326 2642 2623 2697 mirabilem
2658 2644 2824 2699 Deum
2856 2647 2909 2699 in
2939 2644 3139 2700 sanctis
3161 2646 3288 2715 tuis,
3320 2647 3371 2699 in
3398 2645 3589 2714 quibus

2004 2732 2332 2801 gloriﬁcatus
2362 2749 2421 2788 es
2459 2734 2824 2790 vehementer.
2870 2736 2972 2791 Per
2998 2752 3135 2807 quos
3188 2737 3456 2806 Unigeniti
3513 2739 3592 2791 tui

2004 2840 2214 2880 sacrum
2245 2841 2438 2896 corpus
2482 2842 2732 2897 exornas,
2765 2836 2817 2884 et
2863 2829 2917 2882 in
2968 2830 3159 2898 quibus
3205 2829 3456 2884 Ecclesiae
3488 2837 3596 2883 tua)

2003 2918 2349 2978 fundamenta
2396 2922 2713 2986 constituis,
2765 2936 2924 2989 quam
2977 2921 3129 2993 (181)
3173 2921 3226 2975 in
3278 2920 3595 2990 patriarcbis

2004 3011 2263 3075 fundasti,
2300 3013 2352 3065 in
2389 3012 2663 3081 prOphetis
2691 3012 3024 3081 praeparasti,
3057 3013 3108 3067 in
3131 3013 3385 3081 apostolis
3410 3012 3592 3067 condi-

2001 3101 2145 3155 disti.
2170 3100 2249 3154 Ex
2283 3102 2475 3170 quibus
2502 3102 2715 3155 beatum
2744 3102 2960 3156 Petrum
2988 3104 3348 3171 apostolorum
3388 3102 3591 3172 princi-

2002 3208 2151 3262 pem,
2199 3193 2269 3247 ob
2309 3193 2701 3247 confessionem
2756 3193 3024 3263 Unigeniti
3076 3194 3200 3248 Filii
3251 3193 3345 3259 tui,
3392 3209 3486 3263 per
3532 3207 3593 3247 os

291 3291 443 3359 cujus
467 3290 792 3345 immensam
820 3288 1313 3358 pertinetgloriam,
1349 3295 1404 3340 ut
1426 3300 1532 3339 non
1563 3287 1733 3340 solum
1757 3300 1901 3341 mor-
1927 3284 1976 3349 C
2005 3287 2245 3355 ejusdem
2274 3286 2431 3341 Verbi
2463 3287 2537 3341 tui
2567 3288 2963 3351 conﬁrmatum,
2994 3288 3050 3341 in
3092 3287 3442 3341 fundamento
3486 3286 3594 3340 do-

292 3384 490 3437 talibus
526 3392 619 3436 tua
672 3380 867 3449 pietate
910 3394 1275 3442 succurreres,
1328 3378 1421 3433 sed
1463 3378 1530 3432 dc
1574 3378 1687 3446 ipsa
1740 3378 1901 3433 etiam

298 3475 636 3529 mortalitate
693 3481 871 3527 nostra
924 3473 1078 3526 nobis
1128 3471 1426 3526 remedium
1478 3471 1807 3539 provideres,
1854 3481 1909 3526 et

293 3566 537 3636 perditos
564 3578 805 3634 quosque
836 3563 975 3617 unde
1005 3562 1306 3632 perierant,
1336 3562 1460 3617 inde
1488 3562 1747 3617 salvares.
1800 3562 1906 3617 Per

292 3656 570 3713 Christum
603 3657 891 3710 Dominum
916 3664 1179 3708 nostrum.

360 3749 691 3804 Benedictio.
716 3748 941 3802 —Deus
970 3746 1060 3815 qui
1081 3761 1229 3801 mare
1252 3760 1363 3799 SUlS
1389 3746 1613 3814 pedibus
1644 3745 1770 3800 fecit
1788 3759 1908 3801 esse

291 3838 586 3906 calcabile,’
609 3841 761 3896 vobis
790 3840 1041 3910 quidquid
1072 3847 1155 3894 est
1183 3840 1399 3894 noxium
1428 3839 1543 3908 ipse
1572 3839 1901 3895 substernat.

291 3937 491 3992 Amen.
550 3932 867 3988 Contrarios
923 3932 1320 3987 immundorum
1376 3932 1656 4001 spirituum
1727 3942 1905 3985 motus

290 4033 631 4095 compescat,
683 4032 738 4077 et
791 4038 887 4077 vos
930 4023 983 4077 in
1025 4039 1117 4078 sua
1162 4038 1288 4093 pace
1340 4024 1671 4095 conﬁrmet._
1708 4023 1900 4078 Amen.

290 4120 489 4176 Crucis
522 4134 638 4174 sua:
669 4117 791 4172 navi
821 4116 964 4172 inter
994 4117 1179 4171 mundi
1210 4118 1400 4171 fluctus
1428 4116 1709 4185 gubernet,
1752 4124 1808 4170 et
1847 4118 1900 4170 in

291 4213 444 4269 littus
482 4215 663 4268 beatae
695 4210 1050 4279 perennitatis
1075 4208 1358 4274 perducat.
1386 4210 1580 4265 Amen.
1602 4207 1757 4273 Quod
1790 4208 1906 4274 ipse

288 4316 563 4375 praestare
605 4303 876 4372 dignetur.

361 4401 448 4453 Ad
483 4394 881 4463 Complendum.
904 4381 1336 4458 —l-C<elestibus,
1371 4389 1627 4454 Domine,
1661 4391 1796 4460 pasti
1819 4391 1913 4446 de-

290 4491 460 4558 liciis,
493 4502 807 4560 quaesumus
836 4494 892 4539 ut
918 4500 1131 4554 semper
1160 4483 1348 4539 eadem
1381 4497 1476 4553 per
1505 4499 1621 4553 quae
1650 4482 1914 4538 veraciter

291 4587 540 4640 vivimus
572 4589 908 4651 appetamus.
940 4580 1063 4634 Per.

362 4680 553 4748 Super
584 4677 939 4746 populum.—
960 4674 1227 4729 Conserva
1252 4672 1507 4744 populum
1541 4680 1711 4737 tuum,
1749 4671 1907 4737 Deus,
1936 4660 1993 4721 Ῐ)

288 4781 346 4829 et
368 4781 471 4827 tuo
501 4769 713 4825 nomini
740 4768 822 4821 fac
843 4766 1111 4828 devotum,
1147 4772 1224 4831 ut,
1268 4762 1461 4817 divinis
1488 4760 1760 4830 subjectus
1787 4761 1906 4814 om-

291 4865 422 4930 ciis,
460 4871 521 4919 et
548 4859 863 4932 temporalia
896 4858 1117 4912 viriliter
1142 4865 1197 4912 et
1236 4864 1438 4911 aeterna
1458 4854 1598 4908 dona
1624 4854 1901 4923 percipiat.

279 4957 403 5015 Per
426 4956 723 5013 Dominum
748 4962 1010 5008 nostrum.

289 5063 389 5107 In
428 5066 565 5105 run.
605 5061 812 5103 nuru.
833 5075 905 5086 —
934 5046 953 5114 (
988 5042 1121 5113 178)
1150 5055 1374 5096 nanus
1400 5054 1586 5097 SANCTI
1621 5053 1909 5093 vanssrm

939 5124 964 5151 ³
1005 5127 1287 5169 ὶΙΑΚἸῪῐὶιΒ.

372 5212 615 5277 Praesta,
638 5222 965 5279 quaesumus,
989 5205 1327 5273 omnipotens
1357 5201 1534 5269 Deus,
1565 5209 1621 5255 ut
1649 5200 1737 5270 qui
1768 5200 1912 5255 beati

369 5360 400 5387 ι
429 5348 611 5405 Abest
635 5346 879 5417 martyris
903 5361 933 5400 a
957 5345 1091 5402 Cod.
1124 5344 1271 5417 Reg.
1304 5339 1463 5395 Suec.
1494 5339 1549 5391 in
1576 5336 1905 5417 [Μερόβη

295 5433 434 5477 ante
470 5419 708 5472 natalem
734 5408 900 5471 sancti
930 5416 1190 5470 Valentini
1222 5408 1455 5466 “notatur
1476 5425 1549 5462 vn
1581 5409 1702 5462 ldus
1748 5408 1907 5461 Febr.

292 5490 615 5548 Translatio
632 5498 825 5542 sancite
844 5487 1050 5540 Helemr
1072 5487 1258 5558 regina:
1277 5500 1295 5547 ;
1319 5493 1371 5558 et
1392 5496 1443 5535 1v
1466 5481 1585 5533 ldus
1610 5480 1768 5558 Febr,
1780 5496 1790 5529 :
1808 5478 1913 5558 βά-

295 5566 402 5617 tat.
429 5570 629 5615 sancta
652 5558 983 5612 Srholasticaz
1008 5548 1289 5625 iiirngost
1315 5553 1507 5605 festum
1539 5548 1914 5625 sancti__Vale_n-

295 5633 403 5687 tini
434 5630 640 5686 ibidem
664 5628 878 5682 additur
902 5647 913 5681 :
944 5617 1138 5682 Eodei'n
1154 5628 1234 5679 die
1258 5634 1366 5677 nat.
1390 5630 1681 5674 sanctorum
1704 5617 1911 5683 Vitatis,

297 5702 582 5760 Felicufa:
608 5711 654 5753 et
684 5699 928 5754 Zenonis.

376 5773 409 5810 ι)
478 5772 540 5825 In
573 5771 669 5824 Ed.
690 5770 860 5823 Vatic.
890 5779 943 5823 et
971 5764 1269 5823 Gussanvil.
1295 5764 1549 5821 Cathedra
1572 5760 1733 5815 sancti
1766 5758 1909 5812 Petri

302 5847 365 5901 in
404 5845 604 5906 Roma,
635 5841 776 5911 quod
807 5842 1025 5897 minime
1050 5840 1272 5911 habent
1299 5831 1790 5911 alii_Codices_editi
1822 5842 1913 5883 aut

306 5932 459 5973 Inss.
500 5902 765 5969 Recenter
793 5913 972 5981 itaque
998 5910 1231 5966 additum
1260 5906 1614 5976 suspicamur,
1637 5904 1690 5958 in
1720 5902 1911 5967 Roma,

2010 3398 2129 3437 mus
2181 3390 2309 3446 tuae,
2354 3389 2559 3435 mutato
2603 3381 2843 3446 nomine,
2893 3380 3193 3436 caelestium
3240 3380 3597 3435 claustrorum

2010 3475 2295 3543 praesulem
2334 3474 2716 3542 custodemque
2757 3474 2949 3539 fecisti,
2981 3473 3162 3527 divino
3207 3472 3257 3526 ei
3299 3472 3421 3540 jure
3469 3486 3597 3524 con-

2011 3584 2188 3630 cesso,
2226 3580 2281 3622 ut
2312 3566 2462 3639 (182)
2494 3582 2611 3636 quae
2639 3567 2917 3620 statuisset
2946 3565 2997 3620 in
3032 3564 3213 3630 terris,
3251 3570 3597 3619 servarentur

2010 3662 2064 3715 in
2097 3661 2269 3714 cmlis.
2299 3660 2356 3713 ln
2384 3660 2533 3729 cujus
2561 3657 2909 3712 veneratione
2938 3656 3195 3711 hodierna
3223 3655 3312 3710 die
3336 3651 3597 3723 Majestati

2014 3760 2116 3804 tuae
2148 3750 2262 3803 hzcc
2291 3749 2423 3803 fc5ta
2465 3749 2843 3817 persolvimus,
2880 3756 2934 3802 et
2977 3748 3268 3817 gratiarum
3320 3758 3382 3798 ac
3422 3741 3593 3796 laudis

2013 3840 2250 3894 Hostiam
2276 3838 2636 3891 immolanius.
2679 3837 2781 3890 Per
2825 3852 2981 3904 quem
3013 3836 3364 3903 Majestatem.

2082 3934 2161 3987 Ad
2191 3931 2581 4001 Complendum.
2604 3958 2674 3971 --
2694 3927 2953 3983 Laetiﬁcct
2979 3941 3095 3989 nos,
3125 3926 3371 3990 Domine,
3400 3939 3596 3979 munus

2013 4027 2276 4089 oblatum,
2303 4033 2362 4078 ut
2386 4024 2526 4077 sicut
2556 4023 2607 4075 in
2639 4020 2881 4089 apostolo
2911 4027 2999 4073 tuo
3030 4019 3189 4073 Petro
3220 4026 3269 4070 te
3299 4016 3596 4070 mirabilem

2012 4120 2382 4190 praedicamus,
2418 4117 2495 4170 sic
2527 4130 2619 4185 per
2643 4115 2787 4168 illum
2818 4121 2921 4167 tua:
2951 4123 3223 4167 sumamus
3255 4108 3599 4178 indulgentia:

2016 4211 2341 4279 largitatem.
2372 4208 2495 4262 Per.
3518 4214 3522 4221 ‘

2088 4302 2262 4369 Super
2292 4295 2929 4369 papulmn.--Benedic,
2972 4306 3296 4362 quaesumus.
3348 4289 3591 4357 Domine,

2016 4397 2225 4467 plebem
2264 4403 2440 4459 tuam;
2491 4403 2545 4447 et
2596 4391 2737 4446 beati
2786 4389 2932 4445 Petri
2982 4386 3207 4456 apostoli
3242 4385 3313 4438 tui
3349 4382 3595 4452 precibus

2016 4490 2195 4543 tribue
2224 4486 2479 4554 consequi
2504 4492 2608 4537 tum
2632 4481 2956 4536 defensionis
2987 4478 3260 4532 auxilium.
3287 4475 3411 4529 Per.

2018 4595 2071 4633 vr
2109 4595 2233 4634 xu.
2278 4591 2484 4632 suam.
2510 4604 2581 4615 -—
2608 4586 2632 4612 ο
2662 4569 3078 4654 ΝΑτΑιιεςο(18ἷ›)
3119 4581 3307 4622 ελκοτι
3348 4579 3599 4621 narrum

2676 4657 2947 4698 APOSTOLI.

2093 4742 2255 4805 Deus,
2302 4753 2391 4809 qut
2422 4738 2633 4792 beatum
2687 4734 2960 4788 Matthiam
2990 4733 3354 4801 apostolorum
3385 4735 3596 4783 tuorum

2018 4831 2247 4900 collegio
2294 4826 2534 4889 sociasti,
2566 4826 2758 4888 tribue,
2808 4836 3134 4892 quaesumus,
3167 4828 3225 4873 ut
3270 4820 3384 4887 ejus
3436 4820 3601 4872 inter-

2019 4924 2291 4984 ventione,
2326 4921 2433 4990 3o
2464 4928 2565 4972 tua:
2594 4918 2734 4970 circa
2774 4930 2871 4970 nos
2904 4914 3113 4981 pietatis
3141 4927 3355 4980 semper
3383 4912 3595 4965 viscera

2017 5015 2331 5071 sentiamus.
2374 5012 2475 5066 Per
2514 5008 2816 5063 Dominum.

2092 5107 2259 5174 Super
2280 5102 2469 5155 oblata.
2501 5127 2567 5138 ——
2597 5097 2739 5151 Deus
2755 5139 2770 5164 ,
2795 5094 2880 5164 qui
2906 5092 3191 5163 proditoris
3210 5098 3465 5160 apostatae
3484 5089 3601 5143 rui-

2016 5210 2163 5261 nam,
2190 5210 2257 5248 ne
2287 5190 2652 5262 apostolorum
2669 5198 2879 5243 tuorum
2901 5185 3053 5256 (184)
3081 5199 3332 5238 numerus
3360 5190 3602 5237 sacratus

2015 5334 2079 5387 ad
2111 5332 2504 5386 distinctionem
2531 5327 2751 5382 alterius
2785 5326 2901 5382 festi
2938 5325 3219 5381 Cathedrze
3251 5325 3416 5377 sancti
3452 5322 3598 5375 Petri

2015 5403 2316 5463 Antiochiae,
2346 5402 2430 5454 die
2477 5398 2543 5453 18
2573 5400 2814 5459 Januar.,
2864 5398 3003 5463 quod
3038 5408 3210 5450 utrum
3245 5394 3474 5461 antiquis
3503 5408 3599 5445 co-

2016 5476 2241 5541 gnitum.
2295 5472 2527 5526 Consule
2592 5468 3043 5541 observationem
3087 5477 3318 5541 nostram
3377 5465 3441 5515 ad
3505 5480 3602 5515 no-

2017 5536 2123 5598 tam
2182 5545 2302 5599 179.
2340 5542 2565 5595 Kalend.
2611 5541 2766 5593 Rom.
2806 5540 2961 5593 Joan.
3007 5536 3287 5591 Frontonis
3318 5543 3605 5599 utrumque

2022 5618 2217 5670 festum
2246 5617 2439 5677 nescit,
2475 5625 2530 5665 ut
2554 5620 2605 5665 et
2630 5609 2809 5664 Codex
2847 5612 2976 5676 Ileg.
3011 5610 3168 5662 Suec.

2095 5702 2113 5723 ε
2157 5675 2433 5739 Οιιιὶιιίιιιιέ
2480 5683 2581 5735 hoc
2639 5682 2827 5735 festum
2882 5682 2931 5732 in
2988 5677 3213 5731 Kalend.
3270 5675 3425 5729 Rom.
3467 5684 3521 5729 ct
3549 5675 3599 5727 in

2020 5757 2151 5811 Cod.
2181 5758 2309 5822 Reg.
2336 5756 2494 5809 Suec.
2520 5753 2577 5805 ln
2607 5753 2634 5805 1
2668 5750 2958 5813 Theoder.,
2994 5747 3295 5800 immediate
3325 5756 3457 5822 post
3487 5755 3597 5801 nat.

2018 5828 2186 5883 sancti
2218 5817 2425 5889 Matth.,
2468 5823 2707 5892 sequitur
2752 5822 2942 5875 festum
2993 5827 3293 5874 sanctarum
3325 5817 3603 5886 Perpetuus

2020 5910 2075 5955 ct
2101 5897 2411 5953 Felicitatis.
