4064 6350
418 495 483 552 5‘
1589 471 1829 536 SANCTI
1868 467 2193 528 esseom:
2233 467 2447 524 MAGNI
3033 465 3042 482 ι
3613 459 3684 517 δε

421 588 753 659 perfectione
769 587 1000 647 careret,
1021 576 1162 634 beati
1180 573 1414 633 Matthiae
1434 573 1696 631 electione
1717 569 1996 641 supplesti,
2027 562 2371 628 Anientibus
2431 560 2570 616 beati
2619 557 2861 629 Gregorii
2914 556 3144 625 meritis,
3188 552 3258 610 ab
3295 553 3541 610 omnibus
3587 571 3688 613 nos

421 680 709 752 praesentia
755 691 977 733 munera
1023 672 1317 739 sanetiiica,
1349 678 1403 726 et
1450 685 1544 742 per
1587 683 1648 724 ea
1692 681 1788 721 nos
1819 665 2000 736 gratiae

420 784 527 832 tua:
550 775 747 829 virtute
775 771 1054 827 confirma.
1095 767 1215 822 Per.

495 867 770 939 Praefatio.
794 864 1007 918 -—Vere
1030 862 1245 930 dignum
1275 866 1328 913 et
1353 858 1553 926 justum
1585 864 1686 916 est,
1709 866 1915 923 mqttttm
1947 857 2003 905 et

421 961 676 1024 salutare,
713 973 812 1012 nos
858 955 953 1009 tibi
1003 968 1216 1021 semper
1239 961 1292 1004 et
1337 949 1530 1016 ubique
1577 947 1771 1014 gratias
1818 957 1995 1012 agere,

425 1049 652 1104 Domine
674 1055 882 1110 sancte,
916 1045 1075 1099 Pater
1095 1042 1433 1108 omnipotens
1454 1079 1469 1102 ,
1505 1048 1703 1091 aeterne
1730 1036 1868 1090 Deus
1903 1052 1915 1086 :
1947 1039 2002 1087 et

421 1151 475 1198 te
501 1141 720 1195 laudare
751 1137 1048 1192 mirabilem
1079 1135 1239 1188 Deum
1284 1132 1336 1184 in
1376 1130 1544 1184 beatis
1574 1126 1826 1195 apostolis
1869 1127 1997 1189 tuis,

421 1233 478 1289 in
507 1232 700 1302 quibus
726 1229 1056 1299 gloriiicatus
1079 1241 1139 1280 es
1164 1226 1526 1278 vehementer.
1570 1219 1672 1274 Per
1700 1235 1832 1288 quos
1872 1217 2000 1274 Uni-

422 1326 590 1398 geniti
617 1326 690 1381 tui
722 1339 932 1378 sacrum
965 1335 1158 1389 corpus
1182 1318 1408 1387 colligis,
1434 1315 1562 1369 etin
1599 1314 1789 1381 quibus
1821 1312 2002 1367 [Scele-

419 1419 520 1474 siar
551 1428 652 1473 tua:
685 1417 1025 1470 fundamenta
1053 1410 1354 1466 constituis.
1403 1407 1552 1463 Unde
1592 1406 1861 1476 poscimus
1891 1406 2000 1458 cle-.

426 1515 680 1570 mentium
721 1521 885 1578 tuam,
917 1509 1152 1578 piissime
1199 1506 1538 1572 onmipotens
1563 1504 1724 1568 Deus,
1758 1513 1811 1553 ut
1843 1503 2001 1554 inter-

421 1607 665 1662 cessione
706 1605 849 1659 beati
888 1601 1111 1674 apostoli
1147 1600 1220 1654 tui
1267 1597 1521 1661 Matthiae,
1557 1597 1708 1662 cujus
1738 1593 2002 1664 passionis

419 1697 744 1768 triumphum
777 1697 1093 1751 soli-miniter
1116 1692 1472 1756 celebramus,
1500 1705 1801 1744 mereamur
1824 1704 1851 1740 a
1879 1703 2003 1756 pec-

418 1799 658 1845 catorum
704 1798 1008 1843 nostrorum
1048 1786 1281 1840 nexibus
1324 1782 1478 1848 solvi,
1527 1790 1577 1835 et
1619 1791 1838 1834 arternae
1880 1778 2003 1839 vita:

418 1876 665 1933 felicitati
713 1877 884 1942 reddi,
935 1883 1094 1943 atque
1142 1882 1449 1928 sanctorum
1507 1879 1719 1926 tuorum
1774 1869 2003 1925 coatibus

417 1970 814 2027 conuumerari.
845 1970 948 2022 Per
977 1983 1155 2037 quem.

487 2062 804 2117 Benedictio.
833 2091 901 2102 —-
929 2060 1089 2123 Deus,
1135 2055 1225 2129 qui
1265 2069 1362 2112 vos
1383 2056 1434 2110 in
1483 2052 1790 2124 apostolicis
1821 2052 2006 2106 tribuit

419 2155 718 2211 consistere
753 2153 1132 2216 fundamentis,
1177 2150 1494 2206 benedicere
1538 2149 1688 2202 vobis
1733 2148 2004 2218 dignetur,

418 2245 559 2304 beati
588 2246 814 2316 apostoli
863 2246 944 2300 sui
989 2244 1219 2298 Matthic
1269 2240 1728 2297 intercedentibus
1773 2240 2002 2294 meritis.

419 2339 616 2395 Amen.
645 2335 1012 2404 Defendatque
1038 2350 1131 2388 vos
1159 2349 1189 2388 a
1218 2333 1425 2388 cunctis
1455 2331 1715 2392 adversis,
1747 2329 2006 2397 apostoli-

419 2428 500 2487 cis
525 2428 820 2498 prasidiis,
852 2429 940 2498 qui
972 2440 1065 2480 vos
1094 2441 1276 2481 eorum
1326 2423 1491 2478 voluit
1519 2424 1694 2476 ornari
1725 2431 1778 2476 et
1810 2435 2007 2475 mune-

420 2521 531 2579 rari
558 2519 818 2590 exemplis
838 2528 892 2573 et
920 2520 1276 2574 documentis.
1310 2518 1504 2571 Amen.
1537 2515 1652 2582 Quo
1689 2530 1780 2581 per
1821 2527 2004 2567 eorum

420 2612 863 2670 intercessionem
896 2611 1217 2680 perveniatis
1259 2609 1325 2662 ad
1372 2615 1588 2662 aeterna:
1617 2608 1802 2674 patria:
1834 2603 2008 2655 luere-

422 2705 671 2771 ditatem,
705 2719 801 2774 per
830 2718 1055 2774 quorum
1086 2702 1382 2756 doctrinam
1415 2699 1608 2754 tenetis
1637 2697 1759 2751 iidet
1789 2694 2010 2764 integri-

421 2805 607 2853 tatem.
639 2795 791 2863 Quod
822 2797 936 2865 ipse
967 2804 1221 2863 prmstare
1251 2793 1281 2846 d
1309 2801 1522 2862 gnetur.

491 2893 572 2947 Ad
601 2890 997 2960 Compiendum.
1020 2921 1092 2934 -ο
1113 2890 1335 2956 Praesta,
1387 2901 1714 2958 quaesumus,
1766 2884 2012 2952 omnipo-

422 2995 540 3042 tens
584 2994 640 3042 et
670 2985 974 3040 misericors
1012 2984 1194 3048 Deus,
1225 2991 1283 3037 ut
1332 2997 1426 3052 per
1478 2980 1593 3034 haec
1640 2985 1843 3039 sancta,
1896 2991 2012 3047 qum

422 3082 767 3151 sumpsimus,
791 3080 1189 3136 interveniente
1211 3077 1369 3132 beato
1392 3075 1605 3130 Matthia
1631 3073 1873 3141 apostolo
1896 3082 2009 3139 tuo,

425 3175 630 3230 veniam
658 3186 1051 3242 consequamur
1080 3179 1132 3223 et
1164 3183 1368 3238 pacem.
1401 3168 1500 3221 Per
1535 3166 1837 3220 Domintmt.

499 3268 669 3336 Super
698 3267 963 3336 populum.
990 3295 1060 3304 —
1085 3253 1386 3329 Percipiat;
1408 3261 1652 3324 Domine,
1685 3271 2012 3328 quassamus,

428 3361 653 3432 populus
696 3319 837 3425 tuus,
891 3355 1261 3412 intercedente
1307 3355 1465 3409 beato
1506 3352 1724 3407 lilatthia
1769 3349 2014 3419 apostolo
2045 3339 2092 3403 C
2126 3319 2196 3432 (ἐξ

427 3461 542 3518 tuo,
572 3449 1014 3511 misericordiam,
1054 3461 1212 3517 quam
1245 3444 1509 3513 deposcit,
1545 3452 1598 3497 et
1629 3454 1786 3511 quam
1831 3455 2018 3508 preca-

429 3553 516 3600 tur
543 3541 839 3608 humiliter,
887 3537 1276 3609 indulgentiam
1325 3546 1683 3605 consequatur
1714 3542 1769 3588 et
1809 3547 2018 3603 pacem.

431 3636 532 3693 Per
563 3633 869 3689 Dominum.

465 3765 517 3816 Π
555 3761 672 3804 IDUS
709 3761 1012 3802 ΙΙΔῐΠΊι.-
1036 3757 1262 3800 NATALIS
1301 3756 1487 3797 SANCTI
1525 3754 1772 3798 GREGORII
1811 3755 1983 3796 ΡΔΡΒ.

505 3867 774 3933 Concede,
804 3879 1132 3936 quaesumus.
1166 3863 1412 3929 Domine,
1451 3859 1694 3919 ﬁdelibus
1728 3859 1837 3925 tuis
1865 3859 2025 3927 digne

433 3961 605 4022 sancti
635 3959 877 4032 Gregorii
907 3958 1175 4029 pontiﬁcis
1215 3959 1285 4016 tui
1313 3956 1589 4016 celebrare
1630 3954 1916 4020 solemnia,
1943 3961 2026 4007 .ut

434 4056 552 4126 ejus
603 4064 656 4112 et
702 4055 790 4108 hic
818 4054 1162 4122 experiantur
1204 4051 1422 4117 auxilia,
1473 4059 1530 4104 et
1567 4048 1781 4103 aeternis
1823 4045 2028 4101 effecti-

436 4144 538 4206 bus
565 4143 985 4214 approbantium.
1009 4142 1134 4199 Per.
1575 4171 1578 4175 -
1610 4189 1612 4193 .

512 4249 538 4276 λ
581 4241 748 4311 Super
782 4237 970 4293 oblata.
995 4265 1064 4278 —
1090 4235 1321 4300 Hostias,
1369 4234 1618 4299 Domine,
1647 4247 1781 4302 quas
1825 4232 2028 4287 nomini

441 4343 536 4389 tuo
561 4330 849 4387 sacrandas
894 4329 1190 4396 offerimus,
1233 4328 1401 4380 sancti
1431 4324 1686 4396 [Gregorii
1734 4337 2027 4394 prosequa-

441 4435 532 4481 tur
551 4426 744 4492 oratio,
769 4438 862 4492 per
885 4437 1042 4492 quam
1068 4435 1167 4476 nos
1189 4427 1246 4475 et
1264 4418 1471 4487 expiari
1502 4420 1688 4483 facias,
1715 4428 1770 4472 et
1789 4415 2026 4473 defendi.

441 4517 564 4573 Per.

514 4611 621 4682 ει
650 4607 1140 4679 Frentinum—Vere
1170 4607 1387 4676 dignum
1411 4613 1466 4660 et
1474 4605 1676 4676 justum
1695 4614 1798 4673 est,
1819 4621 2028 4677 atquum

2103 654 2346 710 absolvat
2373 655 2625 722 peccatis.
2656 653 2777 708 Per.

2101 764 2192 805 vni
2231 764 2365 816 mu...
2396 762 2700 802 APnlLIS.—
2724 744 2873 816 (l86)
2913 742 2943 783 ιι
2987 757 3348 800 Ακκυκτιλτιο
3387 758 3581 802 Ακοειῐ
3621 761 3688 800 an

2676 833 2883 871 ΒίΑΤΑΜ
2909 832 3128 870 ΜΑΒΙΛΙΙ.

2174 912 2335 975 Deus,
2379 908 2468 979 qui
2517 911 2570 964 in
2629 908 2777 980 (187)
2831 909 2996 963 beatae
3042 910 3222 963 Maria:
3276 906 3489 977 virginis
3535 918 3690 966 utero

2104 1004 2338 1060 Verbum
2385 1013 2572 1065 tuum,
2614 1002 2804 1070 angelo
2845 1001 3214 1063 annuntiaute,
3259 1014 3476 1055 carnem
3522 1003 3693 1056 susci-

2101 1112 2231 1169 pere
2261 1096 2497 1159 voluisti,
2551 1107 2746 1165 praesta
2795 1093 3128 1163 supplicibus
3160 1094 3283 1161 tuis,
3339 1105 3395 1148 ut
3438 1095 3526 1164 qui
3564 1111 3693 1151 vere

2105 1202 2220 1243 eam
2255 1186 2580 1242 Genitricem
2609 1185 2703 1239 Dei
2750 1183 3037 1246 credimus.
3091 1182 3208 1249 ejus
3255 1183 3394 1254 apud
3438 1192 3492 1240 te
3527 1185 3694 1240 inter-

2103 1280 2438 1337 cessionibus
2462 1279 2799 1350 adjuvemur.
2830 1278 2934 1332 Per
2961 1276 3237 1331 eumdem.

2175 1375 2256 1428 Ad
2303 1373 2813 1437 Missam—Deus,
2865 1371 2951 1440 qui
3003 1370 3260 1425 hodierna
3309 1369 3396 1425 die
3452 1369 3688 1426 Verbum

2105 1473 2250 1519 tuum
2283 1464 2334 1517 in
2365 1465 2518 1536 (1δ8)
2567 1465 2736 1518 beata:
2777 1460 3012 1532 Virginis
3065 1462 3187 1514 alvo
3237 1460 3385 1533 (i89)
3420 1461 3683 1516 incarnari

2105 1559 2340 1623 voluisti,
2374 1556 2458 1612 fac
2498 1573 2598 1612 nos
2627 1555 2698 1610 ita
2752 1563 3067 1625 praesentem
3098 1554 3248 1624 (190)
3287 1555 3682 1610 solemnitatem

2107 1669 2386 1724 peragere,
2425 1661 2483 1705 ut
2511 1651 2604 1707 tibi
2638 1653 2847 1720 placere
2879 1648 3172 1705 valeamus.
3205 1649 3306 1704 Per
3335 1629 3608 1704 eumdem.

2183 1745 2351 1814 Super
2391 1743 2578 1797 cbiato.
2607 1771 2678 1783 —
2702 1740 2871 1794 Altari
2911 1750 3020 1807 tuo,
3069 1741 3314 1807 Domine,
3362 1739 3700 1810 superposita

2111 1851 2332 1893 munera
2362 1836 2595 1905 Spiritus
2643 1843 2860 1887 sanctus
2903 1844 3160 1898 assumat,
3194 1833 3283 1900 qui
3325 1832 3484 1885 hodie
3531 1833 3700 1885 beate

2031 1941 2084 2002 Β
2115 1932 2296 1986 Maria:
2321 1930 2524 1982 viscera
2552 1927 2926 1995 splendoribus
2949 1940 3060 1980 sua:
3088 1924 3299 1980 virtutis
3323 1923 3572 1994 replevit.
3599 1924 3702 1978 Per

2114 2023 2398 2078 Dominum
2429 2027 2692 2073 nostrum.

2110 2141 2118 2164 ι
2150 2171 2153 2173 _
2189 2113 2461 2181 Prwfatio.
2487 2140 2556 2152 —
2585 2111 2722 2166 Vere
2766 2109 2984 2179 dignum
3023 2117 3078 2162 et
3101 2107 3302 2176 justum
3342 2113 3444 2172 est,
3488 2120 3700 2176 aequum

2115 2215 2170 2262 et
2198 2207 2456 2269 salutare,
2485 2219 2584 2259 nos
2614 2203 2708 2257 tibi
2741 2217 2954 2269 semper
2979 2210 3035 2256 et
3063 2200 3259 2269 ubique
3287 2199 3488 2268 gratias
3517 2213 3698 2268 agere,

2122 2298 2345 2352 Domine
2369 2306 2571 2360 sancte,
2599 2295 2756 2348 Pater
2786 2297 3149 2362 omnipotens,
3179 2301 3380 2346 aeterne
3422 2291 3581 2354 Deus,
3611 2304 3707 2357 per

2117 2392 2385 2447 Christum
2421 2389 2704 2443 Dominum
2751 2396 2992 2440 nostrum
3027 2401 3041 2436 :
3073 2399 3231 2453 quem
3274 2397 3369 2450 pro
3397 2382 3566 2436 salute
3606 2380 3706 2434 ho-

2115 2487 2318 2539 minum
2365 2482 2692 2536 nasciturum
2737 2478 2949 2532 Gabriel
2999 2474 3356 2545 archangelus
3420 2474 3703 2541 nuntiavit,

2115 2578 2264 2645 virgo
2287 2575 2453 2630 Maria
2481 2573 2712 2640 Spiritus
2738 2569 2907 2625 sancti
2937 2569 3316 2638 conparatione
3339 2568 3614 2634 concepit;
3643 2573 3703 2619 ut

2115 2670 2258 2740 quod
2312 2669 2549 2735 angelica
2585 2663 2849 2719 nuntiavit
2879 2661 3208 2724 sublimitas,
3245 2661 3475 2729 virginea
3517 2662 3706 2714 crede-

2117 2769 2200 2815 ret
2231 2761 2456 2827 puritas,
2488 2756 2775 2810 ineil‘abilis
2802 2758 3080 2825 perliceret
3109 2753 3307 2807 Deitas.
3342 2752 3486 2807 illius
3527 2753 3707 2822 itaque

2118 2861 2387 2921 optamus,
2422 2858 2472 2903 te
2511 2849 2828 2918 opitulante,
2867 2861 3091 2901 cernere
3136 2845 3322 2899 faciem
3367 2845 3482 2898 sine
3520 2843 3708 2898 couin-

2118 2947 2293 3012 sione,
2349 2947 2500 3010 cujus
2551 2942 2937 2997 incarnationis
2993 2940 3287 3012 gaudemus
3345 2940 3705 2996 solemnitate.

2120 3036 2224 3092 Per
2245 3051 2400 3104 quem
2430 3034 2782 3104 Maiestatem.

2193 3131 2274 3184 Ad
2303 3128 2694 3198 Compiendum.
2723 3158 2794 3168 —
2821 3126 2876 3182 In
2905 3125 3173 3182 mentibus
3203 3126 3423 3190 nostris,
3460 3125 3706 3195 Domine,

2143 3239 2265 3280 teras
2305 3222 2429 3277 ﬁdei
2478 3232 2813 3277 sacramenta
2845 3223 3127 3290 conﬁrma,
3171 3228 3230 3275 ut
3259 3220 3346 3290 qui
3387 3229 3707 3290 conceptum

2247 3316 2464 3387 Virgine
2513 3315 2677 3370 Deum
2731 3329 2912 3369 verum
2944 3323 2996 3368 et
3053 3313 3320 3368 hominem
3370 3314 3708 3378 confitemur,

2127 3426 2225 3481 per
2249 3411 2366 3479 ejus
2387 3407 2677 3463 salutifera:
2699 3406 3105 3460 resurrectionis
3134 3407 3424 3473 potentiam
3448 3404 3514 3459 ad
3553 3415 3712 3459 aeter-

2125 3518 2252 3558 nam
2285 3516 2588 3556 mereamur
2617 3499 2898 3570 pervenire
2927 3496 3184 3552 laetitiam.
3222 3496 3338 3550 Per.

2200 3598 2370 3668 Super
2396 3595 2664 3667 populum.
2686 3619 2759 3635 -—
2779 3592 3025 3661 Protege,
3055 3591 3298 3654 Domine,
3329 3572 3553 3644 famulos
3588 3595 3710 3643 tuos

2125 3689 2381 3744 subsidiis
2409 3686 2574 3756 pacis,
2610 3686 2717 3756 32
2755 3693 2808 3740 et
2835 3684 3006 3739 beata:
3046 3683 3224 3736 Maria:
3256 3681 3558 3750 patrociniis
3593 3695 3719 3736 cou-

2131 3781 2358 3837 ildentes
2389 3795 2418 3832 a
2449 3779 2658 3832 cunctis
2689 3775 2932 3829 hostibus
2969 3775 3132 3828 redde
3158 3786 3398 3827 securos.
3425 3770 3546 3825 Per.

2210 3874 2349 3928 Alia.
2377 3901 2449 3912 —
2474 3870 2709 3925 Gratiam
2742 3878 2907 3932 tuam,
2941 3880 3264 3936 quaesumus,
3302 3864 3542 3926 Domine,
3571 3877 3722 3916 men-

2131 3967 2273 4021 tibus
2307 3967 2506 4020 nostris
2533 3963 2775 4030 infunde,
2801 3974 2858 4018 ut
2887 3963 2976 4032 qui
2999 3961 3189 4029 angelo
3218 3959 3492 4014 nuntiante
3521 3954 3719 4012 Christi

2132 4063 2254 4118 Filii
2285 4063 2360 4116 tui
2418 4059 2842 4115 incarnationem
2875 4059 3247 4128 cognovimus,
3295 4069 3390 4125 per
3419 4054 3724 4125 passionem

2132 4155 2250 4225 ejus
2279 4162 2333 4209 et
2379 4168 2592 4208 crucem
2640 4150 2705 4205 ad
2738 4149 3148 4205 resurrectionis
3187 4146 3410 4216 gloriam
3466 4142 3725 4212 perduca-

2131 4263 2274 4305 mur.
2306 4247 2406 4313 Qui
2441 4254 2616 4300 tecum
2650 4244 2772 4297 vivit
2803 4249 2858 4296 et
2891 4248 3076 4310 regnat
3105 4239 3266 4292 Deus.

2208 4343 2345 4396 Alia.
2371 4371 2438 4381 -—
2461 4339 2811 4406 Omnipotens
2839 4333 3163 4410 sempiterno
3188 4329 3348 4393 Deus,
3378 4327 3464 4399 qui
3493 4334 3722 4381 coniter-

2135 4451 2262 4493 num
2295 4435 2388 4490 tibi
2421 4434 2605 4488 Filium
2647 4431 2806 4486 hodie
2851 4445 2946 4498 pro
2992 4426 3174 4482 mundi
3207 4426 3377 4479 salute
3417 4420 3713 4479 secundum

2136 4542 2351 4583 carnem
2387 4523 2585 4594 Spiritu
2623 4530 2809 4576 sancto
2837 4518 3242 4588 concipiendum
3292 4516 3531 4586 angelico
3562 4513 3725 4567 mini-

2138 4622 2306 4675 sterio
2335 4618 2507 4672 beatae
2537 4613 2715 4668 Mariae
2744 4626 2959 4690 semper
2987 4609 3178 4682 virgini
3208 4604 3512 4670 declarastl,
3539 4603 3727 4658 adesto

447 4712 505 4758 et
533 4703 787 4767 salutare.
820 4716 917 4756 nos
948 4701 1043 4754 tibi
1074 4716 1286 4769 semper
1317 4708 1370 4754 et
1398 4699 1599 4769 ubique
1625 4701 1822 4768 sralias
1846 4715 2028 4768 agere.
2064 4721 2117 4782 ι)
2143 4709 2400 4781 propitius
2422 4704 2620 4776 populo
2642 4712 2754 4771 tun,
2778 4715 2835 4757 ut
2863 4702 2926 4756 ad
2949 4699 3065 4771 ejus
3089 4697 3448 4763 Nativltatem,
3473 4695 3620 4767 (I9l)
3641 4711 3730 4767 pa-

448 4797 676 4854 Domine
723 4803 926 4860 sancte,
964 4795 1118 4849 Pater
1148 4796 1539 4863 omnipotens,
1591 4806 1792 4848 aeterne
1845 4793 2029 4848 Deus:

446 4891 572 4958 quia
605 4888 684 4944 sic
710 4889 900 4943 tribuis
932 4887 1227 4942 Ecclesiam
1261 4897 1402 4941 tuam
1434 4888 1602 4942 sancti
1631 4886 1872 4955 Gregorii
1905 4903 2035 4954 pon-

449 4979 611 5035 tiﬁcis
639 4981 714 5034 tui
746 4982 1257 5034 commemoratione
1287 4979 1540 5047 gaudere,
1572 4985 1631 5031 ut
1661 4993 1777 5031 eam
1811 4976 1951 5030 illius
1980 4985 2038 5031 et

451 5072 748 5129 festivitate
780 5073 1022 5128 laetiﬁces
1046 5114 1060 5139 ,
1105 5084 1159 5126 et
1205 5073 1450 5139 exemplo
1483 5070 1582 5141 pia:
1613 5071 2036 5124 conversationis

452 5177 741 5230 exerceas,
781 5173 834 5217 et
882 5163 1046 5218 verbo
1091 5163 1485 5233 praedicationis
1516 5161 1750 5224 erudias,
1782 5170 2039 5230 grataque

455 5255 552 5310 tibi
584 5256 975 5326 supplicatione
1005 5258 1222 5312 tuearis.
1258 5257 1377 5310 Per.

521 5347 602 5402 Ad
623 5346 1012 5420 Complendttm.
1036 5378 1105 5402 ~2—
1130 5349 1278 5418 (lb’ii)
1311 5349 1574 5403 Praestent
1602 5348 1774 5413 nobis,
1819 5363 2036 5420 quaesiu-

451 5455 590 5508 mus,
629 5441 869 5507 Domine,
899 5453 985 5497 tua
1016 5453 1197 5498 sancta
1232 5442 1560 5509 praesidium,
1592 5441 1759 5509 quod,
1795 5444 2039 5499 interve-

527 5570 551 5597 λ
577 5559 635 5615 in
663 5559 794 5614 Cod.
825 5557 958 5627 Reg.
1001 5558 1161 5612 Suec.
1194 5557 1385 5614 legitur
1418 5557 1530 5615 haec
1572 5555 1750 5614 Oratio
1803 5573 1815 5607 δ
1850 5554 2032 5614 Annua

455 5632 621 5699 nobis,
655 5629 890 5694 Domine,
917 5626 993 5682 fut
1022 5631 1205 5688 animm
1247 5627 1426 5693 {atrioli
1475 5628 1546 5678 tui
1599 5626 1829 5696 Gregorii
1873 5634 2033 5692 prosit

458 5703 666 5764 oblatio,
710 5718 862 5765 ariam
901 5699 1214 5751 immolando
1267 5700 1421 5748 totius
1469 5699 1643 5750 mundi
1690 5699 1914 5751 tribuisti
1952 5717 2037 5753 re-

459 5775 626 5828 laxari
649 5773 853 5825 delicta.
883 5769 971 5824 Sit:
998 5771 1097 5837 legi
1129 5768 1440 5836 quibusdam
1465 5769 1520 5824 in
1543 5768 1827 5824 {indicibus
1853 5772 2039 5825 obser-

459 5855 547 5898 vat
579 5843 861 5898 Pantclius.

535 5917 557 5953 δ
589 5918 843 5968 Οὐδέτινιιι
861 5909 1013 5961 .lnau.
1039 5908 1254 5977 Fronto,
1280 5911 1328 5962 in
1353 5912 1490 5964 notis
1513 5911 1578 5965 atl
1601 5911 1822 5966 Kalend.
1855 5912 2032 5975 an.,

460 6001 489 6039 a
517 5984 757 6038 Concilio
785 5981 1041 6034 Toletauo
1073 5999 1124 6044 χ,
1160 5999 1243 6035 an.
1277 5982 1400 6049 6.36,
1431 5998 1549 6037 can.
1583 5985 1630 6046 1,
1674 5999 1886 6038 cautum
1918 5999 2035 6039 esse

2146 4817 2208 4858 ce
2255 4812 2534 4868 concessa,
2575 4795 2915 4852 liberioribus
2961 4791 3156 4847 animis
3209 4802 3576 4844 occurramus.
3625 4789 3732 4844 Per

2145 4894 2414 4949 eumdem.

2221 4987 2355 5040 Alia.
2383 5013 2452 5024 —
2483 4979 2691 5038 Exaudi
2723 4992 2842 5044 nos,
2879 4977 3101 5031 Domine
3131 4986 3336 5042 sancte,
3366 4972 3528 5028 Pater
3555 4973 3732 5027 omni-

2143 5076 2355 5148 potens,
2397 5083 2598 5129 a'terne
2635 5071 2796 5135 Deus,
2859 5069 2946 5142 qui
2995 5083 3090 5138 per
3140 5067 3310 5121 beat-.c
3365 5065 3543 5148 Maria:
3588 5064 3728 5120 sacri

2145 5171 2283 5227 uteri
2310 5167 2461 5240 (192)
2493 5167 2686 5221 divinae
2714 5163 2899 5235 gratiae
2927 5161 3393 5216 obumbrationem
3418 5137 3727 5214 universum

2144 5263 2404 5322 mundum
2437 5259 2739 5313 illuminare
2771 5257 3016 5326 dignatus
3039 5268 3120 5320 es,
3154 5262 3210 5308 et
3240 5263 3429 5323 praesta
3478 5262 3538 5307 ut
3585 5251 3728 5321 quod

2144 5333 2345 5412 nostris
2392 5350 2602 5406 meritis
2631 5364 2738 5403 non
2785 5347 3030 5401 valemus
3057 5346 3317 5412 obtinere,
3365 5345 3482 5414 ejus
3506 5343 3730 5414 adipisci

2145 5447 2412 5523 praesidiis
2446 5459 2771 5501 mereamur.
2803 5443 2908 5498 Per
2937 5441 3219 5495 Dominum
3250 5453 3508 5495 noswum.

2146 5573 2203 5616 ut
2231 5563 2329 5616 hoc
2360 5562 2550 5614 festum
2584 5565 2774 5611 octavo
2804 5557 2892 5610 die
2914 5553 3247 5609 auteChristi
3272 5552 3614 5608 Nativitatem
3637 5566 3729 5605 ce-

2144 5634 2457 5692 lein-aretur,
2483 5631 2620 5699 quod
2639 5640 2876 5694 tempore
2893 5627 3340 5699 Quadragesimte,
3363 5625 3508 5699 nihil
3525 5626 3597 5699 de
3619 5639 3732 5677 san-

2145 5718 2342 5760 ctorum
2374 5695 2847 5756 solemnitatibus...
2878 5698 3107 5751 convenit
3128 5697 3389 5750 celebrari.
3418 5695 3732 5759 Assignatut‘

2144 5787 2323 5830 tamen
2365 5777 2463 5827 huc
2494 5774 2684 5826 iustum
2714 5772 2798 5823 die
2822 5771 2891 5825 ‘25
2923 5772 3122 5824 Iliensis
3164 5767 3356 5829 Martii,
3404 5765 3458 5818 in
3502 5765 3729 5822 Kalend.

2146 5849 2328 5912 ltom.,
2361 5848 2411 5898 iu
2441 5845 2571 5899 (Iud.
2605 5843 2911 5912 lieg.Suec.
2945 5840 3083 5908 apud
3125 5839 3326 5895 Pamel.
3358 5846 3415 5893 et
3451 5835 3507 5891 in
3547 5841 3732 5893 omni-

2146 5919 2248 5975 bus
2278 5920 2363 5974 cd.
2391 5917 2539 5972 libris
2559 5919 3051 5970 Sacrameutorum.
