4064 6350
334 366 405 434 τῶ
1503 373 1708 429 LIBER
1747 370 1887 428 SACi

1992 371 2380 434 umronuu.
3534 388 3602 443 54

400 485 527 544 Alia.
561 512 621 528 -
642 487 828 548 Beata;
851 501 908 549 et
929 495 1179 566 gloriosa
1209 510 1527 566 semperque
1557 497 1781 567 virginis
1809 495 1902 549 Dei
1935 496 1982 556 Α
2009 499 2189 554 omnia
2245 501 2489 559 Doctoris
2548 501 2801 560 Gentium
2868 501 3202 573 protectione
3269 502 3594 561 muniam-ur.

325 577 590 648 genitricis
643 581 824 640 Merita
878 601 996 651 nos,
1049 587 1293 654 Domine,
1340 603 1668 658 quicsumus,
1714 591 1906 650 merita

325 682 742 744 consequantur,
787 687 841 732 et
871 666 1015 734 tn'am
1065 679 1220 734 nobis
1270 681 1654 751 indulgentiam
1691 697 1908 754 semper

326 762 630 832 implorent.
665 765 787 820 Per.

391 856 530 910 Atia.
553 887 626 899 —
647 860 867 931 Porrigo
901 863 1080 931 nobis,
1115 865 1279 935 Deus,
1324 867 1597 924 dexteram
1645 877 1809 935 tuam,
1852 877 1908 925 et

321 964 418 1024 per
465 952 911 1012 intercessionem
959 959 1130 1014 beatis
1177 970 1231 1016 et
1276 963 1524 1031 gloriosae
1589 977 1906 1033 semperque

315 1044 535 1112 virginis
565 1044 661 1102 Dei
690 1049 969 1117 genitricis
990 1051 1170 1107 κει-ιω
1193 1055 1449 1112 auxilium
1477 1055 1632 1111 nobis
1659 1069 1907 1126 supernas

317 1133 538 1194 Virtutis
567 1139 838 1208 impende.
874 1143 976 1198 Per
1003 1145 1274 1202 eumdem.

733 1251 785 1288 1N
816 1235 966 1306 (195)
996 1253 1393 1295 εειδτυλῦεειυ
1427 1247 1470 1294 α.

379 1320 656 1389 Concede,
684 1340 1015 1399 quaesumus,
1047 1333 1394 1400 omnipotens
1427 1333 1587 1397 Deus,
1631 1332 1901 1403 iragilitati

311 1426 513 1469 nostra
543 1415 926 1475 sufﬁcientiam
969 1433 1389 1492 competentem,
1439 1435 1498 1481 ut
1526 1439 1638 1482 sua)
1686 1441 1902 1495 repara-

313 1507 469 1562 tionis
495 1508 770 1576 eti‘ectnm,
816 1521 870 1568 et
912 1514 994 1582 pia
1040 1519 1450 1573 conversatione
1501 1529 1797 1584 recenseat,
1848 1527 1904 1575 et

311 1614 428 1653 cum
459 1603 824 1659 exsultatione
847 1606 1121 1674 suscipiat.

383 1693 552 1762 Super
579 1697 860 1751 obtata.—
881 1699 1130 1756 Concede
1168 1702 1344 1767 nobis,
1377 1701 1693 1758 misericors
1735 1703 1898 1773 Deus,

310 1795 364 1844 et
409 1790 570 1859 digne
622 1792 731 1845 tuis
777 1794 980 1848 servire
1024 1810 1241 1866 semper
1288 1796 1564 1865 altaribus,
1609 1806 1662 1851 et
1710 1811 1896 1852 eorum

309 1893 564 1953 perpetua
598 1886 1012 1956 participatione
1045 1890 1259 1945 salvari.
1291 1891 1413 1945 Per.

379 1973 656 2044 Prefatio.
689 2007 760 2018 -—-
803 1967 938 2033 Vere
964 1979 1182 2050 dignum
1214 1990 1269 2036 et
1291 1980 1492 2051 justum
1542 1987 1650 2044 est,
1683 1995 1894 2049 tequum

305 2072 361 2122 et
385 2066 644 2133 salutare,
676 2081 774 2122 nos
802 2067 894 2123 tibi
925 2084 1139 2138 semper
1167 2080 1222 2125 et
1251 2071 1449 2140 ubique
1478 2072 1676 2139 gratias
1713 2085 1894 2139 agerc,

305 2157 540 2213 Domine
588 2168 786 2223 sancte,
842 2161 1003 2216 Pater
1049 2162 1411 2231 omnipotens,
1465 2171 1666 2218 aterne
1713 2162 1890 2218 Dens:

302 2248 429 2317 quia
493 2264 593 2318 per
649 2264 709 2305 ea
775 2266 895 2322 quin
946 2254 1350 2322 conspiciuntur
1397 2254 1710 2308 instruimur
1775 2255 1892 2325 qni-

299 2340 401 2396 bus
449 2343 628 2397 modis
689 2343 755 2397 ad
800 2343 1089 2400 invisibilia
1139 2346 1358 2401 tendere
1417 2346 1731 2403 debeamus.
1792 2346 1896 2402 De-

300 2432 461 2501 nique
492 2449 918 2502 commonemur,
947 2438 1072 2491 anni
1097 2437 1326 2494 ducente
1355 2453 1626 2504 successu,
1661 2440 1727 2493 de
1758 2455 1895 2510 prte-

304 2525 476 2579 teritis
504 2525 573 2579 ad
601 2527 798 2592 futura,
819 2527 886 2583 de
909 2538 1171 2584 vetustate
1187 2529 1236 2583 in
1259 2535 1548 2584 novitatem
1573 2531 1693 2585 vitae
1719 2539 1887 2586 trans-

300 2615 406 2680 ire,
465 2617 622 2688 (196)
677 2626 765 2682 ut,
821 2621 1048 2676 terrenis
1103 2623 1580 2678 sustentationibns
1638 2624 1889 2690 expediti,

301 2710 542 2763 celestis
572 2709 700 2764 doni
734 2713 1006 2782 capiamus
1036 2712 1443 2768 desiderabilius
1477 2716 1798 2768 ubertatem.
1827 2717 1894 2787 Et

300 2799 445 2870 (I95)
481 2817 581 2870 per
606 2817 728 2857 eum
759 2803 932 2858 cibum
961 2806 1049 2874 qui
1101 2805 1374 2860 beneﬁciis
1417 2815 1750 2876 praerogatur
1797 2789 1890 2859 al-

299 2897 462 2949 ternis
493 2896 604 2965 33
635 2898 1013 2966 perveniamus
1039 2900 1103 2952 ad
1135 2901 1332 2955 victum
1365 2901 1483 2955 sine
1530 2899 1637 2954 ﬁne
1668 2914 1890 2954 mansu-

295 3002 436 3053 rum,
467 2989 658 3044 Jesum
687 2988 956 3045 Christum
987 2991 1271 3045 Dominum
1298 2999 1567 3046 nostrum.
1590 2991 1691 3046 Per
1707 3006 1885 3061 quem.

361 3081 687 3138 Benedictio.
720 3083 1156 3154 —Omnipotens
1202 3085 1343 3140 Deus
1371 3086 1443 3140 ita
1474 3085 1700 3141 stadium
1728 3084 1890 3140 vestri

293 3188 486 3231 cursus
547 3175 781 3245 dirigere
833 3177 1102 3246 dignetur,
1147 3186 1204 3231 ut
1251 3177 1494 3231 bravium
1537 3192 1631 3232 vos
1676 3187 1889 3232 aeternae

2013 589 2136 646 Per.

2085 685 2257 751 Super
2305 687 2493 744 oblata.
2518 718 2588 729 —
2623 688 2844 742 intende
2869 728 2884 753 ,
2935 700 3240 758 quaesumus
3265 726 3283 755 ,
3333 687 3595 758 Domine,

2013 777 2224 832 Hostias
2274 778 2488 834 familiae
2540 788 2664 846 tuae,
2697 789 2752 835 et
2797 795 2956 850 quam
3004 781 3146 835 sacri
3200 780 3438 836 muneris
3468 779 3600 835 iacis

2010 883 2131 924 esse
2162 872 2491 941 participem,
2524 873 2697 928 tribue
2745 873 2908 943 (i‘JS)
2939 872 3004 927 ad
3034 873 3154 942 ejus
3203 873 3594 943 plenitudinem

2010 965 2311 1033 pervenire.
2349 966 2465 1020 Per.

2082 1055 2355 1127 Pt'tcfatt'o.
2387 1087 2456 1098 -—
2486 1057 2625 1112 Vere
2653 1056 2871 1128 dignum
2903 1065 2958 1112 et
2992 1057 3196 1128 justum
3247 1065 3346 1122 est,
3383 1072 3593 1128 aequum

2009 1156 2064 1202 et
2086 1149 2343 1216 salutare,
2369 1163 2468 1203 nos
2493 1149 2584 1202 tibi
2616 1161 2828 1217 semper
2869 1158 2922 1201 et
2949 1149 3144 1216 ubique
3171 1148 3369 1216 gratias
3412 1163 3592 1218 agere,

2008 1239 2235 1296 Domine
2274 1252 2480 1310 sancte,
2527 1240 2684 1295 Pater
2735 1241 3103 1308 omnipotens,
3161 1249 3363 1294 aeterne
3401 1241 3588 1294 Deus:

2007 1332 2097 1400 qui
2130 1333 2444 1386 rationalem
2495 1341 2815 1397 creaturam,
2851 1348 2938 1397 ne,
2973 1331 3357 1400 temporalibus
3412 1331 3590 1386 dedita

2008 1425 2180 1486 bonis,
2211 1425 2275 1478 ad
2308 1426 2521 1493 praemia
2565 1426 2884 1492 sempiterna
2916 1439 3019 1477 non
3051 1424 3251 1487 tendat,
3284 1437 3344 1477 ea
3377 1422 3593 1490 dispen-

2007 1517 2214 1572 satione
2237 1518 2473 1588 dignaris
2496 1517 2734 1582 erudire,
2764 1526 2819 1571 ut
2846 1532 2946 1572 nec
2975 1517 3322 1584 castigatione
3353 1515 3587 1578 deﬁciat,

2006 1625 2106 1665 nec
2162 1613 2602 1680 proSperitatibus
2644 1611 2951 1676 insolescat,
3001 1609 3096 1663 sed
3148 1608 3251 1662 hoc
3277 1608 3452 1676 potius
3499 1610 3591 1661 liat

2004 1701 2122 1771 ejus
2175 1704 2406 1771 gloriosa
2472 1704 2726 1768 devotio,
2787 1717 2892 1771 quo
2957 1702 3115 1756 nullis
3180 1700 3589 1755 adversitatibus

2005 1794 2192 1848 obruta
2233 1802 2545 1863 superetur.
2578 1795 2681 1848 Per
2709 1792 2982 1848 Christum
3014 1791 3320 1846 Dominum.

1935 1883 1986 1944 B
2082 1886 2398 1942 Benedictio.
2424 1917 2495 1929 —-
2527 1887 2624 1942 Det
2663 1886 2815 1942 vobis
2849 1886 3104 1940 Dominus
3132 1899 3288 1938 nosse
3333 1881 3586 1952 mysteria

2001 1981 2151 2048 regni
2181 1979 2294 2046 Dei,
2347 1980 2433 2047 qui
2463 1980 2572 2047 jam
2604 1979 2732 2033 dare
2774 1978 3023 2046 dignatus
3061 1984 3143 2030 est
3169 1976 3409 2030 auditum
3438 1973 3588 2028 verbi

2000 2073 2102 2126 sui.
2134 2073 2323 2125 Amen.
2369 2071 2561 2140 Sicque
2591 2080 2797 2124 mentes
2826 2079 3030 2124 vestras
3061 2069 3280 2124 seminis
3309 2068 3392 2123 sui
3431 2068 3586 2136 copia

2000 2163 2226 2230 repleat,
2257 2171 2313 2216 ut
2341 2163 2393 2216 in
2417 2163 2568 2216 vobis
2591 2161 2723 2216 illud
2763 2161 2862 2215 sibi
2893 2159 3084 2230 placite
3113 2158 3433 2214 fructiﬁcare
3460 2173 3588 2212 cono

1999 2254 2175 2309 cedat.
2196 2257 2387 2309 Amen.
2419 2255 2486 2308 Et
2511 2254 2582 2308 ita
2609 2269 2705 2309 vos
2735 2252 2804 2307 ab
2850 2254 2994 2307 omni
3043 2252 3335 2306 tentatione
3363 2250 3584 2314 muniat,

1999 2356 2260 2416 quatenus
2284 2345 2432 2418 (i99)
2467 2347 2675 2412 triceni,
2713 2345 2996 2414 sexageni,
3021 2352 3180 2412 atque
3233 2343 3443 2397 centeni
3478 2343 3586 2396 fru-

1999 2448 2118 2493 ctus
2135 2455 2233 2509 pro
2262 2455 2373 2494 suae
2399 2441 2584 2508 gratia:
2614 2439 3012 2504 distributione,
3041 2435 3432 2507 magniﬁcentia
3463 2450 3584 2491 mu-

1997 2540 2172 2585 nerel.
2207 2537 2398 2594 Amen.
2429 2533 2578 2598 Quod
2612 2533 2746 2600 ipse-

2069 2621 2276 2704 met
2306 2621 2790 2694 Corztpleitduut.-—
2816 2619 2967 2692 ((200)
3011 2620 3163 2692 Adsit
3209 2619 3383 2690 nobis,
3435 2634 3583 2698 gnte-

1996 2727 2202 2784 sumus,
2231 2714 2474 2782 Domine,
2511 2715 2662 2788 cibus
2693 2729 2866 2782 sacer,
2895 2723 3154 2784 potusque
3185 2711 3455 2788 salutaris,
3489 2712 3580 2779 qui

1997 2812 2051 2862 et
2083 2805 2432 2876 temporalem
2461 2804 2623 2870 vitam
2674 2805 2912 2882 muniat,
2943 2811 2999 2881 et
3036 2811 3252 2873 praestet
3304 2812 3579 2882 aeternam.

1995 2894 2102 2951 Per
2132 2896 2416 2950 Dominum
2443 2905 2708 2950 nostrum.

2068 2990 2240 3060 Super
2267 2992 2536 3063 populum.
2571 3020 2642 3052 .—.
2669 2989 2847 3066 Tuere
2867 3031 2883 3058 ,
2934 3001 3239 3062 qttmsumus
3264 3025 3280 3071 η
3313 2985 3538 3052 Domine
3563 3025 3581 3053 ,

1993 3083 2200 3154 plebem
2255 3093 2435 3152 tuam,
2486 3092 2541 3156 et
2577 3097 2786 3160 sacram
2827 3081 3220 3156 solemnitatem
3254 3081 3579 3146 recolentem

1990 3177 2179 3248 gratiae
2229 3175 2464 3250 ccclesiis
2491 3175 2734 3252 largitate
2781 3189 3126 3245 prosequere,
3161 3181 3254 3239 ut.
3285 3171 3581 3248 visibilibus

297 3269 414 3322 vita
449 3267 918 3338 comprehendere
947 3268 1130 3336 iaciat.
1162 3272 1358 3330 Amen.
1387 3269 1455 3327 Et
1482 3269 1554 3327 ita
1601 3285 1695 3324 vos
1721 3269 1886 3323 ahsti-
1911 3275 1960 3340 ο
1993 3269 2173 3337 adjuta
2198 3271 2418 3335 solatiis,
2457 3267 2524 3323 ad
2552 3267 2833 3323 invisibilia
2862 3268 3000 3322 bona
3051 3265 3356 3344 promptius
3387 3265 3575 3322 incite-

295 3361 495 3430 nentiae
543 3363 707 3422 armis
737 3360 1050 3432 circumdet,
1090 3369 1146 3422 ut
1173 3361 1339 3420 nullis
1365 3361 1486 3430 vita:
1515 3360 1671 3432 hujus
1698 3360 1879 3432 oneri-

297 3450 392 3508 bus
421 3468 454 3508 a
487 3453 644 3522 (190)
671 3454 1020 3526 perventione
1050 3454 1418 3524 retardemini.
1457 3455 1650 3522 Amen.
1675 3454 1882 3525 Quique

296 3555 382 3598 vos
415 3545 638 3615 vineam
668 3559 818 3610 suam
848 3560 1042 3614 vocare
1075 3545 1338 3618 vobisque
1359 3557 1578 3620 sanctos
1606 3549 1882 3620 pperarips

295 3636 509 3691 mittere
558 3636 806 3705 dignatus
859 3646 959 3704 est,
994 3639 1108 3709 ipse
1138 3653 1232 3704 vos
1278 3653 1372 3712 sua
1417 3639 1586 3713 gratia
1635 3638 1884 3710 dignetur

293 3727 573 3792 excolere,
607 3736 663 3790 ut
705 3727 927 3800 denario
974 3727 1097 3800 vilic
1144 3729 1397 3808 perennis
1451 3743 1732 3802 munerare
1775 3746 1881 3784 non

297 3819 512 3888 abnuat.
541 3819 691 3886 Quod
723 3821 836 3887 ipse
865 3831 1140 3892 praestare.

358 3913 440 3965 Ad
480 3909 879 3978 Complendum.
912 3943 980 3953 —
1009 3912 1220 3980 Fideles
1275 3914 1373 3980 tui,
1423 3915 1597 3986 Deus,
1658 3930 1750 3984 per
1792 3923 1882 3971 tua

295 4003 425 4066 dona
455 4006 771 4076 ﬁrmentur,
798 4016 856 4062 ut
884 4007 1073 4064 eadem
1106 4018 1157 4074 et
1189 4009 1530 4078 percipiendo
1580 4012 1879 4081 requirant,

294 4107 347 4151 et
364 4096 667 4168 quaerendo
694 4100 810 4152 sine
841 4097 943 4153 ﬁne
968 4099 1286 4168 percipiant.
1319 4100 1442 4154 Per.

366 4191 549 4258 Super
587 4191 855 4261 populum.
880 4221 949 4231 —
975 4191 1168 4250 Preces
1202 4193 1375 4270 populi
1407 4194 1480 4260 tui
1506 4233 1520 4258 ,
1551 4207 1878 4263 quaesumus,

292 4280 548 4348 Domine,
577 4282 872 4338 clementer
894 4283 1116 4349 exaudi.
1140 4293 1196 4348 ut
1220 4285 1306 4352 qui
1335 4284 1478 4360 juste
1509 4299 1604 4354 pro
1649 4287 1882 4356 peccatis

291 4381 493 4436 nostris
517 4374 836 4448 afﬂigimur,
867 4391 961 4454 pro
993 4378 1066 4432 tui
1097 4379 1334 4448 nominis
1377 4379 1545 4452 gloria
1575 4379 1883 4436 misericor-

293 4467 427 4524 diter
452 4467 772 4526 liberemur.
803 4468 908 4524 Per
930 4469 1239 4536 Dominum.
1270 4461 1272 4463 ’
1384 4453 1386 4458 ’

741 4559 892 4630 (197)
924 4575 974 4617 ut
1003 4575 1329 4616 semesam
1373 4558 1425 4616 ι).

1987 3371 2096 3438 tur.
2128 3361 2250 3430 Per.

2341 3467 2589 3522 hostium
2625 3463 2648 3492 ο
2678 3468 2733 3519 tu
2770 3465 3212 3524 conspicatus.

2057 3545 2254 3618 Preces
2291 3557 2544 3622 nostras,
2595 3561 2923 3624 quaesumus,
2978 3546 3224 3621 Domine,
3279 3542 3574 3614 clementer

1987 3639 2199 3705 exaudi,
2259 3647 2472 3708 atquea
2516 3649 2856 3708 peccatorum
2903 3638 3133 3694 vinculis
3186 3637 3462 3706 absolutos
3513 3636 3578 3694 ab

1985 3732 2131 3794 omni
2159 3745 2259 3802 pos
2286 3730 2610 3792 adversitate
2637 3732 2869 3806 custqtii.
2895 3730 3017 3806 Per.

2061 3822 2230 3891 Super
2256 3821 2450 3884 oblata.
2481 3850 2552 3884 ππ
2574 3821 2699 3895 ilice
2723 3823 2930 3894 Hostia,
2971 3807 3217 3895 Domine,
3249 3834 3574 3892 quaesumus,

1987 3914 2243 3970 emundet
2291 3921 2471 3974 nostra
2502 3911 2730 3977 delicta,
2763 3912 2916 3981 (201)
2953 3920 3016 3970 et
3058 3911 3382 3980 sacriﬁcium
3430 3911 3575 3978 cele-

1986 4006 2250 4066 brandum
2285 4005 2624 4070 subditorum
2653 4003 2748 4079 tibi
2776 4017 3001 4078 corpora
3025 4011 3347 4085 mentesque
3377 4004 3576 4064 sancti-

1988 4100 2130 4156 ﬁcet.
2167 4100 2284 4158 Per.

2058 4191 2329 4261 Praefatio.
2355 4220 2427 4254 _-
2453 4189 2594 4254 Vere
2624 4188 2842 4261 dignum
2891 4194 2946 4248 et
2969 4195 3174 4260 justum
3200 4193 3284 4258 est
3306 4227 3320 4253 ,
3353 4200 3563 4257 tequum

1985 4291 2042 4348 βε
2059 4284 2315 4349 salutare,
2347 4297 2447 4337 nos
2491 4281 2586 4336 tibi
2615 4295 2829 4351 semper
2857 4287 2914 4336 et
2956 4279 3150 4350 ubique
3173 4279 3370 4350 gratias
3397 4292 3575 4348 agere,

1985 4376 2216 4432 Domine
2245 4384 2448 4441 Sancte,
2476 4374 2634 4431 Pater
2662 4375 3037 4444 omnipotens,
3080 4382 3281 4428 aeterne
3312 4371 3453 4438 Deus
3483 4388 3497 4425 :
3524 4381 3578 4428 et

1985 4467 2136 4538 (202)
2184 4467 2509 4536 Majestatem
2558 4475 2700 4521 tuam
2753 4467 2911 4537 (205)
2962 4463 2988 4503 ά
3037 4479 3235 4520 cernua
3289 4462 3577 4524 devotione

1985 4578 2234 4629 exorare,
2263 4571 2322 4618 ut
2351 4563 2620 4618 modulum
2673 4573 2900 4617 terrena:
2930 4559 3235 4629 fragilitatis
3281 4558 3571 4628 aSpiciens,

361 4654 532 4721 Deus,
565 4654 656 4724 qui
685 4654 952 4723 conspicis
980 4654 1105 4724 quia
1147 4671 1211 4708 ex
1255 4655 1402 4710 nulla
1457 4666 1641 4712 nostra
1670 4659 1883 4715 actione
1907 4659 1964 4724 Β
1989 4670 2098 4710 non
2124 4656 2176 4710 in
2210 4655 2288 4710 ira
2319 4664 2407 4709 tua
2436 4669 2535 4723 pro
2562 4664 2742 4709 nostra
2774 4653 3038 4721 pravitate
3078 4667 3174 4706 nos
3213 4665 3431 4722 arguas,
3481 4648 3576 4704 sed

290 4747 657 4814 conﬁdimus,
710 4746 944 4804 concede
995 4747 1254 4818 propitius
1309 4755 1367 4818 ut
1423 4758 1607 4818 contra
1654 4749 1880 4822 adversa

363 4940 392 4982 ρ
417 4929 476 4983 ln
506 4926 644 5001 Cod.
677 4929 807 4992 Reg.
851 4927 1008 4985 Suec.
1049 4939 1103 4985 et
1130 4930 1199 4989 {in
1239 4931 1262 4986 Ι
1299 4928 1590 4994 Thetidem,
1641 4931 1694 4985 in
1754 4930 1885 5001 Sep-

289 5003 596 5074 magm'mo.
625 5000 699 5074 In
729 5009 952 5074 utroque
991 5001 1226 5074 additur,
1276 5001 1343 5056 ad
1368 5013 1604 5074 sanctum
1633 5000 1885 5074 lauren-

293 5071 442 5136 tium,
476 5079 532 5140 et
557 5075 606 5123 in
640 5071 906 5142 Tllet-Mer.
942 5073 1066 5138 foris
1112 5089 1332 5142 murum.
1367 5073 1420 5126 In
1461 5073 1595 5126 Coti.
1631 5072 1831 5126 Parnel.
1869 5091 1882 5126 :

295 5147 467 5201 Statio
495 5142 566 5196 ad
593 5155 824 5198 sanctum
864 5140 1216 5206 Laurentium,
1243 5140 1356 5202 sine
1387 5144 1494 5197 ullo
1533 5143 1734 5212 addito.
1778 5144 1886 5198 Ea-

293 5220 415 5270 dem
449 5211 754 5284 assignatur
799 5215 849 5266 in
888 5212 1108 5284 Kalend.
1142 5215 1295 5268 Rom.
1329 5230 1447 5268 cum
1496 5211 1721 5283 Evang.,
1747 5216 1886 5282 quod

293 5289 456 5341 etiam
490 5283 632 5340 nunc
655 5284 863 5353 legitur.
899 5283 1073 5338 Prima
1103 5288 1283 5338 tlratio
1311 5287 1506 5352 ubique
1544 5295 1626 5340 est
1655 5301 1670 5337 :
1705 5284 1888 5339 Preces

297 5358 475 5482 ﬂuuii
495 5357 586 5422 tui,
607 5355 741 5410 utin
769 5356 947 5412 ofﬁcio
973 5354 1392 5427 Septuagesimae
1409 5371 1548 5411 nunc
1575 5357 1736 5412 etiam
1768 5357 1834 5410 ha
1859 5389 1864 5395 -

367 5438 472 5482 tur.

367 5438 472 5483 llll'.

367 5497 393 5533 δ
435 5497 580 5562 Apud
625 5497 938 5562 Pamnlium,
968 5497 1419 5553 consentientibus
1457 5498 1584 5552 Mss.
1633 5497 1831 5553 nostris
1855 5536 1870 5563 ,

291 5572 456 5624 sartio
483 5582 561 5624 est
591 5569 661 5622 ad
706 5581 937 5625 sanctum
969 5569 1213 5626 Paulum.
1245 5569 1319 5624 Ita
1362 5570 1521 5624 etiam
1561 5570 1613 5622 in
1647 5568 1868 5622 Kal-2nd.

299 5639 478 5702 linum,
513 5643 599 5696 ubi
649 5642 902 5712 Evangel.
956 5642 1347 5701 praescribitur.
1407 5637 1712 5712 Cumturba
1744 5641 1868 5712 plu-3

298 5714 604 5776 σωτήρια,
653 5723 707 5766 ιιι
757 5710 818 5766 ἱιί
865 5712 1130 5766 liodiernis
1183 5711 1502 5766 Missalibus.
1537 5711 1702 5764 Porro
1743 5710 1867 5776 quid

301 5780 657 5852 intelligerent
685 5793 893 5839 veteres
945 5798 1036 5854 per
1075 5783 1359 5838 stationem
1416 5783 1610 5837 docere
1660 5782 1871 5840 videtur

1989 4752 2248 4824 immensa
2305 4749 2587 4818 clementia
2641 4745 2920 4816 puriﬁces,
2951 4745 3199 4810 erudias.
3254 4733 3571 4814 consoleris.

1982 4929 2370 4994 Tertullisnus,
2399 4930 2491 4983 ub.
2513 4927 2581 4983 de
2607 4928 2760 4983 Orat.
2791 4944 2804 4981 :
2833 4927 3106 4993 Similiter,
3131 4927 3339 4996 inquit,
3382 4928 3445 4981 de
3469 4941 3573 4983 sta-

1984 5004 2179 5056 tionum
2206 5003 2402 5062 diebus,
2432 5017 2532 5052 non
2562 5010 2741 5064 putant
2771 5001 2996 5065 plerique
3033 4999 3404 5060 sacriﬁciorum
3440 5001 3571 5052 0m-

1987 5074 2204 5126 tionibtts
2251 5073 2700 5133 intervenieudum,
2734 5071 2868 5137 quod
2917 5071 3070 5123 statio
3107 5067 3350 5124 solvenda
3389 5070 3454 5122 sit
3485 5087 3571 5122 ac-

1983 5152 2132 5209 cepto
2167 5159 2378 5206 corpore
2407 5141 2633 5195 Domini.
2682 5142 2915 5196 Consule
2943 5139 3271 5195 eruditorum
3304 5149 3458 5193 notas
3505 5142 3569 5194 ad

1990 5214 2131 5268 hunc
2159 5213 2354 5266 locum.
2561 5213 2564 5216 ’
3244 5209 3248 5216 ’

2065 5295 2088 5326 ο
2119 5284 2268 5354 Apud
2317 5283 2543 5352 Pamel.,
2573 5293 2627 5338 et
2681 5284 2731 5337 in
2771 5281 3060 5354 Codicibus
3085 5278 3443 5354 nostrishiss.
3479 5282 3568 5335 ad-

1981 5357 2126 5409 ditur
2153 5349 2181 5420 ,’
2222 5356 2288 5408 ad
2337 5349 2570 5408 sanctum
2625 5355 2850 5409 Petrum.
2907 5353 2978 5407 Ita
3011 5353 3064 5407 in
3106 5349 3326 5407 Kalend.
3388 5349 3564 5414 Rom.,

1982 5429 2071 5482 ubi
2098 5427 2349 5490 Evangcl.
2397 5433 2500 5494 est,
2549 5426 2834 5496 Assumpsit
2873 5421 2930 5478 J.
2961 5424 3353 5496 duodecint,_tt_t
3409 5421 3564 5496 liodie

1983 5513 2193 5564 quoque
2245 5499 2456 5566 legitur.
2488 5491 2704 5551 'Homil.
2736 5491 2792 5550 "2
2837 5497 3004 5548 sancti
3038 5491 3275 5566 Gregorii
3319 5491 3367 5566 in
3419 5493 3558 5550 idem

1986 5560 2332 5633 Evangelinm
2372 5567 2545 5620 habita
2577 5568 2666 5620 luit
2695 5567 2969 5621 Dominica
2992 5560 3477 5635 Quinquagesimtn,
3508 5567 3557 5621 in

1981 5641 2150 5695 sancti
2179 5642 2314 5694 Petri
2349 5638 2595 5694 Basilica.

2053 5711 2078 5749 tt
2115 5712 2188 5765 ua
2215 5725 2422 5781 quoque
2454 5711 2504 5762 in
2539 5710 2671 5781 Cod.
2705 5707 2938 5781 Gemet..
2964 5714 3016 5781 et
3046 5705 3098 5758 in
3123 5704 3332 5760 duobus
3360 5705 3542 5762 Theod

1983 5782 2040 5838 In
2081 5776 2422 5838 EditﬁVatic.
2453 5790 2507 5836 et
2535 5779 2859 5836 Gussanvill.
2891 5776 3082 5844 legitur
3107 5791 3354 5850 congrua.
