4064 6350
474 340 543 395 55
1653 338 1892 395 SANCTI
1933 335 2260 391 GREGORII
2297 337 2515 394 MAGNI
3649 343 3723 401 56

472 457 572 524 Qui
603 472 722 513 cum
744 457 934 514 siuetc
958 457 1089 513 nihil
1138 457 1403 527 possimus
1446 456 1624 512 facere
1667 455 1807 525 quod
1854 455 1945 508 tibi
1982 454 2052 508 sit
2078 456 2133 516 Α
2224 452 2393 523 Super
2420 452 2691 524 populum.
2721 483 2792 496 -
2817 452 3136 511 inclinantes
3174 468 3262 524 se,
3298 455 3558 523 Domine,
3608 456 3726 514 Ma-

471 551 747 619 placitum,
782 559 867 605 tua
900 550 1051 605 nobis
1080 549 1245 619 gratia
1286 550 1396 602 sola
1424 548 1697 618 prmstabit
1739 556 1795 601 ut
1847 546 2045 601 salubri
2142 546 2322 616 jestati
2348 555 2453 600 tute
2472 546 2789 615 propitiatus
2817 547 3053 614 intende,
3082 556 3140 640 u‘t
3169 548 3261 617 qui
3291 548 3473 603 divino
3494 564 3723 607 munere

471 642 884 698 conversatione
906 642 1165 695 vivamus.
1192 640 1294 696 Per
1317 640 1607 695 Christum.

540 733 859 787 Benedictio.
890 761 961 772 —-
1008 731 1357 800 Omnipotens
1408 731 1547 785 Deus
1598 744 1692 783 sua
1739 744 1831 784 vos
1886 728 2047 785 bene-

471 823 707 878 dictione
760 824 1081 888 confirmet,
1144 830 1199 875 et
1254 822 1549 875 imminenti
1606 821 2047 890 quadragesimali

470 917 808 973 abstinentiae
838 925 990 985 aptos
1030 915 1247 970 efﬁciat.
1273 915 1465 970 Amen.
1507 915 1711 985 Quique
1755 930 1898 970 011100
1924 929 2050 985 sup-

474 1009 692 1076 plicanti
744 1024 839 1079 per
868 1007 1160 1063 divinitatis
1209 1006 1497 1077 potentiam
1549 991 1727 1063 iumen
1775 1008 2045 1078 restituit,

475 1100 770 1154 caecitatem
802 1099 964 1153 vestri
1008 1099 1187 1153 cordis
1234 1098 1681 1154 clementissimus
1730 1099 2051 1155 illuminator

473 1191 767 1261 abstergat,
800 1200 853 1247 et
880 1191 1014 1248 lucis
1050 1206 1162 1245 suae
1191 1190 1353 1245 radiis
1382 1201 1586 1245 mentes
1644 1200 1845 1246 vestras
1900 1191 2051 1246 beni-

475 1283 889 1349 gnusillustret.
935 1282 1126 1335 Amen.
1160 1281 1453 1348 Quatenus,
1510 1281 1758 1335 vitiorum
1805 1281 2051 1335 sordibus

472 1374 766 1439 emundati,
800 1382 854 1429 et
900 1374 1176 1428 charitatis
1233 1374 1425 1428 ardore
1475 1373 1723 1440 solidati,
1779 1374 2049 1429 caelestem

472 1464 836 1520 haereditatem
871 1465 1146 1535 percipere
1188 1465 1409 1521 valeatis
1444 1466 1618 1521 illaesi.
1651 1469 1841 1522 Amen.
1897 1466 2050 1535 Quod

473 1554 589 1625 ipse
614 1566 871 1625 praestare
897 1557 1165 1627 dignetur.

544 1656 568 1681 θ
592 1648 673 1700 Ad
708 1647 1180 1717 Complendum.—
1206 1648 1416 1719 Repleti
1442 1663 1645 1717 sumus,
1677 1650 1922 1718 Domine,
1954 1651 2050 1707 d0-

471 1753 659 1794 norum
698 1742 1103 1811 participatione
1123 1742 1449 1809 caelestium;
1476 1751 1691 1812 praesta,
1722 1760 2045 1814 quaesumus,

2148 652 2277 700 sunt
2305 644 2489 699 reiecti
2529 644 2839 699 cmlestibus
2888 658 3105 714 semper
3142 646 3445 701 nutriantur
3490 647 3725 703 auxiliis.

2148 738 2252 793 Per
2281 736 2561 791 Dominum
2591 747 2829 791 nostrum
2858 745 2909 793 ε.

2455 824 2473 865 ι
2514 842 2673 882 FERIA
2698 842 2731 882 v
2754 843 2916 883 lN'l‘ltA
2943 827 3421 891 QUlNQUAGESlIAK.

2222 917 2382 987 Deus,
2414 920 2504 989 qui
2550 919 2705 988 culpa
2752 919 3061 988 offenderis,
3119 922 3437 990 poenitentia
3476 922 3728 992 placaris,

2151 1023 2343 1079 preces
2370 1010 2550 1080 populi
2596 1009 2671 1063 tui
2720 1009 3065 1079 supplicantis
3118 1011 3373 1079 propitius
3419 1012 3652 1082 respice,
3682 1020 3736 1069 et

2154 1101 2377 1172 flagella
2414 1112 2518 1157 tuae
2563 1101 2886 1167 iracundiae,
2941 1116 3060 1170 quae
3114 1116 3209 1171 pro
3247 1104 3479 1173 peccatis
3530 1106 3734 1161 nostris

2153 1209 2444 1258 meremur,
2476 1202 2677 1249 averte.
2703 1191 2826 1247 Per.

2222 1284 2396 1352 Super
2422 1284 2616 1339 oblata.
2642 1300 2716 1325 ‘-—
2740 1283 3029 1339 Sacrificiis
3055 1284 3405 1355 praesentibus
3423 1326 3439 1352 ,
3484 1286 3732 1353 Domine,

2150 1390 2474 1442 quaesumus,
2508 1376 2723 1431 intende
2750 1376 3006 1444 placatus,
3039 1386 3094 1431 ut
3144 1385 3200 1432 et
3228 1378 3495 1433 devotioni
3536 1388 3736 1435 nostrae

2152 1468 2429 1539 proficiant
2458 1476 2513 1523 et
2552 1468 2729 1549 saluti.
2760 1468 2863 1523 Per
2892 1468 3202 1524 Dominum.

2222 1558 2706 1628 Prtefatio.—Vere
2722 1558 2941 1627 dignum
2958 1558 3224 1630 etjustum
3246 1568 3347 1627 est,
3362 1574 3571 1630 aequum
3590 1570 3643 1615 et
3664 1573 3739 1614 sa-

2153 1650 2343 1715 lutare,
2358 1666 2455 1705 nos
2472 1650 2565 1706 tibi
2584 1665 2794 1720 semper
2816 1659 2870 1705 et
2893 1650 3088 1719 ubique
3108 1651 3306 1721 gratias
3322 1666 3495 1720 agere,
3512 1652 3620 1722 36
3640 1650 3737 1705 Do-

2155 1742 2298 1797 mine
2318 1751 2523 1808 sancte,
2538 1741 2697 1797 Pater
2713 1741 3069 1810 omnipotens,
3085 1749 3284 1796 aeterne
3300 1742 3467 1796 Deus:
3482 1757 3738 1812 quoniam

472 1832 738 1887 uteadem
766 1841 821 1887 et
857 1847 1130 1889 sumamus
1161 1835 1381 1906 iugiter,
1412 1843 1465 1890 et
1502 1835 1889 1891 incessabiliter
1940 1852 2052 1891 am-
2080 1834 2131 1895 B
2154 1832 2244 1888 illa
2275 1835 2405 1889 festa
2444 1842 2684 1889 remeant
2728 1834 2917 1903 quibus
2947 1844 3140 1888 nostrae
3198 1834 3509 1888 mortalitati
3540 1850 3739 1903 procu-

471 1920 699 1979 biamus.
735 1925 858 1979 Per.

542 2016 716 2086 Super
767 2017 1132 2087 populum.-—
1160 2019 1238 2076 De
1282 2019 1624 2075 multitudine
1671 2019 2056 2076 misericordia:

470 2115 595 2173 tum,
630 2108 871 2175 Domine,
904 2111 1155 2180 populum
1206 2111 1299 2165 tibi
1326 2121 1544 2182 protege
1592 2114 1933 2167 confitentem
1955 2154 1970 2178 ,
2002 2120 2058 2167 et

472 2202 827 2271 corporaliter
843 2204 1331 2274 gubernatum,pite
1352 2206 1548 2260 mentis
1574 2205 1791 2270 afl‘ectu,
1825 2206 1928 2259 tuis
1952 2219 2058 2259 mu-

470 2295 693 2351 neribus
728 2297 1075 2366 assequendis
1106 2297 1259 2353 effice
1302 2296 1704 2367 promptiorem.
1742 2298 1840 2353 Per
1875 2297 2058 2353 Domi-

476 2400 603 2441 tium
631 2397 894 2443 nostrum.

685 2500 792 2573 35
822 2503 977 2555 renis
1016 2514 1092 2555 tv.
1117 2529 1187 2539 —
1212 2498 1549 2572 (204)(1Αιδυτ
1578 2510 1604 2537 ο
1632 2516 1846 2557 JEJUNII.

541 2616 692 2687 (205)
736 2628 759 2656 ο
784 2618 864 2671 Ad
901 2618 1195 2673 Collectam.
1225 2648 1294 2658 —
1330 2617 1582 2673 Concede
1611 2618 1787 2685 nobis,
1817 2614 2059 2683 Domine,

471 2707 717 2777 praesidia
746 2709 950 2765 militiae
978 2708 1299 2765 Christianae
1324 2710 1523 2763 sanctis
1553 2708 2059 2778 inchoarejejuniis,

472 2808 536 2853 ut
566 2809 748 2855 contra
779 2801 1057 2870 spiritales.
1086 2798 1351 2871 nequitias
1378 2801 1662 2872 pugnaturi
1714 2800 2065 2856 continentiae

475 2893 782 2948 muniamur
810 2894 1042 2949 auxiliis.
1071 2894 1191 2950 Per.

544 2986 569 3021 ιι
601 2986 682 3039 Ad
706 2987 942 3042 Missam.
964 3018 1035 3029 —
1059 2987 1284 3055 Praesta,
1309 3000 1636 3058 quaesumus,
1672 2987 1920 3051 Domine,
1937 2986 2065 3041 fide-

473 3076 619 3131 libus
679 3078 803 3143 tuis,
850 3087 907 3131 ut
951 3078 1277 3149 jejuniorum
1325 3079 1629 3133 veneranda
1683 3078 1963 3143 solemnia,
2012 3084 2065 3131 et

474 3180 709 3241 congrua
736 3171 933 3239 pietate
960 3172 1274 3240 suscipiant,
1308 3179 1363 3225 et
1391 3185 1581 3227 secura
1619 3170 1902 3226 devotione
1942 3184 2064 3238 per-
2088 3205 2136 3269 α

476 3272 719 3318 currant.
752 3264 875 3318 Per.

552 3351 725 3418 Super
749 3353 938 3408 oblata.
967 3382 1039 3395 --
1058 3352 1166 3409 Fac
1194 3367 1314 3420 nos,
1342 3353 1586 3421 Domine,
1622 3366 1951 3422 quaesumus,
1980 3350 2066 3408 hil

475 3444 788 3499 muneribus
837 3442 1125 3499 offerendis
1174 3444 1554 3500 convenienter
1598 3444 1809 3513 aptari,
1872 3442 2063 3511 quibus

476 3533 642 3602 ipsius
662 3534 987 3589 venerabilis
1019 3535 1170 3606 (206)
1199 3536 1521 3592 sacramenti
1543 3536 1881 3591 celebramus
1902 3549 2062 3590 exor-

480 3626 645 3679 dium.
680 3626 802 3681 Per.

549 3716 821 3787 Prwfatio.
847 3747 921 3759 —
957 3718 1094 3773 Vere
1124 3716 1346 3786 dignum
1374 3726 1429 3773 et
1475 3718 1675 3787 justum
1722 3724 1824 3785 est,
1854 3732 2067 3787 aequum

479 3813 535 3862 et
560 3808 814 3873 salutare,
839 3823 940 3863 nos
980 3809 1075 3862 tibi
1107 3823 1321 3878 semper
1360 3816 1414 3863 et
1442 3807 1636 3877 ubique
1662 3808 1859 3878 gratias
1885 3824 2065 3877 agere,

484 3900 710 3954 Domine
761 3907 966 3966 sancte,
1010 3900 1167 3954 Pater
1213 3900 1552 3968 omnipotens
1578 3940 1593 3965 ε
1636 3907 1833 3952 aeterne
1887 3899 2064 3952 Deus:

480 3992 571 4058 qui
605 3990 871 4059 corporali
893 3989 1098 4059 jejunio
1135 3991 1260 4044 vitia
1307 3987 1637 4058 comprimis,
1690 3998 1921 4041 mentem
1954 3989 2070 4041 elc-

481 4093 596 4143 vas,
631 4080 880 4134 virtutem
914 4078 1120 4147 largiris
1150 4088 1204 4134 et
1234 4080 1473 4148 praemia.
1501 4107 1571 4117 —-
1593 4077 1695 4131 Per
1734 4076 2026 4132 Christum.

551 4169 632 4222 Ad
652 4169 1043 4238 Campiendum.
1066 4198 1138 4210 —
1164 4170 1419 4238 Percepta
1451 4168 1625 4234 nobis,
1655 4168 1901 4235 Domine,
1928 4181 2068 4235 prte-

482 4262 639 4316 beaut
670 4269 1003 4316 sacramenta
1045 4260 1197 4331 (207)
1247 4260 1575 4326 subsidium,
1605 4268 1663 4314 ut
1694 4269 1749 4315 et
1780 4260 1871 4313 tibi
1920 4269 2071 4329 grata

482 4350 592 4405 sint
620 4358 799 4406 nostra
839 4349 1067 4420 jejunia,
1098 4357 1153 4403 et
1180 4349 1335 4403 nobis
1363 4348 1641 4417 proficiant
1688 4349 1755 4403 ad
1783 4350 2066 4406 medelam.

486 4438 610 4495 Per.

555 4611 581 4638 ἰ
614 4611 669 4655 tn
695 4600 995 4678 Cod._Reg.
1025 4599 1184 4655 Suec.
1216 4598 1741 4678 Oratio,.ad_Com‘pl.
1770 4608 1856 4656 est
1880 4618 1892 4654 :
1915 4600 2070 4665 Quw—
2097 4608 2149 4666 D
2176 4615 2389 4660 notatur
2410 4607 2478 4661 ad
2515 4605 2771 4678 Vesperos
2790 4648 2805 4672 ,
2846 4606 3069 4676 singulis

480 4688 682 4738 sumus,
710 4672 901 4740 omnip.
932 4671 1093 4733 Deus,
1126 4680 1181 4723 ut
1228 4671 1315 4739 qui
1353 4670 1571 4724 coelestia
1609 4672 1849 4725 alimenta
1890 4689 2072 4741 perce-

481 4745 683 4813 pimus,
737 4758 826 4811 per
874 4744 983 4795 [MBO
1035 4752 1223 4813 contra,
1268 4742 1481 4813 adversa
1535 4744 1705 4795 omnia
1753 4746 2067 4798 muniamur.

484 4811 653 4867 Abest
682 4813 792 4865 hinc
821 4813 1002 4865 Oratio
1040 4828 1067 4863 a
1116 4811 1248 4865 Cod.
1285 4812 1513 4876 i’atnel.,
1548 4818 1687 4881 quod
1722 4815 2073 4870 observamus

484 4894 672 4951 ut_eos
702 4883 987 4951 aliquando
1011 4882 1230 4935 minime
1250 4885 1537 4936 convenire
1558 4884 1890 4939 ostendatur.

555 4949 581 4986 ι)
618 4949 943 5028 Deestcaput
959 4954 1154 5025 jejunii
1183 4954 1234 5007 in
1258 4952 1388 5009 Cod.
1411 4954 1542 5023 Reg.
1572 4955 1753 5019 Suec.,
1782 4957 1905 5011 licet
1933 4956 2074 5028 apud

482 5021 688 5075 Pamel.
724 5022 948 5090 legatur.

561 5104 586 5166 ἦ
624 5092 677 5144 1η
711 5093 1115 5166 Cod.f_’ame|.,
1169 5096 1534 5150 consentiente
1582 5096 1642 5152 C.
1692 5095 1825 5165 Reg.
1883 5097 2070 5166 Suec.,

484 5161 681 5230 legitur
725 5180 737 5216 :
784 5162 1011 5217 Collecta
1055 5166 1123 5217 ad
1174 5176 1402 5219 sanetam
1458 5169 1637 5221 Auast.
1699 5161 1927 5222 Concede
1982 5161 2077 5222 no;

485 5229 584 5295 bis,
618 5243 720 5287 etc.
750 5234 811 5287 Et
834 5248 1016 5301 postea
1044 5253 1054 5287 :
1089 5237 1155 5288 ad
1186 5237 1401 5290 Missam
1423 5240 1572 5293 statio
1599 5240 1665 5291 ad
1702 5250 1930 5293 sanctam
1960 5241 2074 5294 Sa-

486 5302 673 5355 binam.
731 5303 783 5356 In
838 5304 1067 5360 Kalend.
1126 5307 1279 5360 Rom.
1334 5318 1532 5363 tantum
1582 5320 1754 5363 exstat
1795 5329 1807 5363 :
1843 5308 1964 5363 Fer.
1995 5313 2068 5374 4,

484 5374 558 5447 ad
580 5383 809 5447 sanctam
837 5376 1106 5429 Savinam.
1135 5378 1388 5447 Evangel.
1417 5392 1496 5435 est
1522 5398 1536 5435 :
1563 5380 1705 5435 Dixit
1726 5380 1779 5435 J.
1803 5424 1815 5437 .
1836 5421 1851 5435 .
1870 5420 1885 5435 .
1904 5420 1918 5435 .
1943 5382 2070 5433 Cum

486 5443 753 5523 jejunatt's.
780 5446 835 5499 In
871 5448 1079 5501 Gemet.
1111 5457 1165 5502 et
1196 5451 1220 5502 ‘l
1268 5443 1475 5505 Theod.
1506 5452 1847 5521 prmmittilur
1895 5454 2067 5506 liene-

487 5514 647 5566 dtctio
669 5517 929 5570 cinerum.

546 5584 587 5663 f1
623 5584 673 5637 Id
706 5588 923 5663 minime
981 5590 1172 5655 legitur
1220 5592 1270 5644 in
1311 5592 1444 5646 Cod.
1500 5594 1630 5663 Reg.
1665 5594 1823 5647 Suec.
1858 5596 1907 5645 in
1946 5606 2069 5663 quo

488 5658 647 5776 etiam
687 5658 847 5779 mzlta
878 5661 1070 5715 desunt
1112 5677 1230 5731 quae
1256 5674 1466 5717 exstant
1516 5658 1743 5717 in'Cod.
1778 5661 1979 5716 Pamel.
2016 5664 2065 5714 in

510 5738 589 5777 iac
633 5740 708 5779 cr.
775 5767 786 5779 .

510 5738 589 5777 iac
610 5738 708 5779 lt‘.l‘.
734 5738 786 5779 4.

564 5804 586 5828 ι’
618 5796 672 5849 in
698 5796 794 5851 Ed.
821 5798 1045 5867 Pamel.,
1071 5810 1191 5871 post
1220 5817 1411 5857 omnes
1455 5803 1587 5857 alias
1626 5804 1801 5869 0rat.,
1836 5816 1939 5855 una
1969 5815 2065 5855 an-

2159 1936 2308 1981 ratur
2360 1926 2663 1982 immortale
2694 1916 3113 1989 é'ommercium,
3162 1939 3224 1978 ac
3279 1925 3557 1991 temporali
3614 1926 3740 1980 vitae

2159 2019 2476 2088 subrogatur
2525 2016 2829 2083 aeternitas;
2882 2025 2937 2071 et
2982 2015 3145 2085 (“208)
3176 2016 3240 2070 de
3282 2016 3483 2086 peccati
3539 2031 3737 2083 ptena,

2160 2120 2375 2179 peccata
2430 2108 2770 2176 mundantur,
2820 2106 3071 2175 mirisque
3111 2104 3281 2160 modis
3332 2105 3611 2160 conficitur
3667 2108 3738 2163 de

2160 2198 2458 2268 perditione
2486 2198 2743 2262 salvatio,
2776 2203 2835 2250 ut
2876 2204 3044 2250 status
3081 2194 3401 2250 conditionis
3448 2195 3696 2250 humanae
3723 2237 3739 2262 ,

2161 2287 2251 2358 qui
2303 2304 2395 2357 per
2450 2285 2717 2341 felicitatis
2756 2286 3089 2340 insolentiam
3122 2285 3266 2339 venit
3318 2284 3381 2336 ad
3426 2285 3693 2339 tristitiam
3723 2332 3737 2355 ,

2101 2414 2121 2427 ι
2160 2378 2376 2433 humilis
2397 2386 2451 2431 et
2471 2377 2743 2431 modestus
2760 2375 2824 2431 ad
2848 2385 3047 2429 aeterna
3078 2373 3265 2444 gaudia
3287 2373 3470 2429 redeat
3486 2389 3582 2444 per
3606 2391 3743 2431 moe-

2160 2485 2359 2526 rorem.
2388 2470 2490 2524 Per
2509 2468 2799 2523 Christum.

2233 2562 2313 2615 Ad
2368 2559 2734 2630 Complendum
2785 2554 3130 2611 —Coelestis
3183 2555 3310 2611 doni
3364 2555 3741 2612 benedictione

2163 2664 2432 2728 percepta,
2464 2652 2731 2723 supplices
2764 2658 2845 2717 te,
2903 2651 3043 2705 Deus
3072 2649 3429 2719 omnipotens,
3476 2648 3736 2717 depreca-

2164 2765 2301 2813 mur,
2325 2758 2385 2802 ut
2408 2747 2507 2801 hoc
2534 2745 2675 2800 idem
2702 2744 2856 2798 nobis
2883 2751 2938 2798 et
2967 2741 3115 2814 (209)
3141 2743 3461 2797 sacramenti
3488 2754 3651 2795 causa
3676 2741 3749 2795 sit

2165 2852 2219 2898 et
2246 2840 2453 2897 salutis.
2486 2839 2609 2895 Per.

2239 2936 2410 3004 Super
2440 2932 2710 3003 papulum.
2741 2961 2813 2974 —
2858 2928 3045 2991 Parce,
3075 2926 3317 2990 Domine,
3359 2939 3519 2994 parce
3548 2926 3750 2996 populo

2166 3038 2280 3092 tuo,
2312 3033 2392 3091 ut,
2420 3026 2594 3094 dignis
2618 3020 3063 3093 flagellationibus
3092 3018 3400 3087 castigatus,
3435 3017 3487 3072 in
3519 3026 3612 3072 tua
3639 3017 3747 3073 mi-

2171 3121 2437 3175 seratione
2465 3118 2712 3187 respiret.
2748 3118 2868 3171 Per.

2484 3248 2643 3287 FERM
2672 3248 2722 3287 Vl
2754 3246 2911 3286 INTRA
2950 3243 3425 3293 QUINQUAGESIHAM.

2238 3345 2491 3400 Inchoata
2520 3344 2741 3414 jejunia,
2775 3357 3100 3412 quresumus,
3126 3341 3369 3406 Domine,
3397 3339 3626 3410 benigno
3666 3340 3754 3395 fa-

2170 3453 2299 3494 vore
2322 3453 2662 3508 prosequere,
2692 3445 2748 3492 ut
2772 3435 3190 3501 observantiam,
3219 3449 3372 3504 quam
3401 3433 3755 3503 corporaliter

2170 3529 2486 3585 exhibemus
2512 3572 2527 3597 ,
2575 3530 2842 3585 mentibus
2880 3530 3041 3585 etiam
3098 3527 3321 3583 sinceris
3367 3541 3620 3582 exercere
3649 3540 3755 3615 ’va-

2171 3623 2398 3680 leamus.
2426 3624 2528 3679 Per
2557 3623 2860 3678 Dominum.
3668 3634 3701 3662 ν

2266 3716 2437 3784 Super
2488 3715 2677 3769 oblata.
2722 3745 2791 3756 —
2847 3712 3174 3769 Sacrificium
3199 3751 3214 3779 ,
3272 3709 3495 3765 Domine
3519 3750 3533 3775 ,
3566 3706 3755 3779 (210)

2173 3805 2526 3860 observantia:
2559 3806 2821 3873 paschalis
2847 3804 2989 3872 quod
3012 3802 3303 3867 otl‘erimus,
3331 3810 3520 3871 praesta
3542 3841 3556 3865 ,
3605 3813 3751 3869 quae-

2177 3910 2381 3960 sumus,
2414 3904 2469 3949 ut
2498 3896 2590 3949 tibi
2620 3906 2673 3951 et
2694 3904 2901 3950 mentes
2933 3903 3143 3948 nostras
3174 3892 3360 3948 reddat
3391 3901 3658 3960 acceptas,
3702 3896 3757 3942 et

2175 3987 2517 4042 continentiae
2562 3988 2912 4058 promptioris
2959 3987 3111 4042 nobis
3169 3986 3370 4040 tribuat
3426 3984 3755 4039 facultatem.

2178 4077 2283 4131 Per
2317 4078 2621 4135 Dominum.

2249 4170 2497 4240 Prwfatio
2515 4202 2587 4212 —
2612 4171 2751 4228 Vere
2776 4172 2992 4242 dignum
3024 4181 3077 4229 et
3102 4174 3301 4242 justum
3335 4180 3435 4240 est,
3464 4185 3675 4240 aequum
3702 4179 3757 4226 ct

2178 4261 2437 4329 salutare,
2484 4278 2582 4319 nos
2615 4264 2707 4319 tibi
2762 4280 2974 4334 semper
3023 4274 3079 4320 et
3117 4267 3310 4334 ubique
3342 4265 3537 4333 gratias
3576 4276 3756 4333 agere,

2179 4354 2405 4411 Domine
2442 4366 2665 4424 sancte,
2714 4357 2869 4412 Pater
2918 4359 3275 4426 omnipotens,
3315 4365 3512 4411 {uterne
3570 4356 3756 4409 Deus:

2180 4457 2235 4502 et
2255 4448 2588 4517 maiestatem
2618 4456 2762 4504 tuam
2792 4449 3101 4518 suppliciter
3144 4449 3439 4518 deprecari,
3473 4456 3535 4502 ιιι
3566 4443 3759 4501 intelli-
3836 4438 3841 4441 ⁴

3106 4603 3370 4673 Quadrag.
3406 4603 3609 4669 diebus,
3638 4616 3757 4673 qum

2180 4692 2284 4730 non
2325 4678 2496 4732 solum
2551 4670 2826 4732 in'Codd.
2875 4670 2999 4733 aliis
3051 4670 3219 4731 Editis
3261 4670 3611 4737 desideratur,
3659 4670 3761 4725 ’sed

2180 4750 2339 4801 etiam
2386 4750 2437 4801 in
2490 4748 2585 4803 Ms.
2613 4748 2747 4815 Reg.
2778 4750 2965 4814 Suec.,
2994 4748 3086 4817 qui
3118 4761 3238 4799 raro
3264 4762 3290 4797 a
3320 4744 3763 4817 Parne|_._tliscre-

2182 4828 2293 4889 pat.
2317 4820 2585 4874 Theoder.
2619 4813 2743 4873 Mss.
2777 4813 3039 4874 exhibent
3068 4819 3162 4871 has
3195 4818 3340 4889 orat.
3385 4817 3453 4889 ad
3490 4813 3758 4889 Vesperos.

2259 4889 2276 4926 ί
2308 4891 2492 4946 Ofﬁcia
2534 4891 2681 4962 feriae
2710 4890 2741 4941 5
2772 4906 2867 4962 per
2895 4899 3058 4962 totan
3109 4886 3573 4962 Quadragesimam
3624 4885 3760 4962 inter

2180 4974 2245 5016 ea
2274 4971 2399 5015 sunt
2429 4977 2548 5030 quae
2580 4954 2885 5014 Grimoidus
2926 4960 3090 5013 abbas
3121 4957 3249 5030 dicit
3294 4958 3419 5030 olim
3452 4954 3613 5008 fuisse
3649 4954 3760 5005 vir-

2182 5033 2322 5099 gulis
2364 5027 2680 5097 antepositis
2715 5030 2992 5099 jugulata;
3026 5027 3282 5099 instituta
3324 5027 3462 5079 enim
3507 5033 3698 5099 postea
3730 5035 3760 5073 a

2184 5093 2441 5173 Cregorio
2485 5093 2984 5173 juniore'téstatur
3014 5097 3363 5173 _Microl_ogus,
3405 5112 3465 5173 c._
3612 5093 3763 5173 _H.'ec

2183 5161 2655 5228 Panicliusfldetn
2688 5170 2797 5241 fere
2820 5170 2981 5222 sentit
3001 5168 3155 5221 Joan.
3199 5161 3423 5241 Fronto,
3453 5165 3504 5218 in
3531 5161 3756 5241 Kalend.

2182 5244 2362 5306 Rom.,
2410 5243 2497 5296 tibi
2531 5241 2647 5293 haec
2691 5238 2821 5292 feria
2861 5252 2980 5290 cum
3014 5238 3255 5303 sequenti
3299 5245 3533 5306 notatur,
3568 5233 3761 5306 additis

2182 5304 2500 5368 stationibus
2527 5321 2580 5363 et
2604 5308 2849 5362 indicatis
2883 5307 3203 5377 Evangeliis,
3234 5322 3350 5377 qua:
3373 5305 3547 5377 adhuc
3571 5304 3760 5377 legun-

2181 5393 2265 5438 tur
2313 5385 2375 5434 iis
2404 5380 2611 5435 diebus.
2644 5378 2719 5431 De
2769 5377 3001 5429 Sabbato
3032 5373 3261 5430 siletur.
3284 5374 3431 5442 Apud
3465 5373 3759 5442 Pamelium

2179 5452 2338 5508 statin
2364 5450 2463 5505 fer.
2495 5449 2527 5499 5
2553 5456 2636 5501 est
2664 5447 2730 5501 ad
2762 5456 3005 5499 sanctum
3053 5441 3359 5513 Georgium,
3389 5454 3437 5496 et
3478 5444 3580 5498 fer.
3615 5445 3647 5495 6
3689 5441 3756 5492 ad

2176 5532 2389 5577 sanctos
2411 5522 2669 5574 Joannem
2697 5525 2750 5569 et
2777 5517 3152 5583 Paulum,quae
3179 5517 3228 5567 in
3258 5514 3578 5568 Kalendario
3596 5513 3757 5567 Rom.

2175 5594 2486 5659 designatur
2514 5584 3039 5659 titulo_Pamma_chii.
3071 5585 3251 5659 Cede}
3280 5586 3483 5659 Pamel.
3525 5600 3618 5652 pro
3645 5592 3757 5659 sta-

2176 5652 2320 5716 tione
2350 5660 2564 5715 Sabbati
2596 5656 2753 5709 habet
2784 5672 2798 5708 :
2840 5655 2908 5705 ad
2936 5664 3168 5707 sanctum
3198 5655 3557 5723 Tryphonem;
3587 5652 3760 5705 codex

2173 5732 2306 5803 Reg.
2328 5732 2501 5787 'Suec.
2527 5726 2660 5781 nihil
2694 5726 2853 5783 habet
2883 5739 2977 5791 pro
3006 5724 3259 5778 Sabbato.
