4064 6350
224 403 283 461 57
1386 412 1595 475 LIBER
1632 420 2277 486 SACRAMENTORUM.
3416 447 3493 512 58

222 520 417 594 gentize
470 531 629 578 nonts
666 523 917 594 spiritum
952 514 1215 599 benignus
1258 528 1534 599 infundas,
1582 549 1688 604 quo
1724 535 1809 593 vel
1837 540 1891 600 Α
1913 536 2193 596 Christum
2220 543 2502 602 Dominum
2544 556 2786 607 nostrum
2818 567 2834 607 :
2865 554 2958 625 qui
2988 557 3313 616 continuatis
3348 576 3486 632 qua-

218 616 319 686 ipsi
376 615 773 673 rationabiliter
822 620 1025 688 agenda
1074 637 1381 690 cernamus,
1426 626 1507 680 vel
1540 628 1657 694 eis,
1713 630 1803 697 qui

216 692 387 780 (2H)
454 707 666 764 inutilia
722 711 987 779 sentiunt,
1047 714 1377 783 indicemus,
1433 732 1553 775 esse
1612 692 1801 793 (Μ)

212 799 573 865 censendum;
614 814 715 855 nec
763 801 938 857 studia
991 814 1170 860 nostra
1219 815 1514 876 sectemur,
1544 812 1639 867 sed
1671 812 1804 868 olle-

211 892 457 949 rentibus
519 892 744 947 meliora
800 893 1113 950 subdamur.
1164 897 1426 964 Quoniam
1482 902 1599 957 haec
1662 904 1800 973 apud

208 995 264 1041 te
305 986 572 1056 sapientia
599 996 681 1041 est
700 1000 821 1055 quas
850 1002 955 1041 non
987 989 1098 1043 suis
1120 976 1360 1047 inhaeret
1389 992 1549 1061 vitiis,
1576 995 1670 1051 sed
1701 1013 1802 1052 un-

209 1078 496 1146 decunque
538 1076 801 1149 prolatam
844 1079 1338 1149 diligitveritatem.
1390 1085 1492 1141 Per
1528 1084 1798 1146 Christum

208 1169 521 1225 Dominum.

279 1261 360 1313 Ad
395 1258 792 1330 Complendum.
818 1291 889 1302 —
916 1260 1174 1331 Spiritum
1207 1264 1389 1334 nobis,
1416 1267 1662 1336 Domine,
1692 1277 1797 1328 tua:

203 1354 484 1408 charitatis
513 1352 758 1420 infunde,
790 1363 849 1408 ut
874 1369 1009 1425 quos
1038 1371 1144 1412 uno
1168 1360 1374 1414 caelesti
1404 1375 1539 1429 pane
1567 1364 1794 1433 satiasti,

204 1457 293 1502 tua
317 1447 482 1501 facias
508 1447 706 1517 pietate
732 1449 1051 1505 concordes.

276 1541 448 1612 Super
468 1541 737 1611 papulum.
764 1570 837 1583 —
876 1542 1146 1610 Guberna,
1172 1542 1434 1614 Domine,
1467 1561 1792 1617 quaesumus,

203 1634 418 1703 plebem
471 1643 616 1689 tuam
641 1672 659 1700 ,
711 1643 764 1689 et
796 1635 897 1690 tuis
926 1634 1200 1695 beneficiis
1226 1653 1440 1711 semper
1474 1643 1748 1699 accumula
1772 1687 1789 1714 ,

201 1733 271 1778 ut
296 1734 349 1779 et
379 1726 657 1794 praesentis
698 1727 827 1781 vitae
855 1725 1106 1784 subsidiis
1134 1732 1418 1802 gaudeat,
1469 1744 1523 1790 et
1552 1744 1787 1794 ueterum.

198 1818 328 1874 Per.

436 1915 543 1986 3'7
584 1932 819 1972 sannno
857 1933 1020 1976 ηδτ-Μ
1057 1934 1540 1985 ontuouacssrnu.

272 2029 485 2085 Exaudi
517 2045 639 2097 nos,
671 2033 961 2089 miserator
983 2042 1038 2091 et
1067 2038 1377 2092 misericors
1399 2038 1561 2104 Deus,
1586 2048 1641 2095 et
1667 2054 1790 2096 con-

192 2126 443 2180 tinentiae
476 2127 729 2182 salutaris
752 2129 1013 2198 propitius
1052 2131 1205 2187 nobis
1235 2131 1377 2187 dona
1404 2134 1663 2190 concede.
1689 2136 1789 2190 Per

191 2218 493 2273 Dominum
517 2231 779 2275 nostrum.

259 2312 448 2381 Super
472 2313 738 2384 populum.
763 2344 835 2356 —
854 2316 1105 2385 Praepara
1134 2332 1233 2374 nos
1252 2360 1265 2383 ,
1297 2334 1605 2389 quaesumus
1631 2361 1646 2388 ,
1680 2321 1787 2377 Do-

192 2402 355 2467 mine,
392 2402 556 2472 hujus
594 2404 935 2462 abstinentia:
980 2408 1183 2465 festivis
1212 2410 1437 2478 officiis,
1470 2423 1527 2468 ut
1553 2415 1667 2469 haec
1693 2429 1784 2469 sa-

196 2495 397 2550 crificia
424 2498 735 2555 veneranda
766 2501 965 2558 sobriis
992 2517 1205 2574 semper
1238 2507 1509 2564 mentibus
1546 2510 1787 2566 celebre-

194 2602 330 2642 mus.
368 2589 500 2645 Per.

265 2680 548 2753 Pra-fatio.
576 2711 651 2725 —
673 2685 817 2742 Vere
846 2687 1065 2758 dignum
1108 2699 1161 2746 et
1200 2694 1403 2763 justum
1428 2704 1544 2761 est,
1569 2710 1781 2766 aequum

187 2781 238 2827 et
263 2774 525 2842 salutare,
554 2791 654 2831 nos
674 2778 771 2832 tibi
801 2793 1016 2850 semper
1040 2791 1095 2836 et
1133 2782 1331 2854 ubique
1361 2787 1557 2854 gratias
1598 2803 1778 2857 agere,

189 2866 421 2921 Domine
446 2876 659 2934 sancte,
689 2868 850 2925 Pater
878 2872 1218 2943 omnipotens
1238 2915 1256 2942 ,
1278 2884 1480 2932 aeterne
1510 2878 1648 2933 Deus
1682 2896 1696 2933 :
1727 2888 1782 2934 et

186 2955 528 3026 Maiestatem
570 2967 718 3014 tuam
760 2962 1077 3032 suppliciter
1118 2966 1431 3037 deprecari,
1464 2978 1777 3025 utmentem

188 3056 428 3103 nostram
452 3048 550 3104 tibi
576 3050 830 3119 placitam
860 3053 1118 3123 benignus
1142 3057 1367 3124 efﬁcias,
1386 3075 1503 3129 quae
1535 3076 1639 3115 non
1664 3072 1781 3116 tau-

186 3145 290 3193 tum
318 3142 562 3209 speciem
613 3142 867 3199 bonitatis
903 3147 1188 3217 ostendat,
1217 3150 1309 3205 sed
1346 3150 1569 3218 justitire
1598 3153 1781 3208 fructi-

187 3229 281 3283 bus
304 3231 617 3286 illnminata
647 3248 676 3286 c
703 3244 932 3301 arescat,
968 3247 1175 3307 tumque
1216 3255 1430 3310 semper
1458 3243 1637 3297 dedita
1669 3245 1779 3298 Ma-

1910 630 2152 701 draginta
2182 636 2369 692 diebus
2410 650 2465 694 et
2509 645 2753 699 noctibus
2797 646 2898 702 hoc
2932 649 3189 719 jejunium
3228 670 3332 708 non
3356 630 3481 711 esu-

1909 721 2057 777 riens
2086 724 2385 796 dedicavit;
2412 742 2591 800 postea
2626 738 2767 791 enim
2801 741 2989 795 esuriit
3019 759 3125 798 non
3160 756 3265 800 tam
3300 748 3480 804 cibum

1900 1009 2258 1067 sanctitatem.
2294 1015 2461 1071 Cibus
2500 1034 2729 1091 namque
2757 1025 2873 1093 ejus
2912 1039 2994 1082 est
3033 1030 3141 1101 38
3185 1033 3483 1103 redemptio

1902 1101 2243 1169 populorum.
2281 1106 2431 1179 (2l5)
2462 1109 2625 1167 Cibus
2655 1115 2773 1184 ejus
2794 1128 2874 1173 est
2905 1121 3068 1175 totius
3108 1123 3262 1177 bonae
3290 1101 3483 1181 volun-

1900 1191 2024 1246 tatis
2066 1194 2286 1251 ellecws
2317 1214 2331 1251 :
2366 1202 2455 1268 qui
2500 1218 2597 1258 nos
2626 1205 2805 1263 docuit
2840 1215 3085 1280 operari;
3132 1232 3234 1270 non
3278 1219 3480 1286 cibum,

1898 1282 1987 1350 qui
2014 1287 2238 1339 terrenis
2269 1290 2495 1358 dapibus
2533 1310 2848 1366 apparatur,
2881 1304 2973 1357 sed
3017 1321 3135 1359 eum
3162 1309 3251 1375 qui
3276 1282 3482 1363 divina;

1899 1389 2016 1429 rum
2047 1376 2443 1447 Scripturarum
2477 1386 2708 1444 lectione
2736 1395 3047 1463 percipitur.
3097 1400 3198 1453 Per
3225 1417 3405 1471 quem.

1903 1542 1910 1550 ι
1966 1467 2280 1528 Benedictio.
2304 1477 2682 1537 -—Benedicat
2732 1486 2884 1542 vobis
2939 1492 3277 1560 omnipmens
3306 1495 3478 1563 Deus,

1895 1563 1986 1631 qui
2036 1567 2519 1637 quadragen‘arium
2590 1592 2869 1634 numerum
2898 1581 2951 1635 in
3008 1584 3176 1654 Moysi
3239 1597 3291 1640 et
3349 1588 3480 1643 Elian

1894 1668 2104 1710 necnon
2136 1668 2189 1712 et
2215 1659 2518 1718 Mediatoris
2547 1671 2714 1723 nostri
2734 1670 2941 1740 jejunio
2968 1677 3320 1742 consecravit,
3344 1694 3477 1733 con-

1893 1745 2156 1817 cedatque
2185 1751 2336 1806 vobis
2363 1754 2437 1809 ita
2464 1760 2764 1828 transigere
2797 1765 3077 1832 praesentis
3104 1768 3223 1821 vita:
3255 1768 3476 1838 dispen-

1891 1843 2153 1898 sationem
2175 1886 2189 1911 ,
2227 1856 2287 1900 ut
2307 1890 2321 1914 ,
2350 1862 2572 1921 accepto
2604 1870 2633 1908 a
2666 1856 3058 1916 Patrefamilias
3086 1868 3477 1921 remuneratio-

1817 1935 1867 1996 B
1894 1931 1976 1985 nis
2005 1932 2256 2001 denario,
2289 1943 2617 2006 perveniatis
2641 1946 2705 1998 ad
2743 1960 3083 2015 peccatorum
3116 1954 3352 2008 omnium
3381 1971 3479 2011 re-

1893 2025 2240 2093 missionem,
2274 2041 2329 2085 et
2388 2032 2452 2086 ad
2502 2035 2789 2105 gloriosam
2838 2056 2957 2096 cum
2999 2046 3198 2099 sanctis
3229 2047 3478 2102 omnibus

1889 2121 2364 2177 resurrectionem.
2397 2127 2589 2180 Amen.
2618 2128 2824 2199 Detque
2851 2135 3003 2188 vobis
3032 2138 3350 2205 Spiritalium
3378 2141 3479 2193 vir-

1893 2218 2064 2265 tutum
2111 2212 2407 2271 inviCIricia
2446 2218 2677 2292 [Forte,
2723 2223 2985 2297 victricia]
3046 2244 3228 2293 arma,
3283 2230 3479 2299 quibus

1889 2303 2134 2372 exemplo
2165 2305 2377 2361 Domini
2404 2309 2691 2367 deviucere
2724 2315 2943 2371 valeatis
2966 2321 3169 2389 antiqui
3195 2321 3362 2376 hostis
3391 2337 3478 2375 sa-

1888 2396 2170 2465 gacissima
2196 2406 2546 2459 tentamenta.
2572 2407 2764 2462 Amen.
2791 2410 2906 2475 Quo
2948 2426 3054 2467 non
3089 2414 3141 2468 in
3171 2416 3287 2469 solo
3315 2431 3474 2485 pane,

1885 2488 1979 2542 sed
2011 2489 2063 2543 in
2104 2493 2249 2546 omni
2276 2495 2442 2549 verbo
2469 2498 2609 2565 quod
2646 2499 2713 2555 de
2742 2516 2835 2556 ore
2863 2502 2977 2572 ejus
3004 2507 3276 2575 procedit,
3302 2510 3473 2577 spiri-

1890 2579 2051 2635 talem
2101 2595 2376 2641 sumentes
2416 2588 2760 2661 alimoniam,
2798 2609 2894 2664 per
2925 2596 3255 2666 jejuniorum
3287 2602 3474 2657 obser-

1885 2672 2157 2729 vationem
2190 2687 2245 2731 et
2280 2688 2595 2736 cmterorum
2625 2683 2889 2740 bonorum
2922 2704 3145 2758 operum
3185 2693 3474 2749 exhibitio-

1886 2777 2009 2818 nem
2052 2768 2329 2835 percipere
2386 2775 2704 2831 mereamini
2746 2776 3244 2838 immarcescibilem
3289 2787 3475 2855 gloria:

1882 2866 2159 2909 coronam.
2192 2857 2385 2914 Amen.
2410 2861 2567 2928 Quod
2597 2865 2712 2933 ipse
2742 2877 2999 2933 praestare
3028 2872 3298 2941 dignetur.

1952 2946 2035 2998 Ad
2065 2946 2454 3016 Complendum.
2477 2954 2665 3009 —Tui
2699 2971 2829 3025 nos,
2864 2958 3122 3029 Domine,
3150 2966 3472 3022 sacramenti

1888 3034 2077 3090 libatio
2122 3047 2306 3093 sancta
2354 3052 2652 3115 restauret,
2679 3056 2732 3101 et
2770 3062 2799 3101 a
2832 3058 3097 3106 vetustate
3127 3065 3377 3122 purgatos
3416 3057 3471 3111 in

1881 3127 2123 3196 mysterii
2154 3130 2406 3186 salutaris
2431 3131 2837 3192 faciattransire
2869 3143 3220 3198 consortium.
3251 3145 3371 3201 Per.

1954 3218 2125 3289 Super
2150 3225 2415 3294 populum.
2440 3257 2512 3268 --
2540 3229 2596 3283 In
2628 3232 2883 3301 populum
2909 3242 3057 3289 tuum
3080 3278 3094 3303 ,
3126 3254 3362 3305 quresum
3374 3257 3432 3297 us
3452 3284 3468 3308 ,

184 3323 352 3392 jesmi
378 3366 395 3389 ’
426 3325 690 3381 beneﬁcia
718 3328 1025 3385 desiderata
1058 3334 1338 3403 percipiat.
1372 3335 1474 3403 Qui
1522 3352 1774 3393 necessn_
1803 3319 1851 3385 α
1883 3311 2137 3384 Domine,
2176 3317 2482 3375 benedictio
2522 3325 2737 3392 copiosa
2777 3325 3104 3396 descendat,
3138 3330 3469 3402 indulgentia

189 3417 280 3471 riis
310 3419 573 3487 prosequi
609 3422 927 3483 muneribus
956 3439 1061 3480 non
1100 3428 1305 3481 omittis
1327 3444 1462 3499 quos
1496 3440 1585 3485 tuo
1611 3432 1777 3487 cultui

186 3510 499 3575 prastiteris
534 3513 919 3569 convenienter
949 3515 1206 3572 intentos.
1237 3516 1341 3574 Per
1373 3520 1644 3576 Christum
1673 3523 1777 3577 Do-

183 3599 381 3655 minum
408 3611 682 3657 nostrum.

247 3693 324 3745 Ad
379 3692 784 3763 Complendum.
836 3727 907 3737 —
956 3697 1155 3753 Tribue
1212 3699 1405 3767 nobis,
1436 3703 1774 3774 omnipotens

182 3784 348 3852 Deus,
389 3793 453 3841 ut
490 3788 634 3842 dona
672 3789 948 3855 caelestia,
991 3807 1110 3861 quae
1150 3793 1333 3849 debito
1370 3795 1775 3866 frequentamus

182 3876 472 3948 obsequio,
507 3880 767 3935 salutaria
796 3880 950 3936 nobis
972 3882 1172 3958 jugiter
1194 3886 1518 3943 sentiamus.
1552 3889 1673 3944 Per.

244 3970 421 4040 Super
444 3972 718 4043 papulum.
740 3973 1014 4041 -—Tuere,
1044 3975 1291 4043 Domine,
1309 3980 1565 4048 populum
1599 3990 1769 4051 tuum,

178 4068 230 4114 et
279 4065 347 4117 ah
398 4065 657 4119 omnibus
708 4066 943 4135 peccatis
993 4068 1290 4127 clementer
1331 4076 1599 4143 emunda,
1648 4080 1773 4149 quia

179 4153 315 4207 nulla
344 4155 399 4209 ei
432 4157 656 4211 nocebit
691 4156 1020 4229 adversitas,
1060 4161 1108 4216 si
1140 4164 1284 4219 nulla
1325 4164 1631 4223 dominetur
1663 4170 1772 4224 ini-

177 4246 368 4313 quitas.
396 4246 525 4304 Per.

680 4349 708 4379 "
747 4356 800 4396 IN
838 4357 1262 4407 QUADRAGESIIIA.

241 4455 318 4508 Ad
350 4455 602 4512 Missam.
629 4489 701 4500 ——
737 4460 907 4527 Deus,
937 4463 1027 4533 qui
1070 4462 1374 4521 Ecclesiam
1418 4474 1563 4523 tuam
1595 4484 1769 4528 annua

162 4546 643 4620 Quadragesimali
675 4551 1053 4612 observatione
1087 4558 1374 4627 purificas,
1399 4571 1593 4629 praesta
1615 4563 1771 4619 fami-

171 4637 387 4696 llatue
436 4650 496 4696 ut
546 4643 692 4713 quod
743 4660 772 4699 a
815 4653 868 4701 te
896 4647 1141 4706 obtinere
1183 4651 1500 4709 abstinendo
1558 4657 1763 4725 nititur,

170 4730 194 4770 ¹¹
218 4734 321 4791 hoc
348 4736 520 4791 bonis
541 4740 797 4807 operibus
821 4755 1163 4815 exsequatur.
1195 4747 1297 4803 Per
1331 4749 1637 4807 Dominum.

232 4829 413 4901 Super
434 4832 633 4887 oblata.
661 4864 732 4875 -
752 4835 1082 4893 Soerilicium
1105 4840 1596 4912 Quadragesimalis
1635 4845 1771 4902 initii

171 4921 502 4977 solemniter
542 4924 919 4995 immolamus,
950 4937 999 4984 te
1020 4970 1033 4993 ,
1072 4932 1328 5001 Domine,
1377 4935 1729 5005 deprecantes
1750 4979 1765 5004 ,

168 5015 219 5063 ut
254 5026 384 5067 cum
436 5014 720 5082 epularum
771 5020 1118 5077 restrictione
1175 5025 1466 5081 carnalium
1522 5043 1551 5082 a
1595 5032 1769 5085 noxiis

168 5117 376 5172 quoque
406 5104 783 5174 voluptatibus
817 5116 1199 5179 temperemus.
1224 5115 1327 5170 Per
1353 5116 1658 5176 Dominum.

229 5196 617 5268 Praefatio.—
640 5200 781 5258 Vere
813 5204 1033 5275 dignum
1061 5220 1114 5263 et
1145 5212 1344 5279 justum
1394 5224 1509 5285 est,
1556 5234 1769 5289 aequum

169 5295 216 5341 et
234 5290 494 5345 salutare
514 5330 527 5353 ,
555 5307 657 5346 nos
698 5294 792 5348 tibi
827 5309 1039 5363 semper
1060 5311 1114 5354 et
1138 5302 1335 5373 ubique
1360 5308 1561 5375 gratias
1586 5325 1768 5381 agere,

170 5378 392 5435 Domine
426 5393 641 5446 sancte,
677 5384 833 5440 Pater
859 5390 1218 5460 omnipotens,
1250 5404 1451 5452 aeterne
1475 5378 1647 5467 Deus,
1675 5378 1770 5473 per

1878 3406 2093 3471 veniat,
2126 3412 2425 3467 consolatio
2458 3414 2743 3483 tribuatur,
2774 3418 2906 3474 fides
2928 3430 3110 3477 sancta
3140 3436 3466 3495 succrescat,

1878 3499 2178 3567 redemptio
2206 3506 2531 3572 sempiterna
2562 3507 2833 3566 firmetur.
2859 3512 2981 3567 Per.

1950 3593 2090 3649 Alia.
2113 3596 2281 3651 —Da
2306 3600 2492 3667 nobis,
2539 3617 2879 3673 quaesumus,
2912 3609 3254 3679 omnipotens
3297 3612 3468 3680 Deus,

1877 3694 2094 3742 aeternae
2120 3691 2494 3757 promissionis
2524 3696 2723 3766 gaudia
2754 3714 3030 3771 quaerere,
3064 3710 3119 3759 et
3140 3705 3360 3774 quaesita
3391 3706 3469 3762 ci-

1880 3776 1983 3831 tius
2014 3779 2278 3836 invenire.
2316 3783 2438 3838 Per.

1948 3864 2085 3919 Alia.
2116 3897 2188 3907 ——
2214 3869 2437 3938 Adesto,
2461 3886 2789 3943 quaesumus,
2817 3878 3043 3936 Domine
3069 3921 3084 3945 ,
3115 3882 3466 3952 supplicatio-

1876 3958 2035 4014 nibus
2062 3960 2260 4015 nostris
2280 4001 2299 4019 .
2330 3970 2386 4016 et
2416 3963 2470 4017 in
2502 3973 2588 4018 tua
2623 3965 2989 4025 misericordia
3022 3972 3360 4028 conﬁdentes
3398 3977 3467 4029 ab

1876 4050 2022 4104 omni
2066 4064 2165 4105 nos
2206 4051 2537 4109 adversitate
2587 4056 2817 4111 custodi.
2870 4060 2975 4114 Per
3021 4061 3308 4118 Dominum
3360 4080 3466 4120 no-

1874 4149 2065 4196 strum.

1946 4232 2093 4286 Alia.
2120 4264 2191 4276 -
2212 4232 2463 4292 Concede
2482 4278 2498 4303 ,
2544 4253 2854 4308 quaesumus
2874 4287 2889 4313 ,
2925 4247 3263 4318 omnipotens
3293 4251 3463 4319 Deus,

1877 4334 1935 4378 ut
1962 4339 2058 4394 per
2079 4339 2254 4380 annua
2279 4327 2773 4400 Quadragesimalis
2814 4337 3074 4393 exercitia
3104 4340 3254 4412 (21.4)
3282 4355 3464 4397 sacra-

1875 4418 2080 4486 menti,
2113 4430 2170 4476 et
2203 4422 2268 4475 ad
2318 4422 2721 4493 intelligendum
2755 4428 2953 4486 Christi
2992 4433 3337 4502 proﬁciamus
3378 4453 3464 4492 ar-

1873 4524 2109 4580 canum,
2140 4522 2196 4567 et
2233 4513 2459 4572 ellectus
2494 4517 2610 4587 ejus
2654 4519 2813 4591 digna
2845 4524 3255 4581 conversatione
3293 4537 3464 4583 secte-

1873 4618 2012 4657 mur.
2044 4604 2166 4661 Per.

1947 4694 2097 4765 (215)
2140 4695 2242 4751 Per
2268 4707 2425 4752 totam
2480 4702 2978 4774 Quadragesimam,
3017 4708 3328 4778 quotidianis
3360 4710 3462 4764 die-

1876 4787 1968 4841 bus
1992 4827 2006 4852 ,
2034 4788 2182 4855 ﬁnita
2229 4788 2423 4854 Missa,
2457 4794 2724 4865 episcOpus
2768 4806 2814 4850 et
2848 4796 3023 4851 clerict
3068 4801 3371 4867 discedunt,
3418 4810 3463 4871 et

1874 4887 2130 4933 exuuntur
2160 4880 2318 4933 sacris
2352 4883 2586 4949 vestibus,
2620 4895 2667 4937 et
2706 4895 2825 4939 tunc
2862 4888 3072 4942 redeunt
3092 4890 3159 4942 ad
3196 4890 3457 4959 Vesperos.

1873 4968 1943 5021 Et
1963 4969 2141 5024 nullus
2165 4971 2378 5025 clericus
2410 4974 2464 5026 in
2495 4976 2707 5028 ecclesia
2749 4975 2901 5048 (216)
2934 4988 3033 5033 stat
3065 4992 3238 5048 operto
3267 4984 3460 5054 capite,

1872 5060 1970 5113 nisi
1985 5060 2195 5131 ‘Itabeal
2222 5063 2596 5132 inﬁrmitatem,
2630 5068 2737 5121 ulla
2768 5077 3009 5139 tempore.

2159 5158 2317 5198 FERIA
2358 5160 2395 5198 ll
2435 5160 2596 5200 INTRA
2643 5162 3084 5210 QUADRAGESIIIAM
3128 5166 3173 5207 θ.

1947 5234 2212 5286 Converte
2232 5272 2245 5295 ,
2275 5246 2403 5298 nos,
2434 5232 2576 5288 Deus
2607 5237 2852 5291 salutaris
2875 5251 3081 5307 noster,
3104 5253 3187 5308 et,
3219 5252 3276 5297 ut
3305 5244 3457 5297 nobis

1874 5318 2135 5390 jejunium
2165 5322 2636 5394 Quadragesimale
2677 5330 2954 5395 proﬁciat,
2996 5340 3205 5388 mentes
3246 5342 3455 5388 nostras

1880 5413 1989 5483 39
2013 5415 2327 5469 caelestibus
2356 5417 2561 5472 instrue
2581 5417 2895 5488 disciplinis.
2921 5421 3045 5477 Per.

233 5498 1169 5605 :31?ligngffjgﬁgﬁijﬁf;ﬁ.pult:
1200 5509 1406 5605 ξξξιηςξις
1438 5516 1655 5605 additur
1678 5522 1758 5576 Ad
1866 5529 2061 5605 Editis,
2087 5539 2198 5587 tum
2238 5534 2405 5605 Mss.,
2424 5546 2650 5603 excepto
2681 5538 2907 5605 Pamel.,
2933 5541 3021 5594 uhi
3046 5541 3209 5594 habes
3241 5543 3337 5595 hoc
3362 5542 3452 5598 bo-

166 5579 396 5645 sanettmi
427 5567 690 5645 ognnem
714 5567 1081 5629 in'Lateranis.
1117 5579 1170 5633 In
1203 5567 1759 5645 Kalendaliomrta’n:

169 5645 272 5723 tum
302 5656 319 5693 :
352 5641 444 5694 Ad
511 5636 803 5723 (joteranisn,
858 5647 1128 5723 assignato
1185 5636 1760 5723 Evanng‘ue-t'uswest

168 5708 311 5801 Jesuls
329 5718 515 5801 neten
538 5710 793 5801 Monnrlli
821 5708 996 5801 sancti
1022 5718 1260 5801 Qregorii
1293 5708 1366 5778 in"
1385 5708 1760 5801 Evangfl'eg'i:

173 5789 252 5833 tur
272 5782 459 5863 [iubila
493 5780 555 5831 in
569 5782 788 5863 'lmsilica
825 5788 1011 5863 βαδιειὶΔ
1033 5780 1249 5847 Joannis
1279 5812 1392 5863 quas
1415 5780 1756 5857 dicitur

172 5854 494 5933 sto‘ntiniarrt‘a
514 5850 825 5933 ,_Dominicg
848 5872 863 5909 ι
888 5858 940 5910 in
974 5850 1397 5933 Quadragesi'ma.

244 5922 268 5957 δ
312 5924 391 5977 lta
616 5922 742 5993 Reg.
786 5920 1459 5995 Suec.,'cousentientibus
1502 5941 1622 5999 aliis
1652 5954 1763 6001 tum

1866 5602 2223 5727 ηἰὲηιὸνῖὺω.
2259 5606 2354 5660 Hic
2381 5602 2666 5678 Cod.Reg.
2698 5610 2855 5666 Suec.
2890 5602 2941 5665 in
2973 5610 3153 5664 multis
3178 5611 3451 5684 discrepat

1866 5688 1892 5725 a
1967 5687 2086 5727 ame
2114 5714 2127 5726 .

1863 5688 1892 5725 8
1925 5687 2127 5728 ramet.

1938 5758 1958 5782 υ
2002 5745 2237 5811 Pamel.,
2286 5749 2654 5806 consentiente
2681 5752 2908 5807 Kalend.
2944 5752 3120 5810 Rom.,
3145 5750 3333 5808 addit:
3364 5757 3451 5811 Ad

1865 5826 2102 5869 sanctum
2134 5816 2349 5870 Petrum
2370 5819 2438 5872 ad
2464 5820 2689 5877 vincula.
2724 5826 2777 5876 ln
2808 5821 3127 5876 Kalendario
3157 5838 3263 5878 non
3302 5827 3447 5884 aliud

1870 5886 2168 5957 assignatur
2193 5889 2395 5961 Evang.
2421 5904 2580 5959 quam
2610 5893 2752 5959 quod
2786 5906 2928 5947 nunc
2958 5891 3171 5963 legitur.
