4064 6350
573 419 641 479 59
1749 418 1994 478 SANCTI
2036 415 2362 474 onaconu
2401 420 2617 476 MAGNI
3753 432 3812 490 σο

642 545 813 617 Super
833 546 1020 602 oblata.
1054 574 1125 586 —
1148 545 1380 614 Accepta
1409 543 1506 599 tibi
1526 542 1626 612 sit,
1661 540 1885 597 Domine
1909 583 1924 608 ,
1954 549 2149 595 nostra:
2177 537 2227 598 Α
2255 539 2469 604 exaudi,
2505 549 2558 595 et
2587 548 2774 595 contra
2805 548 2996 598 cuncta
3019 541 3177 598 nobis
3202 541 3539 606 adversantia
3561 545 3814 611 dexteram

573 635 878 695 devotionis
907 637 1129 701 oblatio,
1148 653 1262 708 quae
1291 646 1344 694 et
1372 636 1627 706 jejunium
1652 644 1913 699 nostrum,
1949 641 2152 702 teope-

571 740 746 800 rantc,
778 730 1110 796 sant‘tiﬁcet,
1143 740 1195 786 et
1223 729 1605 802 indulgentiam
1641 729 1795 784 nobis
1819 737 1922 784 tua:
1949 742 2152 789 conso-

570 822 789 880 lationis
813 823 1070 877 obtineat.
1099 823 1222 878 Per.
1411 886 1422 896 _

641 917 916 987 Prtefatio.
944 947 1012 962 —-
1042 917 1179 974 Vere
1222 918 1439 988 dignum
1465 924 1518 976 el
1562 915 1762 985 justum
1799 922 1912 978 est,
1939 931 2149 985 acquum

565 1016 620 1063 et
642 1010 908 1075 salutare,
935 1024 1031 1064 nos
1063 1009 1156 1063 tibi
1189 1025 1404 1078 semper
1433 1016 1487 1063 et
1516 1007 1714 1078 ubique
1738 1010 1936 1078 gratias
1965 1025 2148 1079 agere,

564 1099 790 1155 Domine
845 1109 1069 1164 sancte,
1105 1100 1261 1156 Pater
1306 1101 1681 1171 omnipotens,
1723 1110 1925 1156 attente
1961 1102 2098 1158 Deus
2131 1116 2149 1162 :

564 1195 655 1264 qui
686 1194 781 1248 das
809 1209 986 1249 escam
1027 1195 1169 1250 omni
1214 1195 1402 1261 carni,
1449 1204 1505 1250 et
1546 1209 1641 1249 nos
1683 1209 1786 1250 non
1831 1194 2004 1250 solum
2033 1211 2152 1254 car-

565 1286 810 1355 nalibus,
833 1285 927 1341 sed
958 1288 1116 1347 etiam
1159 1287 1487 1354 spiritalibus
1537 1287 1674 1342 escis
1703 1287 1912 1352 reﬁcis,
1947 1295 2002 1344 ut
2044 1302 2149 1346 non

566 1377 620 1432 in
648 1379 762 1432 solo
790 1394 926 1448 pane
959 1381 1228 1444 vivamus,
1261 1380 1353 1434 sed
1380 1381 1430 1435 itt
1456 1380 1599 1436 omni
1629 1381 1793 1435 verbo
1822 1388 1914 1436 tuo
1936 1381 2147 1436 vitalem

565 1469 856 1526 habeamus
908 1472 1246 1538 alimoniam;
1298 1488 1396 1529 nec
1445 1482 1648 1530 tantum
1701 1473 1998 1542 epulando,
2054 1473 2148 1538 sed

562 1567 722 1620 etiam
761 1563 1055 1633 jejunando
1095 1580 1395 1636 pascantur.
1442 1565 1572 1620 Nam
1606 1573 1664 1619 ut
1702 1565 1927 1636 dapibus
1956 1572 2010 1622 et
2050 1579 2148 1634 po-

562 1657 697 1716 culis
725 1671 980 1724 corpora,
1021 1659 1097 1715 sic
1123 1657 1346 1727 jejttniis
1375 1667 1427 1714 et
1468 1658 1754 1714 virtutibus
1785 1658 1979 1714 animae
2009 1657 2149 1732 sagi-

559 1756 778 1804 nantur.
820 1747 1061 1817 Magnam
1097 1749 1145 1804 in
1181 1750 1281 1804 hoc
1312 1764 1534 1806 munere
1557 1750 1924 1805 Salubritatem
1954 1748 2148 1807 mentis

558 1853 624 1898 ac
661 1840 903 1908 corporis
944 1839 1240 1908 contulisti,
1267 1842 1390 1909 quia
1423 1841 1684 1912 jejunium
1735 1842 1890 1904 nobis
1924 1857 2142 1896 venera-

557 1931 669 1990 bile
696 1933 990 1999 dedicasti,
1032 1945 1088 1988 ut
1128 1934 1193 1990 ad
1241 1935 1570 2003 paradisum,
1603 1935 1669 1989 de
1699 1949 1804 2005 quo
1849 1950 1953 1992 non
1977 1934 2143 1988 absti-
2172 1929 2222 1988 Β

557 2023 739 2081 uendo
780 2024 1110 2092 decidimus,
1155 2025 1450 2096 jejunando
1501 2026 1795 2084 solemnius
1838 2025 2140 2088 redeamus.

565 2113 671 2178 Pcr
697 2113 966 2171 Christum
997 2117 1278 2172 Dominum
1307 2126 1572 2173 nostrum.

536 2229 544 2267 ί
624 2207 706 2262 Ad
744 2206 1142 2273 Complendum.
1177 2239 1247 2250 —
1297 2209 1557 2266 Salutaris
1587 2210 1703 2276 tui,
1738 2209 1963 2272 Domine
1989 2253 2004 2278 ,
2031 2227 2147 2272 mu-

552 2309 684 2353 nere
711 2297 888 2352 satiatt
913 2341 929 2366 ,
963 2300 1233 2375 supplices
1255 2316 1579 2365 exoramus,
1612 2312 1668 2358 ut
1708 2303 1864 2376 cujus
1901 2304 2146 2361 lwtamur

549 2402 731 2464 gustu,
764 2406 1084 2448 renovemur
1105 2393 1320 2449 eﬂ'ecm.
1349 2394 1450 2450 Per
1481 2395 1749 2456 eumdem.
1780 2380 1786 2386 ’

630 2483 802 2555 Super
827 2486 1099 2556 populum.
1124 2516 1194 2526 --
1225 2485 1383 2551 Esto,
1419 2486 1668 2553 Domine,
1693 2486 1952 2558 pr0pitius
2000 2485 2144 2556 plebi

553 2583 681 2644 tum,
713 2586 767 2636 et
793 2579 1072 2646 temporali
1106 2579 1473 2636 consolatiOne
1503 2595 1608 2634 non
1633 2579 1852 2635 deseras
1880 2595 2039 2648 quam
2065 2579 2144 2635 vis

548 2670 618 2732 ad
646 2678 845 2730 eterna
873 2671 1218 2733 contendere.
1254 2673 1354 2732 Per
1382 2671 1687 2730 Dominum.

1176 2772 1202 2798 ⁸
1227 2780 1399 2824 ἝΕΙΙΑ
1442 2779 1519 2824 III.

625 2854 884 2929 Respice,
923 2858 1179 2922 Domine,
1213 2857 1467 2916 familiam
1511 2868 1651 2916 tuam
1675 2899 1688 2922 .
1719 2866 1775 2920 et
1813 2864 2040 2930 prrosta,
2081 2865 2143 2912 ut

546 2952 688 3022 apud
733 2961 782 3006 te
821 2966 973 3008 mens
1021 2963 1202 3010 nostra
1249 2959 1337 3012 tuo
1378 2951 1648 3012 desiderio
1679 2951 1906 3021 fulgeat,
1939 2966 2057 3024 quae
2081 2965 2140 3011 se

549 3044 729 3100 carnis
761 3045 1121 3102 maceratione
1148 3045 1397 3122 castigat.
1429 3045 1550 3106 Per.

626 3135 800 3205 Super
828 3135 1024 3192 oblata.
1054 3165 1124 3182 -ρ-
1151 3135 1392 3204 Oblatis,
1421 3136 1645 3192 Domine
1665 3179 1680 3206 ,
1708 3135 1925 3204 placare
1951 3149 2140 3198 mune-

547 3225 722 3290 ribus,
755 3235 808 3282 et
829 3241 858 3280 a
891 3226 1098 3282 cunctis
1120 3240 1218 3284 nos
1257 3225 1484 3282 defende
1507 3226 1777 3295 periculis,

621 3315 895 3386 Prwfatio.
923 3347 989 3364 ς-
1022 3317 1157 3372 Vere
1185 3317 1401 3389 dignum
1429 3327 1484 3374 et
1526 3318 1731 3387 justum
1781 3318 1890 3383 est,
1923 3333 2134 3388 aequum

547 3416 602 3464 et
624 3409 884 3473 salutare,
919 3423 1018 3463 nos
1050 3410 1145 3465 tibi
1169 3424 1382 3476 semper
1412 3420 1466 3466 et
1493 3411 1691 3482 ubique
1721 3411 1920 3486 gratias
1949 3424 2130 3477 agere,

550 3500 777 3560 Domine
801 3512 1008 3567 sancte,
1041 3502 1197 3560 Pater
1222 3503 1580 3570 omnipotens,
1611 3513 1809 3560 aeterne
1839 3502 2012 3566 Deus,
2039 3515 2134 3568 per

546 3591 821 3652 Christum
870 3593 1155 3654 Dominum
1206 3605 1450 3650 nostrum
1480 3613 1492 3648 :
1523 3595 1576 3649 in
1630 3607 1736 3662 quo
1777 3591 2129 3662 jejunantiutu

546 3681 681 3738 fides
734 3685 917 3749 alitur,
971 3698 1094 3755 spes
1147 3685 1481 3754 provehitur,
1535 3684 1770 3738 charitas
1825 3682 2129 3737 roboratur.

545 3773 663 3845 Ipse
693 3777 835 3832 enim
891 3785 974 3836 est
1031 3778 1184 3847 panis
1236 3779 1390 3834 vivus
1418 3788 1471 3838 et
1497 3791 1654 3832 verus
1700 3776 1786 3844 qui
1835 3775 2128 3830 substantia

547 3871 864 3928 aeternitatis
891 3882 944 3932 et
977 3887 1101 3930 esca
1132 3873 1347 3933 virtutis
1375 3881 1478 3926 est.
1508 3869 1745 3926 Verbum
1777 3867 1917 3926 enim
1950 3876 2128 3933 tuum.

545 3975 642 4031 per
671 3963 812 4033 quod
843 3963 993 4024 facta
1021 3972 1146 4019 sunt
1195 3963 1396 4028 omnia,
1443 3975 1547 4016 nott
1572 3959 1742 4014 solum
1777 3957 2129 4018 humanarum

553 4056 813 4110 mentium
841 4097 855 4120 ,
890 4057 984 4108 sed
1015 4055 1252 4122 ipsorum
1308 4053 1460 4121 panis
1491 4059 1571 4104 est
1621 4049 1946 4118 angelorum.
1979 4047 2132 4108 Hunc

543 4158 737 4215 panem
761 4144 1071 4204 ministrare
1098 4145 1253 4200 nobis
1305 4159 1412 4204 non
1441 4141 1641 4204 desinis
1662 4181 1678 4205 ,
1705 4150 1789 4206 et,
1821 4149 1878 4193 ut
1905 4155 2024 4202 eum
2049 4139 2132 4196 in-

545 4237 857 4296 desinenter
906 4237 1242 4303 esuriamus,
1286 4235 1543 4290 hortaris.
1601 4232 1964 4315 Cujugcarne
2004 4236 2128 4298 dttm

542 4331 832 4400 pascimur,
876 4329 1228 4396 roborantur,
1277 4335 1332 4382 et
1385 4328 1644 4394 sanguine
1691 4327 1816 4382 dum
1863 4336 2126 4398 notantur,

541 4420 829 4478 abluimur.
859 4420 961 4480 Per
983 4435 1161 4488 quem.

614 4510 694 4564 Ad
723 4511 1113 4580 Camp/endam.
1141 4539 1212 4552 —-
1233 4507 1590 4576 Sumpsimus,
1627 4507 1878 4574 Domine,
1903 4507 2130 4566 celebri--

541 4607 671 4662 tatis
695 4622 885 4666 annuae
916 4606 1096 4660 votiva
1125 4611 1461 4664 sacramenta
1490 4620 1504 4656 :
1537 4612 1765 4671 prtcsta,
1787 4617 2090 4672 qutcsumus
2110 4647 2125 4671 ,

2257 641 2360 688 tua:
2395 633 2686 705 Majestatis
2717 636 2966 693 extende.
2990 636 3094 692 Per
3124 637 3404 694 Dominum
3432 650 3684 698 nostrum.
3819 703 3824 707 _

2325 726 2463 784 Alia.
2489 754 2558 768 -—
2583 727 2929 786 Devotionem
2978 729 3161 806 populi
3194 731 3300 798 tui,
3333 731 3591 804 Domine,
3618 751 3811 801 quaesu-

2252 833 2402 886 mus,
2433 821 2690 893 benignus
2717 826 2930 886 intende
2953 865 2967 888 ,
2992 834 3048 879 ut
3079 826 3164 894 qui
3197 841 3292 896 per
3322 828 3690 884 abstinentiam
3716 845 3817 884 ma-

2253 924 2506 986 cerantur
2529 915 2582 970 in
2638 931 2893 984 corpore,
2930 933 3026 987 per
3065 919 3294 986 fructum
3337 921 3461 987 boni
3502 922 3670 994 operis
3705 925 3816 980 reli-

2253 1006 2464 1070 ciantur
2493 1009 2543 1072 in
2567 1017 2770 1072 mente.
2800 1009 2903 1066 Per
2935 1009 3245 1066 Dominum.

2325 1123 2494 1193 Super
2545 1123 2733 1179 oblata.
2787 1154 2858 1167 —-
2905 1126 3162 1195 Suscipe,
3205 1127 3429 1184 Creator
3495 1130 3818 1202 omnipotens

2254 1215 2430 1282 Deus,
2452 1233 2572 1287 quae
2597 1217 2905 1288 jejunantes
2927 1220 2994 1276 de
3023 1229 3128 1278 tuae
3168 1221 3550 1280 muniﬁcentia
3590 1223 3818 1293 largitate

2253 1307 2565 1375 deft-rimus,
2615 1319 2668 1363 et
2707 1326 2803 1379 pro
2840 1313 3118 1382 temporali
3148 1312 3299 1368 nobis
3341 1313 3535 1369 collata
3565 1314 3818 1382 praesidio,

2253 1398 2319 1452 ad
2344 1402 2505 1453 vitam
2542 1411 2797 1456 converte
2836 1403 3154 1472 propitiatus
3199 1413 3480 1462 atternam.
3528 1403 3628 1460 Per
3653 1402 3823 1468 Domi-

2254 1506 2380 1556 num
2413 1501 2676 1550 nostrum.

2325 1601 2594 1674 Praefatio.
2624 1633 2697 1657 —e
2725 1603 2862 1658 Vere
2914 1605 3130 1673 dignum
3161 1613 3218 1660 et
3265 1605 3464 1672 justum
3493 1613 3601 1669 est,
3624 1619 3826 1674 aequum

2252 1703 2308 1751 et
2335 1698 2598 1764 salutare,
2630 1713 2728 1752 nos
2751 1696 2846 1751 tibi
2876 1711 3091 1766 semper
3113 1707 3166 1752 et
3196 1699 3393 1768 ubique
3420 1698 3622 1765 gratias
3651 1711 3825 1764 agere,

2253 1786 2478 1841 Domine
2517 1795 2732 1852 sancte,
2765 1788 2922 1841 Pater
2961 1788 3340 1855 omnipotens,
3392 1796 3596 1842 aeterne
3649 1787 3830 1842 Deus:

2251 1879 2338 1947 qui
2375 1879 2423 1930 in
2471 1878 2783 1932 alimentum
2833 1877 3076 1945 corporis
3106 1877 3321 1932 humani
3365 1877 3578 1945 frugum
3627 1879 3829 1947 copiam

2252 1971 2471 2040 produci
2499 1970 2736 2040 jussisti,
2782 1978 2834 2032 et
2875 1970 2928 2033 in
2958 1968 3268 2033 alimentum
3305 1969 3612 2034 animarum
3651 1968 3837 2044 jejunii

2250 2064 2410 2118 nobis
2433 2061 2754 2124 medicinam
2802 2059 3063 2122 indidisti.
3097 2059 3174 2116 Te
3228 2060 3407 2129 itaque
3447 2060 3726 2128 supplices
3763 2059 3839 2116 in-

2251 2168 2503 2208 vocamus
2524 2192 2541 2218 ,
2583 2162 2640 2207 ut
2673 2152 2766 2206 tibi
2815 2151 2889 2206 sit
2916 2150 3244 2219 acceptabile
3271 2148 3536 2222 jejunium
3572 2162 3841 2218 nostrum,

2248 2255 2304 2308 et
2332 2261 2430 2302 nos
2487 2261 2518 2302 a
2569 2244 2703 2309 cibis
2741 2243 3093 2318 jejunantes,
3125 2244 3357 2314 peccatis
3406 2242 3686 2312 absolvas.
3739 2243 3844 2310 Per

2248 2338 2544 2402 Christum.
2880 2417 2883 2420 _

2317 2455 2400 2510 Ad
2420 2451 2808 2524 Complenduut.
2833 2478 2903 2501 -—.
2931 2449 3030 2512 Tui
3055 2491 3070 2516 ,
3096 2449 3322 2516 Domine
3339 2490 3354 2516 ,
3381 2451 3740 2519 perceptione
3759 2463 3842 2506 sa-

2247 2547 2506 2601 cramenti
2526 2587 2540 2612 ,
2567 2555 2620 2600 et
2650 2561 2679 2598 a
2709 2544 2906 2599 nostris
2939 2543 3259 2598 mundemur
3278 2544 3530 2612 occultis,
3561 2553 3620 2612 et
3647 2544 3719 2599 ab
3751 2544 3849 2615 h9-

2244 2636 2406 2695 Itium
2438 2637 2726 2692 liberemur
2753 2635 2982 2696 insidiis.
3012 2635 3115 2701 Per
3147 2635 3451 2694 Dominum.

2321 2751 2494 2824 Super
2541 2757 2808 2822 populum.
2848 2783 2919 2793 --
2949 2752 3156 2806 Mentes
3196 2761 3436 2816 nostras,
3497 2764 3849 2820 quasumus,

2246 2843 2502 2911 Domine,
2559 2845 2760 2900 lumine
2809 2852 2916 2900 tua:
2954 2845 3210 2900 claritatis
3257 2844 3496 2909 illustra,
3553 2852 3615 2898 ut
3663 2843 3850 2899 uidere

2244 2939 2516 3010 possimus
2541 2953 2658 3007 qua:
2697 2938 2899 3007 agenda
2927 2945 3082 3004 sunt,
3114 2946 3167 2991 et
3194 2951 3313 3006 qua;
3340 2946 3496 2993 recta
3528 2947 3664 2992 sunt
3694 2950 3856 3007 agere

2243 3035 2541 3088 valeamus.
2572 3032 2674 3086 Per
2700 3032 2981 3086 Dominum
3009 3039 3269 3084 nostrum.

2530 3159 2683 3199 FIRIA
2727 3155 2748 3182 ο
2789 3157 2822 3195 ν
2861 3156 3017 3195 ῙΝΤΒΑ
3068 3152 3544 3202 QUADRAGESIIIAM.

2311 3249 2556 3321 Suscipe,
2583 3263 2909 3318 quaesumus,
2939 3247 3183 3314 Domine,
3202 3260 3388 3322 preces
3411 3255 3667 3314 nostras,
3702 3254 3760 3302 et
3789 3245 3856 3300 ad

2239 3357 2396 3398 aures
2443 3329 2830 3396 misericordia:
2877 3350 2978 3393 tuae
3029 3339 3410 3410 posmlationes
3452 3353 3706 3398 sacratis
3765 3339 3860 3398 tibi

2235 3435 2411 3506 plebis
2443 3433 2682 3488 admitte.
2711 3432 2812 3487 Per
2845 3431 3150 3488 Dominum.

2309 3547 2477 3616 Super
2515 3546 2703 3600 oblata.
2742 3576 2811 3586 —
2847 3545 3114 3601 Sacriﬁcia
3139 3587 3152 3610 ,
3189 3543 3450 3612 Domine,
3488 3561 3860 3618 quaesumus,

2236 3641 2336 3696 ista
2365 3653 2464 3694 nos
2491 3639 2736 3701 salvettt.
2778 3654 2902 3698 auat
2943 3638 3351 3708 medicinalibus
3395 3650 3540 3710 sunt
3600 3644 3858 3698 instituta

2231 3730 2475 3803 jejuniis.
2510 3730 2632 3796 Per.

2307 3847 2411 3919 ἀι
2457 3845 2722 3914 Ρναιίεισίο.
2772 3873 2842 3884 -
2901 3842 3036 3898 Vere
3090 3842 3304 3912 dignum
3358 3853 3416 3898 et
3465 3845 3691 3914 justum
3743 3855 3860 3912 est,

2236 3926 2444 4008 aequum
2470 3946 2523 3991 et
2546 3936 2802 4001 salutare,
2836 3949 2934 3988 nos
2966 3934 3059 3988 tibi
3089 3949 3302 4002 semper
3348 3943 3407 3989 et
3463 3939 3692 4008 ubique
3741 3955 3871 4010 κη-

2237 4034 2339 4087 tias
2367 4044 2542 4100 agere,
2581 4029 2803 4082 Domine
2832 4037 3036 4095 sancte,
3059 4027 3217 4082 Pater
3242 4029 3632 4098 omnipotens,
3655 4043 3870 4087 mterne

2235 4122 2379 4178 Deus
2413 4139 2425 4173 :
2460 4120 2580 4189 quia
2607 4128 2980 4189 competenter
3023 4129 3180 4189 atque
3231 4120 3546 4176 salubriter
3598 4126 3875 4194 religiosa

2237 4226 2361 4274 sunt
2390 4215 2540 4270 nobis
2570 4215 2808 4269 instituta
2839 4213 3064 4282 jejunia,
3092 4224 3144 4266 ut
3171 4229 3460 4282 corporum
3486 4216 3877 4287 iucunditatis

2241 4309 2627 4365 immoderatas
2655 4318 2998 4360 coerceamus
3024 4304 3320 4370 illecebras,
3342 4315 3402 4358 et
3432 4319 3693 4365 terrente
3727 4311 3886 4366 dele-

2233 4403 2486 4466 ctationis
2537 4401 2821 4466 insolentia
2879 4398 3187 4464 refrenato,
3232 4399 3423 4468 purior
3477 4412 3662 4474 atque
3715 4415 3881 4475 "an-

2233 4497 2450 4567 quillior
2476 4496 2739 4564 appetitus
2768 4493 2834 4548 ad
2866 4491 3104 4549 cmlestia
3150 4495 3597 4562 contemplanda
3650 4510 3884 4571 nam,

2235 4591 2317 4650 ria
2347 4589 2579 4646 fidelium
2609 4586 2862 4642 reddatur
2875 4586 3197 4650 animarum.
3225 4584 3326 4638 Per
3345 4586 3661 4656 Christum
3683 4591 3885 4654 υοωί-

540 4715 602 4762 ut
631 4713 682 4758 et
710 4699 1026 4771 temporalis
1059 4701 1184 4754 vita:
1213 4697 1322 4770 40
1364 4695 1518 4752 nobis
1543 4696 1694 4766 (“217)
1731 4696 1970 4750 remedio
2007 4713 2128 4767 pro-
2154 4691 2208 4751 D
2233 4696 2359 4736 nnm
2393 4688 2658 4734 nostrum.

540 4797 793 4870 ycniant,
825 4802 884 4856 et
932 4803 1169 4848 aeternae.
1219 4790 1322 4848 Per
1351 4788 1635 4850 Dominum
1676 4798 1916 4849 nostrum
1947 4787 2128 4846 Jesum

538 4891 838 4949 Christum.

617 4988 787 5055 Super
837 4981 1106 5053 populum.
1131 5008 1210 5051 _.-—
1236 4975 1546 5034 Ascendant
1593 4974 1661 5030 ad
1717 4982 1803 5042 te,
1866 4973 2125 5043 Domine,

540 5092 731 5149 preces
769 5085 998 5139 nostrae,
1033 5082 1094 5128 et
1133 5071 1202 5126 ab
1239 5070 1486 5130 Ecclesia
1534 5077 1624 5123 tua
1650 5077 1896 5124 cunctam
1929 5071 2130 5140 repelle

541 5170 860 5240 nequitiam.
887 5169 1012 5225 Per.

953 5257 981 5298 δ
1023 5272 1179 5314 retin
1217 5271 1274 5311 tv
1312 5269 1497 5311 IIBNSIS
1537 5269 1700 5310 Phill.

535 5401 538 5406 .
615 5355 808 5412 Preces
858 5360 1097 5418 nostras,
1144 5364 1489 5420 quaesumus,
1547 5348 1792 5417 Domine,
1829 5348 2124 5414 clementer

614 5477 639 5504 ⁸
673 5469 846 5524 Statio
878 5468 1034 5535 huius
1055 5467 1158 5522 diei
1183 5482 1248 5521 ex
1281 5466 1484 5522 Pisaei.
1516 5476 1562 5516 et
1591 5463 1816 5520 Kalend.
1846 5465 2002 5520 Rom.
2039 5474 2124 5520 est

541 5542 613 5594 ad
644 5552 870 5594 sanctum
912 5540 1254 5592 Anastnsinm.
1284 5539 1424 5593 Idem
1466 5539 1721 5599 Evangei.
1755 5536 2122 5603 pra’scribilttr

583 5613 682 5664 uod
716 5613 764 5662 in
801 5611 1056 5664 hodierno
1096 5610 1274 5665 oflicio
1297 5619 1496 5664 exstat.
1541 5607 1681 5661 ldum
1718 5607 2120 5675 intelligendum

578 5698 610 5736 e
638 5693 754 5735 etet.
783 5681 927 5735 fertis
947 5722 962 5745 ,
999 5683 1098 5736 nisi
1129 5685 1282 5736 aliter
1307 5691 1543 5733 notetur.

613 5753 639 5792 ι)
661 5753 806 5812 Apud
825 5754 1054 5807 Putat-1.:
1088 5752 1209 5807 Fer.
1238 5752 1268 5804 4
1292 5751 1621 5805 hebdomadm
1639 5751 1818 5816 prium
1849 5747 2115 5814 Quadrati.

541 5828 610 5878 ad
633 5837 859 5879 sanctam
895 5826 1030 5880 Mar.
1065 5826 1338 5890 Maiorem.
1371 5824 1424 5877 In
1461 5821 1681 5876 Kalend.
1714 5822 1754 5871 Β
1798 5835 1871 5872 m.
1903 5834 1918 5871 :
1946 5818 2119 5870 Mense

542 5899 739 5968 primo,
771 5899 837 5950 ad
866 5908 1090 5952 sanctam
1140 5896 1384 5949 Mariam.
1432 5892 1609 5945 Codex
1662 5890 1790 5958 lieg.
1825 5890 1982 5943 Suec.
2023 5902 2120 5957 pa-

2309 4791 2386 4846 Ad
2411 4790 2802 4861 Compleudum.
2835 4817 2905 4846 —
2946 4789 3182 4845 Tuorum
3218 4801 3338 4856 nos,
3371 4788 3665 4862 Domine,
3703 4797 3888 4869 ιρι-εί-

2234 4893 2343 4939 tate
2365 4884 2653 4950 donorum,
2687 4892 2742 4936 et
2789 4880 3172 4950 temporalibus
3197 4879 3393 4934 attolle
3457 4889 3797 4958 prasidiis,
3835 4897 3894 4946 ει

2232 4993 2432 5035 renova
2462 4976 2825 5045 sempiternis.
2857 4974 2960 5028 Per
2991 4973 3273 5026 Dominum
3297 4984 3609 5032 nostrum.

2305 5069 2474 5134 Super
2497 5069 2764 5137 populum.
2811 5093 2881 5105 -—-
2933 5065 3031 5127 Da,
3065 5077 3404 5133 quaesumus,
3450 5068 3745 5141 Domine,
3778 5091 3899 5146 po-

2224 5161 2373 5232 pulis
2417 5159 2761 5219 Christianis,
2789 5164 2847 5208 et
2879 5171 2998 5224 qua:
3044 5155 3366 5222 profitentur
3417 5175 3795 5230 agnoscere,
3833 5177 3895 5222 et

2231 5258 2452 5314 caeleste
2482 5269 2677 5311 munus
2711 5253 2930 5320 diligere
2967 5251 3107 5320 quod
3152 5250 3551 5320 frequentant.
3611 5261 3733 5318 Per
3787 5265 3904 5320 Do-

2231 5365 2460 5407 Imaum.

2229 5480 2452 5533 rutnper
2480 5463 2730 5517 dissentit
2752 5475 2777 5512 a
2805 5458 3004 5533 Pamel.

2303 5550 2323 5576 ε
2361 5529 2586 5590 Kalend.
2617 5533 2820 5607 RttmL:
2855 5531 2933 5607 Ad
2955 5538 3184 5607 sanctum
3209 5529 3614 5607 Laurentium,
3647 5548 3729 5599 ad
3753 5546 3904 5602 For-

2227 5623 2502 5668 momum,
2555 5603 2692 5676 quod
2756 5601 2958 5676 Fame].
3019 5601 3395 5676 Mh'bei-_Pl'0
3445 5601 3699 5670 diversa
3762 5601 3904 5676 lect.

2227 5681 2380 5744 ΑριιιΙ
2409 5691 2528 5730 eum
2582 5674 2772 5748 legitur
2798 5673 2916 5748 :_Ad
2964 5683 3204 5748 sanctum
3237 5670 3420 5748 Laur.
3466 5680 3619 5743 [υνδε
3646 5670 3906 5748 mag;

2227 5743 2386 5803 Favet
2422 5750 2623 5818 primus
2655 5744 2884 5810 Tlteud.,
2921 5752 2975 5797 at
3008 5743 3273 5798 secundus
3315 5746 3515 5804 hanc;
3563 5773 3577 5807 ε
3621 5762 3714 5813 Ad

2228 5832 2356 5874 rem.
2391 5820 2440 5871 in
2465 5815 2737 5871 Formosa.
