4064 6350
591 374 661 431 6'5
1799 374 2042 433 SANCTI
2081 370 2408 428 GREGORII
2445 372 2659 431 MAGNI
3773 391 3845 450 δ’

591 488 836 557 Domine,
883 490 1196 561 propitiatus
1236 478 1464 558 illustra,
1508 498 1569 548 ut
1606 489 1959 560 beneplacitis
1994 489 2163 544 inhae-
2190 495 2477 559 Aquoque
2524 490 2670 546 vitiis
2713 504 2928 549 cessare
2966 494 3224 553 concede.
3266 496 3371 554 Per
3411 497 3695 557 Dominum
3744 518 3845 559 no-

590 589 794 652 rendo.
835 599 1022 645 cuncta
1063 602 1184 659 quae
1221 588 1363 643 bona
1402 597 1529 644 sunt
1575 594 1845 644 mereatur
1896 585 2161 655 accipere.

590 680 715 738 Per.

875 760 899 787 ⁸
940 768 1096 807 ΙἚΒΙᾹ
1137 767 1177 808 II
1204 767 1257 808 IN
1293 765 1609 808 BEBDOIADA
1644 763 1897 805 εΕευΝιδλ.

659 843 882 911 Praesta,
910 858 1241 913 quaesumus,
1291 844 1624 911 omnipotens
1671 840 1832 907 Deus,
1864 848 1923 894 ut
1968 838 2162 894 familia

590 943 680 991 tua
724 935 878 1006 (220)
926 951 1046 1005 quae
1090 950 1169 1001 se,
1218 933 1498 1004 affligendo
1538 946 1734 999 carne,
1784 934 1851 986 ab
1897 931 2164 986 alimentis

588 1027 840 1095 abstinet,
883 1026 1137 1083 sectando
1172 1026 1434 1095 justitiam
1486 1038 1517 1077 a
1570 1025 1727 1092 culpa
1765 1022 1991 1093 jejunet.
2039 1022 2160 1076 Per.

661 1118 830 1191 Super
851 1118 1045 1174 oblata.
1072 1149 1142 1159 ——
1170 1117 1294 1171 Hzec
1320 1115 1525 1181 Hostia,
1553 1116 1801 1181 Domine,
1851 1113 2163 1183 placationis

589 1218 645 1266 et
673 1211 840 1265 laudis
865 1220 951 1264 tua
983 1225 1080 1265 nos
1108 1207 1480 1278 prOpitiationc
1509 1206 1696 1277 dignos
1717 1205 1932 1261 efﬁciat.
1964 1205 2088 1261 Per.

659 1301 932 1370 Prwfatio.
958 1331 1030 1343 -—
1058 1300 1198 1354 Vere
1228 1298 1442 1368 dignum
1473 1308 1527 1353 et
1568 1298 1767 1367 justum
1817 1306 1919 1352 est.
1950 1312 2161 1365 acquum

590 1399 645 1448 et
668 1392 921 1458 salutare,
945 1390 1055 1462 44
1085 1404 1180 1444 nos
1228 1390 1320 1444 tibi
1362 1403 1573 1456 semper
1616 1396 1671 1443 et
1716 1388 1909 1457 ubique
1962 1396 2160 1458 gratias

592 1499 788 1553 agere,
844 1484 1066 1537 Domine
1111 1489 1316 1547 sancte,
1368 1480 1525 1534 Pater
1571 1479 1930 1547 omnipotens,
1962 1491 2162 1535 aeterne

589 1574 729 1630 Deus
755 1592 768 1627 :
794 1582 848 1629 et
874 1581 1122 1643 pietatem
1143 1580 1283 1626 tuam
1301 1572 1521 1641 supplici
1539 1570 1823 1626 devotione
1845 1570 2157 1639 deposcere,

588 1675 646 1721 ut
670 1666 860 1735 jejunii
890 1665 1061 1720 nostri
1109 1664 1379 1718 oblatione
1423 1664 1682 1733 placatus,
1715 1671 1769 1717 et
1818 1672 2158 1732 peccatorum

587 1758 740 1812 nobis
779 1758 1045 1813 concedas
1071 1757 1305 1822 veniam,
1340 1763 1393 1809 ct
1424 1770 1521 1809 nos
1547 1770 1576 1808 a
1604 1755 1778 1809 noxiis
1799 1754 1996 1811 liberes
2024 1756 2158 1810 insi-

586 1847 711 1903 diis.
745 1847 849 1905 Per
877 1848 1145 1904 Christum
1172 1847 1457 1901 Dominum
1480 1855 1740 1901 nostrum.

656 1939 735 1992 Ad
762 1938 1149 2007 Complendum.
1180 1967 1249 1978 —
1277 1938 1403 1993 Haec
1429 1952 1527 1992 nos
1554 1938 1877 2002 communio,
1909 1930 2155 2005 Domine,

585 2041 773 2105 purget
796 2049 823 2087 a
856 2034 1099 2101 crimine,
1127 2041 1180 2087 et
1199 2032 1435 2089 caelestis
1458 2031 1682 2088 remedii
1709 2031 1868 2085 faciat
1888 2046 2006 2086 esse
2031 2047 2159 2086 con-

585 2137 781 2181 sortes.
812 2126 933 2184 Per:

657 2219 827 2287 Super
858 2218 1125 2287 populum.
1157 2247 1225 2258 ——
1244 2216 1396 2277 Tuis.
1418 2231 1744 2286 qucesumus,
1772 2215 2011 2282 Domine,
2034 2216 2161 2271 ade-

584 2317 668 2364 sto
694 2310 1040 2379 supplicibus,
1069 2320 1123 2364 et
1144 2310 1281 2365 inter
1301 2310 1583 2363 mundanae
1634 2309 1912 2378 pravitatis
1940 2308 2160 2362 insidias

584 2402 929 2473 fragilitatem
956 2410 1193 2457 nostram
1222 2403 1547 2472 sempiterna
1579 2401 1777 2470 pietate
1813 2414 2155 2469 prosequere.

584 2490 707 2549 Per.

866 2582 895 2623 ι)
922 2600 1077 2640 FERIA
1101 2598 1160 2639 ut
1185 2598 1237 2639 1N
1276 2597 1592 2639 nsnnouana
1621 2596 1875 2637 securos.

654 2678 877 2745 Perﬁce,
929 2693 1255 2748 quazsumus,
1312 2676 1557 2741 Domine,
1588 2674 1853 2746 benignus
1902 2674 1957 2728 in
2008 2674 2161 2728 nobis

584 2772 931 2829 observantiae
962 2781 1162 2828 sancta
1194 2770 1510 2839 subsidium,
1546 2780 1601 2824 ut
1627 2784 1745 2838 qua:
1774 2780 1823 2823 te
1843 2778 2061 2823 auctore
2087 2769 2162 2822 fa-

583 2865 773 2919 cienda
802 2865 1169 2933 cognovimus,
1203 2872 1256 2919 te
1281 2872 1537 2933 operante
1563 2862 1898 2932 impleamus.
1929 2860 2031 2917 Per
2055 2860 2161 2914 Do-

582 2959 802 3012 minum.

653 3051 821 3121 Super
844 3049 1122 3104 oblata.—
1152 3048 1641 3104 Sanctificationem
1671 3057 1815 3103 tuam
1839 3046 2025 3113 nobis,
2052 3046 2159 3101 Do-

583 3142 724 3196 mine
748 3182 763 3207 ,
796 3141 879 3196 bis
922 3142 1195 3212 mysteriis
1242 3142 1478 3211 placatus
1509 3155 1758 3209 operare,
1789 3154 1907 3209 quas
1930 3154 2027 3193 nos
2047 3146 2102 3191 et
2129 3154 2158 3193 a

2268 589 2463 635 strum.

2339 673 2508 741 Super
2536 672 2725 729 oblata.
2753 703 2826 716 -—
2853 674 3094 744 Hostias,
3128 676 3355 735 Domine
3374 721 3389 747 ,
3419 696 3549 751 quas
3580 682 3673 739 tibi
3705 684 3840 741 olfe-

2265 765 2466 832 rimus,
2508 765 2766 835 propitius
2805 766 3046 835 respice,
3087 778 3139 824 et
3186 785 3284 841 per
3328 774 3444 827 haec
3479 782 3663 829 sancta
3700 790 3844 830 com-

2265 857 2463 912 mercia
2506 857 2713 912 vincula
2742 869 3077 927 peccatorum
3118 870 3423 918 nostrorum
3474 866 3708 921 absolve.
3740 867 3842 924 Per

2265 948 2567 1003 Dominum.

2337 1037 2605 1108 Prwfalio.
2640 1066 2711 1079 -
2743 1040 2877 1095 Vere
2906 1040 3123 1111 dignum
3168 1052 3222 1098 et
3245 1045 3444 1114 justum
3476 1055 3590 1113 est,
3631 1063 3842 1119 aequum

2264 1134 2318 1183 et
2344 1129 2608 1198 salutare,
2643 1144 2742 1186 nos
2767 1131 2862 1185 tibi
2893 1146 3105 1201 semper
3130 1143 3184 1189 et
3215 1135 3407 1206 ubique
3433 1140 3630 1208 gratias
3657 1155 3836 1209 agere,

2264 1220 2488 1276 Domine
2536 1232 2748 1288 sancte,
2800 1222 2958 1278 Pater
3002 1228 3375 1295 omnipotens,
3425 1240 3624 1284 aeterne
3666 1233 3834 1297 Deus,

2264 1326 2358 1381 per
2384 1311 2652 1367 Christum
2679 1312 2960 1368 Dominum
3002 1324 3265 1372 nostrum.
3308 1317 3413 1373 Per
3439 1334 3592 1387 quem
3626 1319 3844 1378 humani

2262 1403 2475 1472 generis
2520 1403 3007 1460 reconciliationem
3038 1405 3266 1460 mirabili
3294 1407 3689 1477 dispensatione
3713 1426 3841 1481 ope-

2262 1503 2408 1549 ratus
2449 1508 2543 1564 es,
2592 1504 2815 1564 praesta,
2858 1511 3200 1566 quaesumus,
3242 1508 3298 1553 ut
3344 1507 3531 1554 sancto
3570 1502 3836 1571 puriﬁcati

2262 1583 2498 1655 jejunio,
2530 1594 2583 1641 et
2616 1586 2865 1665 tibi,toto
2905 1587 3070 1644 corde
3114 1588 3281 1643 simus
3318 1590 3577 1661 subjecti,
3606 1603 3661 1647 et
3700 1593 3840 1648 inter

2265 1677 2554 1733 mundanae
2581 1678 2857 1749 pravitatis
2888 1679 3106 1735 insidias
3125 1720 3139 1746 ,
3189 1691 3239 1736 te
3263 1679 3549 1736 miserante
3588 1696 3842 1751 perseve-

2266 1785 2449 1824 remus
2476 1770 2653 1825 illtesi.
2690 1770 2792 1826 Per
2820 1786 2977 1841 quem
3006 1770 3357 1842 Majestatem.

2185 1875 2233 1936 Β
2334 1863 2415 1917 Ad
2445 1863 2837 1934 Complendunt.
2868 1893 2937 1905 --
2966 1865 3224 1933 Sumptis,
3257 1864 3500 1930 Domine,
3534 1879 3841 1920 sacramen-

2262 1958 2364 2028 tis,
2398 1960 2462 2014 ad
2492 1959 2643 2030 (221)
2674 1960 3053 2029 redemptionis
3079 1968 3325 2026 aeternae,
3358 1974 3681 2028 quaesumus,
3714 1974 3845 2029 pro-

2260 2050 2500 2105 ficiamus
2529 2060 2892 2121 augmentum.
2922 2052 3022 2106 Per
3048 2051 3347 2105 Dominum.

2337 2144 2508 2215 Super
2536 2144 2804 2214 papulum.
2835 2173 2906 2185 --
2935 2143 3107 2209 Deus,
3138 2142 3453 2197 innocentiae
3481 2144 3762 2198 restitutor
3791 2152 3847 2200 et

2262 2243 2494 2299 amator,
2518 2236 2686 2304 dirige
2713 2236 2777 2289 ad
2806 2243 2856 2289 te
2882 2244 3090 2289 tuorum
3117 2235 3281 2289 corda
3306 2248 3580 2289 servorum
3600 2274 3616 2301 ,
3644 2244 3705 2288 ut
3731 2237 3847 2304 spi-

2261 2326 2396 2380 ritus
2446 2325 2520 2379 tui
2566 2326 2782 2380 fervore
2827 2336 3115 2394 concepto,
3164 2336 3218 2380 et
3257 2325 3311 2380 in
3358 2324 3464 2378 fide
3506 2326 3844 2382 inveniamur

2262 2414 2478 2471 stabiles
2498 2454 2512 2480 ,
2544 2422 2599 2469 et
2624 2415 2675 2468 in
2706 2429 2869 2483 Opere
2895 2414 3161 2470 efﬁcaces.
3192 2411 3294 2468 Per
3323 2413 3624 2467 Dominum.

2536 2506 2561 2543 α
2603 2522 2761 2562 rem;
2796 2523 2831 2562 v
2869 2522 2922 2562 IN
2960 2522 3276 2562 BBBDOHADA
3312 2520 3572 2561 saeuum.

2332 2598 2531 2653 Praesta
2562 2598 2715 2652 nobis
2734 2638 2750 2665 ,
2781 2597 3037 2664 Domine,
3066 2612 3403 2668 qumsumus,
3433 2597 3683 2652 auxilium
3713 2613 3843 2667 gra-

2240 2687 2347 2741 tia:
2379 2699 2514 2754 tuac,
2548 2696 2638 2751 ut,
2666 2687 2889 2757 jejuniis
2910 2696 2963 2741 et
2988 2688 3320 2743 orationibus
3346 2688 3727 2743 convenienter
3761 2688 3847 2742 in-

2264 2778 2395 2833 tenti
2416 2819 2433 2845 ,
2466 2778 2754 2835 liberemur
2782 2779 2850 2835 ab
2877 2779 3119 2834 hostibus
3148 2779 3342 2835 mentis
3368 2788 3422 2834 et
3450 2780 3708 2849 corporis.
3742 2781 3847 2836 Per

2263 2870 2575 2926 Dominum.

2333 2963 2505 3031 Super
2534 2962 2722 3017 oblata.
2754 2993 2826 3003 —
2852 2962 3085 3033 Accepta
3117 2961 3215 3018 tibi
3244 2963 3383 3030 sint,
3413 2962 3666 3029 Domine,
3699 2980 3849 3033 quae-

2262 3069 2467 3120 sumus,
2493 3057 2661 3110 nostri
2693 3055 2831 3110 dona
2858 3055 3049 3125 jejunii
3069 3097 3085 3123 ,
3115 3071 3234 3125 quae
3254 3066 3307 3110 et
3332 3057 3608 3125 expiando
3631 3072 3726 3111 nos
3757 3069 3850 3113 tua

2262 3148 2435 3218 gratia
2479 3148 2672 3216 dignos
2718 3146 2991 3213 efﬁciant,
3033 3156 3087 3201 et
3120 3147 3187 3201 ad
3229 3150 3553 3216 sempiterna
3582 3150 3851 3218 promissa

583 3230 808 3287 terrenis
840 3240 1029 3303 purget
1056 3231 1223 3301 vitiis,
1252 3242 1305 3287 et
1325 3230 1393 3286 ad
1425 3230 1670 3287 cmlestia
1706 3231 1845 3285 dona
1875 3229 2153 3299 perducat.
2185 3264 2231 3327 α
2263 3241 2576 3310 perducam,
2609 3240 2732 3295 Per,

585 3325 691 3381 Per
721 3324 1028 3379 Dominum.

654 3416 926 3487 Praefatio.
960 3447 1029 3458 ——
1052 3417 1189 3473 Vere
1216 3416 1430 3486 dignum
1462 3425 1517 3471 et
1559 3416 1765 3485 justum
1805 3422 1920 3480 est,
1951 3429 2159 3484 aequum

590 3515 647 3563 et
674 3508 927 3574 salutare,
958 3523 1056 3563 nos
1084 3508 1179 3562 tibi
1207 3523 1420 3576 semper
1448 3516 1501 3563 et
1524 3508 1722 3576 ubique
1753 3508 2159 3576 gratias‘agere,

585 3598 814 3655 Domine
841 3609 1046 3666 sancte,
1070 3600 1227 3654 Pater
1248 3600 1610 3669 omnipotens,
1635 3612 1835 3654 teterne
1859 3600 1998 3653 Deus
2026 3613 2047 3652 :
2074 3598 2161 3665 qui

585 3691 656 3745 ob
682 3692 981 3746 animarum
1031 3691 1295 3746 medelam
1335 3691 1528 3761 jejunii
1577 3690 1861 3745 devotione
1911 3688 2164 3758 castigari

586 3799 811 3854 corpora
857 3786 1194 3856 praecepisti;
1242 3784 1495 3849 concede,
1529 3800 1853 3854 quaesumus,
1901 3790 1957 3835 ut
2002 3782 2163 3836 corda

586 3886 771 3932 nostra
800 3876 870 3931 ita
903 3878 1114 3947 pietatis
1158 3886 1262 3933 tua:
1316 3878 1527 3933 valeant
1578 3891 1837 3933 exercere
1892 3876 2162 3945 mandata,

588 3977 649 4025 ut
676 3969 742 4023 ad
774 3977 861 4023 tua
893 3985 1217 4037 mereamur,
1263 3978 1315 4024 te
1342 3971 1661 4039 cpitulante,
1693 3967 1977 4036 pervenire
2032 3980 2158 4035 pro-

589 4062 777 4115 missa.
810 4063 912 4116 Per
942 4063 1222 4117 Dominum
1252 4071 1516 4116 nostrum.

664 4153 739 4206 Ad
774 4152 1161 4217 Complendum.
1186 4183 1257 4194 —
1282 4154 1349 4209 Ut
1371 4152 1563 4220 sacris,
1595 4150 1851 4216 Domine,
1878 4148 2169 4205 reddamur

590 4240 737 4312 digni
768 4242 1078 4296 muneribus
1110 4260 1123 4296 :
1156 4241 1239 4295 fac
1284 4257 1381 4295 nos
1423 4243 1550 4307 tuis,
1595 4256 1920 4312 quaesumus,
1953 4240 2169 4295 obedire

590 4331 874 4389 mandatis.
910 4333 1011 4389 Per
1039 4334 1319 4388 Dominum
1350 4342 1613 4387 nostrum.

664 4426 836 4495 Super
866 4427 1131 4498 papulum.
1162 4425 1456 4481 —Pra:sta
1505 4426 1699 4495 populo
1744 4435 1860 4491 tuo,
1920 4426 2164 4495 Domine,

589 4536 925 4591 quzesumus,
950 4519 1340 4576 consolationis
1390 4520 1664 4586 auxilium,
1701 4528 1753 4573 et
1783 4518 2046 4573 diuturnis
2075 4534 2169 4573 ca-

2337 3329 2606 3398 Prwfatio.
2635 3359 2708 3371 —
2734 3330 2872 3385 Vere
2902 3330 3120 3400 dignum
3149 3339 3203 3387 et
3226 3332 3431 3401 justum
3474 3342 3584 3398 est,
3631 3348 3853 3403 aequum

2266 3427 2324 3474 et
2348 3421 2603 3487 salutare,
2635 3434 2733 3474 nos
2761 3421 2855 3474 tibi
2888 3435 3097 3490 semper
3128 3431 3180 3475 et
3207 3422 3404 3492 ubique
3430 3424 3628 3492 gratias
3658 3439 3852 3493 agere,

2266 3510 2493 3564 Domine
2536 3520 2755 3576 sancte,
2800 3508 2960 3564 Pater
3002 3512 3373 3579 omnipotens,
3415 3520 3614 3566 aiterne
3661 3513 3853 3568 Deus:

2267 3611 2321 3659 et
2362 3610 2504 3658 tuam
2547 3618 2665 3658 cum
2710 3603 3068 3658 celebratione
3105 3602 3302 3674 jejunii
3346 3603 3596 3672 pietatem
3636 3603 3856 3661 devotis

2268 3694 2539 3750 mentibus
2568 3693 2889 3759 obsecrare,
2924 3702 2981 3747 ut
3010 3693 3135 3761 qui,
3172 3694 3401 3761 peccatis
3444 3693 3854 3762 ingruentibus,

2267 3788 2529 3841 malorum
2562 3784 2798 3853 pondere
2825 3782 3136 3853 premimur,
3166 3792 3221 3838 et
3261 3798 3289 3835 a
3333 3784 3563 3851 peccatis
3600 3784 3860 3840 omnibus

2269 3877 2576 3944 liberemur,
2603 3884 2658 3929 et
2686 3875 2851 3930 libera
2880 3874 2977 3928 tibi
3006 3880 3185 3929 mente
3214 3874 3549 3931 famulemur.
3572 3876 3671 3930 Per
3691 3876 3857 3932 Chri-

2268 3979 2408 4026 stum
2438 3971 2720 4025 Dominum
2750 3977 3012 4024 nostrum.

2345 4063 2429 4118 Ad
2468 4062 2857 4133 Complendum.
2892 4091 2957 4101 —
2986 4061 3166 4117 Gratia
3206 4069 3293 4116 tua
3331 4075 3430 4116 nos
3453 4102 3469 4128 ,
3509 4074 3856 4131 quazsumus,

2269 4155 2527 4222 Domine,
2557 4170 2663 4209 non
2696 4154 3062 4223 derelinquat,
3094 4167 3212 4221 quae
3238 4162 3293 4208 et
3317 4167 3485 4209 sacrae
3514 4168 3610 4207 nos
3640 4151 3858 4209 deditos

2276 4248 2435 4304 faciat
2464 4248 2747 4314 servituti,
2775 4256 2829 4302 et
2859 4257 3001 4301 tuam
3030 4245 3186 4301 nobis
3225 4260 3381 4316 opem
3419 4260 3630 4314 semper
3669 4248 3859 4315 acqui-

2269 4349 2374 4395 rat.
2409 4340 2512 4395 Per
2542 4337 2825 4393 Dominum
2854 4343 3116 4391 nostrum.

2344 4432 2453 4503 46
2483 4432 2655 4501 Super
2686 4430 2954 4499 populum.
2984 4457 3056 4468 —
3082 4426 3281 4482 Adesto
3302 4466 3316 4492 ,
3351 4425 3604 4490 Domine,
3634 4423 3858 4482 famulis

2273 4527 2402 4591 tuis,
2426 4534 2480 4580 et
2504 4532 2813 4594 perpetuam
2840 4521 3217 4591 benignitatem
3243 4518 3436 4587 largire
3465 4516 3815 4586 poscentibus
3833 4560 3849 4583 ,

591 4612 918 4668 lamitatibus
948 4613 1276 4667 laborantem
1307 4610 1569 4680 propitius
1596 4609 1865 4675 respirare
1906 4608 2162 4663 concede.
2197 4645 2251 4704 D
2275 4623 2335 4671 ut
2366 4616 2447 4669 his
2473 4615 2562 4684 qui
2596 4624 2650 4668 re
2689 4621 2910 4667 auctore
2954 4621 3008 4665 et
3047 4610 3404 4682 gubernatore
3445 4607 3756 4677 gloriantur,
3804 4616 3858 4664 et

589 4701 697 4759 Per
724 4704 990 4759 Christum
1021 4703 1302 4756 Dominum
1335 4710 1598 4755 nostrum.

874 4813 1031 4854 FERIA
1066 4808 1089 4837 ο
1119 4813 1171 4851 ιν
1199 4812 1249 4851 ΙΝ
1286 4810 1604 4850 BEBDOMADA
1628 4806 1885 4847 SECUNDA.

666 4890 921 4959 Populum
950 4899 1119 4959 tuum,
1145 4888 1391 4953 Domine,
1418 4885 1676 4956 propitius
1708 4884 1949 4952 respice,
1981 4882 2086 4954 [‘5
2116 4893 2171 4938 et

590 4995 727 5052 quos
755 4981 821 5035 ab
850 4981 990 5035 escis
1016 4980 1318 5035 carnalibus
1348 4976 1594 5046 praecipis
1620 4977 1918 5034 abstinere.
1938 4989 1967 5027 a
1994 4974 2166 5030 noxiis

661 5125 687 5153 ⁸
727 5116 880 5181 Apud
907 5116 1220 5178 Pamelium,
1246 5112 1700 5168 consentientibus
1724 5111 1847 5166 Mss.
1875 5114 2007 5179 Reg.
2032 5110 2164 5166 Sue-

591 5189 712 5251 cim,
746 5188 980 5253 Gemet.,
1007 5187 1212 5241 duobus
1233 5184 1461 5249 Theod.,
1494 5198 1700 5238 necnon
1732 5182 1957 5237 Kalend.
1984 5182 2161 5248 Rom.,

593 5260 752 5315 statio
782 5267 863 5312 est
892 5260 958 5311 ad
976 5266 1206 5312 sanctum
1233 5256 1555 5310 Clementem.

664 5328 691 5365 ι)
722 5332 776 5384 1η
806 5329 1029 5384 Kalend.
1058 5329 1239 5392 Rom.,
1269 5328 1354 5380 cui
1382 5326 1740 5394 sull‘ragantur
1784 5325 1892 5379 duo
1930 5324 2162 5391 Theod.,

595 5401 755 5455 statio
796 5410 877 5454 cst
902 5400 967 5454 ad
1008 5408 1235 5452 sanctam
1288 5397 1571 5461 Balbinum,
1601 5398 1752 5465 cujus
1802 5396 1936 5449 tituli
1969 5398 2167 5450 mentio

595 5482 679 5525 est
700 5472 751 5525 in
781 5471 984 5541 synodo
1016 5468 1334 5541 habitasub‘
1360 5477 1543 5541 sancto
1593 5466 1867 5541 Gregorio,
1897 5468 2164 5541 utobser-

594 5551 683 5593 vat
735 5538 887 5596 Joan.
932 5542 1148 5595 Fronto.
1183 5538 1337 5604 Apud
1368 5539 1567 5593 Pamel.
1619 5540 1811 5608 legitur
1874 5556 1883 5589 :
1930 5538 2009 5590 Ad
2039 5554 2168 5591 san-

593 5620 729 5663 ctam
755 5614 1012 5671 Albinam.
1037 5621 1089 5665 ct
1116 5610 1167 5663 in
1201 5609 1329 5663 Cod.
1362 5608 1492 5675 Reg.
1524 5611 1706 5676 Suec.,
1741 5608 2028 5663 Salln'nam.

671 5691 699 5751 εἴ
735 5680 903 5736 Statio
939 5683 1091 5751 hujus
1120 5680 1221 5733 diei
1256 5681 1308 5734 in
1336 5680 1561 5734 Kalend.
1597 5681 1775 5745 llom.,
1808 5680 1859 5733 in
1891 5680 2022 5751 Cod.
2059 5679 2167 5732 Pa-

596 5750 726 5805 mcl.
753 5761 807 5805 ct
835 5754 886 5806 in
915 5750 1040 5807 Mss.
1094 5751 1290 5805 nostris
1315 5791 1332 5815 ,
1375 5763 1458 5805 est
1494 5754 1560 5803 ad
1610 5760 1839 5805 sanctam
1889 5750 2168 5813 chiliam,

597 5819 753 5901 cujus
782 5824 915 5877 tituli
950 5823 1188 5878 meminit
1216 5824 1450 5894 synodus
1494 5823 1653 5877 Rom.
1691 5824 1790 5877 sub
1823 5830 2006 5875 nostro
2038 5820 2171 5872 Gre-

600 5904 751 5955 gorio
765 5932 772 5946 .

2275 4713 2594 4773 congregata
2630 4712 2936 4766 restaures,
2978 4710 3034 4756 et
3073 4708 3365 4755 restaurata
3408 4712 3716 4753 conserves.
3750 4697 3858 4753 Per

2276 4795 2578 4851 Dominum.

2532 4892 2556 4921 θ
2596 4898 2755 4939 FERIA
2792 4898 2845 4937 Vl
2884 4898 2936 4937 IN
2973 4895 3294 4937 BBBDOILDA
3332 4892 3589 4933 SECUNDA.

2349 4977 2427 5032 Da
2450 5019 2464 5044 ,
2497 4991 2843 5047 qumsumus,
2878 4976 3214 5044 omnipotens
3246 4974 3419 5034 Deus.
3460 4978 3516 5024 ut
3554 4983 3707 5025 sacro
3752 4985 3859 5028 nos

2344 5113 2369 5151 ἀ
2408 5117 2463 5167 in
2512 5118 2619 5168 hac
2660 5118 2754 5168 fer.
2806 5114 2965 5167 statio
2990 5153 3003 5176 ,
3045 5114 3193 5180 juxta
3226 5109 3324 5164 Ed.
3359 5108 3591 5180 Pamel._,
3622 5121 3856 5165 consen-

2271 5184 2523 5241 tientibus
2552 5184 2683 5239 Cod.
2712 5185 2842 5251 Reg.
2876 5178 3116 5236 Sueclet
3163 5182 3367 5251 duobus
3399 5178 3605 5251 Theod.
3626 5221 3638 5242 ,
3674 5190 3757 5234 est
3782 5198 3857 5234 aa

2270 5267 2501 5309 sanctam
2535 5254 2757 5308 Mariam
2788 5249 2927 5306 trans
2962 5252 3197 5305 Tiberim.
3233 5251 3286 5304 In
3316 5250 3541 5304 Kalend.
3572 5249 3725 5301 Itoni.
3760 5252 3853 5303 ad-

2271 5327 2457 5381 ditur:
2510 5326 2739 5378 Titulum
2782 5324 3012 5377 Callixli.
3046 5323 3447 5376 Observandum
3496 5328 3611 5386 est,
3661 5320 3713 5371 in
3767 5321 3856 5376 his

2272 5397 2707 5469 Quadragesimac
2738 5394 2957 5469 officiis,
2992 5391 3268 5469 Editioucs
3311 5390 3478 5445 Vatic.
3522 5398 3578 5442 et
3616 5388 3831 5444 Gussan

2272 5461 2363 5522 vil.
2400 5461 2615 5536 parum,
2653 5468 2758 5518 imo
2788 5464 2876 5517 vix
2909 5478 2939 5515 a
2971 5471 3147 5515 nostra
3176 5461 3507 5536 discrepare.

2351 5548 2373 5574 ε
2400 5527 2540 5591 Νεε.
2564 5576 2577 5599 ,
2606 5527 2812 5602 quibus
2850 5541 3209 5602 consentanea
3249 5527 3371 5602 sunt
3401 5528 3618 5602 Pamelii
3651 5527 3808 5582 Edita
3834 5547 3848 5582 :

2274 5611 2355 5663 Ad
2380 5619 2610 5662 sanctum
2637 5600 2878 5656 Vilalem.
2904 5607 2974 5655 At
2998 5603 3048 5654 in
3074 5600 3297 5656 Kalend.
3328 5600 3482 5654 Rom.
3510 5600 3701 5667 legitur
3725 5617 3737 5650 :
3769 5601 3855 5653 Ad

2274 5678 2545 5749 Apostolos
2575 5674 2978 5749 ἱηιρτχιξιῖδιξηαε2
3014 5671 3114 5749 nisi
3147 5671 3301 5749 forte.
3334 5686 3431 5749 pro
3473 5672 3623 5734 inter,
3666 5670 3847 5749 legeri-

2274 5739 2399 5805 dum
2431 5750 2499 5802 sit
2522 5748 2572 5799 in
2601 5744 2775 5809 tit.,id
2804 5752 2919 5811 cst,
2962 5744 3015 5794 in
3060 5742 3206 5795 titulo
3243 5740 3491 5807 Vertitur,
3536 5750 3591 5795 ut
3630 5739 3853 5808 conjicit

2276 5822 2429 5876 Joan.
2464 5818 2683 5871 Fronto.
