4064 6350
243 421 302 479 65
1428 431 1634 487 LIBER
1673 431 2307 495 SACRAMENTORUM.
3416 450 3483 507 66

241 540 541 611 puriﬁcante
560 540 793 612 jejunio,
820 542 1042 598 sinceris
1073 544 1343 599 mentibus
1369 544 1436 598 ad
1466 553 1652 599 sancta
1676 559 1806 600 ven-
1833 552 1889 607 Α
1940 553 1944 557 ’
1984 546 2153 619 Super
2193 550 2381 604 oblata.
2431 580 2503 592 —-
2548 551 2803 622 Suscipe,
2844 568 3146 622 quaesumus
3166 598 3182 623 ,
3230 559 3450 616 Domine
3471 604 3486 631 ,

239 642 342 689 tura
370 633 537 690 facias
566 634 864 701 pervenire.
894 634 994 688 Per
1019 633 1303 687 Dominum
1332 641 1593 688 nostrum.

299 726 465 798 Super
493 727 688 782 oblata.
719 756 792 767 ——
821 728 944 781 llaec
976 727 1027 781 in
1062 726 1215 782 nobis
1246 728 1531 793 sacriﬁcia,
1562 727 1727 793 Deus,
1757 734 1813 783 et

231 819 645 885 sanctiﬁcatione
696 829 1080 889 permaneant,
1130 829 1186 875 et
1233 819 1548 889 operatione
1590 820 1810 875 ﬁrmen-

232 920 326 965 tur.
355 910 480 965 Per.

301 1001 575 1070 Prwfatio.
606 1029 677 1045 --
705 1000 844 1056 Vere
871 1001 1085 1071 dignum
1130 1009 1186 1056 et
1212 1002 1415 1071 justum
1447 1011 1566 1069 est,
1598 1017 1809 1072 aequum

229 1103 281 1145 et
310 1095 566 1159 salutare,
611 1109 711 1150 nos
742 1096 834 1149 tibi
863 1111 1076 1166 semper
1100 1106 1156 1152 et
1183 1098 1378 1167 ubique
1400 1098 1598 1167 gratias
1625 1112 1804 1166 agere,

234 1185 451 1240 Domine
488 1195 710 1252 sancte,
753 1186 912 1243 Pater
950 1188 1321 1257 omnipotens,
1371 1199 1570 1242 aeterne
1616 1188 1801 1243 Deus:

225 1275 311 1344 qui
350 1275 730 1344 delinquentes
772 1279 949 1347 perire
986 1295 1093 1334 non
1134 1279 1364 1348 pateris,
1414 1280 1507 1335 sed
1549 1288 1606 1333 ut
1644 1279 1711 1333 ad
1754 1287 1807 1334 te

226 1374 603 1421 convertantur
650 1376 708 1423 et
749 1367 933 1422 vivant
984 1370 1231 1423 hortaris.
1288 1370 1567 1425 Poscimus
1615 1370 1795 1439 itaque

226 1454 467 1522 pietatem
503 1463 651 1510 tuam
693 1466 749 1511 ut
788 1472 817 1511 a
857 1460 1088 1527 peccatis
1133 1462 1329 1515 nostris
1358 1471 1460 1515 tuae
1502 1460 1804 1517 severitatis

224 1547 511 1615 suspendas
551 1547 839 1604 vindictam
864 1592 879 1615 ,
918 1560 973 1606 et
1023 1552 1173 1607 nobis
1212 1562 1447 1622 optatam
1487 1555 1798 1609 misericor-

223 1633 356 1690 diter
402 1636 609 1692 tribuas
661 1653 911 1705 vemam;
964 1656 1061 1697 nec
1109 1643 1446 1712 iniquitatum
1495 1654 1799 1700 nostrarum

226 1726 456 1781 molestia
482 1737 742 1796 provocet
788 1729 855 1782 ad
901 1730 1192 1799 ultionem,
1245 1733 1340 1788 sed
1376 1734 1565 1804 jejunii
1613 1736 1801 1791 obser-

225 1817 360 1870 vatio
388 1826 441 1872 et
468 1834 676 1873 morum
719 1820 1029 1876 emendatio
1060 1832 1111 1878 te
1139 1824 1321 1878 ﬂectat
1349 1826 1415 1880 ad
1460 1837 1797 1895 peccatorum

1914 638 2224 694 devotorum
2254 658 2471 697 munera
2504 645 2820 701 famulorum
2843 688 2858 712 ,
2890 655 2946 702 et
2975 659 3060 703 tua
3103 651 3295 706 divinis
3340 654 3488 720 puri-

1914 730 2014 785 fica
2042 733 2337 789 servientes
2368 735 2563 803 pietate
2595 740 2861 807 mysteriis
2881 780 2896 807 ,
2929 741 3121 809 quibus
3147 744 3308 800 etiam
3338 744 3492 800 iusti-

1912 822 2042 877 licas
2073 821 2221 894 (225)
2250 825 2574 894 ignorantes.
2604 828 2727 884 Per.

1984 916 2256 987 Prwfatio.
2286 950 2356 960 —
2384 920 2525 976 Vere
2562 922 2778 991 dignum
2812 935 2865 979 et
2888 927 3091 994 justum
3123 936 3202 981 est
3223 968 3253 992 ,,
3278 942 3488 996 aequum

1911 1018 1964 1062 et
1986 1009 2242 1076 salutare,
2268 1028 2365 1066 nos
2397 1013 2488 1067 tibi
2520 1028 2729 1085 semper
2758 1026 2811 1071 et
2838 1018 3034 1086 ubique
3063 1020 3258 1088 gratias
3288 1031 3448 1089 agere
3469 1059 3487 1086 ,

1913 1102 2137 1157 Domine
2181 1115 2398 1172 sancte,
2444 1106 2600 1161 Pater
2648 1110 3018 1179 omnipotens,
3061 1120 3261 1167 :eterne
3302 1113 3484 1166 Deus:

1908 1204 1963 1249 et
1989 1204 2041 1250 te
2069 1198 2378 1265 suppliciter
2409 1214 2665 1266 exorare,
2697 1210 2756 1254 ut
2786 1218 2909 1257 cum
2947 1204 3265 1259 abstinentia
3294 1218 3487 1273 corpo-

1908 1286 2005 1340 rali
2035 1302 2186 1342 mens
2217 1304 2425 1358 quoque
2454 1302 2636 1345 nostra
2676 1306 2865 1348 sensus
2895 1294 3128 1349 declinet
3154 1294 3389 1351 illicitos.
3418 1296 3485 1350 Et

1901 1374 2059 1446 ’(224)
2092 1392 2210 1446 qua:
2242 1388 2451 1434 terrena
2479 1380 2835 1438 delectatione
2862 1385 3165 1440 carnalibus
3192 1389 3364 1458 epulis
3393 1387 3490 1443 ab-

1906 1485 2160 1539 negamus
2185 1514 2198 1538 ,
2254 1471 2497 1528 humanae
2546 1476 2831 1531 voluntatis
2869 1481 3046 1547 pravis
3087 1479 3485 1535 intentionibus

1906 1574 2269 1631 amputemus.
2302 1567 2578 1633 Quatenus
2610 1568 2673 1623 ad
2701 1579 2883 1625 sancta
2911 1582 3217 1626 sanctorum
3250 1573 3482 1628 lideliter

1903 1658 2293 1729 salubriterque
2319 1662 2577 1731 capienda
2623 1665 2945 1732 competenti
2981 1664 3185 1734 jejunio
3213 1660 3487 1721 valeamus

1902 1751 2092 1820 aptari.
2120 1752 2292 1807 Tanto
2320 1754 2472 1809 nobis
2496 1756 2630 1809 certi
2658 1758 2972 1824 propensius
2995 1757 3190 1826 jugiter
3216 1756 3483 1822 adfutura,

1904 1852 2102 1913 quanto
2124 1844 2381 1901 fuerimus
2402 1862 2585 1903 eorum
2615 1850 3030 1905 institutionibus
3052 1852 3330 1920 gratiores.
3360 1851 3483 1907 Per.

219 1918 516 1963 nostrorum
570 1910 961 1967 remissiOnem.
993 1912 1123 1991 .l’er
1182 1915 1450 1971 Christum
1510 1917 1793 1972 Dominum
1826 1946 1877 2005 Β
1920 1910 1933 1913 ἡ
1977 1934 2300 1992 Benedictio.
2331 1966 2403 1979 __
2439 1950 2461 1977 ο
2492 1937 2841 2007 omnipotens
2871 1940 3012 1996 Deus
3036 1910 3360 2011 jgjuniomm
3394 1956 3487 1996 ve-

218 2008 475 2055 nostrum.

284 2093 362 2144 Ad
397 2092 788 2163 Complendum.
819 2125 889 2136 -—
920 2095 1025 2150 Fac
1066 2112 1161 2151 nos
1187 2138 1201 2161 ,
1236 2113 1543 2168 quaesumus
1565 2141 1577 2164 ,
1613 2099 1798 2153 Domi-

216 2197 312 2246 ne,
346 2194 571 2255 accepto
601 2186 819 2254 pignore
848 2187 1038 2241 salutis
1072 2197 1289 2243 aeternae
1320 2191 1397 2244 sic
1429 2189 1643 2244 tendere
1669 2205 1799 2244 con-

213 2285 496 2344 gruenter,
538 2288 597 2331 ut
634 2277 698 2333 ad
734 2293 851 2334 eam
896 2280 1183 2348 pervenire
1230 2283 1512 2351 possimus.
1562 2282 1663 2337 Per
1694 2282 1800 2338 Do-

215 2366 440 2420 minum.

286 2461 458 2531 Super
487 2465 755 2535 populant.
786 2495 858 2506 —
888 2466 962 2521 Da
985 2506 998 2531 ,
1029 2482 1334 2536 quaesumus
1359 2512 1373 2537 ,
1410 2469 1669 2536 Domine,
1702 2484 1798 2539 po-

225 2555 343 2623 pulo
370 2564 461 2610 tuo
491 2556 719 2612 salutem
750 2561 945 2614 mentis
976 2571 1029 2614 et
1054 2563 1295 2630 corporis
1320 2602 1335 2627 ,
1366 2571 1459 2629 ut,
1492 2563 1644 2618 bonis
1672 2579 1798 2633 ope-

230 2648 372 2701 ribus
401 2649 738 2721 inhaerendo,
770 2661 874 2708 tuae
899 2668 1112 2722 semper
1141 2654 1349 2710 virtutis
1374 2665 1647 2713 mereatur
1672 2671 1799 2727 pro-

224 2742 442 2795 tectione
466 2739 709 2796 defendi.
740 2742 861 2799 Per.

476 2838 505 2866 ⁸
555 2845 788 2887 εΑΒΒΑτο
827 2849 878 2888 IN
916 2850 1230 2893 BEBDOHADA
1268 2853 1526 2894 SECUNDA.

286 2915 356 2969 Da
376 2956 392 2983 ,
419 2932 751 2987 quaesumus,
784 2922 1030 2987 Domine.
1065 2928 1268 2983 nostris
1300 2928 1547 2984 eﬁ'ectum
1574 2928 1796 2999 jejuniis

226 3009 507 3065 salutarem
526 3054 543 3078 ,
574 3022 633 3068 ut
660 3017 939 3085 castigatio
968 3022 1146 3076 carnis
1176 3021 1449 3093 assumpta
1478 3024 1544 3078 ad
1576 3032 1794 3081 nostra-

220 3111 327 3152 rum
354 3102 750 3169 vegetationem
782 3113 1019 3164 transeat
1046 3110 1365 3165 animarum.

279 3194 452 3262 Super
485 3197 678 3256 oblata.
708 3232 781 3242 —
808 3201 903 3257 llis
932 3207 1239 3275 sacriﬁciis,
1271 3209 1526 3278 Domine,
1560 3211 1796 3266 concede

218 3285 474 3354 placatus,
529 3297 587 3342 ut
633 3292 721 3359 qui
771 3296 1003 3365 propriis
1048 3312 1264 3354 oramus
1303 3302 1506 3356 absolvi
1549 3302 1757 3358 delictis

218 3390 314 3430 non
338 3394 626 3447 graventur
649 3381 797 3455 (222)
819 3390 1081 3443 externis.
1101 3389 1203 3445 Per
1224 3390 1504 3446 Dominum
1528 3402 1787 3448 nostrum.

284 3466 552 3540 Prmfatio.
588 3502 661 3513 —
690 3475 823 3531 Vere
860 3477 1081 3547 dignum
1124 3491 1179 3536 et
1202 3481 1401 3551 justum
1433 3492 1548 3551 est,
1580 3484 1789 3554 aequum

216 3567 265 3613 et
306 3562 578 3631 salutare,
608 3580 710 3620 nos
752 3569 843 3623 tibi
887 3586 1099 3640 semper
1128 3581 1181 3628 et
1213 3574 1409 3644 ubique
1442 3578 1639 3645 gratias
1668 3592 1792 3647 age-

215 3665 301 3716 re,
334 3655 557 3712 Domine
587 3668 805 3725 sancte,
841 3662 946 3732 47
979 3663 1137 3720 Pater
1175 3668 1547 3737 omnipotens,
1592 3677 1791 3726 aeterne

217 3742 393 3800 Deus:
455 3757 511 3804 et
565 3758 711 3806 tuam
767 3752 966 3821 iugiter
1021 3771 1245 3813 exorare
1298 3759 1674 3827 clementiam,
1734 3770 1795 3816 ut

214 3847 410 3893 ruentes
451 3849 701 3908 nostras,
743 3860 876 3913 quas
919 3847 1184 3917 conSpicis
1234 3851 1464 3907 terrenis
1513 3852 1791 3910 affectibus

217 3932 567 3998 pragravari,
600 3934 1013 3992 medicinalibus
1042 3939 1246 3995 tribuas
1274 3941 1490 4011 jejuniis
1531 3959 1785 3999 exonera-

212 4017 287 4082 ri,
316 4028 370 4074 et
398 4035 498 4089 per
526 4021 870 4080 alﬂictionem
902 4042 1184 4097 corporum
1214 4033 1485 4100 proveniat
1514 4035 1670 4091 nobis
1702 4052 1783 4091 ro-

212 4108 306 4165 bur
331 4113 654 4171 animarum.
684 4116 788 4172 Per
819 4116 1108 4175 Christum.

276 4203 356 4256 Ad
382 4203 782 4274 Complendum.
816 4237 883 4249 —-
915 4212 1245 4268 Sacramenti
1278 4215 1381 4280 tui,
1418 4215 1673 4284 Domine,
1707 4216 1792 4271 di~

212 4293 326 4348 vina
356 4296 547 4352 libatio
578 4301 874 4368 penetralia
908 4304 1077 4357 nostri
1105 4306 1283 4359 cordis
1316 4307 1587 4374 infundat,
1622 4315 1677 4362 et
1705 4323 1789 4364 sut

213 4386 495 4455 participes
528 4397 778 4458 potenter
807 4392 1021 4447 efﬁciat.
1056 4393 1158 4449 Per
1185 4393 1461 4449 Christum
1504 4397 1785 4454 Dominum

212 4485 465 4532 nostrum.

281 4565 449 4636 Super
486 4572 758 4641 populum.
798 4601 869 4612 —
904 4573 1182 4630 Familiam
1226 4587 1404 4641 tuam,
1446 4595 1783 4649 quaesumus,

213 4653 468 4727 Domine,
510 4661 764 4717 continua
804 4664 1000 4733 pietate
1037 4668 1281 4733 custodi,
1327 4680 1384 4724 ut
1423 4686 1540 4737 qua:
1580 4674 1631 4727 in
1671 4674 1785 4727 Sola

1772 3344 1864 3405 ’C

1879 2039 2139 2103 Astrorum
2177 2031 2426 2085 victimas
2453 2032 2747 2089 clementer
2776 2035 3035 2103 accipiat,
3066 2045 3121 2090 et
3160 2052 3253 2090 sua
3275 2051 3369 2090 vos
3390 2036 3486 2091 be-

1904 2119 2206 2175 nedictione
2246 2121 2435 2190 dignos
2463 2123 2904 2180 efﬁciat.‘Amcn.
2946 2125 3145 2181 Mentes
3185 2136 3389 2183 vestras
3416 2126 3507 2184 ita'

1903 2210 2243 2279 parcimoniae
2272 2213 2412 2267 dono
2444 2225 2631 2268 contra
2662 2214 2789 2270 vitia
2819 2218 3058 2285 muniat,
3089 2230 3476 2289 praeceptorum

1902 2316 2118 2356 suorum
2168 2303 2426 2360 doctrinis
2466 2306 2708 2373 erudiat,
2755 2310 3029 2364 charitatis
3070 2312 3210 2366 dono
3239 2312 3485 2382 repleat,

1902 2404 1960 2450 ut
1987 2410 2084 2450 vos
2104 2395 2157 2451 in
2185 2397 2431 2453 omnibus
2453 2400 2554 2454 sibi
2580 2402 2788 2469 placere
2813 2403 3089 2458 concedat.
3116 2406 3307 2459 Amen.
3342 2406 3485 2473 Qua-

1901 2493 2089 2555 tenus,
2122 2490 2410 2558 przesentis
2436 2490 2868 2562 Quadragesima:
2912 2495 3099 2549 diebus
3140 2496 3483 2552 devotissinie

1903 2578 2227 2647 celebratis,
2270 2581 2337 2634 ad
2382 2582 2663 2637 Paschalia
2718 2584 2851 2639 festa
2902 2586 3190 2654 purilicatis
3235 2588 3485 2643 cordibus
3533 2584 3538 2588 ’

1902 2674 2158 2729 accedere
2186 2675 2429 2728 valeatis.
2464 2677 2654 2731 Amen.
2690 2676 2845 2742 Quod
2880 2678 2994 2746 ipse
3023 2689 3300 2749 praestare.

1971 2764 2051 2817 Ad
2082 2762 2477 2831 Complendum.
2508 2794 2578 2804 —
2606 2765 2825 2821 Cunctis
2864 2782 2997 2834 nos,
3037 2768 3287 2833 Domine,
3321 2769 3484 2824 reati-

1901 2854 2000 2909 bus
2027 2865 2079 2908 et
2112 2856 2365 2922 periculis
2395 2856 2713 2925 prapitiatus
2744 2858 2989 2924 absolve,
3033 2875 3166 2928 quos
3207 2861 3337 2915 tanti
3366 2877 3482 2931 my-

1904 2945 2055 3001 sterii
2086 2946 2274 3001 tribuis
2304 2960 2423 3001 esse
2452 2947 2758 3016 participes.
2784 2948 2886 3002 Per
2908 2948 3190 3003 Dominum
3217 2960 3479 3009 nostrum.

1969 3037 2078 3109 48
2108 3038 2275 3109 Super
2305 3040 2572 3109 populum.
2604 3069 2677 3080 —
2707 3038 3016 3109 Subjectum
3061 3042 3153 3096 tibi
3194 3044 3477 3113 populum,

1900 3143 2208 3199 quaesumus
2228 3171 2243 3197 ,
2276 3129 2530 3197 Domine,
2564 3131 2869 3200 propitiatio
2898 3132 3134 3190 caelestis
3162 3134 3476 3206 ampliﬁcet,

1905 3229 1962 3276 et
1991 3222 2098 3277 tuis
2124 3238 2336 3289 semper
2359 3222 2520 3279 faciat
2544 3225 2744 3281 servire
2772 3226 3056 3281 mandatis.

2187 3332 2214 3371 ἀ
2255 3351 2411 3389 rem;
2452 3350 2491 3390 tt
2530 3351 2581 3390 1N
2619 3352 2937 3392 HEDDOIADA
2978 3352 3195 3394 TERTIA.

1966 3442 2232 3499 Cordibus
2271 3446 2499 3511 nostris,
2541 3462 2879 3516 quaesumus,
2910 3448 3169 3515 Domine,
3202 3448 3463 3519 benignus

1897 3532 2154 3601 infunde,
2188 3542 2245 3588 ut
2273 3533 2413 3589 sicut
2449 3535 2517 3591 ab
2557 3537 2697 3591 escis
2722 3537 3090 3606 corporalibus
3119 3539 3475 3607 abstinemus,

1894 3625 1968 3680 ita
1991 3641 2182 3682 sensus
2202 3643 2413 3697 quoque
2437 3639 2651 3686 nostros
2675 3646 2703 3685 a
2732 3632 2907 3687 noxiis
2937 3631 3274 3689 retrahamus
3296 3648 3477 3690 exces-

1894 3717 2066 3791 sibus.
2096 3718 2199 3774 Per
2231 3720 2513 3775 Dominum
2544 3731 2803 3777 nostrum.

1978 3832 2145 3901 super
2175 3831 2364 3887 oblata.
2388 3861 2457 3871 —
2479 3833 2667 3887 Munus
2688 3833 2830 3902 quod
2858 3833 2974 3902 tibi,
2998 3815 3244 3899 nomine,
3276 3840 3477 3888 nostrae

1892 3923 2166 3980 servitutis
2195 3922 2467 3980 oﬂ'erimus
2486 3967 2502 3993 ,
2534 3933 2590 3979 tu
2616 3926 2851 3980 salutare
2878 3922 3029 3979 nobis
3057 3924 3254 3994 perﬁce
3291 3938 3475 3980 sacra-

1894 4027 2154 4072 mentum.
2187 4015 2310 4070 Per.

1964 4129 2231 4200 Prwfalio.
2256 4159 2325 4169 —
2348 4129 2484 4185 Vere
2504 4129 2720 4201 dignum
2741 4139 2796 4185 et
2820 4131 3023 4199 justum
3051 4139 3134 4187 est
3152 4172 3167 4198 ,
3190 4146 3399 4203 aequum
3421 4140 3475 4190 et

1894 4221 2126 4276 salutare
2146 4262 2162 4287 ,
2194 4236 2291 4275 nos
2323 4221 2419 4276 tibi
2448 4236 2661 4291 semper
2702 4233 2757 4277 et
2797 4223 2992 4293 ubique
3030 4223 3229 4294 gratias
3271 4241 3430 4295 agere
3452 4266 3469 4293 ,

1894 4314 2117 4370 Domine
2145 4326 2329 4370 sancte
2349 4356 2363 4381 ,
2396 4314 2552 4371 Pater
2579 4317 2913 4387 omnipotens
2932 4360 2946 4384 ,
2981 4328 3179 4373 aeterne
3209 4317 3347 4373 Deus
3373 4335 3387 4373 :
3420 4327 3476 4374 et

1893 4407 2233 4461 clementiam
2270 4416 2409 4462 luam
2440 4423 2560 4464 cum
2609 4409 2755 4463 omni
2797 4409 3187 4479 supplicatione
3232 4410 3469 4479 precari,

1893 4508 1953 4553 ut
1986 4514 2080 4568 per
2110 4499 2246 4553 hanc
2278 4499 2607 4570 jejuniorum
2642 4501 3073 4557 observationem
3103 4511 3308 4559 crescat
3346 4517 3473 4558 nos-

1895 4599 1989 4644 trae
2018 4589 2314 4646 devotionis
2346 4592 2587 4660 allectus,
2608 4602 2663 4648 et
2691 4602 2899 4648 nostras
2925 4596 3166 4650 actiones
3194 4595 3473 4665 religiosus

1891 4692 2115 4737 exornet
2143 4682 2361 4739 effectus
2389 4702 2402 4749 ;
2437 4695 2731 4752 quatenus,
2767 4692 2817 4740 te
2846 4685 3172 4753 auxiliante,
3205 4694 3260 4741 et
3286 4688 3354 4741 ab
3383 4689 3473 4742 hu-

212 4760 303 4814 spe
339 4751 527 4819 gratiae
571 4753 808 4809 calestis
848 4756 1111 4824 innititur,
1160 4762 1364 4817 caelesti
1406 4765 1564 4818 etiam
1606 4775 1784 4834 prote-

1897 4775 2066 4830 manis
2108 4790 2320 4845 semper
2364 4777 2699 4832 retrahamur
2743 4778 3093 4845 excessibus,
3147 4789 3203 4835 et
3254 4781 3472 4837 monitis

211 4840 380 4899 ctione
408 4843 703 4900 muniatur.
730 4845 832 4901 Per
860 4849 1125 4904 eumdem.

516 4944 547 4985 ιι
584 4962 835 5004 DOIIIICA
868 4964 925 5004 ιιι
964 4965 1015 5004 IN
1050 4966 1471 5015 QUADRAGESIIIA.

276 5045 625 5115 Quaesumus,
655 5052 995 5121 omnipotens
1038 5052 1211 5120 Deus,
1243 5063 1362 5109 vota
1395 5056 1670 5110 humilium
1697 5071 1783 5114 re-

209 5139 386 5208 spice,
416 5151 578 5212 atque
604 5142 671 5197 ad
701 5144 1067 5201 defensionem
1099 5159 1337 5203 nostram
1364 5151 1638 5206 dexteram
1678 5161 1781 5207 tua:

210 5226 494 5298 Maiestatis
518 5235 770 5291 extende.
798 5235 901 5292 Per
931 5238 1212 5293 Dominum

278 5415 305 5444 α
345 5408 440 5464 Hic
486 5424 687 5482 magno
728 5424 990 5467 consensu
1029 5412 1222 5482 legitur
1258 5414 1416 5470 statio
1459 5416 1526 5470 ad
1570 5427 1773 5472 sanctos

211 5476 634 5535 Marcellinum-et
660 5479 889 5535 Petrum.

278 5549 305 5587 δ
348 5552 458 5605 Non
490 5554 661 5606 minus
686 5554 1031 5608 consentiunt
1059 5555 1279 5610 Codices
1309 5556 1436 5611 editi
1463 5566 1516 5611 et
1547 5573 1677 5613 mss.
1718 5560 1771 5613 in

204 5622 519 5689 assignanda
559 5622 814 5676 hodierna
841 5627 1068 5680 statione
1095 5628 1163 5680 ad
1187 5637 1414 5680 sanctum
1439 5628 1773 5681 Laurentium

205 5689 331 5768 [oris
357 5709 579 5768 murum.
610 5692 664 5746 In
694 5690 917 5768 Kalend.
953 5696 1104 5751 Rom.
1140 5708 1312 5752 tamen
1356 5699 1667 5768 simpliciter
1698 5701 1773 5755 le-

206 5763 345 5827 gitur
344 5782 382 5839 _:
414 5766 753 5839 Adsuetum
780 5763 1113 5839 Laurentium
1144 5778 1435 5839 martyrem.

280 5848 300 5872 ε
344 5833 652 5888 Benedictio
685 5835 797 5888 haac
826 5837 975 5891 abest
1000 5840 1068 5893 ab
1108 5840 1203 5894 Ed.
1237 5833 1404 5894 V'atic.
1449 5850 1502 5896 et
1542 5841 1777 5898 Gussan-

207 5904 300 5957 vit.
334 5918 537 5961 necnon
562 5920 594 5960 a
622 5906 749 5960 Mss.
779 5910 974 5965 nostris
1001 5920 1053 5965 et
1082 5926 1113 5965 a
1141 5909 1273 5965 Cod.
1307 5913 1508 5967 Pamel.

1890 4868 2155 4925 inhaerere
2206 4871 2506 4935 valeamus,
2558 4881 2610 4925 te
2656 4870 2949 4940 largiente,
2997 4872 3324 4930 coelestibus.
3367 4874 3472 4931 Per

1887 4960 2154 5018 Christum
2189 4962 2466 5017 Dominum
2498 4973 2758 5017 nostrum.
3509 4963 3515 4971 ’

1959 5055 2040 5108 Ad
2070 5055 2462 5123 Complendum.
2490 5086 2562 5098 —-
2589 5056 2788 5110 Pratsta
2810 5096 2825 5122 ,
2856 5069 3162 5124 quaesumus
3180 5098 3196 5123 ,
3229 5057 3468 5126 omnipo-

1888 5129 2006 5204 tens
2033 5158 2087 5203 et
2110 5149 2413 5203 misericors
2432 5149 2593 5215 Deus,
2614 5155 2671 5202 ut
2693 5162 2811 5218 quae
2832 5162 2927 5204 ore
2952 5150 3310 5223 contingimus
3333 5164 3463 5222 pura

1878 5249 2059 5298 tuente
2086 5241 2376 5296 capiamus.
2411 5241 2513 5295 Per
2540 5240 2821 5295 Dominum
2852 5250 3110 5297 nostrum.

1958 5416 1984 5454 ἀ
2024 5417 2193 5471 Statio
2214 5418 2265 5471 in
2288 5416 2421 5472 Cod.
2438 5419 2638 5473 Pamel.
2653 5428 2707 5473 et
2721 5420 3123 5475 Mss.‘indicitur
3142 5424 3210 5475 ad
3230 5430 3462 5476 sanctum

1884 5486 2120 5542 Marcum
2138 5529 2151 5553 ,
2183 5490 2310 5543 utin
2336 5489 2556 5544 Kalend.
2590 5491 2743 5543 llom.
2767 5492 3045 5546 Observat.
3073 5492 3229 5546 Joan.
3255 5493 3459 5547 Fronto

1882 5569 2121 5613 sanctum
2146 5559 2398 5624 Marcum,
2422 5562 2486 5614 de
2509 5576 2613 5629 quo
2641 5561 2743 5625 hic,
2776 5576 2897 5617 esse
2919 5563 3079 5617 Rom.
3119 5561 3456 5626 Pontilicem,

1881 5632 1969 5698 qui
1996 5630 2080 5683 die
2109 5631 2138 5681 7
2170 5630 2410 5684 Octobris
2450 5632 2658 5697 colitur,
2711 5632 2863 5700 cujus
2909 5633 3121 5686 nomine
3170 5641 3348 5687 exstat
3396 5633 3452 5687 in

1882 5702 2011 5755 urbe
2040 5702 2285 5767 antiquus
2327 5701 2530 5755 titulus.
2575 5705 2841 5756 Admonet
2884 5703 3145 5756 Pamelius
3181 5702 3284 5757 hac
3320 5704 3456 5759 feria

1882 5772 1994 5825 fieri
2025 5771 2233 5824 solitam
2261 5772 2713 5827 denuntiationem
2757 5773 2913 5839 primi
2954 5773 3194 5829 scrutinii
3237 5774 3451 5830 electo-

1882 5858 2014 5966 ἴ)υηῦ
2045 5842 2157 5896 sive
2185 5843 2685 5899 catechumenorum
2704 5884 2719 5910 ,
2748 5843 2887 5912 quod
2933 5840 3065 5898 feria
3091 5845 3126 5901 4
3156 5862 3273 5917 seq.
3314 5849 3452 5903 celes

1924 5928 1976 5966 ra
2018 5924 2157 5966 atur.

1924 5916 2157 5968 rabatur.
