4064 6350
615 295 675 352 67
1571 244 1577 256 Ι
1794 285 2034 344 SANCTI
2070 281 2393 339 GREGURII
2432 281 2645 339 MAGNI
3776 283 3852 344 63

684 413 849 484 Super
877 409 1136 483 pepulum.
1178 437 1247 450 -—
1271 407 1538 463 Conserva
1559 447 1572 470 ,
1607 404 1862 469 Domine,
1917 402 2170 458 familiam
2198 401 2285 462 At

612 516 750 562 tuam
785 503 937 560 bonis
967 516 1179 572 semper
1218 501 1466 570 operibus
1505 497 1801 563 eruditam,
1838 506 1892 551 et
1929 496 2006 551 sic
2050 511 2185 565 prae-

610 598 849 654 sentibus
871 594 1146 652 consolare
1171 591 1456 658 subsidiis,
1487 599 1545 646 ιιι
1571 592 1634 644 ad
1666 604 1896 660 superna
1925 589 2183 658 perducas

610 693 751 749 dona
783 691 1061 763 propitius.
1098 689 1198 744 Per
1228 687 1506 743 Dominum
1538 694 1800 740 nostrum.

891 791 917 820 ⁸
948 796 1107 836 FERIA
1145 795 1201 834 Ill
1239 796 1291 834 IN
1329 793 1642 834 HEBDOIADA
1681 791 1898 831 TERTIA.

687 873 889 930 Exaudi
922 888 1018 928 nos
1039 913 1054 937 ,
1087 873 1426 940 omnipotens
1456 879 1512 924 et
1555 869 1859 922 misericors
1903 865 2043 920 Deus
2067 908 2083 932 ,
2129 873 2186 920 et

617 965 963 1022 cmitinentim
1001 963 1251 1020 salutaris
1291 961 1547 1031 propitius
1578 959 1731 1015 nobis
1757 958 1897 1014 dona
1925 955 2178 1011 Concede.

611 1056 733 1115 Per.

685 1147 853 1214 Super
883 1142 1072 1198 oblata.
1125 1139 1226 1198 Per
1256 1141 1370 1196 haec
1397 1139 1603 1206 veniat,
1635 1152 1964 1209 quaesumus,
1998 1125 2181 1189 Domi-

615 1254 716 1304 ne,
747 1247 1078 1294 sacramenta
1109 1233 1258 1306 (2'25)
1290 1240 1487 1288 nostrae
1521 1231 1901 1300 redemptionis
1931 1221 2179 1295 effectus,

613 1334 704 1403 qui
735 1349 831 1387 nos
860 1345 911 1388 et
943 1331 1010 1386 ab
1039 1329 1283 1384 humanis
1314 1327 1546 1382 retrahat
1585 1341 1799 1395 semper
1837 1321 2178 1388 excessibus,

610 1433 666 1478 et
693 1423 758 1478 ad
788 1423 1037 1479 salutaria
1068 1431 1256 1477 cuncta
1284 1420 1564 1490 perducat.
1599 1418 1699 1473 Per
1731 1406 2011 1471 Dominum
2056 1427 2182 1468 nos-
2233 1493 2236 1495 _

611 1522 777 1570 trum.

682 1607 947 1677 Pra'fatio.
978 1637 1046 1648 -—
1075 1605 1212 1664 Vere
1253 1605 1470 1676 dignum
1513 1613 1564 1659 et
1591 1602 1792 1673 justum
1833 1609 1946 1669 est,
1975 1613 2182 1669 aequum

614 1710 667 1756 et
697 1702 951 1766 salutare,
984 1711 1082 1755 nos
1113 1698 1205 1754 tibi
1236 1714 1448 1767 semper
1475 1705 1529 1751 et
1559 1690 1748 1765 ubique
1775 1694 1971 1765 gratias
2000 1705 2180 1762 agere,

2592 409 2614 436 ο
2642 408 2800 450 ΡΕΒΙΔ
2833 406 2868 447 ν
2893 407 2947 448 ιη
2980 407 3295 448 HERDOIADA
3316 408 3534 451 TERTIA.

2368 488 2633 554 'loncede,
2665 501 2994 560 quaesumus,
3062 488 3401 555 omnipotens
3423 488 3562 543 Dens
3585 529 3604 556 ,
3659 497 3720 545 ut
3761 491 3855 560 qui

2288 581 2635 652 protectionis
2663 581 2766 636 tua:
2795 577 3016 648 gratiam
3047 577 3335 648 quaerimus
3356 619 3370 644 ,
3410 573 3619 634 liberati
3645 586 3677 636 a
3700 581 3856 638 malis

2294 673 2570 738 omnibus,
2601 689 2787 728 secura
2817 671 2912 726 tibi
2945 679 3123 726 mente
3151 671 3465 727 serviamus.
3494 671 3616 728 Per.

2369 765 2540 835 Super
2566 765 2752 819 oblata.
2777 793 2848 804 —
2878 757 3020 821 Deus
3046 804 3062 832 ,
3095 762 3160 818 de
3205 761 3357 834 cujus
3373 765 3557 835 gratiae
3587 772 3709 822 rore
3739 767 3861 822 des-

2293 860 2472 916 cendit
2502 855 2638 914 utad
2661 857 2907 929 mysteria
2941 866 3054 926 tua,
3083 857 3319 928 purgatis
3340 857 3606 925 sensibus,
3638 860 3862 914 acceda-

2290 970 2431 1018 mus,
2463 961 2655 1022 prtesta
2675 992 2689 1016 ,
2721 966 3023 1023 quaesumus
3046 992 3062 1016 ,
3093 961 3148 1004 ut
3172 953 3223 1004 in
3253 966 3436 1005 eorum
3469 951 3752 1008 traditione
3773 967 3864 1008 so-

2283 1045 2533 1102 lemniter
2583 1045 2891 1100 honoranda
2959 1053 3268 1114 competens
3329 1044 3634 1101 deferamus
3702 1043 3863 1104 obse-

2283 1139 2489 1210 quium.
2523 1138 2640 1192 Per.

2352 1229 2460 1302 5o
2509 1227 2776 1300 Pra’fatt'o.
2822 1257 2888 1269 —
2931 1227 3072 1283 Vere
3133 1225 3352 1297 dignum
3402 1237 3457 1285 et
3500 1222 3700 1300 justum
3745 1241 3864 1299 est,

2283 1336 2492 1391 aequum
2517 1330 2569 1376 et
2597 1322 2826 1375 salutare
2844 1361 2860 1386 ,
2886 1334 2981 1374 nos
3007 1317 3098 1374 tibt
3121 1333 3336 1389 semper
3365 1330 3419 1375 et
3447 1321 3642 1392 ubique
3667 1324 3866 1393 gratias

2283 1429 2471 1484 agere,
2524 1415 2747 1469 Domine
2787 1423 3001 1482 sancte,
3049 1411 3209 1468 Pater
3253 1407 3629 1482 omnipotens,
3664 1423 3865 1470 aeterne

2283 1506 2424 1563 Deus
2469 1524 2483 1561 :
2529 1517 2582 1561 et
2613 1493 2752 1562 tuam
2783 1508 3096 1562 immensam
3127 1507 3464 1563 clementiam
3487 1509 3707 1578 supplici
3738 1520 3866 1564 voto

2285 1600 2614 1668 deposcere,
2649 1610 2705 1654 ut
2734 1615 2833 1655 nos
2869 1599 3095 1654 famulos
3135 1609 3280 1667 tuos,
3320 1609 3371 1654 et
3401 1590 3586 1669 jejunii
3623 1615 3868 1656 macera-

2287 1695 2428 1749 tione
2455 1693 2769 1763 casdgatos,
2801 1699 2856 1747 et
2883 1693 3090 1747 caeteris
3121 1691 3379 1746 bonorum
3415 1706 3633 1761 Operutn
3655 1691 3867 1747 exhibi-

616 1791 838 1847 Domine
867 1799 1082 1856 sancte,
1127 1785 1282 1844 Pater
1330 1785 1701 1856 omnipotens,
1754 1793 1951 1838 aeterne
2001 1779 2177 1835 Deus:
2211 1779 2257 1839 Β
2288 1785 2518 1840 tionibus
2546 1783 2815 1850 eruditus,
2848 1783 2901 1838 in
2951 1783 3215 1838 mandatis
3265 1783 3366 1837 tuis
3417 1782 3580 1838 facias
3616 1799 3864 1854 perseve-

614 1884 702 1950 qui
734 1879 1064 1949 peccantium
1100 1897 1200 1934 non
1233 1880 1313 1932 vis
1341 1875 1546 1932 animas
1588 1868 1790 1945 perire,
1825 1873 1919 1928 sed
1959 1871 2182 1940 culpas;

614 1977 670 2025 et
713 1979 995 2038 peccantes
1036 1986 1140 2025 non
1169 1985 1384 2038 semper
1426 1969 1676 2023 continuo
1712 1961 1951 2036 judicas,
1997 1963 2088 2018 sed
2117 1963 2186 2018 ad

609 2062 975 2132 paenitentiam
1007 2069 1327 2131 provocatos
1368 2069 1665 2130 exspectas.
1700 2059 1930 2122 Averte,
1975 2071 2186 2127 quaesu-

615 2171 764 2216 mus,
796 2153 905 2226 49
934 2173 964 2209 a
1015 2153 1167 2209 nobis
1218 2168 1374 2223 quam
1419 2167 1687 2207 meremur
1728 2151 1894 2219 iram,
1933 2157 1986 2203 et
2025 2163 2183 2218 quam

617 2256 862 2312 Optamus
901 2261 1068 2314 super.
1101 2261 1197 2300 nos
1237 2239 1450 2299 eﬂunde
1488 2236 1859 2308 clementiam,
1907 2250 2184 2306 ut,‘sacro

617 2333 885 2403 puriﬁcati
921 2334 1156 2404 jejunio,
1199 2334 1485 2388 electorum
1529 2343 1736 2388 tuorum
1765 2327 1952 2386 ascisci
1981 2345 2186 2386 merea-

613 2439 734 2479 mur
763 2423 1008 2494 collcgio.
1040 2425 1142 2480 Per
1170 2425 1437 2480 Christum
1467 2425 1747 2480 Dominutn
1781 2434 2040 2478 nostrum.

681 2515 762 2568 Ad
794 2515 1181 2586 Complendum.
1207 2544 1275 2557 -—
1292 2517 1491 2586 Sacris,
1513 2515 1756 2586 Domine,
1787 2511 2054 2586 mysteriis
2081 2531 2186 2571 ex-

609 2605 763 2674 piati,
795 2617 850 2662 et
871 2609 1075 2662 veniam
1105 2623 1496 2680 consequamur
1522 2618 1575 2664 et
1604 2612 1852 2680 gratiam.
1882 2607 2004 2663 Per.

683 2698 852 2770 Super
875 2688 1142 2772 populum.
1184 2732 1255 2742 —
1303 2699 1567 2764 Concede.
1603 2703 1906 2756 misericors
1936 2697 2096 2768 Deus,
2129 2711 2184 2756 ut

611 2786 833 2847 devotus
866 2792 961 2847 tibi
991 2794 1214 2862 populus
1258 2807 1472 2862 semper
1501 2793 1720 2860 existat,
1749 2805 1804 2848 et
1847 2793 1915 2848 de
1962 2803 2048 2847 tua
2076 2795 2184 2848 cle-

609 2885 831 2953 mentia,
861 2884 1000 2955 quod
1033 2885 1084 2940 ei
1113 2885 1301 2955 prosit,
1334 2887 1705 2943 indesinenter
1733 2885 1990 2943 obtineat.
2022 2888 2143 2943 Per.

909 2974 937 3014 ιδ
971 2993 1129 3034 tanta
1155 2994 1204 3034 tv
1232 2995 1282 3034 IN
1311 2994 1625 3034 ιιειιιιοιιιιιιιι
1654 2996 1866 3036 TERTIA.

679 3066 880 3122 Praesta
927 3069 1105 3134 nobis,
1138 3083 1465 3140 qumsumus,
1502 3069 1742 3138 Domine,
1781 3081 1838 3127 ut
1865 3070 2179 3128 salutaribus

2286 1894 2406 1934 rare
2427 1878 2686 1943 sincerus,
2716 1887 2768 1931 et
2797 1877 2862 1932 ad
2886 1876 3151 1947 pascha'ia
3179 1875 3312 1932 festa
3337 1877 3613 1945 pervenire
3639 1878 3862 1944 illaesos;

2286 1973 2471 2041 sicque
2507 1970 2856 2040 praesentibus
2909 1970 3158 2025 subsidiis
3209 1970 3573 2034 consolemur,
3601 1980 3867 2040 quatenus

2286 2066 2350 2119 ad
2393 2075 2596 2119 aeterna
2627 2063 2820 2133 gaudia
2857 2064 3158 2136 pertingere
3199 2077 3522 2120 mereamur.
3559 2063 3662 2120 Per
3709 2062 3869 2118 Chri-

2284 2166 2422 2212 stum
2447 2154 2749 2208 Dominum.

2363 2247 2444 2301 Ad
2473 2245 2868 2316 Complendum.
2896 2273 2969 2287 -
2997 2245 3327 2302 Sacramenti
3355 2245 3451 2311 tui,
3482 2244 3724 2308 Domine,
3777 2257 3866 2298 re-

2286 2341 2520 2393 ncranda
2563 2339 2852 2407 perceptio,
2880 2346 2936 2393 et
2972 2340 3199 2407 mystico
3242 2353 3338 2391 nos
3379 2336 3599 2391 mundet
3642 2335 3864 2404 eﬂ'ectu,

2289 2438 2340 2486 et
2368 2439 2617 2499 perpetua
2658 2430 2851 2486 virtute
2882 2430 3151 2486 defendat.
3185 2431 3288 2486 Per
3313 2430 3620 2486 Dominum.

2359 2523 2528 2595 Super
2553 2529 2821 2595 populum.
2849 2554 2922 2564 —
2945 2524 3238 2588 Conserva,
3265 2537 3591 2593 quasumns,
3617 2521 3860 2586 Domine,

2286 2617 2541 2688 pepulum
2576 2625 2746 2681 tuum,
2780 2627 2832 2672 et
2858 2616 3042 2686 gratim
3075 2626 3178 2672 tuae
3203 2616 3254 2670 in
3288 2631 3352 2670 eo
3377 2617 3517 2672 dona
3541 2615 3860 2683 multiplica,

2287 2719 2342 2764 ιιι
2381 2709 2448 2763 ab
2492 2709 2742 2763 omnibus
2787 2708 2924 2764 liber
2956 2707 3197 2767 offensis.
3235 2717 3290 2764 et
3320 2706 3708 2778 temporalibus
3747 2723 3859 2761 non

2283 2801 2606 2856 destituatur
2645 2800 2891 2870 auxiliis,
2935 2809 2990 2856 et
3028 2802 3371 2872 sempiternis
3397 2798 3869 2873 gaudeatinstitu—

2287 2895 2374 2950 tis.
2405 2893 2510 2950 Per
2549 2893 2831 2950 Dominum
2866 2903 3129 2948 nostrum.

2711 2984 2735 3023 ἀ
2761 3001 2923 3041 suam
2946 3001 2994 3040 vr
3020 3000 3071 3039 ιιι
3095 2997 3434 3039 ΒΕΒΒΟΙΔυΔ.

2354 3078 2566 3150 Jejunia
2595 3089 2796 3146 nostra,
2826 3094 3158 3150 quaisumus,
3210 3078 3466 3142 Domine,
3518 3075 3752 3141 benigno
3782 3075 3864 3132 fa-

607 3157 820 3230 iejuniis
849 3162 1076 3227 eruditi,
1106 3176 1136 3216 a
1167 3163 1340 3217 noxiis
1367 3179 1578 3232 quoque
1628 3163 1770 3218 vitiis
1812 3160 2138 3221 ahsxinentes
2163 3204 2178 3232 ,
2206 3162 2253 3224 C
2284 3185 2417 3228 vere
2445 3186 2792 3241 prosequere,
2823 3181 2878 3225 ut
2906 3172 3046 3226 sicut
3082 3171 3150 3226 ab
3189 3171 3459 3225 alimentis
3503 3168 3557 3225 in
3586 3183 3817 3240 corpore
3842 3209 3862 3237 ,

610 3251 1039 3320 propitiationem
1073 3262 1214 3306 tuam
1251 3255 1456 3309 facilius
1483 3255 1847 3325 impetremus.
1884 3255 2004 3313 Per.

682 3343 852 3412 Super
885 3344 1076 3398 oblata.
1097 3367 1168 3386 -'—
1187 3346 1426 3420 Suscipe,
1452 3359 1775 3416 qumSnmus,
1798 3349 2032 3413 Domine,
2061 3363 2182 3417 pre-

605 3447 701 3489 ces
745 3436 923 3504 populi
954 3437 1026 3490 tui
1051 3447 1178 3492 cum
1213 3439 1574 3493 oblationibus
1629 3439 1947 3505 hostiarum,
1991 3449 2048 3494 et
2085 3450 2182 3511 tua

609 3527 862 3595 mysteria
883 3529 1216 3614 celebrantes
1237 3529 1306 3585 ab
1322 3531 1576 3587 omnibus
1593 3541 1694 3585 nos
1719 3525 1949 3586 defende
1973 3529 2184 3600 perieu-

603 3618 694 3674 iis.
724 3621 844 3676 Per.

685 3708 963 3781 Ρηείαιὶο.
992 3740 1064 3752 -
1095 3712 1230 3768 V'ere
1257 3713 1476 3782 dignum
1508 3723 1562 3769 et
1601 3713 1800 3782 justum
1841 3724 1943 3779 est,
1974 3727 2183 3784 aequent

610 3811 668 3859 et
694 3805 948 3873 salutare,
986 3822 1084 3862 nos
1115 3807 1208 3861 tibi
1232 3823 1447 3879 semper
1468 3817 1523 3861 et
1545 3809 1738 3877 ubique
1763 3809 1960 3880 gratias
1989 3823 2145 3879 agere
2164 3851 2180 3877 ,

609 3894 838 3952 Domine
882 3907 1093 3968 sancte,
1140 3897 1296 3954 Pater
1333 3899 1707 3966 omnipotens,
1740 3912 1940 3955 atterite
1992 3901 2132 3955 Deus
2164 3919 2180 3958 :

611 3994 863 4058 tuamque
893 3991 1317 4046 misericordiam
1347 3993 1654 4061 suppliciter
1687 4007 1928 4057 exorare,
1961 4003 2019 4048 ut
2039 3994 2182 4065 jeju-

611 4083 825 4136 niornm
888 4093 1194 4139 nostrorum
1239 4098 1578 4142 sacrosancta
1633 4089 1885 4157 mysteria
1932 4095 2034 4142 tua;
2079 4089 2187 4142 sint

609 4173 798 4239 pietati
853 4187 1066 4242 semper
1121 4189 1369 4244 accepta;
1425 4177 1796 4247 concedasque
1856 4189 1912 4232 ut
1959 4195 2183 4247 quorum

569 4326 581 4339 .
606 4276 832 4334 corpora
853 4266 1185 4320 abstinentia:
1208 4267 1579 4325 observatione
1597 4281 1953 4339 macerantur,
1978 4283 2184 4329 mentes

612 4373 827 4429 quoque
853 4361 1134 4415 virtutibus
1161 4371 1212 4416 et
1236 4363 1538 4418 ctelestibus
1562 4367 1814 4422 institutis
1835 4381 2180 4428 exornentur.

611 4450 716 4506 I’er
737 4445 1008 4506 Christum
1034 4451 1315 4507 Dominum
1346 4465 1604 4510 nostrum.

2286 3264 2358 3318 ita
2398 3277 2428 3315 a
2458 3261 2599 3316 vitiis
2632 3262 2934 3331 jejunemus
2963 3263 3014 3315 in
3046 3271 3245 3317 mente.
3280 3262 3404 3318 Per.

2361 3356 2530 3426 Super
2557 3355 2744 3409 oblata.
2772 3379 2844 3395 -αι-
2870 3354 3134 3424 Respice,
3191 3354 3435 3420 Domine,
3490 3351 3747 3423 propitius
3791 3351 3867 3408 ad

2289 3461 2509 3502 munera
2541 3461 2658 3515 qua:
2688 3460 2982 3511 sacramus,
3016 3453 3076 3499 ut
3096 3453 3152 3500 et
3185 3445 3280 3502 tibi
3305 3446 3602 3516 sintgrata,
3631 3454 3688 3501 et
3705 3444 3872 3502 nobis

2286 3539 2541 3596 salutaria
2580 3553 2794 3610 semper
2821 3539 3072 3594 existant.
3099 3538 3220 3594 Per.

2357 3628 2632 3701 Praefatio.
2658 3660 2732 3672 —
2756 3631 2890 3686 Vere
2931 3632 3147 3702 dignum
3196 3639 3250 3686 et
3293 3631 3496 3700 justum
3526 3638 3869 3700 est,a>quutn

2286 3730 2343 3778 et
2376 3722 2636 3792 salutare,
2661 3737 2758 3777 nos
2782 3721 2876 3777 tibi
2907 3737 3119 3791 semper
3149 3731 3203 3778 et
3232 3721 3425 3792 ubique
3451 3721 3652 3792 gratias
3684 3735 3872 3790 agere,

2289 3815 2521 3870 Domine
2571 3821 2777 3882 sancte,
2810 3814 2969 3869 Pater
3007 3816 3384 3885 omnipotens,
3439 3825 3638 3872 aeterne
3678 3815 3864 3872 Deus:

2290 3906 2384 3976 qui
2414 3906 2479 3960 ad
2508 3907 2885 3962 insinuandum
2911 3907 3225 3962 humilitatis
3250 3923 3362 3962 suae
3401 3908 3710 3977 mysterium
3737 3947 3752 3971 ,
3783 3907 3873 3961 fa-

2292 4000 2485 4068 tigatus
2529 3999 2730 4054 resedit
2773 4000 2838 4053 ad
2878 4007 3126 4066 puteum;
3177 4001 3264 4070 qui
3315 4015 3344 4054 a
3374 3999 3594 4055 muliere
3630 3999 3876 4055 Samari-

2293 4100 2414 4145 tana
2449 4107 2598 4159 aquae
2623 4091 2724 4146 sibi
2757 4092 2908 4160 petiit
2950 4091 3144 4160 porrigi
3189 4102 3393 4161 potum,
3435 4091 3524 4160 qui
3546 4093 3601 4146 in
3626 4106 3687 4146 ea
3712 4106 3872 4147 crea-

2286 4192 2438 4239 verat
2478 4184 2600 4241 fidei
2642 4185 2864 4239 donum.
2897 4185 2964 4238 Et
2999 4185 3069 4240 ita
3097 4184 3213 4253 ejus
3243 4184 3396 4239 sitire
3420 4184 3668 4253 dignatus
3691 4191 3776 4238 est
3804 4183 3877 4238 fi-

2287 4277 2430 4342 dem,
2453 4287 2510 4332 ut
2529 4277 2655 4332 dum
2679 4277 2746 4331 ab
2773 4291 2838 4331 ea
2859 4291 3048 4347 aquam
3071 4285 3300 4347 peteret,
3325 4277 3377 4330 in
3401 4291 3462 4331 ea
3491 4275 3665 4346 ignem
3693 4274 3872 4331 divini

2284 4371 2490 4426 amoris
2513 4370 2853 4425 accenderet.
2884 4369 3241 4438 Imploramus
3263 4370 3441 4438 itaque
3463 4379 3606 4422 tuam
3635 4366 3876 4422 immen-

2290 4477 2404 4517 sam
2437 4463 2797 4530 clementiam,
2827 4473 2885 4518 ut
2916 4471 3323 4516 con-.emnentes
3353 4459 3691 4514 tenebrosam
3735 4473 3872 4527 pro-

682 4545 762 4598 Ad
793 4543 1176 4612 Complendum.
1216 4575 1278 4586 —
1308 4547 1621 4605 Sanctiticet
1655 4564 1776 4615 nos,
1809 4551 2051 4615 Domine,
2080 4567 2182 4621 qua
2212 4550 2259 4609 D
2286 4552 2604 4608 funditatem
2631 4555 2906 4621 Vitiorum,
2935 4562 2990 4608 et
3017 4553 3384 4622 relinquentes
3404 4552 3680 4610 noxiarum
3711 4549 3876 4622 (227)

611 4640 745 4708 pasti
779 4653 982 4702 sumus,
1015 4656 1194 4696 mensa
1221 4641 1457 4696 caelestis
1479 4681 1494 4710 ,
1525 4655 1578 4698 et
1610 4657 1641 4697 a
1671 4643 1880 4698 cunctis
1909 4645 2181 4701 erroribus

607 4735 851 4803 expiatos
903 4732 1322 4804 (226)5upernis
1365 4736 1811 4805 promissionibus
1861 4738 2047 4792 reddat
2095 4753 2228 4793 ac-.

607 4834 812 4895 captos.
847 4825 946 4880 Per
977 4827 1279 4882 Dominum.

681 4916 852 4985 Super
879 4917 1146 4988 pupulum.
1201 4947 1273 4960 —
1300 4909 1538 4975 Defende
1559 4961 1575 4986 ,
1608 4919 1834 4975 Domine
1858 4960 1874 4985 ,
1931 4920 2180 4974 familiam

611 5015 776 5072 tuam,
808 5016 862 5062 et
877 5016 989 5062 toto
1018 5007 1110 5062 tibi
1133 5008 1294 5062 corde
1324 5018 1643 5078 prostratam
1682 5011 1748 5064 ab
1771 5011 2003 5065 hostium
2034 5021 2182 5067 tuere

611 5098 936 5164 formidine;
986 5114 1084 5156 nec
1140 5101 1275 5156 bona
1307 5112 1395 5157 tua
1440 5101 1725 5158 difficulter
1763 5102 2036 5170 inveniat,
2089 5119 2185 5174 pro

611 5193 806 5258 quibus
832 5201 884 5246 et
916 5193 1084 5272 sancti
1116 5194 1190 5248 tui
1217 5202 1270 5248 et
1301 5185 1552 5264 angelicae
1575 5195 1664 5251 tibi
1686 5195 1989 5268 supplicant
2007 5205 2187 5268 potes-

615 5296 767 5340 latus.
790 5282 892 5338 Per
921 5283 1200 5340 Dominum
1225 5298 1486 5341 nostrum.

681 5439 708 5468 ι
747 5427 970 5485 Additur
996 5425 1049 5484 in
1080 5427 1306 5485 Kalend.
1339 5425 1518 5496 Rom.,
1547 5427 1601 5498 in
1628 5423 1764 5482 Cod.
1790 5426 2017 5496 Pamel.,
2041 5427 2170 5498 Reg.

606 5501 765 5561 Suec.
799 5513 852 5558 et
883 5501 994 5556 aliis
1019 5502 1142 5557 Mss.
1172 5518 1185 5554 :
1220 5503 1296 5553 Ad
1319 5511 1544 5553 sanctam
1569 5497 1948 5568 Patentiqnam.
1978 5497 2173 5556 Eadem

609 5587 688 5631 est
718 5589 778 5626 ac
805 5583 976 5628 sancta
1000 5570 1345 5626 Pudentiaua.
1783 5573 1788 5580 ”

683 5647 705 5684 ιι
727 5644 898 5698 Statio
927 5645 1177 5698 indicitur
1208 5642 1275 5695 ad
1305 5650 1533 5694 sanetum
1562 5638 1810 5705 Xintum;
1841 5642 1983 5706 sive,
2015 5648 2072 5696 ut
2095 5641 2175 5697 ie-

608 5715 743 5787 gitur
773 5721 823 5771 in
837 5716 972 5770 Cod.
998 5716 1126 5787 lteg.
1150 5712 1331 5787 Suec.,
1355 5713 1421 5787 ad
1444 5713 1662 5787 Statum,
1680 5711 1838 5787 cuius
1862 5713 2000 5772 tituli
2021 5726 2172 5770 men-

610 5781 683 5844 ῐιυ
711 5789 762 5844 in
786 5787 988 5859 synodo
1019 5781 1198 5853 iterm,
1223 5786 1322 5839 sub
1343 5781 1504 5855 Greg.
1536 5783 1602 5850 ιι,
1626 5796 1715 5838 an.
1745 5781 1871 5839 τρι.

2285 4646 2532 4717 hydriam
2557 4645 2931 4714 cupiditatum,
2961 4652 3017 4700 et
3046 4653 3098 4699 te
3123 4687 3139 4712 ,
3173 4644 3263 4713 qui
3293 4644 3415 4698 fons
3454 4641 3577 4697 vita:
3613 4650 3669 4697 et
3709 4640 3874 4710 origo

2289 4740 2546 4794 bonitatis
2579 4752 2660 4804 es,
2690 4752 2903 4807 semper
2941 4737 3202 4803 sitiemus,
3227 4746 3278 4792 et
3303 4736 3628 4806 ieiuniorum
3653 4741 3876 4789 nostro-

2291 4846 2408 4885 rum
2441 4830 2826 4887 observatione
2869 4829 2964 4885 tibi
2990 4829 3318 4900 plaeeamus.
3349 4828 3451 4884 Per
3472 4839 3636 4895 auem
3666 4823 3877 4894 Maies-

2291 4930 2478 4976 tatem.
2659 4935 2664 4940 ’

2363 5015 2444 5069 Ad
2472 5012 2865 5085 Comptendum.
2893 5043 2962 5053 —
2983 5011 3151 5082 Hujus
3180 5025 3300 5082 nos,
3327 5010 3572 5077 Domine,
3593 5007 3878 5079 perceptio

2289 5111 2610 5165 sacramenti
2643 5107 2865 5168 mandet
2892 5121 2924 5163 a
2951 5107 3208 5174 crimine,
3237 5116 3292 5163 et
3325 5105 3396 5162 ad
3435 5101 3672 5163 coelestia
3701 5115 3876 5172 regna

2295 5201 2573 5270 perducat.
2607 5201 2728 5256 Per.

2364 5291 2535 5362 Super
2559 5292 2828 5363 populum.
2858 5319 2929 5334 —-
2951 5290 3212 5357 Gaudeat,
3238 5287 3492 5358 Domine,
3519 5300 3828 5360 quaesumus
3853 5326 3869 5353 ,

2353 5437 2376 5470 ο
2407 5424 2523 5484 Iam
2557 5439 2702 5498 saepe
2743 5423 2948 5484 laudati
2987 5427 3208 5484 Codices
3257 5428 3370 5484 sive
3405 5439 3568 5482 manu
3605 5427 3823 5498 exarati
3848 5469 3866 5493 ,

2275 5499 2401 5626 :qu
2416 5500 2565 5568 editi,
2590 5495 2789 5557 habent
2813 5499 2905 5557 hic
2932 5517 2946 5554 :
2974 5500 3053 5555 Ad
3074 5507 3278 5556 sanctos
3308 5500 3544 5556 Cosmum
3570 5505 3617 5555 et
3647 5495 3870 5552 Durniu-

2353 5587 2383 5622 ιι
2407 5611 2421 5626 ο

2353 5587 2421 5626 nt.

2345 5639 2374 5679 ι¹
2404 5641 2578 5698 Statio
2605 5650 2692 5698 est
2714 5641 2782 5697 ad
2804 5650 3035 5696 sanetum
3066 5639 3403 5697 Laurentium
3431 5639 3486 5696 in
3515 5643 3597 5696 tit.
3627 5636 3865 5709 Lucina,

2273 5711 2408 5787 sive,
2437 5721 2496 5787 ut
2516 5711 2676 5772 habet
2704 5712 2932 5784 Pamel.,
2957 5714 3327 5787 consentiente
3354 5709 3487 5771 God.
3519 5709 3862 5784 ιιι-φθαίη,

2273 5783 2332 5844 lu
2356 5782 2590 5842 Lucina.
