4064 6350
245 318 317 379 69
1462 321 1665 380 LIBER
1703 319 2340 379 SACRAMENTORUM.
3447 315 3516 382 70

246 432 476 506 populus
506 475 523 502 ,
584 444 677 492 tua
713 449 930 507 semper
975 433 1348 492 benedictione
1376 437 1610 492 conﬁsus
1635 475 1650 501 ,
1683 444 1744 491 ut
1771 444 1827 494 et
1853 438 1904 496 Α
1929 434 2124 490 Amen.
2150 433 2538 490 Abstinentiam
2563 440 2795 490 vestram
2815 433 3139 505 praeteritam
3153 441 3411 503 acceptet,
3437 432 3517 489 fu-

246 530 634 600 temporalibus
663 529 943 588 beneﬁciis
968 529 1274 601 adjuvetur,
1293 539 1347 588 et
1373 530 1651 588 erudiatur
1681 539 1839 588 teter-

243 625 349 680 nis.
381 623 485 678 Per
517 622 829 678 Dominum.

521 718 627 789 51
654 724 682 753 ι
708 731 942 772 “anno
965 731 1020 774 IN
1051 732 1284 773 neuneu.
1323 734 1541 776 ren‘t‘ta.

313 810 553 875 Praesta,
587 824 925 880 quasnmus,
968 813 1306 880 omnipotens
1335 813 1495 877 Deus,
1527 822 1585 868 ut
1610 813 1840 882 dignitas

238 901 571 957 conditionis
613 901 859 956 humanae
903 918 998 971 per
1058 903 1517 959 immoderantiam
1565 907 1836 972 sauciata,

241 992 583 1048 medicinalis
616 993 958 1062 parcimoniae
995 994 1171 1050 studio
1197 994 1542 1053 reformetur.
1593 998 1695 1054 Per
1733 999 1840 1056 Do-

239 1086 467 1140 minum.

243 1253 250 1256 _
315 1176 490 1245 Super
519 1175 708 1230 oblata.
733 1205 804 1218 —
831 1175 1098 1246 Concede,
1130 1193 1436 1249 quaesumus
1459 1221 1474 1246 ,
1504 1180 1838 1248 omnipotens

242 1265 404 1332 Deus,
438 1277 494 1320 ut
527 1266 684 1336 huius
716 1271 964 1325 sacriﬁcii
1010 1286 1202 1327 munus
1240 1272 1576 1343 fragilitatem
1603 1287 1837 1331 nOstram

238 1360 309 1413 ah
335 1361 482 1416 omni
507 1362 650 1416 malo
683 1370 872 1432 purget
909 1379 1123 1435 semper
1169 1373 1223 1420 et
1253 1367 1474 1422 muniat.
1517 1367 1619 1423 Per
1651 1368 1837 1424 Domi-

237 1464 388 1504 num.

319 1535 590 1608 Praefatio.
613 1569 684 1580 -—
709 1540 848 1597 Vere
880 1542 1095 1614 dignum
1119 1553 1171 1600 et
1200 1555 1400 1614 iustum
1424 1554 1526 1614 est,
1548 1562 1757 1615 aequum
1785 1556 1840 1604 et

241 1632 506 1700 Salutare,
562 1649 661 1689 nos
691 1635 785 1690 tibi
830 1651 1041 1706 semper
1082 1648 1137 1694 et
1179 1639 1376 1708 ubique
1411 1641 1606 1708 gratias
1644 1656 1833 1709 agere,

250 1724 479 1782 Domine
529 1737 748 1790 sancte,
796 1717 953 1784 Pater
988 1731 1356 1800 omnipotens,
1408 1742 1608 1787 aeterne
1651 1733 1831 1790 Deus:

242 1820 341 1890 qui
366 1820 552 1890 jejunii
583 1822 1070 1894 Quadragesimalis
1103 1825 1527 1880 observationem
1564 1826 1616 1882 in
1649 1825 1830 1899 Moyse
1861 1821 1908 1886 Β

236 1920 296 1965 ct
320 1911 430 1965 Elia
473 1913 758 1981 dedicasti,
797 1926 851 1970 et
890 1915 943 1968 in
982 1914 1264 1984 Unigenito
1299 1915 1433 1970 Filio
1463 1928 1587 1994 tuo,
1613 1917 1746 1988 legis
1776 1928 1832 1975 et

237 2001 619 2070 prophetarum
659 2013 946 2076 nostroque
971 2009 1207 2061 omnium
1244 2007 1501 2074 Domino,
1525 2011 1825 2065 exornasti.

232 2090 404 2146 Tuam
431 2094 591 2163 igitur
620 2095 939 2150 immensam
980 2097 1269 2153 bonitatem
1299 2098 1564 2167 supplices
1589 2102 1832 2170 exposci-

226 2199 388 2249 mus.
414 2195 476 2240 ut
514 2187 652 2255 quod
690 2187 778 2242 ille
807 2188 918 2258 jugi
963 2189 1288 2258 jejuniorum
1337 2191 1620 2260 complevit
1661 2193 1831 2248 conti-

225 2277 532 2344 nuatione,
566 2293 664 2333 nos
699 2280 993 2349 adimplere
1029 2282 1306 2337 valeamus
1343 2282 1485 2338 illius
1519 2283 1683 2354 adjuti
1724 2284 1830 2340 lar-

225 2373 452 2444 gissime
478 2376 854 2443 miseratione,
882 2388 933 2434 et
952 2379 1302 2448 adimplentes
1326 2395 1386 2434 ea
1405 2395 1522 2449 qua:
1545 2381 1826 2450 praecepit,

228 2466 372 2521 dona
395 2468 682 2538 percipere
711 2485 1013 2526 mereamur
1042 2488 1162 2541 qua:
1205 2474 1470 2542 promisit.
1515 2471 1616 2530 Per
1649 2490 1827 2543 quem.

310 2559 386 2611 Ad
414 2557 807 2630 Complendum.
825 2591 894 2602 —
913 2561 1250 2632 Qua-sumus,
1279 2563 1615 2633 omnipotens
1654 2564 1825 2635 Deus,

233 2660 296 2706 ut
320 2654 459 2708 inter
479 2652 602 2723 ejus
631 2654 870 2710 membra
902 2671 1243 2711 numeremur
1265 2659 1416 2724 cujus
1447 2658 1658 2728 corpori
1687 2672 1832 2714 com-

231 2747 574 2802 municamus
603 2758 657 2802 et
696 2748 962 2822 sanguini.
1002 2749 1106 2804 Per
1127 2747 1434 2804 Dominum.

308 2837 474 2907 Super
499 2839 774 2907 populum.
806 2868 878 2880 —
902 2841 1215 2907 Praetende,
1257 2841 1484 2896 Domine
1509 2883 1526 2910 ,
1578 2841 1828 2898 ﬁdelibus

228 2929 341 2984 tuis
371 2930 659 2985 dexteram
693 2930 935 2987 caelestis
965 2932 1177 2997 auxilii,
1197 2941 1255 2987 ut
1285 2942 1336 2988 te
1360 2944 1474 2988 toto
1505 2933 1666 2988 corde
1709 2949 1830 3004 per-

233 3023 544 3092 quirant,et
574 3038 695 3093 qua:
723 3023 880 3092 digne
908 3025 1180 3095 postulant
1205 3026 1461 3096 consequi
1485 3034 1816 3082 mereantur.

229 3114 338 3171 Per
366 3115 655 3170 Dominum
689 3124 958 3169 nostrum.

555 3226 584 3266 δ
615 3243 866 3284 οοκιιιιελ
905 3243 957 3284 tv
993 3243 1045 3284 nr
1079 3243 1508 3292 quannacssms.

302 3323 580 3388 Concede,
612 3336 944 3394 quaesumus,
972 3322 1312 3392 omttipotens
1342 3321 1516 3386 Deus,
1549 3330 1606 3377 ut
1636 3321 1727 3392 qui
1753 3337 1824 3380 et

229 3416 424 3470 merito
451 3425 653 3471 nostra:
683 3417 910 3472 actionis
939 3414 1226 3484 afﬂigimur
1248 3457 1266 3482 ,
1289 3425 1394 3471 tua:
1414 3417 1598 3486 gratia:
1625 3431 1821 3474 conso-

227 3507 435 3562 htione
455 3509 806 3576 respiramus.
837 3505 940 3563 Per
969 3507 1251 3563 Dominum
1284 3516 1546 3564 nostrum.

308 3598 478 3669 Super
507 3600 704 3655 oblata.
727 3628 797 3644 -ι
826 3601 1068 3669 Suscipe,
1101 3600 1346 3667 Domine,
1377 3602 1700 3658 sacriﬁcium
1729 3619 1822 3659 cu-

229 3689 412 3757 iuste
465 3691 687 3747 voluisti
745 3691 1031 3762 dignanter
1087 3692 1450 3748 immolatione
1507 3695 1727 3762 placari,
1765 3704 1822 3752 et

235 3792 456 3850 praesta,
489 3798 801 3852 quaesumus
831 3815 849 3849 θ
882 3794 938 3837 ut
981 3782 1145 3854 hujus
1185 3785 1494 3851 operatione
1537 3786 1776 3841 mundati
1802 3827 1818 3853 ,

232 3873 635 3941 benepiscitum
666 3873 759 3930 tibi
791 3885 994 3931 nostr-te
1015 3876 1212 3929 mentis
1230 3875 1520 3932 sileremus
1549 3877 1818 3934 allectum.

231 3964 336 4021 Per
360 3966 669 4022 Dominum.

307 4056 584 4127 Prcfatio.
616 4089 695 4101 —
735 4059 876 4116 Vere
911 4061 1130 4129 dignum
1154 4061 1427 4129 etjnstum
1457 4071 1543 4117 est
1567 4103 1582 4128 ,
1607 4079 1818 4134 mquam

231 4160 290 4205 et
321 4152 593 4217 salutare,
621 4167 719 4207 nos
759 4152 853 4206 tibi
874 4168 1091 4222 semper
1113 4163 1165 4208 et
1196 4155 1392 4223 ubique
1417 4157 1613 4224 gratias
1639 4166 1819 4225 agere,

233 4240 459 4296 Domine
493 4252 703 4309 sancte,
739 4243 895 4298 Pater
937 4243 1306 4313 omnipotens,
1333 4255 1536 4301 aeterne
1562 4246 1703 4302 Deus
1732 4257 1820 4303 :et

234 4342 286 4387 te
312 4334 626 4389 Creatorem
659 4333 895 4391 omnium
923 4335 991 4391 de
1019 4336 1308 4401 pratteritis
1353 4337 1614 4393 fructibus
1645 4340 1822 4409 glori-

235 4427 417 4491 beare,
454 4437 507 4482 et
545 4426 616 4482 de
645 4429 884 4484 venturis
906 4429 1228 4499 suppliciter
1251 4446 1498 4495 exorare,
1533 4443 1588 4484 ut
1611 4447 1730 4486 cum
1754 4433 1821 4488 de

235 4519 501 4587 perceptis
531 4535 637 4573 non
660 4518 966 4575 invenimur
996 4521 1210 4591 ingrati,
1236 4521 1303 4576 de
1329 4521 1683 4589 percipiendis
1713 4539 1818 4578 non

1944 537 2118 582 turam
2143 527 2244 582 sibi
2277 517 2524 597 placitam
2554 528 2762 593 reddat,
2795 536 2852 583 ut
2878 527 3016 582 sicut
3038 519 3106 582 ab
3132 525 3330 580 illicitis
3361 525 3516 593 cibis,

1941 621 2014 675 ita
2047 635 2140 674 vos
2175 619 2334 674 etiam
2391 635 2422 674 a
2453 621 2595 676 vitiis
2625 621 2872 676 omnibus
2921 617 3188 674 abstinere
3235 609 3520 674 concedat.

1939 713 2133 769 Amen.
2165 705 2279 780 Quo
2309 713 2374 769 de
2408 715 2689 784 praeteritis
2712 722 2766 768 et
2792 713 2982 768 futuris
3003 711 3383 768 charismatum
3416 701 3522 766 fru-

1941 806 2093 876 gibus
2122 806 2170 861 ei
2194 814 2371 876 grates
2397 807 2779 874 persolventes,
2820 796 2884 860 ad
2908 815 3148 861 sanctum
3175 805 3375 859 Pascha
3401 819 3521 873 per-

1941 896 2122 952 venire
2169 897 2377 966 possitis
2413 897 2562 970 (228)
2609 899 2906 956 indemnes.
2940 891 3088 965 Quod
3121 898 3233 968 ipse
3264 906 3518 967 pra-stare

1939 990 2204 1059 dignetur.

2007 1086 2089 1138 Ad
2115 1085 2506 1156 Complendum.
2535 1117 2606 1128 -—
2629 1087 2700 1141 Da
2728 1087 2904 1156 nobis,
2940 1101 3242 1142 misericors
3271 1083 3433 1148 Deus,
3458 1079 3518 1137 ut

1938 1189 2121 1232 sancta
2170 1186 2279 1244 tua,
2326 1179 2516 1249 quibus
2547 1179 2877 1234 incessanter
2916 1179 3233 1247 explemur,
3293 1175 3518 1231 sinceris

1941 1283 2225 1328 tractemus
2249 1273 2544 1343 obsequiis,
2563 1283 2617 1329 et
2633 1288 2844 1343 semper
2863 1272 3006 1328 ﬁdeli
3024 1283 3203 1329 mente
3221 1282 3517 1326 sumamus.

1940 1361 2057 1420 Per.

2012 1455 2183 1522 Super
2209 1455 2473 1523 pOpulum.
2495 1453 2718 1508 —Deus
2739 1453 2827 1523 qui
2850 1452 2901 1507 in
2932 1452 3128 1508 deserti
3148 1441 3361 1519 regione
3379 1441 3518 1505 mul-

1939 1549 2215 1604 titudinem
2245 1549 2424 1619 populi
2450 1561 2534 1603 tua
2565 1549 2758 1602 virtute
2788 1547 3012 1612 satiasti,
3041 1546 3092 1600 in
3122 1546 3278 1615 hujus
3303 1558 3516 1614 quoque

1886 1701 1893 1705 _
1936 1642 2116 1697 satculi
2148 1642 2470 1696 transeuntis
2502 1657 2728 1696 excursu
2757 1641 2955 1693 victum
2999 1631 3151 1693 nobis
3179 1637 3470 1706 spiritalem
3495 1676 3513 1706 ,

1939 1749 2008 1791 ne
2041 1733 2371 1799 deﬁciamus,
2400 1732 2668 1801 impende.
2713 1733 2814 1799 Qui
2845 1733 2976 1786 vivis
3006 1742 3058 1787 et
3085 1747 3292 1801 regnas.

2238 1822 2263 1860 ά
2300 1839 2457 1878 ηιιιΑ
2484 1839 2524 1877 ιι
2563 1840 2615 1878 IN
2643 1839 2960 1878 HEBDOIIADA
2987 1838 3214 1886 omnm.

2010 1913 2234 1981 Praesta,
2267 1929 2590 1984 qumsumus,
2620 1914 2960 1982 omnipotens
2983 1913 3145 1975 Deus,
3176 1921 3234 1966 ut
3262 1907 3515 1965 observa-

1937 2008 2111 2062 tiones
2139 2021 2320 2060 sacras
2347 2022 2521 2060 annua
2550 2007 2839 2061 devotione
2870 2009 3190 2073 recolentes,
3221 2017 3272 2061 et
3293 2017 3518 2074 corpore

1938 2099 2031 2154 tibi
2065 2097 2366 2166 placeamus
2391 2094 2446 2152 ei
2476 2107 2675 2152 mente.
2709 2091 2831 2151 Per.

2005 2192 2172 2265 Super
2217 2194 2406 2248 oblata.
2440 2191 2777 2248 ~Oblatum
2838 2178 2952 2254 tibi,
3015 2177 3258 2257 Domine,
3313 2185 3515 2242 sacriﬁ-

1931 2287 2070 2344 cium
2110 2287 2339 2344 vivilicct
2371 2301 2468 2342 nos
2497 2301 2708 2355 semper
2730 2295 2785 2340 et
2815 2284 3041 2339 muniat.
3075 2275 3194 2338 Per.

2003 2384 2274 2456 Praefatio.
2303 2413 2374 2427 —
2409 2385 2546 2440 Vere
2588 2384 2803 2453 dignum
2843 2391 2896 2436 et
2928 2381 3132 2452 justum
3163 2387 3267 2443 est,
3297 2377 3510 2446 acquum

1934 2488 1988 2532 et
2019 2478 2277 2543 salutare,
2308 2493 2405 2532 nos
2434 2479 2526 2532 tibi
2561 2491 2776 2544 semper
2803 2485 2855 2529 et
2884 2474 3076 2541 ubique
3103 2470 3304 2540 gratias
3325 2480 3508 2535 agere,

1930 2569 2155 2624 Domine
2184 2579 2390 2635 sancte,
2415 2569 2573 2624 Pater
2605 2567 2949 2636 omnipotens
2973 2607 2987 2629 ,
3015 2573 3215 2617 aeterne
3245 2559 3387 2614 Deus
3415 2574 3428 2611 :
3461 2562 3516 2613 et

1932 2669 2077 2715 tuam
2122 2662 2437 2731 suppliciter
2467 2659 2890 2716 misericordiam
2924 2656 3241 2725 implorare,
3273 2661 3333 2708 ut
3361 2665 3516 2706 exer-

1930 2752 2116 2808 citatio
2140 2751 2443 2807 veneranda
2460 2752 2650 2822 jejunii
2678 2751 2930 2805 salutaris
2950 2793 2964 2818 ,
2992 2763 3088 2804 nos
3113 2763 3140 2801 a
3175 2749 3515 2816 peccatorum

1929 2853 2235 2899 nostrorum
2259 2843 2480 2898 maculis
2512 2852 2761 2912 purgatos
2793 2833 3017 2908 reddat,
3078 2849 3131 2893 et
3159 2837 3224 2891 ad
3255 2848 3513 2904 superno-

1930 2952 2048 2991 rum
2074 2936 2270 2990 civium
2291 2936 2604 2990 societatem
2639 2933 2915 3002 perducat,
2949 2937 3003 2985 ut
3025 2939 3078 2985 et
3094 2927 3178 2983 hic
3199 2928 3512 2982 devotorum

1928 3040 2140 3085 actuum
2171 3045 2444 3086 sumamus
2476 3039 2844 3099 augmentum,
2877 3034 2933 3082 et
2957 3026 3064 3081 illic
3088 3032 3300 3078 πίει-[ιω
3331 3018 3508 3075 beati-

1933 3119 2134 3177 tudinis
2197 3122 2557 3192 percipiamus
2603 3120 3044 3176 emolumentum.
3096 3115 3199 3171 Per
3240 3112 3514 3170 Christum

1845 3205 1896 3274 ς
1930 3215 2209 3271 Dominum
2235 3226 2498 3272 nostrum.

1964 3354 1970 3358 .
2002 3309 2083 3363 Ad
2107 3307 2578 3380 Compleudum.—
2595 3307 2770 3364 Divini
2788 3306 2963 3362 satiati
2988 3303 3506 3372 munerislargttate,

1931 3387 2262 3472 quimSumus,
2295 3401 2522 3456 Domine
2545 3401 2683 3455 Deus
2714 3410 2918 3468 noster,
2948 3408 3005 3452 ut
3033 3398 3087 3452 in
3117 3397 3274 3465 hujus
3302 3407 3514 3464 semper

1925 3493 2340 3565 participatione
2371 3493 2633 3547 vivamus.
2669 3492 2770 3546 Per
2795 3491 3077 3545 Dominum
3104 3497 3368 3543 nostrum.

1998 3584 2172 3654 Super
2202 3585 2476 3654 populum.
2509 3613 2580 3626 —
2607 3583 2876 3649 Proliciat,
2907 3595 3234 3652 qumsumus,
3269 3577 3512 3644 Domine,

1929 3676 2083 3747 plebs
2115 3676 2208 3731 tibi
2240 3677 2413 3731 dicata
2445 3678 2546 3746 piae
2583 3676 2882 3731 devotionis
2904 3676 3118 3742 all'ectu,
3152 3681 3210 3726 ut
3234 3670 3400 3727 sacris
3423 3675 3514 3724 ac-

1931 3769 2167 3824 tionibus
2211 3769 2416 3824 erudita
2439 3809 2454 3834 ,
2507 3779 2706 3838 quanto
2757 3767 3013 3836 hlajestati
3039 3777 3141 3821 tua:
3178 3768 3235 3819 lit
3265 3763 3465 3832 gratior
3488 3805 3507 3834 ,

1935 3872 2081 3918 tanto
2111 3862 2264 3917 donis
2299 3862 2590 3932 potioribus
2621 3869 2899 3930 augeatur.
2929 3860 3034 3934 Per
3074 3859 3377 3914 Dominum.

2060 3976 2165 4048 53
2199 3984 2222 4010 ο
2254 3989 2412 4029 FERIA
2439 3988 2494 4029 nt
2527 3987 2576 4028 m
2607 3987 2837 4028 unseen.
2864 3986 2912 4026 ιν
2939 3983 3374 4034 ρυλυιιλοεεωιε.

1994 4067 2174 4124 Sacra:
2203 4067 2381 4132 nobis,
2439 4066 2686 4128 Dou'iine,
2735 4075 3062 4134 quaesumus,
3110 4057 3510 4115 observationis

1917 4159 2122 4232 jcjunia
2145 4199 2159 4224 ,
2193 4172 2246 4215 et
2276 4161 2378 4229 piae
2407 4157 2834 4213 conversationis
2877 4163 3255 4224 augmentum,
3305 4160 3358 4205 et.
3406 4159 3510 4207 tua:

1924 4251 2312 4322 propitiationis
2342 4251 2652 4306 continuum
2692 4257 2945 4317 praestent
2971 4246 3251 4301 auxilium.
3281 4239 3384 4296 Per
3406 4241 3511 4296 Do-

1925 4346 2151 4399 minum.

1995 4439 2164 4507 Super
2187 4435 2379 4491 oblata.
2402 4466 2470 4476 —-
2499 4435 2724 4490 Puriliea
2754 4449 2872 4502 nos,
2907 4433 3212 4488 misericors
3243 4429 3420 4492 Deus,
3451 4434 3509 4482 ut

1922 4526 2175 4582 Ecc'csias
2203 4538 2304 4581 tuae
2329 4542 2540 4596 preces,
2568 4542 2688 4596 qua:
2719 4526 2808 4580 tibi
2832 4538 2994 4594 gratae
3029 4532 3170 4585 sunt,
3210 4525 3293 4590 pia
3323 4533 3508 4574 mune—

232 4611 538 4680 judicernur
569 4611 804 4682 indigni;
859 4611 951 4666 sed
1007 4612 1267 4667 exhibitis
1294 4613 1448 4668 toties
1477 4614 1703 4668 solernni
1731 4615 1821 4671 de-
1847 4597 1900 4660 Ῑ)
1930 4635 1986 4674 ra
2016 4619 2330 4687 deferentis;
2360 4619 2489 4674 ﬁant
2526 4619 2754 4689 expiatis
2795 4616 3058 4673 mentibus
3083 4616 3367 4696 gratiores.
3401 4609 3506 4664 Per

236 4704 452 4758 votione
471 4704 714 4773 ieiuniis,
743 4719 864 4759 cum
895 4703 1148 4760 subsidiis
1173 4706 1539 4774 corporalibus
1562 4709 1667 4778 53
1701 4723 1821 4775 pro-

236 4795 434 4850 tectum
469 4812 686 4867 quoque
740 4798 1018 4866 capiamus
1058 4797 1376 4854 animarum.
1419 4798 1518 4853 Per
1551 4798 1819 4855 Christum

238 4889 546 4943 Domum.

307 4981 627 5038 Bmedidio.
648 5013 720 5024 —
743 4983 904 5051 Deus,
940 4993 963 5024 ο
989 4983 1076 5053 qui
1105 4998 1199 5037 vos
1227 4983 1293 5038 ad
1319 4985 1654 5052 praesentium
1682 4986 1825 5052 Que—

241 5074 680 5144 dragesimalium
713 5076 924 5131 dierum
954 5076 1292 5131 medietatem
1315 5078 1561 5147 dignatus
1588 5089 1670 5133 est
1692 5091 1823 5149 pet-

239 5166 456 5234 dtrccrc,
485 5168 605 5236 ipse
626 5182 722 5224 vos
739 5183 835 5224 sua
858 5167 1202 5224 miseratione
1221 5168 1466 5238 dignetur
1484 5169 1821 5229 benedicere.

311 5335 333 5360 ε
357 5326 576 5396 Legitur
600 5324 740 5396 apud
776 5321 974 5396 l‘amel.
1000 5332 1052 5378 et
1075 5324 1127 5377 in
1155 5313 1539 5396 Kalottd.Rom.
1562 5342 1577 5382 :
1599 5327 1677 5380 Ad
1696 5343 1820 5382 san-

244 5403 372 5449 ctam
406 5389 730 5459 Susannom,
764 5395 960 5464 quibus
999 5396 1181 5449 fai'ettl
1210 5389 1337 5450 Mss.

315 5468 341 5504 ι»
375 5470 426 5522 lu
460 5470 522 5523 (Σ.
562 5468 766 5522 l’amel.
800 5468 963 5520 habes
995 5482 1090 5534 pro
1115 5468 1344 5520 statione
1394 5467 1465 5520 ad
1509 5465 1817 5524 Jerusalem.

248 5541 620 5594 Assentiuntut'
643 5539 816 5594 Codd.
846 5538 975 5605 lieg.
1008 5539 1165 5592 Suec.
1199 5548 1253 5591 et
1289 5539 1396 5592 duo
1436 5540 1641 5594 ΤΙιθειιΙ.
1677 5549 1742 5595 At
1765 5543 1818 5596 in

249 5610 462 5684 lialeud.
492 5613 647 5684 Itom_.
673 5611 862 5684 legitur
889 5625 903 5663 :
934 5607 997 5662 In
1025 5609 1292 5684 διιᾳῖιινὶο³
1325 5608 1631 5684 quodidem
1657 5612 1822 5679 signi-

253 5683 408 5736 licare
441 5693 589 5750 putat
614 5679 769 5736 Joau.
801 5679 1000 5736 Fronto
1021 5696 1083 5736 ac
1104 5682 1157 5734 in
1182 5679 1442 5748 seu'ort'o;
1469 5682 1635 5748 ipsius
1661 5693 1818 5740 notas

250 5753 312 5808 ad
339 5754 476 5808 hunc
503 5755 682 5808 locum
705 5754 944 5808 consule.

323 5830 348 5866 ο
375 5815 692 5881 Benedictio
721 5822 836 5880 huic
874 5821 1067 5896 legitur
1097 5820 1150 5878 in
1180 5820 1594 5881 Benedictionali
1621 5840 1635 5894 ;
1668 5827 1822 5885 abest

1926 4712 2208 4774 Dominum
2237 4722 2500 4769 nostrum.

1999 4805 2272 4878 Praefatio.
2301 4837 2372 4848 --
2401 4804 2540 4862 Vere
2567 4805 2780 4876 dignum
2812 4816 2866 4859 et
2903 4803 3104 4872 .justum
3150 4809 3252 4866 est,
3298 4811 3506 4866 aequum

1926 4906 1978 4950 et
2009 4897 2263 4963 salutare,
2291 4913 2388 4952 nos
2411 4899 2500 4952 tibi
2529 4912 2738 4965 semper
2763 4907 2816 4951 et
2847 4895 3041 4962 ubique
3088 4891 3284 4965 gratias
3327 4903 3507 4960 agere,

1928 4987 2159 5043 Domine
2192 4998 2399 5058 sancte,
2426 4989 2595 5044 Pater
2614 4987 2972 5058 omnipotens,
3003 4997 3201 5041 anet-ne
3229 4984 3386 5048 Deus,
3417 4995 3508 5050 per

1930 5082 2274 5137 Mediatorem
2309 5081 2403 5135 Dei
2432 5090 2489 5137 et
2518 5081 2821 5149 hominum,
2866 5079 3045 5134 Jesum
3091 5075 3359 5131 Christum
3408 5074 3509 5128 Do-

1930 5176 2134 5233 minum
2161 5185 2404 5231 nostrum
2436 5189 2451 5228 :
2477 5174 2567 5244 qui
2599 5174 2864 5229 mediante
2893 5172 2980 5228 die
3009 5172 3146 5227 festo
3185 5167 3426 5224 ascendit
3452 5166 3507 5222 in

1926 5343 2102 5388 autem
2129 5348 2155 5384 a
2182 5332 2314 5386 Cod.
2351 5332 2616 5389 Theodor.
2646 5341 2702 5388 et
2734 5331 2831 5386 Ed.
2864 5327 3037 5387 Vatic.

1998 5403 2022 5442 ά
2055 5405 2241 5474 Magno
2270 5413 2540 5459 consensu
2584 5406 2742 5460 Statio
2778 5395 2938 5474 hujus
2962 5399 3062 5460 ter.
3096 5408 3176 5457 est
3207 5402 3273 5453 ad
3298 5406 3504 5452 sanctos

1922 5483 2138 5544 quatuor
2169 5474 2470 5530 Cm'oit'atos.

1999 5555 2020 5581 θ
2049 5549 2200 5602 Istius
2229 5546 2330 5601 fet'.
2355 5547 2515 5600 statio
2536 5548 2650 5614 pari
2678 5560 2940 5600 consensu
2971 5544 3039 5614 ad
3087 5550 3348 5614 ξαῃίειιιηιΔ
3369 5536 3506 5592 Lau-

1922 5620 2142 5671 reutium
2167 5621 2217 5671 in
2245 5619 2482 5681 Damam,
2516 5608 2648 5681 sive,
2703 5625 2759 5681 ut
2807 5617 2970 5670 habet
2998 5613 3130 5668 Cod.
3158 5611 3287 5680 lteg.
3317 5608 3502 5681 Suec.,

1921 5691 1974 5766 in
2004 5687 2310 5766 Damasum.
2341 5679 2710 5766 ltili-alendam
2746 5679 2902 5766 Rom,
2937 5687 3125 5766 legitur
3156 5679 3366 5766 tantum
3396 5695 3413 5766 ξ
3438 5679 3505 5766 1]

1925 5761 2074 5818 titulo
2098 5760 2339 5830 Damasi,
2369 5760 2700 5818 dissimulato
2728 5757 2903 5814 sancti
2937 5753 3214 5811 Laurentii
3263 5753 3502 5812 nomine.
