4064 6350
579 332 643 397 7t
1758 332 2003 395 SANCTI
2040 312 2363 395 GREGORII
2402 336 2610 395 MAGNl
3769 333 3835 397 72

578 451 830 521 templum
859 448 1075 515 docere,
1105 446 1193 519 qui
1222 446 1288 504 de
1315 448 1455 504 coelo
1476 448 1772 522 descendit,
1804 450 2058 504 mundum
2080 449 2147 505 ab
2175 453 2229 514 Α
2254 463 2343 506 tua
2400 451 2738 521 protectione
2791 448 3140 519 conﬁdimus,
3197 460 3388 506 cuncta
3444 452 3604 508 nobis
3650 455 3835 513 adver-

575 546 889 619 iguorantiae
934 542 1169 599 tenebris
1198 542 1457 608 liberare;
1488 543 1640 612 cujus
1670 542 1959 600 descensus
1989 557 2155 613 genus

574 636 864 695 humanum
894 636 1133 691 doctrina
1157 634 1375 691 salutari
1405 636 1635 702 instruit,
1668 650 1812 689 mors
1842 649 1872 689 a
1898 644 2157 703 perpetua

575 740 747 786 morte
776 730 1021 793 redemit,
1050 729 1295 784 ascensio
1330 728 1397 783 ad
1432 728 1671 784 coelestia
1698 741 1860 797 regna
1889 727 2157 795 perducit.

573 821 679 879 Per
708 839 864 893 quem
897 831 966 889 te,
999 837 1207 878 summe
1237 822 1414 887 Pater,
1450 821 1733 891 poscimus,
1760 830 1837 886 ut,
1863 819 1979 890 ejus
2005 821 2155 875 insti-

572 916 776 972 tutione
806 915 1003 981 edocti,
1035 914 1281 969 salutaris
1328 912 1667 982 parcimonite
1717 912 2002 967 devotione
2059 928 2157 979 pu-

571 1007 787 1074 riﬁcati,
837 1006 905 1061 ad
954 1015 1044 1062 tua
1096 1005 1463 1076 perveniamus
1514 1005 1774 1076 promissa
1825 1004 2021 1059 securi.
2054 1003 2155 1061 Per

569 1112 730 1167 quem
760 1096 1085 1167 Majestatem
1110 1106 1275 1153 tuam.

642 1191 721 1244 Ad
769 1189 1161 1261 Complendum.
1211 1219 1279 1234 —~
1318 1188 1569 1245 leestia
1615 1190 1753 1243 dona
1800 1186 2151 1256 capientibus,

570 1298 903 1353 quaesumus,
962 1283 1226 1351 Domine,
1281 1298 1389 1338 non
1440 1282 1509 1337 ad
1568 1281 1821 1352 judicium
1874 1280 2154 1349 pervenire

570 1372 793 1441 patiaris
823 1373 963 1445 quod
994 1373 1239 1430 ﬁdelibus
1270 1373 1374 1429 tuis
1419 1372 1486 1428 ad
1533 1372 1825 1429 remedium
1853 1370 2152 1442 providisti.

570 1465 691 1523 Per.
948 1533 950 1537 ν

642 1560 812 1632 Super
856 1562 1125 1633 pupulum.
1174 1590 1247 1603 -—
1274 1567 1301 1595 ⁸
1332 1560 1597 1625 Tueatur,
1653 1573 1997 1629 quaesumus,
2048 1557 2155 1613 Do-

570 1653 732 1721 mine,
779 1653 1000 1709 dextera
1055 1663 1143 1708 tua
1170 1653 1421 1723 populum
1469 1662 1617 1707 tuum
1645 1652 2043 1721 deprecantem,
2098 1660 2152 1706 et

570 1744 904 1813 puriﬁcatum
933 1745 1217 1814 dignanter
1242 1745 1477 1811 erudiat,
1510 1754 1569 1799 ut
1615 1744 1981 1798 consolatione
2010 1756 2152 1813 prae-

2260 542 2457 612 santia,
2487 553 2540 600 te
2569 544 2870 611 adiuvante,
2905 559 3241 616 superemus.
3283 544 3385 600 Per
3430 545 3713 604 Dominum
3742 565 3835 607 no-

2257 649 2445 692 strum.

2332 730 2500 802 Super
2528 718 2821 787 οὺιαιαξ-
2846 728 3121 786 Efﬁciatur
3162 733 3278 787 haec
3317 731 3499 788 Hostia
3519 771 3535 799 ,
3596 734 3833 802 Domine,

2258 836 2585 891 quaesumus,
2615 824 2945 879 solemnibus
2970 834 3117 894 grata
3138 823 3355 893 jejuniis
3388 840 3403 878 :
3437 834 3510 891 et,
3542 836 3599 880 ut
3630 827 3721 881 tibi
3752 829 3835 884 ﬁat

2257 916 2549 983 acceptior,
2603 916 2891 984 puriﬁcatis
2939 916 3204 973 mentibus
3245 918 3570 975 immoletur.
3603 919 3705 976 Per
3732 920 3834 975 Do-

2256 1004 2459 1067 minum
2489 1016 2749 1062 nostrum.

2328 1096 2597 1168 Prtefatio.
2623 1124 2695 1140 ε·-
2720 1098 2860 1154 Vere
2900 1099 3116 1168 dignum
3166 1109 3220 1155 et
3257 1100 3457 1168 justum
3501 1112 3601 1167 est,
3627 1118 3831 1173 aequum

2257 1196 2311 1244 et
2339 1189 2592 1257 salutare,
2624 1204 2722 1244 nos
2752 1190 2846 1244 tibi
2876 1204 3092 1260 semper
3132 1204 3188 1247 et
3214 1192 3411 1262 ubique
3435 1192 3633 1263 gratias
3654 1209 3831 1264 agere,

2255 1281 2478 1338 Domine
2508 1293 2709 1347 sancte,
2734 1282 2895 1338 Pater
2915 1285 3273 1354 omnipotens,
3305 1294 3506 1342 :eterne
3536 1287 3676 1342 Deus
3705 1305 3718 1340 :
3744 1303 3839 1343 cu-

2254 1374 2342 1444 jus
2386 1375 2597 1429 bonitas
2643 1378 2915 1430 hominem
2972 1378 3241 1445 condidit,
3290 1378 3494 1447 justitia
3544 1379 3831 1446 damnavit,

2256 1466 2624 1523 misericordia
2654 1468 2896 1523 redemit.
2926 1469 3003 1525 Te
3034 1471 3302 1526 humiliter
3331 1486 3617 1527 exoramus
3649 1480 3707 1526 ut
3734 1472 3836 1526 sic-

2257 1568 2316 1614 ut
2353 1574 2449 1629 per
2488 1560 2700 1615 illicitos
2732 1561 2998 1631 appetitus
3027 1576 3057 1616 a
3088 1562 3242 1617 beata
3274 1564 3491 1632 regione
3516 1564 3832 1631 decidimus,

2256 1655 2336 1709 sic
2357 1654 2423 1708 ad
2446 1664 2699 1709 aeternam
2732 1655 2956 1723 patriam
2998 1672 3090 1725 per
3123 1656 3496 1712 abstinentiam
3534 1658 3835 1714 redeamus.

2235 1738 2455 1815 'Sicque
2487 1747 2796 1802 moderetur
2830 1758 2915 1802 tua
2951 1750 3294 1805 miseratione
3335 1761 3513 1806 nostra
3558 1750 3835 1822 fragilitas,

566 1833 707 1888 senti
752 1836 819 1889 ad
866 1834 1042 1890 futura
1090 1834 1231 1891 bona
1283 1836 1550 1906 proﬁciat.
1591 1834 1695 1891 Per
1739 1833 2022 1890 Dominum
2056 1848 2156 1890 no-
2185 1841 2234 1905 B
2263 1848 2321 1893 ut
2344 1846 2396 1893 et
2418 1837 2745 1893 transitoriis
2769 1837 3020 1895 subsidiis
3042 1850 3220 1895 nostra
3249 1849 3578 1897 sustentetur
3599 1843 3841 1896 mortali-

566 1932 755 1999 strum.

867 2018 895 2055 ι)
925 2034 1083 2074 ream
1113 2035 1165 2075 1v
1194 2035 1245 2075 IN
1276 2035 1593 2076 HEBDOIADA
1617 2034 1850 2085 QUARTA.

635 2110 983 2181 Omnipotens
1012 2112 1338 2183 sempiterne
1380 2113 1554 2178 Deus,
1606 2111 1695 2182 qui
1735 2120 1790 2166 et
1828 2110 1984 2181 justis
2011 2125 2153 2181 prae-

549 2192 673 2260 mia
700 2206 1034 2272 meritorum,
1059 2216 1116 2260 et
1144 2205 1517 2275 peccatoribus
1538 2220 1633 2276 per
1649 2203 1910 2274 jejunium
1942 2206 2152 2258 veniam

568 2295 799 2365 praebes,
826 2296 1081 2353 miserere
1110 2297 1457 2366 supplicibus,
1490 2312 1646 2365 parce
1694 2296 2057 2365 peccantibus,
2098 2304 2158 2350 ut

568 2394 748 2441 reatus
780 2388 947 2443 nostri
970 2385 1238 2443 confessio
1261 2388 1642 2459 indulgentiam
1672 2389 1847 2444 valeat
1875 2391 2156 2460 percipere

566 2475 904 2557 delictorum.
934 2480 1036 2536 Per
1065 2483 1348 2537 Dominum
1380 2492 1645 2538 nostrum.

640 2570 778 2624 Alia.
808 2598 879 2613 —-
907 2571 1131 2640 Praesta,
1154 2589 1462 2644 quzesumns
1484 2619 1499 2645 ,
1532 2576 1873 2646 omnipotens
1902 2578 2070 2643 Deus,
2100 2587 2158 2633 ut

566 2676 704 2739 quos
746 2669 949 2740 jejunia
1002 2680 1176 2726 votiva
1223 2673 1505 2743 castigant,
1553 2672 1667 2742 ipsa
1694 2687 1903 2743 quoque
1937 2674 2158 2728 devotio

570 2772 755 2819 sancta
789 2762 1040 2830 ltetiﬁcet,
1072 2774 1154 2833 ut,
1188 2766 1417 2820 terrenis
1445 2764 1721 2820 aﬂ‘ecﬁbus
1758 2764 2009 2836 mitigatis
2029 2807 2046 2836 ,
2074 2764 2155 2821 fa-

567 2855 722 2913 cilius
744 2858 980 2913 coelestia
1008 2862 1306 2927 capiamus.
1335 2858 1438 2913 Per
1466 2858 1772 2914 Dominum.

642 2946 816 3019 Super
846 2948 1038 3002 oblata.
1068 2978 1138 2992 -—
1167 2949 1465 3020 Supplices,
1512 2949 1737 3005 Domine
1757 2991 1770 3014 ,
1803 2958 1855 3005 te
1886 2964 2154 3019 rogamus,

567 3047 627 3094 ut
671 3039 757 3094 his
803 3042 1081 3096 sacriliciis
1125 3050 1343 3111 peccata
1395 3049 1577 3097 nostra
1633 3040 1977 3106 mundentur,
2034 3041 2156 3110 quia

567 3141 699 3187 tunc
726 3148 906 3188 veram
939 3134 1048 3205 54
1088 3135 1243 3190 nobis
1286 3134 1472 3191 tribuis
1521 3146 1575 3191 et
1612 3136 1807 3191 mentis
1836 3145 1890 3191 et
1915 3134 2156 3204 corporis

567 3223 869 3278 sanitatem.
899 3222 1003 3279 Per
1038 3224 1319 3279 Dominum
1347 3232 1612 3279 nostrum.

642 3312 913 3382 Prwfatio.
943 3343 1013 3355 --
1046 3315 1184 3371 Vere
1209 3316 1422 3386 dignum
1466 3324 1519 3371 et
1561 3314 1765 3385 justum
1809 3325 1914 3380 est,
1945 3329 2156 3386 aequum

526 3404 531 3405 “
570 3414 623 3461 et
650 3405 900 3476 salutare,
931 3422 1029 3462 nos
1054 3408 1149 3462 tibi
1182 3423 1394 3477 semper
1422 3418 1479 3464 et
1509 3409 1705 3479 ubique
1748 3410 1946 3479 gratias
1974 3424 2155 3480 agere,

570 3497 798 3554 Domine
845 3509 1050 3567 sancte,
1100 3501 1258 3556 Pater
1305 3501 1664 3571 omnipotens,
1716 3512 1916 3557 aeterne
1970 3501 2151 3557 Deus:

570 3590 661 3662 qui
688 3592 1074 3649 illuminatione
1103 3608 1216 3650 sua:
1256 3594 1381 3650 ﬁdei
1413 3593 1660 3650 tenebras
1704 3594 1908 3665 expulit
1950 3592 2153 3659 mundi,

570 3690 627 3738 et
650 3700 817 3753 genus
846 3685 1162 3753 humanum,
1190 3686 1337 3757 quod
1368 3688 1553 3756 prima;
1579 3688 1765 3741 matris
1806 3696 1992 3741 uterus
2033 3699 2159 3754 pro-

567 3774 781 3831 fuderat
808 3791 1008 3833 caecum
1026 3818 1040 3843 ,
1069 3776 1454 3833 lncarnationis
1503 3792 1615 3832 suae
1646 3778 1900 3849 mysterio
1927 3775 2160 3831 reddidit

569 3867 949 3938 illuminatum,
982 3870 1214 3942 fecitque
1243 3870 1377 3927 lilios
1406 3871 1727 3941 adoptionis,
1778 3872 1867 3939 qui
1897 3869 2153 3925 teneban-

568 3969 658 4015 tur
701 3961 929 4017 vinculis
954 3960 1130 4033 ,justae
1169 3961 1545 4018 damnationis.
1602 3961 1705 4016 Per
1732 3960 1905 4030 ipsum
1935 3969 1985 4016 te
2017 3958 2154 4028 peti-

570 4070 690 4111 mus
710 4096 725 4122 ,
757 4066 817 4111 ut
861 4056 994 4112 tales
1034 4057 1087 4112 in
1117 4056 1235 4128 ejus
1275 4056 1611 4112 inveniamur
1626 4054 1921 4125 justissima
1951 4056 2159 4109 exami-

573 4150 817 4215 natione,
877 4150 1062 4219 quales
1116 4148 1242 4204 faeti
1306 4164 1491 4205 sumus
1548 4147 1601 4203 in
1658 4146 1856 4203 lavacri
1908 4150 2159 4207 salutaris

570 4238 883 4294 felicissima
908 4240 1331 4309 regeneratione,
1364 4248 1442 4307 ut,
1486 4238 1604 4310 ejus
1634 4238 2017 4296 lncarnationis
2046 4256 2158 4296 me-

569 4334 837 4390 dicamine
865 4333 1088 4397 imbuti,
1135 4334 1459 4388 sacrosancti
1510 4333 1706 4388 lavacri
1736 4332 2010 4388 ablatione
2040 4334 2156 4402 loti,

567 4428 914 4498 parcimoniaz
945 4426 1228 4482 devotione
1250 4425 1450 4489 ornati,
1484 4426 1550 4480 ad
1587 4437 1785 4482 aeterna
1817 4430 2005 4499 gaudia
2035 4443 2159 4499 per-

570 4520 851 4574 veniamus
880 4518 1050 4573 illaesi.
1081 4518 1184 4573 Per
1212 4532 1369 4589 quem
1401 4517 1750 4587 Majestatem.

2260 1938 2359 1993 tas,
2390 1936 2446 1983 et
2467 1944 2562 1997 per
2582 1928 2844 1983 bonorum
2873 1944 3093 1998 operum
3124 1929 3451 1987 incrementa
3482 1931 3637 1986 beata
3661 1932 3841 2002 acqui-

2257 2028 2406 2074 ratur
2428 2018 2824 2074 immortalitas.
2855 2019 2957 2074 Per
2980 2018 3270 2075 Christum.

2330 2111 2410 2164 Ad
2434 2109 2826 2179 Complendum.
2856 2138 2927 2152 -—-
2950 2111 3144 2167 Sancta
3168 2123 3255 2167 tua
3284 2127 3402 2179 nos,
3432 2113 3671 2181 Domine,
3694 2128 3841 2184 qum-

2256 2219 2463 2273 snmus,
2496 2217 2549 2262 et
2576 2206 2893 2262 vivilicando
2920 2216 3220 2275 renovent,
3252 2217 3306 2265 et
3332 2208 3636 2264 renovando
3664 2209 3839 2263 viviti-

2256 2311 2403 2356 cent.
2435 2301 2535 2355 Per
2563 2300 2839 2356 Dominum
2869 2309 3127 2355 nostrum.

2331 2391 2437 2463 55
2470 2390 2639 2461 Super
2666 2392 2931 2462 populum".
2958 2421 3029 2432 -
3058 2390 3243 2460 Populi
3290 2388 3393 2458 tui,
3421 2390 3561 2447 Deus
3582 2432 3598 2458 ,
3630 2391 3841 2447 instituo

2255 2492 2344 2540 tor
2374 2494 2429 2541 et
2451 2494 2650 2551 rector,
2678 2494 2893 2555 peccata
2922 2486 3112 2555 quibus
3155 2486 3495 2553 impugnatur
3524 2483 3755 2554 expelle,
3786 2494 3843 2539 ut

2258 2592 2475 2648 semper
2497 2578 2589 2634 tibi
2611 2579 2856 2649 placitus,
2881 2588 2936 2635 et
2953 2588 3043 2636 tuo
3069 2578 3360 2635 munimine
3385 2578 3456 2634 sit
3475 2593 3714 2635 securus.
3739 2578 3842 2635 Per

2258 2670 2506 2727 eumdem
2538 2670 2845 2726 Dominum.

2566 2778 2723 2817 ream
2755 2760 2781 2800 ά
2809 2777 2863 2818 v1
2894 2777 2945 2817 IN
2969 2776 3285 2816 ueeoouxua
3307 2775 3537 2824 (manu.

2330 2855 2506 2922 Deus,
2550 2855 2637 2926 qui
2672 2853 3028 2909 ineﬁ‘abilibus
3073 2852 3328 2908 mundum
3384 2866 3607 2908 renovas
3660 2866 3846 2909 sacra-

2258 2949 2477 3014 mentis,
2507 2956 2718 3016 praesta,
2743 2960 3071 3016 quaesumus,
3100 2954 3158 2999 ut
3184 2944 3418 3000 Ecclesia
3443 2954 3529 3000 tua
3555 2953 3608 3000 et
3628 2946 3844 3000 arternis

2266 3041 2515 3111 proﬁciat
2542 3040 2825 3107 institutis,
2875 3046 2932 3095 et
2978 3037 3359 3110 temporalibus
3387 3053 3497 3094 non
3526 3037 3847 3095 destituatur

2263 3132 2497 3188 auxiliis.
2522 3131 2644 3187 Per.

2182 3219 2232 3286 C
2333 3226 2503 3293 Super
2526 3222 2717 3278 oblata.
2748 3250 2815 3266 --
2842 3220 3061 3277 Munera
3087 3237 3206 3289 nos,
3238 3236 3563 3291 quaesumus,
3596 3219 3842 3285 Domine,

2263 3315 2439 3371 oblata
2468 3314 2774 3383 puriticent,
2802 3322 2857 3368 et
2884 3322 2936 3367 te
2964 3312 3117 3368 nobis
3139 3312 3335 3384 jugiter
3361 3311 3556 3369 faciant
3582 3325 3704 3368 esse
3728 3311 3848 3381 pla-

2259 3418 2455 3465 catum.
2489 3406 2591 3461 Per
2612 3405 2898 3461 Dominum
2927 3416 3191 3461 nostrum.

2332 3497 2606 3564 Prefatia.
2637 3525 2708 3538 -—
2740 3496 2877 3552 Vere
2903 3496 3118 3566 dignum
3165 3507 3224 3554 et
3252 3504 3447 3567 justum
3486 3505 3597 3563 est,
3629 3511 3844 3566 coquum

2258 3598 2315 3645 et
2344 3592 2607 3656 salutare,
2645 3605 2742 3647 nos
2769 3588 2863 3645 tibi
2893 3604 3105 3660 semper
3130 3599 3185 3645 et
3214 3590 3407 3661 ubique
3436 3590 3628 3660 gratias
3655 3604 3845 3660 agere,

2260 3681 2487 3737 Domine
2535 3693 2752 3750 sancte,
2800 3683 2963 3739 Pater
2998 3683 3371 3754 omnipotens,
3432 3692 3631 3738 aeterne
3684 3682 3851 3750 Deus,

2261 3791 2359 3847 per
2386 3775 2657 3833 Christum
2689 3776 2970 3831 Dominum
3001 3784 3263 3831 nostrum.
3305 3775 3405 3842 Qui
3439 3784 3524 3831 est
3547 3775 3661 3831 dies
3684 3785 3851 3831 teter-

2260 3883 2381 3932 nus,
2429 3867 2522 3923 lux
2565 3866 2911 3936 indeﬁciens,
2959 3867 3174 3922 claritas
3214 3869 3560 3936 sempiterna.
3610 3867 3711 3934 Qui
3773 3867 3855 3922 sic

2260 3973 2519 4029 sequaces
2550 3973 2677 4015 suos
2711 3961 2764 4014 in
2798 3959 2916 4014 luce
2957 3959 3209 4029 przecepit
3255 3959 3548 4026 ambulare,
3594 3968 3653 4014 ut
3677 3959 3856 4014 noctis

2260 4061 2478 4107 aeternae
2500 4051 2711 4107 valeant
2730 4051 3009 4122 caliginem
3035 4051 3285 4119 evadere,
3310 4060 3363 4106 et
3382 4049 3450 4105 ad
3472 4049 3602 4105 lucis
3624 4051 3855 4120 patriam

2259 4144 2494 4199 feliciter
2524 4144 2826 4213 pervenire.
2868 4142 2971 4210 Qui
3017 4158 3114 4213 per
3164 4142 3515 4198 humilitatem
3564 4151 3857 4212 assumpta:

2264 4236 2617 4291 humanitatis
2656 4236 2913 4291 Lazarum
2941 4236 3125 4304 ﬂevit,
3179 4251 3275 4306 per
3315 4235 3615 4291 Divinitatis
3660 4245 3858 4306 poten-

2255 4332 2392 4386 tiam
2424 4331 2547 4385 vitae
2594 4330 2849 4397 reddidit,
2893 4344 3164 4400 genusque
3195 4331 3483 4385 humanum
3531 4329 3679 4400 (229)
3714 4345 3858 4399 qua-

2261 4423 2454 4479 driﬁda
2494 4436 2831 4493 peccatorum
2873 4423 3015 4477 mole
3044 4422 3294 4476 obrutum
3317 4422 3384 4476 ad
3408 4423 3568 4476 vitam
3613 4421 3855 4478 reduxit.

2262 4518 2366 4574 Per
2396 4533 2553 4587 quem
2585 4518 2812 4587 petimus
2837 4516 3025 4586 jejunii
3056 4516 3429 4573 observatione
3456 4531 3483 4570 a
3508 4524 3858 4585 peccatorum

644 4610 724 4662 Ad
755 4608 1148 4679 Complendum.
1179 4639 1250 4650 —
1280 4610 1620 4667 Sacramenta
1650 4623 1769 4682 qua:
1815 4615 2160 4680 sumpsimus,
2191 4610 2243 4671 1)
2270 4620 2577 4665 nostrorum
2610 4609 2839 4664 nexibus
2869 4609 3025 4675 solvi,
3056 4617 3271 4665 aeternae
3309 4609 3431 4663 vitae
3456 4607 3694 4663 felicitati
3725 4608 3859 4665 red-

569 4700 797 4757 Domine
819 4700 961 4757 Deus
990 4711 1194 4772 noster,
1224 4712 1279 4759 et
1295 4702 1619 4772 spiritalibus
1658 4719 1755 4759 nos
1783 4704 2027 4774 repleam
2054 4704 2156 4760 ali-

571 4795 790 4862 tnentis,
821 4805 875 4851 et
901 4795 1267 4866 corporalibus
1294 4802 1545 4851 tueantur
1572 4794 1806 4851 auxiliis.
1847 4795 1951 4851 Per
1979 4795 2163 4852 Domi-

570 4900 698 4941 num
722 4896 981 4941 nostrum.

646 4978 818 5047 Super
866 4982 1130 5051 populum.
1172 5010 1243 5022 —-
1292 4980 1515 5037 Pateant
1559 4996 1717 5038 aures
1773 4981 2157 5039 misericordia:

574 5077 703 5146 tum.
732 5069 976 5135 Domine,
1003 5073 1246 5141 precibus
1267 5074 1672 5144 supplicantium
1690 5116 1704 5142 ,
1733 5084 1817 5142 et,
1852 5083 1909 5130 ut
1931 5076 2161 5146 petenti-

572 5139 677 5219 bus
704 5139 1019 5218 desiderata
1037 5139 1439 5235 concedam-fac
1460 5182 1553 5224 eos
1574 5139 1698 5239 quas
1722 5139 1817 5224 tibi
1845 5139 1970 5225 sunt
1999 5169 2162 5239 placi-

596 5268 628 5310 a
654 5254 942 5325 postulare.
975 5256 1094 5312 Per.

862 5342 909 5414 ,c
942 5364 1101 5407 reum
1130 5365 1160 5405 v
1188 5364 1241 5405 tu
1267 5366 1583 5406 ueenouanx
1613 5366 1850 5417 QUARTA.

646 5441 871 5512 Praesta,
912 5458 1239 5513 quaesumus,
1288 5445 1633 5516 omnipotens
1682 5446 1847 5513 Deus,
1890 5454 1948 5501 ut
1996 5444 2165 5516 quiin

647 5564 675 5593 α
704 5557 828 5613 Hrec
853 5560 1024 5613 oratio
1048 5559 1102 5613 in
1130 5557 1259 5613 Cod.
1305 5557 1525 5615 Pamelii
1566 5560 1758 5626 legitur
1785 5560 1840 5613 in
1867 5558 2044 5613 olticio
2082 5557 2159 5612 fe-

575 5626 675 5702 rite
699 5630 1049 5702 praecedentis
1075 5645 1193 5684 cum
1229 5631 1334 5702 hoc
1363 5633 1554 5687 titulo:
1581 5632 1658 5684 Ad
1706 5647 1956 5702 hesperos.
1994 5631 2160 5702 Abest

577 5713 619 5771 Ξ
640 5699 777 5771 god:
807 5700 934 5767 Reg.
960 5703 1142 5769 Suec.,
1175 5701 1240 5756 ad
1285 5717 1440 5771 quem
1482 5715 1656 5759 tamen
1698 5699 1923 5756 multum
1955 5700 2161 5757 accedit

576 5766 1076 5827 Edit.-Panteliatta.
1128 5766 1137 5769 ’
1302 5766 1319 5771 ’
1581 5786 1587 5792 ‘

650 5838 675 5875 ¹³
711 5842 877 5896 Statio
906 5844 1207 5917 assignatur
1231 5848 1299 5901 at!
1326 5856 1555 5902 sanctum
1576 5843 1803 5903 Paulum
1827 5844 1881 5900 in
1911 5840 2159 5898 omnibus

2265 4702 2342 4771 di,
2374 4711 2430 4758 et
2458 4710 2765 4757 sanctorum
2798 4701 3024 4757 costibus
3056 4701 3452 4757 connumerari.
3476 4699 3579 4755 Per
3596 4714 3783 4768 quem.

2340 4795 2421 4850 Ad
2442 4794 2829 4865 Complendum.
2850 4822 2924 4834 —
2938 4792 3062 4848 Haec
3089 4808 3208 4859 nos,
3239 4804 3562 4861 quaesumus,
3604 4790 3859 4855 Domine,

2270 4886 2608 4957 participatio
2630 4883 2986 4949 sacramenti,
3017 4891 3072 4938 et
3100 4882 3328 4952 propriis
3368 4882 3601 4937 rentibus
3646 4880 3861 4937 indesi-

2270 4988 2467 5035 nenter
2516 4978 2783 5048 expediat,
2838 4984 2892 5031 et
2941 4975 3009 5029 ab
3058 4973 3303 5030 omnibus
3331 4980 3541 5029 tueatur
3588 4970 3860 5028 adversis.

2267 5072 2390 5131 Per.

2341 5164 2512 5237 Super
2557 5162 2825 5234 populum.
2851 5187 2924 5200 -
2977 5159 3050 5213 Da
3074 5200 3088 5225 ,
3146 5172 3483 5228 quaesumus,
3514 5157 3865 5225 omnipotens

2272 5258 2435 5325 Deus,
2461 5263 2520 5310 ut
2545 5254 2633 5324 qui
2662 5251 2985 5309 inﬁrmitatis
3005 5258 3203 5306 nostra:
3222 5250 3422 5307 conscii
3447 5250 3515 5305 de
3537 5259 3625 5304 tua
3655 5250 3865 5304 virtute

2267 5349 2623 5415 conﬁdimus,
2676 5345 2778 5403 sub
2833 5353 2923 5401 tua
2966 5358 3179 5414 semper
3243 5345 3440 5415 pietate
3500 5342 3862 5414 gaudeamus.

2267 5442 2391 5498 Per.

2261 5555 2411 5611 libris
2440 5554 2639 5609 nostris
2667 5553 2757 5623 qui
2785 5552 3070 5608 stationum
3102 5553 3483 5607 meminerunt.

2337 5640 2359 5666 ο
2393 5626 2650 5681 lndicitur
2668 5616 2828 5679 statio
2857 5625 2923 5676 ad
2946 5632 3177 5676 sanctum
3196 5624 3521 5689 Silvestrum,
3542 5619 3594 5674 in
3619 5616 3861 5674 laudatis

2261 5714 2421 5765 supra
2451 5698 2620 5752 Codd.
2646 5696 2736 5766 qui
2765 5696 2831 5751 de
2858 5694 3177 5766 stationibus
3201 5703 3381 5763 agunt.

2333 5760 2359 5806 δ
2395 5771 2447 5823 lu
2478 5760 2677 5823 iisdem-
2695 5783 2855 5839 supra
2884 5766 3029 5823 laud.
3051 5760 3443 5836 Coddflegitur
3471 5762 3557 5821 hic
3579 5776 3597 5819 ζ
3620 5760 3702 5818 Ad
3727 5777 3867 5817 san-

2264 5852 2396 5898 ctum
2432 5841 2720 5896 Eusebium.
