4100 6354
254 397 322 457 15
1452 386 1652 445 LIBER
1688 381 2313 444 SACRAMENTORUM.
3432 382 3502 438 74

592 517 620 546 ³
648 522 882 566 ΒΔΒΒΔΤΟ
905 521 957 562 IN
987 521 1220 563 HEBDOH.
1250 521 1486 571 ρυΜιΤΑ.

322 599 480 669 Fiat,
525 598 772 665 Domine,
806 612 1131 669 quaesumus,
1173 614 1270 667 per
1297 600 1522 669 gratiam
1547 606 1687 651 luam
1718 594 1830 649 fru-

253 701 469 749 ctuosus
500 701 699 747 nostra:
724 690 1020 747 devotionis
1047 690 1298 757 affectus,
1350 689 1470 759 quia
1524 697 1648 743 tunc
1679 685 1833 740 nobis

253 788 546 859 proderunt
569 795 813 856 suscepta
839 786 1061 856 ieiunia,
1092 785 1139 839 si
1167 795 1266 840 tuae
1286 784 1393 841 sint
1412 784 1603 853 placita
1625 779 1828 849 pietati.

251 880 355 939 Per
390 880 668 936 Dominum
702 888 962 935 nostrum.

325 973 497 1044 Super
524 972 714 1027 oblata.
735 970 1201 1035 -—Oblationibus,
1233 982 1555 1039 quaesumus,
1589 966 1830 1032 Domine,

251 1062 468 1134 placare
495 1063 780 1132 susceptis,
824 1070 879 1117 et
921 1062 988 1117 ad
1033 1072 1085 1116 te
1115 1071 1359 1127 nostras,
1393 1060 1553 1114 etiam
1582 1055 1833 1121 rebelles,

254 1153 524 1229 compelle
554 1154 813 1224 propitius
844 1154 1163 1208 voluntates.
1196 1152 1300 1206 Per
1332 1150 1639 1206 Dominum.

336 1244 603 1317 Prcefatio.
634 1275 703 1286 --
737 1245 870 1301 Vere
901 1244 1115 1313 dignum
1144 1252 1200 1299 et
1240 1242 1442 1313 justum
1473 1249 1595 1307 est,
1626 1244 1835 1309 {equum

257 1343 316 1394 et
343 1338 596 1403 salutare,
630 1352 724 1392 nos
757 1337 851 1391 tibi
878 1349 1091 1403 semper
1121 1342 1172 1389 et
1202 1333 1398 1402 ubique
1424 1332 1623 1402 gratias
1651 1345 1835 1401 agere,

255 1426 483 1484 Domine
510 1439 711 1495 sancte,
737 1427 892 1482 Pater
918 1426 1275 1493 omnipotens,
1303 1432 1503 1478 attente
1525 1422 1664 1478 Deus
1691 1438 1704 1475 :
1732 1420 1835 1473 mi-

257 1518 570 1573 sericordia:
603 1518 711 1589 56
737 1517 893 1571 dator
919 1526 975 1571 et
1005 1514 1166 1570 totius
1194 1514 1447 1570 bonitatis
1492 1521 1713 1576 auctor,
1745 1510 1838 1580 qui

254 1608 497 1680 ieiuniis,
529 1609 858 1665 orationibus
899 1617 953 1663 et
993 1606 1348 1677 eleemosynis
1391 1614 1728 1674 peccatorum
1754 1618 1835 1658 re-

257 1701 436 1756 media
466 1710 522 1757 et
563 1702 819 1756 virtutum
856 1700 1092 1755 omnium
1139 1696 1324 1753 tribuis
1372 1696 1723 1752 incrementa.
1762 1694 1839 1749 Te

260 1792 452 1847 humili
510 1791 791 1847 devotione
845 1805 1144 1860 precamur,
1193 1798 1249 1843 ut
1284 1788 1374 1857 qui
1403 1786 1471 1841 ad
1495 1786 1609 1841 hazc
1635 1784 1837 1854 agenda

1856 502 2139 567 Anoster,
2171 511 2225 557 et
2251 514 2385 571 quos
2437 499 2535 554 tuis
2586 498 2859 570 mysteriis
2902 499 3187 565 recreasd,
3233 500 3503 571 perpetuis

1935 596 2164 651 defende
2191 595 2218 634 ἀ
2245 594 2527 665 praesidiis.
2555 592 2655 649 Per
2677 594 2960 649 Dominum
2984 603 3247 650 nostrum.

2007 690 2177 757 Super
2206 688 2471 762 populum.
2503 717 2575 728 —
2603 688 2698 755 Da,
2732 702 3056 759 qumsumus,
3082 688 3324 755 Domine,
3351 685 3508 743 nobis

1937 790 2367 849 perseverantem
2419 782 2472 837 in
2522 791 2610 838 tua
2660 784 2935 838 voluntate
2980 780 3313 847 famulatum,
3362 788 3420 835 ut
3455 780 3508 833 in

1935 874 2124 930 diebus
2155 877 2372 942 nostris,
2405 876 2508 947 57
2538 886 2591 932 et
2614 878 2802 933 merito
2829 885 2885 934 et
2912 892 3135 933 numero
3158 875 3383 947 populus
3414 873 3511 931 tibi

1936 968 2176 1025 serviens
2205 978 2480 1037 augeatur.
2500 969 2612 1025 'Per
2636 969 2920 1025 Dominum
2944 981 3206 1026 nostrum.

2222 1071 2243 1097 θ
2287 1076 2443 1116 FEBIA
2483 1076 2521 1115 ll
2558 1077 2610 1116 IN
2650 1078 2963 1118 HEBDOMADA
3000 1078 3213 1126 QUINTA.

2010 1151 2318 1217 Sanctiﬁca,
2349 1168 2673 1221 quaesumus,
2710 1155 2955 1221 Domine,
2986 1163 3166 1210 nostra
3190 1154 3417 1224 ieiunia,
3455 1158 3511 1207 et

1938 1255 2251 1299 cunctarum
2284 1245 2436 1301 nobis
2467 1247 2723 1315 propitius
2753 1246 3136 1317 indulgentiam
3165 1245 3360 1316 largire
3400 1244 3516 1300 cul-

1937 1351 2144 1408 parum.
2177 1337 2279 1392 Per
2312 1337 2595 1391 Dominum
2628 1346 2897 1393 nostrum.

2011 1428 2181 1498 Super
2232 1427 2419 1482 oblata.
2450 1426 2796 1484 —Concede
2847 1428 3033 1494 nobis,
3096 1426 3323 1483 Domine
3373 1424 3518 1480 Deus

1940 1527 2143 1587 noster,
2180 1529 2236 1575 ut
2280 1520 2394 1575 haec
2432 1520 2612 1575 Hostia
2661 1520 2937 1585 salutaris,
2972 1527 3027 1574 et
3073 1525 3378 1574 nostrorum
3424 1516 3520 1572 ﬁat

1938 1615 2185 1684 purgatio
2214 1610 2526 1667 delictorum
2550 1653 2565 1678 ,
2610 1619 2665 1666 et
2706 1620 2811 1666 tuae
2852 1609 3164 1681 propitiatio
3204 1607 3519 1679 Maiestatis.

1940 1706 2060 1762 Per.

2021 1794 2295 1861 Prwfatio.
2324 1821 2394 1833 —
2425 1793 2564 1848 Vere
2594 1792 2814 1864 dignum
2856 1800 2909 1849 et
2952 1793 3151 1862 iustum
3181 1798 3283 1859 est,
3315 1804 3528 1860 aequum

262 1885 670 1951 saluberrimam
728 1884 922 1939 dedisti
971 1883 1300 1946 doctrinam,
1352 1880 1418 1935 ad
1473 1878 1844 1949 complendum
1876 1880 1924 1939 B
1952 1895 2009 1943 ει
2036 1887 2292 1954 salutare,
2318 1900 2417 1941 nos
2448 1886 2542 1939 tibi
2573 1899 2786 1954 semper
2807 1894 2861 1940 ει
2890 1884 3087 1955 ubique
3126 1883 3322 1954 gratias
3346 1897 3529 1953 agere,

258 1977 583 2034 indefessam
606 1978 807 2034 tribuas
827 1977 1143 2043 efﬁcaciam,
1162 1984 1217 2029 ut
1246 1974 1558 2030 obedienter
1583 1981 1669 2027 tua
1695 1985 1847 2027 exse-

259 2080 491 2140 quentes
518 2081 779 2140 praecepta
804 2110 820 2135 ,
872 2070 1098 2125 feliciter
1120 2055 1233 2124 "tua
1265 2068 1539 2137 capiamus
1567 2063 1848 2135 promissa.

258 2161 365 2218 Per
393 2161 666 2218 Christum
699 2161 987 2217 Dominum
1015 2170 1280 2217 nostrum.

339 2255 423 2309 Ad
470 2254 860 2324 Complendum.
894 2281 965 2294 —
1002 2253 1142 2316 Tua,
1176 2265 1292 2317 nos,
1321 2264 1644 2320 quaesumus,
1674 2248 1852 2303 Domi-

264 2359 358 2411 ne,
389 2354 577 2399 sancta
609 2343 921 2413 puriﬁcent,
973 2351 1027 2398 et
1073 2342 1381 2412 operatione
1434 2355 1529 2396 sua
1577 2338 1851 2410 perficiant

264 2450 393 2493 esse
418 2436 661 2504 placitos.
696 2436 799 2491 Per
828 2436 1108 2491 Dominum
1134 2443 1397 2489 nostrum.

347 2527 512 2595 Super
538 2528 807 2598 populum.
837 2554 907 2567 —
939 2528 1078 2581 Deus
1132 2527 1223 2596 qui
1278 2524 1619 2595 Sperantibus
1672 2526 1725 2578 in
1776 2532 1851 2591 te,

269 2616 519 2673 misereri
546 2618 723 2687 p0tius
763 2618 918 2688 eligis
956 2630 1115 2687 quam
1160 2616 1348 2682 irasci,
1392 2616 1459 2670 da
1501 2614 1659 2670 nobis
1694 2614 1855 2684 digne

268 2710 409 2766 ﬂere
430 2710 565 2765 mala
592 2725 710 2780 qua:
734 2709 983 2776 fecimus,
1010 2721 1069 2765 ut
1092 2717 1193 2764 tute
1218 2707 1600 2763 consolationis
1628 2706 1853 2776 gratiam

269 2800 521 2858 invenire
542 2802 833 2858 valeamus.
868 2802 989 2857 Per.

312 2910 563 2954 DOHINICA
592 2911 625 2950 v
655 2911 706 2950 ιη
732 2910 1154 2961 QUADRAGESIIIA.
1180 2894 1209 2931 δ
1242 2910 1311 2951 ns
1339 2907 1584 2949 mssrous
1613 2904 1815 2946 DOIINI.

350 2984 686 3053 Quaesumus,
715 2987 1053 3056 omnipotens
1084 2987 1248 3053 Deus,
1273 2985 1527 3041 familiam
1562 2994 1704 3040 tuam
1730 2999 1855 3053 pro-

271 3076 442 3149 pitius
469 3076 696 3147 respice,
727 3087 785 3134 ut
814 3087 867 3133 te
897 3078 1156 3148 largiente
1182 3087 1399 3148 regatur
1435 3077 1488 3132 in
1526 3091 1774 3147 corpore,
1804 3084 1859 3133 et

272 3176 333 3224 to
354 3177 600 3224 servante
626 3169 952 3225 custodiatur
974 3171 1027 3225 in
1057 3179 1255 3227 mente.
1280 3170 1383 3226 Per
1410 3169 1709 3226 Dominum.

1952 1978 2177 2032 Domine
2206 1984 2412 2044 sancte,
2456 1976 2616 2032 Pater
2641 1978 3000 2046 omnipotens,
3024 1982 3225 2031 aeterne
3254 1975 3398 2030 Deus
3427 1992 3440 2027 :
3476 1984 3530 2028 te

1950 2069 2259 2140 suppliciter
2312 2080 2596 2125 exorantes
2650 2077 2710 2124 ut
2759 2068 2837 2125 sic
2892 2077 3075 2125 nostra
3128 2066 3534 2123 sanctificentur

1949 2164 2154 2232 ieiunia
2174 2204 2188 2229 ,
2218 2177 2325 2231 quo
2348 2171 2662 2217 cunctorum
2689 2163 2846 2218 nobis
2874 2170 3218 2232 peccatorum
3258 2159 3535 2229 proveniat

1952 2253 2304 2321 indulgentia,
2329 2263 2618 2323 quatenus,
2635 2254 3096 2323 approiiinquante
3119 2252 3388 2323 Unigeniti
3414 2251 3535 2307 Filii

1952 2345 2027 2399 tui
2058 2345 2326 2412 passione,
2360 2346 2620 2399 bonorum
2654 2359 2875 2415 operum
2906 2344 3000 2400 tibi
3028 2344 3242 2415 placere
3262 2342 3536 2399 valeamus

1953 2438 2303 2494 exhibitione.
2336 2438 2439 2494 Per
2465 2454 2623 2508 quem
2654 2438 3005 2508 Maiestatem.

2031 2530 2111 2582 Ad
2140 2529 2530 2599 Complendum.
2561 2557 2632 2571 -—
2674 2529 3008 2587 Sacramenti
3058 2530 3164 2595 tui,
3209 2541 3539 2598 quaesumus,

1956 2624 2201 2688 Domine,
2238 2625 2573 2694 participatio
2603 2625 2851 2683 salutaris
2881 2632 2935 2681 et
2963 2625 3390 2694 purificationem
3433 2638 3536 2682 no-

1955 2712 2039 2769 bis
2068 2714 2304 2783 praebeat
2330 2725 2384 2770 et
2411 2715 2697 2771 medelam.
2731 2716 2835 2771 Per
2863 2716 3152 2771 Dominum
3183 2725 3448 2771 nostrum.

2030 2804 2202 2875 Super
2250 2806 2617 2875 populum.—
2646 2806 2989 2870 Benedictio,
3036 2822 3375 2876 quaesumus,
3430 2806 3542 2863 Do-

1958 2895 2125 2961 mine,
2157 2894 2210 2949 in
2243 2903 2361 2949 tuos
2405 2894 2591 2950 fideles
2640 2895 2861 2963 copiosa
2901 2894 3236 2962 descendat,
3285 2902 3340 2951 et
3382 2911 3542 2965 quam

1959 2985 2221 3057 subjectis
2268 2985 2524 3043 cordibus
2571 2996 2829 3058 expetunt
2875 2987 3098 3058 largiter
3123 2996 3542 3059 consequantur.

1959 3078 2080 3136 Per.

2245 3185 2403 3224 FEBIA
2442 3185 2500 3225 Ill
2543 3168 2564 3211 ί
2598 3185 2653 3225 nv
2690 3186 3007 3225 nasuomna
3043 3184 3259 3234 eumn.

349 3259 524 3330 Super
544 3259 732 3315 oblata.
760 3289 830 3302 —
862 3260 988 3317 llaac
1029 3276 1281 3330 munera,
1336 3262 1594 3327 Domine,
1652 3274 1860 3330 quaesu-
1887 3244 1935 3307 C
2043 3259 2236 3316 Nostra
2269 3261 2386 3327 tibi,
2409 3276 2736 3330 quiesumus,
2759 3261 3001 3327 Domine,
3035 3262 3143 3316 sint
3167 3268 3383 3330 accepta
3411 3258 3547 3330 ieiu-

273 3362 420 3416 mus,
454 3358 509 3405 et
533 3351 746 3405 vincula
778 3362 972 3408 nostra:
1000 3352 1278 3422 pravitatis
1318 3352 1631 3421 absolvant,
1675 3361 1729 3408 et
1757 3359 1862 3408 tuae

275 3441 438 3498 nobis
465 3441 850 3499 misericordiae
881 3442 1018 3499 dona
1041 3443 1347 3499 concilient.
1372 3443 1495 3500 Per.

360 3533 626 3607 Prwfatio.
661 3564 733 3579 --
761 3536 902 3592 Vere
928 3537 1145 3606 dignum
1171 3546 1227 3593 et
1251 3539 1453 3606 justum
1488 3546 1570 3592 est
1596 3581 1608 3603 ,
1652 3553 1862 3608 aequum

276 3636 340 3685 et
357 3630 590 3686 salutare
606 3671 621 3697 ,
670 3644 768 3686 nos
792 3628 890 3687 tibi
920 3643 1135 3699 semper
1163 3639 1219 3685 et
1247 3628 1445 3698 ubique
1466 3628 1660 3699 gratias
1685 3644 1862 3699 agere,

277 3718 509 3776 Domine
558 3729 763 3788 sancte,
814 3723 973 3777 Pater
1027 3720 1386 3789 omnipotens,
1432 3728 1633 3775 aeterne
1678 3720 1864 3775 Deus:

280 3810 619 3881 Maiestatem
649 3820 792 3867 tuam
823 3811 1137 3882 pr0pensius
1162 3810 1533 3881 implorantes,
1581 3820 1642 3866 ut
1669 3820 1870 3882 quanto

280 3903 455 3970 magis
485 3902 603 3959 dies
630 3902 920 3957 salutiferae
960 3902 1265 3958 festivitatis
1311 3904 1557 3969 accedit,
1591 3912 1741 3958 tanto
1768 3903 1869 3960 de-

281 3995 462 4051 v0tius
501 3996 568 4050 ad
614 3995 730 4065 eius
765 3994 925 4065 digne
969 3994 1348 4050 celebrandum
1399 3994 1739 4065 proficiamus
1774 4010 1870 4065 pa-

281 4087 467 4147 BChale
492 4089 827 4160 mysterium.
861 4086 964 4143 Per
984 4084 1255 4143 Christum
1292 4085 1572 4142 Dominum
1606 4096 1869 4143 nostrum.

363 4191 386 4219 ο
417 4180 733 4236 Benedictio.
761 4212 834 4224 —
867 4180 1133 4236 Accendat
1174 4180 1231 4235 in
1272 4180 1424 4235 vobis
1462 4179 1719 4236 Dominus
1765 4182 1872 4235 vim

283 4274 374 4334 sui
402 4276 618 4343 amoris,
647 4285 701 4331 et
724 4291 820 4345 per
842 4275 1165 4345 ieiuniorum
1187 4274 1583 4331 observantiam
1631 4273 1878 4329 infundat

284 4369 347 4427 in
378 4370 533 4425 vobis
584 4370 782 4425 donum
834 4383 944 4423 suae
991 4366 1403 4423 benedictionis.
1451 4366 1644 4421 Amen.
1696 4364 1785 4421 Sic
1826 4366 1876 4422 ei

285 4462 634 4533 parcimonia:
665 4461 909 4516 victimas
930 4460 1185 4525 offeratis,
1217 4468 1278 4515 ut
1302 4459 1516 4515 contriti
1548 4457 1596 4513 ei
1622 4459 1798 4514 cordis
1824 4467 1877 4515 et

288 4552 554 4610 humiliati
578 4552 846 4609 sacrificio
876 4551 1153 4622 placeatis.
1187 4554 1381 4608 Amen.
1405 4550 1678 4619 Quatenus
1706 4552 1877 4607 oratio

1964 3356 2086 3420 nia,
2112 3370 2230 3425 quae
2276 3368 2375 3408 nos
2427 3364 2482 3409 et
2530 3353 2796 3422 expiando
2822 3363 2847 3401 ε
2879 3352 3045 3423 gratia
3081 3360 3168 3407 tua
3204 3351 3393 3422 dignos
3423 3350 3545 3407 effi-

1966 3448 2146 3510 ciant,
2178 3457 2232 3501 et
2260 3447 2328 3502 ad
2361 3444 2512 3518 (230)
2549 3446 2783 3504 remedia
2832 3447 3126 3517 perducant
3166 3454 3389 3502 acterna.
3438 3444 3549 3503 Per

1968 3543 2279 3599 Dominum.

2042 3632 2212 3701 Super
2241 3634 2433 3689 oblata.
2457 3664 2527 3674 —
2553 3633 2770 3690 Hostias
2803 3634 2929 3704 tibi,
2980 3634 3204 3688 Domine
3222 3673 3237 3697 ,
3266 3632 3555 3689 deferimus

1969 3724 2320 3779 immolandas
2352 3742 2365 3777 :
2399 3738 2727 3794 quazsumus,
2751 3724 3100 3792 temporalem
3130 3723 3552 3778 consolationem

1971 3816 2126 3871 nobis
2155 3816 2495 3885 impendant,
2544 3824 2603 3870 ut
2641 3816 2903 3885 promissa
2930 3815 3129 3870 certius
3160 3830 3267 3869 non
3294 3813 3556 3882 despere-

1971 3925 2091 3966 mus
2122 3920 2345 3965 :eterna.
2379 3909 2500 3965 Per.

2047 4003 2320 4073 Prwfan’o.
2352 4032 2421 4043 —
2452 4002 2592 4057 Vere
2622 4000 2838 4070 dignum
2870 4006 2925 4054 et
2950 3999 3151 4068 iustum
3196 4006 3312 4064 est,
3344 4010 3556 4064 mquum

1976 4107 2033 4156 et
2056 4098 2310 4166 salutare,
2340 4112 2440 4152 nos
2469 4096 2564 4150 tibi
2599 4109 2810 4163 semper
2832 4103 2887 4149 et
2911 4093 3105 4162 ubique
3128 4092 3328 4161 gratias
3372 4104 3557 4160 agere,

1977 4189 2205 4244 Domine
2233 4197 2440 4251 sancte,
2472 4188 2633 4241 Pater
2659 4186 3029 4254 omnipotens,
3066 4192 3268 4238 mterne
3293 4182 3434 4237 Deus
3461 4198 3473 4234 :
3507 4189 3562 4237 et

1978 4289 2030 4335 te
2054 4278 2263 4335 devotis
2297 4277 2564 4333 mentibus
2590 4276 2926 4347 supplicare,
2963 4284 3019 4330 ut
3065 4289 3163 4329 nos
3196 4273 3418 4328 interius
3458 4287 3558 4326 ex-

1980 4374 2253 4443 teriusque
2286 4382 2574 4437 restaures,
2610 4382 2664 4426 et
2696 4370 3020 4440 parcimonia
3065 4367 3284 4422 salutari
3315 4382 3344 4419 a
3371 4378 3562 4435 pecca-

1977 4476 2151 4523 torum
2177 4465 2424 4520 sordibus
2455 4480 2667 4533 purges.
2705 4465 2770 4518 Et
2794 4477 2928 4532 quos
2968 4459 3301 4516 illecebrosis
3331 4457 3561 4513 delecta-

1980 4558 2219 4613 tionibus
2242 4573 2347 4613 non
2370 4556 2453 4611 vis
2483 4554 2751 4625 impediri,
2775 4552 3089 4622 spiritalium
3114 4552 3364 4605 virtutum
3398 4548 3563 4603 facias

287 4656 475 4704 vestra
493 4648 685 4719 ieiunii
714 4658 768 4703 et
796 4648 1152 4718 eleemosynaa
1181 4646 1284 4702 alis
1322 4645 1577 4702 subvecta
1615 4645 1681 4699 ad
1720 4661 1877 4701 aures
1905 4627 1960 4687 Ῑ)
1984 4650 2169 4720 vigore
2199 4647 2427 4715 muniri,
2459 4656 2512 4703 et
2542 4647 2621 4701 sic
2650 4648 2699 4701 in
2730 4646 2891 4700 rebus
2920 4643 3240 4699 transitoriis
3272 4642 3474 4705 foveas,
3505 4647 3566 4694 ut

288 4740 465 4796 vestri
487 4740 788 4797 conditoris
815 4741 1087 4806 ascendat,
1115 4748 1173 4795 ut
1203 4754 1297 4796 vos
1338 4746 1555 4795 aeternae
1598 4737 1880 4793 beatitudi-

289 4837 381 4894 nis
411 4836 683 4902 haeredes,
728 4845 783 4891 et
818 4849 1171 4905 supernorum
1201 4831 1397 4889 civium
1440 4840 1720 4889 consortes
1762 4830 1879 4887 effi-

293 4929 424 4985 ciat.
456 4929 651 4984 Amen.
675 4927 828 4994 Quod
857 4927 971 4997 ipse
997 4931 1253 4997 praestare
1280 4924 1546 4995 dignetur.

368 5022 451 5077 Ad
476 5019 867 5094 Compiendum.
897 5049 969 5063 -
997 5019 1221 5087 Adesto,
1246 5018 1425 5085 nobis,
1456 5016 1711 5085 Domine,
1740 5017 1880 5075 Deus

372 5165 399 5191 α
428 5157 486 5211 In
508 5156 735 5213 Kalend.
780 5155 939 5210 Rom.
987 5154 1074 5209 hic
1105 5152 1338 5224 legitur:
1367 5152 1451 5224 Ad
1478 5159 1710 5224 sanctum
1748 5148 1886 5224 Lau-

297 5228 523 5285 rentium
549 5230 617 5281 ad
663 5227 824 5281 Mart.
852 5227 977 5280 licet
1006 5225 1060 5278 in
1087 5222 1218 5279 Cod.
1252 5222 1456 5278 Pamel.
1486 5231 1539 5276 et
1585 5222 1636 5275 in
1687 5222 1887 5276 nostris

298 5300 433 5356 Mss.
486 5301 689 5369 legatur
717 5315 729 5351 :
754 5298 833 5351 Ad
881 5305 1115 5369 sanctum
1171 5293 1330 5369 Laur.
1367 5294 1494 5363 foris
1536 5307 1757 5347 murum.
1799 5293 1887 5349 Sic

298 5385 517 5442 quoque
540 5365 821 5440 iegendum
853 5375 1036 5421 censet
1056 5366 1210 5421 Joan.
1237 5365 1456 5419 Fronto.
1840 5430 1851 5442 _

373 5440 517 5498 bSic
558 5441 747 5509 legitur
793 5439 848 5492 in
894 5434 1695 5509 ornnibus_!ibris_nostris_tam
1726 5431 1885 5509 editis

298 5514 466 5584 quam
498 5504 659 5565 manu
690 5509 969 5584 descriptis
990 5550 1003 5573 ,
1055 5508 1122 5584 si.
1142 5506 1516 5584 Kalendarjum
1550 5504 1707 5584 Rom.
1742 5505 1888 5584 exc‘i-Z

303 5572 446 5651 pias,
492 5584 543 5637 in
586 5597 713 5651 quo,
753 5590 809 5635 ut
847 5572 901 5635 in
946 5572 1153 5635 caeteris
1174 5593 1271 5648 pro
1293 5577 1519 5633 statione
1549 5577 1776 5645 legitur:
1808 5572 1888 5625 Ad

301 5664 541 5711 sanctum
569 5652 801 5707 Petrum.

382 5740 407 5766 ο
434 5726 561 5780 Haec
591 5724 898 5779 Benedictio
933 5721 1124 5790 legitur
1153 5721 1204 5775 in
1236 5716 1672 5790 Benedictionali.

382 5795 411 5833 σί
442 5797 500 5851 In
543 5796 643 5850 Ed.
693 5794 921 5859 Pamel.,'
964 5788 1178 5861 defende
1222 5790 1492 5856 subsidiis,
1540 5788 1889 5844 dissentiente

302 5866 450 5927 Cod.
476 5867 611 5937 Reg.
641 5866 824 5930 Suec.,
865 5864 955 5933 qui
994 5864 1152 5917 habet
1183 5861 1452 5935 prirsidiis.

554 5964 828 6026 Panos.
862 5960 972 6022 LX
983 5959 1202 6023 XVIII.

1982 4743 2255 4812 perpetuis
2286 4740 2551 4795 inhaerere
2582 4736 2865 4794 concedas.
2914 4735 3017 4790 Per
3062 4732 3330 4789 Christum
3382 4730 3567 4786 Domi-

1984 4851 2112 4891 num
2144 4843 2405 4889 nostrum.

2057 4930 2165 5001 58
2209 4928 2289 4981 Ad
2327 4923 2720 4995 Complendum.
2753 4949 2823 4960 --
2850 4920 2925 4974 Da
2948 4959 2962 4984 ,
3009 4929 3343 4988 quaesumus,
3393 4913 3567 4968 omni-

1987 5028 2178 5092 potens
2210 5020 2371 5083 Deus,
2407 5026 2464 5071 ut
2499 5030 2617 5085 quac
2655 5013 2834 5068 divina
2864 5018 3020 5079 sunt,
3045 5008 3244 5079 iugiter
3268 5020 3569 5076 exsequen-

2064 5163 2087 5191 ε
2118 5153 2286 5207 Statio
2316 5147 2460 5203 ferite
2489 5145 2647 5215 huius
2682 5152 2765 5215 est
2804 5142 3127 5215 adsanetum
3157 5139 3566 5215 Chrysogonum.

2066 5221 2083 5240 ’
2120 5222 2273 5290 Apud
2306 5218 2532 5284 l’amel.,
2558 5209 2975 5290 assentientibus
3008 5210 3295 5290 biss._lleg.
3324 5209 3571 5290 δρῦς-,νει

1990 5274 2280 5356 ΤΙιρόξΪθίέη
2311 5290 2469 5343 statio
2515 5274 2599 5342 est
2644 5285 2713 5337 ad
2753 5293 2984 5337 sanctum
3030 5274 3319 5356 (Eyriqcuin.
3361 5274 3567 5356 lti‘lia-

1989 5345 2337 5420 l—endrlioin.
2373 5360 2605 5427 legitur:
2640 5357 2719 5409 Ad
2758 5366 2988 5427 sanctum
3035 5345 3355 5427 ﬂairimant.
3402 5345 3569 5427 liuius

1992 5415 2133 5489 tituli
2164 5415 2363 5487 mentio
2403 5415 2486 5484 est
2515 5427 2810 5498 prmsertim
2848 5426 2899 5479 in
2929 5415 3137 5498 synodo
3169 5422 3325 5498 Rom.
3349 5415 3447 5498 sub
3473 5428 3569 5466 nu-

1987 5485 2409 5572 stroiCregorio
2458 5485 2574 5572 qua:
2627 5500 2680 5553 in
2731 5499 2877 5572 prius
2929 5485 3167 5572 Vulgatis
3214 5485 3442 5572 estrlib.
3476 5498 3565 5572 iv,

1996 5554 2135 5643 epist
2156 5554 2414 5636 limum:
2440 5554 2511 5643 ad
2532 5554 2761 5643 Registr'i
2789 5568 2989 5620 calcem
3008 5554 3334 5643 ξιιεξῑοριιὶῃι
3365 5554 3572 5625 synodo

1994 5631 2311 5714 subscripsit
2339 5642 2576 5696 Avantius
2606 5631 2859 5714 presbyter
2885 5631 3383 5714 sunctLQuiriaci:U

2300 5696 2532 5785 il‘amelq
2557 5696 2866 5785 grotiwvtua:
2894 5706 3000 5773 dig.
3035 5703 3235 5756 Favent
3262 5696 3415 5754 nobis
3440 5696 3571 5752 MSS»

1991 5783 2211 5860 ipseque
2237 5784 2417 5842 Codex
2444 5783 2576 5853 Reg.
2611 5784 2773 5837 Suec.

3138 5929 3180 5992 3
