4064 6350
572 414 642 474 τες
1749 404 1994 463 SANCTI
2031 405 2355 465 GREGORH
2393 406 2604 465 MAGNI
3599 438 3609 448 .
3753 406 3831 467 π

574 539 672 594 tes,
704 526 858 582 donis
887 537 1192 581 mereamur
1220 521 1530 579 cmlestibus
1558 521 2013 590 appropinquare.
2044 520 2150 575 Per
2172 524 2226 585 Α
2251 529 2415 574 stram
2454 521 2709 590 gubernet
2739 529 2795 575 et
2823 528 3094 589 protegat,
3141 527 3193 575 et
3225 519 3277 573 in
3306 527 3514 588 ptatum
3552 531 3820 592 perpetuat

574 620 852 675 Dominum
882 627 1143 673 nostrum.

643 710 811 779 Super
836 706 1103 777 populum.
1134 734 1203 744 —
1233 704 1442 771 Libera,
1480 714 1809 771 qumsumus,
1840 700 2086 766 Domine,
2115 713 2145 752 a

573 802 806 870 peccatis
851 808 906 854 et
947 797 1192 853 hostibus
1224 796 1319 851 tibi
1352 795 1601 865 populum
1632 794 2019 861 supplicantem
2045 831 2058 855 ,
2092 800 2149 844 ut

571 902 755 945 sancta
782 889 1190 943 conversatione
1223 887 1478 953 viventes,
1513 884 1677 939 nullis
1706 882 2010 937 inficiantur
2047 881 2147 935 ad-

569 984 759 1040 versis.
793 984 897 1039 Per
922 982 1172 1038 eumdem
1205 981 1487 1035 Dominum
1520 987 1788 1034 nostrum.

875 1090 1030 1129 FERIA
1062 1082 1086 1108 ⁸
1118 1088 1166 1125 ιν
1193 1087 1243 1126 IN
1283 1086 1596 1126 liEBDOMADA
1623 1082 1838 1131 QUINTA.

642 1164 984 1221 Sanctiﬁcato
1010 1164 1109 1218 hoc
1134 1162 1360 1232 jejunio,
1393 1162 1557 1227 Deus,
1590 1168 1799 1214 tuorum
1828 1154 1989 1210 corda
2018 1152 2147 1208 fide-

572 1258 700 1313 lium
727 1258 1012 1313 miseratus
1041 1258 1269 1322 illustra,
1303 1264 1358 1309 et
1385 1253 1576 1323 quibus
1604 1248 1901 1306 devotionis
1925 1256 2149 1317 praestas

571 1351 843 1413 affectum,
874 1349 1051 1418 praebe
1080 1346 1500 1417 supplicantibus
1531 1345 1676 1415 pium
1708 1341 1972 1410 benignus
1998 1336 2151 1393 audi-

572 1450 703 1497 tum.
734 1441 834 1496 Per
862 1440 1162 1495 Dominum.

640 1535 810 1604 Super
837 1533 1025 1589 oblata.
1050 1562 1123 1573 —
1145 1534 1335 1587 Annue
1356 1572 1373 1597 ,
1402 1528 1711 1586 misericors
1740 1528 1881 1586 Deus
1902 1572 1919 1599 ,
1948 1539 2008 1588 ut
2043 1531 2146 1587 ho-

571 1626 702 1681 stias
729 1623 1043 1693 placationis
1067 1632 1122 1680 et
1150 1623 1321 1679 laudis
1349 1623 1561 1679 sincero
1587 1620 1684 1677 tibi
1710 1621 2014 1680 deferamus
2044 1623 2145 1679 ob-

570 1718 776 1788 sequio.
808 1718 929 1772 Per.
1868 1778 1871 1781 δ

640 1810 909 1879 meatio.
938 1840 1006 1851 —
1041 1810 1178 1865 Vere
1204 1809 1419 1878 dignum
1462 1818 1516 1865 et
1542 1810 1742 1878 justum
1774 1818 1859 1865 est
1880 1851 1895 1876 ,
1926 1824 2139 1878 aiquum

2249 610 2434 666 salutis
2463 612 2695 666 inducat.
2729 612 2831 667 Per
2858 612 3139 667 Dominum
3173 620 3435 670 nostrum.
3802 676 3805 677 ν

2320 702 2489 773 Super
2516 704 2785 773 populum.
2812 733 2880 743 —
2909 704 3184 769 Concede,
3218 704 3521 759 misericors
3564 704 3736 774 Deus,
3766 714 3833 763 Ic

2250 793 2389 847 sicut
2424 808 2523 847 nos
2551 794 2742 848 tribuis
2770 796 3005 849 solemne
3046 795 3143 849 tibi
3182 794 3398 849 deferre
3431 794 3721 865 jejunium,
3750 796 3834 853 sic

2258 885 2411 940 nobis
2445 886 2788 957 indulgentiae
2818 895 2920 942 tuac
2963 887 3201 957 praebeas
3243 888 3505 960 benignus
3547 890 3829 948 auxilium;

2252 975 2369 1031 Per.
3214 1048 3215 1051 η

2536 1083 2556 1111 δ
2587 1086 2744 1125 ΡΕΒΙΑ
2781 1086 2831 1126 Vl
2871 1086 2921 1127 IN
2958 1084 3273 1126 HERDOIADA
3310 1085 3524 1134 QUINTA.

2319 1182 2578 1238 Cordibns
2609 1183 2829 1251 nostris,
2858 1184 3101 1251 Domine,
3133 1183 3393 1253 benignus
3437 1180 3658 1239 infunde
3678 1224 3693 1250 ,
3735 1190 3826 1252 ut,

2250 1282 2465 1345 peccata
2515 1286 2695 1330 nostra
2746 1277 3095 1345 castigatione
3148 1275 3442 1331 voluntaria
3492 1274 3826 1341 cohibentes,

2248 1367 2613 1436 temporaliter
2644 1368 2821 1436 potius
2854 1382 3186 1424 maceremur
3214 1382 3372 1438 quam
3415 1366 3691 1436 suppliciis
3735 1366 3832 1421 de-

2248 1467 2494 1528 putemur
2522 1459 2752 1513 internis.
2786 1459 2907 1512 Per.

2319 1546 2490 1619 Super
2528 1548 2716 1603 oblata.
2747 1548 3035 1603 —-Pra:sta
3086 1547 3271 1614 nobis,
3312 1547 3618 1603 misericors
3660 1546 3826 1614 Deus,

2248 1650 2308 1698 ut
2333 1643 2491 1713 digne
2520 1645 2621 1699 tuis
2663 1657 2877 1713 semper
2903 1643 3105 1698 servire
3138 1642 3393 1699 altaribus
3426 1658 3747 1705 mereamur.
3774 1646 3835 1699 et

2253 1752 2436 1792 eorum
2485 1747 2740 1808 perpetua
2788 1738 3196 1809 participatione
3234 1736 3449 1794 salvari.
3498 1738 3600 1795 Per
3648 1736 3830 1794 Domi-

2249 1844 2396 1884 num.

568 1909 625 1956 et
649 1901 903 1966 salutare,
931 1915 1028 1955 nos
1055 1900 1149 1957 tibi
1177 1916 1391 1969 semper
1416 1910 1471 1956 et
1498 1901 1696 1971 ubique
1732 1901 1930 1971 gratias
1957 1915 2140 1970 agere,
2171 1892 2220 1953 Β
2319 1920 2589 1990 puerum.
2616 1952 2684 1961 _
2708 1920 2844 1977 vere
2868 1921 3084 1990 dignum
3122 1930 3177 1977 ει
3212 1921 3413 1987 justum
3459 1927 3575 1984 est,
3615 1930 3830 1987 (Equum

570 1993 792 2048 Domine
822 2002 1027 2059 sancte,
1054 1994 1213 2048 Pater
1241 1994 1601 2062 omnipotens,
1634 2002 1832 2048 aeterne
1861 1993 1999 2047 Deus
2029 2008 2044 2046 :
2091 1999 2147 2047 et

573 2092 628 2139 te
648 2083 877 2154 supplici
928 2084 1211 2141 devotione
1252 2098 1500 2150 exorare,
1530 2093 1586 2140 ut
1622 2098 1716 2153 per
1750 2084 1978 2153 jejunia,
2024 2098 2145 2153 quas

567 2177 736 2231 sacris
791 2176 1048 2232 institutis
1104 2177 1482 2245 exsequimur,
1540 2191 1572 2230 a
1626 2176 1832 2231 cunctis
1907 2175 2146 2230 reatibus

567 2264 846 2320 emundari
887 2280 1223 2331 mereamur,
1255 2274 1508 2332 tuamque
1557 2266 1833 2334 percipere
1880 2266 2149 2320 valeamus

569 2356 1033 2425 propitiatiouem,
1094 2357 1184 2426 qui
1234 2372 1596 2426 praeparantur
1646 2359 1713 2411 ad
1765 2358 2145 2413 celebrandam

566 2446 835 2518 Unigeniti
880 2448 1003 2503 Filii
1051 2448 1130 2504 tui
1178 2449 1501 2517 passionem.
1554 2450 1654 2504 Per
1700 2464 1861 2520 quem
1900 2449 2148 2519 Majesta-

566 2548 692 2596 tem.

638 2630 721 2683 Ad
770 2630 1263 2702 Complendum.-—-
1290 2630 1538 2690 leestis
1589 2634 1714 2689 doni
1773 2634 2148 2694 benedictione

566 2730 849 2793 percepta,
881 2724 1150 2795 supplices
1189 2736 1265 2793 te,
1299 2726 1439 2782 Deus
1482 2729 1849 2798 omnipotens,
1881 2728 2143 2797 depreca-

565 2828 706 2881 mur,
750 2824 807 2868 ut
853 2815 956 2869 hoc
994 2815 1136 2870 idem
1170 2816 1324 2872 nobis
1363 2826 1419 2872 et
1448 2817 1600 2889 (25!)
1628 2818 1952 2875 sacramenti
1981 2833 2142 2876 causa

562 2905 632 2959 sit
654 2914 705 2959 et
733 2905 939 2960 salutis.
974 2906 1075 2961 Per
1106 2906 1413 2962 Dominum.

632 2996 772 3053 Alia.
804 3027 877 3038 —
905 2996 1147 3060 Exaudi,
1196 3013 1536 3066 quaesumus,
1582 3000 1836 3067 Domine,
1884 3002 2143 3071 gemitum

565 3087 743 3155 populi
773 3088 1153 3156 supplicantis,
1197 3100 1252 3144 et
1297 3092 1386 3159 qui
1431 3091 1497 3145 de
1539 3093 1848 3147 meritorum
1888 3094 2144 3164 qualitate

566 3178 877 3244 diffidimus,
910 3194 1013 3234 non
1040 3180 1296 3251 judicium
1316 3223 1329 3245 ,
1360 3182 1455 3237 sed
1484 3184 1907 3241 misericordiam
1954 3200 2143 3243 conse-

568 3272 656 3340 qui
687 3285 1012 3327 mereamur.
1043 3273 1142 3327 Per
1171 3274 1473 3331 Dominum.

848 3360 876 3401 ιι
906 3377 1073 3418 ιιςιιιλη
1103 3379 1137 3419 v
1174 3381 1225 3419 IN
1264 3382 1577 3423 sannosum
1611 3385 1827 3434 cum“.

636 3454 833 3509 Tribue
877 3454 1053 3523 nobis,
1100 3471 1424 3525 quzesumus,
1456 3460 1841 3532 indulgentiam
1891 3472 2141 3531 peccato-

565 3564 702 3615 rum,
738 3557 797 3602 ut
825 3548 1063 3603 instituta
1084 3550 1285 3621 jejunia
1309 3551 1405 3607 tibi
1440 3554 1648 3623 placitis
1676 3555 1923 3610 sensibus
1951 3572 2143 3622 opere-

564 3662 705 3701 mur.
739 3646 840 3703 Per
870 3647 1173 3701 Dominum.

637 3739 807 3813 Super
831 3742 1022 3796 oblata.
1052 3770 1123 3782 —
1151 3741 1397 3796 Concede
1425 3743 1608 3808 nobis,
1637 3742 1863 3799 Domine
1881 3787 1896 3811 ,
1931 3759 2143 3814 quaesu-

563 3846 703 3897 mus,
729 3842 785 3887 ut
811 3833 1127 3889 celebraturi
1158 3840 1339 3887 sancta
1367 3834 1641 3903 mysteria,
1674 3850 1779 3889 non
1823 3836 1994 3890 solum
2039 3836 2138 3891 ab-

563 3928 867 3982 stinentiam
897 3927 1250 3996 corporalem,
1281 3927 1374 3981 sed
1393 3967 1407 3991 ,
1433 3928 1572 3996 quod
1603 3936 1685 3983 est
1715 3927 1916 3996 potius,
1945 3930 2141 3985 habea-

566 4033 688 4073 mus
716 4019 972 4072 mentium
1002 4016 1305 4087 puritatem.
1338 4018 1459 4072 Per.

636 4111 744 4181 59
791 4108 1061 4179 Prwfatio.
1096 4138 1166 4150 --
1214 4109 1353 4164 Vere
1403 4109 1619 4178 dignum
1667 4118 1721 4164 et
1768 4111 1970 4180 justum
2022 4120 2137 4182 est,

570 4218 778 4271 aequum
808 4212 861 4256 et
888 4202 1140 4266 salutare,
1173 4216 1270 4255 nos
1303 4202 1395 4257 tibi
1423 4217 1626 4271 semper
1676 4211 1731 4259 et
1777 4203 1971 4273 ubique
2013 4220 2139 4272 gra-

565 4293 663 4345 tias
694 4305 872 4361 agere,
897 4291 1119 4345 Domine
1147 4298 1355 4355 sancte,
1373 4292 1527 4346 Pater
1550 4292 1909 4361 omnipotens,
1940 4304 2140 4352 mterne

566 4383 708 4437 Deus
735 4398 749 4435 :
782 4382 873 4451 qui
902 4382 979 4438 sic
1009 4396 1106 4435 nos
1134 4380 1321 4435 tribuis
1347 4381 1589 4436 solemne
1617 4381 1713 4436 tibi
1749 4384 1962 4439 deferre
2001 4384 2141 4455 jeju-

566 4475 743 4543 nium,
776 4483 833 4529 ut
862 4473 1202 4545 indulgentiae
1252 4484 1357 4528 tum
1399 4489 1680 4544 Speremus
1724 4492 1820 4532 nos
1865 4478 2141 4547 percipere

564 4566 895 4631 subsidium;
924 4567 1003 4621 sic
1031 4580 1130 4620 nos
1156 4565 1389 4620 instituis
1419 4565 1485 4620 ad
1516 4566 1833 4622 celebranda
1864 4568 2138 4623 Paschalia

2247 2020 2302 2067 et
2328 2011 2587 2077 salutare,
2620 2026 2717 2068 nos
2745 2012 2837 2065 tibi
2870 2025 3084 2080 semper
3113 2019 3167 2065 et
3196 2010 3389 2078 ubique
3416 2009 3611 2078 gratias
3638 2023 3825 2077 agere,

2250 2104 2469 2159 Domine
2490 2113 2696 2168 sancte,
2712 2101 2867 2157 Pater
2892 2100 3249 2171 omnipotens,
3272 2108 3471 2154 aeterne
3490 2100 3622 2153 Deus
3640 2115 3651 2150 :
3670 2096 3841 2169 (232)

2247 2198 2400 2266 cujus
2446 2211 2545 2251 nos
2588 2193 2949 2251 misericordia
2999 2192 3259 2262 prmvenit
3304 2200 3361 2246 ut
3404 2191 3540 2245 bene
3584 2202 3832 2258 agamus,

2247 2288 2589 2357 subsequitur
2633 2303 2701 2343 ne
2752 2287 2944 2341 frustra
2992 2298 3238 2355 agamus,
3278 2284 3525 2339 accendit
3574 2283 3833 2338 intentio-

2250 2395 2372 2433 nem
2422 2394 2523 2449 qua
2551 2378 2617 2433 ad
2655 2378 2792 2433 bona
2834 2392 2995 2447 opera
3044 2375 3339 2446 peragenda
3391 2376 3832 2443 iuardescamus,

2249 2471 2433 2526 tribuit
2479 2470 2771 2526 efficaciam
2820 2485 2923 2541 qua
2956 2470 3070 2524 haec
3099 2469 3165 2523 ad
3197 2469 3487 2536 perfectum
3530 2468 3835 2536 perducere

2246 2566 2536 2619 valeamus.
2566 2562 2734 2618 Tuam
2766 2577 2896 2632 ergo
2924 2560 3259 2617 clementiam
3292 2557 3574 2613 indefessis
3604 2559 3833 2613 vocibus

2248 2656 2616 2722 obsecramus,
2645 2665 2701 2709 ut
2727 2668 2823 2709 nos
2849 2653 3037 2723 jejunii
3076 2652 3302 2707 victimis
3331 2667 3360 2706 a
3390 2650 3619 2720 peccatis
3668 2664 3834 2703 mun-

2247 2748 2399 2803 datus
2428 2747 2494 2801 ad
2520 2747 2889 2802 celebrandam
2922 2742 3186 2815 Unigeniti
3219 2742 3336 2797 Filii
3372 2742 3446 2796 tui
3479 2740 3685 2796 Domini
3712 2755 3837 2794 .noc

2248 2839 2344 2894 stri
2386 2840 2686 2908 passionem
2726 2838 2887 2894 facias
2927 2850 3047 2892 esse
3086 2836 3330 2890 devotos.
3362 2833 3464 2889 Per
3512 2846 3666 2895 uuem
3719 2831 3839 2887 Ma-

2243 2932 2511 3003 jestatem.

2323 3045 2401 3099 Ad
2455 3043 2840 3116 Compfendum.
2874 3041 3174 3110 —Snmpti
3230 3040 3509 3105 Sacrificii,
3569 3040 3839 3113 Domine,

2249 3148 2501 3211 perpetua
2531 3153 2629 3193 nos
2656 3137 2807 3192 tuitio
2833 3152 2936 3191 non
2967 3136 3259 3204 relinquat,
3290 3143 3345 3189 et
3373 3134 3526 3189 noxia
3554 3147 3778 3204 semper
3810 3134 3845 3188 Α

2170 3263 2219 3327 C
2250 3235 2404 3288 nobis
2430 3242 2617 3287 cuncta
2644 3231 2895 3300 depellat.
2930 3227 3029 3283 Per
3058 3228 3338 3282 Dominmn
3371 3216 3630 3280 nostrum.

2321 3326 2492 3394 Super
2544 3324 2810 3395 populum.
2845 3351 2914 3364 -σ-
2952 3320 3205 3387 Protege.
3260 3317 3517 3382 Domine,
3577 3313 3844 3383 pupulum

2248 3428 2430 3482 tuum,
2473 3426 2527 3471 et
2569 3417 2620 3469 in
2654 3412 2948 3483 Majestatis
3001 3421 3103 3465 tum
3151 3408 3444 3480 patrocinio
3470 3407 3843 3463 confidentem

2245 3522 2509 3583 perpetua
2533 3506 2842 3564 defensione
2869 3507 3126 3577 guberna.
3162 3504 3281 3560 Per.

2418 3623 2529 3694 60
2553 3636 2827 3677 ssunnun
2869 3616 2897 3657 ἀ
2936 3635 3077 3679 ΑΜΕ
3116 3632 3288 3675 ιυωοε
3324 3631 3631 3673 ΡΑωιΑιωη.

2314 3740 2667 3807 Omnipotens
2698 3739 3024 3805 sempiterne
3069 3734 3242 3801 Deus,
3290 3732 3628 3788 clementiam
3681 3736 3850 3787 tuam

2243 3831 2554 3901 suppliciter
2600 3842 2921 3893 exoramus,
2971 3835 3028 3881 ut
3071 3826 3161 3896 qui
3208 3826 3350 3880 mala
3393 3835 3577 3879 nostra
3614 3830 3852 3893 semper

2243 3921 2507 3991 praevenis
2532 3919 2857 3982 miserando,
2881 3916 3043 3972 facias
3064 3916 3158 3971 tibi
3184 3916 3428 3985 placitos,
3449 3924 3500 3970 et
3529 3914 3630 3984 piis
3657 3914 3854 3970 actio-

2243 4012 2401 4067 nibus
2431 4020 2485 4065 et
2510 4009 2727 4081 jejuniis
2756 4007 3063 4063 salubribus
3093 4007 3374 4077 expianda.
3410 4006 3529 4061 Per.

2315 4104 2487 4173 Super
2516 4103 2707 4157 oblata.
2735 4129 2805 4142 —-
2835 4094 3030 4156 Praesta
3054 4141 3069 4164 ,
3111 4110 3450 4169 qumSumus,
3482 4096 3854 4166 omnipotens

2243 4194 2407 4263 Deus,
2441 4205 2497 4250 ut
2522 4194 2847 4264 jejuniorum
2880 4192 3118 4261 placatus
3144 4189 3422 4246 sacriﬁciis
3443 4230 3457 4254 ,
3486 4189 3853 4244 remissionis

2245 4296 2351 4344 tum
2378 4301 2477 4343 nos
2502 4288 2658 4343 venia
2692 4287 3054 4356 prosequaris.
3079 4285 3180 4339 Per
3208 4284 3489 4339 Dominum
3523 4291 3812 4338 nostrum.

2316 4389 2589 4460 Prwfatio.
2615 4418 2686 4430 —-—
2712 4389 2847 4444 Vere
2887 4388 3102 4459 dignum
3135 4396 3187 4441 et
3217 4390 3418 4456 justum
3454 4394 3569 4449 est,
3611 4400 3857 4453 :equum

2243 4485 2297 4531 et
2324 4478 2581 4541 salutare,
2616 4490 2715 4531 nos
2744 4476 2839 4531 tibi
2870 4490 3085 4543 semper
3113 4482 3167 4529 et
3198 4474 3391 4542 ubique
3417 4474 3615 4544 gratias
3643 4488 3858 4545 agere,

2248 4568 2474 4623 Domine
2525 4579 2746 4632 sancte,
2794 4568 2952 4622 Pater
2997 4566 3357 4637 onmipotens,
3390 4580 3590 4622 aeterne
3643 4565 3809 4621 Deus
3838 4583 3859 4623 :

563 4660 720 4728 festa,
743 4670 799 4714 ut
833 4676 925 4728 per
954 4660 1067 4714 hmc
1090 4660 1425 4729 acquiramus
1450 4660 1639 4730 gaudia
1665 4661 2006 4731 sempiterna.
2037 4661 2139 4718 Per
2167 4636 2221 4698 Β
2246 4660 2397 4729 cujus
2428 4673 2525 4713 nos
2558 4658 2689 4715 fides
2720 4660 2949 4725 excitat,
2988 4673 3112 4729 spes
3148 4636 3337 4729 erigit,
3370 4658 3605 4715 charitas
3625 4656 3856 4726 jungit;

565 4750 836 4806 Christum
866 4751 1173 4807 Dominum.

632 4842 715 4897 Ad
745 4842 1134 4913 Compfeudum.
1153 4872 1223 4885 --
1248 4842 1466 4913 Vegetet
1488 4857 1606 4909 nos,
1634 4843 1878 4912 Domine,
1907 4858 2142 4914 semper,

565 4942 621 4990 et
651 4938 866 4991 innovet
896 4944 1000 4990 tuae
1040 4948 1239 4990 mensae
1278 4935 1494 5002 libatio,
1527 4948 1649 5003 quae
1679 4934 2016 5004 fragilitatem
2048 4951 2145 4991 no-

636 5075 662 5104 ι
694 5066 845 5133 Apud
878 5067 1077 5122 Pamef.
1112 5074 1164 5120 et
1193 5067 1244 5119 in
1277 5066 1502 5123 Kalend.
1531 5068 1685 5121 Rom.
1719 5065 1877 5121 statio
1900 5067 2143 5136 assigna-

564 5147 646 5191 tur
679 5141 743 5191 ad
774 5147 1004 5192 sanctum
1029 5137 1358 5206 Marcellum,
1404 5154 1524 5208 cum
1548 5139 1738 5208 quibus
1759 5136 2007 5192 convenit
2037 5137 2144 5208 pri-

562 5224 680 5263 mus
706 5208 973 5280 Tlteoder.
1011 5208 1063 5262 in
1097 5209 1229 5263 Cod.
1259 5204 1392 5280 Reg.
1424 5204 1580 5280 Suec:
1600 5210 1710 5280 :AAd
1732 5218 1965 5261 sanctum
1994 5204 2142 5280 Mur-

561 5281 822 5334 celliuum.
874 5279 930 5334 In
982 5280 1221 5335 secundo
1261 5277 1682 5336 ThéodenzAd
1738 5291 1965 5333 sanctam
2024 5277 2143 5333 Μα-

559 5367 710 5404 rmm.

632 5419 658 5459 δ
680 5419 783 5474 Pro
804 5417 1030 5476 statione
1059 5418 1328 5491 legitnrin
1361 5418 1581 5491 Kalend.
1610 5418 1765 5491 Rom.
1787 5428 1838 5472 et
1866 5420 2009 5486 apud
2040 5418 2140 5472 Pa-

562 5492 686 5545 mel.
720 5510 734 5545 :
760 5493 839 5544 Ad
854 5502 1086 5545 sanctum
1117 5489 1483 5561 Apollinarem.
1520 5489 1579 5561 id,
1599 5490 1915 5561 confirmant
1940 5491 2065 5545 Mss.

635 5572 658 5601 ε
693 5561 857 5629 llujus
911 5562 1010 5617 fer.
1043 5558 1220 5628 statio,
1264 5559 1416 5629 juxta
1455 5560 1671 5615 eosdem
1712 5558 1904 5626 Codd.,
1947 5572 2028 5615 est
2071 5560 2139 5613 ad

559 5640 789 5685 sanctum
819 5632 1159 5699 Stephanum.

632 5701 661 5739 (λ
692 5702 843 5772 Apud
888 5703 1180 5757 Pauleliutn
1233 5700 1416 5757 titulus
1468 5709 1589 5756 est:
1634 5698 2135 5772 Sabbulum‘guacat.

568 5769 809 5825 Domiti—us
840 5790 973 5841 papa
996 5775 1359 5840 cleemosynam
1380 5772 1489 5827 dat.
1523 5772 1602 5824 Ad
1629 5780 1862 5824 sanctum
1905 5769 2135 5827 Petrum.

564 5843 643 5897 Ad
672 5840 961 5912 marginem
985 5852 1160 5898 autem
1196 5843 1306 5899 hinc
1338 5844 1492 5898 habet
1518 5860 1530 5895 :
1563 5840 1717 5896 Hunc
1738 5857 1846 5897 esse
1875 5857 2042 5897 verum
2069 5843 2137 5895 ti-

2242 4752 2406 4821 Cujus
2432 4752 2706 4807 miseratio
2747 4751 2975 4820 gratuita
3020 4750 3265 4820 purificat
3306 4765 3439 4820 quos
3482 4748 3865 4805 conscientia

2244 4854 2425 4899 reatus
2453 4849 2689 4900 accusat.
2721 4843 2797 4898 Te
2829 4841 2988 4913 igitur
3016 4856 3137 4897 eum
3177 4842 3388 4896 interno
3415 4842 3589 4911 rugitu
3632 4840 3868 4909 depro-

2246 4951 2449 5002 camur,
2480 4944 2575 5003 ut,
2602 4936 2832 4993 carnalis
2872 4935 3143 4992 alimoniae
3170 4935 3529 4991 refrenatione
3554 4934 3864 5004 castigati,

2249 5073 2409 5142 Iulum
2432 5072 2586 5141 hujus
2614 5072 2737 5137 diei,
2771 5082 2918 5142 alque
2938 5071 3051 5125 ideo
3073 5087 3281 5139 sequens
3308 5070 3537 5141 ofﬁcium
3577 5085 3698 5142 uon_
3725 5088 3867 5131 esse

2248 5139 2650 5215 Ciregorianum,
2672 5154 2805 5215 patet
2918 5143 3110 5198 Ordine
3130 5139 3393 5215 Romano,
3410 5159 3534 5215 pag.
3563 5139 3651 5215 ait.
3678 5140 3865 5199 Red-

2250 5214 2327 5267 dit
2350 5208 2524 5267 autem
2555 5208 2816 5268 rationem
2848 5212 3002 5283 hujus
3028 5214 3159 5267 tituli
3191 5208 3633 5283 Alcuitt'tis,_tjuud
3660 5215 3786 5283 etsi
3824 5231 3864 5283 ξ

2250 5286 2500 5353 pontifice
2525 5286 2668 5339 omni
2697 5280 2932 5349 tempore
2961 5285 3299 5353 eleemosyna
3334 5282 3510 5353 detur,
3530 5280 3869 5353 ,special'uils

2253 5366 2426 5408 tamen
2459 5355 2510 5407 id
2565 5356 2721 5409 hodie
2761 5355 2935 5418 faciat,
2963 5354 3084 5425 quia
3130 5355 3473 5425 Evangelium
3528 5368 3868 5425 pauperum

2252 5427 2575 5480 mentionem
2607 5425 2747 5489 facit,
2779 5426 2926 5493 cujus
2956 5424 3170 5480 historia
3203 5427 3302 5479 hoc
3330 5424 3414 5478 die
3442 5430 3562 5477 ante
3585 5439 3675 5477 sex
3710 5424 3869 5481 dies

2246 5494 2462 5566 Pascha:
2511 5497 2748 5566 contigit.
2801 5496 2852 5566 lu
2898 5496 3028 5549 Cod.
3067 5497 3196 5566 Reg.
3224 5498 3381 5566 Suec.
3418 5496 3604 5563 legitur
3637 5494 3877 5566 :_S_ab-

2244 5565 2438 5645 butum,
2553 5562 2788 5645 sanctum
2820 5562 3263 5645 Petrnmuua'rido
3301 5562 3615 5645 efeemosyua
3641 5562 3865 5626 dntur.

2244 5638 2521 5692 Consentit
2551 5638 2671 5691 huic
2700 5639 2822 5690 lect.
2856 5637 3120 5691 secundm
3167 5638 3404 5699 Theod.;
3453 5637 3598 5699 prior
3638 5650 3868 5695 autem

2242 5711 2426 5762 eadem
2456 5710 2614 5763 habet
2642 5724 2704 5762 ac
2733 5708 2936 5764 Pamel.
2971 5710 3066 5765 Ed.
3100 5709 3153 5763 In
3185 5709 3406 5762 Kalend.
3452 5708 3607 5760 itum.
3640 5721 3804 5765 vero
3847 5728 3868 5765 :

2245 5779 2469 5835 Sabbato
2495 5782 2646 5833 datur
2668 5780 2969 5852 fermentum
2991 5781 3042 5834 in
3064 5779 3361 5837 consistorio
3389 5775 3773 5835 Lalcrmteusi.

2808 5998 2874 6013 3"“
2886 5996 2981 6012 ⁹““’·.η-ι
2994 6004 3029 6013 ο».
