  <div class='ocr_page' id='page_1' title='image "/cluster/home/n/w/nwhite01/storage/ocr_20150623/78/hvd.32044015469406/046.png"; bbox 0 0 4064 6350; ppageno 0'>
   <div class='ocr_carea' id='block_1_1' title="bbox 268 367 3523 443">
    <p class='ocr_par' dir='ltr' id='par_1_1' title="bbox 268 367 3523 443">
     <span class='ocr_line' id='line_1_1' title="bbox 268 367 3523 443; baseline -0.007 0"><span class='ocrx_word' id='word_1_1' title='bbox 268 385 334 443; x_wconf 86' lang='grc' dir='ltr'><strong>’Π</strong></span> <span class='ocrx_word' id='word_1_2' title='bbox 1460 380 1659 439; x_wconf 82' lang='lat' dir='ltr'><strong>LIBER</strong></span> <span class='ocrx_word' id='word_1_3' title='bbox 1699 376 2326 437; x_wconf 77' lang='lat' dir='ltr'><strong>SACRAMENTORUM.</strong></span> <span class='ocrx_word' id='word_1_4' title='bbox 3454 367 3523 421; x_wconf 84' lang='lat'><strong>78</strong></span> 
     </span>
    </p>
   </div>
   <div class='ocr_carea' id='block_1_2' title="bbox 272 483 3524 574">
    <p class='ocr_par' dir='ltr' id='par_1_2' title="bbox 272 483 3524 574">
     <span class='ocr_line' id='line_1_2' title="bbox 272 483 3524 574; baseline -0.006 -16"><span class='ocrx_word' id='word_1_5' title='bbox 272 503 338 558; x_wconf 87' lang='lat' dir='ltr'><strong>ad</strong></span> <span class='ocrx_word' id='word_1_6' title='bbox 389 502 774 560; x_wconf 79' lang='lat' dir='ltr'><strong>celebrandum</strong></span> <span class='ocrx_word' id='word_1_7' title='bbox 803 498 1082 574; x_wconf 85' lang='lat' dir='ltr'><strong>&#39;pascbale</strong></span> <span class='ocrx_word' id='word_1_8' title='bbox 1140 494 1454 569; x_wconf 72' lang='lat' dir='ltr'><strong>mysterium</strong></span> <span class='ocrx_word' id='word_1_9' title='bbox 1509 496 1846 552; x_wconf 81' lang='lat' dir='ltr'><strong>inveniamur</strong></span> <span class='ocrx_word' id='word_1_10' title='bbox 1872 500 1921 556; x_wconf 79' lang='grc' dir='ltr'>Α</span> <span class='ocrx_word' id='word_1_11' title='bbox 2019 495 2155 547; x_wconf 77' lang='lat' dir='ltr'><strong>Alia.</strong></span> <span class='ocrx_word' id='word_1_12' title='bbox 2189 524 2258 532; x_wconf 91' lang='lat'><strong>—</strong></span> <span class='ocrx_word' id='word_1_13' title='bbox 2293 492 2653 547; x_wconf 80' lang='lat' dir='ltr'><strong>Reminiscere</strong></span> <span class='ocrx_word' id='word_1_14' title='bbox 2697 489 3098 545; x_wconf 88' lang='lat' dir='ltr'><strong>miserationum</strong></span> <span class='ocrx_word' id='word_1_15' title='bbox 3143 494 3381 549; x_wconf 89' lang='lat' dir='ltr'><strong>tuarum,</strong></span> <span class='ocrx_word' id='word_1_16' title='bbox 3414 483 3524 539; x_wconf 84' lang='lat' dir='ltr'><strong>Do-</strong></span> 
     </span>
    </p>
   </div>
   <div class='ocr_carea' id='block_1_3' title="bbox 270 593 922 660">
    <p class='ocr_par' dir='ltr' id='par_1_3' title="bbox 270 593 922 660">
     <span class='ocr_line' id='line_1_3' title="bbox 270 593 922 660; baseline 0 -11"><span class='ocrx_word' id='word_1_17' title='bbox 270 593 464 651; x_wconf 89' lang='lat' dir='ltr'><strong>idonei.</strong></span> <span class='ocrx_word' id='word_1_18' title='bbox 498 595 603 660; x_wconf 76' lang='lat' dir='ltr'><strong>Per</strong></span> <span class='ocrx_word' id='word_1_19' title='bbox 630 596 922 652; x_wconf 88' lang='lat' dir='ltr'><strong>Christum.</strong></span> 
     </span>
    </p>
   </div>
   <div class='ocr_carea' id='block_1_4' title="bbox 336 677 1846 759">
    <p class='ocr_par' dir='ltr' id='par_1_4' title="bbox 336 677 1846 759">
     <span class='ocr_line' id='line_1_4' title="bbox 336 677 1846 759; baseline -0.006 -18"><span class='ocrx_word' id='word_1_20' title='bbox 336 687 418 741; x_wconf 83' lang='lat' dir='ltr'><strong>Ad</strong></span> <span class='ocrx_word' id='word_1_21' title='bbox 465 684 858 759; x_wconf 82' lang='lat' dir='ltr'><strong>Complendum.</strong></span> <span class='ocrx_word' id='word_1_22' title='bbox 901 714 970 726; x_wconf 89' lang='lat'><strong><em>—</em></strong></span> <span class='ocrx_word' id='word_1_23' title='bbox 998 683 1232 751; x_wconf 85' lang='lat' dir='ltr'><strong>Adesto,</strong></span> <span class='ocrx_word' id='word_1_24' title='bbox 1292 680 1549 748; x_wconf 87' lang='lat' dir='ltr'><strong>Domine,</strong></span> <span class='ocrx_word' id='word_1_25' title='bbox 1597 677 1846 733; x_wconf 90' lang='lat' dir='ltr'><strong>ﬁdelibus</strong></span> 
     </span>
    </p>
   </div>
   <div class='ocr_carea' id='block_1_5' title="bbox 268 773 1850 849">
    <p class='ocr_par' dir='ltr' id='par_1_5' title="bbox 268 773 1850 849">
     <span class='ocr_line' id='line_1_5' title="bbox 268 773 1850 849; baseline -0.004 -16"><span class='ocrx_word' id='word_1_26' title='bbox 268 778 399 843; x_wconf 90' lang='lat' dir='ltr'><strong>tuis,</strong></span> <span class='ocrx_word' id='word_1_27' title='bbox 433 790 490 834; x_wconf 87' lang='lat' dir='ltr'><strong>et</strong></span> <span class='ocrx_word' id='word_1_28' title='bbox 516 793 652 849; x_wconf 91' lang='lat' dir='ltr'><strong>quos</strong></span> <span class='ocrx_word' id='word_1_29' title='bbox 678 777 989 834; x_wconf 70' lang='lat' dir='ltr'><strong>coelestibus</strong></span> <span class='ocrx_word' id='word_1_30' title='bbox 1019 776 1191 831; x_wconf 88' lang='lat' dir='ltr'><strong>reﬁcis</strong></span> <span class='ocrx_word' id='word_1_31' title='bbox 1221 773 1588 838; x_wconf 76' lang='lat' dir='ltr'><strong>sacramentis,</strong></span> <span class='ocrx_word' id='word_1_32' title='bbox 1622 785 1649 823; x_wconf 89' lang='lat' dir='ltr'><strong>a</strong></span> <span class='ocrx_word' id='word_1_33' title='bbox 1683 778 1850 827; x_wconf 85' lang='lat' dir='ltr'><strong>terre-</strong></span> 
     </span>
    </p>
   </div>
   <div class='ocr_carea' id='block_1_6' title="bbox 266 872 1665 943">
    <p class='ocr_par' dir='ltr' id='par_1_6' title="bbox 266 872 1665 943">
     <span class='ocr_line' id='line_1_6' title="bbox 266 872 1665 943; baseline -0.006 -14"><span class='ocrx_word' id='word_1_34' title='bbox 266 872 352 929; x_wconf 89' lang='lat' dir='ltr'><strong>nis</strong></span> <span class='ocrx_word' id='word_1_35' title='bbox 382 888 643 929; x_wconf 85' lang='lat' dir='ltr'><strong>conserva</strong></span> <span class='ocrx_word' id='word_1_36' title='bbox 673 873 944 943; x_wconf 87' lang='lat' dir='ltr'><strong>periculis.</strong></span> <span class='ocrx_word' id='word_1_37' title='bbox 976 872 1077 926; x_wconf 71' lang='lat' dir='ltr'><strong>Per</strong></span> <span class='ocrx_word' id='word_1_38' title='bbox 1102 872 1377 925; x_wconf 88' lang='lat' dir='ltr'><strong>Dominum</strong></span> <span class='ocrx_word' id='word_1_39' title='bbox 1406 877 1665 923; x_wconf 88' lang='lat' dir='ltr'><strong>nostrum.</strong></span> 
     </span>
    </p>
   </div>
   <div class='ocr_carea' id='block_1_7' title="bbox 341 967 1848 1041">
    <p class='ocr_par' dir='ltr' id='par_1_7' title="bbox 341 967 1848 1041">
     <span class='ocr_line' id='line_1_7' title="bbox 341 967 1848 1041; baseline -0.005 -17"><span class='ocrx_word' id='word_1_40' title='bbox 341 968 515 1038; x_wconf 87' lang='lat' dir='ltr'><strong>Super</strong></span> <span class='ocrx_word' id='word_1_41' title='bbox 544 969 809 1041; x_wconf 75' lang='lat' dir='ltr'><strong>populum.</strong></span> <span class='ocrx_word' id='word_1_42' title='bbox 830 998 905 1011; x_wconf 93' lang='lat'><strong>—</strong></span> <span class='ocrx_word' id='word_1_43' title='bbox 927 967 1083 1024; x_wconf 89' lang='lat' dir='ltr'><strong>Plebs</strong></span> <span class='ocrx_word' id='word_1_44' title='bbox 1111 979 1217 1039; x_wconf 90' lang='lat' dir='ltr'><strong>tua,</strong></span> <span class='ocrx_word' id='word_1_45' title='bbox 1251 967 1493 1032; x_wconf 90' lang='lat' dir='ltr'><strong>Domine,</strong></span> <span class='ocrx_word' id='word_1_46' title='bbox 1521 977 1848 1035; x_wconf 64' lang='lat' dir='ltr'><strong>quaesumus,</strong></span> 
     </span>
    </p>
   </div>
   <div class='ocr_carea' id='block_1_8' title="bbox 268 1056 1851 1129">
    <p class='ocr_par' dir='ltr' id='par_1_8' title="bbox 268 1056 1851 1129">
     <span class='ocr_line' id='line_1_8' title="bbox 268 1056 1851 1129; baseline -0.004 -14"><span class='ocrx_word' id='word_1_47' title='bbox 268 1059 663 1117; x_wconf 78' lang='lat' dir='ltr'><strong>benedictionis</strong></span> <span class='ocrx_word' id='word_1_48' title='bbox 705 1072 905 1117; x_wconf 65' lang='lat' dir='ltr'><strong>sanctae</strong></span> <span class='ocrx_word' id='word_1_49' title='bbox 953 1076 1145 1115; x_wconf 91' lang='lat' dir='ltr'><strong>munus</strong></span> <span class='ocrx_word' id='word_1_50' title='bbox 1191 1060 1444 1129; x_wconf 89' lang='lat' dir='ltr'><strong>accipiat,</strong></span> <span class='ocrx_word' id='word_1_51' title='bbox 1480 1074 1573 1128; x_wconf 91' lang='lat' dir='ltr'><strong>per</strong></span> <span class='ocrx_word' id='word_1_52' title='bbox 1610 1056 1752 1127; x_wconf 88' lang='lat' dir='ltr'><strong>quod</strong></span> <span class='ocrx_word' id='word_1_53' title='bbox 1796 1062 1851 1109; x_wconf 85' lang='lat' dir='ltr'><strong>et</strong></span> 
     </span>
    </p>
   </div>
   <div class='ocr_carea' id='block_1_9' title="bbox 270 1148 1851 1225">
    <p class='ocr_par' dir='ltr' id='par_1_9' title="bbox 270 1148 1851 1225">
     <span class='ocr_line' id='line_1_9' title="bbox 270 1148 1851 1225; baseline -0.003 -16"><span class='ocrx_word' id='word_1_54' title='bbox 270 1155 428 1209; x_wconf 82' lang='lat' dir='ltr'><strong>noxia</strong></span> <span class='ocrx_word' id='word_1_55' title='bbox 458 1169 685 1225; x_wconf 76' lang='lat' dir='ltr'><strong>quaeque</strong></span> <span class='ocrx_word' id='word_1_56' title='bbox 712 1154 972 1225; x_wconf 87' lang='lat' dir='ltr'><strong>declinet,</strong></span> <span class='ocrx_word' id='word_1_57' title='bbox 997 1163 1055 1211; x_wconf 93' lang='lat' dir='ltr'><strong>et</strong></span> <span class='ocrx_word' id='word_1_58' title='bbox 1081 1162 1264 1225; x_wconf 88' lang='lat' dir='ltr'><strong>optata</strong></span> <span class='ocrx_word' id='word_1_59' title='bbox 1294 1153 1543 1223; x_wconf 85' lang='lat' dir='ltr'><strong>reperiat.</strong></span> <span class='ocrx_word' id='word_1_60' title='bbox 1593 1149 1696 1207; x_wconf 92' lang='lat' dir='ltr'><strong>Per</strong></span> <span class='ocrx_word' id='word_1_61' title='bbox 1742 1148 1851 1205; x_wconf 87' lang='lat' dir='ltr'><strong>Do-</strong></span> 
     </span>
    </p>
   </div>
   <div class='ocr_carea' id='block_1_10' title="bbox 270 1247 499 1302">
    <p class='ocr_par' dir='ltr' id='par_1_10' title="bbox 270 1247 499 1302">
     <span class='ocr_line' id='line_1_10' title="bbox 270 1247 499 1302; baseline 0 0"><span class='ocrx_word' id='word_1_62' title='bbox 270 1247 499 1302; x_wconf 89' lang='lat' dir='ltr'><strong>minum.</strong></span> 
     </span>
    </p>
   </div>
   <div class='ocr_carea' id='block_1_11' title="bbox 588 1339 1556 1413">
    <p class='ocr_par' dir='ltr' id='par_1_11' title="bbox 588 1339 1556 1413">
     <span class='ocr_line' id='line_1_11' title="bbox 588 1339 1556 1413; baseline -0.002 -17"><span class='ocrx_word' id='word_1_63' title='bbox 588 1339 739 1413; x_wconf 70' lang='lat'><strong>(235)</strong></span> <span class='ocrx_word' id='word_1_64' title='bbox 771 1355 896 1397; x_wconf 77' lang='lat' dir='ltr'><strong>non.</strong></span> <span class='ocrx_word' id='word_1_65' title='bbox 925 1355 977 1395; x_wconf 75' lang='lat' dir='ltr'><strong>IN</strong></span> <span class='ocrx_word' id='word_1_66' title='bbox 1018 1354 1172 1395; x_wconf 75' lang='lat' dir='ltr'><strong>RAIIS</strong></span> <span class='ocrx_word' id='word_1_67' title='bbox 1200 1353 1485 1397; x_wconf 70' lang='lat' dir='ltr'><strong>PALIIABUII</strong></span> <span class='ocrx_word' id='word_1_68' title='bbox 1510 1347 1556 1394; x_wconf 73' lang='grc' dir='ltr'><strong>ο.</strong></span> 
     </span>
    </p>
   </div>
   <div class='ocr_carea' id='block_1_12' title="bbox 342 1428 1851 1502">
    <p class='ocr_par' dir='ltr' id='par_1_12' title="bbox 342 1428 1851 1502">
     <span class='ocr_line' id='line_1_12' title="bbox 342 1428 1851 1502; baseline -0.002 -16"><span class='ocrx_word' id='word_1_69' title='bbox 342 1430 696 1500; x_wconf 80' lang='lat' dir='ltr'><strong>Omnipotens</strong></span> <span class='ocrx_word' id='word_1_70' title='bbox 723 1434 1051 1502; x_wconf 89' lang='lat' dir='ltr'><strong>sempiterne</strong></span> <span class='ocrx_word' id='word_1_71' title='bbox 1086 1433 1248 1500; x_wconf 87' lang='lat' dir='ltr'><strong>Deus,</strong></span> <span class='ocrx_word' id='word_1_72' title='bbox 1279 1434 1367 1502; x_wconf 94' lang='lat' dir='ltr'><strong>qui</strong></span> <span class='ocrx_word' id='word_1_73' title='bbox 1407 1433 1639 1487; x_wconf 91' lang='lat' dir='ltr'><strong>humano</strong></span> <span class='ocrx_word' id='word_1_74' title='bbox 1667 1428 1851 1501; x_wconf 88' lang='lat' dir='ltr'><strong>generi</strong></span> 
     </span>
    </p>
   </div>
   <div class='ocr_carea' id='block_1_13' title="bbox 271 1521 1853 1594">
    <p class='ocr_par' dir='ltr' id='par_1_13' title="bbox 271 1521 1853 1594">
     <span class='ocr_line' id='line_1_13' title="bbox 271 1521 1853 1594; baseline 0.001 -18"><span class='ocrx_word' id='word_1_75' title='bbox 271 1521 338 1577; x_wconf 89' lang='lat' dir='ltr'><strong>ad</strong></span> <span class='ocrx_word' id='word_1_76' title='bbox 369 1522 684 1578; x_wconf 89' lang='lat' dir='ltr'><strong>imitandum</strong></span> <span class='ocrx_word' id='word_1_77' title='bbox 714 1523 1027 1580; x_wconf 82' lang='lat' dir='ltr'><strong>humilitatis</strong></span> <span class='ocrx_word' id='word_1_78' title='bbox 1055 1526 1360 1594; x_wconf 82' lang='lat' dir='ltr'><strong>exemplum</strong></span> <span class='ocrx_word' id='word_1_79' title='bbox 1394 1524 1725 1581; x_wconf 81' lang='lat' dir='ltr'><strong>Salvatorem</strong></span> <span class='ocrx_word' id='word_1_80' title='bbox 1757 1538 1853 1577; x_wconf 86' lang='lat' dir='ltr'><strong>no-</strong></span> 
     </span>
    </p>
   </div>
   <div class='ocr_carea' id='block_1_14' title="bbox 272 1617 1851 1683">
    <p class='ocr_par' dir='ltr' id='par_1_14' title="bbox 272 1617 1851 1683">
     <span class='ocr_line' id='line_1_14' title="bbox 272 1617 1851 1683; baseline 0.001 -15"><span class='ocrx_word' id='word_1_81' title='bbox 272 1625 441 1671; x_wconf 89' lang='lat' dir='ltr'><strong>strum</strong></span> <span class='ocrx_word' id='word_1_82' title='bbox 471 1632 688 1673; x_wconf 89' lang='lat' dir='ltr'><strong>carnem</strong></span> <span class='ocrx_word' id='word_1_83' title='bbox 720 1632 936 1675; x_wconf 83' lang='lat' dir='ltr'><strong>sumere</strong></span> <span class='ocrx_word' id='word_1_84' title='bbox 962 1627 1015 1673; x_wconf 90' lang='lat' dir='ltr'><strong>et</strong></span> <span class='ocrx_word' id='word_1_85' title='bbox 1043 1632 1259 1673; x_wconf 88' lang='lat' dir='ltr'><strong>crucem</strong></span> <span class='ocrx_word' id='word_1_86' title='bbox 1285 1617 1465 1674; x_wconf 89' lang='lat' dir='ltr'><strong>subire</strong></span> <span class='ocrx_word' id='word_1_87' title='bbox 1492 1618 1693 1683; x_wconf 82' lang='lat' dir='ltr'><strong>fecisti,</strong></span> <span class='ocrx_word' id='word_1_88' title='bbox 1721 1632 1851 1672; x_wconf 90' lang='lat' dir='ltr'><strong>con-</strong></span> 
     </span>
    </p>
   </div>
   <div class='ocr_carea' id='block_1_15' title="bbox 276 1708 1853 1782">
    <p class='ocr_par' dir='ltr' id='par_1_15' title="bbox 276 1708 1853 1782">
     <span class='ocr_line' id='line_1_15' title="bbox 276 1708 1853 1782; baseline 0.002 -19"><span class='ocrx_word' id='word_1_89' title='bbox 276 1708 409 1764; x_wconf 85' lang='lat' dir='ltr'><strong>cede</strong></span> <span class='ocrx_word' id='word_1_90' title='bbox 446 1710 705 1779; x_wconf 89' lang='lat' dir='ltr'><strong>propitius</strong></span> <span class='ocrx_word' id='word_1_91' title='bbox 745 1718 805 1765; x_wconf 93' lang='lat' dir='ltr'><strong>ut</strong></span> <span class='ocrx_word' id='word_1_92' title='bbox 850 1719 904 1765; x_wconf 88' lang='lat' dir='ltr'><strong>et</strong></span> <span class='ocrx_word' id='word_1_93' title='bbox 946 1712 1217 1779; x_wconf 74' lang='lat' dir='ltr'><strong>patientiae</strong></span> <span class='ocrx_word' id='word_1_94' title='bbox 1259 1713 1423 1782; x_wconf 89' lang='lat' dir='ltr'><strong>ipsius</strong></span> <span class='ocrx_word' id='word_1_95' title='bbox 1455 1712 1654 1767; x_wconf 90' lang='lat' dir='ltr'><strong>habere</strong></span> <span class='ocrx_word' id='word_1_96' title='bbox 1689 1713 1853 1766; x_wconf 78' lang='lat' dir='ltr'><strong>doru—</strong></span> 
     </span>
    </p>
   </div>
   <div class='ocr_carea' id='block_1_16' title="bbox 279 1800 1850 1872">
    <p class='ocr_par' dir='ltr' id='par_1_16' title="bbox 279 1800 1850 1872">
     <span class='ocr_line' id='line_1_16' title="bbox 279 1800 1850 1872; baseline 0.002 -18"><span class='ocrx_word' id='word_1_97' title='bbox 279 1810 488 1864; x_wconf 85' lang='lat' dir='ltr'><strong>menta,</strong></span> <span class='ocrx_word' id='word_1_98' title='bbox 528 1814 584 1857; x_wconf 90' lang='lat' dir='ltr'><strong>et</strong></span> <span class='ocrx_word' id='word_1_99' title='bbox 629 1800 1062 1860; x_wconf 80' lang='lat' dir='ltr'><strong>Resurrectioais</strong></span> <span class='ocrx_word' id='word_1_100' title='bbox 1104 1804 1373 1861; x_wconf 89' lang='lat' dir='ltr'><strong>consortia</strong></span> <span class='ocrx_word' id='word_1_101' title='bbox 1401 1820 1718 1861; x_wconf 86' lang='lat' dir='ltr'><strong>mereamur.</strong></span> <span class='ocrx_word' id='word_1_102' title='bbox 1751 1803 1850 1872; x_wconf 86' lang='lat' dir='ltr'><strong>Qui</strong></span> 
     </span>
    </p>
   </div>
   <div class='ocr_carea' id='block_1_17' title="bbox 274 1893 628 1949">
    <p class='ocr_par' dir='ltr' id='par_1_17' title="bbox 274 1893 628 1949">
     <span class='ocr_line' id='line_1_17' title="bbox 274 1893 628 1949; baseline 0 -3"><span class='ocrx_word' id='word_1_103' title='bbox 274 1899 451 1947; x_wconf 87' lang='lat' dir='ltr'><strong>tecum</strong></span> <span class='ocrx_word' id='word_1_104' title='bbox 481 1893 628 1949; x_wconf 84' lang='lat' dir='ltr'><strong>vivit.</strong></span> 
     </span>
    </p>
   </div>
   <div class='ocr_carea' id='block_1_18' title="bbox 347 1983 1856 2059">
    <p class='ocr_par' dir='ltr' id='par_1_18' title="bbox 347 1983 1856 2059">
     <span class='ocr_line' id='line_1_18' title="bbox 347 1983 1856 2059; baseline 0.003 -19"><span class='ocrx_word' id='word_1_105' title='bbox 347 1983 520 2055; x_wconf 80' lang='lat' dir='ltr'><strong>Super</strong></span> <span class='ocrx_word' id='word_1_106' title='bbox 541 1986 729 2041; x_wconf 86' lang='lat' dir='ltr'><strong>oblata.</strong></span> <span class='ocrx_word' id='word_1_107' title='bbox 750 2016 823 2030; x_wconf 91' lang='lat'><strong>-—-</strong></span> <span class='ocrx_word' id='word_1_108' title='bbox 840 1985 1110 2057; x_wconf 89' lang='lat' dir='ltr'><strong>Concede,</strong></span> <span class='ocrx_word' id='word_1_109' title='bbox 1151 2003 1478 2059; x_wconf 83' lang='lat' dir='ltr'><strong>quaesumus,</strong></span> <span class='ocrx_word' id='word_1_110' title='bbox 1507 1988 1751 2055; x_wconf 89' lang='lat' dir='ltr'><strong>Domine,</strong></span> <span class='ocrx_word' id='word_1_111' title='bbox 1798 1996 1856 2044; x_wconf 85' lang='lat' dir='ltr'><strong>ut</strong></span> 
     </span>
    </p>
   </div>
   <div class='ocr_carea' id='block_1_19' title="bbox 272 2078 1854 2151">
    <p class='ocr_par' dir='ltr' id='par_1_19' title="bbox 272 2078 1854 2151">
     <span class='ocr_line' id='line_1_19' title="bbox 272 2078 1854 2151; baseline 0.004 -21"><span class='ocrx_word' id='word_1_112' title='bbox 272 2078 448 2132; x_wconf 88' lang='lat' dir='ltr'><strong>oculis</strong></span> <span class='ocrx_word' id='word_1_113' title='bbox 480 2090 583 2133; x_wconf 64' lang='lat' dir='ltr'><strong>tua:</strong></span> <span class='ocrx_word' id='word_1_114' title='bbox 603 2079 897 2151; x_wconf 79' lang='lat' dir='ltr'><strong>Majestatis</strong></span> <span class='ocrx_word' id='word_1_115' title='bbox 919 2097 1112 2137; x_wconf 89' lang='lat' dir='ltr'><strong>munus</strong></span> <span class='ocrx_word' id='word_1_116' title='bbox 1132 2082 1390 2148; x_wconf 88' lang='lat' dir='ltr'><strong>oblatum,</strong></span> <span class='ocrx_word' id='word_1_117' title='bbox 1415 2091 1471 2136; x_wconf 87' lang='lat' dir='ltr'><strong>et</strong></span> <span class='ocrx_word' id='word_1_118' title='bbox 1499 2081 1723 2150; x_wconf 78' lang='lat' dir='ltr'><strong>gratiam</strong></span> <span class='ocrx_word' id='word_1_119' title='bbox 1753 2096 1854 2136; x_wconf 87' lang='lat' dir='ltr'><strong>no-</strong></span> 
     </span>
    </p>
   </div>
   <div class='ocr_carea' id='block_1_20' title="bbox 270 2169 1856 2245">
    <p class='ocr_par' dir='ltr' id='par_1_20' title="bbox 270 2169 1856 2245">
     <span class='ocr_line' id='line_1_20' title="bbox 270 2169 1856 2245; baseline 0.005 -21"><span class='ocrx_word' id='word_1_120' title='bbox 270 2172 357 2224; x_wconf 89' lang='lat' dir='ltr'><strong>bis</strong></span> <span class='ocrx_word' id='word_1_121' title='bbox 379 2169 680 2228; x_wconf 80' lang='lat' dir='ltr'><strong>devotionis</strong></span> <span class='ocrx_word' id='word_1_122' title='bbox 700 2173 956 2243; x_wconf 84' lang='lat' dir='ltr'><strong>obtineat,</strong></span> <span class='ocrx_word' id='word_1_123' title='bbox 980 2184 1035 2231; x_wconf 87' lang='lat' dir='ltr'><strong>et</strong></span> <span class='ocrx_word' id='word_1_124' title='bbox 1052 2174 1297 2231; x_wconf 83' lang='lat' dir='ltr'><strong>eﬂ‘ectum</strong></span> <span class='ocrx_word' id='word_1_125' title='bbox 1318 2175 1487 2231; x_wconf 72' lang='lat' dir='ltr'><strong>beata:</strong></span> <span class='ocrx_word' id='word_1_126' title='bbox 1511 2174 1856 2245; x_wconf 82' lang='lat' dir='ltr'><strong>perennitatis</strong></span> 
     </span>
    </p>
   </div>
   <div class='ocr_carea' id='block_1_21' title="bbox 270 2267 691 2335">
    <p class='ocr_par' dir='ltr' id='par_1_21' title="bbox 270 2267 691 2335">
     <span class='ocr_line' id='line_1_21' title="bbox 270 2267 691 2335; baseline 0.012 -17"><span class='ocrx_word' id='word_1_127' title='bbox 270 2267 544 2335; x_wconf 80' lang='lat' dir='ltr'><strong>acquirat.</strong></span> <span class='ocrx_word' id='word_1_128' title='bbox 575 2268 691 2323; x_wconf 83' lang='lat' dir='ltr'><strong>Per.</strong></span> 
     </span>
    </p>
   </div>
   <div class='ocr_carea' id='block_1_22' title="bbox 347 2356 1853 2433">
    <p class='ocr_par' dir='ltr' id='par_1_22' title="bbox 347 2356 1853 2433">
     <span class='ocr_line' id='line_1_22' title="bbox 347 2356 1853 2433; baseline 0.003 -21"><span class='ocrx_word' id='word_1_129' title='bbox 347 2356 378 2395; x_wconf 66' lang='grc' dir='ltr'>δ</span> <span class='ocrx_word' id='word_1_130' title='bbox 409 2357 681 2432; x_wconf 73' lang='lat' dir='ltr'><strong>Pra’fatt&#39;o.</strong></span> <span class='ocrx_word' id='word_1_131' title='bbox 707 2391 775 2403; x_wconf 95' lang='lat'><strong><em>—</em></strong></span> <span class='ocrx_word' id='word_1_132' title='bbox 797 2361 941 2420; x_wconf 82' lang='lat' dir='ltr'><strong>Vere</strong></span> <span class='ocrx_word' id='word_1_133' title='bbox 967 2362 1181 2433; x_wconf 84' lang='lat' dir='ltr'><strong>dignum</strong></span> <span class='ocrx_word' id='word_1_134' title='bbox 1210 2370 1261 2419; x_wconf 90' lang='lat' dir='ltr'><strong>et</strong></span> <span class='ocrx_word' id='word_1_135' title='bbox 1287 2363 1488 2433; x_wconf 89' lang='lat' dir='ltr'><strong>justum</strong></span> <span class='ocrx_word' id='word_1_136' title='bbox 1516 2371 1617 2429; x_wconf 90' lang='lat' dir='ltr'><strong>est,</strong></span> <span class='ocrx_word' id='word_1_137' title='bbox 1641 2378 1853 2433; x_wconf 78' lang='lat' dir='ltr'><strong>aequum</strong></span> 
     </span>
    </p>
   </div>
   <div class='ocr_carea' id='block_1_23' title="bbox 270 2452 1854 2528">
    <p class='ocr_par' dir='ltr' id='par_1_23' title="bbox 270 2452 1854 2528">
     <span class='ocr_line' id='line_1_23' title="bbox 270 2452 1854 2528; baseline 0.003 -21"><span class='ocrx_word' id='word_1_138' title='bbox 270 2458 332 2507; x_wconf 91' lang='lat' dir='ltr'><strong>et</strong></span> <span class='ocrx_word' id='word_1_139' title='bbox 362 2452 621 2520; x_wconf 82' lang='lat' dir='ltr'><strong>salutare,</strong></span> <span class='ocrx_word' id='word_1_140' title='bbox 646 2470 743 2511; x_wconf 90' lang='lat' dir='ltr'><strong>nos</strong></span> <span class='ocrx_word' id='word_1_141' title='bbox 769 2455 864 2511; x_wconf 88' lang='lat' dir='ltr'><strong>tibi</strong></span> <span class='ocrx_word' id='word_1_142' title='bbox 890 2471 1104 2527; x_wconf 84' lang='lat' dir='ltr'><strong>semper</strong></span> <span class='ocrx_word' id='word_1_143' title='bbox 1130 2465 1185 2513; x_wconf 89' lang='lat' dir='ltr'><strong>et</strong></span> <span class='ocrx_word' id='word_1_144' title='bbox 1210 2457 1408 2527; x_wconf 88' lang='lat' dir='ltr'><strong>ubique</strong></span> <span class='ocrx_word' id='word_1_145' title='bbox 1434 2458 1631 2527; x_wconf 79' lang='lat' dir='ltr'><strong>gratias</strong></span> <span class='ocrx_word' id='word_1_146' title='bbox 1672 2472 1854 2528; x_wconf 85' lang='lat' dir='ltr'><strong>agere,</strong></span> 
     </span>
    </p>
   </div>
   <div class='ocr_carea' id='block_1_24' title="bbox 271 2543 1858 2620">
    <p class='ocr_par' dir='ltr' id='par_1_24' title="bbox 271 2543 1858 2620">
     <span class='ocr_line' id='line_1_24' title="bbox 271 2543 1858 2620; baseline 0.002 -19"><span class='ocrx_word' id='word_1_147' title='bbox 271 2543 504 2601; x_wconf 85' lang='lat' dir='ltr'><strong>Domine</strong></span> <span class='ocrx_word' id='word_1_148' title='bbox 527 2557 733 2615; x_wconf 83' lang='lat' dir='ltr'><strong>sancte,</strong></span> <span class='ocrx_word' id='word_1_149' title='bbox 766 2547 925 2605; x_wconf 85' lang='lat' dir='ltr'><strong>Pater</strong></span> <span class='ocrx_word' id='word_1_150' title='bbox 952 2550 1310 2620; x_wconf 86' lang='lat' dir='ltr'><strong>omnipotens,</strong></span> <span class='ocrx_word' id='word_1_151' title='bbox 1342 2560 1543 2606; x_wconf 80' lang='lat' dir='ltr'><strong>aeterne</strong></span> <span class='ocrx_word' id='word_1_152' title='bbox 1572 2549 1731 2613; x_wconf 84' lang='lat' dir='ltr'><strong>Deus,</strong></span> <span class='ocrx_word' id='word_1_153' title='bbox 1764 2564 1858 2619; x_wconf 87' lang='lat' dir='ltr'><strong>per</strong></span> 
     </span>
    </p>
   </div>
   <div class='ocr_carea' id='block_1_25' title="bbox 274 2640 1856 2715">
    <p class='ocr_par' dir='ltr' id='par_1_25' title="bbox 274 2640 1856 2715">
     <span class='ocr_line' id='line_1_25' title="bbox 274 2640 1856 2715; baseline 0.003 -19"><span class='ocrx_word' id='word_1_154' title='bbox 274 2640 551 2697; x_wconf 82' lang='lat' dir='ltr'><strong>Christum</strong></span> <span class='ocrx_word' id='word_1_155' title='bbox 596 2643 878 2700; x_wconf 87' lang='lat' dir='ltr'><strong>Dominum</strong></span> <span class='ocrx_word' id='word_1_156' title='bbox 912 2654 1167 2701; x_wconf 81' lang='lat' dir='ltr'><strong>nostrum</strong></span> <span class='ocrx_word' id='word_1_157' title='bbox 1192 2662 1209 2700; x_wconf 70' lang='grc' dir='ltr'>ς</span> <span class='ocrx_word' id='word_1_158' title='bbox 1239 2661 1332 2715; x_wconf 88' lang='lat' dir='ltr'><strong>per</strong></span> <span class='ocrx_word' id='word_1_159' title='bbox 1374 2662 1532 2715; x_wconf 82' lang='lat' dir='ltr'><strong>quem</strong></span> <span class='ocrx_word' id='word_1_160' title='bbox 1572 2646 1726 2701; x_wconf 85' lang='lat' dir='ltr'><strong>nobis</strong></span> <span class='ocrx_word' id='word_1_161' title='bbox 1770 2646 1856 2700; x_wconf 87' lang='lat' dir='ltr'><strong>in-</strong></span> 
     </span>
    </p>
   </div>
   <div class='ocr_carea' id='block_1_26' title="bbox 276 2730 1859 2807">
    <p class='ocr_par' dir='ltr' id='par_1_26' title="bbox 276 2730 1859 2807">
     <span class='ocr_line' id='line_1_26' title="bbox 276 2730 1859 2807; baseline 0.005 -22"><span class='ocrx_word' id='word_1_162' title='bbox 276 2730 549 2801; x_wconf 88' lang='lat' dir='ltr'><strong>dulgentia</strong></span> <span class='ocrx_word' id='word_1_163' title='bbox 581 2734 824 2805; x_wconf 74' lang='lat' dir='ltr'><strong>largitur,</strong></span> <span class='ocrx_word' id='word_1_164' title='bbox 860 2744 913 2791; x_wconf 93' lang='lat' dir='ltr'><strong>et</strong></span> <span class='ocrx_word' id='word_1_165' title='bbox 944 2752 1041 2806; x_wconf 84' lang='lat' dir='ltr'><strong>pax</strong></span> <span class='ocrx_word' id='word_1_166' title='bbox 1071 2753 1167 2807; x_wconf 90' lang='lat' dir='ltr'><strong>per</strong></span> <span class='ocrx_word' id='word_1_167' title='bbox 1187 2753 1348 2793; x_wconf 89' lang='lat' dir='ltr'><strong>omne</strong></span> <span class='ocrx_word' id='word_1_168' title='bbox 1375 2740 1631 2793; x_wconf 74' lang='lat' dir='ltr'><strong>sa-culum</strong></span> <span class='ocrx_word' id='word_1_169' title='bbox 1664 2738 1859 2807; x_wconf 67' lang='lat' dir='ltr'><strong>praedi-</strong></span> 
     </span>
    </p>
   </div>
   <div class='ocr_carea' id='block_1_27' title="bbox 274 2826 1861 2899">
    <p class='ocr_par' dir='ltr' id='par_1_27' title="bbox 274 2826 1861 2899">
     <span class='ocr_line' id='line_1_27' title="bbox 274 2826 1861 2899; baseline 0.002 -20"><span class='ocrx_word' id='word_1_170' title='bbox 274 2834 467 2889; x_wconf 83' lang='lat' dir='ltr'><strong>catur,</strong></span> <span class='ocrx_word' id='word_1_171' title='bbox 518 2826 745 2882; x_wconf 82' lang='lat' dir='ltr'><strong>traditur</strong></span> <span class='ocrx_word' id='word_1_172' title='bbox 789 2827 994 2883; x_wconf 88' lang='lat' dir='ltr'><strong>cunctis</strong></span> <span class='ocrx_word' id='word_1_173' title='bbox 1042 2828 1388 2885; x_wconf 83' lang='lat' dir='ltr'><strong>credentibus</strong></span> <span class='ocrx_word' id='word_1_174' title='bbox 1436 2828 1755 2899; x_wconf 82' lang='lat' dir='ltr'><strong>disciplina,</strong></span> <span class='ocrx_word' id='word_1_175' title='bbox 1804 2835 1861 2882; x_wconf 90' lang='lat' dir='ltr'><strong>ut</strong></span> 
     </span>
    </p>
   </div>
   <div class='ocr_carea' id='block_1_28' title="bbox 273 2917 1861 2991">
    <p class='ocr_par' dir='ltr' id='par_1_28' title="bbox 273 2917 1861 2991">
     <span class='ocr_line' id='line_1_28' title="bbox 273 2917 1861 2991; baseline 0.001 -19"><span class='ocrx_word' id='word_1_176' title='bbox 273 2917 644 2974; x_wconf 78' lang='lat' dir='ltr'><strong>sanctiﬁcatos</strong></span> <span class='ocrx_word' id='word_1_177' title='bbox 673 2933 772 2973; x_wconf 88' lang='lat' dir='ltr'><strong>nos</strong></span> <span class='ocrx_word' id='word_1_178' title='bbox 802 2920 971 2988; x_wconf 89' lang='lat' dir='ltr'><strong>possit</strong></span> <span class='ocrx_word' id='word_1_179' title='bbox 1017 2919 1134 2977; x_wconf 89' lang='lat' dir='ltr'><strong>dies</strong></span> <span class='ocrx_word' id='word_1_180' title='bbox 1175 2930 1433 2977; x_wconf 86' lang='lat' dir='ltr'><strong>venturus</strong></span> <span class='ocrx_word' id='word_1_181' title='bbox 1478 2920 1749 2991; x_wconf 79' lang='lat' dir='ltr'><strong>excipere.</strong></span> <span class='ocrx_word' id='word_1_182' title='bbox 1790 2918 1861 2975; x_wconf 83' lang='lat' dir='ltr'><strong>Et</strong></span> 
     </span>
    </p>
   </div>
   <div class='ocr_carea' id='block_1_29' title="bbox 274 3010 804 3080">
    <p class='ocr_par' dir='ltr' id='par_1_29' title="bbox 274 3010 804 3080">
     <span class='ocr_line' id='line_1_29' title="bbox 274 3010 804 3080; baseline 0.002 -16"><span class='ocrx_word' id='word_1_183' title='bbox 274 3010 401 3064; x_wconf 86' lang='lat' dir='ltr'><strong>ideo</strong></span> <span class='ocrx_word' id='word_1_184' title='bbox 430 3025 550 3065; x_wconf 89' lang='lat' dir='ltr'><strong>cum</strong></span> <span class='ocrx_word' id='word_1_185' title='bbox 580 3012 804 3080; x_wconf 85' lang='lat' dir='ltr'><strong>angelis.</strong></span> 
     </span>
    </p>
   </div>
   <div class='ocr_carea' id='block_1_30' title="bbox 349 3102 1859 3177">
    <p class='ocr_par' dir='ltr' id='par_1_30' title="bbox 349 3102 1859 3177">
     <span class='ocr_line' id='line_1_30' title="bbox 349 3102 1859 3177; baseline 0.005 -23"><span class='ocrx_word' id='word_1_186' title='bbox 349 3103 455 3173; x_wconf 72' lang='grc' dir='ltr'><strong>δι</strong></span> <span class='ocrx_word' id='word_1_187' title='bbox 510 3102 826 3159; x_wconf 77' lang='lat' dir='ltr'><strong>Benedictio.</strong></span> <span class='ocrx_word' id='word_1_188' title='bbox 870 3134 941 3146; x_wconf 89' lang='lat'><strong><em>—</em></strong></span> <span class='ocrx_word' id='word_1_189' title='bbox 980 3104 1267 3162; x_wconf 88' lang='lat' dir='ltr'><strong>Benedicat</strong></span> <span class='ocrx_word' id='word_1_190' title='bbox 1317 3106 1473 3164; x_wconf 82' lang='lat' dir='ltr'><strong>vobis</strong></span> <span class='ocrx_word' id='word_1_191' title='bbox 1520 3107 1859 3177; x_wconf 83' lang='lat' dir='ltr'><strong>omnipotens</strong></span> 
     </span>
    </p>
   </div>
   <div class='ocr_carea' id='block_1_31' title="bbox 278 3191 1855 3268">
    <p class='ocr_par' dir='ltr' id='par_1_31' title="bbox 278 3191 1855 3268">
     <span class='ocr_line' id='line_1_31' title="bbox 278 3191 1855 3268; baseline 0.003 -21"><span class='ocrx_word' id='word_1_192' title='bbox 278 3191 441 3259; x_wconf 87' lang='lat' dir='ltr'><strong>Deus,</strong></span> <span class='ocrx_word' id='word_1_193' title='bbox 479 3193 567 3249; x_wconf 86' lang='lat' dir='ltr'><strong>cui</strong></span> <span class='ocrx_word' id='word_1_194' title='bbox 591 3207 643 3248; x_wconf 83' lang='lat' dir='ltr'><strong>et</strong></span> <span class='ocrx_word' id='word_1_195' title='bbox 670 3195 991 3266; x_wconf 87' lang='lat' dir='ltr'><strong>jejuniorum</strong></span> <span class='ocrx_word' id='word_1_196' title='bbox 1032 3199 1411 3265; x_wconf 87' lang='lat' dir='ltr'><strong>maceratione,</strong></span> <span class='ocrx_word' id='word_1_197' title='bbox 1436 3208 1488 3253; x_wconf 88' lang='lat' dir='ltr'><strong>et</strong></span> <span class='ocrx_word' id='word_1_198' title='bbox 1518 3198 1855 3268; x_wconf 70' lang='lat' dir='ltr'><strong>praesentium</strong></span> 
     </span>
    </p>
   </div>
   <div class='ocr_carea' id='block_1_32' title="bbox 277 3283 1860 3357">
    <p class='ocr_par' dir='ltr' id='par_1_32' title="bbox 277 3283 1860 3357">
     <span class='ocr_line' id='line_1_32' title="bbox 277 3283 1860 3357; baseline 0.006 -21"><span class='ocrx_word' id='word_1_199' title='bbox 277 3283 489 3337; x_wconf 73' lang='lat' dir='ltr'><strong>dierum</strong></span> <span class='ocrx_word' id='word_1_200' title='bbox 519 3283 896 3342; x_wconf 70' lang='lat' dir='ltr'><strong>observatione</strong></span> <span class='ocrx_word' id='word_1_201' title='bbox 946 3288 1156 3357; x_wconf 84' lang='lat' dir='ltr'><strong>placere</strong></span> <span class='ocrx_word' id='word_1_202' title='bbox 1199 3289 1439 3345; x_wconf 89' lang='lat' dir='ltr'><strong>studetis.</strong></span> <span class='ocrx_word' id='word_1_203' title='bbox 1488 3292 1679 3344; x_wconf 85' lang='lat' dir='ltr'><strong>Amen.</strong></span> <span class='ocrx_word' id='word_1_204' title='bbox 1708 3289 1860 3345; x_wconf 79' lang='lat' dir='ltr'><strong>Con-</strong></span> 
     </span>
    </p>
   </div>
   <div class='ocr_carea' id='block_1_33' title="bbox 277 3375 1858 3450">
    <p class='ocr_par' dir='ltr' id='par_1_33' title="bbox 277 3375 1858 3450">
     <span class='ocr_line' id='line_1_33' title="bbox 277 3375 1858 3450; baseline 0.005 -22"><span class='ocrx_word' id='word_1_205' title='bbox 277 3375 540 3445; x_wconf 75' lang='lat' dir='ltr'><strong>cedatque</strong></span> <span class='ocrx_word' id='word_1_206' title='bbox 562 3378 713 3431; x_wconf 89' lang='lat' dir='ltr'><strong>vobis</strong></span> <span class='ocrx_word' id='word_1_207' title='bbox 740 3387 798 3432; x_wconf 92' lang='lat' dir='ltr'><strong>ut</strong></span> <span class='ocrx_word' id='word_1_208' title='bbox 821 3379 958 3433; x_wconf 87' lang='lat' dir='ltr'><strong>sicut</strong></span> <span class='ocrx_word' id='word_1_209' title='bbox 986 3378 1037 3433; x_wconf 90' lang='lat' dir='ltr'><strong>ei</strong></span> <span class='ocrx_word' id='word_1_210' title='bbox 1062 3377 1215 3450; x_wconf 67' lang='grc'><strong>(254)</strong></span> <span class='ocrx_word' id='word_1_211' title='bbox 1237 3395 1356 3436; x_wconf 90' lang='lat' dir='ltr'><strong>cum</strong></span> <span class='ocrx_word' id='word_1_212' title='bbox 1379 3380 1543 3435; x_wconf 89' lang='lat' dir='ltr'><strong>ramis</strong></span> <span class='ocrx_word' id='word_1_213' title='bbox 1562 3382 1858 3450; x_wconf 78' lang='lat' dir='ltr'><strong>palmarum</strong></span> 
     </span>
    </p>
   </div>
   <div class='ocr_carea' id='block_1_34' title="bbox 277 3470 1861 3539">
    <p class='ocr_par' dir='ltr' id='par_1_34' title="bbox 277 3470 1861 3539">
     <span class='ocr_line' id='line_1_34' title="bbox 277 3470 1861 3539; baseline 0.005 -18"><span class='ocrx_word' id='word_1_214' title='bbox 277 3477 667 3525; x_wconf 59' lang='lat' dir='ltr'><strong>exterarumve</strong></span> <span class='ocrx_word' id='word_1_215' title='bbox 696 3470 960 3525; x_wconf 74' lang='lat' dir='ltr'><strong>frondium</strong></span> <span class='ocrx_word' id='word_1_216' title='bbox 992 3472 1616 3539; x_wconf 65' lang='lat' dir='ltr'><strong>prrseutaristuduistis,</strong></span> <span class='ocrx_word' id='word_1_217' title='bbox 1643 3475 1714 3528; x_wconf 91' lang='lat' dir='ltr'><strong>ita</strong></span> <span class='ocrx_word' id='word_1_218' title='bbox 1739 3488 1861 3529; x_wconf 76' lang='lat' dir='ltr'><strong>cum</strong></span> 
     </span>
    </p>
   </div>
   <div class='ocr_carea' id='block_1_35' title="bbox 276 3560 1863 3634">
    <p class='ocr_par' dir='ltr' id='par_1_35' title="bbox 276 3560 1863 3634">
     <span class='ocr_line' id='line_1_35' title="bbox 276 3560 1863 3634; baseline 0.004 -20"><span class='ocrx_word' id='word_1_219' title='bbox 276 3560 462 3632; x_wconf 81' lang='lat' dir='ltr'><strong>palma</strong></span> <span class='ocrx_word' id='word_1_220' title='bbox 494 3563 731 3617; x_wconf 68' lang='lat' dir='ltr'><strong>victoria:</strong></span> <span class='ocrx_word' id='word_1_221' title='bbox 759 3572 814 3618; x_wconf 89' lang='lat' dir='ltr'><strong>et</strong></span> <span class='ocrx_word' id='word_1_222' title='bbox 841 3562 1014 3618; x_wconf 84' lang='lat' dir='ltr'><strong>fructu</strong></span> <span class='ocrx_word' id='word_1_223' title='bbox 1046 3565 1302 3620; x_wconf 73' lang='lat' dir='ltr'><strong>boiiorum</strong></span> <span class='ocrx_word' id='word_1_224' title='bbox 1346 3579 1564 3634; x_wconf 90' lang='lat' dir='ltr'><strong>operum</strong></span> <span class='ocrx_word' id='word_1_225' title='bbox 1605 3572 1723 3634; x_wconf 88' lang='lat' dir='ltr'><strong>post</strong></span> <span class='ocrx_word' id='word_1_226' title='bbox 1748 3565 1863 3620; x_wconf 86' lang='lat' dir='ltr'><strong>obi-</strong></span> 
     </span>
    </p>
   </div>
   <div class='ocr_carea' id='block_1_36' title="bbox 282 3656 1865 3725">
    <p class='ocr_par' dir='ltr' id='par_1_36' title="bbox 282 3656 1865 3725">
     <span class='ocr_line' id='line_1_36' title="bbox 282 3656 1865 3725; baseline 0.001 -16"><span class='ocrx_word' id='word_1_227' title='bbox 282 3665 398 3709; x_wconf 87' lang='lat' dir='ltr'><strong>tum</strong></span> <span class='ocrx_word' id='word_1_228' title='bbox 424 3671 690 3724; x_wconf 88' lang='lat' dir='ltr'><strong>apparere</strong></span> <span class='ocrx_word' id='word_1_229' title='bbox 723 3657 963 3714; x_wconf 85' lang='lat' dir='ltr'><strong>valeatis.</strong></span> <span class='ocrx_word' id='word_1_230' title='bbox 996 3660 1187 3713; x_wconf 85' lang='lat' dir='ltr'><strong>Amen.</strong></span> <span class='ocrx_word' id='word_1_231' title='bbox 1220 3656 1425 3725; x_wconf 86' lang='lat' dir='ltr'><strong>Quique</strong></span> <span class='ocrx_word' id='word_1_232' title='bbox 1472 3657 1736 3725; x_wconf 80' lang='lat' dir='ltr'><strong>Unigeniti</strong></span> <span class='ocrx_word' id='word_1_233' title='bbox 1766 3657 1865 3713; x_wconf 85' lang='lat' dir='ltr'><strong>Fi-</strong></span> 
     </span>
    </p>
   </div>
   <div class='ocr_carea' id='block_1_37' title="bbox 280 3745 1863 3818">
    <p class='ocr_par' dir='ltr' id='par_1_37' title="bbox 280 3745 1863 3818">
     <span class='ocr_line' id='line_1_37' title="bbox 280 3745 1863 3818; baseline 0.001 -15"><span class='ocrx_word' id='word_1_234' title='bbox 280 3745 341 3803; x_wconf 84' lang='lat' dir='ltr'><strong>lii</strong></span> <span class='ocrx_word' id='word_1_235' title='bbox 371 3747 487 3816; x_wconf 80' lang='lat' dir='ltr'><strong>ejus</strong></span> <span class='ocrx_word' id='word_1_236' title='bbox 515 3747 818 3817; x_wconf 84' lang='lat' dir='ltr'><strong>passionem</strong></span> <span class='ocrx_word' id='word_1_237' title='bbox 846 3763 977 3818; x_wconf 89' lang='lat' dir='ltr'><strong>puro</strong></span> <span class='ocrx_word' id='word_1_238' title='bbox 998 3749 1161 3805; x_wconf 90' lang='lat' dir='ltr'><strong>corde</strong></span> <span class='ocrx_word' id='word_1_239' title='bbox 1188 3749 1428 3816; x_wconf 84' lang='lat' dir='ltr'><strong>creditis,</strong></span> <span class='ocrx_word' id='word_1_240' title='bbox 1463 3757 1643 3804; x_wconf 86' lang='lat' dir='ltr'><strong>mente</strong></span> <span class='ocrx_word' id='word_1_241' title='bbox 1671 3751 1863 3815; x_wconf 88' lang='lat' dir='ltr'><strong>devota</strong></span> 
     </span>
    </p>
   </div>
   <div class='ocr_carea' id='block_1_38' title="bbox 284 3841 1868 3912">
    <p class='ocr_par' dir='ltr' id='par_1_38' title="bbox 284 3841 1868 3912">
     <span class='ocr_line' id='line_1_38' title="bbox 284 3841 1868 3912; baseline 0.003 -17"><span class='ocrx_word' id='word_1_242' title='bbox 284 3841 533 3895; x_wconf 83' lang='lat' dir='ltr'><strong>venerari</strong></span> <span class='ocrx_word' id='word_1_243' title='bbox 560 3841 787 3897; x_wconf 84' lang='lat' dir='ltr'><strong>studetis</strong></span> <span class='ocrx_word' id='word_1_244' title='bbox 805 3884 819 3905; x_wconf 88' lang='lat'><strong>,</strong></span> <span class='ocrx_word' id='word_1_245' title='bbox 852 3842 917 3897; x_wconf 90' lang='lat' dir='ltr'><strong>ad</strong></span> <span class='ocrx_word' id='word_1_246' title='bbox 944 3842 1353 3899; x_wconf 83' lang='lat' dir='ltr'><strong>resurrectionis</strong></span> <span class='ocrx_word' id='word_1_247' title='bbox 1381 3842 1498 3912; x_wconf 91' lang='lat' dir='ltr'><strong>ejus</strong></span> <span class='ocrx_word' id='word_1_248' title='bbox 1534 3842 1669 3898; x_wconf 83' lang='lat' dir='ltr'><strong>festa</strong></span> <span class='ocrx_word' id='word_1_249' title='bbox 1695 3851 1749 3898; x_wconf 90' lang='lat' dir='ltr'><strong>et</strong></span> <span class='ocrx_word' id='word_1_250' title='bbox 1775 3858 1868 3899; x_wconf 85' lang='lat' dir='ltr'><strong>ve-</strong></span> 
     </span>
    </p>
   </div>
   <div class='ocr_carea' id='block_1_39' title="bbox 289 3935 1869 4004">
    <p class='ocr_par' dir='ltr' id='par_1_39' title="bbox 289 3935 1869 4004">
     <span class='ocr_line' id='line_1_39' title="bbox 289 3935 1869 4004; baseline 0 -15"><span class='ocrx_word' id='word_1_251' title='bbox 289 3942 420 3989; x_wconf 76' lang='lat' dir='ltr'><strong>stra:</strong></span> <span class='ocrx_word' id='word_1_252' title='bbox 457 3935 908 3990; x_wconf 79' lang='lat' dir='ltr'><strong>remunerationis</strong></span> <span class='ocrx_word' id='word_1_253' title='bbox 949 3937 1165 4003; x_wconf 70' lang='lat' dir='ltr'><strong>prmmia</strong></span> <span class='ocrx_word' id='word_1_254' title='bbox 1213 3935 1378 4004; x_wconf 82' lang='lat' dir='ltr'><strong>ipsius</strong></span> <span class='ocrx_word' id='word_1_255' title='bbox 1419 3935 1533 3989; x_wconf 88' lang='lat' dir='ltr'><strong>fulti</strong></span> <span class='ocrx_word' id='word_1_256' title='bbox 1579 3936 1869 3991; x_wconf 89' lang='lat' dir='ltr'><strong>munimine</strong></span> 
     </span>
    </p>
   </div>
   <div class='ocr_carea' id='block_1_40' title="bbox 284 4027 1667 4099">
    <p class='ocr_par' dir='ltr' id='par_1_40' title="bbox 284 4027 1667 4099">
     <span class='ocr_line' id='line_1_40' title="bbox 284 4027 1667 4099; baseline 0.001 -19"><span class='ocrx_word' id='word_1_257' title='bbox 284 4027 538 4081; x_wconf 74' lang='lat' dir='ltr'><strong>veniatis.</strong></span> <span class='ocrx_word' id='word_1_258' title='bbox 567 4028 757 4082; x_wconf 80' lang='lat' dir='ltr'><strong>Amen.</strong></span> <span class='ocrx_word' id='word_1_259' title='bbox 788 4028 938 4095; x_wconf 86' lang='lat' dir='ltr'><strong>Quod</strong></span> <span class='ocrx_word' id='word_1_260' title='bbox 968 4029 1085 4098; x_wconf 90' lang='lat' dir='ltr'><strong>ipse</strong></span> <span class='ocrx_word' id='word_1_261' title='bbox 1112 4038 1368 4097; x_wconf 67' lang='lat' dir='ltr'><strong>praestare</strong></span> <span class='ocrx_word' id='word_1_262' title='bbox 1398 4030 1667 4099; x_wconf 84' lang='lat' dir='ltr'><strong>dignetur.</strong></span> 
     </span>
    </p>
   </div>
   <div class='ocr_carea' id='block_1_41' title="bbox 358 4118 1869 4199">
    <p class='ocr_par' dir='ltr' id='par_1_41' title="bbox 358 4118 1869 4199">
     <span class='ocr_line' id='line_1_41' title="bbox 358 4118 1869 4199; baseline 0.001 -21"><span class='ocrx_word' id='word_1_263' title='bbox 358 4121 443 4178; x_wconf 74' lang='lat' dir='ltr'><strong>Ad</strong></span> <span class='ocrx_word' id='word_1_264' title='bbox 492 4118 880 4197; x_wconf 74' lang='lat' dir='ltr'><strong>Complendum.</strong></span> <span class='ocrx_word' id='word_1_265' title='bbox 930 4151 1002 4163; x_wconf 89' lang='lat'><strong>-——</strong></span> <span class='ocrx_word' id='word_1_266' title='bbox 1032 4121 1233 4180; x_wconf 69' lang='lat' dir='ltr'><strong>Prmala</strong></span> <span class='ocrx_word' id='word_1_267' title='bbox 1286 4120 1478 4197; x_wconf 87' lang='lat' dir='ltr'><strong>uobis,</strong></span> <span class='ocrx_word' id='word_1_268' title='bbox 1537 4122 1869 4199; x_wconf 82' lang='lat' dir='ltr'><strong>omnipotens</strong></span> 
     </span>
    </p>
   </div>
   <div class='ocr_carea' id='block_1_42' title="bbox 290 4215 1871 4290">
    <p class='ocr_par' dir='ltr' id='par_1_42' title="bbox 290 4215 1871 4290">
     <span class='ocr_line' id='line_1_42' title="bbox 290 4215 1871 4290; baseline 0.003 -19"><span class='ocrx_word' id='word_1_269' title='bbox 290 4215 457 4283; x_wconf 80' lang='lat' dir='ltr'><strong>Deus,</strong></span> <span class='ocrx_word' id='word_1_270' title='bbox 510 4229 569 4272; x_wconf 90' lang='lat' dir='ltr'><strong>ut</strong></span> <span class='ocrx_word' id='word_1_271' title='bbox 612 4222 735 4288; x_wconf 87' lang='lat' dir='ltr'><strong>quia</strong></span> <span class='ocrx_word' id='word_1_272' title='bbox 761 4219 904 4275; x_wconf 80' lang='lat' dir='ltr'><strong>vitiis</strong></span> <span class='ocrx_word' id='word_1_273' title='bbox 946 4220 1187 4289; x_wconf 85' lang='lat' dir='ltr'><strong>subjacet</strong></span> <span class='ocrx_word' id='word_1_274' title='bbox 1227 4232 1405 4276; x_wconf 83' lang='lat' dir='ltr'><strong>nostra</strong></span> <span class='ocrx_word' id='word_1_275' title='bbox 1434 4224 1751 4290; x_wconf 87' lang='lat' dir='ltr'><strong>mortalitas,</strong></span> <span class='ocrx_word' id='word_1_276' title='bbox 1784 4234 1871 4278; x_wconf 88' lang='lat' dir='ltr'><strong>tua</strong></span> 
     </span>
    </p>
   </div>
   <div class='ocr_carea' id='block_1_43' title="bbox 291 4309 1725 4380">
    <p class='ocr_par' dir='ltr' id='par_1_43' title="bbox 291 4309 1725 4380">
     <span class='ocr_line' id='line_1_43' title="bbox 291 4309 1725 4380; baseline 0.003 -17"><span class='ocrx_word' id='word_1_277' title='bbox 291 4322 392 4363; x_wconf 67' lang='grc' dir='ltr'><strong>ιω</strong></span> <span class='ocrx_word' id='word_1_278' title='bbox 420 4309 683 4363; x_wconf 83' lang='lat' dir='ltr'><strong>medicina</strong></span> <span class='ocrx_word' id='word_1_279' title='bbox 713 4310 977 4377; x_wconf 88' lang='lat' dir='ltr'><strong>puriﬁcet,</strong></span> <span class='ocrx_word' id='word_1_280' title='bbox 1001 4322 1055 4366; x_wconf 88' lang='lat' dir='ltr'><strong>et</strong></span> <span class='ocrx_word' id='word_1_281' title='bbox 1089 4312 1319 4380; x_wconf 91' lang='lat' dir='ltr'><strong>potentia</strong></span> <span class='ocrx_word' id='word_1_282' title='bbox 1346 4322 1573 4368; x_wconf 88' lang='lat' dir='ltr'><strong>tueatur.</strong></span> <span class='ocrx_word' id='word_1_283' title='bbox 1604 4313 1725 4367; x_wconf 81' lang='lat' dir='ltr'><strong>l’er.</strong></span> 
     </span>
    </p>
   </div>
   <div class='ocr_carea' id='block_1_44' title="bbox 366 4401 1872 4477">
    <p class='ocr_par' dir='ltr' id='par_1_44' title="bbox 366 4401 1872 4477">
     <span class='ocr_line' id='line_1_44' title="bbox 366 4401 1872 4477; baseline 0.005 -21"><span class='ocrx_word' id='word_1_284' title='bbox 366 4401 539 4471; x_wconf 83' lang='lat' dir='ltr'><strong>Super</strong></span> <span class='ocrx_word' id='word_1_285' title='bbox 568 4404 834 4471; x_wconf 82' lang='lat' dir='ltr'><strong>populum.</strong></span> <span class='ocrx_word' id='word_1_286' title='bbox 864 4432 933 4444; x_wconf 88' lang='lat'><strong><em>——</em></strong></span> <span class='ocrx_word' id='word_1_287' title='bbox 960 4404 1036 4458; x_wconf 90' lang='lat' dir='ltr'><strong>Da</strong></span> <span class='ocrx_word' id='word_1_288' title='bbox 1055 4445 1072 4471; x_wconf 91' lang='lat'><strong>,</strong></span> <span class='ocrx_word' id='word_1_289' title='bbox 1100 4410 1406 4461; x_wconf 88' lang='lat' dir='ltr'><strong>misericors</strong></span> <span class='ocrx_word' id='word_1_290' title='bbox 1437 4407 1575 4461; x_wconf 89' lang='lat' dir='ltr'><strong>Deus</strong></span> <span class='ocrx_word' id='word_1_291' title='bbox 1597 4448 1612 4473; x_wconf 90' lang='lat'><strong>,</strong></span> <span class='ocrx_word' id='word_1_292' title='bbox 1645 4415 1701 4461; x_wconf 93' lang='lat' dir='ltr'><strong>ut</strong></span> <span class='ocrx_word' id='word_1_293' title='bbox 1729 4408 1872 4477; x_wconf 89' lang='lat' dir='ltr'><strong>quod</strong></span> 
     </span>
    </p>
   </div>
   <div class='ocr_carea' id='block_1_45' title="bbox 293 4494 1869 4566">
    <p class='ocr_par' dir='ltr' id='par_1_45' title="bbox 293 4494 1869 4566">
     <span class='ocr_line' id='line_1_45' title="bbox 293 4494 1869 4566; baseline 0.004 -17"><span class='ocrx_word' id='word_1_294' title='bbox 293 4495 346 4549; x_wconf 87' lang='lat' dir='ltr'><strong>in</strong></span> <span class='ocrx_word' id='word_1_295' title='bbox 378 4497 452 4547; x_wconf 87' lang='lat' dir='ltr'><strong>tui</strong></span> <span class='ocrx_word' id='word_1_296' title='bbox 483 4494 602 4551; x_wconf 83' lang='lat' dir='ltr'><strong>Filii</strong></span> <span class='ocrx_word' id='word_1_297' title='bbox 635 4498 879 4565; x_wconf 76' lang='lat' dir='ltr'><strong>passione</strong></span> <span class='ocrx_word' id='word_1_298' title='bbox 901 4498 1130 4554; x_wconf 89' lang='lat' dir='ltr'><strong>mundus</strong></span> <span class='ocrx_word' id='word_1_299' title='bbox 1155 4502 1419 4566; x_wconf 78' lang='lat' dir='ltr'><strong>exercuit,</strong></span> <span class='ocrx_word' id='word_1_300' title='bbox 1452 4499 1687 4556; x_wconf 86' lang='lat' dir='ltr'><strong>salutare</strong></span> <span class='ocrx_word' id='word_1_301' title='bbox 1714 4500 1869 4557; x_wconf 91' lang='lat' dir='ltr'><strong>nobis</strong></span> 
     </span>
    </p>
   </div>
   <div class='ocr_carea' id='block_1_46' title="bbox 292 4588 1025 4645">
    <p class='ocr_par' dir='ltr' id='par_1_46' title="bbox 292 4588 1025 4645">
     <span class='ocr_line' id='line_1_46' title="bbox 292 4588 1025 4645; baseline 0.005 -4"><span class='ocrx_word' id='word_1_302' title='bbox 292 4588 546 4643; x_wconf 85' lang='lat' dir='ltr'><strong>ﬁdelibus</strong></span> <span class='ocrx_word' id='word_1_303' title='bbox 570 4596 878 4645; x_wconf 85' lang='lat' dir='ltr'><strong>sentiamus.</strong></span> <span class='ocrx_word' id='word_1_304' title='bbox 906 4591 1025 4645; x_wconf 87' lang='lat' dir='ltr'><strong>Per.</strong></span> 
     </span>
    </p>
   </div>
   <div class='ocr_carea' id='block_1_47' title="bbox 731 4693 1441 4740">
    <p class='ocr_par' dir='ltr' id='par_1_47' title="bbox 731 4693 1441 4740">
     <span class='ocr_line' id='line_1_47' title="bbox 731 4693 1441 4740; baseline 0.003 -3"><span class='ocrx_word' id='word_1_305' title='bbox 731 4693 755 4722; x_wconf 74' lang='grc'><strong><em>⁸</em></strong></span> <span class='ocrx_word' id='word_1_306' title='bbox 786 4699 941 4737; x_wconf 74' lang='lat' dir='ltr'><strong>FBRIA</strong></span> <span class='ocrx_word' id='word_1_307' title='bbox 980 4699 1017 4738; x_wconf 85' lang='grc' dir='ltr'><strong>ΙΙ</strong></span> <span class='ocrx_word' id='word_1_308' title='bbox 1054 4698 1183 4739; x_wconf 81' lang='lat' dir='ltr'><strong>POST</strong></span> <span class='ocrx_word' id='word_1_309' title='bbox 1222 4700 1441 4740; x_wconf 72' lang='grc' dir='ltr'><strong>ΡΑιιιΑε.</strong></span> 
     </span>
    </p>
   </div>
   <div class='ocr_carea' id='block_1_48' title="bbox 365 4772 1874 4845">
    <p class='ocr_par' dir='ltr' id='par_1_48' title="bbox 365 4772 1874 4845">
     <span class='ocr_line' id='line_1_48' title="bbox 365 4772 1874 4845; baseline 0.002 -18"><span class='ocrx_word' id='word_1_310' title='bbox 365 4772 549 4844; x_wconf 62' lang='grc' dir='ltr'><strong>(ἳὸὄ)</strong></span> <span class='ocrx_word' id='word_1_311' title='bbox 587 4772 684 4839; x_wconf 84' lang='lat' dir='ltr'><strong>Da,</strong></span> <span class='ocrx_word' id='word_1_312' title='bbox 715 4789 1039 4845; x_wconf 73' lang='lat' dir='ltr'><strong>quzesumus,</strong></span> <span class='ocrx_word' id='word_1_313' title='bbox 1072 4776 1403 4845; x_wconf 89' lang='lat' dir='ltr'><strong>omnipotens</strong></span> <span class='ocrx_word' id='word_1_314' title='bbox 1432 4776 1589 4843; x_wconf 89' lang='lat' dir='ltr'><strong>Deus,</strong></span> <span class='ocrx_word' id='word_1_315' title='bbox 1621 4784 1677 4829; x_wconf 90' lang='lat' dir='ltr'><strong>ut</strong></span> <span class='ocrx_word' id='word_1_316' title='bbox 1704 4775 1791 4845; x_wconf 85' lang='lat' dir='ltr'><strong>qui</strong></span> <span class='ocrx_word' id='word_1_317' title='bbox 1821 4775 1874 4830; x_wconf 87' lang='lat' dir='ltr'><strong>in</strong></span> 
     </span>
    </p>
   </div>
   <div class='ocr_carea' id='block_1_49' title="bbox 296 4866 1877 4935">
    <p class='ocr_par' dir='ltr' id='par_1_49' title="bbox 296 4866 1877 4935">
     <span class='ocr_line' id='line_1_49' title="bbox 296 4866 1877 4935; baseline 0.001 -14"><span class='ocrx_word' id='word_1_318' title='bbox 296 4875 374 4921; x_wconf 86' lang='lat' dir='ltr'><strong>tot</strong></span> <span class='ocrx_word' id='word_1_319' title='bbox 424 4866 668 4921; x_wconf 77' lang='lat' dir='ltr'><strong>adversis</strong></span> <span class='ocrx_word' id='word_1_320' title='bbox 696 4880 763 4920; x_wconf 78' lang='lat' dir='ltr'><strong>ex</strong></span> <span class='ocrx_word' id='word_1_321' title='bbox 789 4875 969 4921; x_wconf 83' lang='lat' dir='ltr'><strong>nostra</strong></span> <span class='ocrx_word' id='word_1_322' title='bbox 1012 4870 1321 4924; x_wconf 87' lang='lat' dir='ltr'><strong>inﬁrmitate</strong></span> <span class='ocrx_word' id='word_1_323' title='bbox 1368 4869 1677 4935; x_wconf 85' lang='lat' dir='ltr'><strong>deﬁcimus,</strong></span> <span class='ocrx_word' id='word_1_324' title='bbox 1709 4869 1877 4923; x_wconf 87' lang='lat' dir='ltr'><strong>inter-</strong></span> 
     </span>
    </p>
   </div>
   <div class='ocr_carea' id='block_1_50' title="bbox 294 4960 1878 5035">
    <p class='ocr_par' dir='ltr' id='par_1_50' title="bbox 294 4960 1878 5035">
     <span class='ocr_line' id='line_1_50' title="bbox 294 4960 1878 5035; baseline 0 -18"><span class='ocrx_word' id='word_1_325' title='bbox 294 4963 529 5017; x_wconf 76' lang='lat' dir='ltr'><strong>cedente</strong></span> <span class='ocrx_word' id='word_1_326' title='bbox 575 4960 841 5031; x_wconf 80' lang='lat' dir='ltr'><strong>Unigcuiti</strong></span> <span class='ocrx_word' id='word_1_327' title='bbox 872 4962 993 5017; x_wconf 85' lang='lat' dir='ltr'><strong>Filii</strong></span> <span class='ocrx_word' id='word_1_328' title='bbox 1032 4965 1103 5019; x_wconf 91' lang='lat' dir='ltr'><strong>tui</strong></span> <span class='ocrx_word' id='word_1_329' title='bbox 1135 4964 1379 5035; x_wconf 87' lang='lat' dir='ltr'><strong>passione</strong></span> <span class='ocrx_word' id='word_1_330' title='bbox 1406 4965 1750 5033; x_wconf 88' lang='lat' dir='ltr'><strong>respiremus.</strong></span> <span class='ocrx_word' id='word_1_331' title='bbox 1780 4963 1878 5030; x_wconf 90' lang='lat' dir='ltr'><strong>Qui</strong></span> 
     </span>
    </p>
   </div>
   <div class='ocr_carea' id='block_1_51' title="bbox 299 5064 501 5109">
    <p class='ocr_par' dir='ltr' id='par_1_51' title="bbox 299 5064 501 5109">
     <span class='ocr_line' id='line_1_51' title="bbox 299 5064 501 5109; baseline -0.015 1"><span class='ocrx_word' id='word_1_332' title='bbox 299 5064 501 5109; x_wconf 81' lang='lat' dir='ltr'><strong>tecum.</strong></span> 
     </span>
    </p>
   </div>
   <div class='ocr_carea' id='block_1_52' title="bbox 372 5154 1885 5228">
    <p class='ocr_par' dir='ltr' id='par_1_52' title="bbox 372 5154 1885 5228">
     <span class='ocr_line' id='line_1_52' title="bbox 372 5154 1885 5228; baseline -0.001 -9"><span class='ocrx_word' id='word_1_333' title='bbox 372 5175 400 5203; x_wconf 77' lang='grc' dir='ltr'>ι</span> <span class='ocrx_word' id='word_1_334' title='bbox 451 5166 505 5219; x_wconf 82' lang='grc' dir='ltr'><strong>1η</strong></span> <span class='ocrx_word' id='word_1_335' title='bbox 542 5164 684 5219; x_wconf 85' lang='lat' dir='ltr'><strong>Edit.</strong></span> <span class='ocrx_word' id='word_1_336' title='bbox 716 5167 941 5228; x_wconf 72' lang='lat' dir='ltr'><strong>Pame‘l.,</strong></span> <span class='ocrx_word' id='word_1_337' title='bbox 976 5169 1059 5219; x_wconf 73' lang='lat' dir='ltr'><strong>cui</strong></span> <span class='ocrx_word' id='word_1_338' title='bbox 1088 5165 1426 5219; x_wconf 85' lang='lat' dir='ltr'><strong>consentiunt</strong></span> <span class='ocrx_word' id='word_1_339' title='bbox 1458 5166 1581 5220; x_wconf 83' lang='lat' dir='ltr'><strong>Mss.</strong></span> <span class='ocrx_word' id='word_1_340' title='bbox 1618 5182 1632 5219; x_wconf 87' lang='lat'><strong>:</strong></span> <span class='ocrx_word' id='word_1_341' title='bbox 1663 5154 1739 5217; x_wconf 82' lang='lat' dir='ltr'><strong>Ad</strong></span> <span class='ocrx_word' id='word_1_342' title='bbox 1763 5182 1885 5219; x_wconf 87' lang='lat' dir='ltr'><strong>san-</strong></span> 
     </span>
    </p>
   </div>
   <div class='ocr_carea' id='block_1_53' title="bbox 303 5234 1879 5291">
    <p class='ocr_par' dir='ltr' id='par_1_53' title="bbox 303 5234 1879 5291">
     <span class='ocr_line' id='line_1_53' title="bbox 303 5234 1879 5291; baseline -0.001 -1"><span class='ocrx_word' id='word_1_343' title='bbox 303 5246 446 5290; x_wconf 72' lang='lat' dir='ltr'><strong>ctum</strong></span> <span class='ocrx_word' id='word_1_344' title='bbox 469 5235 723 5289; x_wconf 74' lang='lat' dir='ltr'><strong>Joannem</strong></span> <span class='ocrx_word' id='word_1_345' title='bbox 746 5237 796 5287; x_wconf 80' lang='lat' dir='ltr'><strong>in</strong></span> <span class='ocrx_word' id='word_1_346' title='bbox 828 5234 1116 5289; x_wconf 84' lang='lat' dir='ltr'><strong>Lateranis.</strong></span> <span class='ocrx_word' id='word_1_347' title='bbox 1142 5235 1198 5288; x_wconf 89' lang='lat' dir='ltr'><strong>In</strong></span> <span class='ocrx_word' id='word_1_348' title='bbox 1224 5235 1443 5291; x_wconf 80' lang='lat' dir='ltr'><strong>Kalend.</strong></span> <span class='ocrx_word' id='word_1_349' title='bbox 1482 5237 1636 5288; x_wconf 76' lang='lat' dir='ltr'><strong>llom.</strong></span> <span class='ocrx_word' id='word_1_350' title='bbox 1679 5238 1879 5289; x_wconf 82' lang='lat' dir='ltr'><strong>tantum</strong></span> 
     </span>
    </p>
   </div>
   <div class='ocr_carea' id='block_1_54' title="bbox 303 5306 1881 5376">
    <p class='ocr_par' dir='ltr' id='par_1_54' title="bbox 303 5306 1881 5376">
     <span class='ocr_line' id='line_1_54' title="bbox 303 5306 1881 5376; baseline 0 -15"><span class='ocrx_word' id='word_1_351' title='bbox 303 5308 498 5376; x_wconf 73' lang='lat' dir='ltr'><strong>legitur</strong></span> <span class='ocrx_word' id='word_1_352' title='bbox 520 5310 575 5361; x_wconf 83' lang='lat' dir='ltr'><strong>in</strong></span> <span class='ocrx_word' id='word_1_353' title='bbox 603 5307 893 5359; x_wconf 83' lang='lat' dir='ltr'><strong>Lateranis.</strong></span> <span class='ocrx_word' id='word_1_354' title='bbox 925 5307 978 5361; x_wconf 89' lang='lat' dir='ltr'><strong>In</strong></span> <span class='ocrx_word' id='word_1_355' title='bbox 1016 5308 1149 5361; x_wconf 85' lang='lat' dir='ltr'><strong>Cod.</strong></span> <span class='ocrx_word' id='word_1_356' title='bbox 1184 5307 1316 5376; x_wconf 82' lang='lat' dir='ltr'><strong>Reg.</strong></span> <span class='ocrx_word' id='word_1_357' title='bbox 1345 5310 1501 5360; x_wconf 83' lang='lat' dir='ltr'><strong>Suec.</strong></span> <span class='ocrx_word' id='word_1_358' title='bbox 1531 5306 1720 5372; x_wconf 70' lang='lat' dir='ltr'><strong>legitur</strong></span> <span class='ocrx_word' id='word_1_359' title='bbox 1767 5307 1881 5361; x_wconf 72' lang='lat' dir='ltr'><strong>haec</strong></span> 
     </span>
    </p>
   </div>
   <div class='ocr_carea' id='block_1_55' title="bbox 304 5377 1881 5446">
    <p class='ocr_par' dir='ltr' id='par_1_55' title="bbox 304 5377 1881 5446">
     <span class='ocr_line' id='line_1_55' title="bbox 304 5377 1881 5446; baseline 0.001 -16"><span class='ocrx_word' id='word_1_360' title='bbox 304 5392 583 5431; x_wconf 83' lang='lat' dir='ltr'><strong>ramorum</strong></span> <span class='ocrx_word' id='word_1_361' title='bbox 613 5377 940 5446; x_wconf 73' lang='lat' dir='ltr'><strong>Beuedimio.</strong></span> <span class='ocrx_word' id='word_1_362' title='bbox 971 5393 1091 5446; x_wconf 73' lang='lat' dir='ltr'><strong>qua:</strong></span> <span class='ocrx_word' id='word_1_363' title='bbox 1137 5379 1375 5432; x_wconf 82' lang='lat' dir='ltr'><strong>abestab</strong></span> <span class='ocrx_word' id='word_1_364' title='bbox 1427 5378 1523 5431; x_wconf 86' lang='lat' dir='ltr'><strong>Ed.</strong></span> <span class='ocrx_word' id='word_1_365' title='bbox 1575 5377 1775 5431; x_wconf 85' lang='lat' dir='ltr'><strong>Parnel.</strong></span> <span class='ocrx_word' id='word_1_366' title='bbox 1826 5388 1881 5433; x_wconf 84' lang='lat' dir='ltr'><strong>ct</strong></span> 
     </span>
    </p>
   </div>
   <div class='ocr_carea' id='block_1_56' title="bbox 305 5438 1878 5516">
    <p class='ocr_par' dir='ltr' id='par_1_56' title="bbox 305 5438 1878 5516">
     <span class='ocr_line' id='line_1_56' title="bbox 305 5438 1878 5516; baseline 0.001 -17"><span class='ocrx_word' id='word_1_367' title='bbox 305 5450 451 5501; x_wconf 80' lang='lat' dir='ltr'><strong>aliis.</strong></span> <span class='ocrx_word' id='word_1_368' title='bbox 479 5444 730 5501; x_wconf 80' lang='lat' dir='ltr'><strong>Eamdem</strong></span> <span class='ocrx_word' id='word_1_369' title='bbox 759 5438 1209 5516; x_wconf 46' lang='lat' dir='ltr'><strong>exhibet-primus</strong></span> <span class='ocrx_word' id='word_1_370' title='bbox 1238 5447 1504 5503; x_wconf 80' lang='lat' dir='ltr'><strong>Theoder.</strong></span> <span class='ocrx_word' id='word_1_371' title='bbox 1547 5466 1558 5500; x_wconf 77' lang='grc' dir='ltr'>ε</span> <span class='ocrx_word' id='word_1_372' title='bbox 1594 5447 1750 5509; x_wconf 73' lang='lat' dir='ltr'><strong>Deus,</strong></span> <span class='ocrx_word' id='word_1_373' title='bbox 1784 5465 1878 5500; x_wconf 85' lang='lat' dir='ltr'><strong>cu-</strong></span> 
     </span>
    </p>
   </div>
   <div class='ocr_carea' id='block_1_57' title="bbox 301 5517 1879 5588">
    <p class='ocr_par' dir='ltr' id='par_1_57' title="bbox 301 5517 1879 5588">
     <span class='ocr_line' id='line_1_57' title="bbox 301 5517 1879 5588; baseline 0.001 -19"><span class='ocrx_word' id='word_1_374' title='bbox 301 5522 389 5588; x_wconf 79' lang='lat' dir='ltr'><strong>ju</strong></span> <span class='ocrx_word' id='word_1_375' title='bbox 420 5518 566 5588; x_wconf 71' lang='lat' dir='ltr'><strong>ﬁlius</strong></span> <span class='ocrx_word' id='word_1_376' title='bbox 589 5535 681 5587; x_wconf 83' lang='lat' dir='ltr'><strong>pro</strong></span> <span class='ocrx_word' id='word_1_377' title='bbox 709 5520 873 5572; x_wconf 83' lang='lat' dir='ltr'><strong>salute</strong></span> <span class='ocrx_word' id='word_1_378' title='bbox 905 5519 1098 5587; x_wconf 80' lang='lat' dir='ltr'><strong>generis</strong></span> <span class='ocrx_word' id='word_1_379' title='bbox 1124 5517 1334 5571; x_wconf 83' lang='lat' dir='ltr'><strong>humani</strong></span> <span class='ocrx_word' id='word_1_380' title='bbox 1369 5520 1430 5571; x_wconf 83' lang='lat' dir='ltr'><strong>de</strong></span> <span class='ocrx_word' id='word_1_381' title='bbox 1468 5517 1591 5572; x_wconf 70' lang='lat' dir='ltr'><strong>caelo</strong></span> <span class='ocrx_word' id='word_1_382' title='bbox 1623 5521 1879 5570; x_wconf 83' lang='lat' dir='ltr'><strong>descendit</strong></span> 
     </span>
    </p>
   </div>
   <div class='ocr_carea' id='block_1_58' title="bbox 310 5588 1878 5657">
    <p class='ocr_par' dir='ltr' id='par_1_58' title="bbox 310 5588 1878 5657">
     <span class='ocr_line' id='line_1_58' title="bbox 310 5588 1878 5657; baseline 0 -16"><span class='ocrx_word' id='word_1_383' title='bbox 310 5591 374 5641; x_wconf 77' lang='lat' dir='ltr'><strong>ad</strong></span> <span class='ocrx_word' id='word_1_384' title='bbox 398 5601 585 5652; x_wconf 78' lang='lat' dir='ltr'><strong>terras,</strong></span> <span class='ocrx_word' id='word_1_385' title='bbox 612 5599 655 5641; x_wconf 87' lang='lat' dir='ltr'><strong>et</strong></span> <span class='ocrx_word' id='word_1_386' title='bbox 679 5590 1118 5657; x_wconf 78' lang='lat' dir='ltr'><strong>appropinquante</strong></span> <span class='ocrx_word' id='word_1_387' title='bbox 1138 5589 1266 5643; x_wconf 83' lang='lat' dir='ltr'><strong>hora</strong></span> <span class='ocrx_word' id='word_1_388' title='bbox 1290 5591 1539 5653; x_wconf 75' lang='lat' dir='ltr'><strong>passionis</strong></span> <span class='ocrx_word' id='word_1_389' title='bbox 1559 5605 1665 5642; x_wconf 76' lang='lat' dir='ltr'><strong>sua:</strong></span> <span class='ocrx_word' id='word_1_390' title='bbox 1690 5588 1737 5640; x_wconf 81' lang='grc'><em>11</em></span> <span class='ocrx_word' id='word_1_391' title='bbox 1746 5591 1878 5641; x_wconf 81' lang='lat' dir='ltr'><strong>iero-</strong></span> 
     </span>
    </p>
   </div>
   <div class='ocr_carea' id='block_1_59' title="bbox 310 5660 1879 5729">
    <p class='ocr_par' dir='ltr' id='par_1_59' title="bbox 310 5660 1879 5729">
     <span class='ocr_line' id='line_1_59' title="bbox 310 5660 1879 5729; baseline -0.001 -17"><span class='ocrx_word' id='word_1_392' title='bbox 310 5663 560 5728; x_wconf 72' lang='lat' dir='ltr'><strong>solymam</strong></span> <span class='ocrx_word' id='word_1_393' title='bbox 582 5662 633 5711; x_wconf 84' lang='lat' dir='ltr'><strong>in</strong></span> <span class='ocrx_word' id='word_1_394' title='bbox 660 5661 805 5712; x_wconf 73' lang='lat' dir='ltr'><strong>asino</strong></span> <span class='ocrx_word' id='word_1_395' title='bbox 827 5660 1013 5724; x_wconf 81' lang='lat' dir='ltr'><strong>venire,</strong></span> <span class='ocrx_word' id='word_1_396' title='bbox 1037 5671 1081 5712; x_wconf 88' lang='lat' dir='ltr'><strong>et</strong></span> <span class='ocrx_word' id='word_1_397' title='bbox 1108 5676 1141 5712; x_wconf 88' lang='lat' dir='ltr'><strong>a</strong></span> <span class='ocrx_word' id='word_1_398' title='bbox 1187 5662 1344 5713; x_wconf 73' lang='lat' dir='ltr'><strong>turbis</strong></span> <span class='ocrx_word' id='word_1_399' title='bbox 1390 5678 1479 5714; x_wconf 79' lang='lat' dir='ltr'><strong>rea:</strong></span> <span class='ocrx_word' id='word_1_400' title='bbox 1523 5660 1775 5729; x_wconf 80' lang='lat' dir='ltr'><strong>appellari</strong></span> <span class='ocrx_word' id='word_1_401' title='bbox 1818 5676 1879 5712; x_wconf 89' lang='lat' dir='ltr'><strong>ac</strong></span> 
     </span>
    </p>
   </div>
   <div class='ocr_carea' id='block_1_60' title="bbox 312 5729 1879 5801">
    <p class='ocr_par' dir='ltr' id='par_1_60' title="bbox 312 5729 1879 5801">
     <span class='ocr_line' id='line_1_60' title="bbox 312 5729 1879 5801; baseline -0.001 -16"><span class='ocrx_word' id='word_1_402' title='bbox 312 5729 517 5785; x_wconf 73' lang='lat' dir='ltr'><strong>laudari</strong></span> <span class='ocrx_word' id='word_1_403' title='bbox 554 5731 735 5793; x_wconf 78' lang='lat' dir='ltr'><strong>voluit,</strong></span> <span class='ocrx_word' id='word_1_404' title='bbox 766 5730 1054 5785; x_wconf 80' lang='lat' dir='ltr'><strong>benedicere</strong></span> <span class='ocrx_word' id='word_1_405' title='bbox 1077 5732 1286 5799; x_wconf 86' lang='lat' dir='ltr'><strong>dignare</strong></span> <span class='ocrx_word' id='word_1_406' title='bbox 1307 5733 1396 5786; x_wconf 77' lang='lat' dir='ltr'><strong>Iros</strong></span> <span class='ocrx_word' id='word_1_407' title='bbox 1418 5732 1704 5801; x_wconf 85' lang='lat' dir='ltr'><strong>palmarum</strong></span> <span class='ocrx_word' id='word_1_408' title='bbox 1733 5738 1879 5784; x_wconf 75' lang='lat' dir='ltr'><strong>acte-</strong></span> 
     </span>
    </p>
   </div>
   <div class='ocr_carea' id='block_1_61' title="bbox 307 5802 1877 5872">
    <p class='ocr_par' dir='ltr' id='par_1_61' title="bbox 307 5802 1877 5872">
     <span class='ocr_line' id='line_1_61' title="bbox 307 5802 1877 5872; baseline 0.002 -20"><span class='ocrx_word' id='word_1_409' title='bbox 307 5818 547 5872; x_wconf 73' lang='lat' dir='ltr'><strong>nntmre</strong></span> <span class='ocrx_word' id='word_1_410' title='bbox 566 5803 829 5872; x_wconf 67' lang='lat' dir='ltr'><strong>[tortilium</strong></span> <span class='ocrx_word' id='word_1_411' title='bbox 848 5818 1036 5866; x_wconf 75' lang='lat' dir='ltr'><strong>ramos,</strong></span> <span class='ocrx_word' id='word_1_412' title='bbox 1071 5812 1125 5854; x_wconf 84' lang='lat' dir='ltr'><strong>ut</strong></span> <span class='ocrx_word' id='word_1_413' title='bbox 1152 5820 1318 5857; x_wconf 81' lang='lat' dir='ltr'><strong>omnes</strong></span> <span class='ocrx_word' id='word_1_414' title='bbox 1356 5805 1440 5872; x_wconf 85' lang='lat' dir='ltr'><strong>qui</strong></span> <span class='ocrx_word' id='word_1_415' title='bbox 1470 5821 1551 5858; x_wconf 84' lang='lat' dir='ltr'><strong>eos</strong></span> <span class='ocrx_word' id='word_1_416' title='bbox 1590 5802 1739 5855; x_wconf 85' lang='lat' dir='ltr'><strong>laturi</strong></span> <span class='ocrx_word' id='word_1_417' title='bbox 1761 5810 1877 5857; x_wconf 76' lang='lat' dir='ltr'><strong>sunt</strong></span> 
     </span>
    </p>
   </div>
   <div class='ocr_carea' id='block_1_62' title="bbox 308 5870 1879 5945">
    <p class='ocr_par' dir='ltr' id='par_1_62' title="bbox 308 5870 1879 5945">
     <span class='ocr_line' id='line_1_62' title="bbox 308 5870 1879 5945; baseline 0.001 -20"><span class='ocrx_word' id='word_1_418' title='bbox 308 5873 386 5925; x_wconf 68' lang='lat' dir='ltr'><strong>ita</strong></span> <span class='ocrx_word' id='word_1_419' title='bbox 411 5870 779 5937; x_wconf 68' lang='lat' dir='ltr'><strong>benedictionis</strong></span> <span class='ocrx_word' id='word_1_420' title='bbox 815 5880 918 5927; x_wconf 78' lang='lat' dir='ltr'><strong>tute</strong></span> <span class='ocrx_word' id='word_1_421' title='bbox 945 5875 1078 5929; x_wconf 82' lang='lat' dir='ltr'><strong>dono</strong></span> <span class='ocrx_word' id='word_1_422' title='bbox 1112 5870 1421 5945; x_wconf 76' lang='lat' dir='ltr'><strong>repleantur,</strong></span> <span class='ocrx_word' id='word_1_423' title='bbox 1447 5888 1692 5943; x_wconf 84' lang='lat' dir='ltr'><strong>quatenus</strong></span> <span class='ocrx_word' id='word_1_424' title='bbox 1739 5883 1786 5928; x_wconf 89' lang='lat' dir='ltr'><strong>et</strong></span> <span class='ocrx_word' id='word_1_425' title='bbox 1826 5876 1879 5927; x_wconf 81' lang='lat' dir='ltr'><strong>in</strong></span> 
     </span>
    </p>
   </div>
   <div class='ocr_carea' id='block_1_63' title="bbox 1454 5974 1513 5993">
    <p class='ocr_par' dir='ltr' id='par_1_63' title="bbox 1454 5974 1513 5993">
     <span class='ocr_line' id='line_1_63' title="bbox 1454 5974 1513 5993; baseline 0 0"><span class='ocrx_word' id='word_1_426' title='bbox 1454 5974 1513 5993; x_wconf 57' lang='grc' dir='ltr'><strong>σοι</strong></span> 
     </span>
    </p>
   </div>
   <div class='ocr_carea' id='block_1_64' title="bbox 1603 6005 1727 6026">
    <p class='ocr_par' dir='ltr' id='par_1_64' title="bbox 1603 6005 1727 6026">
     <span class='ocr_line' id='line_1_64' title="bbox 1603 6005 1727 6026; baseline 0.016 -5"><span class='ocrx_word' id='word_1_427' title='bbox 1603 6005 1727 6026; x_wconf 38' lang='grc' dir='ltr'><strong>’ἊἸΑ</strong></span> 
     </span>
    </p>
   </div>
   <div class='ocr_carea' id='block_1_65' title="bbox 1949 574 3518 652">
    <p class='ocr_par' dir='ltr' id='par_1_65' title="bbox 1949 574 3518 652">
     <span class='ocr_line' id='line_1_65' title="bbox 1949 574 3518 652; baseline -0.006 -13"><span class='ocrx_word' id='word_1_428' title='bbox 1949 585 2113 652; x_wconf 80' lang='lat' dir='ltr'><strong>mine,</strong></span> <span class='ocrx_word' id='word_1_429' title='bbox 2155 593 2207 639; x_wconf 92' lang='lat' dir='ltr'><strong>et</strong></span> <span class='ocrx_word' id='word_1_430' title='bbox 2239 585 2463 639; x_wconf 81' lang='lat' dir='ltr'><strong>famulos</strong></span> <span class='ocrx_word' id='word_1_431' title='bbox 2493 594 2612 638; x_wconf 86' lang='lat' dir='ltr'><strong>tuos</strong></span> <span class='ocrx_word' id='word_1_432' title='bbox 2634 594 2831 637; x_wconf 81' lang='lat' dir='ltr'><strong>aeterna</strong></span> <span class='ocrx_word' id='word_1_433' title='bbox 2857 581 3180 651; x_wconf 71' lang='lat' dir='ltr'><strong>proiectione</strong></span> <span class='ocrx_word' id='word_1_434' title='bbox 3201 574 3472 631; x_wconf 84' lang='lat' dir='ltr'><strong>sanctiﬁca</strong></span> <span class='ocrx_word' id='word_1_435' title='bbox 3502 593 3518 629; x_wconf 88' lang='lat'><strong>:</strong></span> 
     </span>
    </p>
   </div>
   <div class='ocr_carea' id='block_1_66' title="bbox 1949 673 3525 745">
    <p class='ocr_par' dir='ltr' id='par_1_66' title="bbox 1949 673 3525 745">
     <span class='ocr_line' id='line_1_66' title="bbox 1949 673 3525 745; baseline -0.005 -15"><span class='ocrx_word' id='word_1_436' title='bbox 1949 691 2046 744; x_wconf 88' lang='lat' dir='ltr'><strong>pro</strong></span> <span class='ocrx_word' id='word_1_437' title='bbox 2065 674 2253 745; x_wconf 87' lang='lat' dir='ltr'><strong>quibus</strong></span> <span class='ocrx_word' id='word_1_438' title='bbox 2271 675 2423 730; x_wconf 83' lang='lat' dir='ltr'><strong>Jesus</strong></span> <span class='ocrx_word' id='word_1_439' title='bbox 2453 674 2691 728; x_wconf 88' lang='lat' dir='ltr'><strong>Christus</strong></span> <span class='ocrx_word' id='word_1_440' title='bbox 2722 673 2885 727; x_wconf 86' lang='lat' dir='ltr'><strong>Filius</strong></span> <span class='ocrx_word' id='word_1_441' title='bbox 2918 681 3037 724; x_wconf 85' lang='lat' dir='ltr'><strong>tuus</strong></span> <span class='ocrx_word' id='word_1_442' title='bbox 3062 684 3152 738; x_wconf 92' lang='lat' dir='ltr'><strong>per</strong></span> <span class='ocrx_word' id='word_1_443' title='bbox 3176 684 3328 724; x_wconf 90' lang='lat' dir='ltr'><strong>suum</strong></span> <span class='ocrx_word' id='word_1_444' title='bbox 3363 681 3525 722; x_wconf 88' lang='lat' dir='ltr'><strong>cruo-</strong></span> 
     </span>
    </p>
   </div>
   <div class='ocr_carea' id='block_1_67' title="bbox 1950 760 3514 838">
    <p class='ocr_par' dir='ltr' id='par_1_67' title="bbox 1950 760 3514 838">
     <span class='ocr_line' id='line_1_67' title="bbox 1950 760 3514 838; baseline -0.008 -14"><span class='ocrx_word' id='word_1_445' title='bbox 1950 784 2061 824; x_wconf 90' lang='lat' dir='ltr'><strong>rem</strong></span> <span class='ocrx_word' id='word_1_446' title='bbox 2106 769 2254 825; x_wconf 84' lang='lat' dir='ltr'><strong>nobis</strong></span> <span class='ocrx_word' id='word_1_447' title='bbox 2277 770 2504 823; x_wconf 88' lang='lat' dir='ltr'><strong>instituit</strong></span> <span class='ocrx_word' id='word_1_448' title='bbox 2547 767 2800 838; x_wconf 87' lang='lat' dir='ltr'><strong>paschale</strong></span> <span class='ocrx_word' id='word_1_449' title='bbox 2838 764 3171 834; x_wconf 52' lang='lat' dir='ltr'><strong>mjsterium.</strong></span> <span class='ocrx_word' id='word_1_450' title='bbox 3215 760 3314 829; x_wconf 87' lang='lat' dir='ltr'><strong>Qui</strong></span> <span class='ocrx_word' id='word_1_451' title='bbox 3344 769 3514 814; x_wconf 88' lang='lat' dir='ltr'><strong>tecum</strong></span> 
     </span>
    </p>
   </div>
   <div class='ocr_carea' id='block_1_68' title="bbox 1951 860 2094 915">
    <p class='ocr_par' dir='ltr' id='par_1_68' title="bbox 1951 860 2094 915">
     <span class='ocr_line' id='line_1_68' title="bbox 1951 860 2094 915; baseline -0.014 0"><span class='ocrx_word' id='word_1_452' title='bbox 1951 860 2094 915; x_wconf 88' lang='lat' dir='ltr'><strong>vivit.</strong></span> 
     </span>
    </p>
   </div>
   <div class='ocr_carea' id='block_1_69' title="bbox 2022 942 3519 1020">
    <p class='ocr_par' dir='ltr' id='par_1_69' title="bbox 2022 942 3519 1020">
     <span class='ocr_line' id='line_1_69' title="bbox 2022 942 3519 1020; baseline -0.009 -13"><span class='ocrx_word' id='word_1_453' title='bbox 2022 953 2191 1020; x_wconf 79' lang='lat' dir='ltr'><strong>Super</strong></span> <span class='ocrx_word' id='word_1_454' title='bbox 2238 951 2441 1005; x_wconf 83' lang='lat' dir='ltr'><strong>Oblata.</strong></span> <span class='ocrx_word' id='word_1_455' title='bbox 2468 951 2685 1006; x_wconf 71' lang='lat' dir='ltr'><strong>—ll:nc</strong></span> <span class='ocrx_word' id='word_1_456' title='bbox 2727 946 2982 1005; x_wconf 87' lang='lat' dir='ltr'><strong>sacriﬁcia</strong></span> <span class='ocrx_word' id='word_1_457' title='bbox 3012 960 3129 1012; x_wconf 90' lang='lat' dir='ltr'><strong>nos,</strong></span> <span class='ocrx_word' id='word_1_458' title='bbox 3182 942 3519 1010; x_wconf 89' lang='lat' dir='ltr'><strong>omnipotens</strong></span> 
     </span>
    </p>
   </div>
   <div class='ocr_carea' id='block_1_70' title="bbox 1954 1036 3522 1113">
    <p class='ocr_par' dir='ltr' id='par_1_70' title="bbox 1954 1036 3522 1113">
     <span class='ocr_line' id='line_1_70' title="bbox 1954 1036 3522 1113; baseline -0.007 -14"><span class='ocrx_word' id='word_1_459' title='bbox 1954 1044 2112 1108; x_wconf 80' lang='lat' dir='ltr'><strong>Deus,</strong></span> <span class='ocrx_word' id='word_1_460' title='bbox 2143 1046 2343 1113; x_wconf 83' lang='lat' dir='ltr'><strong>potenti</strong></span> <span class='ocrx_word' id='word_1_461' title='bbox 2374 1047 2567 1099; x_wconf 87' lang='lat' dir='ltr'><strong>virtute</strong></span> <span class='ocrx_word' id='word_1_462' title='bbox 2598 1044 2878 1097; x_wconf 78' lang='lat' dir='ltr'><strong>mundatus</strong></span> <span class='ocrx_word' id='word_1_463' title='bbox 2932 1041 2997 1094; x_wconf 89' lang='lat' dir='ltr'><strong>ad</strong></span> <span class='ocrx_word' id='word_1_464' title='bbox 3021 1053 3173 1094; x_wconf 89' lang='lat' dir='ltr'><strong>suum</strong></span> <span class='ocrx_word' id='word_1_465' title='bbox 3196 1036 3392 1092; x_wconf 84' lang='lat' dir='ltr'><strong>faciant</strong></span> <span class='ocrx_word' id='word_1_466' title='bbox 3420 1049 3522 1104; x_wconf 87' lang='lat' dir='ltr'><strong>pu-</strong></span> 
     </span>
    </p>
   </div>
   <div class='ocr_carea' id='block_1_71' title="bbox 1952 1132 3149 1205">
    <p class='ocr_par' dir='ltr' id='par_1_71' title="bbox 1952 1132 3149 1205">
     <span class='ocr_line' id='line_1_71' title="bbox 1952 1132 3149 1205; baseline -0.006 -15"><span class='ocrx_word' id='word_1_467' title='bbox 1952 1136 2119 1190; x_wconf 78' lang='lat' dir='ltr'><strong>riures</strong></span> <span class='ocrx_word' id='word_1_468' title='bbox 2144 1135 2323 1189; x_wconf 88' lang='lat' dir='ltr'><strong>venire</strong></span> <span class='ocrx_word' id='word_1_469' title='bbox 2354 1136 2688 1205; x_wconf 87' lang='lat' dir='ltr'><strong>principium.</strong></span> <span class='ocrx_word' id='word_1_470' title='bbox 2724 1134 2819 1186; x_wconf 82' lang='lat' dir='ltr'><strong>Per</strong></span> <span class='ocrx_word' id='word_1_471' title='bbox 2847 1132 3149 1186; x_wconf 89' lang='lat' dir='ltr'><strong>Dominum.</strong></span> 
     </span>
    </p>
   </div>
   <div class='ocr_carea' id='block_1_72' title="bbox 2023 1224 3517 1296">
    <p class='ocr_par' dir='ltr' id='par_1_72' title="bbox 2023 1224 3517 1296">
     <span class='ocr_line' id='line_1_72' title="bbox 2023 1224 3517 1296; baseline -0.007 -15"><span class='ocrx_word' id='word_1_472' title='bbox 2023 1227 2271 1295; x_wconf 71' lang='lat' dir='ltr'><strong>Prwfalio</strong></span> <span class='ocrx_word' id='word_1_473' title='bbox 2299 1257 2386 1282; x_wconf 92' lang='lat'><strong>.—</strong></span> <span class='ocrx_word' id='word_1_474' title='bbox 2404 1227 2540 1281; x_wconf 83' lang='lat' dir='ltr'><strong>Vere</strong></span> <span class='ocrx_word' id='word_1_475' title='bbox 2577 1227 2791 1296; x_wconf 87' lang='lat' dir='ltr'><strong>dignum</strong></span> <span class='ocrx_word' id='word_1_476' title='bbox 2835 1235 2886 1278; x_wconf 89' lang='lat' dir='ltr'><strong>et</strong></span> <span class='ocrx_word' id='word_1_477' title='bbox 2931 1224 3131 1291; x_wconf 84' lang='lat' dir='ltr'><strong>justum</strong></span> <span class='ocrx_word' id='word_1_478' title='bbox 3168 1228 3269 1288; x_wconf 88' lang='lat' dir='ltr'><strong>est,</strong></span> <span class='ocrx_word' id='word_1_479' title='bbox 3310 1231 3517 1286; x_wconf 71' lang='lat' dir='ltr'><strong>azquum</strong></span> 
     </span>
    </p>
   </div>
   <div class='ocr_carea' id='block_1_73' title="bbox 1954 1314 3520 1387">
    <p class='ocr_par' dir='ltr' id='par_1_73' title="bbox 1954 1314 3520 1387">
     <span class='ocr_line' id='line_1_73' title="bbox 1954 1314 3520 1387; baseline -0.008 -12"><span class='ocrx_word' id='word_1_480' title='bbox 1954 1329 2007 1375; x_wconf 89' lang='lat' dir='ltr'><strong>et</strong></span> <span class='ocrx_word' id='word_1_481' title='bbox 2033 1322 2282 1387; x_wconf 79' lang='lat' dir='ltr'><strong>salutare,</strong></span> <span class='ocrx_word' id='word_1_482' title='bbox 2319 1336 2414 1374; x_wconf 87' lang='lat' dir='ltr'><strong>nos</strong></span> <span class='ocrx_word' id='word_1_483' title='bbox 2448 1321 2537 1374; x_wconf 88' lang='lat' dir='ltr'><strong>tibi</strong></span> <span class='ocrx_word' id='word_1_484' title='bbox 2580 1334 2790 1387; x_wconf 87' lang='lat' dir='ltr'><strong>semper</strong></span> <span class='ocrx_word' id='word_1_485' title='bbox 2812 1326 2866 1371; x_wconf 90' lang='lat' dir='ltr'><strong>et</strong></span> <span class='ocrx_word' id='word_1_486' title='bbox 2895 1316 3084 1385; x_wconf 85' lang='lat' dir='ltr'><strong>ubique</strong></span> <span class='ocrx_word' id='word_1_487' title='bbox 3111 1314 3310 1383; x_wconf 82' lang='lat' dir='ltr'><strong>gratias</strong></span> <span class='ocrx_word' id='word_1_488' title='bbox 3339 1324 3520 1380; x_wconf 86' lang='lat' dir='ltr'><strong>agere,</strong></span> 
     </span>
    </p>
   </div>
   <div class='ocr_carea' id='block_1_74' title="bbox 1959 1402 3525 1477">
    <p class='ocr_par' dir='ltr' id='par_1_74' title="bbox 1959 1402 3525 1477">
     <span class='ocr_line' id='line_1_74' title="bbox 1959 1402 3525 1477; baseline -0.008 -14"><span class='ocrx_word' id='word_1_489' title='bbox 1959 1410 2180 1465; x_wconf 87' lang='lat' dir='ltr'><strong>Domine</strong></span> <span class='ocrx_word' id='word_1_490' title='bbox 2203 1422 2403 1477; x_wconf 86' lang='lat' dir='ltr'><strong>sancte,</strong></span> <span class='ocrx_word' id='word_1_491' title='bbox 2440 1409 2597 1464; x_wconf 85' lang='lat' dir='ltr'><strong>Pater</strong></span> <span class='ocrx_word' id='word_1_492' title='bbox 2620 1409 2979 1476; x_wconf 85' lang='lat' dir='ltr'><strong>omnipotens,</strong></span> <span class='ocrx_word' id='word_1_493' title='bbox 3014 1414 3211 1458; x_wconf 66' lang='lat' dir='ltr'><strong>aeterne</strong></span> <span class='ocrx_word' id='word_1_494' title='bbox 3237 1402 3398 1465; x_wconf 89' lang='lat' dir='ltr'><strong>Deus,</strong></span> <span class='ocrx_word' id='word_1_495' title='bbox 3431 1412 3525 1467; x_wconf 88' lang='lat' dir='ltr'><strong>per</strong></span> 
     </span>
    </p>
   </div>
   <div class='ocr_carea' id='block_1_75' title="bbox 1955 1490 3525 1566">
    <p class='ocr_par' dir='ltr' id='par_1_75' title="bbox 1955 1490 3525 1566">
     <span class='ocr_line' id='line_1_75' title="bbox 1955 1490 3525 1566; baseline -0.01 -9"><span class='ocrx_word' id='word_1_496' title='bbox 1955 1503 2220 1557; x_wconf 76' lang='lat' dir='ltr'><strong>Christum</strong></span> <span class='ocrx_word' id='word_1_497' title='bbox 2252 1503 2530 1556; x_wconf 87' lang='lat' dir='ltr'><strong>Dominum</strong></span> <span class='ocrx_word' id='word_1_498' title='bbox 2578 1498 3028 1566; x_wconf 83' lang='lat' dir='ltr'><strong>nostrum:cujus</strong></span> <span class='ocrx_word' id='word_1_499' title='bbox 3078 1510 3174 1549; x_wconf 89' lang='lat' dir='ltr'><strong>nos</strong></span> <span class='ocrx_word' id='word_1_500' title='bbox 3223 1490 3525 1547; x_wconf 86' lang='lat' dir='ltr'><strong>humanitas</strong></span> 
     </span>
    </p>
   </div>
   <div class='ocr_carea' id='block_1_76' title="bbox 1953 1583 3524 1665">
    <p class='ocr_par' dir='ltr' id='par_1_76' title="bbox 1953 1583 3524 1665">
     <span class='ocr_line' id='line_1_76' title="bbox 1953 1583 3524 1665; baseline -0.009 -16"><span class='ocrx_word' id='word_1_501' title='bbox 1953 1596 2174 1665; x_wconf 78' lang='lat' dir='ltr'><strong>colligit,</strong></span> <span class='ocrx_word' id='word_1_502' title='bbox 2206 1594 2355 1665; x_wconf 70' lang='lat'><strong>(9.56)</strong></span> <span class='ocrx_word' id='word_1_503' title='bbox 2389 1594 2654 1647; x_wconf 87' lang='lat' dir='ltr'><strong>humilitas</strong></span> <span class='ocrx_word' id='word_1_504' title='bbox 2683 1590 2859 1659; x_wconf 81' lang='lat' dir='ltr'><strong>erigit,</strong></span> <span class='ocrx_word' id='word_1_505' title='bbox 2888 1586 3096 1643; x_wconf 90' lang='lat' dir='ltr'><strong>traditio</strong></span> <span class='ocrx_word' id='word_1_506' title='bbox 3123 1583 3370 1645; x_wconf 87' lang='lat' dir='ltr'><strong>absolvit,</strong></span> <span class='ocrx_word' id='word_1_507' title='bbox 3405 1595 3524 1650; x_wconf 74' lang='lat' dir='ltr'><strong>pte-</strong></span> 
     </span>
    </p>
   </div>
   <div class='ocr_carea' id='block_1_77' title="bbox 1956 1675 3529 1751">
    <p class='ocr_par' dir='ltr' id='par_1_77' title="bbox 1956 1675 3529 1751">
     <span class='ocr_line' id='line_1_77' title="bbox 1956 1675 3529 1751; baseline -0.01 -11"><span class='ocrx_word' id='word_1_508' title='bbox 1956 1701 2019 1740; x_wconf 88' lang='lat' dir='ltr'><strong>na</strong></span> <span class='ocrx_word' id='word_1_509' title='bbox 2053 1688 2296 1751; x_wconf 83' lang='lat' dir='ltr'><strong>redemit,</strong></span> <span class='ocrx_word' id='word_1_510' title='bbox 2329 1700 2457 1739; x_wconf 81' lang='lat' dir='ltr'><strong>crux</strong></span> <span class='ocrx_word' id='word_1_511' title='bbox 2505 1684 2783 1749; x_wconf 86' lang='lat' dir='ltr'><strong>salvilicat,</strong></span> <span class='ocrx_word' id='word_1_512' title='bbox 2816 1680 3030 1750; x_wconf 75' lang='lat' dir='ltr'><strong>sanguis</strong></span> <span class='ocrx_word' id='word_1_513' title='bbox 3079 1675 3360 1737; x_wconf 86' lang='lat' dir='ltr'><strong>emaculat,</strong></span> <span class='ocrx_word' id='word_1_514' title='bbox 3404 1685 3529 1725; x_wconf 88' lang='lat' dir='ltr'><strong>caro</strong></span> 
     </span>
    </p>
   </div>
   <div class='ocr_carea' id='block_1_78' title="bbox 1955 1766 3526 1847">
    <p class='ocr_par' dir='ltr' id='par_1_78' title="bbox 1955 1766 3526 1847">
     <span class='ocr_line' id='line_1_78' title="bbox 1955 1766 3526 1847; baseline -0.01 -15"><span class='ocrx_word' id='word_1_515' title='bbox 1955 1781 2181 1846; x_wconf 86' lang='lat' dir='ltr'><strong>saginat.</strong></span> <span class='ocrx_word' id='word_1_516' title='bbox 2204 1778 2307 1832; x_wconf 86' lang='lat' dir='ltr'><strong>Per</strong></span> <span class='ocrx_word' id='word_1_517' title='bbox 2329 1794 2505 1847; x_wconf 88' lang='lat' dir='ltr'><strong>quem,</strong></span> <span class='ocrx_word' id='word_1_518' title='bbox 2530 1786 2603 1843; x_wconf 89' lang='lat' dir='ltr'><strong>te,</strong></span> <span class='ocrx_word' id='word_1_519' title='bbox 2627 1792 2833 1830; x_wconf 89' lang='lat' dir='ltr'><strong>summe</strong></span> <span class='ocrx_word' id='word_1_520' title='bbox 2855 1776 3030 1837; x_wconf 77' lang='lat' dir='ltr'><strong>Pater,</strong></span> <span class='ocrx_word' id='word_1_521' title='bbox 3060 1786 3179 1825; x_wconf 91' lang='lat' dir='ltr'><strong>cum</strong></span> <span class='ocrx_word' id='word_1_522' title='bbox 3198 1766 3526 1838; x_wconf 86' lang='lat' dir='ltr'><strong>jejuniorum</strong></span> 
     </span>
    </p>
   </div>
   <div class='ocr_carea' id='block_1_79' title="bbox 1884 1865 3532 1941">
    <p class='ocr_par' dir='ltr' id='par_1_79' title="bbox 1884 1865 3532 1941">
     <span class='ocr_line' id='line_1_79' title="bbox 1884 1865 3532 1941; baseline -0.01 -15"><span class='ocrx_word' id='word_1_523' title='bbox 1884 1877 1935 1939; x_wconf 80' lang='grc' dir='ltr'><strong>Β</strong></span> <span class='ocrx_word' id='word_1_524' title='bbox 1962 1872 2227 1941; x_wconf 87' lang='lat' dir='ltr'><strong>obsequiis</strong></span> <span class='ocrx_word' id='word_1_525' title='bbox 2255 1872 2596 1925; x_wconf 82' lang='lat' dir='ltr'><strong>obsecramus</strong></span> <span class='ocrx_word' id='word_1_526' title='bbox 2617 1912 2630 1937; x_wconf 95' lang='lat'><strong>,</strong></span> <span class='ocrx_word' id='word_1_527' title='bbox 2665 1878 2720 1923; x_wconf 88' lang='lat' dir='ltr'><strong>ut</strong></span> <span class='ocrx_word' id='word_1_528' title='bbox 2762 1869 2824 1922; x_wconf 90' lang='lat' dir='ltr'><strong>ad</strong></span> <span class='ocrx_word' id='word_1_529' title='bbox 2857 1866 2971 1937; x_wconf 86' lang='lat' dir='ltr'><strong>ejus</strong></span> <span class='ocrx_word' id='word_1_530' title='bbox 3016 1865 3384 1919; x_wconf 87' lang='lat' dir='ltr'><strong>celebrandam</strong></span> <span class='ocrx_word' id='word_1_531' title='bbox 3417 1870 3532 1927; x_wconf 89' lang='lat' dir='ltr'><strong>pas-</strong></span> 
     </span>
    </p>
   </div>
   <div class='ocr_carea' id='block_1_80' title="bbox 1959 1953 3529 2031">
    <p class='ocr_par' dir='ltr' id='par_1_80' title="bbox 1959 1953 3529 2031">
     <span class='ocr_line' id='line_1_80' title="bbox 1959 1953 3529 2031; baseline -0.012 -11"><span class='ocrx_word' id='word_1_532' title='bbox 1959 1966 2163 2020; x_wconf 89' lang='lat' dir='ltr'><strong>sionem</strong></span> <span class='ocrx_word' id='word_1_533' title='bbox 2204 1963 2494 2031; x_wconf 80' lang='lat' dir='ltr'><strong>puriﬁc:-tis</strong></span> <span class='ocrx_word' id='word_1_534' title='bbox 2522 1962 2787 2016; x_wconf 88' lang='lat' dir='ltr'><strong>ruentibus</strong></span> <span class='ocrx_word' id='word_1_535' title='bbox 2827 1958 3165 2013; x_wconf 80' lang='lat' dir='ltr'><strong>accedamus.</strong></span> <span class='ocrx_word' id='word_1_536' title='bbox 3210 1953 3310 2007; x_wconf 90' lang='lat' dir='ltr'><strong>Per</strong></span> <span class='ocrx_word' id='word_1_537' title='bbox 3351 1961 3529 2021; x_wconf 88' lang='lat' dir='ltr'><strong>quem.</strong></span> 
     </span>
    </p>
   </div>
   <div class='ocr_carea' id='block_1_81' title="bbox 2027 2042 3535 2123">
    <p class='ocr_par' dir='ltr' id='par_1_81' title="bbox 2027 2042 3535 2123">
     <span class='ocr_line' id='line_1_81' title="bbox 2027 2042 3535 2123; baseline -0.008 -15"><span class='ocrx_word' id='word_1_538' title='bbox 2027 2056 2108 2108; x_wconf 84' lang='lat' dir='ltr'><strong>Ad</strong></span> <span class='ocrx_word' id='word_1_539' title='bbox 2132 2054 2515 2123; x_wconf 80' lang='lat' dir='ltr'><strong>Complendum.</strong></span> <span class='ocrx_word' id='word_1_540' title='bbox 2550 2084 2615 2095; x_wconf 71' lang='grc' dir='ltr'><strong>σ-</strong></span> <span class='ocrx_word' id='word_1_541' title='bbox 2637 2054 2915 2107; x_wconf 73' lang='lat' dir='ltr'><strong>Prazbeant</strong></span> <span class='ocrx_word' id='word_1_542' title='bbox 2954 2050 3127 2116; x_wconf 71' lang='lat' dir='ltr'><strong>nubis,</strong></span> <span class='ocrx_word' id='word_1_543' title='bbox 3171 2045 3414 2109; x_wconf 89' lang='lat' dir='ltr'><strong>Domine,</strong></span> <span class='ocrx_word' id='word_1_544' title='bbox 3444 2042 3535 2097; x_wconf 87' lang='lat' dir='ltr'><strong>di-</strong></span> 
     </span>
    </p>
   </div>
   <div class='ocr_carea' id='block_1_82' title="bbox 1958 2138 3535 2214">
    <p class='ocr_par' dir='ltr' id='par_1_82' title="bbox 1958 2138 3535 2214">
     <span class='ocr_line' id='line_1_82' title="bbox 1958 2138 3535 2214; baseline -0.008 -13"><span class='ocrx_word' id='word_1_545' title='bbox 1958 2148 2139 2203; x_wconf 87' lang='lat' dir='ltr'><strong>vinum</strong></span> <span class='ocrx_word' id='word_1_546' title='bbox 2172 2157 2255 2201; x_wconf 91' lang='lat' dir='ltr'><strong>tua</strong></span> <span class='ocrx_word' id='word_1_547' title='bbox 2303 2157 2485 2203; x_wconf 90' lang='lat' dir='ltr'><strong>sancta</strong></span> <span class='ocrx_word' id='word_1_548' title='bbox 2529 2146 2825 2210; x_wconf 84' lang='lat' dir='ltr'><strong>fervorem,</strong></span> <span class='ocrx_word' id='word_1_549' title='bbox 2874 2160 2979 2214; x_wconf 89' lang='lat' dir='ltr'><strong>quo</strong></span> <span class='ocrx_word' id='word_1_550' title='bbox 3007 2156 3192 2197; x_wconf 88' lang='lat' dir='ltr'><strong>eorum</strong></span> <span class='ocrx_word' id='word_1_551' title='bbox 3238 2138 3436 2209; x_wconf 90' lang='lat' dir='ltr'><strong>pariter</strong></span> <span class='ocrx_word' id='word_1_552' title='bbox 3481 2140 3535 2190; x_wconf 88' lang='lat' dir='ltr'><strong>et</strong></span> 
     </span>
    </p>
   </div>
   <div class='ocr_carea' id='block_1_83' title="bbox 1957 2239 3460 2295">
    <p class='ocr_par' dir='ltr' id='par_1_83' title="bbox 1957 2239 3460 2295">
     <span class='ocr_line' id='line_1_83' title="bbox 1957 2239 3460 2295; baseline -0.005 0"><span class='ocrx_word' id='word_1_553' title='bbox 1957 2252 2081 2295; x_wconf 89' lang='lat' dir='ltr'><strong>actu</strong></span> <span class='ocrx_word' id='word_1_554' title='bbox 2104 2241 2431 2295; x_wconf 86' lang='lat' dir='ltr'><strong>delectemur</strong></span> <span class='ocrx_word' id='word_1_555' title='bbox 2453 2248 2507 2294; x_wconf 90' lang='lat' dir='ltr'><strong>et</strong></span> <span class='ocrx_word' id='word_1_556' title='bbox 2531 2239 2725 2294; x_wconf 82' lang='lat' dir='ltr'><strong>fructu.</strong></span> <span class='ocrx_word' id='word_1_557' title='bbox 2757 2240 2859 2294; x_wconf 90' lang='lat' dir='ltr'><strong>Per</strong></span> <span class='ocrx_word' id='word_1_558' title='bbox 2892 2239 3172 2293; x_wconf 85' lang='lat' dir='ltr'><strong>Dominum</strong></span> <span class='ocrx_word' id='word_1_559' title='bbox 3198 2243 3460 2292; x_wconf 88' lang='lat' dir='ltr'><strong>nostrum.</strong></span> 
     </span>
    </p>
   </div>
   <div class='ocr_carea' id='block_1_84' title="bbox 2034 2326 3537 2404">
    <p class='ocr_par' dir='ltr' id='par_1_84' title="bbox 2034 2326 3537 2404">
     <span class='ocr_line' id='line_1_84' title="bbox 2034 2326 3537 2404; baseline -0.003 -18"><span class='ocrx_word' id='word_1_560' title='bbox 2034 2332 2203 2401; x_wconf 84' lang='lat' dir='ltr'><strong>Super</strong></span> <span class='ocrx_word' id='word_1_561' title='bbox 2252 2335 2519 2404; x_wconf 85' lang='lat' dir='ltr'><strong>populum.</strong></span> <span class='ocrx_word' id='word_1_562' title='bbox 2548 2361 2619 2372; x_wconf 89' lang='lat'><strong>——</strong></span> <span class='ocrx_word' id='word_1_563' title='bbox 2649 2331 2856 2401; x_wconf 89' lang='lat' dir='ltr'><strong>Adjuva</strong></span> <span class='ocrx_word' id='word_1_564' title='bbox 2914 2345 3047 2398; x_wconf 89' lang='lat' dir='ltr'><strong>nos,</strong></span> <span class='ocrx_word' id='word_1_565' title='bbox 3101 2329 3242 2384; x_wconf 88' lang='lat' dir='ltr'><strong>Deus</strong></span> <span class='ocrx_word' id='word_1_566' title='bbox 3288 2326 3537 2384; x_wconf 84' lang='lat' dir='ltr'><strong>salutaris</strong></span> 
     </span>
    </p>
   </div>
   <div class='ocr_carea' id='block_1_85' title="bbox 1959 2422 3537 2495">
    <p class='ocr_par' dir='ltr' id='par_1_85' title="bbox 1959 2422 3537 2495">
     <span class='ocr_line' id='line_1_85' title="bbox 1959 2422 3537 2495; baseline -0.003 -15"><span class='ocrx_word' id='word_1_567' title='bbox 1959 2435 2162 2489; x_wconf 89' lang='lat' dir='ltr'><strong>noster,</strong></span> <span class='ocrx_word' id='word_1_568' title='bbox 2192 2434 2245 2478; x_wconf 91' lang='lat' dir='ltr'><strong>et</strong></span> <span class='ocrx_word' id='word_1_569' title='bbox 2274 2426 2339 2479; x_wconf 89' lang='lat' dir='ltr'><strong>ad</strong></span> <span class='ocrx_word' id='word_1_570' title='bbox 2364 2425 2617 2480; x_wconf 84' lang='lat' dir='ltr'><strong>beneficia</strong></span> <span class='ocrx_word' id='word_1_571' title='bbox 2647 2424 2923 2480; x_wconf 89' lang='lat' dir='ltr'><strong>recolenda</strong></span> <span class='ocrx_word' id='word_1_572' title='bbox 2942 2465 2956 2489; x_wconf 92' lang='lat'><strong>,</strong></span> <span class='ocrx_word' id='word_1_573' title='bbox 2990 2422 3179 2495; x_wconf 90' lang='lat' dir='ltr'><strong>quibus</strong></span> <span class='ocrx_word' id='word_1_574' title='bbox 3204 2435 3301 2477; x_wconf 89' lang='lat' dir='ltr'><strong>nos</strong></span> <span class='ocrx_word' id='word_1_575' title='bbox 3330 2422 3537 2475; x_wconf 87' lang='lat' dir='ltr'><strong>instau-</strong></span> 
     </span>
    </p>
   </div>
   <div class='ocr_carea' id='block_1_86' title="bbox 1960 2512 3536 2587">
    <p class='ocr_par' dir='ltr' id='par_1_86' title="bbox 1960 2512 3536 2587">
     <span class='ocr_line' id='line_1_86' title="bbox 1960 2512 3536 2587; baseline -0.001 -17"><span class='ocrx_word' id='word_1_576' title='bbox 1960 2529 2081 2570; x_wconf 88' lang='lat' dir='ltr'><strong>rare</strong></span> <span class='ocrx_word' id='word_1_577' title='bbox 2125 2516 2369 2586; x_wconf 85' lang='lat' dir='ltr'><strong>dignatus</strong></span> <span class='ocrx_word' id='word_1_578' title='bbox 2411 2531 2489 2581; x_wconf 91' lang='lat' dir='ltr'><strong>es,</strong></span> <span class='ocrx_word' id='word_1_579' title='bbox 2530 2516 2638 2587; x_wconf 78' lang='lat'><strong>62</strong></span> <span class='ocrx_word' id='word_1_580' title='bbox 2669 2515 2838 2572; x_wconf 90' lang='lat' dir='ltr'><strong>tribue</strong></span> <span class='ocrx_word' id='word_1_581' title='bbox 2879 2514 3060 2572; x_wconf 88' lang='lat' dir='ltr'><strong>venire</strong></span> <span class='ocrx_word' id='word_1_582' title='bbox 3087 2514 3399 2585; x_wconf 80' lang='lat' dir='ltr'><strong>gaudentes.</strong></span> <span class='ocrx_word' id='word_1_583' title='bbox 3431 2512 3536 2570; x_wconf 85' lang='lat' dir='ltr'><strong>Per</strong></span> 
     </span>
    </p>
   </div>
   <div class='ocr_carea' id='block_1_87' title="bbox 1962 2610 2538 2667">
    <p class='ocr_par' dir='ltr' id='par_1_87' title="bbox 1962 2610 2538 2667">
     <span class='ocr_line' id='line_1_87' title="bbox 1962 2610 2538 2667; baseline -0.005 0"><span class='ocrx_word' id='word_1_584' title='bbox 1962 2610 2246 2667; x_wconf 86' lang='lat' dir='ltr'><strong>Dominum</strong></span> <span class='ocrx_word' id='word_1_585' title='bbox 2276 2620 2538 2666; x_wconf 89' lang='lat' dir='ltr'><strong>nostrum.</strong></span> 
     </span>
    </p>
   </div>
   <div class='ocr_carea' id='block_1_88' title="bbox 2390 2720 3109 2780">
    <p class='ocr_par' dir='ltr' id='par_1_88' title="bbox 2390 2720 3109 2780">
     <span class='ocr_line' id='line_1_88' title="bbox 2390 2720 3109 2780; baseline 0.003 -5"><span class='ocrx_word' id='word_1_586' title='bbox 2390 2736 2547 2776; x_wconf 76' lang='lat' dir='ltr'><strong>FERIA</strong></span> <span class='ocrx_word' id='word_1_587' title='bbox 2578 2736 2635 2776; x_wconf 81' lang='grc' dir='ltr'>ιιι</span> <span class='ocrx_word' id='word_1_588' title='bbox 2664 2735 2794 2777; x_wconf 81' lang='lat' dir='ltr'><strong>rcsr</strong></span> <span class='ocrx_word' id='word_1_589' title='bbox 2832 2720 2859 2759; x_wconf 77' lang='grc' dir='ltr'>ά</span> <span class='ocrx_word' id='word_1_590' title='bbox 2889 2738 3109 2780; x_wconf 76' lang='lat' dir='ltr'><strong>PALIAS.</strong></span> 
     </span>
    </p>
   </div>
   <div class='ocr_carea' id='block_1_89' title="bbox 2031 2810 3531 2893">
    <p class='ocr_par' dir='ltr' id='par_1_89' title="bbox 2031 2810 3531 2893">
     <span class='ocr_line' id='line_1_89' title="bbox 2031 2810 3531 2893; baseline -0.001 -12"><span class='ocrx_word' id='word_1_591' title='bbox 2031 2826 2378 2893; x_wconf 91' lang='lat' dir='ltr'><strong>Omnipotens</strong></span> <span class='ocrx_word' id='word_1_592' title='bbox 2407 2827 2730 2893; x_wconf 87' lang='lat' dir='ltr'><strong>sempiterne</strong></span> <span class='ocrx_word' id='word_1_593' title='bbox 2758 2810 2932 2892; x_wconf 49' lang='lat' dir='ltr'><strong>Deus&#39;,</strong></span> <span class='ocrx_word' id='word_1_594' title='bbox 2974 2825 3039 2879; x_wconf 91' lang='lat' dir='ltr'><strong>da</strong></span> <span class='ocrx_word' id='word_1_595' title='bbox 3066 2825 3220 2881; x_wconf 90' lang='lat' dir='ltr'><strong>nobis</strong></span> <span class='ocrx_word' id='word_1_596' title='bbox 3247 2826 3319 2881; x_wconf 86' lang='lat' dir='ltr'><strong>ita</strong></span> <span class='ocrx_word' id='word_1_597' title='bbox 3347 2826 3531 2881; x_wconf 89' lang='lat' dir='ltr'><strong>domi-</strong></span> 
     </span>
    </p>
   </div>
   <div class='ocr_carea' id='block_1_90' title="bbox 1961 2916 3532 2988">
    <p class='ocr_par' dir='ltr' id='par_1_90' title="bbox 1961 2916 3532 2988">
     <span class='ocr_line' id='line_1_90' title="bbox 1961 2916 3532 2988; baseline 0.001 -17"><span class='ocrx_word' id='word_1_598' title='bbox 1961 2918 2095 2972; x_wconf 85' lang='lat' dir='ltr'><strong>nicae</strong></span> <span class='ocrx_word' id='word_1_599' title='bbox 2124 2916 2383 2987; x_wconf 83' lang='lat' dir='ltr'><strong>passionis</strong></span> <span class='ocrx_word' id='word_1_600' title='bbox 2416 2916 2562 2987; x_wconf 68' lang='lat'><strong>(237)</strong></span> <span class='ocrx_word' id='word_1_601' title='bbox 2593 2928 2925 2973; x_wconf 87' lang='lat' dir='ltr'><strong>sacramenta</strong></span> <span class='ocrx_word' id='word_1_602' title='bbox 2954 2932 3227 2988; x_wconf 81' lang='lat' dir='ltr'><strong>peragere,</strong></span> <span class='ocrx_word' id='word_1_603' title='bbox 3260 2927 3317 2973; x_wconf 86' lang='lat' dir='ltr'><strong>ut</strong></span> <span class='ocrx_word' id='word_1_604' title='bbox 3344 2917 3532 2974; x_wconf 88' lang='lat' dir='ltr'><strong>indul-</strong></span> 
     </span>
    </p>
   </div>
   <div class='ocr_carea' id='block_1_91' title="bbox 1962 3008 3258 3080">
    <p class='ocr_par' dir='ltr' id='par_1_91' title="bbox 1962 3008 3258 3080">
     <span class='ocr_line' id='line_1_91' title="bbox 1962 3008 3258 3080; baseline 0.002 -17"><span class='ocrx_word' id='word_1_605' title='bbox 1962 3009 2192 3080; x_wconf 79' lang='lat' dir='ltr'><strong>gentiam</strong></span> <span class='ocrx_word' id='word_1_606' title='bbox 2217 3010 2489 3077; x_wconf 90' lang='lat' dir='ltr'><strong>percipere</strong></span> <span class='ocrx_word' id='word_1_607' title='bbox 2519 3022 2840 3065; x_wconf 87' lang='lat' dir='ltr'><strong>merearuur.</strong></span> <span class='ocrx_word' id='word_1_608' title='bbox 2871 3008 2972 3065; x_wconf 90' lang='lat' dir='ltr'><strong>Per</strong></span> <span class='ocrx_word' id='word_1_609' title='bbox 2992 3010 3258 3066; x_wconf 79' lang='lat' dir='ltr'><strong>eumdem.</strong></span> 
     </span>
    </p>
   </div>
   <div class='ocr_carea' id='block_1_92' title="bbox 2032 3102 3538 3172">
    <p class='ocr_par' dir='ltr' id='par_1_92' title="bbox 2032 3102 3538 3172">
     <span class='ocr_line' id='line_1_92' title="bbox 2032 3102 3538 3172; baseline 0.001 -17"><span class='ocrx_word' id='word_1_610' title='bbox 2032 3102 2168 3156; x_wconf 85' lang='lat' dir='ltr'><strong>Alia.</strong></span> <span class='ocrx_word' id='word_1_611' title='bbox 2196 3128 2266 3142; x_wconf 89' lang='lat'><strong>—</strong></span> <span class='ocrx_word' id='word_1_612' title='bbox 2291 3102 2639 3172; x_wconf 86' lang='lat' dir='ltr'><strong>Omnipotens</strong></span> <span class='ocrx_word' id='word_1_613' title='bbox 2668 3103 2992 3172; x_wconf 89' lang='lat' dir='ltr'><strong>sempiterne</strong></span> <span class='ocrx_word' id='word_1_614' title='bbox 3017 3103 3178 3171; x_wconf 90' lang='lat' dir='ltr'><strong>Deus,</strong></span> <span class='ocrx_word' id='word_1_615' title='bbox 3226 3104 3313 3171; x_wconf 87' lang='lat' dir='ltr'><strong>qui</strong></span> <span class='ocrx_word' id='word_1_616' title='bbox 3338 3102 3538 3160; x_wconf 88' lang='lat' dir='ltr'><strong>Christi</strong></span> 
     </span>
    </p>
   </div>
   <div class='ocr_carea' id='block_1_93' title="bbox 1963 3194 3541 3266">
    <p class='ocr_par' dir='ltr' id='par_1_93' title="bbox 1963 3194 3541 3266">
     <span class='ocr_line' id='line_1_93' title="bbox 1963 3194 3541 3266; baseline 0.001 -15"><span class='ocrx_word' id='word_1_617' title='bbox 1963 3195 2037 3251; x_wconf 92' lang='lat' dir='ltr'><strong>tui</strong></span> <span class='ocrx_word' id='word_1_618' title='bbox 2068 3194 2222 3250; x_wconf 89' lang='lat' dir='ltr'><strong>beata</strong></span> <span class='ocrx_word' id='word_1_619' title='bbox 2275 3197 2518 3265; x_wconf 89' lang='lat' dir='ltr'><strong>passione</strong></span> <span class='ocrx_word' id='word_1_620' title='bbox 2562 3212 2660 3253; x_wconf 88' lang='lat' dir='ltr'><strong>nos</strong></span> <span class='ocrx_word' id='word_1_621' title='bbox 2702 3210 2947 3266; x_wconf 76' lang='lat' dir='ltr'><strong>repares,</strong></span> <span class='ocrx_word' id='word_1_622' title='bbox 2979 3210 3233 3253; x_wconf 84' lang='lat' dir='ltr'><strong>conserva</strong></span> <span class='ocrx_word' id='word_1_623' title='bbox 3278 3198 3334 3251; x_wconf 87' lang='lat' dir='ltr'><strong>in</strong></span> <span class='ocrx_word' id='word_1_624' title='bbox 3384 3197 3541 3253; x_wconf 81' lang='lat' dir='ltr'><strong>nobis</strong></span> 
     </span>
    </p>
   </div>
   <div class='ocr_carea' id='block_1_94' title="bbox 1961 3289 3534 3360">
    <p class='ocr_par' dir='ltr' id='par_1_94' title="bbox 1961 3289 3534 3360">
     <span class='ocr_line' id='line_1_94' title="bbox 1961 3289 3534 3360; baseline 0.002 -16"><span class='ocrx_word' id='word_1_625' title='bbox 1961 3304 2120 3359; x_wconf 87' lang='lat' dir='ltr'><strong>opera</strong></span> <span class='ocrx_word' id='word_1_626' title='bbox 2143 3289 2526 3345; x_wconf 70' lang='lat' dir='ltr'><strong>misericordiae</strong></span> <span class='ocrx_word' id='word_1_627' title='bbox 2558 3298 2684 3357; x_wconf 62' lang='lat' dir='ltr'><strong>tuae,</strong></span> <span class='ocrx_word' id='word_1_628' title='bbox 2716 3292 2847 3346; x_wconf 90' lang='lat' dir='ltr'><strong>utin</strong></span> <span class='ocrx_word' id='word_1_629' title='bbox 2877 3292 3032 3360; x_wconf 88' lang='lat' dir='ltr'><strong>hujus</strong></span> <span class='ocrx_word' id='word_1_630' title='bbox 3061 3291 3372 3347; x_wconf 83' lang='lat' dir='ltr'><strong>celebritate</strong></span> <span class='ocrx_word' id='word_1_631' title='bbox 3413 3305 3534 3358; x_wconf 78' lang='lat' dir='ltr'><strong>my-</strong></span> 
     </span>
    </p>
   </div>
   <div class='ocr_carea' id='block_1_95' title="bbox 1961 3381 3146 3451">
    <p class='ocr_par' dir='ltr' id='par_1_95' title="bbox 1961 3381 3146 3451">
     <span class='ocr_line' id='line_1_95' title="bbox 1961 3381 3146 3451; baseline 0.003 -16"><span class='ocrx_word' id='word_1_632' title='bbox 1961 3381 2107 3435; x_wconf 89' lang='lat' dir='ltr'><strong>sterii</strong></span> <span class='ocrx_word' id='word_1_633' title='bbox 2140 3393 2389 3451; x_wconf 90' lang='lat' dir='ltr'><strong>perpetua</strong></span> <span class='ocrx_word' id='word_1_634' title='bbox 2418 3382 2707 3439; x_wconf 89' lang='lat' dir='ltr'><strong>devotione</strong></span> <span class='ocrx_word' id='word_1_635' title='bbox 2730 3384 2995 3440; x_wconf 85' lang='lat' dir='ltr'><strong>vivamus.</strong></span> <span class='ocrx_word' id='word_1_636' title='bbox 3024 3385 3146 3440; x_wconf 80' lang='lat' dir='ltr'><strong>Per.</strong></span> 
     </span>
    </p>
   </div>
   <div class='ocr_carea' id='block_1_96' title="bbox 2035 3473 3536 3548">
    <p class='ocr_par' dir='ltr' id='par_1_96' title="bbox 2035 3473 3536 3548">
     <span class='ocr_line' id='line_1_96' title="bbox 2035 3473 3536 3548; baseline -0.001 -17"><span class='ocrx_word' id='word_1_637' title='bbox 2035 3473 2204 3545; x_wconf 78' lang='lat' dir='ltr'><strong>Super</strong></span> <span class='ocrx_word' id='word_1_638' title='bbox 2247 3475 2439 3531; x_wconf 83' lang='lat' dir='ltr'><strong>oblata.</strong></span> <span class='ocrx_word' id='word_1_639' title='bbox 2468 3507 2539 3517; x_wconf 88' lang='lat'><strong><em>—</em></strong></span> <span class='ocrx_word' id='word_1_640' title='bbox 2570 3478 2839 3533; x_wconf 84' lang='lat' dir='ltr'><strong>Sacriﬁcia</strong></span> <span class='ocrx_word' id='word_1_641' title='bbox 2870 3493 2999 3543; x_wconf 89' lang='lat' dir='ltr'><strong>nos,</strong></span> <span class='ocrx_word' id='word_1_642' title='bbox 3046 3492 3384 3548; x_wconf 66' lang='lat' dir='ltr'><strong>quaasumus,</strong></span> <span class='ocrx_word' id='word_1_643' title='bbox 3432 3476 3536 3531; x_wconf 89' lang='lat' dir='ltr'><strong>Do-</strong></span> 
     </span>
    </p>
   </div>
   <div class='ocr_carea' id='block_1_97' title="bbox 1964 3568 3543 3643">
    <p class='ocr_par' dir='ltr' id='par_1_97' title="bbox 1964 3568 3543 3643">
     <span class='ocr_line' id='line_1_97' title="bbox 1964 3568 3543 3643; baseline 0.002 -20"><span class='ocrx_word' id='word_1_644' title='bbox 1964 3568 2128 3635; x_wconf 90' lang='lat' dir='ltr'><strong>mine,</strong></span> <span class='ocrx_word' id='word_1_645' title='bbox 2159 3573 2471 3639; x_wconf 90' lang='lat' dir='ltr'><strong>propensius</strong></span> <span class='ocrx_word' id='word_1_646' title='bbox 2496 3570 2597 3625; x_wconf 89' lang='lat' dir='ltr'><strong>ista</strong></span> <span class='ocrx_word' id='word_1_647' title='bbox 2628 3580 2961 3639; x_wconf 88' lang='lat' dir='ltr'><strong>restaurent,</strong></span> <span class='ocrx_word' id='word_1_648' title='bbox 2996 3571 3147 3643; x_wconf 75' lang='grc'><strong>(258)</strong></span> <span class='ocrx_word' id='word_1_649' title='bbox 3177 3586 3293 3638; x_wconf 69' lang='lat' dir='ltr'><strong>quae</strong></span> <span class='ocrx_word' id='word_1_650' title='bbox 3321 3569 3543 3626; x_wconf 85' lang='lat' dir='ltr'><strong>medici-</strong></span> 
     </span>
    </p>
   </div>
   <div class='ocr_carea' id='block_1_98' title="bbox 1965 3659 3536 3730">
    <p class='ocr_par' dir='ltr' id='par_1_98' title="bbox 1965 3659 3536 3730">
     <span class='ocr_line' id='line_1_98' title="bbox 1965 3659 3536 3730; baseline 0.002 -16"><span class='ocrx_word' id='word_1_651' title='bbox 1965 3659 2171 3714; x_wconf 86' lang='lat' dir='ltr'><strong>nalibus</strong></span> <span class='ocrx_word' id='word_1_652' title='bbox 2195 3670 2321 3714; x_wconf 93' lang='lat' dir='ltr'><strong>sunt</strong></span> <span class='ocrx_word' id='word_1_653' title='bbox 2342 3661 2577 3715; x_wconf 89' lang='lat' dir='ltr'><strong>instituta</strong></span> <span class='ocrx_word' id='word_1_654' title='bbox 2591 3661 2824 3730; x_wconf 88' lang='lat' dir='ltr'><strong>jejuniis.</strong></span> <span class='ocrx_word' id='word_1_655' title='bbox 2850 3664 2951 3717; x_wconf 85' lang='lat' dir='ltr'><strong>Per</strong></span> <span class='ocrx_word' id='word_1_656' title='bbox 2974 3662 3253 3718; x_wconf 89' lang='lat' dir='ltr'><strong>Dominum</strong></span> <span class='ocrx_word' id='word_1_657' title='bbox 3271 3670 3536 3718; x_wconf 89' lang='lat' dir='ltr'><strong>nostrum.</strong></span> 
     </span>
    </p>
   </div>
   <div class='ocr_carea' id='block_1_99' title="bbox 2040 3750 3537 3824">
    <p class='ocr_par' dir='ltr' id='par_1_99' title="bbox 2040 3750 3537 3824">
     <span class='ocr_line' id='line_1_99' title="bbox 2040 3750 3537 3824; baseline 0.003 -19"><span class='ocrx_word' id='word_1_658' title='bbox 2040 3750 2308 3821; x_wconf 71' lang='lat' dir='ltr'><strong>Prafatio.</strong></span> <span class='ocrx_word' id='word_1_659' title='bbox 2338 3754 2564 3809; x_wconf 82' lang='lat' dir='ltr'><strong>—-Vere</strong></span> <span class='ocrx_word' id='word_1_660' title='bbox 2610 3754 2825 3824; x_wconf 88' lang='lat' dir='ltr'><strong>dignum</strong></span> <span class='ocrx_word' id='word_1_661' title='bbox 2873 3768 2927 3810; x_wconf 84' lang='lat' dir='ltr'><strong>et</strong></span> <span class='ocrx_word' id='word_1_662' title='bbox 2948 3755 3152 3824; x_wconf 86' lang='lat' dir='ltr'><strong>justum</strong></span> <span class='ocrx_word' id='word_1_663' title='bbox 3182 3765 3295 3823; x_wconf 90' lang='lat' dir='ltr'><strong>est,</strong></span> <span class='ocrx_word' id='word_1_664' title='bbox 3328 3769 3537 3823; x_wconf 67' lang='lat' dir='ltr'><strong>aequum</strong></span> 
     </span>
    </p>
   </div>
   <div class='ocr_carea' id='block_1_100' title="bbox 1967 3844 3539 3917">
    <p class='ocr_par' dir='ltr' id='par_1_100' title="bbox 1967 3844 3539 3917">
     <span class='ocr_line' id='line_1_100' title="bbox 1967 3844 3539 3917; baseline 0.002 -18"><span class='ocrx_word' id='word_1_665' title='bbox 1967 3852 2022 3899; x_wconf 91' lang='lat' dir='ltr'><strong>et</strong></span> <span class='ocrx_word' id='word_1_666' title='bbox 2042 3844 2289 3911; x_wconf 88' lang='lat' dir='ltr'><strong>salutare,</strong></span> <span class='ocrx_word' id='word_1_667' title='bbox 2317 3859 2415 3900; x_wconf 89' lang='lat' dir='ltr'><strong>nos</strong></span> <span class='ocrx_word' id='word_1_668' title='bbox 2464 3844 2557 3899; x_wconf 88' lang='lat' dir='ltr'><strong>tibi</strong></span> <span class='ocrx_word' id='word_1_669' title='bbox 2589 3859 2796 3914; x_wconf 84' lang='lat' dir='ltr'><strong>semper</strong></span> <span class='ocrx_word' id='word_1_670' title='bbox 2821 3854 2874 3900; x_wconf 91' lang='lat' dir='ltr'><strong>et</strong></span> <span class='ocrx_word' id='word_1_671' title='bbox 2920 3846 3113 3916; x_wconf 92' lang='lat' dir='ltr'><strong>ubique</strong></span> <span class='ocrx_word' id='word_1_672' title='bbox 3139 3847 3332 3917; x_wconf 82' lang='lat' dir='ltr'><strong>gratias</strong></span> <span class='ocrx_word' id='word_1_673' title='bbox 3359 3860 3539 3916; x_wconf 89' lang='lat' dir='ltr'><strong>agere,</strong></span> 
     </span>
    </p>
   </div>
   <div class='ocr_carea' id='block_1_101' title="bbox 1969 3935 3543 4007">
    <p class='ocr_par' dir='ltr' id='par_1_101' title="bbox 1969 3935 3543 4007">
     <span class='ocr_line' id='line_1_101' title="bbox 1969 3935 3543 4007; baseline 0.002 -17"><span class='ocrx_word' id='word_1_674' title='bbox 1969 3935 2195 3991; x_wconf 89' lang='lat' dir='ltr'><strong>Domine</strong></span> <span class='ocrx_word' id='word_1_675' title='bbox 2223 3945 2430 4003; x_wconf 87' lang='lat' dir='ltr'><strong>sancte,</strong></span> <span class='ocrx_word' id='word_1_676' title='bbox 2463 3939 2621 3992; x_wconf 87' lang='lat' dir='ltr'><strong>Pater</strong></span> <span class='ocrx_word' id='word_1_677' title='bbox 2649 3937 3005 4005; x_wconf 87' lang='lat' dir='ltr'><strong>omnipotens,</strong></span> <span class='ocrx_word' id='word_1_678' title='bbox 3032 3946 3229 3993; x_wconf 83' lang='lat' dir='ltr'><strong>aeterne</strong></span> <span class='ocrx_word' id='word_1_679' title='bbox 3262 3937 3418 4005; x_wconf 88' lang='lat' dir='ltr'><strong>Deus,</strong></span> <span class='ocrx_word' id='word_1_680' title='bbox 3449 3953 3543 4007; x_wconf 88' lang='lat' dir='ltr'><strong>per</strong></span> 
     </span>
    </p>
   </div>
   <div class='ocr_carea' id='block_1_102' title="bbox 1971 4028 3547 4107">
    <p class='ocr_par' dir='ltr' id='par_1_102' title="bbox 1971 4028 3547 4107">
     <span class='ocr_line' id='line_1_102' title="bbox 1971 4028 3547 4107; baseline 0.001 -16"><span class='ocrx_word' id='word_1_681' title='bbox 1971 4028 2241 4091; x_wconf 75' lang='lat' dir='ltr'><strong>Christum</strong></span> <span class='ocrx_word' id='word_1_682' title='bbox 2275 4030 2555 4093; x_wconf 86' lang='lat' dir='ltr'><strong>Dominum</strong></span> <span class='ocrx_word' id='word_1_683' title='bbox 2595 4042 2834 4093; x_wconf 80' lang='lat' dir='ltr'><strong>nostrum</strong></span> <span class='ocrx_word' id='word_1_684' title='bbox 2864 4054 2876 4090; x_wconf 86' lang='lat'><strong>:</strong></span> <span class='ocrx_word' id='word_1_685' title='bbox 2901 4029 3050 4107; x_wconf 79' lang='lat' dir='ltr'><strong>cujus</strong></span> <span class='ocrx_word' id='word_1_686' title='bbox 3096 4030 3384 4093; x_wconf 65' lang='lat' dir='ltr'><strong>salutiferae</strong></span> <span class='ocrx_word' id='word_1_687' title='bbox 3429 4044 3547 4105; x_wconf 74' lang='lat' dir='ltr'><strong>p33-</strong></span> 
     </span>
    </p>
   </div>
   <div class='ocr_carea' id='block_1_103' title="bbox 1974 4126 3547 4196">
    <p class='ocr_par' dir='ltr' id='par_1_103' title="bbox 1974 4126 3547 4196">
     <span class='ocr_line' id='line_1_103' title="bbox 1974 4126 3547 4196; baseline -0.001 -13"><span class='ocrx_word' id='word_1_688' title='bbox 1974 4128 2175 4195; x_wconf 85' lang='lat' dir='ltr'><strong>slouis,</strong></span> <span class='ocrx_word' id='word_1_689' title='bbox 2237 4136 2291 4183; x_wconf 91' lang='lat' dir='ltr'><strong>et</strong></span> <span class='ocrx_word' id='word_1_690' title='bbox 2318 4130 2564 4195; x_wconf 76' lang='lat' dir='ltr'><strong>gloriosa:</strong></span> <span class='ocrx_word' id='word_1_691' title='bbox 2622 4126 3044 4183; x_wconf 82' lang='lat' dir='ltr'><strong>Resurrectiouis</strong></span> <span class='ocrx_word' id='word_1_692' title='bbox 3100 4128 3213 4182; x_wconf 92' lang='lat' dir='ltr'><strong>dies</strong></span> <span class='ocrx_word' id='word_1_693' title='bbox 3265 4126 3547 4196; x_wconf 79' lang='lat' dir='ltr'><strong>appropin-</strong></span> 
     </span>
    </p>
   </div>
   <div class='ocr_carea' id='block_1_104' title="bbox 1973 4218 3547 4291">
    <p class='ocr_par' dir='ltr' id='par_1_104' title="bbox 1973 4218 3547 4291">
     <span class='ocr_line' id='line_1_104' title="bbox 1973 4218 3547 4291; baseline 0 -18"><span class='ocrx_word' id='word_1_694' title='bbox 1973 4236 2138 4290; x_wconf 89' lang='lat' dir='ltr'><strong>quare</strong></span> <span class='ocrx_word' id='word_1_695' title='bbox 2167 4229 2475 4287; x_wconf 87' lang='lat' dir='ltr'><strong>noscuntur,</strong></span> <span class='ocrx_word' id='word_1_696' title='bbox 2507 4221 2559 4275; x_wconf 90' lang='lat' dir='ltr'><strong>in</strong></span> <span class='ocrx_word' id='word_1_697' title='bbox 2585 4221 2776 4291; x_wconf 91' lang='lat' dir='ltr'><strong>quibus</strong></span> <span class='ocrx_word' id='word_1_698' title='bbox 2802 4228 2855 4276; x_wconf 91' lang='lat' dir='ltr'><strong>et</strong></span> <span class='ocrx_word' id='word_1_699' title='bbox 2883 4221 3082 4290; x_wconf 83' lang='lat' dir='ltr'><strong>antiqui</strong></span> <span class='ocrx_word' id='word_1_700' title='bbox 3106 4220 3276 4276; x_wconf 91' lang='lat' dir='ltr'><strong>hostis</strong></span> <span class='ocrx_word' id='word_1_701' title='bbox 3298 4218 3547 4289; x_wconf 88' lang='lat' dir='ltr'><strong>superbia</strong></span> 
     </span>
    </p>
   </div>
   <div class='ocr_carea' id='block_1_105' title="bbox 1975 4312 3551 4383">
    <p class='ocr_par' dir='ltr' id='par_1_105' title="bbox 1975 4312 3551 4383">
     <span class='ocr_line' id='line_1_105' title="bbox 1975 4312 3551 4383; baseline 0 -18"><span class='ocrx_word' id='word_1_702' title='bbox 1975 4313 2349 4380; x_wconf 88' lang='lat' dir='ltr'><strong>triumphatur,</strong></span> <span class='ocrx_word' id='word_1_703' title='bbox 2375 4321 2428 4366; x_wconf 91' lang='lat' dir='ltr'><strong>et</strong></span> <span class='ocrx_word' id='word_1_704' title='bbox 2459 4320 2653 4367; x_wconf 62' lang='lat' dir='ltr'><strong>nostra:</strong></span> <span class='ocrx_word' id='word_1_705' title='bbox 2701 4313 3085 4381; x_wconf 87' lang='lat' dir='ltr'><strong>redemptionis</strong></span> <span class='ocrx_word' id='word_1_706' title='bbox 3116 4312 3427 4383; x_wconf 87' lang='lat' dir='ltr'><strong>mysterium</strong></span> <span class='ocrx_word' id='word_1_707' title='bbox 3455 4324 3551 4365; x_wconf 91' lang='lat' dir='ltr'><strong>ce-</strong></span> 
     </span>
    </p>
   </div>
   <div class='ocr_carea' id='block_1_106' title="bbox 1978 4402 3551 4471">
    <p class='ocr_par' dir='ltr' id='par_1_106' title="bbox 1978 4402 3551 4471">
     <span class='ocr_line' id='line_1_106' title="bbox 1978 4402 3551 4471; baseline 0 -13"><span class='ocrx_word' id='word_1_708' title='bbox 1978 4404 2233 4459; x_wconf 86' lang='lat' dir='ltr'><strong>lebratur.</strong></span> <span class='ocrx_word' id='word_1_709' title='bbox 2270 4404 2419 4458; x_wconf 90' lang='lat' dir='ltr'><strong>Unde</strong></span> <span class='ocrx_word' id='word_1_710' title='bbox 2467 4404 2730 4471; x_wconf 88' lang='lat' dir='ltr'><strong>poscimus</strong></span> <span class='ocrx_word' id='word_1_711' title='bbox 2780 4415 2921 4459; x_wconf 91' lang='lat' dir='ltr'><strong>tuam</strong></span> <span class='ocrx_word' id='word_1_712' title='bbox 2970 4408 3284 4459; x_wconf 85' lang='lat' dir='ltr'><strong>immensam</strong></span> <span class='ocrx_word' id='word_1_713' title='bbox 3314 4402 3551 4458; x_wconf 89' lang='lat' dir='ltr'><strong>clemen-</strong></span> 
     </span>
    </p>
   </div>
   <div class='ocr_carea' id='block_1_107' title="bbox 1978 4492 3553 4558">
    <p class='ocr_par' dir='ltr' id='par_1_107' title="bbox 1978 4492 3553 4558">
     <span class='ocr_line' id='line_1_107' title="bbox 1978 4492 3553 4558; baseline 0.001 -12"><span class='ocrx_word' id='word_1_714' title='bbox 1978 4494 2126 4558; x_wconf 87' lang='lat' dir='ltr'><strong>tiam,</strong></span> <span class='ocrx_word' id='word_1_715' title='bbox 2153 4499 2209 4545; x_wconf 91' lang='lat' dir='ltr'><strong>ut</strong></span> <span class='ocrx_word' id='word_1_716' title='bbox 2230 4493 2364 4547; x_wconf 89' lang='lat' dir='ltr'><strong>sicut</strong></span> <span class='ocrx_word' id='word_1_717' title='bbox 2384 4494 2435 4547; x_wconf 89' lang='lat' dir='ltr'><strong>in</strong></span> <span class='ocrx_word' id='word_1_718' title='bbox 2466 4509 2531 4548; x_wconf 89' lang='lat' dir='ltr'><strong>eo</strong></span> <span class='ocrx_word' id='word_1_719' title='bbox 2554 4496 2667 4548; x_wconf 90' lang='lat' dir='ltr'><strong>solo</strong></span> <span class='ocrx_word' id='word_1_720' title='bbox 2694 4496 2936 4550; x_wconf 88' lang='lat' dir='ltr'><strong>consistit</strong></span> <span class='ocrx_word' id='word_1_721' title='bbox 2964 4495 3125 4550; x_wconf 87' lang='lat' dir='ltr'><strong>totius</strong></span> <span class='ocrx_word' id='word_1_722' title='bbox 3151 4502 3348 4549; x_wconf 85' lang='lat' dir='ltr'><strong>nostrae</strong></span> <span class='ocrx_word' id='word_1_723' title='bbox 3374 4492 3553 4549; x_wconf 88' lang='lat' dir='ltr'><strong>salva-</strong></span> 
     </span>
    </p>
   </div>
   <div class='ocr_carea' id='block_1_108' title="bbox 1978 4582 3557 4655">
    <p class='ocr_par' dir='ltr' id='par_1_108' title="bbox 1978 4582 3557 4655">
     <span class='ocr_line' id='line_1_108' title="bbox 1978 4582 3557 4655; baseline 0.002 -19"><span class='ocrx_word' id='word_1_724' title='bbox 1978 4582 2141 4637; x_wconf 89' lang='lat' dir='ltr'><strong>tionis</strong></span> <span class='ocrx_word' id='word_1_725' title='bbox 2195 4598 2423 4648; x_wconf 87' lang='lat' dir='ltr'><strong>sumrna,</strong></span> <span class='ocrx_word' id='word_1_726' title='bbox 2477 4584 2550 4637; x_wconf 87' lang='lat' dir='ltr'><strong>ita</strong></span> <span class='ocrx_word' id='word_1_727' title='bbox 2582 4599 2674 4652; x_wconf 86' lang='lat' dir='ltr'><strong>per</strong></span> <span class='ocrx_word' id='word_1_728' title='bbox 2703 4601 2824 4639; x_wconf 90' lang='lat' dir='ltr'><strong>eum</strong></span> <span class='ocrx_word' id='word_1_729' title='bbox 2878 4585 2973 4639; x_wconf 88' lang='lat' dir='ltr'><strong>tibi</strong></span> <span class='ocrx_word' id='word_1_730' title='bbox 3017 4586 3086 4639; x_wconf 87' lang='lat' dir='ltr'><strong>sit</strong></span> <span class='ocrx_word' id='word_1_731' title='bbox 3130 4584 3453 4655; x_wconf 80' lang='lat' dir='ltr'><strong>jejuniorum</strong></span> <span class='ocrx_word' id='word_1_732' title='bbox 3503 4586 3557 4639; x_wconf 76' lang='lat' dir='ltr'><strong>et</strong></span> 
     </span>
    </p>
   </div>
   <div class='ocr_carea' id='block_1_109' title="bbox 1980 4677 3551 4747">
    <p class='ocr_par' dir='ltr' id='par_1_109' title="bbox 1980 4677 3551 4747">
     <span class='ocr_line' id='line_1_109' title="bbox 1980 4677 3551 4747; baseline 0 -15"><span class='ocrx_word' id='word_1_733' title='bbox 1980 4686 2192 4732; x_wconf 84' lang='lat' dir='ltr'><strong>actuum</strong></span> <span class='ocrx_word' id='word_1_734' title='bbox 2226 4688 2527 4731; x_wconf 89' lang='lat' dir='ltr'><strong>nostrorum</strong></span> <span class='ocrx_word' id='word_1_735' title='bbox 2559 4692 2769 4746; x_wconf 89' lang='lat' dir='ltr'><strong>semper</strong></span> <span class='ocrx_word' id='word_1_736' title='bbox 2798 4678 3009 4732; x_wconf 88' lang='lat' dir='ltr'><strong>victima</strong></span> <span class='ocrx_word' id='word_1_737' title='bbox 3037 4686 3202 4747; x_wconf 85' lang='lat' dir='ltr'><strong>grata.</strong></span> <span class='ocrx_word' id='word_1_738' title='bbox 3240 4677 3340 4732; x_wconf 88' lang='lat' dir='ltr'><strong>Per</strong></span> <span class='ocrx_word' id='word_1_739' title='bbox 3366 4692 3551 4747; x_wconf 87' lang='lat' dir='ltr'><strong>quem.</strong></span> 
     </span>
    </p>
   </div>
   <div class='ocr_carea' id='block_1_110' title="bbox 2049 4769 3555 4840">
    <p class='ocr_par' dir='ltr' id='par_1_110' title="bbox 2049 4769 3555 4840">
     <span class='ocr_line' id='line_1_110' title="bbox 2049 4769 3555 4840; baseline 0 -14"><span class='ocrx_word' id='word_1_740' title='bbox 2049 4773 2129 4826; x_wconf 85' lang='lat' dir='ltr'><strong>Ad</strong></span> <span class='ocrx_word' id='word_1_741' title='bbox 2158 4769 2549 4840; x_wconf 83' lang='lat' dir='ltr'><strong>Complendum.</strong></span> <span class='ocrx_word' id='word_1_742' title='bbox 2578 4799 2648 4810; x_wconf 94' lang='lat'><strong>—</strong></span> <span class='ocrx_word' id='word_1_743' title='bbox 2670 4770 2899 4839; x_wconf 83' lang='lat' dir='ltr'><strong>chleti,</strong></span> <span class='ocrx_word' id='word_1_744' title='bbox 2925 4770 3165 4836; x_wconf 84' lang='lat' dir='ltr'><strong>Domine,</strong></span> <span class='ocrx_word' id='word_1_745' title='bbox 3198 4771 3333 4824; x_wconf 85' lang='lat' dir='ltr'><strong>sacri</strong></span> <span class='ocrx_word' id='word_1_746' title='bbox 3366 4787 3555 4826; x_wconf 90' lang='lat' dir='ltr'><strong>mune-</strong></span> 
     </span>
    </p>
   </div>
   <div class='ocr_carea' id='block_1_111' title="bbox 1983 4866 3560 4939">
    <p class='ocr_par' dir='ltr' id='par_1_111' title="bbox 1983 4866 3560 4939">
     <span class='ocr_line' id='line_1_111' title="bbox 1983 4866 3560 4939; baseline 0.003 -20"><span class='ocrx_word' id='word_1_747' title='bbox 1983 4866 2054 4919; x_wconf 90' lang='lat' dir='ltr'><strong>ris</strong></span> <span class='ocrx_word' id='word_1_748' title='bbox 2082 4866 2269 4934; x_wconf 88' lang='lat' dir='ltr'><strong>gratia,</strong></span> <span class='ocrx_word' id='word_1_749' title='bbox 2293 4866 2560 4933; x_wconf 90' lang='lat' dir='ltr'><strong>supplices</strong></span> <span class='ocrx_word' id='word_1_750' title='bbox 2581 4880 2884 4931; x_wconf 80' lang='lat' dir='ltr'><strong>exoramus,</strong></span> <span class='ocrx_word' id='word_1_751' title='bbox 2907 4876 2963 4921; x_wconf 89' lang='lat' dir='ltr'><strong>ut</strong></span> <span class='ocrx_word' id='word_1_752' title='bbox 2984 4881 3099 4937; x_wconf 67' lang='lat' dir='ltr'><strong>qua:</strong></span> <span class='ocrx_word' id='word_1_753' title='bbox 3120 4876 3277 4937; x_wconf 90' lang='lat' dir='ltr'><strong>gustu</strong></span> <span class='ocrx_word' id='word_1_754' title='bbox 3299 4883 3560 4939; x_wconf 88' lang='lat' dir='ltr'><strong>corporeo</strong></span> 
     </span>
    </p>
   </div>
   <div class='ocr_carea' id='block_1_112' title="bbox 1986 4957 3555 5029">
    <p class='ocr_par' dir='ltr' id='par_1_112' title="bbox 1986 4957 3555 5029">
     <span class='ocr_line' id='line_1_112' title="bbox 1986 4957 3555 5029; baseline 0.003 -16"><span class='ocrx_word' id='word_1_755' title='bbox 1986 4957 2125 5013; x_wconf 90' lang='lat' dir='ltr'><strong>dulci</strong></span> <span class='ocrx_word' id='word_1_756' title='bbox 2168 4960 2509 5014; x_wconf 89' lang='lat' dir='ltr'><strong>veneratione</strong></span> <span class='ocrx_word' id='word_1_757' title='bbox 2556 4958 2947 5029; x_wconf 86' lang='lat' dir='ltr'><strong>contingimus,</strong></span> <span class='ocrx_word' id='word_1_758' title='bbox 2998 4961 3233 5018; x_wconf 86' lang='lat' dir='ltr'><strong>dulciora</strong></span> <span class='ocrx_word' id='word_1_759' title='bbox 3285 4964 3555 5020; x_wconf 86' lang='lat' dir='ltr'><strong>tuentibus</strong></span> 
     </span>
    </p>
   </div>
   <div class='ocr_carea' id='block_1_113' title="bbox 1985 5049 3014 5108">
    <p class='ocr_par' dir='ltr' id='par_1_113' title="bbox 1985 5049 3014 5108">
     <span class='ocr_line' id='line_1_113' title="bbox 1985 5049 3014 5108; baseline 0.001 -2"><span class='ocrx_word' id='word_1_760' title='bbox 1985 5050 2297 5106; x_wconf 88' lang='lat' dir='ltr'><strong>sentiamus.</strong></span> <span class='ocrx_word' id='word_1_761' title='bbox 2329 5051 2431 5105; x_wconf 88' lang='lat' dir='ltr'><strong>Per</strong></span> <span class='ocrx_word' id='word_1_762' title='bbox 2450 5049 2731 5104; x_wconf 80' lang='lat' dir='ltr'><strong>Dominum</strong></span> <span class='ocrx_word' id='word_1_763' title='bbox 2755 5060 3014 5108; x_wconf 87' lang='lat' dir='ltr'><strong>nostrum.</strong></span> 
     </span>
    </p>
   </div>
   <div class='ocr_carea' id='block_1_114' title="bbox 1988 5159 3553 5234">
    <p class='ocr_par' dir='ltr' id='par_1_114' title="bbox 1988 5159 3553 5234">
     <span class='ocr_line' id='line_1_114' title="bbox 1988 5159 3553 5234; baseline 0 -19"><span class='ocrx_word' id='word_1_764' title='bbox 1988 5163 2083 5216; x_wconf 82' lang='lat' dir='ltr'><strong>hoc</strong></span> <span class='ocrx_word' id='word_1_765' title='bbox 2125 5163 2310 5216; x_wconf 75' lang='lat' dir='ltr'><strong>strculo</strong></span> <span class='ocrx_word' id='word_1_766' title='bbox 2363 5162 2519 5215; x_wconf 81' lang='lat' dir='ltr'><strong>hostis</strong></span> <span class='ocrx_word' id='word_1_767' title='bbox 2558 5159 2753 5234; x_wconf 84' lang='lat' dir='ltr'><strong>antiqui</strong></span> <span class='ocrx_word' id='word_1_768' title='bbox 2798 5171 3103 5217; x_wconf 79' lang='lat' dir='ltr'><strong>tentarnenla</strong></span> <span class='ocrx_word' id='word_1_769' title='bbox 3129 5180 3388 5234; x_wconf 87' lang='lat' dir='ltr'><strong>superare,</strong></span> <span class='ocrx_word' id='word_1_770' title='bbox 3426 5165 3553 5217; x_wconf 87' lang='lat' dir='ltr'><strong>etin</strong></span> 
     </span>
    </p>
   </div>
   <div class='ocr_carea' id='block_1_115' title="bbox 1985 5232 3547 5305">
    <p class='ocr_par' dir='ltr' id='par_1_115' title="bbox 1985 5232 3547 5305">
     <span class='ocr_line' id='line_1_115' title="bbox 1985 5232 3547 5305; baseline 0 -20"><span class='ocrx_word' id='word_1_771' title='bbox 1985 5236 2158 5304; x_wconf 82' lang='lat' dir='ltr'><strong>futuro</strong></span> <span class='ocrx_word' id='word_1_772' title='bbox 2182 5248 2295 5285; x_wconf 82' lang='lat' dir='ltr'><strong>cum</strong></span> <span class='ocrx_word' id='word_1_773' title='bbox 2328 5234 2494 5297; x_wconf 83' lang='lat' dir='ltr'><strong>palma</strong></span> <span class='ocrx_word' id='word_1_774' title='bbox 2521 5232 2740 5305; x_wconf 76' lang='lat' dir='ltr'><strong>victoria:</strong></span> <span class='ocrx_word' id='word_1_775' title='bbox 2767 5243 2811 5286; x_wconf 88' lang='lat' dir='ltr'><strong>et</strong></span> <span class='ocrx_word' id='word_1_776' title='bbox 2862 5234 3028 5299; x_wconf 78' lang='lat' dir='ltr'><strong>fructu</strong></span> <span class='ocrx_word' id='word_1_777' title='bbox 3060 5232 3307 5289; x_wconf 81' lang='lat' dir='ltr'><strong>bonorum</strong></span> <span class='ocrx_word' id='word_1_778' title='bbox 3337 5250 3547 5305; x_wconf 85' lang='lat' dir='ltr'><strong>operum</strong></span> 
     </span>
    </p>
   </div>
   <div class='ocr_carea' id='block_1_116' title="bbox 1985 5303 2995 5371">
    <p class='ocr_par' dir='ltr' id='par_1_116' title="bbox 1985 5303 2995 5371">
     <span class='ocr_line' id='line_1_116' title="bbox 1985 5303 2995 5371; baseline 0 -13"><span class='ocrx_word' id='word_1_779' title='bbox 1985 5303 2076 5358; x_wconf 80' lang='lat' dir='ltr'><strong>tibi</strong></span> <span class='ocrx_word' id='word_1_780' title='bbox 2098 5306 2297 5356; x_wconf 79' lang='lat' dir='ltr'><strong>ualeant</strong></span> <span class='ocrx_word' id='word_1_781' title='bbox 2318 5318 2586 5371; x_wconf 84' lang='lat' dir='ltr'><strong>apparere.</strong></span> <span class='ocrx_word' id='word_1_782' title='bbox 2624 5303 2725 5357; x_wconf 80' lang='lat' dir='ltr'><strong>l’er</strong></span> <span class='ocrx_word' id='word_1_783' title='bbox 2747 5305 2995 5359; x_wconf 82' lang='lat' dir='ltr'><strong>eumdem.</strong></span> 
     </span>
    </p>
   </div>
   <div class='ocr_carea' id='block_1_117' title="bbox 1982 5373 3552 5499">
    <p class='ocr_par' dir='ltr' id='par_1_117' title="bbox 1982 5373 3552 5499">
     <span class='ocr_line' id='line_1_117' title="bbox 1982 5373 3552 5499; baseline 0.001 -73"><span class='ocrx_word' id='word_1_784' title='bbox 1982 5445 2026 5499; x_wconf 51' lang='grc' dir='ltr'><strong>γ</strong></span> <span class='ocrx_word' id='word_1_785' title='bbox 2056 5373 2296 5498; x_wconf 43' lang='lat' dir='ltr'><strong>1I&#39;Aliam</strong></span> <span class='ocrx_word' id='word_1_786' title='bbox 2353 5376 2561 5428; x_wconf 63' lang='lat' dir='ltr'><strong>Praelat.</strong></span> <span class='ocrx_word' id='word_1_787' title='bbox 2608 5373 2767 5429; x_wconf 83' lang='lat' dir='ltr'><strong>habet</strong></span> <span class='ocrx_word' id='word_1_788' title='bbox 2811 5374 2955 5429; x_wconf 82' lang='lat' dir='ltr'><strong>Edit.</strong></span> <span class='ocrx_word' id='word_1_789' title='bbox 3000 5375 3188 5447; x_wconf 83' lang='lat' dir='ltr'><strong>Angeli</strong></span> <span class='ocrx_word' id='word_1_790' title='bbox 3217 5376 3428 5441; x_wconf 77' lang='lat' dir='ltr'><strong>Roccae,</strong></span> <span class='ocrx_word' id='word_1_791' title='bbox 3457 5388 3552 5430; x_wconf 87' lang='lat' dir='ltr'><strong>seu</strong></span> 
     </span>
     <span class='ocr_line' id='line_1_118' title="bbox 2033 5460 2261 5499; baseline -0.013 0"><span class='ocrx_word' id='word_1_792' title='bbox 2033 5463 2059 5499; x_wconf 89' lang='lat' dir='ltr'><strong>a</strong></span> <span class='ocrx_word' id='word_1_793' title='bbox 2092 5460 2261 5498; x_wconf 82' lang='lat' dir='ltr'><strong>rcaua.</strong></span> 
     </span>
    </p>
   </div>
   <div class='ocr_carea' id='block_1_118' title="bbox 2033 5456 2261 5499">
    <p class='ocr_par' dir='ltr' id='par_1_118' title="bbox 2033 5456 2261 5499">
     <span class='ocr_line' id='line_1_119' title="bbox 2033 5456 2261 5499; baseline -0.013 0"><span class='ocrx_word' id='word_1_794' title='bbox 2033 5456 2261 5499; x_wconf 57' lang='lat' dir='ltr'><strong>attonita.</strong></span> 
     </span>
    </p>
   </div>
   <div class='ocr_carea' id='block_1_119' title="bbox 2054 5514 3553 5581">
    <p class='ocr_par' dir='ltr' id='par_1_119' title="bbox 2054 5514 3553 5581">
     <span class='ocr_line' id='line_1_120' title="bbox 2054 5514 3553 5581; baseline 0.001 -14"><span class='ocrx_word' id='word_1_795' title='bbox 2054 5526 2076 5554; x_wconf 75' lang='grc' dir='ltr'><strong><em>ο</em></strong></span> <span class='ocrx_word' id='word_1_796' title='bbox 2106 5518 2156 5567; x_wconf 85' lang='lat' dir='ltr'><strong>In</strong></span> <span class='ocrx_word' id='word_1_797' title='bbox 2187 5514 2319 5568; x_wconf 72' lang='lat' dir='ltr'><strong>Cod.</strong></span> <span class='ocrx_word' id='word_1_798' title='bbox 2354 5516 2481 5581; x_wconf 81' lang='lat' dir='ltr'><strong>lleg.</strong></span> <span class='ocrx_word' id='word_1_799' title='bbox 2510 5516 2666 5569; x_wconf 84' lang='lat' dir='ltr'><strong>Suec.</strong></span> <span class='ocrx_word' id='word_1_800' title='bbox 2690 5524 2741 5568; x_wconf 92' lang='lat' dir='ltr'><strong>et</strong></span> <span class='ocrx_word' id='word_1_801' title='bbox 2763 5515 2994 5570; x_wconf 88' lang='lat' dir='ltr'><strong>secundo</strong></span> <span class='ocrx_word' id='word_1_802' title='bbox 3015 5517 3278 5571; x_wconf 87' lang='lat' dir='ltr'><strong>&#39;l‘heoder.</strong></span> <span class='ocrx_word' id='word_1_803' title='bbox 3311 5514 3468 5569; x_wconf 86' lang='lat' dir='ltr'><strong>statio</strong></span> <span class='ocrx_word' id='word_1_804' title='bbox 3485 5515 3553 5569; x_wconf 87' lang='lat' dir='ltr'><strong>ad</strong></span> 
     </span>
    </p>
   </div>
   <div class='ocr_carea' id='block_1_120' title="bbox 1982 5585 3555 5641">
    <p class='ocr_par' dir='ltr' id='par_1_120' title="bbox 1982 5585 3555 5641">
     <span class='ocr_line' id='line_1_121' title="bbox 1982 5585 3555 5641; baseline -0.001 0"><span class='ocrx_word' id='word_1_805' title='bbox 1982 5597 2203 5641; x_wconf 84' lang='lat' dir='ltr'><strong>sanctam</strong></span> <span class='ocrx_word' id='word_1_806' title='bbox 2233 5586 2531 5640; x_wconf 73' lang='lat' dir='ltr'><strong>Praxedem.</strong></span> <span class='ocrx_word' id='word_1_807' title='bbox 2580 5585 2719 5638; x_wconf 84' lang='lat' dir='ltr'><strong>Idem</strong></span> <span class='ocrx_word' id='word_1_808' title='bbox 2758 5587 2913 5639; x_wconf 82' lang='lat' dir='ltr'><strong>habet</strong></span> <span class='ocrx_word' id='word_1_809' title='bbox 2956 5588 3238 5641; x_wconf 83' lang='lat' dir='ltr'><strong>Pamelius.</strong></span> <span class='ocrx_word' id='word_1_810' title='bbox 3279 5587 3345 5639; x_wconf 90' lang='lat' dir='ltr'><strong>At</strong></span> <span class='ocrx_word' id='word_1_811' title='bbox 3371 5586 3423 5638; x_wconf 89' lang='lat' dir='ltr'><strong>in</strong></span> <span class='ocrx_word' id='word_1_812' title='bbox 3446 5585 3555 5639; x_wconf 63' lang='grc' dir='ltr'><strong>Κει-</strong></span> 
     </span>
    </p>
   </div>
   <div class='ocr_carea' id='block_1_121' title="bbox 1981 5655 3560 5727">
    <p class='ocr_par' dir='ltr' id='par_1_121' title="bbox 1981 5655 3560 5727">
     <span class='ocr_line' id='line_1_122' title="bbox 1981 5655 3560 5727; baseline 0 -15"><span class='ocrx_word' id='word_1_813' title='bbox 1981 5658 2123 5713; x_wconf 86' lang='lat' dir='ltr'><strong>lend.</strong></span> <span class='ocrx_word' id='word_1_814' title='bbox 2162 5658 2312 5708; x_wconf 78' lang='lat' dir='ltr'><strong>Rorn.</strong></span> <span class='ocrx_word' id='word_1_815' title='bbox 2351 5669 2398 5708; x_wconf 87' lang='lat' dir='ltr'><strong>et</strong></span> <span class='ocrx_word' id='word_1_816' title='bbox 2432 5673 2478 5707; x_wconf 87' lang='lat' dir='ltr'><strong>Ill</strong></span> <span class='ocrx_word' id='word_1_817' title='bbox 2502 5658 2668 5720; x_wconf 84' lang='lat' dir='ltr'><strong>primo</strong></span> <span class='ocrx_word' id='word_1_818' title='bbox 2684 5655 2950 5712; x_wconf 86' lang='lat' dir='ltr'><strong>Theoder.</strong></span> <span class='ocrx_word' id='word_1_819' title='bbox 2990 5656 3220 5727; x_wconf 66' lang='lat' dir='ltr'><strong>legitur:</strong></span> <span class='ocrx_word' id='word_1_820' title='bbox 3248 5657 3326 5709; x_wconf 85' lang='lat' dir='ltr'><strong>Ad</strong></span> <span class='ocrx_word' id='word_1_821' title='bbox 3356 5669 3560 5712; x_wconf 75' lang='lat' dir='ltr'><strong>sanctos</strong></span> 
     </span>
    </p>
   </div>
   <div class='ocr_carea' id='block_1_122' title="bbox 1984 5726 2629 5782">
    <p class='ocr_par' dir='ltr' id='par_1_122' title="bbox 1984 5726 2629 5782">
     <span class='ocr_line' id='line_1_123' title="bbox 1984 5726 2629 5782; baseline -0.009 1"><span class='ocrx_word' id='word_1_822' title='bbox 1984 5729 2207 5782; x_wconf 73' lang='lat' dir='ltr'><strong>Nereum</strong></span> <span class='ocrx_word' id='word_1_823' title='bbox 2247 5736 2290 5778; x_wconf 74' lang='lat' dir='ltr'><strong>et</strong></span> <span class='ocrx_word' id='word_1_824' title='bbox 2328 5726 2629 5779; x_wconf 75' lang='lat' dir='ltr'><strong>Achilleum.</strong></span> 
     </span>
    </p>
   </div>
   <div class='ocr_carea' id='block_1_123' title="bbox 2056 5795 3563 5870">
    <p class='ocr_par' dir='ltr' id='par_1_123' title="bbox 2056 5795 3563 5870">
     <span class='ocr_line' id='line_1_124' title="bbox 2056 5795 3563 5870; baseline 0.003 -17"><span class='ocrx_word' id='word_1_825' title='bbox 2056 5800 2077 5835; x_wconf 82' lang='grc' dir='ltr'><strong>ι¹</strong></span> <span class='ocrx_word' id='word_1_826' title='bbox 2103 5798 2453 5853; x_wconf 73' lang='lat' dir='ltr'><strong>Consentium</strong></span> <span class='ocrx_word' id='word_1_827' title='bbox 2499 5796 2724 5870; x_wconf 42' lang='lat' dir='ltr'><strong>(indices</strong></span> <span class='ocrx_word' id='word_1_828' title='bbox 2767 5812 2958 5855; x_wconf 82' lang='lat' dir='ltr'><strong>outues</strong></span> <span class='ocrx_word' id='word_1_829' title='bbox 2995 5797 3049 5853; x_wconf 88' lang='lat' dir='ltr'><strong>in</strong></span> <span class='ocrx_word' id='word_1_830' title='bbox 3086 5795 3409 5870; x_wconf 84' lang='lat' dir='ltr'><strong>assignanda</strong></span> <span class='ocrx_word' id='word_1_831' title='bbox 3453 5806 3563 5858; x_wconf 59' lang='lat' dir='ltr'><strong>stas</strong></span> 
     </span>
    </p>
   </div>
   <div class='ocr_carea' id='block_1_124' title="bbox 1982 5867 2770 5927">
    <p class='ocr_par' dir='ltr' id='par_1_124' title="bbox 1982 5867 2770 5927">
     <span class='ocr_line' id='line_1_125' title="bbox 1982 5867 2770 5927; baseline -0.009 1"><span class='ocrx_word' id='word_1_832' title='bbox 1982 5872 2131 5927; x_wconf 87' lang='lat' dir='ltr'><strong>tione</strong></span> <span class='ocrx_word' id='word_1_833' title='bbox 2164 5869 2230 5923; x_wconf 82' lang='lat' dir='ltr'><strong>ad</strong></span> <span class='ocrx_word' id='word_1_834' title='bbox 2258 5880 2488 5922; x_wconf 76' lang='lat' dir='ltr'><strong>sanctam</strong></span> <span class='ocrx_word' id='word_1_835' title='bbox 2517 5867 2770 5923; x_wconf 77' lang='lat' dir='ltr'><strong>Priscum.</strong></span> 
     </span>
    </p>
   </div>
  </div>
