4064 6350
588 380 654 442 79
1755 394 2005 452 SANCTI
2043 381 2368 454 candenti
2405 388 2620 456 MAGNI
3763 397 3830 468 so

651 504 818 574 Super
845 494 1110 572 populum.
1141 506 1336 562 —Tua
1367 521 1462 564 nos
1491 497 1873 576 misericordia,
1901 512 2059 578 Deus,
2093 522 2147 569 et
2173 517 2231 577 Α
2253 527 2411 568 manu
2446 523 2570 569 sunt
2596 513 2831 570 omnium
2862 525 3152 585 potestates
3199 527 3254 572 et
3292 517 3468 575 omnia
3492 511 3612 591 jura
3636 537 3830 593 regno-

584 599 728 654 omni
780 599 1122 668 subreptione
1167 603 1443 657 vetustatis
1490 612 1777 672 expurget,
1829 612 1884 660 et
1923 619 2145 674 capaces

581 701 779 748 sanctae
805 693 1053 750 novitatis
1081 692 1292 749 efﬁciat.
1327 695 1428 750 Per
1458 695 1761 750 Dominum.

1208 803 1364 841 FERIA
1396 797 1421 823 ⁸
1444 802 1514 840 ιγ.

647 875 675 914 ι’
709 877 860 932 Hora
887 877 1034 932 tertia
1055 878 1285 948 pontifex
1311 895 1424 932 cum
1443 878 1576 932 clero
1598 887 1642 931 et
1665 877 1842 932 ordine
1861 892 1953 931 suo
1968 893 2144 948 proce-

578 970 652 1022 dit
673 971 742 1023 ad
763 970 926 1024 altare
949 971 1005 1024 in
1028 971 1234 1024 erclesia
1252 973 1446 1042 majore
1466 986 1484 1023 :
1504 977 1549 1022 et
1567 969 1717 1040 (259)
1734 970 1853 1023 dicit
1881 968 2146 1024 Orationes

576 1061 824 1116 solemnes
865 1062 960 1116 hoc
997 1061 1412 1132 ordine:(240)
1440 1063 1683 1118 Oremus.
1737 1061 1801 1114 Et
1847 1062 2103 1117 Diaconus
2126 1077 2147 1118 :

575 1151 730 1222 (2M)
778 1152 1079 1207 Flectamus
1123 1169 1312 1222 genua.
1364 1154 1515 1224 (249.)
1555 1151 1830 1223 Postquam
1868 1165 2144 1224 oravertnt,

575 1242 725 1313 (245)
757 1243 900 1310 dicit,
927 1243 1138 1298 Levate.
1171 1241 1236 1296 Et
1258 1245 1488 1313 pontifex
1514 1245 1602 1298 dat
1629 1245 1928 1299 orationem.

645 1336 806 1403 Deus,
822 1349 966 1403 aquo
978 1346 1030 1390 et
1053 1335 1212 1390 Judas
1228 1343 1402 1390 reatus
1425 1337 1506 1390 sui
1535 1351 1745 1405 poenam
1769 1346 1823 1392 et
1849 1336 2144 1392 confessio—

571 1426 655 1480 nis
683 1440 792 1480 suae
815 1426 948 1480 latro
987 1427 1262 1494 praemium
1305 1426 1550 1496 sumpsit,
1597 1427 1833 1481 concede
1863 1427 2012 1481 nobis
2043 1436 2145 1481 tum

568 1516 958 1585 propitiationis
983 1517 1253 1581 effectum,
1286 1525 1342 1570 ut
1371 1517 1506 1570 sicut
1529 1518 1582 1570 in
1605 1519 1850 1586 passione
1871 1531 1962 1571 sua
1990 1517 2144 1573 Jesus

569 1607 807 1664 Christus
836 1609 1087 1663 Dominus
1112 1617 1294 1661 noster
1324 1608 1528 1662 diversa
1559 1609 1794 1677 utrisque
1823 1608 1997 1662 intulit
2031 1608 2136 1662 sti-

567 1698 760 1766 pendia
789 1699 1122 1764 meritorum,
1146 1697 1218 1751 ita
1241 1697 1414 1764 nobis,
1439 1698 1617 1753 ablato
1641 1699 1919 1754 vetustatis
1939 1714 2142 1768 errore,

567 1787 969 1844 resurrectionis
995 1801 1105 1842 sua:
1123 1788 1346 1856 gratiam
1372 1788 1642 1856 largiatur.
1676 1790 1775 1856 Qui
1802 1798 1993 1845 tecum.

2253 622 2396 672 rum,
2432 607 2584 677 (250)
2612 609 2816 678 respice
2838 609 2903 664 ad
2929 611 3288 666 Romanorum
3311 623 3468 682 atque
3499 615 3827 671 Francorum

2248 697 2506 770 benignus
2553 701 2859 772 imperium,
2905 714 2960 757 ut
3000 712 3185 772 gentes
3223 720 3341 774 qua:
3379 706 3433 762 in
3484 722 3578 762 sua
3623 709 3832 765 feritate

2247 792 2525 847 conlidunt
2556 795 2806 862 potentiae
2847 802 2951 848 tua:
2976 794 3193 850 dextera
3239 797 3672 864 comprimantur.
3704 800 3828 856 Per.

2319 881 2543 938 Oremus
2569 892 2624 938 et
2647 898 2743 954 pro
2767 887 3158 941 catechumenis
3186 888 3403 954 nostris,
3437 898 3570 945 utet
3602 891 3740 946 Deus
3772 902 3828 947 et

2248 969 2511 1028 Dominus
2541 979 2725 1028 noster
2754 974 3024 1044 adaperiat
3052 991 3208 1033 aures
3232 978 3652 1047 praecordiorum
3678 981 3824 1049 ipso-

2246 1075 2387 1127 rum,
2413 1063 2741 1133 januamque
2770 1065 3175 1136 misericordiae,
3224 1077 3284 1123 ut
3324 1083 3418 1137 per
3437 1069 3703 1124 lavacrum
3748 1086 3830 1125 re—

2246 1153 2624 1220 generationis,
2641 1164 2859 1223 accepta
2877 1156 3194 1212 remissione
3211 1159 3446 1214 omnium
3467 1170 3830 1230 peccatorum,

2248 1249 2304 1296 et
2331 1241 2434 1311 ipsi
2460 1243 2798 1300 inveniantur
2822 1247 2872 1299 in
2900 1244 3115 1301 Christo
3145 1247 3272 1303 Jesu
3293 1249 3520 1305 Domino
3551 1259 3758 1307 nostro.

2320 1333 2557 1391 Oremus.
2583 1365 2653 1377 —
2670 1335 3022 1404 Omnipotens
3048 1339 3372 1408 sempiterne
3404 1341 3565 1408 Deus,
3601 1344 3689 1412 qui
3719 1344 3826 1398 Ec-

2245 1424 2463 1480 clesiam
2495 1436 2640 1482 tuam
2666 1442 2802 1483 nova
2845 1443 3055 1498 semper
3085 1431 3234 1500 prole
3278 1431 3552 1500 fecundas,
3597 1449 3731 1503 auge
3760 1437 3826 1489 ﬁ-

2251 1515 2372 1572 dem
2411 1527 2465 1574 et
2490 1519 2814 1575 intellectum
2871 1522 3266 1577 eatecbumenis
3295 1524 3514 1589 nostris,
3542 1534 3618 1593 ut,
3651 1530 3824 1582 renati

2246 1607 2397 1692 fonte
2425 1611 2776 1681 baptismatis,
2807 1611 3104 1682 adoptionis
3143 1623 3247 1671 tute
3287 1615 3409 1672 ﬁliis
3447 1629 3824 1690 aggregentur.

2247 1700 2370 1755 Per.

2316 1791 2565 1862 Oremus,
2617 1793 2947 1850 dilectissimi
2971 1796 3157 1865 nobis,
3191 1797 3356 1854 Deum
3405 1799 3616 1855 Patrem
3641 1802 3821 1856 omni-

637 1879 794 1944 Post,
837 1881 1003 1932 Amen
1024 1880 1272 1948 sequitur,
1315 1891 1364 1933 et
1393 1881 1514 1934 dicit
1550 1880 1816 1934 Orationes
1852 1880 2140 1934 solemnes:
2171 1885 2220 1946 Β
2246 1891 2551 1953 potentem,
2600 1894 2660 1940 ut
2706 1886 2913 1942 cunctis
2963 1889 3216 1943 mundum
3271 1901 3461 1960 purget
3516 1893 3825 1960 erroribus,

566 1968 712 2042 (2M)
745 1972 1095 2025 tantummodo
1131 1989 1225 2041 pro
1255 1989 1307 2026 se
1333 1973 1641 2028 intermittit.
1671 1973 1775 2026 Alii
1814 1987 1930 2026 vero
1969 1988 2136 2026 sacer-

565 2061 703 2115 dotes
740 2061 794 2114 in
824 2061 930 2114 suis
959 2061 1181 2116 ecclesiis
1202 2078 1298 2131 pro
1321 2078 1380 2116 eo
1402 2063 1599 2117 dicunt.
1631 2062 1699 2115 Et
1725 2078 1838 2116 cum
1863 2064 1916 2118 in
1942 2065 2136 2118 caeteris

564 2157 765 2218 ﬂectant
793 2170 976 2224 genua,
1001 2154 1150 2228 (245)
1175 2171 1267 2222 pro
1295 2155 1495 2210 Judwis
1519 2171 1619 2211 non
1649 2159 1876 2226 ﬂectant.

634 2247 741 2318 63
779 2249 1023 2312 Oremus,
1050 2247 1379 2303 dilectissimi
1411 2249 1585 2318 nobis,
1619 2264 1715 2319 pro
1744 2250 1976 2306 Ecclesia
2005 2264 2132 2304 san—

562 2348 649 2394 cta
678 2339 806 2406 Dei;
841 2351 897 2394 ut
926 2355 1041 2394 eam
1079 2343 1219 2396 Deus
1247 2351 1302 2396 et
1340 2341 1596 2397 Dominus
1634 2351 1814 2398 noster
1852 2343 2134 2413 paeiﬁeare

560 2442 614 2489 et
643 2433 912 2488 custodire
942 2433 1186 2504 dignetur
1215 2443 1324 2489 toto
1347 2435 1478 2488 orbe
1519 2443 1804 2500 terrarum,
1841 2433 2128 2503 subiiciens

559 2528 608 2584 ei
641 2529 962 2596 principatus
992 2535 1046 2582 et
1069 2536 1378 2596 potestates,
1407 2527 1602 2597 detque
1632 2527 1784 2582 nobis
1817 2527 2047 2596 quietam
2077 2532 2134 2579 et

559 2619 896 2690 tranquillam
941 2619 1105 2674 vitam
1134 2619 1483 2690 degentibus,
1509 2619 1808 2690 gloriﬁcare
1833 2618 2000 2675 Deum
2030 2617 2131 2672 Pa-

558 2721 689 2768 trem
717 2711 1156 2782 omnipotentem.

625 2806 875 2862 Oremus.
905 2804 1040 2860 Dicit
1066 2804 1690 2866 Diaconus:Flectamus
1735 2822 1928 2879 genua.
1973 2806 2128 2864 Post-

557 2913 706 2968 quam
735 2898 1006 2966 oraverint,
1035 2897 1198 2952 dicit:
1226 2899 1442 2956 Levate.

624 2989 970 3058 Omnipotens
1008 2991 1332 3059 sempiterne
1375 2989 1537 3057 Deus,
1589 2991 1678 3060 qui
1718 2991 1939 3062 gloriam
1983 2999 2126 3047 tuam

557 3079 799 3136 omnibus
829 3080 882 3134 in
909 3077 1120 3135 Christo
1149 3081 1395 3149 gentibus
1420 3081 1692 3147 revelasti,
1721 3083 1931 3138 custodi
1961 3098 2122 3152 opera

555 3172 929 3228 misericordiae
975 3182 1078 3228 tua:
1097 3212 1113 3238 ,
1143 3181 1202 3228 ut
1231 3173 1470 3229 Ecclesia
1512 3184 1596 3229 tua
1627 3184 1739 3230 toto
1767 3175 1897 3230 orbe
1935 3174 2125 3230 diffusa

2241 1973 2455 2029 morbos
2498 1975 2721 2041 auferat,
2750 1977 2942 2031 famem
2983 1977 3252 2047 depellat,
3302 1983 3504 2050 aperiat
3548 1998 3826 2054 carceres,

2235 2064 2347 2136 ea,
2385 2063 2592 2122 vincula
2622 2067 2900 2139 dissolvat,
2939 2071 3397 2139 peregrinantibus
3443 2073 3694 2140 reditum,
3727 2074 3821 2129 in—

2237 2159 2574 2215 ﬁrmantibus
2602 2161 2907 2229 sanitatem,
2952 2162 3328 2232 navigantibus
3371 2173 3576 2233 portum
3626 2163 3828 2221 salutis

2235 2249 2528 2319 indulgeat.

2311 2341 2544 2396 Oremus.
2576 2371 2647 2382 —
2667 2343 3022 2414 Omnipotens
3058 2347 3382 2415 sempiterne
3426 2345 3566 2401 Deus
3592 2357 3818 2402 mcesto-

2235 2447 2353 2487 rum
2382 2434 2698 2502 consolatio,
2724 2436 3079 2492 laborantium
3103 2437 3379 2502 fortitudo,
3405 2439 3711 2506 perveniant
3737 2437 3806 2492 ad

2233 2529 2287 2577 te
2316 2537 2510 2592 preces
2543 2525 2613 2580 de
2641 2541 2958 2597 quacunque
2987 2527 3328 2583 tribulatione
3357 2526 3722 2594 clamantium,
3755 2538 3820 2583 ut

2231 2629 2421 2670 omnes
2446 2615 2549 2671 sibi
2579 2615 2632 2670 in
2661 2618 3070 2676 necessitatibus
3093 2620 3204 2675 suis
3219 2616 3640 2676 misericordiam
3663 2625 3816 2674 tuam

2229 2707 2498 2777 gaudeant
2527 2708 2786 2766 adfuisse.
2819 2711 2943 2766 Per.

2300 2800 2527 2856 Oremus
2574 2810 2630 2858 et
2671 2817 2766 2871 pro
2799 2803 3063 2858 hatreticis
3108 2811 3265 2873 atque
3316 2803 3703 2870 sebismatieis,
3753 2812 3816 2859 ut

2232 2895 2372 2952 Deus
2408 2911 2471 2952 ac
2500 2895 2756 2952 Dominus
2795 2904 2977 2952 noster
3001 2907 3153 2951 eruat
3174 2911 3266 2951 eos
3289 2899 3357 2952 ab
3381 2898 3652 2953 erroribus
3690 2896 3817 2950 uni-

2230 2987 2421 3054 versis,
2453 2996 2505 3044 et
2527 2988 2592 3042 ad
2619 2998 2858 3044 sanctam
2897 2998 3121 3043 matrem
3152 2989 3450 3044 Ecclesiam
3489 2989 3816 3046 catholicam

2232 3090 2394 3151 atque
2421 3082 2767 3150 apostolicam
2801 3095 3049 3136 revocare
3078 3081 3343 3151 dignetur.

2305 3173 2543 3228 Oremus.
2573 3205 2646 3216 —
2672 3174 3022 3243 Omnipotens
3050 3175 3373 3242 sempiterne
3398 3174 3559 3238 Deus,
3587 3174 3678 3243 qui
3701 3174 3818 3227 sal-

554 3267 724 3324 stabili
755 3266 860 3322 ﬁde
910 3268 960 3322 in
1005 3265 1340 3323 confessione
1393 3266 1469 3321 tui
1518 3267 1748 3323 nominis
1800 3275 2124 3337 perseveret.
2157 3270 2203 3334 C
2232 3280 2327 3322 vas
2353 3280 2542 3320 omnes
2565 3306 2582 3334 ,
2623 3275 2677 3320 et
2705 3264 2971 3320 neminem
2999 3267 3078 3318 vis
3108 3264 3313 3333 perire,
3346 3265 3553 3334 respice
3586 3265 3651 3319 ad
3693 3265 3823 3318 ani-

553 3359 655 3414 Per
677 3358 922 3414 eumdem
945 3357 1226 3413 Dominum
1259 3367 1519 3413 nostrum.

622 3450 849 3506 Oremus
870 3459 923 3505 et
954 3464 1048 3518 pro
1067 3450 1376 3506 beatissimo
1401 3463 1531 3519 papa
1553 3458 1735 3505 nostro
1757 3447 1876 3517 HL,
1899 3458 1957 3504 ut
1985 3449 2125 3504 Deus

552 3552 605 3597 et
631 3542 887 3598 Dominus
935 3551 1136 3607 noster,
1165 3543 1255 3611 qui
1285 3540 1444 3610 elegit
1485 3555 1611 3596 eum
1648 3542 1703 3596 in
1742 3541 1983 3596 ordinem
2014 3542 2126 3610 epi-

551 3643 826 3705 scOpatus,
860 3633 1061 3688 salvum
1091 3642 1251 3702 atque
1274 3633 1596 3689 incolumem
1636 3632 1901 3687 custodiat
1937 3632 2124 3686 Eccle-

551 3728 645 3782 sia:
669 3741 780 3781 suae
807 3733 1002 3781 sanctae
1029 3724 1095 3778 ad
1135 3723 1425 3794 regendum
1453 3723 1704 3793 pepulum
1733 3730 1973 3777 sanctum
2007 3723 2121 3777 Dei.

623 3816 857 3868 Oremus.
908 3845 976 3858 -—
998 3813 1344 3881 Omnipotens
1389 3813 1715 3881 sempiterne
1767 3813 1906 3868 Deus
1929 3855 1943 3877 ,
1971 3812 2124 3881 cujus

546 3907 748 3978 judicio
768 3907 1014 3962 universa
1045 3905 1357 3971 fundantur,
1391 3905 1598 3973 respice
1626 3903 1884 3972 propitius
1913 3903 1976 3957 ad
2005 3918 2124 3970 pre-

547 4015 636 4055 ces
679 4010 907 4064 nostras,
942 4007 994 4054 et
1025 3999 1254 4054 electum
1287 3997 1440 4052 nobis
1467 3996 1759 4050 antistitem
1792 4005 1880 4050 tua
1928 3997 2124 4064 pietate

547 4106 830 4156 conserva,
859 4099 916 4144 ut
942 4090 1239 4144 Christiana
1287 4090 1464 4159 plebs,
1514 4103 1631 4158 quas
1664 4088 1754 4142 tali
1783 4089 2113 4157 gubernatur

545 4193 783 4250 auctore,
816 4183 915 4238 sub
944 4191 1091 4236 tanto
1119 4182 1392 4249 pontiﬁce,
1422 4180 1749 4236 credulitatis
1775 4195 1886 4234 suae
1915 4181 2121 4237 meritis

545 4284 818 4342 augeatur.
852 4273 952 4328 Per
992 4273 1269 4326 Dominum
1322 4280 1560 4325 nostrum
1591 4271 1768 4325 Jesum
1824 4270 2118 4327 Christum.

615 4365 842 4418 Oremus
897 4373 946 4418 et
991 4378 1087 4433 pro
1133 4362 1380 4418 omnibus
1433 4362 1714 4432 episcopis,
1770 4363 2115 4434 presbyteris,

555 4456 895 4521 diaconibus,
929 4455 1360 4519 subdiaconibus,
1392 4454 1672 4524 acolythis,
1703 4456 1999 4522 exoreistis,
2035 4456 2115 4509 le-

545 4549 806 4619 ctoribus,
835 4550 1096 4613 ostiariis,
1128 4548 1279 4618 (246)
1325 4548 1743 4615 conlessoribus,
1776 4547 1925 4618 (247)
1959 4547 2116 4616 virgi-

2239 3373 2356 3414 mas
2400 3356 2661 3412 diabolica
2691 3357 2878 3413 fraude
2917 3357 3200 3427 deceptas,
3243 3368 3326 3425 ut,
3367 3359 3510 3414 omni
3556 3357 3815 3413 heretica

2230 3449 2491 3519 pravitate
2517 3447 2790 3518 deposita,
2822 3450 3111 3505 errantium
3153 3451 3310 3505 corda
3358 3451 3693 3520 resipiseant,
3751 3459 3822 3506 et

2227 3541 2295 3596 ad
2353 3542 2592 3596 veritatis
2635 3551 2737 3597 tua:
2777 3541 2999 3597 redeant
3045 3542 3322 3598 unitatem.
3375 3542 3477 3599 Per
3522 3543 3820 3601 Dominum

2227 3639 2489 3686 nostrum.

2297 3722 2524 3779 Oremus
2552 3732 2608 3778 et
2635 3737 2730 3792 pro
2757 3720 2974 3792 perﬁdis
3003 3722 3222 3792 Judacis,
3252 3733 3311 3779 ut
3356 3724 3500 3780 Deus
3528 3733 3581 3780 et
3622 3725 3817 3780 Domi-

2225 3830 2326 3870 nus
2356 3827 2539 3870 noster
2564 3813 2771 3870 auferat
2802 3814 3041 3870 velamen
3093 3815 3161 3870 de
3190 3815 3440 3871 cordibus
3483 3829 3694 3884 eorum,
3741 3829 3814 3874 ut

2226 3914 2282 3959 et
2328 3905 2432 3974 ipsi
2474 3912 2766 3975 agnoscant
2815 3905 2996 3961 Jesum
3050 3903 3317 3962 Christum
3374 3907 3651 3963 Dominum
3705 3923 3816 3964 no-

2223 4003 2416 4050 strum.

2299 4085 2532 4140 Oremus.
2588 4112 2659 4128 —-
2695 4083 3047 4155 Omnipotens
3108 4086 3431 4157 sempiterne
3481 4087 3657 4152 Deus,
3710 4088 3817 4159 qui

2225 4179 2386 4232 etiam
2407 4175 2679 4231 Judaicam
2702 4176 2980 4248 perﬁdiam
3014 4192 3043 4230 a
3072 4185 3160 4232 tua
3190 4178 3554 4234 misericordia
3585 4195 3695 4234 non
3725 4193 3817 4237 re-

2224 4269 2408 4338 pellis,
2433 4271 2622 4325 exaudi
2654 4283 2841 4339 preces
2871 4276 3081 4326 nostras
3103 4312 3116 4335 ,
3142 4285 3276 4339 quas
3307 4284 3402 4339 pro
3431 4271 3577 4326 illius
3616 4274 3812 4342 populi

2222 4363 2584 4419 obcaecatione
2612 4359 2924 4426 deferimus,
2955 4369 3033 4426 ut,
3060 4363 3237 4431 agnita
3260 4364 3499 4418 veritatis
3521 4373 3625 4418 tua:
3652 4364 3808 4432 luce,

2220 4468 2339 4522 qua:
2365 4451 2610 4507 Christus
2633 4462 2732 4521 est,
2765 4467 2797 4507 a
2818 4453 2929 4507 suis
2957 4452 3191 4509 tenebris
3212 4463 3482 4509 eruantur.
3517 4454 3620 4509 Per
3645 4470 3815 4513 eum-

2221 4543 2341 4598 dem
2372 4545 2650 4598 Dominum
2675 4552 2937 4598 nostrum.

546 4641 722 4707 nibus,
771 4641 918 4712 (9.48)
947 4640 1136 4707 viduis,
1171 4649 1225 4695 et
1271 4655 1366 4709 pro
1403 4641 1546 4694 omni
1579 4641 1771 4710 pepulo
1791 4650 1974 4696 sancto
1998 4640 2108 4695 Dei.
2140 4649 2194 4710 ι)
2289 4634 2516 4688 Oremus
2547 4643 2599 4687 el
2628 4648 2722 4701 pro
2753 4634 3005 4704 paganiS,
3036 4643 3095 4689 ut
3124 4636 3264 4691 Deus
3309 4636 3647 4705 omnipotens
3701 4653 3812 4692 au-

619 4735 850 4788 Orcmus.
893 4733 1332 4802 —Omuipotens
1373 4733 1695 4800 sempiterne
1741 4732 1900 4798 Deus,
1957 4731 2112 4799 cujus

543 4825 727 4891 spiritu
756 4833 922 4878 totum
938 4837 1130 4892 corpus
1156 4822 1408 4878 Ecclesiae
1429 4823 1786 4876 sanctilieatur
1810 4830 1863 4875 et
1887 4820 2106 4890 regitur,

541 4916 731 4969 exaudi
759 4930 854 4969 nos
886 4930 982 4983 pro
1009 4914 1270 4969 universis
1316 4913 1593 4968 ordinibus
1636 4911 2016 4980 supplicantes,
2051 4921 2108 4965 ut

539 5005 722 5072 gratia:
751 5016 852 5059 tuae
874 5020 1095 5059 munere
1116 5006 1182 5058 ab
1205 5005 1456 5058 omnibus
1485 5004 1576 5059 tibi
1602 5001 1848 5073 gradibus
1879 5002 2107 5058 ﬁdeliter

538 5098 817 5152 serviatur.
851 5098 953 5152 Per
972 5097 1216 5152 eumdem
1246 5096 1550 5151 Dominum.
1648 5096 1653 5100 ’

607 5190 834 5244 Oremus
856 5200 912 5244 et
956 5204 1051 5258 pro
1081 5188 1232 5260 (2w)
1259 5185 1716 5244 Christianissimo
1756 5199 1881 5254 rege
1923 5192 2109 5238 nostro

534 5282 653 5348 111.,
689 5291 746 5336 ut
775 5283 912 5337 Deus
940 5289 995 5336 et
1023 5280 1276 5335 Dominus
1321 5286 1501 5332 noster
1539 5273 1780 5330 subditas
1823 5273 1896 5328 illi
1952 5272 2108 5329 faciat

535 5390 721 5428 omnes
777 5373 1028 5428 barbaras
1081 5371 1347 5434 nationes,
1395 5366 1459 5422 ad
1508 5375 1743 5422 neStram
1798 5376 2102 5436 perpetuam

535 5482 739 5532 pacem.

607 5557 843 5612 Oremus.
885 5588 952 5596 —
981 5552 1324 5621 Omnipotens
1353 5549 1677 5618 sempiterne
1705 5547 1845 5602 Deus
1873 5548 1925 5602 in
1955 5549 2116 5618 cujus.

609 5723 632 5751 ει
668 5715 869 5780 Ubique
901 5711 1090 5778 legitur
1123 5721 1228 5780 pro
1248 5707 1474 5780 statione
1505 5704 1573 5755 ad
1594 5710 1825 5780 sanctam
1856 5699 2101 5766 Mariam,

535 5785 764 5846 scilicet,
787 5769 1072 5904 'q‘llajoi'em,
1118 5769 1173 5831 ut
1218 5777 1413 5832 habent
1439 5789 1626 5832 omnes
1655 5769 1850 5838 Codd.,
1883 5782 2105 5842 excepto

542 5854 763 5904 kalend.
819 5854 950 5904 lom.

542 5854 763 5907 kalend.
800 5854 950 5904 llom.

2217 4725 2354 4779 ferat
2385 4724 2716 4794 iniquitatem
2747 4739 2776 4778 a
2803 4725 3053 4780 cordibus
3081 4741 3294 4792 eorum,
3327 4737 3378 4781 et
3410 4727 3606 4782 relictis
3632 4729 3813 4786 idolis

2213 4815 2325 4871 suis
2351 4825 2725 4870 convertantur
2745 4816 2808 4868 ad
2841 4816 3006 4871 Deum
3043 4819 3225 4872 vivum
3249 4828 3306 4875 et
3332 4833 3537 4887 verum,
3577 4831 3632 4875 et
3663 4823 3816 4876 uni-

2212 4920 2332 4961 eutu
2364 4904 2553 4961 Filium
2598 4907 2713 4976 ejus
2755 4905 2938 4962 Jesum
2987 4908 3254 4965 ChriStum
3288 4911 3454 4966 Deum
3502 4920 3556 4966 et
3599 4911 3819 4971 Domi-

2222 5013 2348 5051 nutn
2372 5006 2633 5064 nostrum,
2659 5014 2779 5053 cum
2809 5013 2914 5066 quo
2936 5000 3061 5053 vivit
3102 5009 3155 5054 et
3193 5009 3377 5069 regnat
3414 5017 3534 5055 cum
3583 5002 3818 5072 Spiritu

2211 5098 2397 5145 sancto
2417 5089 2579 5146 Deus.
2631 5091 2731 5146 Per
2753 5092 2929 5146 omnia
2950 5093 3141 5146 szecula
3164 5093 3498 5148 saeculorum.

2295 5180 2532 5237 Oremus.
2565 5212 2632 5223 --
2656 5182 3006 5252 Omnipotens
3027 5186 3349 5254 sempiterne
3372 5186 3533 5254 Deus,
3559 5189 3649 5256 qui
3683 5206 3822 5248 non

2211 5278 2437 5324 mortem
2489 5283 2860 5339 peccatorum,
2911 5273 3005 5327 sed
3049 5275 3209 5329 vitam
3256 5289 3470 5345 semper
3517 5278 3754 5345 inquiris
3789 5324 3816 5349 ,

2208 5363 2422 5430 suscipe
2451 5362 2716 5431 propitius
2755 5363 3049 5418 orationem
3097 5375 3358 5433 nostram,
3408 5377 3460 5421 et
3491 5368 3659 5424 libera
3694 5387 3820 5427 eos

2208 5453 2275 5506 ab
2299 5451 2560 5505 idolorum
2585 5453 2812 5520 cultura,
2841 5461 2894 5508 et
2918 5469 3144 5525 aggrega
3173 5457 3428 5512 Ecclesiae
3452 5469 3555 5513 tua:
3582 5471 3822 5521 sancta:

2208 5547 2274 5598 ad
2297 5543 2504 5598 laudem
2533 5551 2586 5598 et
2604 5549 2826 5613 gloriam
2846 5546 3076 5601 nominis
3105 5547 3200 5601 tui.
3228 5547 3350 5604 Per.

2284 5697 2321 5772 bi
2342 5701 2538 5772 Omnes
2565 5697 2834 5772 orationes
2873 5701 2959 5756 hic
3006 5705 3286 5770 assignatas
3315 5700 3501 5755 nullibi
3536 5703 3820 5772 leguntur

2213 5772 2266 5826 in
2311 5771 2408 5842 hac
2443 5770 2546 5842 Afer.
2580 5767 2634 5835 4,
2661 5780 3013 5842 praeterquam
3061 5767 3308 5827 in'Codd.
3349 5773 3536 5842 Augeli
3569 5767 3811 5842 Haeme,

2212 5858 2305 5898 seu
2342 5839 2538 5905 Vatic.,
2570 5840 2708 5908 apud
2738 5839 2894 5900 Guss;
2924 5857 3110 5898 recusa
3133 5854 3185 5898 et
3218 5839 3458 5908 Menam:
3793 5841 3810 5853 ‘
