4064 6350
265 366 324 429 81
1458 362 1659 419 LIBER
1697 361 2333 420 SACRAMENTORUM.
3472 357 3539 413 S2

343 491 495 563 (9,51)
530 490 731 556 Quibus
752 487 980 557 expletis,
1004 486 1261 541 osculatur
1282 483 1466 549 altare,
1510 489 1556 536 et
1580 481 1855 553 egreditur.
1883 481 1938 541 Λ
1967 477 2120 550 (259)
2151 477 2476 542 dalmaticas,
2504 483 2609 530 tam
2634 473 2884 546 pontifex,
2916 490 3067 543 quam
3096 488 3267 527 omnes
3295 473 3538 540 diaconi,
3604 500 3609 505 λ

270 586 459 640 Postea
480 600 596 638 vero
624 582 777 654 (252)
808 583 934 635 liora
966 590 1143 633 octava
1168 578 1524 647 ingrediuntur
1553 575 1619 628 ad
1648 574 1859 627 missam

270 679 366 732 hoc
396 679 576 730 ordine
600 692 619 729 :
647 676 780 729 Dicit
811 674 963 745 (εδδ)
993 671 1169 726 schola
1201 669 1540 737 antiphonam
1566 666 1634 720 ad
1676 666 1859 720 introi-

268 782 395 825 tum.
427 770 543 836 Qua
572 769 745 837 ﬁnita,
774 767 862 820 dat
891 766 1171 819 orationem
1197 764 1448 835 pontifex.

338 861 496 933 (9.55)
531 869 557 895 τι
581 860 814 921 Praesta,
850 871 1189 926 quaesumus,
1231 856 1572 923 omnipotens
1594 851 1766 919 Deus,
1800 858 1860 905 ut

264 953 358 1021 qui
402 952 602 1007 nostris
664 950 975 1006 excessibus
1026 949 1361 1002 incessanter
1405 944 1709 1013 afﬂigimur,
1764 956 1859 1011 per

269 1043 539 1114 llnigeniti
570 1043 649 1096 tui
682 1042 987 1110 passionem
1012 1039 1323 1094 liberemur.
1359 1035 1479 1102 Qui.

342 1134 538 1188 Deinde
579 1133 769 1204 legitur
817 1132 965 1186 lectio
1015 1147 1137 1185 una.
1186 1130 1430 1196 Sequitur
1473 1127 1627 1198 Resp.
1671 1125 1859 1180 Postea

269 1228 474 1281 dicatur
500 1227 688 1280 altera.

345 1318 546 1371 Oratio.
578 1346 651 1359 —
676 1316 818 1372 Deus
840 1315 931 1385 qui
961 1330 1056 1385 pro
1102 1313 1256 1371 nobis
1281 1314 1478 1370 Filium
1509 1321 1656 1368 tuum
1687 1312 1860 1366 crucis

271 1408 574 1479 patibulum
614 1406 641 1445 1)
676 1408 858 1462 subire
886 1407 1146 1475 voluisti,
1194 1415 1256 1461 ut
1288 1406 1487 1460 inimici
1519 1420 1548 1459 a
1587 1404 1739 1458 nobis
1768 1419 1860 1458 ex-

270 1502 501 1571 pelleres
540 1507 864 1570 potestatem
883 1538 899 1566 ,
930 1500 1165 1554 concede
1193 1498 1349 1554 nobis
1378 1498 1590 1553 famulis
1622 1496 1725 1551 tuis
1756 1537 1772 1561 ,
1804 1494 1863 1550 ut

271 1592 708 1649 Resurrectionis
748 1592 972 1663 gratiam
1002 1606 1412 1661 consequamur.
1449 1592 1549 1647 Per
1588 1590 1861 1646 eumdem:

345 1681 496 1753 (255)
537 1683 784 1751 Sequitur
810 1683 973 1737 altera
1000 1683 1171 1750 lectio,
1200 1690 1247 1736 et
1271 1692 1443 1751 postea
1464 1683 1858 1753 responsorium,

277 1774 531 1841 Domine,
583 1776 797 1841 exaudi,
824 1791 941 1829 cum
974 1776 1078 1829 suis
1124 1777 1346 1829 uersibus
1386 1776 1625 1845 quinque.
1666 1774 1862 1828 Deinde

1964 570 2040 624 vel
2068 571 2235 623 omnia
2263 578 2580 636 ornamenta,
2607 569 2811 623 sedente
2839 569 3078 637 pontifice
3100 568 3150 620 in
3183 566 3308 620 sella
3338 583 3431 620 sua
3448 574 3542 631 ;~et

1959 671 2316 731 praeparantur
2361 661 2507 731 (260)
2552 661 2796 731 ampulla:
2825 663 2938 715 dua:
2982 661 3275 729 cumoleo,
3327 677 3543 729 quorum

1961 752 2140 805 melior
2169 753 2398 823 defertur
2426 754 2673 821 pontifici,
2699 762 2775 822 ut,
2802 752 2950 823 (261)
2984 762 3188 822 accepto
3216 753 3464 817 balsamo,
3495 764 3543 807 et

1961 843 2325 897 commiscitato
2354 860 2470 896 cum
2501 843 2634 909 oleo,
2668 860 2824 897 manu
2856 861 2949 897 sua
2980 844 3188 910 impleat
3218 860 3347 896 eam.
3383 840 3543 896 Illam

1961 950 2075 989 vero
2105 935 2261 988 aliam
2289 936 2508 989 ministri
2527 937 2773 989 retineant
2796 935 3021 1003 plenam.
3049 933 3113 989 Et
3132 935 3364 1006 pontifex
3382 974 3397 998 ,
3424 935 3545 988 lotis

1961 1026 2214 1093 manibus,
2246 1027 2473 1095 procedit
2499 1043 2615 1079 cum
2639 1034 2829 1095 septem
2846 1026 2995 1098 (262)
3013 1027 3302 1080 cereostatis
3322 1025 3389 1080 ad
3413 1025 3464 1077 Μ
3474 1026 3546 1079 is-

1960 1135 2092 1174 sam.
2124 1117 2275 1171 Dicta
2321 1117 2615 1187 Antiphona
2642 1118 2709 1171 ad
2756 1120 3041 1185 introitum,
3092 1119 3214 1171 dicit
3236 1161 3250 1186 ,
3286 1118 3464 1173 Gloria
3491 1118 3543 1171 in

1962 1211 2192 1266 excelsis
2216 1210 2348 1266 Deo.
2383 1211 2498 1278 Quo
2526 1211 2692 1279 finito,
2723 1212 2864 1275 dicit,
2891 1192 3165 1281 (ecsfrax
3193 1210 3365 1280 vobis,
3390 1220 3435 1264 et
3458 1210 3546 1264 dat

1964 1302 2249 1357 orationem
2283 1304 2437 1357 hanc.
2470 1300 2542 1356 Et
2567 1310 2753 1357 caetera
2778 1304 2951 1356 omnia
2976 1303 3105 1356 sicut
3125 1303 3177 1356 in
3200 1302 3305 1356 alia
3333 1302 3548 1356 solemni

1966 1395 2148 1449 Missa.

2038 1487 2202 1551 Deus,
2237 1502 2265 1539 a
2284 1501 2390 1555 quo
2412 1492 2464 1541 et
2492 1485 2656 1541 Judas
2684 1492 2865 1541 reatus
2897 1486 2978 1540 sui
3008 1498 3238 1554 poenam,
3264 1490 3318 1539 et
3344 1480 3549 1538 confes-

1964 1580 2130 1636 sionis
2159 1595 2269 1635 suae
2311 1580 2472 1634 Latro
2519 1580 2794 1648 praemium
2832 1580 3077 1647 sumpsit,
3119 1575 3354 1633 concede
3390 1575 3546 1629 nobis

1967 1681 2072 1727 tum
2103 1671 2497 1742 propitiationis
2526 1670 2800 1737 effectum,
2832 1679 2896 1725 ut
2927 1670 3065 1725 sicut
3087 1671 3139 1724 in
3170 1667 3420 1739 passione
3448 1680 3547 1721 sua

1966 1762 2123 1818 Jesns
2163 1764 2406 1818 Christus
2447 1762 2706 1817 Dominus
2743 1771 2925 1818 noster
2952 1759 3432 1828 diversautrisque
3459 1760 3546 1812 in-

274 1871 645 1940 ponuntiatur
679 1887 713 1923 a
752 1870 997 1936 diacono,
1033 1868 1206 1940 (256)
1250 1869 1432 1924 Passio
1458 1868 1666 1923 Domini
1698 1869 1864 1924 nostri

1975 1856 2091 1911 tulit
2114 1855 2377 1925 stipendia
2406 1856 2739 1919 meritorum,
2776 1855 2845 1909 ita
2869 1855 3046 1921 nobis,
3068 1855 3246 1911 ablato
3268 1853 3552 1908 vetustatis

268 1962 402 2019 Jesu
428 1962 623 2018 Christi
645 1961 938 2018 secundum
971 1960 1189 2017 Lucam.
1225 1960 1343 2028 Qua
1368 1959 1591 2030 perlecta
1634 1960 1864 2030 expletur

273 2053 439 2110 Missa
465 2055 648 2108 ordine
672 2068 790 2108 suo.

347 2146 462 2217 65
486 2145 657 2212 Super
686 2145 876 2200 oblata.
894 2174 965 2185 --
984 2143 1227 2214 Suscipe,
1255 2156 1580 2213 qumsumus,
1618 2142 1861 2209 Domine,

277 2251 484 2291 munus
513 2236 765 2301 oblatum,
823 2244 877 2291 et
907 2236 1187 2306 dignanter
1225 2248 1450 2305 operare
1484 2242 1539 2288 ut
1579 2234 1716 2302 quod
1746 2248 1867 2302 pas-

264 2327 453 2383 sionis
482 2326 603 2382 Filii
635 2327 704 2381 tui
738 2327 945 2383 Domini
989 2328 1159 2383 nostri
1191 2327 1448 2399 mysterio
1468 2328 1720 2396 gerimus,
1768 2327 1867 2395 piis

269 2417 558 2473 effectibus
580 2431 990 2485 consequamur.
1022 2417 1125 2472 Per
1151 2417 1419 2472 eumdem.

347 2508 623 2581 Prcefatio.
649 2537 720 2549 —-
753 2510 887 2565 Vere
912 2510 1131 2581 dignum
1180 2518 1233 2565 et
1270 2510 1475 2579 justum
1521 2517 1624 2575 est,
1655 2524 1866 2579 aequum

274 2609 332 2656 et
353 2602 611 2666 salutare,
645 2615 744 2655 nos
775 2600 868 2654 tibi
895 2615 1105 2669 semper
1132 2609 1186 2656 et
1218 2600 1413 2670 ubique
1436 2600 1637 2669 gratias
1667 2615 1823 2670 agere
1848 2643 1865 2667 ,

278 2692 508 2748 Domine
534 2701 743 2761 sancte,
771 2693 931 2749 Pater
958 2694 1319 2762 omnipotens,
1349 2702 1549 2747 teterne
1579 2692 1741 2757 Deus,
1772 2708 1870 2762 per

242 2781 549 2838 °Christnm
584 2783 868 2838 Dominum
903 2794 1143 2839 nostrum
1173 2802 1187 2837 :
1218 2784 1306 2851 qui
1337 2783 1601 2839 innocens
1629 2799 1726 2853 pro
1764 2785 1868 2839 imo

273 2876 383 2947 piis
420 2877 588 2932 voluit
624 2879 758 2949 pati,
798 2887 852 2934 et
901 2894 998 2948 pro
1027 2878 1305 2934 sceleratis
1340 2878 1578 2935 indebite
1608 2882 1868 2935 condem-

274 2968 418 3024 nari.
456 2969 623 3038 Cujus
670 2984 815 3026 mors
846 2971 1035 3028 delicta
1093 2982 1274 3027 nostra
1305 2973 1547 3037 detersit,
1591 2984 1648 3029 et
1687 2989 1868 3030 resur-

220 3140 223 3141 ν
274 3062 449 3117 rectio
499 3060 937 3131 justiticationem
1001 3064 1156 3118 nobis
1215 3064 1479 3121 exhibuit.
1531 3064 1634 3119 Per
1704 3082 1867 3134 quem

280 3164 429 3210 tuam
473 3155 729 3223 pietatem
756 3155 1023 3225 supplices
1051 3170 1356 3221 exoramus,
1392 3164 1448 3209 ut
1470 3155 1548 3210 sic
1580 3171 1675 3210 nos
1711 3156 1871 3213 hodie

1968 1963 2172 2013 errore,
2205 1948 2315 2019 66
2338 1947 2768 2002 Resurrectionis
2797 1962 2909 2001 suae
2933 1947 3159 2016 gratiam
3204 1946 3475 2015 largiatur.

2042 2040 2185 2095 Tunc
2218 2042 2401 2110 legitur
2429 2040 2687 2110 Epistola,
2731 2051 2779 2095 et
2807 2042 3035 2111 sequitur
3066 2040 3221 2111 Resp.
3258 2038 3484 2094 Gradale
3508 2045 3555 2092 et

1968 2132 2213 2188 Tractum
2241 2152 2302 2188 ac
2336 2135 2521 2189 deinde
2548 2134 2906 2206 anngelium,
2952 2150 3051 2205 quo
3090 2136 3244 2202 lecto,
3293 2132 3556 2203 peragitur

1970 2224 2133 2280 Missa
2162 2226 2342 2279 ordine
2368 2241 2480 2279 suo.

2041 2328 2212 2397 Super
2241 2329 2428 2382 oblata.
2464 2358 2535 2369 —
2572 2328 2693 2398 Ipse
2738 2328 2872 2396 tibi,
2924 2342 3228 2399 quaesumus
3253 2368 3269 2395 ,
3326 2326 3550 2382 Domine

1969 2428 2176 2488 sancte,
2205 2421 2364 2475 Pater
2390 2421 2747 2489 omnipmens,
2777 2420 2937 2487 Deus,
2961 2421 3279 2476 sacrificium
3308 2428 3550 2474 nostrum

1968 2513 2160 2568 reddat
2179 2525 2479 2583 acceptum,
2496 2514 2587 2585 qui
2608 2515 2883 2584 discipulis
2904 2515 3013 2569 suis
3040 2515 3091 2569 in
3120 2514 3202 2569 sui
3225 2526 3551 2569 commemo—

1969 2606 2231 2661 rationem
2254 2606 2355 2660 hoc
2384 2606 2497 2661 ﬁeri
2525 2606 2674 2679 (264)
2700 2606 2954 2662 hodierna
2984 2607 3266 2662 traditione
3289 2614 3557 2661 monstra-

1970 2697 2048 2753 vit
2078 2698 2235 2754 lesus
2257 2699 2504 2755 Christus
2534 2701 2790 2756 Dominus
2817 2708 3018 2757 noster.

2044 2789 2321 2859 Prtefatio.
2352 2820 2424 2832 —
2458 2791 2599 2847 Vere
2628 2792 2845 2862 dignum
2883 2800 2938 2847 et
2970 2792 3171 2862 justum
3204 2799 3319 2859 est,
3347 2805 3559 2860 aequum

1974 2889 2030 2935 et
2057 2882 2321 2947 salutare,
2354 2897 2451 2936 nos
2480 2882 2573 2936 tibi
2601 2898 2817 2952 semper
2843 2892 2897 2937 et
2929 2883 3126 2951 ubique
3150 2882 3351 2952 gratias
3377 2896 3561 2951 agere,

1974 2972 2201 3027 Domine
2231 2983 2440 3037 sancte,
2474 2972 2633 3028 Pater
2656 2974 3019 3043 omnipotens,
3051 2981 3250 3027 aeterne
3283 2972 3560 3041 Deus,per

1975 3062 2248 3117 Christum
2280 3063 2560 3118 Dominum
2592 3072 2832 3119 nostrum
2868 3082 2880 3117 :
2910 3080 3066 3135 quem
3098 3065 3151 3119 in
3178 3064 3277 3119 hac
3296 3074 3453 3118 nocte
3475 3063 3559 3116 in-

1977 3164 2061 3211 ter
2085 3170 2269 3209 sacras
2299 3157 2486 3225 epulas
2510 3158 2877 3226 increpantem
2908 3172 3059 3211 mens
3091 3157 3190 3212 sibi
3216 3156 3429 3211 conscia
3459 3162 3563 3209 tra-

274 3262 306 3299 a
347 3248 586 3316 peccatis
645 3250 948 3314 emacules,
979 3258 1037 3303 ut
1063 3263 1182 3303 cras
1217 3247 1540 3303 venerabilis
1583 3263 1751 3304 cmnae
1780 3250 1875 3306 da-
1901 3248 1950 3311 ο
1981 3247 2170 3302 ditoris
2221 3246 2359 3302 ferre
2408 3262 2514 3301 non
2579 3249 2771 3318 potuit,
2814 3249 2933 3316 sed,
2968 3250 3330 3318 apostolorum
3376 3248 3563 3303 relicto

274 3339 439 3410 pibus
466 3341 668 3406 saties;
694 3339 854 3396 hodie
876 3349 1120 3409 acccptes
1147 3342 1537 3396 confessionem
1563 3350 1870 3398 nostrorum

276 3432 681 3499 peccaminum,
714 3440 770 3485 et
799 3445 920 3487 cras
951 3432 1156 3486 tribuas
1188 3431 1512 3500 Spiritalium
1543 3431 1874 3489 incrementa

273 3522 584 3589 donorum;
618 3523 777 3578 hodie
826 3523 1153 3593 jejuniorum
1193 3535 1500 3579 nostrorum
1545 3535 1667 3579 vota
1706 3528 1876 3581 susci-

280 3612 423 3681 pias,
455 3621 512 3667 et
539 3627 662 3668 cras
702 3626 799 3666 nos
832 3613 899 3666 ad
940 3614 1318 3669 sacratissima:
1372 3628 1541 3669 coena:
1570 3616 1872 3675 convivium

276 3704 611 3761 introducas.
645 3703 750 3760 Per
769 3719 947 3774 quem.

352 3796 676 3851 Benedictio.
709 3826 780 3838 —
818 3797 1166 3866 Omnipotens
1193 3797 1335 3854 Deus
1376 3799 1461 3866 qui
1494 3797 1760 3869 Unigeniti
1789 3800 1877 3854 sui

276 3892 531 3960 passione
564 3890 752 3947 tribuit
780 3889 931 3945 vobis
981 3889 1296 3944 humilitatis
1325 3892 1651 3961 exemplum,
1678 3907 1871 3947 conce-

276 3979 565 4035 dat'vobis
606 3994 701 4048 per
738 3980 980 4035 eamdem
1038 3980 1389 4035 humilitatem
1439 3983 1713 4050 percipere
1762 3998 1876 4037 suae

278 4074 677 4129 benedictionis
706 4073 975 4128 ineffabile
994 4073 1215 4128 donum.
1243 4080 1437 4129 Amen.
1471 4076 1639 4143 Ipsius
1669 4076 1874 4129 Resur-

277 4164 540 4219 rectionis
574 4166 885 4234 percipiatis
911 4166 1202 4230 consortia,
1230 4167 1382 4234 cujus
1412 4168 1683 4234 patientia:
1709 4183 1874 4223 vene-

280 4257 483 4311 ramini
538 4260 879 4312 documenta.
930 4260 1121 4312 Amen.
1163 4257 1278 4324 Quo
1320 4258 1387 4312 ab
1425 4274 1489 4312 eo
1527 4260 1874 4328 sempiternae

284 4356 416 4408 vitae
447 4369 642 4408 munus
678 4353 1004 4423 percipiatis,
1032 4367 1129 4421 per
1165 4354 1316 4422 cujus
1347 4356 1695 4423 temporalem
1731 4368 1877 4408 mor-

283 4457 421 4514 tem,
472 4458 732 4504 aeternam
777 4462 874 4502 vos
918 4448 1149 4503 evadere
1195 4447 1432 4502 creditis.
1485 4450 1679 4503 Amen.
1723 4448 1873 4516 Quod

282 4543 405 4613 ipse
424 4555 686 4613 praestare
715 4541 984 4612 dignetur.

357 4636 440 4689 Ad
470 4633 867 4705 Complendum.
888 4664 957 4674 --
975 4633 1126 4705 (257')
1152 4631 1369 4701 Largire
1391 4632 1634 4687 sensibus
1657 4643 1873 4697 DOSll‘lS,

278 4728 632 4795 omnipotens
664 4726 827 4790 Deus,
860 4733 918 4778 ut
948 4739 1042 4795 per
1072 4724 1425 4793 temporalem
1473 4722 1591 4777 Filii
1620 4724 1696 4777 tui
1730 4739 1877 4777 mor-

286 4830 423 4885 tem,
462 4834 623 4889 quam
678 4818 932 4889 mysteria
969 4815 1269 4872 veneranda
1316 4824 1596 4882 testantur,
1633 4815 1796 4869 vitam
1829 4824 1881 4871 te

285 4913 448 4969 nobis
481 4911 702 4966 dedisse
728 4920 1037 4979 perpetuam
1062 4908 1414 4964 confidamus.
1445 4907 1547 4961 Per
1569 4906 1838 4962 eumdem.

357 5002 533 5071 Super
560 5002 830 5073 pupulum.
849 5000 1187 5070 —Bespice,
1240 4999 1464 5053 Domine
1486 5038 1500 5063 ,
1532 5013 1836 5068 quaesumus
1860 5040 1876 5067 ,

283 5109 451 5165 super
482 5094 621 5149 hanc
653 5092 916 5148 familiam
951 5103 1117 5160 tuam,
1149 5108 1246 5161 pro
1277 5108 1380 5161 qua
1407 5091 1665 5146 Dominus
1696 5100 1879 5146 noster

286 5192 443 5246 Iesus
471 5188 722 5243 Christus
760 5202 866 5242 non
919 5186 1181 5242 dubitavit
1222 5187 1468 5241 manibus
1496 5184 1630 5239 tradi
1682 5199 1881 5239 nocen-

288 5282 443 5346 tium,
474 5290 531 5336 et
549 5280 729 5336 crucis
765 5279 947 5335 subire
980 5287 1329 5334 tormentum.
1363 5277 1462 5346 Qui
1483 5286 1657 5333 tecum
1686 5276 1838 5331 vivit.

938 5383 960 5411 ο
991 5389 1153 5428 FERIA
1183 5389 1238 5427 ν.

356 5464 494 5522 Inde
526 5467 654 5521 hora
687 5465 842 5541 (258)
877 5467 1025 5521 tertia
1066 5464 1280 5537 ingressi
1305 5463 1612 5531 sacrarium,
1663 5463 1883 5518 induunt

363 5639 393 5668 ι
422 5628 520 5682 llic
547 5628 737 5701 incipit
762 5630 996 5687 officium
1020 5629 1175 5701 hujus
1196 5625 1347 5687 feriae
1367 5628 1422 5684 in
1446 5626 1563 5684 aliis
1585 5624 1872 5680 Codicibus

292 5704 407 5759 sive
420 5700 633 5755 excusis
656 5704 767 5757 sive
788 5702 1019 5770 scriptis.

362 5772 393 5811 ὶι
422 5771 571 5846 Apud
602 5771 830 5846 Pa_mel.,
854 5764 1022 5829 subire
1048 5774 1230 5846 fecisti.
1261 5764 1641 5829 Favetnostrm
1664 5767 1876 5824 lectioni

297 5842 470 5900 (Index
503 5842 635 5913 Reg.
661 5844 823 5900 Suec.

1902 4592 1958 4654 D

1978 3339 2253 3394 consortio
2278 3378 2293 3402 ,
2346 3340 2617 3409 sanguinis
2653 3340 2879 3409 pretium
2918 3357 2947 3395 a
2995 3339 3195 3395 Judaais
3233 3341 3456 3410 accepit,
3504 3348 3564 3395 ut

1978 3430 2141 3484 vitam
2187 3430 2434 3499 perderet
2463 3446 2619 3500 quam
2652 3431 2801 3503 (265)
2840 3431 3098 3487 distraxit.
3133 3432 3379 3487 Coenavit
3406 3433 3565 3501 igitur

1983 3518 2142 3574 hodie
2168 3521 2409 3590 proditor
2459 3530 2686 3575 mortem
2725 3537 2898 3589 suam,
2957 3531 3010 3578 et
3048 3523 3285 3579 cruentis
3318 3523 3564 3577 manibus

1979 3627 2173 3682 panem
2207 3612 2273 3666 de
2303 3627 2465 3667 manu
2495 3612 2788 3669 Salvatoris
2819 3614 3069 3669 exiturus
3100 3615 3327 3684 accepit,
3376 3624 3435 3669 ut
3471 3629 3561 3668 sa-

1979 3706 2214 3773 ginatum
2238 3705 2358 3760 cibo
2381 3706 2552 3775 major
2584 3721 2739 3775 pmna
2764 3709 3172 3777 constringeret,
3205 3707 3358 3779 (266)
3400 3722 3559 3777 quem

1980 3812 2080 3852 nec
2108 3800 2303 3851 sacrati
2335 3799 2439 3852 cibi
2476 3800 2692 3852 collatio
2718 3814 2747 3852 a
2796 3801 3001 3854 scelere
3032 3808 3327 3855 revocaret.
3362 3799 3565 3854 Patitur

1981 3887 2159 3957 itaque
2213 3888 2468 3942 Dominus
2520 3898 2704 3942 noster
2741 3888 2897 3943 Jcsus
2937 3889 3183 3942 Christus
3236 3888 3400 3942 Filius
3441 3899 3563 3943 tuus

1980 3998 2101 4038 cum
2136 3984 2289 4036 hoste
2319 3983 2667 4038 novissimum
2702 3984 3023 4052 participare
3053 3982 3375 4048 convivium,
3406 3998 3434 4036 a
3457 3997 3563 4051 quo

1982 4092 2041 4131 se
2071 4084 2292 4129 noverat
2320 4076 2575 4131 continuo
2625 4092 2746 4131 esse
2786 4074 3121 4141 tradendum,
3172 4084 3230 4127 ut
3262 4073 3562 4141 exemplum

1982 4169 2300 4224 innocentiae
2352 4170 2550 4224 mundo
2594 4171 2939 4238 relinqueret,
2982 4179 3035 4223 et
3064 4168 3364 4237 passionem
3410 4182 3561 4220 suam

1982 4275 2080 4330 pro
2104 4260 2285 4316 surculi
2318 4262 2690 4331 redemptione
2711 4262 3001 4331 suppleret.
3031 4261 3233 4315 Patitur
3262 4260 3403 4314 mitis
3428 4260 3564 4313 Deus

1982 4353 2239 4407 immitem
2270 4352 2483 4417 Judam,
2507 4362 2559 4408 et
2580 4353 2806 4407 sustinet
2831 4355 2945 4421 pius
2966 4353 3234 4407 crudelem
3261 4351 3562 4414 convivam,

1983 4446 2071 4513 qui
2102 4446 2292 4499 merito
2324 4445 2511 4515 laqueo
2540 4460 2634 4501 suo
2661 4447 2928 4515 periturus
2956 4454 3090 4511 erat,
3123 4446 3245 4515 quia
3274 4446 3339 4499 de
3372 4445 3564 4512 Magis-

1983 4537 2048 4591 tri
2074 4538 2332 4607 sanguine
2362 4540 2639 4608 cogitarat.
2660 4538 2703 4591 Ο
2724 4537 3002 4591 Dominum
3033 4553 3129 4606 per
3156 4538 3335 4590 omnia
3368 4538 3569 4604 patien-

1984 4632 2125 4686 tem!
2158 4634 2201 4687 0
2231 4635 2437 4701 Agnum
2468 4634 2605 4688 inter
2627 4648 2750 4688 suas
2778 4634 2962 4699 epulas
2987 4635 3203 4687 mitem!
3239 4634 3425 4687 Cibum
3450 4633 3568 4701 ejus

1984 4724 2150 4779 Judas
2177 4725 2229 4780 in
2260 4740 2354 4781 ore
2374 4726 2597 4794 ferebat,
2631 4737 2685 4780 et
2730 4727 2922 4792 quibus
2948 4742 3067 4781 eum
3102 4726 3339 4781 traderet
3379 4743 3567 4793 perse-

1984 4826 2199 4873 cutores
2226 4818 2541 4874 advocabat.
2576 4819 2681 4875 Sed
2712 4819 2875 4873 Filius
2904 4827 3023 4872 tuus
3056 4819 3312 4872 Dominus
3341 4830 3520 4873 noster
3548 4861 3563 4886 ,

1985 4919 2235 4981 tanquam
2278 4913 2360 4980 pia
2394 4911 2577 4965 Hostia
2604 4955 2619 4979 ,
2665 4919 2720 4965 et
2751 4911 3015 4965 immolari
3062 4926 3122 4966 se
3170 4910 3261 4964 tibi
3292 4926 3386 4979 pro
3418 4912 3569 4966 nobis

1983 5003 2250 5072 patienter
2279 5004 2549 5073 permisit,
2584 5012 2638 5057 et
2669 5011 2941 5068 peccatum
2970 5003 3110 5071 quod
3158 5002 3386 5056 mundus
3415 5019 3565 5057 com-

1984 5095 2224 5157 miserat,
2259 5096 2535 5149 relaxavit.
2556 5094 2874 5160 Qumsumus
2892 5093 3051 5162 igitur
3066 5101 3124 5147 ut
3149 5096 3237 5163 qui
3268 5108 3366 5163 pro
3395 5095 3569 5148 salute

1985 5199 2168 5243 nostra
2202 5203 2260 5242 se
2300 5188 2436 5242 tradi
2468 5185 2737 5257 permisit,
2772 5188 3019 5257 ipse’itos
3060 5203 3169 5242 sum
3217 5189 3398 5257 gratia:
3429 5187 3570 5239 dono

1985 5279 2309 5349 locupletet;
2353 5289 2404 5335 et
2428 5280 2518 5347 qui
2543 5294 2636 5349 per
2661 5279 2953 5334 huccellam
2984 5280 3134 5349 panis
3157 5294 3310 5334 suum
3333 5276 3569 5346 prodidit

1987 5374 2320 5441 traditorem,
2350 5373 2465 5443 ipse
2488 5389 2584 5428 nos
2613 5376 2692 5429 sui
2727 5374 2877 5443 panis
2908 5376 3257 5444 perceptione
3283 5371 3441 5426 faciat
3466 5369 3569 5423 sibi

1988 5465 2288 5530 inhaerere;
2318 5467 2513 5535 quique
2560 5464 2944 5534 discipulorum
2977 5464 3142 5534 pedes
3173 5464 3356 5518 eluere
3387 5459 3571 5526 digna-

2060 5636 2081 5663 ο
2118 5624 2212 5678 llic
2242 5622 2450 5678 variant
2478 5622 2612 5679 Cod.
2660 5624 2711 5677 in
2760 5623 2985 5678 Kalend.
3033 5621 3186 5675 Rotn.
3220 5617 3411 5687 legitur
3442 5634 3454 5670 :
3488 5619 3570 5674 Ad

1988 5696 2254 5750 Lateranis
2274 5694 2791 5760 conﬁciturchrisma.
2813 5693 2962 5761 Apud
2985 5690 3185 5746 Pamel.
3206 5707 3217 5741 :
3235 5690 3316 5742 Att
3332 5699 3569 5746 sanctum

1991 5767 2241 5894 JUtmy’em
2270 5768 2321 5819 in
2350 5764 2593 5822 Lateran.
2622 5767 2675 5821 In
2706 5766 2880 5834 print.)
2907 5761 3136 5830 Theod.,
3159 5761 3311 5817 statio
3335 5763 3402 5816 ad
3421 5778 3569 5819 ωηο-ι

1992 5850 2099 5894 tum
2174 5851 2360 5895 etrum.
