4064 6350
558 370 628 424 85
1736 367 1978 426 SANCTI
2015 368 2338 426 GREGORII
2379 370 2587 449 MAGNI
3738 381 3806 433 81

559 496 646 543 tus
673 499 755 542 εει
779 487 955 553 hodie,
979 487 1093 557 ipse
1118 502 1217 542 nos
1243 487 1312 544 ab
1335 487 1583 542 omnibus
1607 485 1820 543 delictis
1847 487 2130 556 emaculet,
2157 485 2210 545 Δ
2240 486 2358 542 sine
2388 489 2495 542 ﬁne
2522 495 2798 554 permanet
2827 487 2878 543 in
2903 487 3095 544 saecula
3117 486 3456 544 saeculorum.
3485 486 3680 544 Amen.
3709 488 3804 546 Be-

553 589 611 636 et
636 580 796 636 οωιυί
841 581 1076 635 fidelium
1105 580 1488 650 discipulorum
1520 580 1768 636 associet.
1820 579 1925 636 Per
1971 595 2128 650 quem

555 673 902 744 Maiestatem,
933 683 1035 729 etc.

623 765 701 821 Te
729 766 905 836 igitur,
938 767 1350 822 clementissime
1371 765 1547 830 Pater,
1579 773 1682 819 etc.

622 856 1116 921 Commuuicantes,
1145 866 1200 912 et
1236 856 1374 912 diem
1414 855 1826 912 sacratissimum
1849 851 2126 908 celebran-

551 959 652 1016 tes,
687 949 839 1021 (267)
886 965 992 1021 quo
1040 951 1296 1004 Dominus
1347 957 1530 1003 noster
1581 947 1736 1002 Jesus
1761 945 2002 1001 Christus
2029 958 2123 1016 pro

551 1043 703 1100 nobis
723 1051 807 1100 est
831 1045 1088 1109 traditus;
1121 1043 1213 1098 sed
1245 1053 1300 1097 et
1331 1041 1662 1096 memoriam.

621 1135 773 1192 lianc
815 1135 974 1206 igitur
1019 1133 1339 1190 oblationem
1391 1133 1661 1186 servitutis
1687 1139 1917 1196 nostras.
1946 1130 2039 1186 sed
2067 1138 2122 1186 et

551 1235 761 1281 cunctae
791 1227 1006 1282 familia:
1037 1237 1159 1290 tuae,
1184 1238 1340 1294 quam
1372 1223 1465 1277 tibi
1504 1223 1775 1278 offerimus
1801 1223 1870 1275 ob
1895 1222 2031 1277 diem
2064 1221 2116 1276 in

552 1316 703 1388 (268)
725 1332 829 1387 qua
860 1317 1109 1372 Dominus
1141 1325 1320 1370 noster
1342 1316 1497 1369 Jesus
1513 1315 1755 1368 Christus
1777 1313 1990 1368 tradidit
2011 1314 2119 1367 dis-

549 1410 739 1479 cipulis
768 1411 877 1465 suis
912 1409 1150 1478 corporis
1181 1417 1235 1462 et
1262 1408 1538 1478 sanguinis
1576 1408 1654 1460 sui
1698 1405 1951 1478 mysteria
1976 1405 2115 1462 cele-

513 1529 517 1536 ι
549 1491 768 1564 branda,
794 1512 1114 1566 quaesumus,
1157 1498 1400 1563 Domine,
1434 1507 1491 1551 ut
1517 1495 1771 1564 placatus.

613 1591 712 1656 Qui
740 1589 910 1659 pridie
937 1605 1092 1658 quam
1127 1603 1222 1658 pro
1253 1597 1433 1643 nostra
1471 1589 1708 1643 omnium
1749 1586 1919 1642 salute
1967 1595 2115 1656 pate-

544 1690 710 1748 retur,
751 1680 852 1736 hoc
891 1689 973 1736 est
997 1721 1012 1746 ,
1043 1680 1234 1747 hodie,
1279 1679 1482 1749 accepit
1510 1694 1696 1749 panem
1727 1679 1781 1736 in
1810 1689 2022 1735 sanctas
2051 1694 2114 1735 ac

544 1773 869 1829 venerabiles
899 1788 1086 1828 manus
1112 1786 1256 1827 suas.

2235 577 2470 632 nedictio
2499 579 2591 632 Dei
2622 579 2813 646 Patris,
2839 588 2892 634 et
2917 579 3054 644 Filii,
3079 588 3132 634 et
3158 577 3386 646 Spiritus
3414 581 3604 647 sancti,
3628 573 3685 636 et
3705 596 3802 651 pax

2231 669 2440 724 Domini
2469 671 2541 724 sit
2571 686 2785 739 semper
2834 672 3136 739 vobiscum,
3169 679 3224 726 et
3250 686 3372 728 cum
3404 672 3592 741 spiritu
3623 681 3732 727 tuo.

2301 760 2447 813 Tunc
2470 764 2800 815 communicat
2824 764 2961 817 solus
2985 763 3269 834 cpiicopus,
3307 770 3354 818 et
3383 763 3624 818 diaconus
3655 764 3802 833 oﬂ'ert

2235 851 2282 905 ei
2307 852 2538 915 culicem,
2569 854 2660 906 illo
2686 855 3035 908 tantummodo
3065 855 3168 908 die.
3209 853 3492 925 Postquam
3521 859 3801 912 communi-

2229 943 2437 1008 caverit,
2468 946 2608 1011 ponit
2635 946 2842 999 calicem
2871 961 3026 1012 super
3051 945 3242 1010 altare,
3276 945 3459 999 deinde
3485 955 3743 1014 acceptam
3771 965 3802 1001 a

2223 1033 2540 1088 subdiacono
2571 1043 2807 1102 patenum
2849 1035 2990 1103 ponit
3017 1035 3162 1101 iuxta
3207 1035 3416 1090 calicem
3446 1035 3508 1090 de
3549 1036 3706 1097 latere
3730 1038 3799 1091 si-

2223 1124 2407 1192 nistro,
2431 1136 2478 1180 et
2503 1127 2676 1180 statim
2699 1129 2988 1197 cooperitnr
3009 1144 3041 1181 a
3068 1129 3265 1183 duobus
3284 1129 3576 1183 diaeonibns
3600 1140 3795 1184 utrum-

2220 1233 2319 1287 que
2347 1219 2412 1272 de
2439 1221 2653 1274 sindone
2679 1221 2894 1287 munda,
2937 1237 3089 1290 quam
3119 1222 3260 1290 prius
3309 1233 3716 1291 pra’paraacrant
3743 1224 3796 1278 in

2221 1323 2313 1364 ora
2358 1309 2550 1375 alteris,
2586 1326 2613 1364 e
2639 1312 2842 1380 regione
2879 1311 3132 1380 pontiﬁcis
3163 1321 3274 1378 post
3302 1313 3564 1382 corporale
3607 1330 3794 1384 expan-

2217 1415 2350 1455 sam.
2393 1400 2455 1454 Et
2483 1403 2725 1456 continuo
2757 1401 2862 1455 duo
2885 1403 3112 1472 aco/ythi
3137 1403 3386 1458 involutas
3403 1405 3660 1475 ampullas
3681 1422 3795 1464 eum

2216 1493 2430 1547 sindone
2469 1493 2586 1546 alba
2624 1495 2804 1560 serica,
2835 1495 2906 1550 ita
2931 1503 2986 1548 ut
3025 1495 3185 1549 videri
3215 1496 3406 1562 possint
3431 1512 3464 1548 a
3505 1497 3691 1562 medio,
3722 1506 3793 1553 te-

2217 1592 2335 1638 nent
2357 1585 2411 1638 in
2443 1583 2647 1639 brachio
2671 1586 2894 1652 sinistro,
2927 1586 3170 1656 projectis
3189 1586 3488 1641 sindonibus
3505 1604 3654 1654 super
3674 1605 3790 1642 sca-

2216 1676 2394 1744 pulam
2418 1676 2698 1742 sinistram,
2729 1677 2801 1730 ita
2829 1687 2882 1732 ut
2912 1679 3202 1750 pertingant
3230 1679 3491 1748 scapulam
3512 1681 3746 1736 desirant
3774 1723 3789 1747 ,

2214 1777 2463 1836 quatenus
2516 1768 2708 1835 possint
2754 1769 3090 1836 dependentia
3135 1771 3364 1825 retineri.
3408 1771 3450 1826 Α
3481 1772 3659 1840 quibus
3702 1773 3790 1827 sub

611 1863 764 1934 (269)
822 1865 964 1918 Tunc
1009 1864 1226 1932 o/fertur
1253 1863 1480 1934 pontiﬁci
1534 1863 1698 1918 oleum
1718 1905 1733 1931 ,
1767 1875 1816 1921 et
1867 1867 2113 1924 beneﬁca
2143 1864 2194 1928 Β
2220 1859 2430 1916 humero
2452 1861 2726 1926 stantibus,
2745 1863 3228 1918 renitsnbdiaconus
3248 1871 3295 1918 et
3317 1864 3792 1935 aceipitammtllam

542 1971 653 2010 eum
713 1965 816 2008 tant
854 1957 980 2026 ipse,
1025 1969 1177 2025 quam
1210 1971 1380 2010 omnes
1423 1955 1700 2027 presbyteri
1725 1958 1793 2012 ad
1821 1963 2114 2032 ungendum

541 2049 816 2118 inﬁrmum,
841 2049 918 2103 his
948 2049 1108 2102 verbis
1131 2064 1151 2104 :

611 2150 637 2179 δ
669 2142 882 2212 Etnitte,
921 2143 1166 2217 Domine,
1216 2143 1469 2219 Spiritum
1501 2155 1743 2206 sanctum
1775 2156 1918 2204 tuum
1959 2164 2113 2224 para-

541 2235 720 2290 clitum
733 2237 800 2292 de
829 2238 979 2292 ccelis
997 2238 1048 2293 in
1073 2239 1210 2294 hanc
1228 2242 1607 2311 pinguedinem
1629 2244 1807 2309 olivae,
1833 2246 1937 2316 67
1953 2262 2108 2315 quam

539 2328 604 2385 de
636 2329 795 2386 viridi
820 2331 962 2398 ligno
999 2333 1291 2401 producere
1319 2334 1565 2404 dignatus
1591 2353 1649 2391 es
1677 2339 1742 2392 ad
1764 2337 2107 2395 refectionem

537 2424 800 2490 corporis,
833 2433 890 2478 ut
942 2434 1026 2480 tua
1076 2438 1255 2482 sancta
1289 2428 1660 2486 benedictione
1706 2435 1776 2487 sit
1825 2434 1970 2488 omni
2011 2434 2112 2490 hoc

538 2525 857 2584 unguentum
885 2521 1120 2588 tangenti
1153 2530 1500 2577 tutamentum
1525 2526 1718 2580 mentis
1747 2534 1801 2581 et
1831 2529 2106 2598 corporis,

537 2608 602 2663 ad
629 2611 965 2666 evacuandus
997 2628 1187 2669 omnes
1213 2615 1450 2682 dolores,
1494 2631 1788 2687 omnesque
1831 2620 2109 2674 inllrmita.

536 2710 636 2764 tes,
667 2716 877 2758 onmem
907 2705 1278 2775 aegritudinem
1312 2710 1571 2776 corporis.
1600 2709 1752 2765 Unde
1795 2712 1992 2765 tinxisti
2015 2727 2106 2767 sa-

534 2792 798 2857 cerdotes,
823 2810 996 2863 reges,
1023 2797 1308 2866 prophetas
1336 2809 1388 2854 ct
1408 2811 1690 2872 martyres,
1715 2803 2107 2872 (270)chrisma

535 2893 682 2942 tuum
709 2886 1025 2956 perfectum,
1047 2890 1288 2956 Domine,
1319 2908 1348 2946 a
1372 2903 1421 2949 te
1450 2893 1788 2950 benedictum
1812 2899 1864 2951 in
1890 2897 2108 2954 nomine

534 2977 740 3034 Domini
790 2982 963 3036 nostri
1016 2983 1140 3037 Jesu
1187 2984 1406 3040 Christi:
1440 2985 1541 3040 Per
1565 3003 1721 3055 quem
1763 2989 1878 3042 haec
1929 2989 2108 3044 omnia

533 3069 779 3135 Domine,
813 3087 1029 3142 semper
1058 3075 1194 3128 bona
1222 3091 1392 3143 creas,
1423 3078 1789 3149 san-fctilicas,
1811 3081 2105 3152 vivi-l-licas,

532 3161 848 3233 be-l-nedicis
871 3172 926 3220 et
954 3175 1173 3234 praestas
1195 3167 1368 3220 nobis.
1393 3166 1495 3222 Per
1522 3171 1715 3238 ipsum,
1745 3181 1797 3225 et
1825 3185 1944 3226 cum
1969 3173 2106 3240 ipso,

2216 1953 2556 2020 commixtam,
2587 1970 2690 2008 una
2728 1970 2842 2010 cum
2863 1955 3091 2019 sindone,
3108 1965 3155 2010 et
3178 1957 3262 2010 dat
3283 1972 3394 2011 eam
3413 1958 3792 2025 archidiacono,

2215 2053 2262 2098 et
2292 2045 2380 2096 ille
2406 2045 2568 2114 defert
2594 2046 2824 2114 pontiﬁci
2861 2056 2979 2100 ante
3007 2047 3195 2100 srdem.
3230 2046 3371 2100 Tunc
3396 2049 3624 2117 pontifex
3651 2060 3793 2103 stans

2213 2135 2268 2191 in
2288 2135 2426 2206 sede,
2457 2145 2502 2192 et
2532 2135 2679 2212 (271)
2728 2137 3000 2212 respiciens
3025 2137 3092 2194 ad
3120 2139 3383 2209 orientem,
3428 2139 3790 2200 archidiacono

2215 2241 2414 2285 tenente
2455 2243 2572 2286 ante
2598 2237 2762 2304 ipsum
2791 2233 3074 2302 ampullam
3101 2234 3154 2286 in
3183 2233 3388 2287 sinistro
3418 2231 3628 2286 brachio
3653 2249 3796 2288 revo-

2214 2323 2324 2378 luta
2346 2324 2579 2392 sindone,
2609 2336 2664 2379 ut
2690 2342 2845 2396 supra
2873 2326 3210 2397 prwﬁrimus,
3239 2336 3286 2380 at
3313 2325 3453 2380 halat
3473 2328 3524 2380 in
3553 2327 3666 2393 ipsa
3685 2343 3791 2381 am-

2211 2416 2379 2485 pulla,
2405 2425 2452 2468 et
2481 2416 2639 2470 intrat
2665 2416 2816 2488 (272)
2845 2418 2898 2472 in
2929 2419 3356 2474 consecrationem
3399 2419 3684 2474 chrismatis
3711 2436 3793 2475 ea:-

2211 2506 2347 2562 celsa
2369 2523 2487 2561 uoce
2512 2523 2533 2564 .'

2287 2599 2544 2655 Dominus
2593 2600 2889 2657 vobiscum.
2931 2601 3004 2656 Et
3046 2617 3166 2658 cum
3197 2603 3386 2671 spiritu
3427 2612 3536 2658 tuo.
3566 2604 3791 2660 Sursum

2211 2694 2323 2765 68
2347 2694 2528 2748 corda.
2560 2694 2827 2750 Habemus
2854 2695 2919 2750 ad
2967 2695 3270 2751 Dominum.
3315 2695 3524 2753 Gratias
3573 2713 3792 2769 agamus

2211 2788 2440 2843 Domino
2472 2789 2578 2843 Deo
2609 2798 2813 2844 nostro.
2847 2790 3074 2861 Dignum
3105 2800 3158 2846 et
3179 2791 3382 2861 justum
3421 2800 3522 2847 est.

2285 2881 2418 2936 Vere
2444 2881 2661 2951 dignum
2709 2892 2762 2937 et
2795 2883 2994 2952 justum
3036 2893 3138 2949 est,
3193 2898 3399 2953 aequum
3430 2896 3483 2938 et
3527 2883 3780 2948 salutare,

2211 2991 2310 3030 nos
2351 2976 2446 3030 tibi
2496 2990 2707 3045 semper
2744 2985 2798 3032 et
2845 2977 3041 3047 ubique
3088 2977 3284 3047 gratias
3331 2989 3508 3044 agere,
3559 2977 3785 3031 Domine

2209 3077 2414 3135 sancte,
2446 3067 2607 3124 Pater
2632 3069 2988 3138 omnipotens,
3023 3079 3220 3125 aeterne
3244 3069 3417 3132 Deus;
3449 3071 3534 3140 qui
3565 3070 3617 3125 in
3642 3070 3787 3140 prin-

2211 3163 2374 3230 cipio,
2415 3163 2554 3217 inter
2573 3172 2764 3217 caetera
2794 3164 3044 3218 bonitatis
3072 3173 3124 3216 et
3148 3163 3358 3230 pietatis
3390 3174 3490 3216 tute
3522 3177 3744 3218 munera
3770 3201 3788 3228 ,

531 3264 587 3311 et
611 3256 663 3310 in
695 3257 812 3326 ipso
837 3266 920 3310 est
952 3257 1044 3312 tibi
1091 3257 1200 3312 Deo
1231 3258 1370 3313 Patri
1417 3263 1790 3329 omnipotenti,
1822 3263 1874 3318 in
1903 3267 2105 3322 υηῇιειθ
2129 3240 2179 3306 Ca
2213 3264 2408 3310 terram
2449 3255 2745 3324 producere
2773 3254 3043 3310 fructifera
3072 3254 3212 3326 ligna
3238 3255 3460 3324 iussisti,
3496 3256 3633 3309 inter
3671 3268 3791 3321 quae

532 3346 764 3417 Spiritus
784 3349 975 3413 sancti,
1009 3349 1183 3403 omnis
1213 3350 1385 3404 honor
1411 3361 1464 3407 et
1485 3352 1672 3422 gloria.

602 3439 705 3495 Per
733 3440 909 3494 omnia
941 3441 1135 3496 saecula
1163 3443 1501 3498 sreculorum.
1534 3448 1723 3502 Amen.

605 3528 838 3586 Oremus.
891 3531 1176 3603 Praeceptis
1229 3535 1548 3591 salutaribus
1595 3540 1801 3604 moniti,
1849 3550 1901 3596 et
1931 3540 2104 3597 divina

531 3615 861 3679 institutione
899 3624 1131 3692 formati,
1159 3625 1417 3681 audemus
1444 3629 1620 3684 dicere
1649 3645 1664 3684 :
1696 3631 1850 3686 Pater
1880 3644 2061 3689 noster
2087 3677 2102 3700 ,

531 3715 616 3784 qui
646 3729 705 3769 es
735 3715 786 3769 in
818 3716 990 3782 caelis,
1025 3718 1381 3774 sanctilicetur
1407 3735 1600 3776 nomen
1633 3732 1798 3789 tuum,
1821 3733 1926 3779 etc.

597 3805 702 3860 Sed
733 3805 904 3861 libera
937 3821 1031 3861 nos
1056 3823 1084 3861 a
1111 3809 1272 3863 malo.

596 3898 788 3981 Libera
810 3914 926 3964 nos,
951 3916 1272 3970 quaesumus,
1301 3903 1546 3969 Domine,
1568 3906 1634 3961 ab
1661 3908 1906 3962 omnibus
1927 3909 2099 3974 malis,

526 3993 846 4060 prteteritis,
898 3998 1249 4060 praesentibus
1281 4005 1335 4050 et
1374 3997 1596 4060 futuris;
1635 4008 1688 4051 ct
1738 4000 2103 4055 intercedente

527 4083 682 4137 beata
713 4093 766 4137 et
794 4085 1024 4152 gloriosa
1051 4103 1261 4156 sempor
1283 4088 1486 4158 virgine
1508 4089 1598 4142 Dei
1624 4089 1889 4145 Geuitrice
1918 4091 2099 4156 Maria,

528 4183 581 4228 et
606 4176 774 4228 beatis
796 4175 1049 4244 apostolis
1073 4179 1196 4238 tuis,
1227 4176 1384 4231 Petro
1409 4188 1460 4232 et
1483 4178 1666 4244 Paulo,
1687 4191 1844 4248 atque
1867 4181 2098 4247 Andrea,

526 4276 580 4321 et
608 4265 854 4319 omnibus
901 4268 1120 4329 sanctis,
1168 4267 1232 4320 da
1290 4270 1548 4336 propitius
1600 4286 1780 4340 pacem
1832 4272 1883 4326 iu
1915 4273 2101 4328 diebus

529 4358 745 4421 nostris,
775 4365 850 4422 ut,
878 4371 980 4424 ope
1009 4357 1384 4412 misericordiae
1412 4368 1514 4412 ture
1537 4361 1722 4429 adjuti,
1753 4374 1803 4415 et
1829 4379 1857 4417 a
1884 4375 2102 4433 peccato

525 4451 689 4504 simus
713 4465 923 4518 semper
947 4451 1121 4517 liberi,
1152 4461 1205 4506 et
1228 4453 1292 4506 ab
1307 4453 1448 4509 omni
1471 4457 1868 4523 perturbatione
1901 4460 2094 4514 securi.

525 4542 627 4597 Per
651 4541 929 4596 Dominum
960 4550 1219 4598 nostrum.

2211 3347 2368 3417 hujus
2408 3347 2739 3418 pinguissimi
2783 3348 3005 3417 liquoris
3037 3347 3296 3401 ministrae
3343 3346 3474 3400 olere
3506 3360 3793 3400 nasceren-

2209 3447 2320 3506 tur,
2345 3454 2568 3508 quarum
2597 3440 2794 3494 fructus
2825 3454 2981 3494 sacro
3005 3439 3282 3494 chrismsti
3313 3438 3630 3493 descrviret.
3658 3437 3789 3492 Nam

2209 3538 2265 3585 et
2291 3530 2478 3595 David,
2522 3532 2832 3600 prophetico
2861 3529 3050 3600 spiritu
3087 3531 3272 3599 gratiae
3321 3539 3423 3585 tua:
3449 3539 3789 3586 sacramenta

2207 3634 2574 3690 prmnoscens,
2607 3622 2782 3678 vultus
2803 3632 3014 3678 ucstros
3039 3623 3090 3676 in
3123 3622 3241 3677 oleo
3266 3620 3645 3676 exliilara-udos
3667 3636 3792 3677 esse

2206 3717 2458 3770 cantavit.
2509 3717 2723 3772 Etcum
2764 3716 2946 3771 mundi
2999 3716 3220 3771 crimina
3272 3713 3470 3770 diluvio
3516 3714 3786 3784 quondam

2207 3810 2548 3878 expiarentur
2576 3807 2766 3875 effuso,
2797 3809 3194 3865 similitudinem
3224 3807 3385 3864 futuri
3415 3810 3653 3864 muneris
3689 3824 3785 3863 co-

2205 3902 2384 3956 lumba
2415 3903 2809 3969 demonstrans,
2843 3903 2994 3974 (275)
3028 3918 3122 3972 per
3165 3903 3320 3958 olivae
3349 3917 3551 3958 ramum
3597 3917 3786 3982 pacem

2205 3995 2365 4049 terris
2394 3995 2652 4049 redditam
2683 3995 2966 4052 nuntiavit.
2997 3996 3146 4064 Quod
3175 3998 3224 4050 in
3245 3997 3555 4052 novissimis
3575 4005 3786 4064 tempo-

2205 4088 2352 4141 ribus
2386 4089 2684 4144 manifestis
2709 4099 2790 4144 eSt
2813 4089 3092 4146 ell‘ectibus
3115 4089 3466 4156 declaratum,
3507 4104 3628 4144 cum
3656 4090 3785 4161 bapo

2206 4179 2434 4234 tismatis
2466 4180 2618 4249 aquis
2647 4184 2884 4236 omnium
2914 4182 3194 4237 criminum
3225 4182 3508 4235 commissa
3547 4180 3786 4234 delenti-

2202 4271 2323 4334 bus,
2353 4273 2466 4326 haec
2495 4273 2594 4326 olei
2643 4275 2823 4328 unctio
2850 4275 3027 4328 vultus
3078 4281 3290 4328 nostros
3318 4272 3580 4341 iucundos
3618 4271 3788 4326 efficit

2205 4375 2266 4415 ac
2296 4377 2534 4419 serenos.
2569 4365 2696 4419 lnde
2725 4366 2884 4420 etiam
2920 4365 3088 4434 Moysi
3118 4363 3318 4417 famqu
3350 4372 3439 4417 tuo
3471 4363 3784 4417 mandatum

2202 4455 2436 4523 dedisti,
2491 4468 2547 4511 ut
2579 4464 2754 4513 Aaron
2807 4459 3025 4514 fratrem
3076 4473 3229 4512 suum
3271 4457 3417 4525 prius
3442 4471 3576 4522 aqu
3612 4457 3784 4512 lotum

2202 4563 2297 4618 per
2324 4549 2641 4604 inlusionem
2671 4551 2827 4618 hujus
2858 4551 3110 4620 unguenti
3139 4549 3496 4604 constitueret
3523 4549 3783 4604 sacerdo-

595 4633 905 4688 Benedictio.
932 4664 1003 4675 —
1035 4635 1322 4689 Benedicat
1359 4650 1452 4689 vos
1487 4635 1646 4703 Deus,
1676 4637 1764 4705 qui
1790 4651 1883 4706 per
1906 4637 2100 4709 Unigc-
2126 4620 2177 4680 D
2205 4651 2332 4695 tem.
2367 4641 2606 4695 Accessit
2631 4644 2694 4695 ad
2718 4642 2816 4697 hoc
2849 4643 3072 4712 amplior
3091 4643 3282 4706 honor,
3312 4655 3432 4695 cum
3454 4639 3624 4694 Filius
3655 4649 3782 4697 tuus

523 4725 755 4782 tiitiFiIii
782 4728 865 4782 sui
889 4728 1189 4797 passionem
1223 4737 1373 4782 vetus
1397 4729 1599 4782 Pascha
1626 4729 1677 4782 in
1705 4746 1898 4784 novum
1932 4733 2096 4788 voluit

524 4820 796 4886 converti;
835 4822 1198 4891 concedatque
1245 4821 1395 4875 vobis
1441 4833 1516 4887 ut,
1560 4831 1849 4892 expurgato
1898 4829 2096 4882 veteris

523 4913 766 4967 fermenti
793 4913 1059 4978 contagio,
1093 4927 1230 4968 nova
1262 4913 1314 4967 in
1341 4913 1490 4967 vobis
1512 4925 1818 4981 perseveret
1840 4931 2096 4986 consper-

520 5005 621 5058 sio.
677 5002 869 5058 Amen.
924 5005 990 5058 Et
1036 5006 1155 5074 quia
1178 5005 1244 5059 ad
1296 5002 1668 5060 celebrandam
1725 5006 2093 5076 Redemptoris

521 5094 742 5150 Cmnam
770 5103 946 5149 mente
967 5095 1154 5148 devota
1176 5096 1521 5161 CODVCIIisliS,
1553 5107 1866 5149 a-ternarum
1895 5097 2088 5166 dapum

520 5185 800 5240 vobiscum
844 5189 1029 5257 epulas
1078 5188 1382 5254 reportetis.
1427 5193 1614 5241 Amen.
1663 5188 1834 5256 ipsius
1877 5203 2091 5259 quoque

516 5276 813 5345 opitulante
843 5279 1121 5332 clementis
1149 5279 1478 5334 mundemini
1501 5295 1528 5333 a
1566 5281 1814 5334 sordibus
1846 5292 2090 5348 peccato-

516 5383 671 5434 rum,
699 5368 828 5439 qui,
879 5369 945 5423 ad
985 5369 1359 5426 insinuandum
1407 5371 1718 5426 humilitatis
1761 5375 2084 5442 exemplum,

511 5459 676 5527 pedes
714 5459 880 5516 voluit
919 5460 1098 5516 lavare
1127 5462 1530 5530 discipulorum.
1561 5466 1751 5517 Amen.
1785 5465 1936 5529 Quod
1970 5463 2086 5536 ipse

510 5564 761 5620 prteSIare
831 5553 1118 5624 dignetur,
1171 5555 1323 5623 cujus
1382 5570 1603 5625 regnum
1674 5568 1728 5612 et
1803 5557 2082 5624 imperium

579 5716 606 5745 ἰ
630 5709 683 5762 1η
727 5711 827 5764 Ed.
857 5711 1185 5768 Pamel.'hic
1225 5715 1600 5782 praemittitur:
1637 5713 1925 5770 Benedictio
1953 5714 2071 5769 olei.

514 5779 705 5852 _\'erun_i
730 5782 1028 5837 addendum
1061 5800 1122 5839 ex
1154 5779 1283 5841 Cod.
1321 5788 1448 5852 Reg.
1484 5785 1667 5844 Succ.,
1698 5789 1764 5838 ad
1785 5786 2071 5852 inﬁrmant.

507 5848 563 5906 In
594 5850 778 5907 eadem
820 5854 1213 5924 Benedictioue,
1249 5848 1435 5923 emitte,
1467 5864 1598 5920 etc.;
1635 5855 1787 5912 deest
1813 5848 1948 5924 apud
1977 5855 2072 5908 Pa-

2199 4731 2356 4787 Jcsus
2385 4730 2628 4786 Christus
2657 4732 2912 4787 Dominus
2936 4741 3115 4787 noster
3137 4732 3298 4786 lavari
3321 4745 3380 4785 se
3405 4746 3432 4784 a
3455 4729 3665 4784 Joanne
3688 4746 3784 4784 uu-

2199 4819 2281 4874 dis
2303 4819 2899 4892 Jordanicisexegisset,
2918 4832 2993 4890 ut,
3013 4822 3210 4891 Spiritu
3229 4831 3413 4876 sancto
3434 4820 3486 4874 in
3511 4820 3782 4878 columba:

2198 4911 2602 4967 similitudinem
2633 4913 2861 4982 desuper
2887 4914 3075 4982 misso,
3103 4912 3442 4982 Utiigenitum
3477 4920 3627 4967 tuum
3653 4954 3669 4979 ,
3721 4915 3779 4970 in

2197 5017 2306 5074 quo
2337 5003 2429 5057 tibi
2451 5005 2649 5072 optime
2666 5019 2782 5058 com
2791 5004 3095 5074 placuisset,
3117 5003 3421 5059 testimonio
3442 5006 3782 5072 subsequen-

2197 5095 2265 5149 tis
2295 5098 2443 5150 vocis
2463 5096 2799 5159 ostenderes,
2832 5105 2886 5151 et
2917 5098 3017 5151 hoc
3046 5096 3172 5151 illud
3195 5111 3314 5150 esse
3334 5096 3779 5154 manifestissime

2193 5187 2591 5254 comprobares,
2615 5188 2755 5258 quod
2777 5203 2899 5242 eum
2921 5188 3038 5242 oleo
3065 5188 3262 5242 latitia
3291 5201 3399 5256 prta
3430 5189 3777 5244 consortibus

2191 5280 2305 5336 suis
2338 5279 2641 5347 ungendum
2675 5278 2836 5332 David
2870 5279 3123 5348 propheta
3152 5279 3460 5334 cecinisset.
3493 5281 3572 5335 Te
3605 5283 3776 5350 igitur

2192 5369 2545 5438 deprecamur
2572 5409 2585 5434 ,
2634 5370 2854 5425 Domine
2909 5381 3124 5435 sancte,
3166 5371 3322 5425 Pater
3376 5372 3769 5441 omnipotens,

2193 5470 2390 5514 aeterne
2419 5459 2559 5514 Deus
2580 5499 2595 5525 ,
2627 5475 2722 5529 per
2760 5460 3005 5516 eumdem
3051 5463 3231 5517 Jesum
3260 5461 3529 5516 Christum
3567 5461 3771 5517 Filium

2195 5565 2341 5610 tuum
2375 5554 2656 5609 Dominum
2685 5565 2948 5622 nostrum,
2983 5566 3039 5611 ut
3070 5558 3226 5626 hujus
3253 5565 3513 5613 creaturas
3541 5558 3774 5628 pingue-

2179 5715 2418 5790 meliuiu,
2456 5729 2543 5790 pe_r
2566 5729 2714 5790 quem
2753 5713 2860 5790 (nec
2887 5712 3080 5782 omnia,
3117 5711 3357 5785 Domine,
3385 5721 3514 5786 etc.,
3555 5733 3680 5790 qua:
3710 5719 3776 5781 itt

2178 5787 2311 5841 Cod.
2344 5788 2469 5856 Reg.
2497 5785 2652 5840 Suec.
2683 5785 2962 5839 habentur.
