4064 6350
322 341 391 399 85

1916 228 1967 239 τη.

1526 348 1727 406 LIBER
1764 350 2396 412 SACRAMENTORUM.

3495 347 3563 405 86

319 460 490 539 dinem
508 461 853 518 sanctilicare
871 473 956 519 tua
973 463 1340 519 benedictione
1362 464 1616 535 digneris,
1642 478 1696 521 et
1718 466 1890 522 sancti
1917 465 1973 529 Δ
1995 471 2181 533 maior:
2211 471 2436 535 ecclesia,
2468 478 2516 526 et
2544 478 2831 541 exspectant
2858 473 3166 543 pontiﬁcem,
3195 472 3271 527 vel
3299 473 3385 542 qui
3406 471 3563 527 vicem

315 549 541 621 Spiritus
583 553 631 606 ei
661 552 960 610 admiscere
989 554 1260 621 virtutem,
1287 567 1607 626 cooperante
1658 561 1889 628 potentia

313 641 509 697 Christi
544 642 644 719 tui,
675 658 706 699 a
754 645 904 714 cujus
944 656 1129 700 sancto
1184 648 1397 703 nomine
1434 650 1667 705 chrisma
1699 666 1891 706 nomen

310 736 548 804 accepit;
583 736 736 806 (274)
785 737 923 792 unde
954 740 1151 795 unxistt
1181 743 1505 807 sacerdotes,
1539 744 1690 815 (275)
1716 759 1887 816 reges,

309 826 463 895 (276)
497 828 787 896 prophetas
826 840 879 883 et
907 830 1055 901 (277)
1089 844 1370 905 martyres,
1423 846 1479 889 ut
1515 837 1769 905 spiritalis
1814 839 1893 893 la-

306 917 452 971 vacri
499 918 770 987 baptismo
798 922 1122 977 renovandis
1166 936 1461 981 creaturam
1492 928 1797 986 chrismatis
1835 933 1889 987 in

306 1021 707 1065 sacramentum
735 1011 987 1081 perfecta:
1026 1006 1211 1070 salutis
1234 1018 1459 1088 vitaeque
1484 1023 1804 1090 conlirmes;
1834 1031 1890 1078 ut

304 1100 739 1158 sanetiticatione
769 1106 1030 1160 unctionis
1082 1109 1282 1173 inlusa,
1318 1116 1660 1180 corruptione
1702 1118 1888 1184 prima!

303 1194 602 1249 nativitatis
626 1195 897 1268 absorpta,
926 1209 1166 1257 sanctum
1199 1204 1612 1278 uniusCujusque
1631 1212 1883 1281 templum

300 1289 650 1356 acceptabilis
680 1293 820 1359 vitm,
856 1293 1114 1350 innocens
1141 1297 1307 1353 odore
1345 1301 1671 1369 redolescat;
1707 1312 1764 1358 ut
1792 1320 1882 1360 se-

300 1378 534 1434 cundum
564 1384 964 1440 constitutionis
997 1395 1099 1441 tum
1129 1403 1518 1447 sacramentum
1552 1397 1696 1464 regio
1720 1407 1772 1450 et
1802 1412 1883 1451 sae

302 1470 560 1525 cerdmali
618 1475 1037 1545 propheticomte
1081 1479 1282 1535 honore
1312 1484 1537 1552 perfusi,
1571 1487 1883 1544 vestimento

302 1564 599 1637 incorrupti
646 1573 886 1627 muneris
930 1573 1249 1641 induantur;
1281 1589 1334 1631 ut
1366 1578 1434 1632 sit
1469 1580 1549 1633 his
1580 1580 1668 1651 qui
1707 1583 1880 1638 renati

302 1655 501 1712 iuerint
522 1676 586 1735 es
642 1675 779 1731 aqua
814 1672 867 1719 et
914 1664 1115 1735 Spiritu
1164 1678 1350 1723 sancto
1393 1669 1624 1726 chtisma
1670 1674 1879 1741 salutis,

299 1760 498 1817 eosque
530 1760 749 1805 aeternre
778 1756 895 1807 vita:
928 1758 1230 1827 participes,
1263 1770 1314 1815 et
1338 1761 1575 1815 C(BIeSliS
1598 1763 1779 1834 gloria.-
1804 1765 1879 1818 ia-

292 1839 404 1893 cias
426 1855 548 1894 esse
586 1853 888 1899 consortes.
923 1847 1021 1901 Pcr
1050 1850 1295 1905 euunlem
1340 1851 1615 1908 Dominum
1649 1865 1697 1911 ι.

390 1929 518 1998 278)
548 1930 663 1996 Qua
696 1935 915 2006 expleta,
962 1937 1206 1992 benedicit
1251 1943 1531 2009 ampullam
1566 1946 1742 1999 ordine
1779 1964 1879 2017 quo

1996 564 2133 617 illius
2163 566 2395 617 tenuerit.
2427 564 2527 630 Qui
2557 565 2677 617 dum
2701 565 2902 618 veniens
2926 565 2989 619 de
3021 564 3268 628 sacrario,
3309 578 3565 633 processe-

1995 655 2064 708 rit
2091 664 2208 709 ante
2237 656 2415 720 altare,
2443 655 2511 707 ad
2540 656 2786 708 orandum
2810 656 2984 710 ordine
3007 673 3107 726 quo
3126 658 3179 710 in
3201 655 3350 725 (285)
3377 655 3568 712 Sacra-

1995 747 2238 819 mentario
2285 747 2599 811 continetur;
2643 762 2761 800 mox
2784 755 2839 799 ut
2866 749 3166 811 surrexerit,
3215 762 3329 800 cum
3364 746 3564 802 silentio

1996 835 2147 906 (286)
2164 837 2386 891 ascendit
2404 839 2470 891 ad
2491 840 2679 892 sedem.
2700 838 2812 902 Quo
2825 841 3022 894 sedente
3034 842 3211 893 statim
3226 839 3563 894 subdiaconus

1994 931 2221 983 ascendit
2248 930 2316 983 ad
2346 933 2631 1002 legendum.
2673 932 2738 986 Et
2763 941 2875 1001 post
2906 934 3011 987 lucc
3040 943 3285 986 cantatur-
3310 935 3563 987 canticum

1995 1021 2240 1087 Domine,
2287 1022 2500 1089 audivi;
2531 1024 2711 1077 deinde
2749 1026 2971 1093 sequitur
3014 1030 3175 1078 altera
3223 1025 3405 1089 lectio,
3456 1035 3566 1092 post

1992 1130 2144 1184 quam
2161 1116 2381 1184 sequitur
2398 1113 2613 1169 Tractus
2643 1116 2778 1169 Deus
2797 1117 3004 1170 laudem
3039 1130 3232 1170 meam.
3259 1117 3371 1181 Quo
3395 1116 3563 1182 finito,

1994 1205 2177 1275 legitur
2205 1204 2388 1259 Passio
2429 1204 2637 1259 Domini
2679 1207 2843 1260 nostri
2874 1206 2999 1261 Jesu
3027 1206 3224 1260 Christi
3272 1205 3561 1261 secundum

1990 1296 2268 1352 Joannem.
2306 1296 2418 1351 Hac
2446 1300 2666 1367 expleta,
2713 1300 2845 1351 venit
2876 1300 3109 1368 pontifex
3144 1307 3260 1351 ante
3288 1298 3474 1364 altare,
3515 1304 3564 1349 et

1990 1389 2113 1441 dicit
2154 1406 2173 1445 :
2202 1388 2448 1454 Oremus,
2480 1389 2809 1444 dilectissimi
2843 1390 3013 1454 nobis,
3049 1405 3142 1457 pro
3173 1388 3409 1444 Ecclesia
3439 1402 3564 1443 san-

1989 1491 2072 1533 eta
2109 1481 2219 1547 Dei,
2265 1490 2359 1535 etc.
2394 1482 2544 1552 (287)
2585 1482 2732 1536 Sicut
2759 1482 2813 1535 in
2856 1477 2883 1518 ά
2929 1489 3111 1550 quarta
3140 1482 3267 1548 feria
3294 1480 3559 1535 habentur.

1992 1572 2132 1638 Quas
2159 1582 2213 1625 ut
2242 1573 2457 1640 ﬁnierit,
2491 1574 2664 1626 statim
2691 1572 2794 1626 duo
2819 1573 3021 1626 diaconi
3050 1572 3245 1626 nudant
3273 1571 3436 1626 altare
3456 1572 3564 1626 sitt-

1988 1665 2140 1731 done,
2175 1682 2288 1733 qua:
2330 1667 2471 1735 prius
2508 1667 2672 1734 fuerat
2699 1667 2788 1719 sub
2817 1664 3098 1735 Evangelia
3137 1664 3323 1732 posita,
3373 1672 3419 1715 et
3460 1664 3561 1717 ista

1987 1758 2156 1810 omnia
2185 1758 2351 1821 tacite,
2398 1765 2444 1810 et
2477 1764 2661 1811 exeunt
2698 1756 2871 1826 foras;
2924 1756 3202 1825 presbyteri
3241 1770 3358 1809 vero
3396 1754 3556 1808 eccle-

1906 1859 1958 1919 B
1983 1849 2197 1914 ciarum,
2228 1849 2331 1901 sive
2359 1847 2423 1901 de
2458 1846 2600 1911 urbe,
2630 1847 2733 1899 sive
2769 1846 2832 1900 de
2872 1846 3189 1912 suburbanis,
3234 1847 3422 1900 vadunt
3472 1860 3562 1914 per

1984 1939 2219 1993 ecclesias
2264 1953 2413 2004 suas,
2468 1946 2523 1989 ut
2567 1936 2662 1990 hoc
2709 1938 2887 1990 ordine
2947 1943 3133 1990 cuncta
3178 1936 3246 1989 ad
3298 1950 3559 2004 vesperum

288 2035 448 2089 supra
475 2020 785 2077 declaratum
824 2035 896 2079 est
919 2045 937 2093 ;
986 2038 1030 2082 et
1060 2031 1291 2085 similiter
1320 2032 1458 2088 halat
1500 2036 1553 2089 in
1596 2039 1737 2107 ipsa,
1791 2042 1876 2095 sed

1981 2029 2195 2100 faciant.
2224 2025 2337 2082 Hoc
2359 2034 2555 2080 tantum
2584 2034 2859 2092 mutantes,
2887 2035 2941 2078 ut
2971 2025 3057 2079 ubi
3084 2027 3314 2095 pontifex
3334 2025 3560 2079 meminit

289 2112 447 2164 tacite
480 2116 643 2185 ipsam
676 2116 945 2171 benedicil.

372 2203 637 2259 Dominus
666 2205 956 2263 vobiscum.
992 2210 1198 2266 Etcum
1230 2216 1417 2283 spiritu
1450 2223 1559 2270 tuo.

376 2294 619 2351 Oremus.
651 2328 719 2338 —
747 2299 889 2354 Deus
918 2302 1363 2361 incrementorum
1399 2316 1451 2361 ct
1483 2309 1636 2378 (279)
1666 2311 1871 2380 prolec-

289 2393 440 2439 tuum
477 2389 823 2455 spiritalium,
858 2393 948 2461 qui
977 2394 1174 2451 virtute
1204 2399 1370 2452 sancti
1403 2398 1632 2469 Spiritus
1665 2404 1737 2457 tui
1778 2406 1874 2460 ima

290 2479 604 2533 becillarum
628 2484 881 2537 tuentium
907 2483 1205 2542 rudimenta
1229 2492 1535 2561 conﬁrmas,
1563 2505 1613 2548 tc
1635 2510 1869 2566 oramus,

288 2570 536 2638 Domine,
586 2583 645 2627 ut
687 2578 924 2631 venturis
968 2579 1035 2632 ad
1078 2580 1244 2635 beata:
1280 2586 1697 2654 regenerationis
1727 2591 1870 2646 lava-

287 2677 436 2717 crum
468 2665 675 2719 triliuas
716 2682 811 2736 per
844 2670 1147 2725 unctionem
1191 2672 1344 2728 istius
1388 2684 1649 2732 creatur-.13
1681 2696 1874 2751 purga-

291 2754 487 2810 tionem
516 2758 713 2812 mentis
746 2768 801 2813 et
827 2764 1092 2829 corporis,
1126 2771 1200 2828 ut,
1232 2762 1275 2818 si
1305 2780 1421 2835 quae
1446 2767 1547 2821 illis
1579 2769 1874 2825 adversan-

288 2846 421 2900 tium
452 2847 741 2916 spirituum
770 2851 995 2906 maculae
1026 2852 1377 2922 inliteserunt,
1408 2858 1471 2912 ad
1498 2867 1692 2912 tactum
1721 2875 1873 2917 sanc-

288 2937 474 2993 tiﬁcati
539 2940 647 2995 olei
720 2941 874 3011 hujus
929 2944 1241 3001 abscedant.
1302 2947 1487 3003 Nullus
1545 2949 1871 3019 spiritalibus

290 3031 540 3100 nequitiis
570 3032 742 3098 locus,
777 3034 922 3089 nulla
956 3036 1109 3107 (280)
1141 3037 1341 3110 refugis
1371 3040 1650 3097 virtutibus
1679 3045 1874 3117 sitas

286 3122 537 3187 facultas,
574 3126 721 3180 nulla
773 3128 1149 3184 insidiantibus
1205 3133 1357 3187 malis
1408 3134 1604 3189 latendi
1658 3137 1871 3195 licentia

1980 2120 2351 2190 Apostolicum,
2378 2120 2478 2188 ipsi
2505 2119 2763 2172 nominent
2792 2118 3087 2187 episcopum
3125 2132 3297 2171 suum.
3338 2117 3419 2173 Ad
3451 2116 3555 2172 Ve-

1977 2227 2184 2281 sperum
2213 2226 2329 2264 vero
2358 2218 2463 2263 tam
2492 2211 2543 2262 in
2568 2210 2775 2263 ecclesia
2802 2210 2853 2262 in
2878 2226 2978 2279 qua
3010 2210 3240 2280 pontifex
3265 2208 3386 2262 dicit
3418 2209 3555 2262 Ora-

1979 2305 2165 2370 tiones,
2196 2317 2348 2371 quam
2383 2302 2436 2355 in
2465 2302 2657 2355 caeteris
2686 2302 3115 2371 presbyterorum,
3147 2310 3261 2371 post
3284 2301 3553 2355 Orationes

1978 2402 2301 2463 prtcparatur
2336 2408 2462 2446 crux
2499 2404 2617 2446 ante
2655 2394 2835 2458 altare,
2877 2395 3173 2462 interposito
3216 2396 3377 2464 spatio
3424 2396 3557 2450 inter

1975 2484 2140 2553 ipsam
2168 2492 2215 2537 et
2239 2485 2420 2548 altare,
2452 2492 2730 2538 sustentata
2746 2483 2863 2538 hinc
2890 2485 3006 2538 inde
3021 2500 3052 2536 a
3069 2484 3260 2538 duobus
3282 2484 3551 2554 acolythis.

1976 2574 2156 2629 Posito
2175 2584 2294 2630 ante
2318 2592 2427 2630 eam
2450 2578 2503 2630 in
2527 2575 2676 2649 (238)
2701 2578 2944 2640 oratorio,
2966 2579 3099 2630 venit
3126 2578 3372 2647 pontifex,
3397 2576 3548 2648 (289)

1975 2668 2243 2722 adoratam
2283 2669 2608 2722 deosculatur
2649 2684 2868 2723 crucem.
2918 2668 3114 2723 Deinde
3151 2670 3394 2738 episcOpi,
3434 2684 3551 2737 pre-

1972 2759 2180 2829 sbyteri,
2203 2759 2432 2826 diaconi,
2456 2767 2501 2811 et
2524 2758 2693 2811 cmteri
2714 2774 2803 2827 per
2822 2758 3070 2823 ordinem,
3095 2758 3277 2812 deinde
3295 2760 3553 2827 populus;

1974 2849 2205 2921 pontifex
2228 2865 2345 2904 vero
2365 2850 2497 2903 redit
2520 2852 2573 2902 in
2592 2852 2761 2904 sedem
2782 2866 2936 2917 usque
2951 2850 3072 2902 dum
3099 2866 3271 2903 omnes
3293 2849 3554 2914 salutent;

1974 2944 2256 3013 presbyteri
2294 2959 2410 2997 vero
2449 2942 2553 2996 duo
2587 2943 2802 3013 priores,
2834 2956 2955 2996 mox
2990 2951 3047 2995 ut
3083 2942 3432 3007 salutaverint,
3476 2944 3557 2997 in-

1974 3042 2111 3088 trant
2138 3037 2191 3089 in
2219 3038 2518 3103 sacrarium,
2550 3036 2627 3090 vel
2656 3035 2739 3088 ubi
2768 3036 2991 3103 positum
3033 3036 3187 3104 fuerit
3225 3037 3333 3107 7ο
3369 3052 3553 3105 corpus

1974 3127 2355 3197 Domini,quod
2376 3128 2541 3199 pridie
2560 3127 2821 3194 remansit,
2846 3136 3091 3199 ponentes
3111 3128 3241 3182 illud
3265 3130 3318 3182 in
3341 3138 3549 3198 patena;

287 3217 666 3287 relinquatur;
698 3218 793 3273 sed
838 3221 1177 3277 venientibus
1214 3224 1279 3279 ad
1313 3224 1469 3279 fidem
1510 3231 1680 3282 servis
1718 3230 1820 3283 tuis
1846 3272 1862 3297 ,
1894 3234 1942 3299 ε
1973 3228 2017 3274 et
2045 3222 2383 3275 subdiaconus
2415 3229 2579 3275 teneat
2607 3228 2725 3273 ante
2754 3219 2891 3289 ipsos
2911 3219 3121 3272 calicem
3149 3234 3264 3272 cum
3291 3220 3407 3273 vino
3447 3234 3549 3274 non

291 3320 344 3361 et
382 3310 557 3364 sancti
591 3311 819 3381 Spiritus
844 3315 919 3369 tui
950 3315 1260 3386 Operatione
1286 3319 1626 3387 mundandis,
1656 3323 1723 3376 sit
1748 3338 1874 3379 unc-

1977 3323 2292 3379 consecrato,
2346 3322 2395 3366 et
2440 3312 2571 3366 alter
2609 3320 2846 3383 patenum
2896 3311 3011 3365 cum
3059 3326 3270 3381 corpore
3320 3310 3549 3364 Domini.

292 3403 447 3455 tionis
498 3402 659 3471 hujus
714 3402 1034 3476 praeparatio
1097 3410 1242 3464 utilis
1290 3413 1354 3465 ad
1413 3414 1662 3481 salutem,
1707 3432 1873 3489 quam
1979 3404 2175 3471 Quibus
2202 3405 2504 3470 tenentibus,
2529 3405 2713 3476 accipit
2742 3420 2875 3458 unus
2904 3404 3163 3474 presbyter
3192 3412 3449 3475 patenum,
3502 3409 3550 3457 et

291 3495 448 3547 etiam
506 3497 745 3550 cmlestis
799 3502 1223 3568 regenerationis
1267 3504 1538 3560 nativitate
1583 3508 1633 3561 in
1691 3523 1872 3565 sacra-

293 3600 471 3643 mento
501 3601 629 3644 sunt
660 3592 998 3660 baptismatis
1017 3596 1283 3666 adepturi.
1315 3599 1415 3655 Per
1446 3601 1729 3658 Dominum
1750 3620 1872 3661 nos-

295 3687 425 3735 trum
453 3680 639 3735 Jesum
672 3683 940 3739 Christum
981 3686 1156 3743 Filum
1190 3699 1357 3757 tuum,
1393 3693 1480 3759 qui
1512 3703 1766 3750 venturus
1792 3706 1876 3755 est

288 3770 530 3841 judicare
556 3774 708 3829 vivos
735 3785 788 3829 et
831 3785 1075 3833 mortuos
1102 3789 1155 3835 et
1183 3784 1438 3837 smculum
1480 3801 1575 3855 per
1605 3786 1798 3857 ignem.

358 3868 601 3933 Ampulla
648 3878 817 3924 autem
852 3888 966 3939 qua:
1013 3890 1127 3928 cum
1166 3878 1435 3933 chrismate
1467 3891 1559 3946 est,
1599 3885 1772 3937 statim
1816 3894 1871 3940 ut

294 3955 548 4009 benedicta
576 3960 733 4027 fuerit
763 3964 1069 4031 cooperitur,
1102 3975 1156 4019 ut
1186 3984 1217 4019 a
1258 3970 1453 4023 nemine
1490 3972 1753 4039 videatur;
1784 3976 1872 4029 sed

291 4057 484 4101 tenente
514 4066 627 4103 eam
648 4052 907 4122 acolytho,
932 4070 1105 4108 omnes
1123 4073 1233 4110 eam
1255 4075 1344 4128 per
1364 4062 1595 4117 ordinem
1619 4069 1870 4135 salutent;

291 4157 406 4195 nam
432 4144 701 4214 episcopus
733 4156 777 4198 et
809 4148 1011 4200 diaconi
1050 4165 1217 4203 omnes
1255 4168 1364 4203 eam
1406 4155 1597 4208 nudam
1625 4159 1868 4216 salutant.

294 4233 407 4297 Hoc
433 4237 657 4306 expleto,
691 4238 872 4293 ablatis
901 4241 1152 4307 manibus,
1186 4243 1413 4313 pontifex
1453 4249 1589 4302 vadit
1623 4261 1740 4305 ante
1788 4253 1871 4306 al-

294 4335 418 4391 tare,
444 4339 491 4380 ct
515 4328 670 4399 (2‘51)
692 4333 1033 4386 communicat
1060 4338 1223 4387 omnis
1240 4337 1459 4405 populus
1480 4340 1532 4391 in
1556 4343 1734 4396 ordine
1755 4361 1869 4410 suo,

296 4428 340 4474 et
378 4419 527 4489 (282)
568 4432 769 4475 servant
800 4424 863 4478 de
884 4424 994 4493 ipso
1021 4428 1273 4495 sacriﬁcio
1316 4428 1369 4481 in
1409 4433 1711 4502 crastinum,
1742 4436 1873 4492 unde

296 4513 686 4567 communicent.

293 4714 622 4770 quesumus,
659 4701 901 4765 Domine,
938 4700 1080 4756 Deus
1113 4712 1314 4772 noster,
1358 4714 1417 4759 ut
1455 4708 1595 4777 quod
1633 4718 1873 4779 tempore

295 4806 493 4850 nostra:
532 4800 868 4854 mortalitatis
910 4804 1262 4870 exsequimur
1300 4803 1713 4863 immortalitatis
1769 4818 1873 4866 tua!

292 4904 517 4945 muliere
547 4904 956 4962 consequamur.
984 4893 1084 4947 Per
1109 4894 1385 4949 Dominum
1415 4905 1655 4953 nostrum
1679 4897 1726 4952 ι).

830 4983 980 5054 (283)
1022 5002 1175 5040 FEBIA
1218 4999 1239 5026 ε
1282 5003 1351 5041 νι.

369 5073 521 5144 (284)
565 5073 712 5132 Hora
738 5077 886 5130 tertia
915 5079 1216 5132 conveniunt
1253 5095 1423 5133 omnes
1453 5081 1730 5151 presbyteri
1767 5089 1871 5137 tam

299 5168 514 5222 civitatis
561 5185 713 5234 quam
760 5170 822 5224 de
865 5170 1193 5237 suburbanis,
1251 5179 1294 5225 et
1349 5174 1511 5226 omnis
1550 5174 1713 5227 clerus
1758 5192 1872 5235 cum

302 5262 488 5329 populo
518 5262 571 5315 in
600 5262 809 5315 ecclesia
839 5270 1028 5317 statuta
1066 5261 1197 5316 intra
1244 5261 1452 5322 Urbem.
1483 5280 1583 5317 non
1612 5273 1779 5320 tamen
1819 5269 1872 5321 in

370 5412 396 5439 ι
424 5401 553 5455 Post
580 5399 721 5454 hanc.
760 5398 1193 5455 Benedictionem
1224 5399 1462 5467 sequitur
1491 5399 1629 5469 apud
1658 5400 1863 5458 Pamel.

300 5477 626 5528 exorcismos
653 5472 752 5541 olei
781 5488 793 5521 :
822 5470 959 5524 Deus
986 5474 1074 5541 qui
1101 5473 1282 5524 virtu'e
1302 5472 1463 5523 sancti
1491 5471 1733 5540 Spiritus,
1764 5485 1868 5527 etc.

372 5544 397 5581 δ
426 5544 479 5597 in
511 5543 607 5595 Ed.
641 5540 806 5593 \iatic.
836 5558 926 5595 seu
970 5540 1152 5608 Angeli
1203 5542 1390 5595 Bocota
1434 5542 1667 5607 sequitur
1694 5560 1706 5594 :
1739 5541 1867 5596 Item

303 5616 458 5667 oratio
508 5615 575 5665 ad
615 5613 1045 5665 reconciliandam
1083 5613 1419 5678 prenitcntem,
1470 5627 1587 5665 cum
1643 5621 1870 5674 quatuor

302 5687 417 5738 aliis
437 5688 582 5737 Orat.
609 5682 659 5735 in
684 5684 922 5736 canitiem
945 5700 1074 5735 rem.
1106 5686 1195 5734 llis
1212 5683 1526 5745 subduntnr,
1549 5682 1617 5734 ad
1632 5682 1863 5751 Missam,

301 5772 448 5823 super
476 5756 664 5815 abluta,
705 5762 749 5806 et
780 5755 845 5804 ad
872 5755 1242 5821 complendum,
1278 5768 1381 5805 tres
1406 5753 1704 5807 Orationes.

376 5835 397 5863 ε
431 5826 582 5896 Apud
615 5823 811 5879 Pamel.
856 5840 949 5895 pro
974 5826 1200 5880 statione
1229 5832 1428 5878 tantum
1461 5824 1652 5892 legitur
1690 5825 1743 5880 in
1777 5824 1865 5879 Je-

1978 3494 2127 3566 (290)
2154 3495 2286 3550 alter
2310 3497 2537 3561 calicem,
2569 3504 2616 3550 et
2643 3496 2875 3565 deferunt
2898 3510 3051 3563 super
3077 3494 3242 3547 altare
3280 3493 3548 3547 nudatum.

1976 3585 2225 3656 Pontifex
2260 3601 2376 3641 vero
2418 3587 2555 3641 sedet
2598 3586 2719 3639 dum
2747 3586 3021 3655 persolutet
3051 3584 3274 3654 populus
3300 3599 3501 3637 crucem
3534 3599 3551 3638 :

1974 3693 2094 3731 nam
2139 3678 2395 3732 salutante
2440 3678 2718 3746 pontifice,
2774 3675 3060 3745 velpopulo
3110 3689 3345 3741 crucem,
3397 3673 3549 3743 (291)

1974 3769 2182 3822 canitur
2199 3785 2397 3837 semper
2418 3769 2708 3838 Antiphona
2737 3769 2876 3823 Ecce
2896 3769 3096 3837 lignum
3126 3766 3321 3822 crucis.
3349 3764 3553 3818 Dicitur

1976 3860 2125 3933 (292)
2160 3859 2396 3914 Psalmus
2418 3875 2603 3915 cxvul.
2630 3860 2744 3925 Qua
2767 3860 3010 3926 salutata,
3042 3868 3090 3913 et
3116 3860 3336 3927 reposita
3364 3856 3419 3910 in
3441 3856 3552 3910 loco

1959 3954 2089 4021 suo,
2122 3953 2378 4006 descendit
2407 3954 2640 4021 pontifex
2665 3959 2781 4004 ante
2807 3951 2991 4014 altare,
3022 3957 3069 4002 et
3098 3948 3222 4001 dicit
3246 3962 3267 4001 :

2051 4047 2285 4101 Oremus.
2312 4074 2384 4086 —
2404 4045 2690 4114 Praeceptis
2721 4044 3036 4099 salutaribus
3058 4041 3271 4109 moniti,
3297 4048 3352 4097 et
3372 4037 3548 4095 divina

1973 4139 2303 4195 institutione
2321 4137 2549 4201 formati,
2566 4137 2822 4191 audemus
2838 4135 3045 4191 dicere:
3071 4136 3229 4191 Pater
3255 4144 3436 4189 noster
3457 4135 3547 4203 qui

1960 4228 2033 4288 es
2076 4233 2130 4287 in
2172 4231 2345 4297 caelis,
2398 4230 2759 4285 sanctiﬁcetur
2807 4244 3004 4285 nomen
3045 4236 3232 4295 tuum;
3287 4227 3549 4283 Adveniat

1972 4338 2195 4395 regnum
2225 4333 2399 4388 tuum;
2429 4320 2545 4376 Fiat
2571 4320 2812 4376 voluntas
2850 4328 2941 4375 tua
2975 4320 3111 4375 sicut
3134 4320 3186 4373 in
3212 4318 3349 4375 coelo
3390 4326 3446 4372 et
3491 4319 3545 4371 in

1960 4422 2151 4482 terra;
2180 4416 2376 4471 Panem
2407 4423 2650 4471 nostrum
2679 4415 3040 4484 quotidianum
3072 4414 3142 4469 da
3169 4411 3323 4467 nobis
3351 4411 3545 4477 hodie;

1902 4574 1905 4575 ν
1957 4506 2044 4561 'Et
2064 4507 2269 4562 dimitte
2298 4506 2451 4562 nobis
2477 4506 2654 4562 debita
2676 4515 2859 4561 nostra
2882 4507 3019 4561 sicut
3039 4513 3094 4561 et
3114 4519 3211 4561 nos
3231 4504 3547 4560 dimittimus

360 4604 441 4656 Ad
468 4602 861 4672 Complendum.
918 4634 987 4645 -
1035 4606 1237 4662 Refecti
1282 4608 1527 4666 vitalibus
1578 4612 1866 4683 alimentis,
1896 4586 1949 4662 D
1972 4599 2299 4655 debitoribus
2318 4598 2633 4683 nostris;F.t
2656 4613 2722 4652 ne
2744 4612 2840 4653 nos
2863 4598 3080 4654 inducas
3100 4597 3153 4652 in
3177 4596 3546 4653 tentationem.

1976 4696 2132 4762 Resp.
2164 4694 2272 4749 Sed
2299 4693 2460 4748 libera
2483 4680 2578 4746 nos
2601 4677 2631 4744 a
2660 4690 2822 4745 malo.

2046 4811 2234 4867 Libera
2260 4822 2379 4876 nos,
2404 4821 2726 4878 quaesumus,
2756 4804 3001 4869 Domine,
3027 4802 3094 4857 ab
3118 4800 3364 4858 omnibus
3390 4801 3547 4858 malis

1974 4902 2281 4975 prmteritis,
2329 4898 2679 4969 praesentibus
2723 4906 2776 4951 et
2819 4895 3039 4959 futuris,
3087 4901 3141 4948 et
3186 4893 3547 4949 intercedente

1980 4995 2133 5051 beata
2156 5004 2209 5049 et
2237 4992 2466 5063 gloriosa
2497 5004 2705 5058 semper
2728 4986 2933 5056 virgine
2957 4984 3047 5040 Dci
3067 4982 3332 5039 Genitrice
3362 4985 3546 5052 Maria,

1978 5097 2032 5153 et
2060 5087 2227 5145 beatis
2255 5082 2512 5153 apostolis
2549 5079 2653 5135 tuis
2682 5078 2841 5134 Petro
2862 5087 2916 5133 et
2940 5076 3105 5132 Paulo
3126 5085 3283 5147 atque
3315 5076 3547 5139 Andrea,

1977 5189 2033 5235 et
2060 5178 2307 5233 omnibus
2330 5174 2547 5240 sanctis,
2573 5172 2637 5225 da
2667 5172 2923 5240 propitius
2947 5184 3127 5239 pacem
3156 5170 3207 5224 in
3235 5168 3420 5223 diebus
3448 5182 3545 5247 no—

1981 5268 2127 5332 stris,
2157 5273 2236 5329 ut,
2269 5279 2371 5328 ope
2407 5261 2788 5318 misericordiae
2812 5268 2915 5316 tua:
2943 5260 3131 5331 adjuti,
3162 5268 3218 5314 et
3258 5272 3289 5312 a
3332 5265 3549 5325 peccato

1944 5401 2220 5457 ‘rusalem.
2247 5402 2301 5455 In
2331 5399 2556 5455 Kalend.
2590 5398 2743 5454 Rom.
2777 5415 2791 5450 :
2821 5396 2888 5452 In
2920 5398 3204 5464 Suxzurio,
3231 5396 3367 5465 quod
3402 5402 3475 5447 est
3501 5394 3549 5447 in

1976 5474 2184 5526 basilica
2207 5472 2512 5525 Jerusalem.

2042 5542 2069 5580 τι
2095 5544 2146 5596 In
2176 5544 2426 5597 Oratione
2456 5557 2550 5603 pro
2578 5541 2896 5608 imperatore
2923 5549 2975 5592 et
3006 5536 3251 5608 imperio,
3299 5549 3420 5608 quae
3449 5533 3546 5588 ha-

1975 5614 2129 5667 betur
2155 5615 2206 5668 in
2231 5615 2453 5666 aliarum
2477 5612 2615 5666 serio
2643 5604 2850 5679 Quarta,
2880 5609 2978 5663 bis.
3008 5609 3134 5672 Reg.
3160 5607 3315 5679 Stiec.
3340 5604 3498 5679 habet
3527 5621 3543 5661 :

1978 5685 2187 5754 Respice
2210 5686 2275 5736 ad
2300 5683 2643 5737 Christianum
2659 5676 2911 5754 benignus
2950 5682 3071 5754 imp,
3090 5678 3338 5754 ;‘primus
3369 5676 3541 5754 Theo-

1975 5746 2091 5808 der:
2123 5774 2138 5807 :
2172 5756 2249 5808 Ad
2275 5755 2624 5807 Christianiss.
2654 5751 2936 5815 Pamelius,
2978 5749 3062 5801 cui
3107 5746 3248 5802 lavet
3282 5748 3541 5803 secundus

1972 5825 2175 5881 Thcod.
2212 5842 2227 5880 :
2250 5827 2328 5879 Ad
2360 5823 2666 5887 Romanum.
