4064 6350
448 309 458 316 .
522 365 592 426 87
1704 345 1947 408 SANCTI
1984 342 2314 400 GREGORII
2349 341 2567 400 MAGNI
3686 338 3757 398 33

518 487 685 541 simus
712 490 922 549 semper
945 472 1176 532 liberi-et
1201 469 1270 528 ab
1297 468 1444 526 omni
1471 463 1872 538 perturbatione
1889 459 2085 516 securi.
2113 461 2168 542 Α
2192 470 2302 512 tum
2333 456 2608 526 utriusque
2649 455 2975 512 Testamenti
3002 453 3212 526 paginis
3239 450 3476 517 instruis,
3507 451 3575 508 da
3604 454 3758 511 nobis

519 576 619 633 Per
640 572 921 628 Dominum
945 575 1183 623 nostrum
1210 563 1390 618 Jesum
1410 559 1677 616 Christum
1702 554 1891 609 Filium
1917 560 2084 615 tttum,

520 667 610 736 qui
640 675 812 719 tecum
842 658 972 714 vivit
1011 665 1066 712 et
1107 661 1292 724 regnat
1333 652 1478 706 Deus
1519 649 1570 702 in
1617 647 1816 700 unitate
1861 642 2088 712 Spiritus

519 758 710 816 sancti.
743 755 844 810 Per
869 751 1046 807 omnia
1074 747 1268 804 saecula
1292 742 1630 799 steculorum.
1661 736 1853 791 Amen.

589 849 718 903 Cum
747 846 967 902 dixerint
997 846 1187 906 Amen,
1207 839 1357 893 sumit
1384 837 1444 890 de
1473 833 1623 904 (“295)
1651 838 1848 893 sancta,
1876 836 1921 882 et
1949 830 2090 898 ponit

517 942 569 995 in
599 941 806 993 calicem
840 935 988 1008 (ΞΜ)
1029 935 1160 988 nihil
1185 933 1375 986 dicens.
1420 926 1488 980 Et
1533 923 1679 995 (295)
1719 923 2091 977 communicant

519 1049 691 1088 omnes
717 1045 835 1085 cum
871 1028 1094 1092 silentio,
1123 1035 1168 1080 et
1187 1022 1339 1094 (296)
1369 1019 1567 1089 expleta
1585 1025 1702 1072 sunt
1729 1015 1982 1069 universa.

587 1127 632 1179 A
661 1125 789 1194 feria
838 1123 890 1187 5,
938 1135 1153 1191 vespere,
1199 1114 1350 1186 (297)
1389 1113 1526 1168 nuda
1561 1113 1665 1168 sint
1710 1111 1897 1166 altaria
1935 1123 2091 1178 usque

517 1233 663 1271 mane
691 1213 904 1270 Sabbati
927 1220 976 1266 ι.

929 1299 1080 1371 (298)
1118 1296 1147 1335 b
1187 1309 1415 1351 sanna'ro
1452 1306 1673 1350 sancro.

589 1396 735 1450 Hora
764 1378 912 1468 (299)
941 1402 1113 1446 octava
1140 1389 1342 1442 veniunt
1373 1403 1542 1440 omnes
1570 1395 1673 1438 tam
1703 1383 1891 1452 clerus,
1938 1397 2092 1453 quam

517 1493 738 1565 populus
764 1493 817 1545 in
849 1487 1129 1551 ecclesiam,
1159 1493 1205 1538 et
1233 1483 1588 1554 ingrediuntur
1615 1480 1787 1534 clerici
1823 1479 1878 1533 in
1909 1493 2089 1533 sacra-

517 1585 671 1649 rium,
702 1591 749 1636 et
776 1580 994 1633 induunt
1023 1594 1077 1632 se
1110 1573 1438 1637 vestimentis,
1469 1571 1598 1626 sicut
1627 1586 1735 1624 mos
1766 1577 1860 1633 est,
1902 1578 1950 1622 et
1975 1578 2092 1622 tunc

516 1675 873 1730 illuminantur
900 1672 1002 1725 duo
1032 1669 1178 1733 cerei,
1213 1681 1335 1735 quos
1365 1671 1530 1717 tenent
1556 1665 1660 1715 duo
1687 1660 1838 1735 (500)
1880 1659 2088 1724 notarii,

517 1783 650 1821 unus
683 1768 737 1818 in
785 1767 960 1817 dextro
1006 1775 1162 1814 cornu
1201 1756 1398 1822 altaris,
1438 1763 1485 1808 et
1526 1754 1655 1807 alter
1688 1753 1744 1805 in
1770 1750 1997 1818 sinistro,
2041 1755 2091 1804 et

516 1858 739 1914 ascendit
767 1855 920 1908 lector
945 1854 997 1907 in
1025 1849 1174 1916 (501)
1201 1849 1465 1902 ambonem
1492 1844 1829 1912 pronuntians
1856 1857 1875 1894 :

587 1949 760 2002 Lectio
788 1933 904 1999 libri
956 1942 1158 1997 Genesis
1185 1956 1203 1995 :
1226 1940 1280 1994 In
1312 1935 1599 2005 Principio.
1625 1933 1871 1989 Similiter
1900 1939 1949 1986 et
1974 1928 2094 1985 illas

517 2039 755 2094 lectiones
786 2051 980 2089 omnes.
1015 2033 1145 2087 Ante
1178 2029 1233 2084 In
1265 2026 1550 2094 Principio,
1585 2040 1688 2078 non
1727 2025 1851 2076 dicit
1885 2021 2095 2076 Oratio-

513 2147 647 2185 nem.
673 2128 852 2182 Prima
886 2125 1097 2181 lectione
1124 2122 1287 2191 ﬁnita,
1319 2119 1443 2172 dicit
1469 2118 1598 2171 hanc
1620 2115 1910 2169 Orationem
1933 2129 1952 2167 :

585 2223 748 2285 Deus,
775 2218 864 2288 qui
895 2214 1212 2270 mirabiliter
1238 2210 1430 2266 creasti
1462 2206 1758 2274 hominem,
1786 2215 1841 2260 et
1868 2203 2093 2259 mirabi-

514 2311 618 2366 lius
647 2306 936 2372 redemisti,
968 2306 1034 2360 da
1067 2305 1220 2358 nobis
1259 2307 1441 2356 contra
1469 2299 1857 2354 oblectamenta
1888 2294 2093 2365 peccati

513 2403 710 2458 utentis
745 2401 951 2456 ratione
995 2397 1301 2467 persistere,
1350 2403 1404 2447 ut
1455 2404 1754 2446 mereamur
1797 2387 1864 2443 ad
1902 2385 2093 2458 gaudia

515 2503 717 2549 aeterna
744 2490 1041 2560 pervenire.
1066 2488 1169 2542 Per
1199 2484 1478 2540 Dominum
1507 2491 1773 2537 nostrum.

587 2583 758 2638 Lectio
788 2582 902 2636 libri
943 2579 1153 2633 Genesis
1179 2593 1200 2633 :
1231 2576 1474 2632 Tentavit
1512 2576 1652 2630 Deus
1680 2572 1970 2628 Abraham.

585 2673 748 2740 Deus,
790 2671 878 2741 qui
927 2671 983 2724 in
1019 2667 1248 2725 Abrahae
1296 2667 1472 2720 famuli
1521 2666 1594 2718 tui
1643 2677 1804 2732 opere
1862 2665 2094 2717 humano

513 2765 698 2838 generi
721 2761 1037 2818 ohedientiae
1061 2757 1309 2826 exempla
1332 2755 1625 2826 praebuisti,
1652 2754 1885 2808 concede
1912 2752 2090 2819 nobis,

513 2866 569 2911 et
593 2864 793 2911 nostra:
814 2852 1104 2908 voluntatis
1132 2849 1448 2914 pravitatem
1474 2847 1740 2914 frangere,
1792 2853 1847 2898 et
1882 2853 2091 2897 tuorum

513 2956 904 3019 praeceptorum
946 2942 1320 3000 rectitudinem
1366 2941 1420 2995 in
1469 2938 1716 2993 omnibus
1775 2937 2089 3005 adimplere.

515 3038 686 3201 Ρθζι
718 3126 887 3183 Lectio
917 3126 1061 3180 Libri
1085 3122 1256 3180 Exodi
1281 3140 1300 3179 :
1329 3122 1472 3178 Dixit
1498 3120 1753 3175 Dominus
1777 3119 1841 3173 ad
1873 3119 2089 3191 Moysen

516 3230 573 3278 et
592 3225 790 3277 Aaron.

583 3315 744 3382 Deus,
778 3315 865 3384 qui
897 3313 1098 3382 peccati
1118 3313 1314 3366 veteris
1332 3307 1731 3364 htereditariam
1754 3317 2004 3375 mortem,
2038 3309 2092 3364 in

510 3421 616 3477 qua
648 3403 972 3475 posteritatis
1001 3418 1168 3473 genus
1198 3415 1354 3455 omne
1396 3410 1748 3464 successerat,
1788 3401 1987 3456 Christi
2016 3401 2092 3455 tui

513 3498 722 3553 Domini
769 3496 938 3552 nostri
988 3495 1233 3565 passione
1281 3496 1524 3560 solvisti,
1573 3494 1637 3548 da
1686 3504 1742 3547 ttt
1791 3494 2092 3548 conformes

509 3587 686 3642 eidem
716 3585 864 3651 facti,
895 3585 1032 3641 sicut
1053 3586 1331 3654 imaginem
1360 3585 1577 3651 terreni,
1623 3593 1822 3639 naturae
1852 3585 2090 3640 necessi-

510 3684 637 3739 tate,
667 3677 1018 3745 portavimus,
1051 3675 1120 3728 ita
1149 3675 1429 3744 imaginem
1459 3674 1714 3743 cmlestis,
1748 3675 1932 3744 gratia:
1961 3688 2089 3728 sal-

513 3767 836 3822 ctiticatione
883 3773 1154 3836 portemus
1203 3767 1398 3822 Christi
1454 3765 1666 3821 Domini
1721 3765 1910 3820 nostri.
1988 3765 2089 3833 Qui

510 3866 684 3913 tecum
715 3858 863 3912 vivit.
895 3900 902 3908 ,

577 3949 750 4003 Lectio
797 3948 941 4005 Libri
981 3949 1154 4006 Exodi
1207 3965 1225 4003 :
1273 3948 1492 4004 Factum
1531 3955 1614 4003 est
1657 3948 1714 4002 in
1753 3947 1927 4017 vigilia
1973 3960 2090 4002 ma-

510 4043 704 4097 tutiua.

578 4131 844 4185 Canticum
865 4145 886 4185 :
905 4129 1214 4186 Cantemus.

578 4224 720 4279 Deus
747 4225 898 4294 cujus
938 4223 1151 4292 antiqua
1198 4222 1450 4276 miracu.a
1492 4235 1543 4274 ιη
1575 4219 1824 4288 praesenti
1877 4233 2088 4289 quoque

506 4315 708 4370 sarculo
750 4328 1038 4369 coruscare
1067 4314 1345 4377 sentimus,
1397 4321 1610 4380 praesta,
1654 4326 1978 4380 quaesumus,
2031 4321 2088 4367 ut

507 4408 646 4463 sicut
675 4407 906 4475 priorem
939 4409 1192 4474 populum
1218 4405 1286 4458 ab
1306 4403 1573 4474 IEgyptiis
1604 4404 1860 4470 liherasti,
1889 4405 1992 4460 hoc
2018 4406 2085 4460 ad

507 4497 736 4554 salutem
803 4495 1040 4566 gentium
1091 4508 1186 4563 per
1231 4508 1394 4562 aquas
1437 4492 1769 4562 baptismatis
1824 4495 2083 4563 opereris.

506 4591 630 4645 Per.

579 4676 749 4730 Lectio
778 4672 930 4745 (502)
958 4673 1112 4729 Isaice
1138 4673 1437 4746 prophetae:
1467 4671 1593 4728 litec
1617 4673 1922 4729 haereditas.

575 4764 740 4832 Deus,
779 4765 867 4834 qui
905 4765 1196 4820 Ecclesiam
1249 4772 1390 4818 tuam
1419 4779 1634 4833 semper
1657 4765 1893 4834 gentium
1921 4777 2084 4819 voca-

506 4858 652 4911 tione
699 4857 1044 4926 multiplicas,
1091 4857 1328 4910 concede
1363 4849 1625 4926 propitius
1671 4865 1730 4910 ut
1766 4869 1900 4924 quos
1946 4870 2083 4923 aqua

500 4946 835 5016 baptismatis
887 4946 1096 5012 abluis,
1153 4947 1403 5001 continua
1457 4946 1792 5016 protectione
1851 4945 2078 4999 tuearis.

501 5043 620 5097 Per.

573 5131 744 5186 Lectio
771 5130 924 5187 Isaia:
945 5131 1218 5200 Propheta:
1238 5147 1258 5187 :
1287 5129 1708 5202 Apprehendent
1735 5133 1937 5196 septem
1961 5140 2079 5181 mu-

500 5224 680 5279 lieres.
1109 5287 1114 5290 ν

571 5313 840 5368 Canticum
869 5327 889 5368 :
915 5312 1226 5368 Cantemus.

567 5404 730 5473 Deus,
763 5405 852 5474 qui
875 5418 975 5460 nos
995 5403 1060 5459 ad
1087 5401 1464 5460 celebrandum
1493 5399 1741 5470 paschale
1767 5411 2076 5456 sacramen-

568 5569 592 5596 α
615 5559 672 5613 In
701 5558 804 5613 fine
832 5557 993 5613 oﬁicii
1024 5557 1180 5628 hujus
1210 5557 1354 5613 feriae
1383 5555 1518 5624 apud
1551 5553 1841 5628 Pamelium
1889 5555 2068 5622 sequi-

493 5638 578 5684 tur
603 5649 616 5685 :
649 5629 788 5683 Ordo
811 5630 876 5682 ad
900 5625 1190 5691 faciendum
1218 5628 1652 5689 catechumenum,
1677 5625 1764 5694 qui
1787 5641 1888 5680 non
1914 5642 2068 5695 repe-

493 5702 627 5754 ritur
648 5702 700 5754 in
731 5700 862 5753 Cod.
894 5699 1024 5768 Reg.
1051 5700 1211 5753 Suec.
1242 5709 1426 5768 magna
1453 5696 1641 5768 Saltem
1663 5712 1726 5768 ex
1752 5706 1920 5764 parte.

562 5772 589 5810 b
617 5769 872 5826 Statiouis
898 5765 998 5824 haé
1015 5769 1101 5825 die
1132 5768 1272 5823 nulla
1305 5765 1363 5819 fit
1386 5765 1614 5833 mentio,
1647 5767 1747 5822 nisi
1773 5769 1822 5822 in
1843 5769 2060 5824 lialend.

2150 535 2155 542 ’
2192 547 2486 616 intelligere
2529 547 2946 601 misericordiam
2991 556 3156 611 tuam,
3205 552 3263 598 ut
3307 559 3370 597 ex
3418 545 3759 613 perceptione

2189 642 2530 714 praesentium
2562 640 2714 694 firma
2743 641 2808 695 sit
2835 639 3160 707 exspectatio
3187 636 3504 692 futurorum.
3537 636 3659 692 Per.

2261 733 2434 787 Lectio
2465 730 2615 786 Jonas
2643 730 2914 803 Propheta:
2941 746 2960 785 :
2990 729 3208 785 Factum
3261 737 3343 784 est
3373 727 3601 784 Verbum
3646 728 3757 784 Do-

2190 821 2346 880 mini.

2263 917 2421 983 Deus,
2470 916 2560 986 qui
2593 911 2803 970 divitias
2832 911 3210 969 misericordiae
3249 921 3353 968 tute
3390 911 3443 966 in
3485 910 3586 966 hac
3622 926 3761 982 prte-

2191 1012 2343 1080 cipue
2368 1018 2525 1065 nocte
2552 1007 2781 1078 largiris,
2808 1007 3094 1077 propitiare
3114 1005 3367 1060 universo
3387 1002 3557 1060 ordini
3579 1019 3762 1061 sacer-

2191 1103 2384 1158 dotalis
2409 1101 2591 1166 officii,
2625 1107 2896 1156 et‘omnes
2923 1097 3118 1169 gradus
3139 1097 3420 1153 famulatus
3446 1100 3613 1154 nostri
3643 1115 3763 1168 pero

2191 1191 2329 1248 fecta
2357 1192 2670 1248 delictorum
2702 1191 3018 1246 remissione
3056 1188 3346 1255 sanctiﬁca,
3399 1196 3457 1243 ut
3495 1190 3762 1245 ministra-

2192 1295 2342 1341 turos
2386 1285 2763 1357 regeneratrici
2800 1285 2984 1353 gratiae
3034 1290 3135 1336 tuae
3181 1281 3308 1336 nulli
3355 1294 3475 1337 esse
3501 1282 3760 1340 obnoxios

2190 1376 2409 1448 patiaris
2438 1376 2678 1432 offensas.
2710 1375 2832 1430 Per.

2265 1477 2289 1506 ο
2318 1466 2487 1521 Lectio
2515 1464 2671 1521 Isaite
2695 1465 2966 1535 Propheta:
2986 1480 3004 1521 :
3028 1464 3150 1520 Hmc
3175 1462 3302 1519 dicit
3323 1462 3577 1520 Dominus
3605 1464 3657 1518 in
3677 1461 3766 1521 die

2193 1557 2284 1614 illa
2310 1557 2460 1613 radix
2483 1557 2656 1613 Jesse.

2262 1645 2878 1721 Concede,'qu:esumus,
2903 1647 3237 1718 omnipotens
3259 1645 3421 1712 Deus,
3443 1653 3501 1699 ut
3523 1645 3612 1714 qui
3632 1644 3767 1702 festa

2193 1742 2461 1814 paschalia
2491 1743 2717 1812 agimus,
2743 1739 3050 1797 coelestibus
3076 1737 3353 1794 desideriis
3385 1737 3616 1806 accensi,
3647 1737 3766 1791 fon-

2119 1844 2169 1906 B
2197 1847 2301 1897 tem
2333 1839 2454 1894 vita:
2479 1838 2742 1892 sitiamus.
2766 1837 2888 1892 Per.

2266 1930 2441 1985 Tract.
2483 1929 2630 1985 Sicut
2659 1943 2846 1985 cervus
2876 1925 3146 1982 desiderat
3175 1923 3240 1979 ad
3274 1923 3466 1979 fontes.

2270 2024 2389 2077 Alia
2420 2022 2616 2088 Oratio,
2649 2023 2702 2076 in
2723 2020 2898 2075 eodem
2925 2020 3146 2090 psalmo.
3166 2046 3236 2058 -—
3263 2015 3605 2082 Omnipotens
3628 2027 3770 2067 sem-

2195 2115 2404 2185 piterne
2427 2114 2585 2180 Deus,
2613 2113 2818 2182 respice
2844 2111 3103 2181 propitius
3123 2109 3190 2163 ad
3219 2107 3552 2163 devotionem
3583 2105 3770 2174 populi

2194 2206 2554 2272 renascentis,
2602 2205 2726 2275 qui,
2777 2203 2912 2258 sicut
2965 2216 3194 2266 cervus,
3255 2213 3507 2268 aquarum
3560 2206 3768 2250 tuarum

2194 2298 2398 2368 expetit
2440 2297 2659 2361 fontem,
2710 2301 2763 2349 et
2802 2292 3033 2349 concede
3062 2289 3340 2360 propitius,
3369 2295 3425 2340 ut
3455 2285 3578 2341 ﬁdei
3604 2286 3770 2354 ipsius
3855 2329 3884 2350 .,

2195 2389 2338 2453 sitis,
2371 2387 2706 2457 baptismatis
2735 2383 3012 2455 mysterio,
3043 2382 3273 2436 animam
3308 2391 3601 2448 corpusque
3640 2392 3770 2430 san-

2194 2481 2410 2536 ctificet.
2442 2479 2544 2534 Per
2569 2479 2851 2533 Dominum
2872 2485 3132 2531 nostrum.

2267 2569 2497 2641 Expletis
2537 2567 2855 2632 lectionibus,
2906 2565 3078 2619 statim
3120 2560 3268 2633 (503)
3305 2561 3436 2614 venit
3467 2573 3595 2612 unus
3621 2557 3771 2610 mini-

2194 2669 2417 2717 strorum
2439 2671 2608 2714 tenens
2629 2659 2880 2726 antpullas
2897 2658 2950 2710 in
2977 2655 3206 2708 manibus
3237 2651 3360 2715 suis,
3393 2659 3491 2704 stat
3519 2651 3570 2703 in
3593 2649 3771 2702 dextro

2195 2769 2352 2814 cornu
2382 2753 2583 2814 altaris,
2609 2752 2694 2819 qui
2723 2749 2976 2818 praecedat
3003 2746 3291 2816 pontiﬁcem
3320 2742 3386 2795 ad
3409 2742 3587 2812 fontes.
3632 2739 3772 2793 Tunc

2195 2842 2381 2898 deinde
2399 2840 2574 2895 schola
2596 2839 2849 2894 descendit
2871 2838 2938 2890 ad
2961 2840 3124 2906 fontes
3138 2835 3204 2887 ad
3216 2833 3441 2888 litaniam
3464 2829 3771 2901 faciendam,

2194 2942 2539 3003 exspectantes
2568 2931 2731 3001 parati
2771 2929 3078 3000 pontificem.
3132 2926 3398 2982 Secundus
3435 2939 3547 2977 vero
3585 2921 3774 2976 schola:

2195 3033 2331 3085 tenet
2359 3045 2444 3083 vas
2471 3044 2682 3082 aureum
2710 3027 2762 3079 in
2784 3041 2941 3078 manu
2966 3041 3059 3077 sua
3083 3023 3288 3078 sinistra
3315 3035 3468 3083 super
3495 3019 3772 3087 planctum,

2196 3121 2332 3173 unde
2363 3119 2592 3190 pontifex
2614 3119 2776 3171 mittat
2799 3117 3018 3170 chrisma
3043 3116 3094 3167 in
3116 3115 3340 3184 fontem,
3356 3120 3404 3166 et
3420 3112 3557 3182 jussi
3580 3111 3772 3180 faciunt

2120 3205 2168 3271 C
2197 3211 2349 3282 (504)
2378 3212 2609 3266 litaniam
2634 3219 2924 3280 septenum;
2951 3217 2998 3261 et
3028 3223 3139 3259 cum
3167 3206 3277 3276 jam
3304 3219 3459 3275 prope
3488 3203 3635 3269 ﬁnem
3663 3203 3774 3273 ejus

2197 3303 2409 3373 fuerint,
2450 3311 2571 3356 tunc
2601 3300 2828 3370 procedit
2857 3300 3084 3368 pontifex
3119 3313 3233 3351 cum
3264 3296 3400 3349 omni
3438 3293 3639 3358 decore,
3688 3310 3772 3345 stt-

2196 3401 2444 3449 stentatus
2495 3411 2525 3446 a
2573 3393 2770 3445 duobus
2811 3391 3104 3452 diaconibus
3160 3405 3179 3444 :
3231 3390 3298 3442 Et
3337 3389 3431 3443 illa
3479 3386 3626 3457 (503)
3672 3388 3772 3438 duo

2197 3491 2496 3548 cereostata,
2529 3499 2640 3548 qua:
2665 3493 2814 3535 antea
2841 3484 3044 3553 fuerant
3089 3480 3397 3548 illuminata,
3431 3484 3624 3545 semper
3659 3487 3771 3529 ante

2196 3575 2365 3642 ipsum
2399 3573 2674 3642 procedunt
2703 3590 2862 3643 usque
2893 3574 3014 3626 dum
3040 3574 3208 3626 omnia
3233 3572 3439 3642 ﬁnierit.
3489 3570 3587 3636 Qui
3633 3584 3770 3634 mox,

2196 3675 2252 3720 ut
2280 3667 2467 3721 venerit
2517 3676 2633 3720 ante
2676 3671 2864 3738 fontes,
2917 3665 3068 3736 (506)
3116 3677 3254 3720 stans
3293 3664 3536 3718 benedicit
3583 3667 3768 3733 fontes,

2195 3759 2368 3813 dicens
2395 3775 2452 3813 ea
2481 3774 2619 3826 voce,
2647 3776 2747 3828 qua
2777 3759 2907 3812 alias
2933 3759 3204 3812 orationes.
3248 3757 3310 3810 Et
3355 3757 3517 3826 prima
3550 3755 3711 3809 oratio
3740 3772 3771 3808 a

2193 3853 2455 3907 Dominus
2478 3853 2752 3908 vobiscum
2782 3853 2888 3924 72
2927 3853 3126 3922 incipit,
3157 3861 3203 3904 et
3233 3851 3412 3921 finitur
3454 3850 3556 3903 Per
3593 3848 3769 3903 omnia

2193 3949 2388 4004 secula
2415 3947 2754 4015 saeculorum,
2777 3948 2906 4000 sicut
2933 3947 3036 4000 alia
3063 3946 3236 3999 Oratio
3261 3945 3329 3998 ad
3357 3942 3413 3997 Μ
3418 3959 3589 3997 issam.

2265 4034 2522 4095 Dominus
2547 4033 2838 4087 vobiscum.
2874 4031 3028 4104 Resp.
3063 4031 3129 4085 Et
3153 4046 3271 4085 cum
3300 4029 3486 4099 spiritu
3513 4037 3622 4082 tuo.

2270 4126 2507 4180 Oremus.
2539 4154 2608 4166 —
2633 4124 2981 4194 Omnipotens
3027 4124 3351 4192 sempiterne
3381 4122 3540 4187 Deus,
3579 4118 3769 4178 adesto

2194 4234 2400 4289 magna:
2426 4217 2639 4285 pietatis
2668 4226 2772 4271 tute
2796 4216 3084 4287 mysteriis,
3111 4216 3294 4272 adesto
3321 4213 3686 4277 sacramentis,
3713 4220 3768 4269 et

2193 4310 2260 4364 ad
2283 4310 2545 4365 creandos
2566 4323 2731 4365 novos
2755 4309 2998 4380 populos,
3021 4321 3151 4376 quos
3174 4307 3264 4360 tibi
3289 4305 3406 4360 fons
3433 4299 3770 4372 baptismatis

2194 4401 2443 4466 parturit,
2476 4399 2719 4468 spiritum
2751 4399 3050 4470 adoptionis
3077 4396 3261 4452 emitte
3299 4402 3357 4449 ut
3386 4393 3527 4462 quod
3568 4401 3769 4447 nostra:

2195 4488 2507 4545 humilitatis
2526 4491 2814 4560 gerendum
2844 4497 2928 4546 est
2955 4488 3270 4552 ministerio,
3296 4497 3396 4541 tute
3425 4483 3634 4539 virtutis
3664 4483 3768 4538 im-

2115 4588 2171 4649 Ῑ)
2196 4582 2404 4651 pleatur
2433 4581 2647 4641 eiTectu.
2675 4584 2775 4638 Per
2805 4583 3110 4637 Dominum.

2265 4673 2589 4729 Consecratio
2611 4676 2768 4744 fontis
2797 4675 2999 4727 canitur
3027 4675 3155 4727 sicut
3202 4670 3457 4743 prwfatio,
3504 4663 3662 4737 usque
3698 4664 3766 4723 Et

2191 4763 2420 4833 Spiritus
2442 4765 2612 4819 sancti
2635 4783 2646 4818 :
2679 4774 2726 4820 et
2753 4782 2855 4820 non
2885 4765 3060 4835 incipit
3087 4781 3118 4818 a
3148 4762 3286 4819 Vere
3305 4763 3540 4834 dignum.
3567 4756 3766 4814 Deinde

2189 4855 2377 4908 dicitur
2407 4856 2707 4914 decantado.

2259 4946 2418 5013 Deus,
2446 4949 2534 5016 qui
2552 4948 2800 5005 invisibili
2826 4949 3058 5019 potentia
3078 4955 3533 5004 sacramentorum
3550 4953 3762 5002 tuorum

2186 5037 2504 5092 mirabiliter
2531 5041 2770 5107 operaris
2793 5040 3064 5109 effectum,
3094 5048 3148 5095 et
3174 5041 3300 5094 licet
3329 5053 3426 5094 nos
3457 5037 3619 5092 tantis
3641 5053 3762 5109 my-
3807 5108 3809 5110 _

2182 5132 2361 5186 steriis
2386 5135 2743 5203 exsequendis
2771 5137 2937 5190 simus
2964 5133 3188 5204 indigni,
3227 5146 3283 5188 tu
3336 5145 3533 5200 tamen,
3578 5131 3761 5201 gratia:
3811 5119 3818 5128 ’

2181 5230 2288 5275 tute
2312 5223 2448 5276 dona
2473 5238 2575 5277 non
2593 5224 2870 5293 deserens,
2894 5235 3052 5280 etiam
3074 5226 3140 5280 ad
3169 5233 3378 5281 nostras
3398 5235 3583 5293 preces
3605 5235 3760 5277 aures

2180 5319 2286 5365 tua:
2315 5311 2525 5380 pietatis
2545 5313 2786 5371 inclinas.
2813 5314 2976 5382 Deus,
2998 5315 3145 5387 (507)
3167 5317 3319 5386 cujus
3347 5314 3577 5385 Spiritus
3596 5327 3757 5380 super

2181 5416 2349 5472 aquas
2375 5403 2512 5460 inter
2540 5404 2655 5475 ipsa
2684 5409 2868 5462 mundi
2902 5408 3189 5478 primordia
3218 5407 3510 5473 ferebatur,
3552 5411 3610 5459 ut
3645 5405 3756 5473 jatn

2171 5556 2350 5633 Rom.,
2375 5557 2685 5633 ubilegitur
2709 5576 2726 5615 :
2752 5561 2975 5618 Sabbato
3001 5573 3192 5633 sancto,
3225 5565 3294 5618 ad
3323 5561 3609 5633 Lateranis.

2171 5640 2268 5756 Ede
2299 5632 2455 5757 alii:qu
2471 5626 2628 5688 lectio
2665 5648 2787 5696 cum
2835 5634 3085 5716 Oratione
3117 5626 3364 5718 sequenti
3410 5631 3669 5690 omittitur
3697 5626 3752 5684 in
