4064 6350
260 380 326 433 89
1463 373 1666 431 LIBER
1695 368 2333 433 SACRAMENTORUM.
3445 381 3516 440 90

263 506 387 552 tunc
405 494 659 552 virtutem
689 493 1122 554 sanctiﬁcationis
1167 506 1422 565 aquarum
1462 501 1649 548 natura
1677 491 1827 565 (508)
1854 490 1911 551 Δ
1934 489 2195 562 principii,
2232 493 2510 549 vetustatis
2563 495 2768 552 cunctis
2805 494 3140 568 squaloribus
3176 498 3515 565 emundetur,

260 591 587 658 conciperet.
614 588 780 656 Deus,
811 587 919 658 qui,
954 586 1103 657 (509)
1134 586 1375 641 nocentis
1402 583 1581 640 mundi
1614 584 1836 638 crimina

260 700 355 753 per
384 698 549 752 aquas
599 682 842 747 abluens,
896 681 1317 751 regenerationis
1363 679 1594 746 speciem
1634 678 1685 732 in
1725 677 1837 747 ipsa

260 779 445 833 diluvii
468 777 733 832 effusione
760 776 1004 845 signasti,
1048 782 1105 828 ut
1148 773 1303 828 unius
1342 771 1689 843 ejusdemque
1730 772 1838 826 ele-

260 881 425 927 menti
450 878 732 942 mysterio,
754 876 810 924 et
829 868 950 922 ﬁnis
971 876 1112 922 esset
1131 866 1274 921 vitiis
1294 873 1349 920 et
1369 866 1517 935 origo
1530 864 1834 932 virtutibus,

259 964 487 1032 respice,
521 962 768 1030 Domine,
800 961 861 1015 in‘
884 959 1074 1015 faciem
1104 959 1357 1014 Ecclesiae
1400 966 1523 1021 tute,
1568 966 1619 1012 et
1663 956 1838 1011 multi-

259 1056 396 1124 plica
439 1056 492 1107 in
539 1069 603 1108 ea
644 1052 1075 1121 regenerationes
1124 1059 1264 1115 tuas,
1296 1049 1383 1118 qui
1413 1046 1594 1119 gratiae
1627 1054 1726 1101 tuae
1752 1043 1837 1100 afv-

257 1146 479 1201 ﬁuentis
506 1144 708 1215 impetu
740 1143 979 1199 laetiﬁcas
1006 1142 1273 1197 civitatem
1317 1149 1482 1206 tuam,
1533 1138 1836 1207 fontemque

259 1238 599 1307 baptismatis
620 1236 819 1305 aperis,
847 1244 959 1289 toto
983 1234 1115 1288 orbe
1136 1242 1395 1288 terrarum
1422 1230 1568 1302 (510)
1590 1230 1835 1299 gentibus

256 1329 598 1394 innovandis,
629 1340 685 1383 ut
715 1338 818 1383 tuae
862 1328 1149 1396 Maiestatis
1188 1326 1412 1395 imperio
1439 1334 1612 1381 sumat
1642 1324 1838 1395 Unige—

256 1422 352 1475 niti
383 1422 457 1475 tui
489 1422 711 1490 gratiam
742 1420 811 1475 de
840 1419 1041 1485 Spiritu
1065 1427 1271 1473 sancto.

324 1512 364 1581 -ι-
394 1510 499 1564 Hic
543 1528 657 1565 cum
688 1527 842 1565 manu
866 1527 957 1565 sua
982 1510 1163 1563 dividit
1200 1526 1383 1581 aquam
1428 1511 1482 1564 in
1528 1508 1677 1581 (511)
1717 1522 1833 1562 mo-

257 1605 382 1657 dum
412 1606 593 1658 crucis.

330 1698 429 1765 Qui
459 1697 595 1753 hanc
623 1711 817 1767 aquam
848 1694 1224 1767 regenerandis
1272 1694 1574 1751 hominibus
1623 1706 1833 1764 praepa-

259 1797 430 1842 ratam
480 1802 673 1843 arcana
717 1789 799 1842 sui
827 1787 1039 1842 luminis
1074 1786 1389 1841 admistione
1426 1783 1700 1849 fecundet,
1749 1792 1827 1846 ut,

1940 591 1996 638 ut
2023 585 2195 639 omnis
2219 583 2379 642 homo
2406 586 2507 642 hoc
2536 598 2926 643 sacramentum
2974 589 3391 657 regenerationis
3438 588 3521 644 in—

1937 688 2153 743 gressus
2180 675 2232 729 in
2253 691 2392 729 verre
2412 678 2729 733 innocentiae
2751 694 2943 732 novam
2971 678 3245 734 infantiam
3270 692 3521 734 renasca-

1938 774 2041 820 tur.
2070 765 2170 821 Per
2207 767 2485 823 Dominum
2515 779 2752 825 nostrum
2804 771 2982 827 Jesum
3027 770 3295 826 Christum
3324 772 3515 828 Filium

1938 866 2107 927 tuum,
2140 859 2227 929 qtti
2255 870 2509 916 venturus
2538 871 2618 918 est
2644 864 2883 933 judicare
2912 866 3059 920 vivos
3089 872 3145 919 et
3178 873 3436 934 mortuos,
3467 873 3522 923 et

1935 948 2187 1004 saeculum
2209 964 2301 1019 per
2330 952 2524 1022 ignem.

2006 1040 2138 1096 Inde
2153 1044 2402 1113 accipiens
2418 1061 2501 1098 vas
2522 1060 2731 1099 aureum
2751 1061 2865 1099 cum
2878 1046 3169 1111 chrismate,
3186 1045 3334 1119 (519)
3351 1046 3519 1117 fundit

1934 1134 2153 1189 chrisma
2198 1136 2251 1189 in
2281 1137 2436 1206 fonte,
2467 1138 2518 1191 in
2564 1136 2711 1211 (520)
2740 1139 2945 1193 modum
2974 1140 3155 1206 crucis,
3186 1149 3231 1193 et
3270 1139 3515 1207 expandit

1934 1242 2119 1296 aquam
2147 1243 2261 1281 cum
2294 1245 2449 1283 manu
2468 1245 2581 1285 sua.
2614 1228 2757 1283 Tunc
2784 1229 3104 1299 baptizantur
3134 1233 3370 1300 infantes,
3402 1235 3511 1301 prio

1936 1333 2074 1370 mum
2103 1318 2334 1386 masculi,
2367 1319 2547 1373 deinde
2575 1321 2795 1389 feminae.
2826 1319 2892 1372 Et
2921 1328 3116 1375 tenente
3145 1338 3200 1374 eo
3246 1323 3513 1390 infantem,

1934 1426 1966 1464 a
1991 1426 2091 1481 quo
2120 1412 2466 1482 suscipiendus
2488 1423 2582 1478 est,
2614 1414 2891 1482 interrogat
2912 1413 3157 1483 pontifex,
3182 1415 3259 1468 vel
3282 1416 3517 1469 sacerdos

1933 1501 2005 1557 ita
2026 1517 2045 1557 :
2066 1503 2192 1570 Quis
2222 1503 2371 1575 (521)
2395 1504 2635 1559 vocaris?
2660 1504 2817 1569 Resp.
2841 1504 2921 1559 lll.
2951 1502 3083 1557 Item
3106 1505 3381 1575 interrogat
3426 1522 3512 1559 sa-

1932 1594 2490 1666 cerdos:(522)Credis
2542 1596 2596 1651 in
2629 1596 2793 1651 Deum
2824 1606 3023 1663 patrem
3062 1596 3501 1662 omnipotentem,

1933 1694 2224 1739 creatorem
2263 1685 2383 1740 caeli
2414 1692 2468 1739 et
2504 1687 2693 1740 terra)?
2744 1687 2896 1755 Resp.
2945 1684 3136 1741 Credo.
3190 1685 3514 1755 interrogat:

1935 1773 2001 1829 Et
2051 1774 2104 1828 in
2153 1774 2331 1831 Jesum
2358 1775 2624 1831 Christum
2675 1776 2863 1832 Filium
2918 1774 3035 1847 ejus
3080 1776 3287 1830 unicum
3338 1776 3514 1830 Domi-

253 1881 682 1936 sanctiﬁcatione
711 1890 989 1949 concepta,
1018 1878 1085 1934 ab
1113 1878 1452 1933 immaculato
1479 1877 1643 1932 divini
1667 1876 1828 1931 fontis
1856 1864 1906 1926 Β
1931 1882 2057 1924 ttum
2077 1911 2091 1934 ,
2125 1880 2394 1935 nostrum,
2426 1880 2606 1925 natum
2632 1878 2687 1925 et
2714 1871 2961 1941 passum?
3006 1874 3159 1937 tiesp.
3198 1868 3387 1925 Credo.
3416 1866 3511 1923 In-

252 1979 405 2026 utero
448 1970 501 2025 in
543 1984 735 2026 novam
764 1980 946 2025 renata
968 1978 1265 2026 creaturam
1292 1969 1566 2039 progenies
1595 1966 1831 2023 caelestis

248 2071 506 2130 emergat.
542 2062 607 2116 Et
635 2076 771 2131 quos
797 2070 887 2115 aut
910 2076 1069 2116 sexus
1098 2062 1152 2115 in
1183 2074 1426 2127 corpore,
1449 2068 1543 2113 aut
1570 2066 1699 2113 actas
1722 2057 1830 2111 dis-

247 2151 426 2205 cernit
446 2152 501 2204 in
526 2160 786 2219 tempore,
812 2165 997 2206 omnes
1018 2151 1070 2205 in
1096 2166 1250 2205 unam
1279 2150 1447 2220 pariat
1468 2149 1638 2218 gratia
1663 2155 1831 2202 mater

246 2241 558 2299 infantiam.
608 2241 795 2297 Procul
841 2256 969 2311 ergo
1021 2242 1164 2308 hinc,
1219 2241 1441 2311 iubente
1483 2249 1534 2295 te
1584 2239 1825 2304 Domine,

248 2335 437 2389 omnis
463 2336 676 2404 spiritus
703 2336 1007 2390 immundus
1035 2334 1304 2401 abscedat,
1340 2333 1523 2403 procul
1568 2342 1675 2387 tota
1725 2346 1827 2386 ne-

243 2426 414 2490 quitia
441 2426 943 2481 diaboliczefraudis
988 2426 1226 2481 absistat.
1271 2425 1413 2480 Nihil
1444 2424 1529 2478 hic
1579 2424 1679 2479 loci
1734 2422 1828 2477 ha-

244 2518 369 2572 beat
392 2518 677 2573 contrariae
700 2518 911 2573 virtutis
942 2518 1212 2583 admistio,
1241 2532 1344 2573 non
1391 2515 1687 2571 insidiando
1718 2514 1826 2568 cir-

243 2610 533 2675 cumvolet,
564 2625 671 2665 non
701 2610 914 2665 latendo
942 2608 1089 2681 (312)
1112 2609 1389 2678 subripiat,
1418 2623 1520 2662 non
1544 2606 1826 2662 inﬁciendo

243 2710 571 2769 corrumpat.
598 2701 682 2756 Sit
704 2701 818 2756 haec
837 2710 1016 2757 sancta
1040 2710 1092 2755 et
1120 2701 1376 2755 innocens
1396 2708 1633 2755 creatura
1662 2698 1825 2752 libera

242 2790 315 2844 ab
359 2792 504 2846 omni
549 2794 937 2861 impugnatoris
980 2791 1218 2859 incursu,
1266 2798 1321 2846 et
1366 2790 1524 2845 totius
1577 2789 1825 2859 nequitias

240 2893 470 2954 purgata
516 2884 789 2950 discessu;
838 2883 907 2939 sit
948 2884 1067 2938 fons
1113 2883 1285 2950 vivus,
1315 2896 1447 2949 aqua
1481 2893 1825 2947 regenerans,

240 2974 386 3029 unda
442 2977 762 3043 puriticans;
813 2984 873 3031 ut
917 2990 1103 3032 omnes
1153 2974 1253 3030 hoc
1306 2974 1517 3028 lavacro
1552 2972 1826 3027 salutifero

239 3066 503 3133 diluendi,
555 3059 811 3138 operante
857 3067 910 3122 in
954 3067 1032 3123 eis
1086 3065 1286 3136 Spiritu
1335 3074 1537 3131 sancto,
1578 3064 1827 3133 perfectas

240 3159 573 3229 purgationis
605 3158 981 3227 indulgentiam
1008 3164 1420 3227 consequantur.

1933 1972 2155 2030 terrogat
2185 1977 2206 2016 :
2252 1963 2435 2017 Credis
2465 1972 2520 2018 et
2574 1964 2626 2018 in
2676 1964 2926 2033 Spiritum
2970 1974 3240 2030 sanctum,
3272 1972 3510 2018 sanctam

1934 2052 2221 2106 Ecclesium
2253 2052 2602 2116 Catholicam,
2625 2064 2929 2110 sanctorum
2953 2056 3401 2120 communionem,
3426 2069 3513 2109 re-

1932 2144 2235 2199 missionem
2260 2155 2623 2214 peceatorum,
2645 2146 2821 2202 carnis
2848 2147 3318 2213 resurrectionem,
3349 2145 3509 2199 vitam

1930 2238 2219 2292 aeternam?
2256 2237 2410 2308 Resp.
2452 2239 2645 2295 Credo.
2705 2240 2996 2313 Inlerrogat
3021 2256 3041 2295 :
3085 2239 3173 2294 Vis
3211 2238 3514 2305 baptizari?

1930 2327 2087 2399 Resp.
2125 2327 2255 2382 Volo
2286 2347 2299 2382 :
2333 2327 2400 2382 Et
2432 2330 2574 2384 dicit.
2610 2332 2676 2385 Et
2697 2331 2846 2401 (523)
2870 2346 2969 2403 ego
3008 2331 3218 2399 baptizo
3259 2329 3388 2384 tein
3419 2343 3513 2384 no-

1930 2419 2073 2474 mine
2104 2420 2273 2477 Patris
2292 2466 2306 2489 ,
2333 2431 2388 2478 et
2418 2422 2559 2489 Filii,
2584 2434 2635 2480 et
2664 2424 2889 2490 Spiritus
2919 2426 3106 2479 sancti.

2006 2513 2073 2568 Ut
2114 2522 2281 2567 autem
2321 2518 2597 2570 surrexerit
2627 2533 2658 2570 a
2704 2520 2864 2587 fonte,
2916 2517 3005 2572 ille
3030 2506 3253 2587 quicum
3278 2514 3510 2586 suscipit,

1928 2606 2076 2675 offert
2103 2623 2215 2661 eum
2238 2608 2327 2663 uni
2352 2609 2662 2679 presbytero,
2689 2609 2837 2680 (524)
2863 2611 2950 2679 qui
2989 2611 3140 2677 faciat
3171 2610 3371 2679 signum
3397 2623 3513 2662 cru-

1929 2700 2000 2753 cis
2028 2699 2088 2752 de
2116 2699 2386 2754 chrismate
2406 2718 2522 2755 cum
2545 2702 2729 2770 police,
2763 2703 2815 2756 in
2844 2703 3027 2756 vertice
3050 2705 3163 2774 ejus
3185 2702 3376 2755 dicens.

1999 2788 2153 2862 (525)
2178 2792 2314 2846 Deus
2344 2793 2696 2861 omnipotens,
2726 2792 2881 2848 Pater
2919 2792 3126 2848 Domini
3155 2792 3319 2847 nostri
3375 2790 3505 2847 Jesu

1926 2878 2147 2948 CbriSti,
2185 2884 2274 2952 qui
2326 2890 2377 2937 te
2425 2885 2760 2953 regeneravit
2786 2899 2853 2939 ex
2899 2898 3032 2953 aqua
3063 2893 3115 2937 et
3149 2883 3348 2951 Spiritu
3378 2896 3502 2935 san-

1928 2983 2037 3038 cto,
2061 2974 2257 3044 quique
2278 2974 2425 3029 dedit
2451 2975 2543 3029 tibi
2568 2976 2934 3030 remissionem
2980 2976 3215 3030 omnium
3256 2984 3475 3045 peccato

1929 3081 2069 3133 rum,
2104 3067 2221 3132 ipse
2250 3074 2299 3120 te
2331 3066 2482 3121 liniat
2509 3067 2799 3123 chrismate
2853 3066 3042 3122 salutis
3072 3067 3123 3121 in
3150 3066 3310 3121 vitam
3342 3075 3508 3122 teter-

1930 3173 2075 3214 nam.
2109 3161 2264 3230 Resp.
2295 3162 2485 3216 Amen.

315 3252 509 3321 linjde
560 3252 820 3306 benedico
869 3261 919 3305 te
971 3261 1215 3305 creatura
1254 3248 1467 3320 aqu-he,
1513 3262 1607 3317 per
1655 3248 1821 3302 Deum
1852 3234 1902 3303 Ο
2005 3251 2069 3305 Ει
2100 3252 2446 3323 baptizantur,
2474 3260 2521 3307 et
2549 3261 2669 3309 sunt
2718 3254 2906 3323 parati,
2966 3255 3050 3319 qui
3100 3269 3183 3307 eos
3230 3252 3515 3323 suscepturi

240 3341 488 3411 vivujm,
541 3355 636 3410 per
678 3340 845 3395 Deum
897 3348 1138 3397 sanctum
1183 3339 1271 3406 qui
1300 3346 1351 3393 te
1376 3336 1526 3409 (515)
1556 3337 1609 3391 in
1641 3336 1822 3392 mundi

239 3436 514 3489 creatione
554 3434 814 3503 principio
850 3433 1021 3488 Verbo
1068 3433 1332 3503 separavit
1363 3432 1429 3485 ab
1457 3432 1627 3501 arida,
1673 3430 1824 3500 cujus

240 3526 393 3598 (3M)
443 3527 670 3596 Spiritus
724 3541 885 3597 super
930 3538 981 3582 te
1030 3524 1319 3592 ferebatur,
1361 3526 1448 3595 qui
1494 3524 1645 3594 (515)
1678 3533 1729 3579 te
1758 3524 1826 3579 de

240 3618 492 3685 paradiso
526 3632 747 3673 manare
776 3626 828 3672 et
855 3617 907 3671 in
936 3627 1165 3686 quatuor
1189 3615 1492 3671 fluminibus
1521 3624 1685 3668 totam
1718 3622 1825 3669 ter-

239 3724 354 3763 ram
378 3710 555 3781 rigare
580 3709 867 3777 praecepit;
900 3708 1050 3779 (516)
1073 3707 1161 3778 qui
1185 3717 1234 3762 te
1264 3707 1317 3762 in
1334 3707 1543 3761 deserto
1565 3720 1822 3771 amaram,

239 3802 507 3855 suavitate
538 3801 723 3863 indita,
756 3798 882 3855 fecit
920 3814 1040 3855 esse
1092 3798 1396 3868 potabilcm,
1425 3807 1479 3853 et
1505 3796 1702 3851 sitienti
1736 3810 1828 3864 po-

238 3896 367 3964 pulo
406 3896 474 3949 de
518 3901 666 3962 petra
711 3893 979 3963 produxit.
1029 3891 1336 3963 Be-j‘nedico
1366 3902 1417 3947 te
1443 3899 1495 3946 et
1522 3904 1616 3960 per
1646 3889 1828 3943 Jesum

241 3986 519 4042 Christum
544 3984 738 4039 Filium
760 3984 875 4054 ejus
898 3985 1110 4039 unicum
1130 3982 1410 4038 Dominum
1442 3990 1705 4046 nostrum,
1737 3980 1825 4049 qui

240 4088 293 4133 te
331 4077 385 4132 in
426 4077 568 4131 Cana
606 4076 858 4143 Calilaeae,
890 4076 1043 4145 signo
1086 4073 1405 4141 admirabili,
1440 4088 1535 4127 sua
1569 4073 1827 4142 potentia,

238 4167 507 4223 convertit
530 4167 581 4221 in
604 4169 808 4233 vinum,
852 4166 941 4237 qui
989 4166 1214 4236 pedibus
1246 4180 1406 4235 super
1437 4174 1489 4219 te
1515 4164 1828 4229 ambulavit,

238 4270 295 4313 et
320 4273 352 4313 a
378 4257 587 4313 Joanne
617 4260 669 4313 in
698 4256 931 4313 Jordane
958 4273 1012 4313 tn
1047 4268 1098 4313 te
1126 4256 1422 4326 baptizatus
1474 4264 1578 4311 est.
1626 4254 1725 4323 Qui
1776 4262 1832 4309 te

241 4368 346 4405 una
375 4365 497 4405 cum
532 4350 797 4419 sanguine
824 4365 923 4404 suo
951 4348 1018 4404 de
1048 4349 1215 4403 latere
1256 4348 1524 4418 produxit,
1573 4355 1627 4402 et
1673 4345 1833 4400 disci-

242 4442 382 4510 pulis
411 4441 524 4495 suis
547 4441 708 4510 jussit
737 4451 792 4495 ut
819 4441 1097 4496 credentes
1127 4440 1522 4509 baptizarentur
1551 4440 1603 4492 in
1634 4448 1705 4504 te,
1751 4437 1833 4492 di-

241 4548 369 4588 cens
403 4552 416 4585 :
452 4534 545 4600 ite,
599 4533 787 4589 docete
835 4547 1023 4588 omnes
1082 4541 1290 4602 gentes,
1341 4532 1671 4600 baptizantes
1714 4544 1831 4598 eos,

241 4627 297 4680 in
327 4626 541 4680 nomine
568 4626 611 4695 -ιο
637 4624 827 4689 Patris,
861 4635 915 4680 et
937 4624 1058 4680 Filii
1094 4624 1128 4694 1·
1156 4633 1210 4680 et
1238 4622 1468 4693 Spiritus
1492 4624 1682 4679 sancti.

311 4737 419 4808 73
453 4736 553 4789 Hic
590 4744 751 4789 mutat
769 4751 937 4790 vocem
962 4736 1111 4807 quasi
1139 4737 1402 4791 lectionem
1424 4733 1593 4807 legens
1616 4750 1636 4790 :

314 4828 441 4882 Haec
477 4827 632 4881 nobis
671 4836 933 4898 praecepta
958 4826 1296 4881 servantibus
1324 4834 1397 4891 tu,
1422 4826 1564 4881 Deus
1591 4826 1833 4895 omnipo-

244 4924 387 4983 lens,
415 4915 656 4970 clemens
682 4916 890 4980 adesto,
916 4925 971 4969 tu
1000 4915 1260 4984 benignus
1282 4914 1483 4984 aspira,
1506 4924 1560 4969 tu
1586 4915 1682 4968 has
1706 4916 1834 4968 sim-

248 5006 414 5072 plices
442 5019 609 5073 aquas
637 5014 726 5060 tuo
755 5019 849 5059 ore
880 5005 1200 5071 benedicito,
1234 5013 1292 5060 ut
1315 5013 1511 5074 prteter
1540 5006 1834 5061 naturalem

246 5097 706 5159 emundationem,
733 5111 891 5167 quam
922 5097 1160 5152 lavandis
1190 5108 1414 5166 possunt
1436 5097 1692 5153 adhibere
1713 5112 1833 5153 cor-

249 5189 489 5257 poribus.
519 5189 629 5243 sint
656 5191 816 5245 etiam
846 5190 1186 5259 puriﬁcandis
1214 5192 1479 5245 mentibus
1503 5190 1765 5247 efﬁcaces.

324 5280 474 5348 (517)
506 5278 575 5333 Et
597 5282 867 5334 mittuntur
897 5281 1130 5351 prazdicti
1160 5281 1260 5335 duo
1290 5282 1421 5336 cerei
1468 5283 1604 5335 intus
1628 5283 1680 5335 in
1712 5282 1835 5352 bap-

246 5370 457 5423 tisteria.
487 5369 591 5423 Hic
612 5370 762 5441 (518)
787 5372 964 5441 suf/lat
994 5372 1156 5425 tribus
1182 5372 1367 5427 vicibus
1396 5374 1444 5427 in
1470 5390 1621 5444 aqua.

324 5461 642 5531 Descendat,
673 5464 917 5532 Domine,
964 5466 1014 5519 in
1064 5464 1201 5521 hanc
1230 5467 1608 5535 plenitudinem
1638 5467 1796 5522 fontis
1818 5506 1834 5534 ,

249 5554 415 5609 virtus
441 5556 673 5624 Spiritus
724 5558 821 5623 tui,
878 5566 1145 5625 totamque
1191 5559 1348 5630 hujus
1377 5574 1527 5629 aqua:
1587 5560 1835 5616 substan-

258 5647 411 5711 tiam,
474 5648 826 5718 regenerandi
894 5650 1396 5705 fecuudet'ell‘ectu.
1451 5651 1546 5705 Hic
1599 5653 1833 5707 omnium

257 5748 597 5804 peccatorum
626 5742 846 5798 macula:
873 5742 1170 5811 deleantur,
1197 5744 1284 5799 hic
1308 5754 1495 5800 natura
1543 5744 1609 5799 ad
1645 5744 1833 5816 imagi-

257 5845 377 5887 nem
405 5843 554 5891 tuam
581 5835 840 5909 condita,
884 5845 941 5893 et
990 5836 1057 5892 ad
1105 5836 1366 5895 honorem
1418 5837 1501 5894 sui
1546 5837 1831 5895 reformata

1859 4604 1918 4669 lt

1929 3353 2066 3407 sunt,
2094 3345 2242 3416 (526)
2269 3361 2380 3398 cum
2403 3346 2572 3399 linteis
2598 3346 2651 3399 in
2672 3347 2904 3399 manibus
2945 3361 3140 3409 eorum,
3174 3352 3217 3397 et
3247 3344 3505 3411 accipiunt

1927 3438 2066 3504 ipsos
2089 3453 2120 3488 a
2144 3436 2452 3507 presbyteris
2474 3437 2560 3507 qui
2590 3453 2674 3490 eos
2704 3436 2982 3506 baptizant.
3017 3435 3261 3507 Pontifex
3288 3452 3402 3490 vero
3426 3453 3508 3489 re-

1929 3530 2004 3583 dit
2030 3531 2081 3583 in
2102 3532 2383 3584 sacrarium
2410 3540 2727 3599 exspectans,
2752 3530 2902 3602 (527)
2934 3539 2987 3585 ut
3024 3548 3139 3585 cum
3194 3533 3360 3586 restiti
3404 3534 3514 3602 fuc-

1926 3624 2030 3677 rint
2054 3624 2292 3692 infantes,
2322 3624 2586 3693 conﬁrmet
2608 3640 2711 3679 eos.
2749 3624 2853 3690 Qui
2878 3623 3029 3697 (528)
3074 3625 3226 3679 etiam
3255 3641 3354 3678 non
3385 3642 3509 3690 pro-

1931 3715 2165 3767 hibentur
2192 3714 2374 3767 lactari
2413 3723 2527 3769 ante
2553 3730 2753 3768 sacram
2781 3716 3205 3779 communionem,
3236 3715 3281 3767 si
3306 3731 3504 3767 necesse

1930 3807 2103 3879 fuerit.
2126 3805 2307 3859 Induti
2345 3821 2458 3859 vero
2482 3809 2787 3859 ordinantur
2809 3824 2900 3874 per
2924 3807 3153 3860 ordinem
3181 3806 3308 3859 sicut
3333 3806 3507 3875 scripti

1932 3904 2071 3951 sunt.
2102 3895 2169 3949 Et
2199 3894 2418 3949 in‘antes
2444 3896 2646 3962 quidem
2672 3897 2723 3949 in
2756 3896 2974 3950 brachiis
3005 3897 3196 3949 dextris
3235 3905 3508 3961 tenentur;

1933 3985 2082 4059 (329)
2100 3988 2323 4058 majores
2346 4001 2462 4039 vero
2492 3987 2669 4056 pedem
2706 3995 2901 4055 pontuit
2942 4001 3094 4055 super
3120 3984 3297 4054 pedem
3356 3986 3515 4055 (550)

1936 4078 2123 4149 patrini
2151 4076 2252 4131 sui.
2287 4076 2481 4131 Deinde
2509 4076 2683 4131 schola
2699 4080 2851 4149 jussa
2880 4077 3010 4147 facit,
3041 4077 3277 4130 litaniam
3302 4079 3514 4148 quinam

1937 4171 2004 4223 ad
2032 4170 2212 4239 fontes,
2248 4169 2478 4237 pontifex
2503 4184 2618 4221 vero
2661 4169 2866 4221 veniens
2895 4168 2963 4220 ad
3018 4168 3262 4238 infantes,
3322 4179 3519 4225 tenente

1937 4261 2301 4315 archidiacono
2346 4262 2596 4326 chrisma,
2646 4261 2887 4315 involutis
2926 4262 3173 4331 scapulis,
3202 4271 3248 4315 et
3299 4262 3517 4317 brachiis

1937 4368 1999 4405 ex
2028 4368 2197 4420 panno
2227 4350 2382 4417 lineo,
2416 4361 2463 4405 et
2491 4349 2641 4425 (551)
2671 4352 2833 4407 levata
2865 4368 3022 4406 manu
3047 4368 3143 4407 sua
3181 4369 3333 4421 super
3352 4356 3519 4424 capita

1936 4442 2163 4496 omnium
2192 4442 2313 4497 dicit
2338 4458 2357 4496 :

2014 4550 2159 4624 (552)
2204 4552 2553 4622 Omnipotens
2583 4554 2906 4623 sempiterne
2938 4554 3113 4618 Deus,
3161 4555 3250 4625 qui
3299 4569 3520 4625 regene-

1939 4661 2060 4702 rare
2089 4646 2333 4716 dignatus
2358 4660 2417 4700 es
2446 4645 2547 4700 hos
2578 4645 2802 4699 famulos
2834 4656 2952 4701 tuos
2980 4661 3047 4701 ex
3070 4662 3205 4715 aqua
3236 4656 3288 4701 et
3316 4647 3515 4714 Spiritu

1939 4749 2151 4803 sancto,
2181 4738 2375 4809 quique
2401 4738 2590 4793 dedisti
2617 4739 2697 4794 eis
2730 4740 3099 4794 remissionem
3128 4740 3361 4795 omnium
3400 4756 3520 4809 pee-

1940 4841 2203 4899 catorum,
2234 4830 2418 4884 emitte
2450 4830 2499 4882 in
2528 4843 2621 4884 eos
2672 4829 3035 4900 septiformem
3091 4831 3344 4898 Spiritum
3373 4841 3519 4885 tuum

1940 4932 2183 4979 sanctum
2214 4923 2526 4992 paraclitum
2554 4922 2621 4977 de
2648 4923 2830 4987 caelis,
2862 4924 3114 4992 Spiritum
3147 4923 3442 4992 sapientiae,
3465 4935 3520 4980 et

1942 5014 2263 5077 intellectus,
2289 5013 2539 5083 Spiritum
2563 5013 2771 5067 consilii
2793 5021 2848 5068 et
2871 5012 3223 5080 fortitudinis,
3256 5014 3511 5083 Spiritum

1935 5104 2171 5159 scientiae
2196 5114 2249 5159 et
2276 5104 2484 5172 pietatis
2512 5120 2526 5157 :
2561 5103 2791 5173 adimple
2816 5118 2910 5159 eos
2937 5103 3046 5177 74
3074 5106 3273 5173 Spiritu
3305 5106 3516 5162 timoris

1943 5198 2041 5265 tui,
2076 5206 2128 5252 et
2152 5197 2405 5268 consigna
2436 5210 2528 5252 eos
2553 5197 2705 5267 signo
2730 5198 2904 5252 crucis
2927 5200 2978 5253 in
3004 5202 3163 5253 vitam
3194 5201 3512 5271 propitiatus

1943 5297 2225 5342 aeternam.
2260 5286 2359 5341 Per
2410 5287 2689 5341 Dominum
2731 5299 2971 5344 nostrum
3024 5290 3205 5345 Jesum
3254 5291 3520 5345 Christum

1943 5378 2130 5435 Filium
2166 5389 2339 5446 tuum,
2369 5381 2458 5449 qui
2489 5390 2660 5436 tecum
2690 5382 2819 5437 vivit
2849 5393 2901 5439 et
2929 5396 3117 5453 regnat
3146 5385 3284 5440 Deus
3313 5385 3363 5437 in
3411 5385 3523 5437 uni-

1939 5480 2048 5526 tate
2078 5473 2314 5541 ejusdem
2360 5472 2587 5541 Spiritus
2609 5474 2798 5529 sancti.
2833 5476 2955 5530 Per.

2012 5563 2080 5617 Et
2108 5566 2534 5636 interrogantibus
2565 5567 2865 5621 diaconibus
2913 5583 3118 5621 nomina
3170 5567 3514 5635 singulorum,

1941 5654 2089 5725 (555)
2120 5657 2366 5725 pontifex,
2394 5657 2548 5711 tincto
2578 5659 2760 5728 pollice
2790 5660 2842 5712 in
2889 5658 3179 5722 chrismate,
3215 5658 3336 5727 facit
3367 5658 3520 5730 (554)

1922 5765 2136 5804 ,crucem
2156 5750 2209 5804 in
2238 5752 2404 5819 fronte
2432 5751 2603 5817 unius,
2627 5752 2862 5806 similiter
2886 5767 2974 5821 per
3004 5765 3174 5804 omnes
3194 5751 3517 5821 singillatim.

1942 5839 2135 5907 Quibus
2156 5839 2385 5912 expletis,
2404 5842 2537 5912 jussi
2562 5842 2814 5913 incipiunt
2848 5841 2903 5896 in
2930 5839 3141 5896 ecclesia
3167 5841 3399 5897 litaniam
3424 5852 3521 5897 ter-
