4064 6350
548 396 615 458 9t
1740 386 1978 449 SANCTI
2017 384 2343 445 caseos"
2381 387 2594 447 MAGNI
3724 390 3794 448 οε

548 526 681 579 naut.
708 498 771 566 Et
791 522 908 565 cum
926 506 1355 579 dixerintAgnus
1370 505 1751 579 Dei,magister
1763 504 1958 560 scholae
1971 504 2118 559 dicit:
2148 511 2198 569 Α
2226 502 2322 557 tari
2352 503 2589 571 certetis,
2626 511 2680 560 et
2705 504 2917 561 vascula
2944 505 3196 562 mentium
3226 514 3517 563 vestrarum
3546 509 3793 578 exemplo

547 601 829 673 Ascendite
854 616 863 651 :
892 599 957 653 Et
982 600 1297 653 ittnminatur
1317 600 1546 663 ecclesia,
1570 609 1615 652 et
1639 596 1862 667 procedit
1891 596 2120 665 pontifex

547 696 611 763 de
637 694 860 751 sacrario
889 709 1002 747 cum
1032 693 1227 747 duobus
1257 693 1542 747 cereastatis
1565 732 1581 759 ,
1613 692 1740 744 sicut
1767 690 1998 757 superius
2025 731 2038 754 ,
2069 697 2120 742 et

544 796 702 861 stant,
735 788 864 851 sicut
890 795 1059 852 antea,
1088 803 1119 839 a
1171 786 1366 839 dextris
1393 795 1438 838 et
1459 802 1490 837 a
1520 783 1733 837 sinistris
1755 782 1953 835 altaris.
1984 781 2119 833 Lita-

545 883 630 936 nia
649 882 869 953 expleta,
887 879 1006 932 dicit
1025 875 1449 948 ponti/ex:(555)
1477 874 1652 930 Gloria
1677 873 1726 928 in
1751 873 1972 928 excelsis
1985 872 2114 928 Deo.

547 969 659 1035 Quo
689 968 998 1045 ﬁnita,dicit
1026 985 1037 1020 :
1071 967 1175 1021 Pax
1228 966 1523 1034 vobiscum.
1555 964 1709 1034 Resp.
1737 962 1797 1017 Et
1821 962 1970 1032 (536)
1999 976 2116 1016 cum

544 1060 735 1129 spiritu
770 1069 876 1114 tuo.
908 1058 969 1112 Et
1001 1059 1089 1112 dat
1121 1057 1414 1112 Orationem
1444 1072 1463 1110 :
1496 1055 1654 1121 Deus,
1684 1054 1835 1127 (5'57)
1868 1055 1955 1123 qui
1986 1055 2120 1108 hanc

544 1152 951 1207 sacratissimam
976 1162 1181 1206 noctem
1205 1146 1365 1220 gloria
1391 1147 1668 1202 dominicae
1692 1145 2118 1202 Resurrectionis

544 1242 793 1309 illustres,
817 1257 1074 1297 conserva
1099 1244 1146 1295 in
1176 1257 1309 1294 nova
1340 1240 1553 1295 familiae
1584 1247 1685 1293 tute
1718 1240 1969 1309 progenie
1996 1240 2122 1293 ado-

543 1335 739 1405 ptionis
770 1336 1012 1405 spiritum
1038 1374 1054 1401 ,
1085 1348 1240 1405 quem
1272 1332 1461 1386 dedisti
1488 1377 1501 1401 ,
1534 1341 1590 1385 ut
1615 1347 1836 1399 corpore
1865 1340 1918 1385 et
1944 1341 2120 1386 mente

545 1428 825 1493 renovati,
876 1440 1056 1501 puram
1136 1425 1227 1480 tibi
1291 1425 1576 1480 exhibeant
1629 1425 1961 1483 servitutem.
2022 1423 2121 1478 Per

543 1519 786 1574 eumdem
814 1515 1089 1570 Dominum
1121 1523 1360 1571 nostrum
1406 1516 1585 1572 Jesum
1620 1514 1885 1571 Christum
1929 1515 2118 1570 Filium

545 1618 714 1675 tuum,
738 1609 822 1678 qui
858 1618 1027 1663 tecum
1053 1608 1176 1669 vivit
1207 1618 1262 1663 et
1288 1618 1471 1678 regnat
1504 1611 1641 1664 Deus
1668 1609 1946 1664 inanitate
1972 1609 2115 1679 ejus-

542 1703 662 1759 dem
693 1703 898 1772 Spirtus
932 1703 1123 1759 sancti.
1157 1710 1277 1755 t’er.

620 1795 818 1849 Deinde
848 1795 1029 1866 legitur
1056 1794 1353 1862 Apostolus,
1380 1801 1426 1846 et
1456 1794 1655 1845 canitur
1683 1788 1929 1846 Alleluia.

2219 598 2560 665 praesentium
2614 598 2869 654 luminum
2918 599 3213 669 illustretis,
3264 608 3321 655 nt
3367 615 3484 655 cunt
3534 601 3791 657 bonorum

2218 702 2439 755 operum
2465 689 2794 759 lampadibus
2822 691 2886 745 ad
2933 691 3047 761 ejus
3077 694 3257 763 sponsi
3290 693 3579 748 thalamum
3638 697 3793 766 cujus

2219 779 2681 837 Resurrectionem
2710 783 3020 849 celebratis,
3075 799 3195 839 cum
3246 786 3592 853 prudentibus
3633 789 3793 858 virgi-

2219 874 2377 929 nibus
2425 875 2626 930 intrare
2671 876 2906 944 possitis.
2941 877 3131 932 Amen.
3164 876 3315 945 Quod
3369 878 3484 948 ipse
3537 890 3793 947 praestare

2218 964 2483 1037 dignetur,
2515 967 2665 1036 eujus
2693 982 2935 1036 regnum.

2289 1056 2371 1110 Ad
2392 1054 2777 1127 Comptendum.
2794 1087 2866 1098 —
2879 1057 3099 1123 Praesta,
3116 1072 3441 1126 quaesumus,
3458 1061 3797 1130 omnipotens

2221 1148 2389 1215 Deus,
2424 1157 2483 1203 ut
2504 1191 2518 1215 ,
2547 1150 2728 1205 divino
2756 1164 2975 1205 munere
3003 1150 3175 1204 satiati
3201 1191 3217 1217 ,
3249 1158 3304 1206 et
3332 1153 3499 1207 sacris
3528 1152 3798 1224 mysteriis

2221 1238 2536 1296 innovemur
2562 1250 2617 1297 et
2646 1241 2903 1296 moribus.
2934 1242 3057 1296 Per.

2557 1332 2706 1403 (⁵540)
2738 1349 2788 1388 IN
2820 1342 2847 1370 ι
2876 1348 2961 1388 ωε
2989 1347 3188 1389 saucro
3220 1348 3452 1389 ρλεεηλε.

2294 1422 2455 1489 Dens,
2512 1426 2601 1494 qui
2663 1425 2921 1480 hodierna
2970 1426 3055 1480 die
3102 1440 3197 1497 per
3248 1426 3584 1496 Unigenitum
3640 1433 3788 1484 tuum

2222 1516 2534 1573 mternitatis
2562 1519 2715 1573 nobis
2735 1520 2957 1585 aditum,
3003 1519 3205 1573 devicta
3258 1530 3459 1586 morte,
3506 1524 3795 1592 reserasti,

2223 1616 2342 1663 vota
2379 1621 2580 1675 nostra,
2607 1626 2726 1679 qure
2755 1610 3130 1685 prreveniendo
3178 1613 3406 1681 aspiras,
3442 1610 3604 1666 etiam
3631 1611 3787 1683 adju~

2222 1702 2395 1756 vando
2427 1718 2770 1774 prosequere.
2804 1704 2905 1759 Per
2934 1706 3201 1761 eumdem.

2296 1793 2468 1866 Super
2489 1796 2760 1851 oblata.-—
2776 1796 3021 1866 Suscipe,
3045 1798 3286 1861 Domine,
3329 1810 3650 1866 quassamus,
3677 1813 3798 1867 pre-

616 1888 764 1952 ραοά
789 1890 1007 1955 primunt
1026 1888 1251 1958 pontifex
1266 1888 1488 1940 inchoat.
1512 1884 1848 1939 Confitemini
1877 1884 2118 1940 Domino.
2151 1905 2199 1966 Β
2225 1899 2313 1941 ces
2337 1888 2508 1954 pepuli
2534 1888 2608 1942 tui
2632 1902 2751 1942 cum
2774 1888 3129 1943 oblationibus
3152 1886 3475 1951 Hostiarum,
3497 1897 3555 1943 ut
3576 1890 3802 1958 pascha-

541 1966 712 2033 Tract.
748 1978 983 2033 Laudate
1038 1978 1318 2032 Dominum
1393 1991 1576 2031 omnes
1622 1986 1829 2047 gentes.
1880 1975 2123 2046 Sequitur

541 2068 890 2141 Evangelium.
918 2070 1066 2141 (358)
1094 2068 1213 2123 Non
1239 2079 1437 2123 cantent
1470 2068 1830 2138 Offertoriutn,
1856 2066 2004 2138 (5'53)
2032 2084 2121 2121 ne-

540 2176 633 2233 que
655 2163 831 2233 Agnus
862 2161 975 2229 Dei,
1004 2178 1160 2233 neque
1187 2160 1626 2214 Communionem.

614 2252 784 2321 Super
809 2255 996 2307 oblata.
1020 2252 1262 2325 Suscipe,
1280 2267 1605 2321 qumsumus,
1624 2251 1864 2317 Domine,
1880 2259 1935 2305 et
1956 2251 2123 2320 plebis

542 2351 649 2399 tute
692 2356 744 2401 et
776 2354 982 2400 tuorum
1018 2346 1224 2401 llostias
1254 2356 1553 2401 renatorum
1575 2387 1590 2411 ,
1624 2352 1680 2398 ut
1710 2352 1763 2397 et
1789 2344 2123 2401 c0nfessione

545 2438 621 2494 tui
676 2438 927 2506 nominis,
984 2446 1036 2491 et
1090 2436 1403 2506 baptismate
1453 2435 1693 2491 renovati
1744 2436 2122 2504 sempiternam

551 2528 932 2587 beatitudinem
963 2539 1378 2599 consequantur.
1412 2526 1535 2583 Per.

617 2622 886 2695 Prrrfatio.
906 2621 1115 2676 —Vere
1145 2622 1359 2691 dignum
1392 2631 1445 2676 et
1470 2621 1668 2689 justum
1699 2628 1807 2686 est,
1837 2635 2046 2691 aaquum
2072 2627 2126 2675 et

547 2714 801 2785 salutare,
827 2729 924 2769 nos
952 2713 1047 2769 tibi
1078 2728 1288 2783 semper
1316 2721 1370 2769 et
1388 2713 1580 2782 ubique
1604 2713 1799 2784 gratias
1814 2728 1990 2783 agere.
2019 2714 2122 2768 Do-

541 2810 686 2863 mine
711 2814 915 2872 sancte,
941 2806 1094 2860 l’ater
1120 2805 1477 2873 omnipotens,
1502 2814 1702 2859 aeterne
1726 2804 1864 2857 Deus
1886 2822 1900 2859 :
1931 2815 1982 2859 te
2007 2819 2124 2858 om-

543 2898 599 2953 ni
644 2897 857 2966 quidem
892 2906 1149 2966 tempore,
1192 2896 1284 2950 sed
1337 2897 1388 2949 in
1444 2896 1543 2950 hac
1589 2894 1929 2966 potissimum
1972 2905 2127 2950 nocte

542 2991 826 3063 gloriosius
852 2989 1157 3045 collaudare
1180 2999 1233 3042 et
1264 2987 1570 3059 prazdicare,
1613 3003 1706 3054 per
1733 2985 1999 3040 Christum
2024 2986 2127 3039 Do-

544 3085 749 3140 minum
772 3097 1011 3137 nosuum
1040 3100 1053 3136 :
1080 3081 1169 3151 qui
1196 3082 1485 3136 inferorum
1510 3080 1739 3135 claustra
1762 3080 2120 3149 disrumpens,

546 3178 786 3233 victoriae
840 3190 949 3229 suae
998 3176 1142 3229 clara
1170 3173 1359 3229 vexilla
1402 3172 1658 3243 suscepit,
1691 3180 1746 3227 et
1799 3171 2122 3241 ttiumphato

2227 1981 2362 2035 libus
2393 1980 2593 2036 initiata
2622 1983 2891 2052 mysteriis
2918 2026 2933 2049 ,
2967 1982 3033 2035 ad
3062 1981 3374 2036 :eternitatis
3406 1981 3560 2037 nobis
3611 1981 3798 2037 mede-

2221 2072 2349 2138 lam,
2383 2081 2434 2127 te
2464 2083 2738 2142 operante,
2766 2073 3063 2141 proﬁciant.
3097 2074 3219 2127 Per.

2304 2162 2644 2234 Prwfatio.—
2670 2165 2807 2220 Vere
2840 2165 3056 2234 dignum
3087 2164 3355 2231 etjustum
3388 2171 3488 2228 est,
3516 2176 3724 2231 aequum
3749 2171 3808 2217 et

2225 2255 2475 2324 salutare,
2502 2271 2598 2311 nos
2623 2257 2714 2311 tibi
2738 2270 2949 2326 semper
2977 2267 3027 2311 et
3051 2256 3247 2324 ubique
3273 2253 3473 2324 gratias
3496 2268 3679 2323 agere,
3708 2255 3809 2310 Do-

2234 2348 2379 2401 mine
2401 2357 2604 2413 sancte,
2641 2349 2795 2402 Pater
2825 2350 3183 2421 omnipotens,
3236 2358 3437 2402 aeterne
3484 2347 3629 2403 Deus
3659 2366 3671 2399 :
3725 2348 3805 2403 Te

2225 2440 2437 2508 quidem
2471 2442 2613 2494 omni
2644 2451 2908 2510 tempore,
2940 2442 3035 2496 sed
3090 2442 3143 2495 in
3201 2441 3299 2495 hac
3351 2441 3683 2510 potissimum
3715 2443 3806 2496 die

2224 2532 2507 2602 gloriosius
2540 2534 2849 2601 praedicare,
2895 2548 3016 2589 cum
3065 2533 3265 2588 Pascha
3317 2543 3557 2588 nostrum
3609 2534 3802 2587 immo-

2226 2623 2362 2679 latus
2390 2636 2470 2678 εει
2502 2624 2765 2679 Christus.
2818 2626 2934 2694 Ipse
2962 2626 3102 2679 enim
3153 2638 3309 2679 verus
3339 2633 3421 2678 est
3470 2627 3683 2693 Agnus,
3715 2623 3810 2694 qui

2226 2715 2442 2769 abstulit
2472 2725 2685 2785 peccata
2711 2716 2916 2771 mundi.
2946 2715 3093 2786 (541)
3142 2715 3241 2783 Qui
3282 2724 3509 2768 mortem
3560 2726 3796 2770 nostrain

2228 2805 2504 2860 moriendo
2558 2806 2854 2873 destruxit,
2898 2814 2953 2861 et
2990 2807 3154 2861 vitam
3212 2804 3543 2875 resurgendo
3583 2821 3809 2875 repara-

2231 2897 2323 2953 vit.
2352 2897 2418 2952 Et
2444 2899 2567 2954 ideo
2587 2913 2707 2954 cum
2730 2900 2951 2970 angelis.

2300 2988 2789 3057 Communicantes,
2814 2999 2868 3046 et
2887 2989 3029 3046 diem
3074 2990 3495 3046 sacratissimum
3517 2989 3815 3047 celebran-

2228 3089 2330 3148 tes,
2361 3090 2457 3136 etc.

2299 3173 2448 3228 Hanc
2476 3174 2634 3245 igitur
2656 3172 2980 3230 oblationem
3009 3174 3283 3229 servitutis
3337 3182 3557 3229 nostrae.
3592 3166 3696 3231 Sed
3756 3184 3819 3230 et

545 3268 792 3337 diabolo,
824 3268 993 3324 victor
1021 3282 1053 3321 a
1082 3265 1307 3322 mortuis
1354 3264 1667 3335 resurrexit.
1725 3263 1792 3319 Et
1834 3263 1953 3319 ideo
1997 3278 2119 3318 cum
2150 3284 2198 3349 ρ
2229 3274 2456 3330 cunctae,
2485 3275 2583 3320 etc.

546 3361 785 3432 Angelis.
1282 3416 1285 3419 λ

622 3453 699 3509 Te
729 3453 903 3523 igitur,
937 3450 1349 3506 clementissime
1379 3449 1552 3514 Pater,
1588 3457 1693 3503 etc.

619 3548 1103 3617 Communicantes,
1162 3554 1217 3600 et
1266 3555 1477 3601 noctem
1522 3543 1936 3598 sacratissimum
1985 3541 2126 3597 cele-

553 3640 772 3696 brantes
823 3640 1250 3696 ResurreCtionis
1293 3638 1501 3692 Domini
1558 3636 1725 3690 nostri
1772 3634 1895 3690 Jesu
1929 3634 2125 3689 Christi

550 3735 840 3792 secundum
873 3747 1106 3787 carnem.
1143 3730 1248 3788 Sed
1298 3738 1351 3785 et
1409 3728 1721 3784 memoriam
1782 3736 2122 3791 venerantes,

549 3830 603 3885 in
636 3829 818 3899 primis
865 3827 1114 3898 gloriosae
1158 3839 1371 3893 semper
1398 3822 1618 3894 virginis
1666 3820 1864 3881 Mariae,
1896 3819 2128 3874 Genitri-

546 3923 625 3979 eis
661 3921 898 3991 ejusdem
925 3920 1016 3975 Dei
1043 3932 1096 3974 et
1127 3918 1333 3972 Domini
1360 3919 1528 3971 nostri
1554 3914 1678 3969 Jesu
1709 3912 1925 3965 Christi.

622 4015 769 4069 llanc
820 4014 978 4082 igitur
1022 4012 1343 4067 oblationem
1388 4010 1659 4063 servitutis
1690 4015 1883 4059 nostra:
1903 4045 1920 4071 ,
1952 4002 2043 4057 sed
2074 4008 2129 4056 et

548 4112 759 4162 cuncta:
808 4104 1020 4161 familia
1071 4112 1205 4168 tuae,
1239 4116 1395 4163 quam
1436 4100 1528 4153 tibi
1571 4096 1878 4163 offerimus,
1914 4111 2008 4164 pro
2047 4094 2130 4148 his

550 4210 760 4270 quoque
816 4209 951 4265 quos
1006 4208 1323 4264 regenerare
1369 4191 1613 4261 dignatus
1658 4204 1717 4244 es
1770 4204 1835 4244 ex
1890 4202 2025 4257 aqua
2075 4196 2132 4243 et

550 4290 753 4360 Spiritu
806 4297 1014 4350 sancto,
1068 4285 1304 4339 tribuens
1354 4284 1431 4337 eis
1480 4281 1847 4335 remissionem
1894 4280 2129 4333 oninium

549 4391 920 4453 peccatorum,
963 4390 1291 4448 quaesumus,
1327 4373 1583 4434 Domine,
1637 4382 1692 4425 ut
1745 4372 1981 4440 placatus
2041 4386 2132 4426 ac-

549 4475 735 4543 cipias.

622 4564 941 4619 Benedictio.
968 4590 1036 4602 —
1066 4559 1225 4623 Deus,
1267 4560 1357 4630 qui
1385 4556 1637 4613 Ecclesite
1690 4570 1797 4608 su-e
1838 4554 2128 4609 intemera-

2304 3357 2331 3397 ι)
2362 3357 2754 3413 Benedictio.—
2794 3356 3084 3413 Benedieat
3131 3370 3228 3412 vos
3280 3357 3615 3428 omnipatens
3646 3356 3817 3424 Deus,

2138 3444 2139 3447 “
2233 3451 2491 3507 hodierna
2532 3449 2922 3506 interveniente
2952 3448 3187 3519 paschali
3243 3449 3600 3515 solemnitate,
3633 3458 3685 3502 et
3719 3447 3785 3503 ab

2231 3543 2376 3602 omni
2406 3545 2686 3599 miseratus
2714 3542 2957 3613 dignetur
2984 3540 3270 3596 defendere
3300 3540 3576 3609 pravitate.
3604 3538 3810 3596 Amen.

2233 3618 2300 3693 Et
2323 3636 2410 3709 qui
2445 3636 2509 3690 ad
2538 3644 2789 3691 :eternam
2819 3634 2977 3688 vitam
3012 3632 3063 3687 in
3098 3628 3361 3700 Unigeniti
3410 3630 3490 3684 sui
3534 3644 3821 3684 resurrec—

2232 3728 2379 3784 tione
2408 3742 2502 3782 vos
2532 3734 2781 3796 reparat,
2822 3726 2876 3780 in
2916 3724 3083 3792 ipsius
3123 3724 3353 3777 adventu
3398 3722 3822 3777 immortalitatis

2231 3837 2329 3876 vos
2358 3820 2562 3890 gaudiis
2593 3819 2800 3873 vestiat.
2839 3818 3029 3873 Amen.
3079 3816 3143 3871 Et
3170 3816 3294 3885 qui,
3324 3815 3549 3883 expletis
3593 3814 3827 3884 jejunio-

2232 3926 2350 3969 rum
2374 3912 2485 3967 sive
2515 3910 2785 3981 passionis
2815 3909 3107 3964 Dominica:
3128 3908 3337 3973 diebus,
3369 3908 3637 3974 paschalis
3686 3904 3823 3964 festi

2232 4006 2424 4078 gaudia
2455 4003 2753 4069 celebratis,
2781 4001 2847 4058 ad
2879 4018 2941 4057 ea
2973 4002 3130 4069 festa,
3161 4016 3279 4072 quae
3312 4015 3415 4055 non
3447 4009 3571 4055 sunt
3610 4014 3822 4068 annua,

2235 4097 2331 4153 sed
2370 4097 2644 4159 continua,
2687 4098 2801 4165 ipso
2842 4096 3137 4167 opitulante
3183 4092 3571 4149 exsultantibus
3622 4094 3830 4150 animis

2234 4189 2475 4244 veniatis.
2503 4191 2693 4242 Amen.
2723 4186 2871 4255 Quod
2898 4186 3011 4257 ipse
3044 4193 3316 4254 praestare.

2304 4281 2386 4335 Ad
2414 4279 2805 4351 Complendnm.
2837 4308 2905 4319 —-
2935 4278 3188 4349 Spiritum
3222 4274 3398 4341 nobis,
3431 4272 3676 4341 Domine,
3709 4280 3831 4329 tute

2237 4376 2513 4433 charitatis
2540 4373 2781 4439 infunde;
2811 4383 2865 4427 ut
2895 4387 3027 4443 quos
3074 4370 3424 4425 sacramentis
3475 4367 3835 4438 paschalibus

2237 4470 2465 4533 satiasti,
2491 4478 2576 4522 tua
2604 4465 2772 4522 facias
2805 4467 2997 4538 pietate
3025 4463 3337 4519 concordes.
3372 4461 3496 4517 Per.

2317 4571 2339 4600 ο
2370 4560 2449 4613 Ad
2491 4560 2756 4628 Vesperos.
2788 4556 3031 4611 Concede
3056 4599 3070 4622 ,
3101 4567 3404 4623 quaesumus
3427 4592 3443 4616 ,
3474 4552 3833 4617 omnipotens

549 4670 608 4717 to
638 4667 790 4714 utero
821 4671 988 4711 novos
1022 4657 1242 4725 pupulos
1288 4654 1581 4723 producens
1612 4692 1626 4715 ,
1658 4665 1774 4704 eam
1824 4650 2125 4720 virginitate
2157 4666 2207 4725 ι)
2240 4652 2411 4718 Deus,
2453 4658 2509 4704 ut
2548 4650 2634 4718 qui
2662 4645 3088 4702 Resurrectionis
3114 4642 3400 4698 Dominica:
3429 4640 3687 4696 solemnia
3720 4656 3835 4697 c0-

549 4761 801 4808 manente
832 4764 966 4804 nova
995 4762 1208 4814 semper
1262 4746 1408 4814 prole
1437 4744 1723 4807 fmcundat,
1758 4742 1907 4809 tidei,
1938 4744 2055 4811 spei
2078 4751 2133 4797 et

549 4840 826 4899 charitatis
854 4856 947 4893 vos
971 4854 1190 4893 munere
1218 4838 1437 4907 repleat,
1474 4846 1528 4889 et
1549 4851 1657 4890 suae
1683 4836 1733 4888 in
1761 4848 1853 4889 vos
1882 4832 2135 4889 benedic-

552 4936 719 4992 tionis
749 4935 886 4989 dona
912 4933 1176 4987 infundat.
1234 4933 1421 4985 Amen.
1460 4929 1526 4983 Et
1553 4930 1641 5000 qui
1673 4930 1807 4981 hanc
1834 4927 2135 4981 sacratissi-

552 5044 697 5087 tnam
727 5036 935 5081 noctem
955 5024 1322 5093 Redemptoris
1350 5022 1513 5075 nostri
1530 5020 1939 5075 Itesurrcctione
1969 5019 2135 5072 voluit

551 5123 658 5198 75
692 5122 981 5184 illustrare,
1020 5124 1224 5171 mentes
1279 5124 1487 5169 vestras
1534 5122 1867 5182 peccatorum
1900 5110 2132 5165 tenebris

555 5218 840 5275 mundatus
866 5216 1120 5269 virtutum
1148 5209 1317 5279 copiis
1370 5211 1530 5264 faciat
1572 5221 1877 5264 coruscare.
1940 5203 2134 5259 Amen.

551 5310 669 5379 Quo
719 5323 903 5364 eorum
948 5306 1037 5377 qui
1078 5305 1241 5360 modo
1271 5299 1440 5358 renati
1470 5308 1594 5354 sunt
1621 5298 1983 5353 innocentiam
2016 5295 2139 5350 imi-

630 5461 652 5487 υ
713 5444 867 5514 Apud
926 5437 1839 5514 Pamelinm_:_Do_miniru‘sancta
1896 5429 2132 5514 ausculer.

553 5501 829 5579 Omittit'ur
859 5514 1073 5568 Pascha:
1124 5514 1174 5565 in
1218 5510 1373 5579 Cod.
1411 5508 1547 5573 Reg.
1606 5506 1766 5560 Suec.
1817 5501 2135 5579 lu_Kalend.

744 5589 941 5660 legitur
970 5606 981 5637 :
1013 5585 1077 5639 In
1104 5580 1310 5635 Pascha
1352 5571 1619 5660 Quininira
1649 5583 1843 5657 svrnrta.
1876 5573 1945 5660 In.
1964 5571 2138 5623 omni-

553 5644 655 5719 ilus;
686 5644 842 5714 statio
870 5664 953 5713 est
990 5658 1056 5707 ad
1087 5660 1315 5705 sanctum
1355 5650 1576 5719 Mariam
1608 5644 1958 5719 nmjorent_ad_
2001 5656 2136 5719 prte-

557 5713 703 5801 ié'p'u
726 5733 890 5785 Abest
918 5732 1169 5801 majorem
1192 5740 1219 5774 a
1250 5719 1495 5801 Kalend.
1522 5713 1699 5801 Bouh.
1734 5713 2053 5801 llit’ttllegll‘tt‘r
2084 5713 2137 5765 in

555 5783 890 5860 inhibitum.
924 5783 1016 5865 2|;
1048 5801 1097 5850 in
1133 5795 1364 5865 Evapg.,
1392 5788 1597 5865 ibidem
1619 5790 1716 5839 hac
1737 5785 1823 5865 die
1846 5783 2060 5865 hab-itte.

628 5853 1134 5942 S'Deuedictio'haac
1154 5866 1207 5928 in
1231 5853 1399 5926 Editis
1421 5858 1621 5916 Pamcl.
1649 5867 1701 5913 et
1729 5856 1916 5925 Angcli
1945 5853 2136 5909 “occa:

2237 4743 2420 4811 limus,
2457 4740 2799 4795 innovatione
2829 4734 2937 4810 76
2965 4735 3037 4790 tui
3068 4735 3298 4804 Spiritus
3342 4749 3371 4787 a
3421 4740 3594 4787 morte
3622 4732 3839 4790 animus

2237 4846 2599 4902 resurgimus.
2635 4831 2735 4885 Per
2762 4827 3005 4885 eumdem
3040 4826 3320 4880 Dominum
3365 4833 3607 4877 nostrum
3636 4821 3841 4879 Jesum

2238 4923 2508 4979 Christum
2562 4921 2760 4977 Filium
2812 4931 2956 4974 tuum
2986 4960 2999 4983 ,
3044 4915 3135 4984 qui
3177 4924 3352 4970 tecum
3383 4911 3509 4967 vivit
3547 4920 3602 4966 et
3632 4925 3847 4982 regnat

2239 5018 2383 5074 Deus
2418 5018 2468 5072 in
2515 5017 2719 5069 unitate
2748 5012 2987 5083 ejusdem
3017 5007 3247 5079 Spiritus
3275 5005 3466 5073 sancti,
3517 5019 3613 5075 per
3640 5008 3849 5062 omnia

2240 5112 2433 5166 saecula
2465 5110 2799 5166 saeculorum.

2314 5205 2395 5258 Ad
2424 5206 2609 5276 fontes.
2646 5229 2718 5241 —
2772 5199 2971 5254 Praesta
3001 5238 3014 5262 ,
3068 5205 3372 5264 quaesumus
3404 5233 3421 5260 ,
3479 5190 3854 5257 omnipotens

2249 5296 2412 5361 Deus,
2440 5293 2610 5365 utqui
2634 5288 3072 5348 Resurrectionis
3099 5285 3381 5341 dominicae
3424 5283 3689 5339 solemnia
3720 5296 3850 5336 co-

2244 5444 2348 5485 non
2380 5427 2667 5496 reperitur.
2700 5428 2794 5487 Est
2822 5427 2874 5482 in
2905 5420 3324 5483 Benedictionali
3349 5418 3565 5491 vulgato
3596 5433 3626 5472 a
3651 5416 3854 5474 Lam-

2243 5502 2393 5558 becio
2416 5511 2469 5554 et
2498 5500 2764 5551 tinssanv.

2321 5586 2341 5611 ε
2368 5571 2500 5625 Huic
2526 5568 2765 5623 Orationi
2816 5567 2867 5623 in
2920 5564 3020 5620 Ed.
3074 5561 3271 5617 Pamel.
3322 5558 3706 5628 praemittitur:
3747 5562 3858 5616 Ad

2242 5654 2471 5698 sanctum
2499 5638 2772 5705 Joannem,
2804 5638 2872 5690 ad
2913 5636 3176 5704 Vesperos.
3212 5627 3487 5705 Sequenti,
3523 5627 3856 5705 Ρνωκφ...

2246 5728 2301 5770 ut
2349 5712 2437 5784 qui
2487 5710 2730 5783 gratiam,
2761 5701 2909 5775 vetc.,
2959 5701 3251 5778 prodigitur
3288 5720 3303 5757 :
3346 5702 3425 5759 Ad
3450 5710 3684 5755 sanctum
3712 5701 3862 5757 An.

2244 5787 2443 5844 dream.
