4064 6350
321 386 392 443 9'5

316 610 455 656 mur.
488 597 590 652 Per
615 599 888 655 eumdem.

385 690 524 746 Alia.
548 721 622 733 —-
650 691 870 757 Praesta,
905 708 1236 762 quaesumus,
1271 699 1607 770 omnipotens
1647 701 1807 766 Deus,
1838 710 1897 758 ut

314 782 409 851 qui
439 782 666 851 gratiam
691 783 975 839 dominicaa
1007 785 1434 844 Resurrectiouis
1453 792 1894 863 agnovimus,ipsi

309 885 408 939 per
437 886 679 927 amorem
719 873 949 943 Spiritus
997 889 1025 928 a
1068 886 1241 934 morte
1282 878 1476 934 animae
1529 894 1888 952 resurgamus.

307 962 414 1020 Per
439 965 712 1020 eumdem.

383 1055 518 1109 Alia.
554 1085 622 1096 —
653 1055 818 1123 Deus,
842 1058 931 1128 qui
965 1059 1214 1128 paschale
1244 1059 1401 1118 nobis
1429 1061 1719 1120 remedium
1750 1080 1890 1121 con-

306 1149 476 1204 tulisti
507 1190 523 1216 ,
560 1150 814 1219 p0pulum
858 1160 1006 1208 tuum
1056 1155 1259 1211 caelesti
1291 1156 1430 1211 dono
1458 1173 1798 1230 prosequere,
1830 1171 1890 1217 ut

305 1241 433 1296 inde
462 1251 584 1310 post
615 1244 667 1297 in
694 1252 1007 1313 perpetuum
1052 1247 1305 1318 gaudeat,
1346 1250 1486 1305 unde
1517 1265 1655 1306 nunc
1678 1261 1886 1321 tempo-

302 1333 489 1388 raliter
511 1332 773 1389 exsultat.
807 1335 907 1391 Per
937 1335 1221 1392 Dominum
1253 1347 1497 1396 nostrum
1523 1339 1704 1398 Jesum
1732 1342 1887 1400 Chri-

301 1432 467 1482 stum.

786 1524 815 1554 ⁸
847 1532 1004 1574 FBRIA
1043 1533 1082 1574 ΙΙ
1118 1535 1169 1576 ΙΝ
1207 1535 1372 1580 Αιωθ.

375 1625 532 1693 Deus,
593 1629 684 1700 qui
734 1631 1072 1690 solemnitate
1113 1637 1353 1695 Paschali
1399 1641 1600 1696 mundo
1637 1645 1875 1701 remedia

303 1722 592 1789 Contuiisti,
617 1726 871 1794 populum
905 1735 1069 1793 tuum,
1107 1746 1432 1800 quaasumus,
1472 1736 1678 1794 cmlesti
1730 1740 1872 1796 dono

301 1822 644 1882 prosequere,
676 1828 730 1871 ut
759 1827 816 1873 et
843 1818 1133 1888 perfectam
1168 1823 1465 1882 libertatem
1491 1834 1743 1902 consequi
1776 1851 1880 1891 me-

294 1918 496 1971 reatur,
527 1916 583 1962 et
613 1909 679 1962 ad
710 1911 870 1965 vitam
906 1913 1145 1982 proﬁciat
1175 1922 1574 1988 sempiternam.
1605 1924 1725 1980 Per.

366 1997 540 2068 Super
570 2001 762 2056 oblata.
792 2033 864 2046 —
909 2003 1193 2064 Paschales
1248 2010 1448 2070 hostias
1493 2027 1832 2075 recensentes
1855 2061 1872 2090 ,

288 2103 625 2160 quaasumus,
669 2096 924 2167 Domine,
961 2111 1016 2156 ut
1055 2105 1197 2173 quod
1245 2105 1644 2180 frequentamus
1699 2125 1819 2172 actu
1851 2162 1868 2188 ,

288 2183 809 2252 comprehendamus
839 2190 1053 2248 affectu.
1087 2194 1207 2251 Per.

369 2275 736 2348 Pra’fatio.—
761 2282 901 2340 Vere
939 2286 1153 2359 dignum
1195 2299 1247 2346 et
1271 2293 1470 2364 justum
1512 2309 1612 2366 est,
1657 2317 1866 2375 chuum

282 2377 338 2422 et
365 2369 625 2436 salutare,
655 2388 747 2428 nos
776 2375 871 2430 tibi
903 2392 1116 2449 semper
1142 2391 1199 2438 et
1231 2385 1425 2458 ubique
1466 2392 1663 2462 gratias
1685 2369 1866 2466 agere,

283 2458 514 2516 Domine
556 2475 761 2533 sancte,
787 2465 944 2524 Pater
991 2474 1361 2551 omnipotens,
1394 2458 1595 2537 mterne
1626 2458 1783 2551 Deus,
1815 2458 1869 2545 et

282 2561 334 2606 te
355 2555 675 2626 soppliciter
707 2575 952 2631 exorare,
982 2575 1036 2619 ut
1060 2566 1307 2626 ﬁdelibus
1337 2572 1442 2627 tuis
1471 2575 1749 2648 dignanter
1777 2581 1868 2636 im-

284 2647 514 2715 pendas,
545 2666 657 2721 qoo
686 2662 740 2707 et
770 2654 1037 2722 paschalia
1071 2662 1284 2732 capiant
1320 2647 1675 2736 sacramenta,
1699 2682 1751 2728 et
1773 2675 1866 2729 de—

283 2738 585 2797 sideranter
613 2756 930 2816 exspectent
959 2755 1360 2822 ventura,ut,in
1386 2762 1654 2828 mysteriis
1676 2763 1866 2834 quibus

286 2834 461 2887 renati
491 2845 616 2890 sunt
647 2851 1049 2910 permanentes,
1081 2847 1146 2899 ad
1201 2862 1389 2905 novam
1429 2853 1588 2908 vitam
1618 2855 1702 2912 his
1738 2873 1868 2928 ope-

278 2923 523 2980 rantibus
551 2928 932 2996 perducantur.
962 2933 1064 2989 Per
1088 2935 1379 2996 Christum.

353 3017 432 3072 Te
469 3019 652 3088 igitur,
686 3023 816 3077 sicut
840 3026 894 3079 in
923 3024 1148 3086 Pascha.

349 3107 380 3148 δ
417 3110 725 3170 Benedictio.
755 3145 827 3157 —
857 3118 1017 3186 Deus,
1050 3123 1138 3191 qui
1168 3139 1266 3194 pro
1305 3127 1454 3183 vobis
1503 3133 1737 3202 suscepit
1784 3134 1864 3190 iu-

273 3198 472 3271 juriam
517 3207 691 3261 crucis
723 3250 738 3274 ,
772 3209 956 3266 lmtitia
987 3228 1082 3269 vos
1110 3214 1325 3292 innovet
1355 3234 1464 3276 suae
1497 3221 1864 3280 Resurrectio-

276 3296 381 3347 nis.
417 3296 614 3354 Amen.
648 3299 715 3354 Ει
735 3303 822 3371 qui
855 3307 1103 3371 pendenti
1143 3291 1324 3365 secum
1363 3311 1416 3367 in
1467 3329 1626 3370 cruce
1670 3317 1859 3374 latroni
1885 3291 1938 3356 θ

279 3389 434 3458 (549.)
458 3393 640 3448 omisit
662 3394 915 3452 delictum
943 3439 958 3464 ,
1003 3416 1095 3456 vos
1125 3404 1294 3460 salvet
1335 3421 1364 3460 a
1397 3411 1604 3464 cunctis
1637 3413 1861 3468 nexibus

280 3497 652 3555 peccatorum.
696 3491 888 3547 Amen.
916 3493 981 3549 Ut
1012 3497 1398 3568 redemptionis
1428 3513 1623 3560 vestra:
1653 3517 1864 3578 myste-

274 3577 418 3632 rium
458 3587 514 3632 et
555 3580 711 3650 digne
754 3587 1082 3640 conservetis
1121 3589 1174 3641 in
1229 3606 1414 3660 opere,
1443 3603 1496 3649 et
1544 3577 1861 3666 locupletius

277 3671 476 3725 aeterna
506 3675 850 3740 perfruamini
873 3683 1324 3739 remuneratione.
1348 3684 1542 3742 Amen.
1562 3689 1716 3756 Quod
1746 3692 1860 3755 ipse

275 3774 537 3829 praestare
564 3766 830 3837 dignetur.

345 3856 428 3906 Ad
449 3854 842 3926 Complendum.
858 3890 928 3900 —
945 3862 1233 3935 impleatur
1253 3867 1304 3922 in
1328 3869 1499 3934 nobis,
1525 3887 1857 3944 quaesumus,

273 3946 528 4015 Domine,
556 3955 878 4015 sacramenti
917 3957 1181 4026 paschalis
1212 3971 1394 4018 sancta
1427 3964 1631 4034 libatio,
1654 3983 1858 4039 nosque

271 4040 340 4094 de
371 4045 605 4099 terrenis
641 4046 922 4106 atfectibus
949 4051 1015 4114 ad
1055 4053 1276 4111 caeleste
1317 4057 1603 4118 transferat
1645 4061 1858 4119 institu-

276 4139 415 4186 tum.
450 4135 567 4188 Per.

347 4225 453 4294 77
481 4227 562 4286 Ad
600 4225 862 4300 Vesperos.
890 4262 960 4273 —
980 4233 1245 4304 Concede,
1268 4253 1597 4312 qumsumus,
1616 4247 1860 4318 omnipo-

273 4325 396 4372 tens
444 4319 624 4388 Deus,
667 4331 724 4376 ut
760 4324 848 4394 qui
892 4337 1230 4396 peccatorum
1280 4343 1583 4390 nostrorum
1623 4339 1860 4408 pondere

272 4411 590 4480 premimur,
644 4428 673 4468 a
712 4418 918 4482 cunctis
960 4418 1113 4477 malis
1167 4423 1566 4483 imminentibus
1624 4446 1716 4498 per
1745 4432 1860 4488 haec

272 4499 551 4556 Paschalia
589 4500 723 4560 festa
752 4507 1054 4569 liberemur.
1085 4512 1186 4569 Per
1209 4514 1487 4573 Dominum
1520 4531 1783 4580 nostrum.

342 4596 424 4656 Ad
454 4599 638 4668 fontes.
681 4631 749 4640 —
798 4603 1081 4673 Concede,
1138 4625 1465 4680 quaesumus,
1515 4619 1854 4686 omnipotens

270 4686 432 4756 Deus,
467 4703 522 4746 ut
550 4692 682 4749 festa
727 4699 1023 4767 paschalia,
1073 4718 1190 4772 qua:
1248 4709 1550 4764 venerando
1601 4715 1851 4786 colimus,

268 4783 428 4841 etiam
459 4787 690 4844 vivendo
722 4801 1017 4850 teneamus.
1043 4795 1144 4852 Per
1177 4799 1458 4856 Dominum
1486 4815 1746 4862 nostrum.

345 4879 481 4932 Alia.
507 4909 576 4920 —
603 4881 761 4950 Deus,
785 4887 873 4955 qui
907 4888 1158 4956 populum
1203 4899 1347 4946 tuum
1381 4895 1447 4950 de
1479 4898 1648 4954 hostis
1675 4902 1852 4960 callidi

266 4969 524 5026 servitute
552 4974 812 5040 liberasti,
847 4993 1032 5046 preces
1069 4982 1186 5051 ejus
1231 4983 1645 5047 misericorditer
1680 4997 1852 5065 reSpi-

265 5073 350 5127 ce,
375 5072 433 5118 et
452 5064 800 5122 adversantes
829 5069 877 5124 ei
909 5080 998 5126 tua
1043 5073 1240 5131 virtute
1269 5087 1568 5146 prosterne.
1615 5084 1717 5141 Per
1751 5064 1854 5143 Do-

267 5166 465 5208 mmom
493 5169 760 5214 nostrum.

335 5343 360 5371 ι
389 5334 444 5419 lo
471 5333 699 5419 Kalem.
739 5337 891 5396 Rom.
914 5381 935 5404 ,
967 5349 1022 5396 et
1048 5343 1194 5419 apud
1219 5344 1450 5419 Pamel.,
1493 5349 1727 5419 legitur:
1760 5357 1841 5411 Ad

266 5415 498 5491 iunctura
552 5409 806 5491 Patrum;
845 5409 1344 5491 convenithtitulus
1389 5409 1577 5476 homo".
1631 5409 1734 5491 25,
1788 5409 1840 5481 in

268 5475 549 5600 Evangel"
588 5482 688 5536 hac
731 5483 818 5537 die
849 5484 1062 5540 habitat.
1097 5484 1262 5542 Abest
1288 5490 1341 5543 in
1372 5491 1503 5546 albis
1535 5475 1574 5549 a7
1606 5475 1838 5553 Kalend:

315 5562 420 5600 om.

315 5562 420 5600 om.

337 5615 362 5653 δ
392 5619 561 5708 Abest
583 5637 689 5708 non
716 5624 886 5708 solum
910 5625 1840 5708 aii-aliisvulgatis,.Parmel.,\’atic.,

269 5694 519 5767 etc.,.sed_
551 5694 712 5767 etiam
740 5713 768 5749 a
800 5695 1212 5753 Benedictionali
1232 5694 1342 5767 iam
1371 5694 1604 5761 laudato.

339 5772 360 5796 ε
388 5761 560 5816 Statio
588 5764 918 5842 liu‘jusf‘erim
948 5780 1051 5823 tam
1080 5772 1131 5826 in
1159 5761 1323 5828 Editis
1352 5790 1508 5842 quam
1540 5780 1590 5832 in
1616 5777 1742 5837 Mss.
1771 5790 1854 5837 est

267 5830 336 5880 ad
359 5842 591 5888 sanctum
620 5830 860 5894 Paulum.
890 5841 1232 5899 Desideratur
1258 5846 1310 5897 iu
1334 5830 1462 5900 cibis
1484 5849 1534 5908 in

1527 392 1734 450 LIBER
1775 394 2410 463 SACRAMENTORUM.

322 503 500 570 limus,
522 503 824 575 ereptionis
864 515 1061 567 nostra
1110 511 1384 584 suscipere
1417 513 1652 571 laetitiam
1687 531 1894 573 merea-
1921 517 1975 576 Δ

3512 423 3588 486 94

2511 539 2535 568 θ
2562 547 2718 590 rents
2743 549 2798 590 nt
2829 551 2880 591 IN
2908 552 3073 594 ALBIS.

2071 612 2231 682 Deus,
2263 619 2350 687 qui
2379 620 2664 678 Ecclesium
2695 635 2838 682 tuam
2879 645 3016 684 novo
3038 645 3250 700 semper
3277 632 3382 689 fetu
3407 637 3583 692 multi-

1998 704 2182 774 plicas,
2216 713 2451 768 concede
2496 716 2708 773 famulis
2751 721 2855 776 tuis’
2903 734 2961 776 ut
3009 723 3156 794 (3:45)
3187 737 3577 786 sacramentum

1996 797 2228 855 vivendo
2259 809 2492 872 teneant,
2517 813 2654 880 quod
2688 814 2792 869 ﬁde
2830 827 3202 886 perceperunt.
3230 819 3349 874 Per.

2065 895 2236 963 Super
2265 899 2453 955 oblata.
2484 933 2553 943 —
2574 905 2817 976 Suscipe,
2845 909 3087 978 Domine,
3113 912 3346 968 ﬁdelium
3368 929 3577 985 preces,

1992 999 2113 1042 cum
2143 989 2498 1050 oblationibus
2523 997 2844 1068 Hostiarum,
2874 1013 2931 1057 ut
2961 1020 3056 1075 per
3083 1006 3194 1061 haec
3218 1009 3314 1072 pite
3335 1009 3576 1065 devotio-

1994 1081 2078 1136 nis
2104 1083 2297 1155 oflicia,
2323 1088 2387 1142 ad
2418 1091 2691 1147 cmlestem
2721 1095 2942 1162 gloriam
2976 1109 3324 1154 transeamus.
3376 1101 3496 1154 Per.

2067 1171 2338 1244 Prwfatio.
2371 1207 2441 1219 -—
2491 1180 2626 1237 Vere
2653 1184 2864 1256 dignum
2917 1197 2968 1242 et
2993 1188 3193 1256 justum
3226 1201 3325 1256 est,
3358 1205 3566 1260 aequum

1992 1275 2048 1321 et
2075 1269 2326 1340 salutare,
2364 1287 2462 1328 nos
2491 1275 2584 1330 tibi
2607 1292 2817 1347 semper
2838 1290 2892 1334 et
2931 1281 3126 1350 ubique
3168 1285 3365 1352 gratias
3393 1299 3572 1353 agerc,

1988 1358 2218 1417 Domine
2245 1374 2449 1432 sancte,
2481 1367 2638 1424 Pater
2663 1373 3025 1441 omnipotens,
3055 1386 3253 1431 mterne
3284 1377 3446 1441 Deus,
3482 1393 3576 1447 per

1989 1450 2264 1507 Christum
2294 1455 2572 1512 Dominum
2602 1473 2862 1517 nostrum.
2895 1465 2992 1532 Qui
3043 1467 3313 1522 oblatione
3339 1469 3418 1522 sui
3447 1484 3565 1522 cor-

1987 1544 2156 1613 poris,
2190 1546 2408 1601 remotis
2438 1551 2819 1606 sacrificiorum
2847 1556 3138 1611 carnalium
3181 1558 3568 1612 observationi-

1985 1632 2105 1700 bus,
2143 1636 2546 1707 (54.1)seipsum
2575 1642 2667 1696 tibi
2699 1658 2902 1698 sacram
2955 1646 3211 1714 Hostiam,
3255 1651 3566 1719 Agnumque

1983 1727 2383 1785 immaculatum
2407 1747 2648 1789 summus
2677 1736 2935 1793 Sacerdos
2957 1753 3053 1809 pro
3074 1741 3242 1796 salute
3269 1753 3447 1797 nostra
3468 1741 3570 1798 im-

1983 1822 2224 1878 molavit.
2260 1823 2360 1877 Per
2390 1839 2567 1891 quem.

1904 1910 1951 1970 B
2051 1913 2126 1968 Te
2147 1915 2325 1986 igitur,
2352 1917 2482 1971 sicut
2517 1919 2569 1972 in
2602 1918 2823 1974 Pascha.

2054 2005 2366 2063 Benedictio.
2401 2039 2471 2050 ——
2504 2011 2662 2077 Deus,
2698 2013 2787 2083 qui
2817 2028 2911 2069 vos
2931 2015 3063 2071 lavit
3089 2031 3221 2088 aqua
3252 2017 3334 2072 sui
3365 2017 3562 2087 lateris,

1977 2102 2034 2149 et
2063 2096 2292 2151 redemit
2333 2099 2597 2156 effusione
2638 2105 2865 2169 cruoris,
2918 2105 3032 2176 ipse
3077 2107 3128 2161 in
3176 2109 3326 2163 vobis
3368 2112 3564 2164 conﬁr-

1975 2196 2088 2242 met
2110 2190 2332 2258 gratiam
2368 2193 2574 2262 adepta:
2609 2194 3029 2265 Redemptiouis.
3060 2199 3249 2255 Amen.
3279 2200 3378 2256 Per
3400 2219 3556 2272 quem

1974 2279 2144 2332 renati
2172 2281 2302 2334 estis
2329 2298 2393 2336 ex
2423 2298 2556 2352 aqua
2585 2295 2637 2339 et
2665 2286 2862 2355 Spiritu
2893 2297 3078 2344 sancto
3097 2332 3113 2356 ,
3160 2291 3273 2360 ipse
3315 2305 3410 2345 vos
3451 2307 3564 2348 cm—

1973 2368 2096 2424 lesti
2126 2372 2399 2428 consociet
2429 2389 2612 2444 regno.
2643 2382 2833 2432 Amen.
2860 2377 3066 2448 Quique
3108 2381 3250 2436 dedit
3280 2382 3429 2438 vobis
3457 2383 3559 2438 ini-

1973 2464 2049 2518 tia
2082 2472 2280 2518 sanctrc
2313 2465 2456 2528 ﬁdei,
2487 2466 2601 2536 ipse
2625 2469 2932 2526 conferatet
2959 2472 3334 2540 perfectionem
3359 2476 3556 2543 operis,

1971 2564 2026 2610 et
2059 2557 2444 2624 plenitudinem
2494 2561 2786 2616 charitatis.
2818 2562 3011 2618 Amen.
3061 2563 3212 2631 Quod
3261 2565 3373 2635 ipse
3424 2581 3563 2636 prac-

1973 2657 2120 2702 stare
2150 2650 2418 2719 dignetur.

2040 2741 2126 2796 Ad
2174 2741 2560 2812 Complendum.
2590 2774 2660 2784 —
2713 2745 2977 2811 Concede,
3029 2762 3351 2816 quaesumus,
3383 2749 3561 2806 omni-

1971 2841 2167 2903 potens
2198 2836 2354 2900 Deus,
2384 2845 2441 2890 ut
2471 2837 2733 2906 paschalis
2762 2840 3029 2910 perceptio
3059 2842 3377 2896 sacramenti
3405 2841 3561 2914 (545)

1969 2927 2223 2980 continua
2255 2928 2307 2980 iu
2341 2929 2538 2984 nostris
2569 2933 2832 2986 mentibus
2859 2946 3181 3002 perseveret.
3216 2935 3336 2991 Per.

2042 3018 2126 3069 Ad
2156 3016 2417 3089 Vesperos.
2451 3051 2519 3061 —
2545 3018 2812 3088 Concede,
2848 3039 3185 3092 quaesumus,
3217 3026 3555 3095 omnipotens

1976 3105 2142 3172 Deus,
2179 3116 2234 3162 ut
2262 3111 2347 3178 qui
2379 3111 2640 3178 paschalis
2677 3112 2980 3170 festivitatis
3005 3117 3262 3173 solemnia
3308 3120 3557 3187 colimus,

1977 3198 2034 3252 in
2069 3207 2156 3253 tua
2183 3215 2395 3268 semper
2418 3202 2835 3261 sanctiﬁcatione
2859 3206 3116 3262 vivamus.
3151 3209 3270 3265 Per.

2053 3291 2076 3329 ά
2117 3293 2195 3346 Ad
2219 3295 2404 3364 fontes.
2435 3323 2505 3336 —
2562 3297 2786 3367 Praesta,
2836 3315 3164 3369 quaesumus,
3221 3304 3559 3374 omnipotens

1972 3384 2134 3452 Deus,
2168 3396 2220 3439 ut
2250 3401 2341 3455 per
2374 3387 2485 3442 ba'c
2510 3389 2775 3456 paschalia
2809 3390 2964 3459 festa,
2995 3409 3112 3461 qua:
3160 3395 3408 3461 colimus,
3458 3397 3557 3453 de-

1967 3477 2075 3531 v0ti
2108 3476 2158 3530 in
2189 3486 2274 3531 tua
2300 3493 2512 3550 semper
2539 3480 2694 3537 laude
2725 3498 2983 3539 vivamus.
3017 3483 3138 3539 Per.

2039 3571 2148 3641 78
2171 3573 2307 3626 Alta.
2340 3601 2410 3614 -—
2441 3573 2615 3639 Deus,
2652 3575 2738 3643 qui
2794 3578 3061 3646 conspicis
3107 3578 3359 3633 familiam
3408 3589 3548 3636 tuam

1966 3663 2112 3715 omni
2146 3661 2372 3717 humana
2397 3665 2592 3720 virtute
2617 3665 2854 3731 desxitui,
2898 3669 3130 3736 paschali
3164 3670 3552 3726 interveniente

1966 3753 2278 3821 festivitate,
2304 3756 2377 3809 tui
2401 3771 2518 3811 eam
2548 3757 2750 3811 brachii
2794 3764 3128 3827 proiectione
3169 3764 3396 3817 custodi.
3426 3762 3550 3818 Per.

2480 3878 2502 3906 °
2535 3886 2692 3924 FERIA
2717 3886 2767 3923 ιν
2801 3888 2849 3925 IN
2876 3889 3042 3927 ALBIS.

2041 3981 2205 4050 Deus,
2238 3983 2327 4052 qui
2360 3999 2455 4038 nos
2493 3984 2924 4042 Resurrcctionis
2953 3988 3237 4046 dominicae
3264 4003 3436 4047 annua
3461 4007 3551 4048 so-

1965 4074 2242 4130 lemnitate
2268 4078 2528 4142 lzetiticas,
2559 4080 2795 4136 concede
2827 4082 3088 4150 propitius
3114 4093 3170 4139 ut
3210 4100 3305 4152 per
3345 4094 3549 4156 tempo-

1964 4167 2096 4220 ralia
2123 4167 2275 4232 festa,
2304 4180 2418 4233 qua:
2446 4167 2651 4234 agimus
2670 4209 2684 4234 ,
2719 4174 2997 4238 pervenire
3025 4172 3089 4225 ad
3131 4173 3320 4242 gaudia
3350 4186 3546 4232 aeterna

1963 4271 2286 4312 mereamur.
2322 4257 2422 4312 Per
2460 4259 2729 4316 eumdem.

2043 4348 2213 4420 Super
2234 4350 2426 4404 oblata.
2459 4379 2530 4393 —-
2578 4351 2867 4420 Sacrificia,
2917 4355 3164 4425 Domine,
3211 4362 3547 4431 paschalibus

1962 4442 2169 4512 gaudiis
2191 4442 2554 4511 immolamus,
2591 4446 2780 4513 quibus
2834 4449 3070 4504 Ecclesia
3124 4453 3440 4509 mirabiliter
3489 4466 3546 4514 et

1959 4531 2113 4604 (546)
2138 4533 2376 4594 nascitur
2402 4542 2456 4587 et
2479 4534 2731 4592 nutritur.
2763 4535 2882 4591 Per.

2033 4626 2306 4698 Ρηείαιὶο.
2336 4658 2406 4668 -
2430 4628 2565 4684 Vere
2597 4631 2813 4700 dignum
2843 4641 2897 4688 et
2936 4633 3138 4703 justum
3185 4649 3286 4702 est,
3332 4655 3540 4711 aequum

1960 4727 2015 4773 et
2038 4720 2289 4785 salutare,
2322 4735 2420 4774 nos
2453 4721 2540 4776 tibi
2565 4736 2776 4792 semper
2823 4733 2878 4780 et
2906 4727 3099 4796 ubique
3139 4731 3335 4797 gratias
3361 4748 3542 4802 agere,

1956 4810 2184 4866 Domine
2209 4822 2410 4877 sancte,
2445 4814 2598 4869 Pater
2637 4817 2994 4886 omnipotens,
3047 4831 3245 4880 aeterne
3275 4827 3431 4895 Deus,
3489 4841 3542 4886 et

1956 4906 2206 4978 pietatem
2237 4913 2376 4959 tuam
2407 4905 2682 4962 indefessis
2711 4910 2956 4978 precibus
3004 4913 3310 4983 implorare,
3365 4927 3422 4974 ut
3449 4923 3537 4990 qui

1958 5000 2224 5072 paschalis
2243 4998 2544 5054 festivitatis
2575 5003 2833 5057 solemnia
2876 5005 3124 5070 colimus,
3175 5009 3226 5063 in
3260 5020 3344 5066 tua
3395 5028 3539 5068 scm-

1961 5108 2058 5164 per
2078 5092 2500 5146 sanetificatione
2530 5091 2789 5148 vivamus.
2830 5094 2944 5162 Quo
2971 5113 3064 5166 per
3093 5103 3393 5171 temporalis
3422 5104 3539 5160 festi

1963 5183 2388 5242 observationem
2433 5185 2712 5254 pervenire
2748 5201 3051 5245 mereamur
3099 5194 3163 5245 ad
3216 5204 3535 5249 aeternorum

1954 5358 2134 5432 Suec“
2160 5367 2268 5432 tam
2299 5359 2402 5422 hic.
2436 5375 2594 5425 quam
2619 5362 2671 5416 in
2702 5368 3049 5432 sequentibus
3088 5371 3248 5426 feriis.

2017 5428 2042 5466 ά
2074 5430 2255 5484 ln‘Ed.
2289 5433 2471 5504 Augeii
2503 5435 2689 5488 ltoccrc
2719 5428 2820 5490 non
2879 5439 3184 5496 inscribitur
3218 5446 3326 5499 hzcc
3356 5445 3536 5504 Oratio

1945 5501 2016 5580 ειμι
2041 5503 2226 5571 fontes,
2273 5509 2330 5555 ut
2360 5503 2442 5556 hic
2473 5513 2526 5557 et
2563 5507 2612 5557 in
2662 5505 2758 5559 Ed.
2813 5509 3041 5580 rami-1.,
3085 5501 3536 5577 Consenticutihus

1945 5572 2070 5626 Mss.

2025 5653 2046 5679 θ
2084 5642 2439 5717 Prostatintte
2473 5644 2683 5699 additur
2711 5649 2758 5700 in
2797 5647 2890 5700 Ed.
2929 5650 3125 5705 Pamel.
3158 5671 3170 5706 :
3202 5655 3281 5706 Ad
3302 5674 3532 5717 sanctum

1947 5713 2278 5790 Laurentiuhm
2310 5716 2434 5781 foris
2458 5733 2676 5790 murum.
2710 5718 2822 5771 Duo
2855 5721 3036 5790 ultima
3071 5728 3225 5778 verba
3259 5728 3448 5785 desunt
3481 5713 3529 5790 in

1958 5783 2382 5859 “Menthﬁoml,
2417 5796 2471 5840 ct
2502 5790 2551 5840 in
2584 5788 2788 5859 duobus
2819 5789 3048 5859 'l_heod.,
3098 5810 3303 5854 necnon
3348 5803 3397 5856 in

1958 5855 2101 5910 hotu.
2127 5854 2218 5920 24,
2249 5855 2300 5910 in
2330 5857 2551 5927 Evang.,
2586 5857 2741 5913 hodie
2772 5857 2987 5914 habitu}.
