4064 6350
486 362 555 423 95
1688 344 1929 404 SANCTI
1968 342 2295 400 GREGORII
2326 340 2537 399 MAGNI
3670 339 3740 399 96

487 476 796 549 gaudiorum
824 468 1296 530 continuationem.
1340 464 1444 525 Per
1464 462 1737 521 Christum
1766 462 2050 517 Dominum
2081 460 2127 519 Α
2202 455 2215 495 ‘A
2227 459 2307 511 Ad
2337 456 2687 529 Vesperos.—-
2713 454 2872 522 Deus,
2903 456 2991 526 qui
3014 456 3065 509 iu
3095 454 3248 510 nobis
3276 453 3338 508 ad
3364 453 3739 512 celebrandum

487 579 746 628 nostrum.

555 663 631 718 Te
655 662 830 729 igitur,
859 660 991 713 sicut
1018 657 1071 710 in
1094 653 1337 710 Pascha..

564 765 590 793 λ
621 752 931 807 Benedictio.
963 779 1033 790 —
1078 746 1329 802 Dominus
1359 745 1499 800 Deus
1528 749 1707 797 noster
1732 754 1829 795 vos
1867 740 2061 811 perdu-

488 856 571 903 cat
598 847 667 902 ad
718 845 961 899 arborem
1008 841 1151 905 vitae,
1201 836 1288 908 qui
1338 837 1477 891 eruit
1518 835 1585 889 de
1640 834 1757 887 lacu
1808 831 2057 888 miseriae.

488 943 680 996 Amen.
711 937 828 1007 Ipse
848 934 1001 989 vobis
1039 931 1239 1002 aperiat
1281 930 1493 997 januam
1533 924 1787 996 paradisi,
1818 925 1908 994 qui
1936 938 2063 979 con-

488 1030 641 1098 fregit
675 1036 853 1097 portas
878 1025 1092 1080 inferni.
1121 1024 1307 1079 Amen.
1332 1020 1447 1087 Ipse
1467 1032 1559 1071 vos
1576 1024 1732 1072 eruat
1759 1016 1988 1085 flagello,
2009 1025 2064 1073 et

489 1123 541 1177 in
565 1134 781 1190 regnum
809 1133 960 1173 suum
986 1114 1238 1185 perducat
1258 1110 1588 1175 confitentes,
1617 1109 1703 1178 qui
1746 1108 1852 1177 pati
1874 1107 2063 1178 digna-

490 1222 575 1268 tus
603 1220 683 1266 est
712 1224 808 1280 pro
834 1208 1009 1277 impiis
1043 1207 1319 1261 innocens.
1352 1202 1543 1257 Amen.
1590 1199 1742 1264 Quod
1785 1200 1897 1269 ipse
1927 1214 2064 1270 prae-

489 1312 631 1357 stare
656 1302 924 1373 dignetur.

561 1395 641 1449 Ad
670 1393 1056 1463 Complendum.
1086 1419 1156 1430 —-
1183 1388 1265 1442 Ab
1292 1386 1433 1440 omni
1464 1400 1580 1450 nos,
1608 1398 1932 1455 qumsumus,
1958 1384 2065 1442 Do-

491 1491 653 1557 mine,
676 1496 938 1545 vetustate
986 1491 1262 1554 purgatos,
1293 1479 1611 1536 sacramenti
1642 1478 1715 1532 tui
1768 1478 2067 1532 veneranda

491 1582 759 1653 perceptio
788 1580 837 1633 in
867 1559 1057 1632 novam
1092 1575 1371 1629 transferat
1411 1580 1729 1625 creaturam.
1758 1568 1862 1624 Per
1887 1570 2067 1623 Domi-

491 1690 614 1730 num
636 1680 895 1727 nostrum.

565 1764 639 1819 Ad
673 1764 936 1818 Vesveros.
978 1788 1049 1801 —
1095 1759 1313 1824 Praesta,
1359 1770 1682 1825 qumsumus,
1730 1754 2066 1825 omnipotens

2164 550 2415 620 paschale
2436 560 2831 604 sacramentum
2862 547 3139 602 liberiores
3186 546 3391 600 animos
3422 546 3736 615 praestitisti,

2164 643 2297 699 doce
2320 659 2417 699 nos
2444 653 2497 699 et
2526 652 2763 699 metuere
2808 640 2959 713 (548)
2990 640 3127 712 quod
3174 641 3439 705 irasceris,
3481 651 3534 698 et
3560 656 3740 698 amare

2163 737 2303 808 quod
2331 737 2592 807 praecipis.
2627 736 2747 792 Per.

2236 830 2261 869 (ι
2294 832 2370 885 Ad
2398 833 2580 903 fontes.
2612 862 2681 873 —
2706 833 2803 899 Da,
2828 846 3152 902 quaesumus,
3179 831 3519 902 omnipotens
3569 830 3737 898 Deus,

2166 933 2228 979 ut
2255 924 2494 980 Ecclesia
2526 936 2637 993 tua,
2664 935 2719 981 et
2746 940 2963 981 suorum
3000 926 3251 981 firmitate
3280 925 3658 987 membrorum.
3687 933 3745 983 et

2166 1033 2303 1075 nova
2322 1032 2535 1090 semper
2580 1019 2903 1077 fecunditate
2936 1006 3172 1076 laetetur.
3204 1019 3305 1076 Per
3334 1019 3613 1076 Dominum
3646 1034 3744 1075 no-

2165 1120 2356 1166 strum.

2237 1203 2375 1257 Alia.
2405 1232 2475 1244 —-
2494 1203 2799 1275 Multiplica,
2830 1218 3155 1276 quaesumus,
3188 1189 3429 1271 Domine,
3459 1202 3619 1261 fidem
3648 1217 3747 1275 po-

2170 1295 2277 1364 puli
2301 1296 2397 1363 tui,
2430 1306 2487 1351 ut
2506 1297 2656 1367 cujus
2683 1312 2777 1368 per
2803 1304 2854 1353 te
2882 1299 3109 1368 sumpsit
3150 1297 3381 1364 initium,
3408 1311 3504 1369 per
3530 1306 3582 1353 te
3608 1310 3745 1354 con-

2167 1402 2421 1464 sequatur
2446 1402 2802 1465 augmentum.
2842 1394 2965 1450 Per.

2667 1497 2865 1543 eFERlA
2901 1502 2955 1543 Vl
2994 1501 3045 1543 IN
3080 1500 3246 1543 Αιιηε.

2240 1580 2589 1653 Omnipotens
2616 1580 2939 1651 sempiterne
2965 1580 3126 1649 Deus,
3168 1579 3257 1650 qui
3289 1578 3540 1646 paschale
3563 1592 3746 1637 sacra-

2170 1683 2407 1731 mentum
2435 1676 2489 1730 in
2510 1675 2953 1731 reconciliationis
2967 1676 3211 1730 humanm
3229 1673 3430 1730 foedere
3450 1674 3743 1739 contulisti,

2171 1767 2239 1822 da
2267 1766 2532 1823 mentibus
2553 1767 2770 1836 nostris,
2790 1776 2848 1823 ut
2870 1767 3012 1838 quod
3040 1764 3367 1836 professione
3389 1766 3745 1834 celebramus,

491 1858 661 1921 Deus,
706 1864 763 1908 ut
803 1854 959 1921 hujus
997 1849 1261 1920 paschalis
1299 1847 1557 1903 festivatis
1598 1846 1840 1902 mirabile
1874 1860 2057 1901 sacra-
2088 1853 2137 1914 Β
2164 1862 2429 1919 imitemur
2454 1862 2665 1917 επρειυ,
2697 1862 2819 1917 ρει.⁵

491 1961 750 2013 mentum,
804 1957 857 2002 et
906 1944 1248 2015 temporalem
1297 1941 1449 1998 nobis
1493 1941 1924 2011 tranquillitatem
1965 1938 2062 1994 tri-

491 2040 637 2107 buat,
671 2048 722 2095 et
744 2039 903 2093 vitam
928 2036 1167 2092 conferat
1195 2036 1589 2103 sempiternam.
1619 2032 1742 2087 Per.

561 2132 640 2184 Ad
665 2132 848 2198 fontes.
883 2155 953 2168 —-
980 2126 1139 2190 Deus,
1171 2125 1257 2194 qui
1290 2139 1388 2178 nos
1416 2138 1511 2192 per
1534 2121 1800 2191 paschalia
1822 2118 1956 2177 festa
1978 2119 2070 2175 lae-

492 2226 684 2290 tiﬁcas,
720 2224 955 2277 concede
986 2219 1244 2289 propitius
1276 2226 1331 2270 ut
1360 2232 1420 2271 ea
1467 2232 1585 2285 quae
1626 2216 1816 2270 dev0te
1845 2216 2067 2285 agimus,

493 2325 545 2371 te
570 2316 874 2384 adjuvante,
900 2313 1125 2367 ﬁdeliter
1151 2319 1445 2364 teneamus.
1478 2308 1596 2362 Per.

561 2407 788 2460 Atia.-.-
816 2403 1028 2468 Tribue,
1063 2415 1385 2472 quaesumus,
1426 2399 1759 2468 omnipotens
1807 2397 1966 2467 Deus,
2013 2407 2070 2453 ut

494 2498 616 2555 illuc
649 2497 829 2552 tendat
853 2494 1167 2549 Christianae
1191 2491 1485 2547 devotionis
1505 2492 1747 2557 allectus,
1770 2505 1874 2560 quo
1896 2500 2067 2546 tecum

493 2603 576 2647 est
602 2605 778 2646 nosrra
811 2588 1123 2645 substantia.
1148 2586 1249 2642 Per
1278 2586 1546 2641 eumdem.

1008 2681 1035 2720 ι)
1063 2697 1219 2736 FERIA
1249 2696 1281 2734 v
1301 2696 1350 2734 IN
1384 2693 1549 2733 ALDIS.

565 2778 725 2841 Deus,
749 2775 843 2845 qui
868 2773 1229 2829 diversitatem
1261 2771 1494 2840 gentium
1536 2770 1586 2822 in
1624 2768 1954 2822 confessrone
2001 2771 2073 2822 tui

494 2870 726 2926 nominis
756 2869 862 2940 79
887 2866 1150 2929 adunasti,
1184 2865 1249 2920 da
1288 2872 1346 2919 ut
1372 2861 1573 2918 renatis
1612 2861 1755 2915 fonte
1782 2862 2073 2929 baptisma-

496 2964 580 3027 tis,
617 2978 718 3016 una
748 2963 818 3015 sit
849 2960 979 3014 fides
1011 2957 1287 3023 mentium,
1322 2966 1388 3027 et
1418 2954 1586 3023 pietas
1630 2953 1916 3006 actionum.
1949 2952 2071 3006 Per.

568 3054 734 3123 Super
777 3052 965 3105 oblata.
1013 3080 1084 3092 —
1112 3049 1331 3116 Suscipe
1360 3025 1392 3112 ,.
1427 3061 1729 3115 qutcsumus
1755 3087 1770 3111 ,
1815 3045 2072 3110 Domine,

499 3160 720 3202 munera
749 3145 1059 3213 populorum
1091 3153 1298 3197 tuorum
1329 3140 1586 3210 prOpitius
1611 3180 1624 3203 ,
1656 3148 1715 3193 ut
1742 3138 2076 3194 confessione

2248 1959 2415 2026 Super
2441 1957 2629 2011 oblata.
2656 1984 2726 1998 ——
2754 1955 2983 2021 Hostias,
3014 1967 3338 2023 quaesumus,
3370 1953 3611 2018 Domine,
3636 1948 3749 2021 pla-

2169 2059 2321 2104 catus
2350 2062 2583 2115 assume,
2614 2061 2747 2116 quas
2775 2055 2829 2101 et
2860 2061 2956 2115 pro
2985 2054 3291 2101 renatorum
3322 2044 3624 2115 expiatione
3647 2043 3747 2098 de-

2171 2139 2414 2205 ferimus,
2443 2147 2497 2194 et
2524 2154 2617 2207 pro
2641 2139 3027 2193 acceleratione
3054 2139 3287 2193 caelestis
3317 2136 3516 2191 auxilii.
3548 2135 3671 2191 Per.

2240 2230 2351 2300 8ο
2394 2228 2660 2299 Praefatio.
2716 2259 2779 2269 -—
2832 2227 2969 2283 Vere
3018 2218 3231 2295 dignum
3284 2235 3337 2281 et
3379 2226 3579 2294 justum
3631 2232 3746 2290 est,

2175 2334 2383 2389 aequum
2411 2328 2465 2375 et
2495 2320 2747 2385 salutare,
2776 2333 2873 2374 nos
2902 2319 2992 2373 tibi
3015 2333 3225 2387 semper
3254 2326 3308 2373 et
3332 2317 3525 2386 ubique
3545 2316 3749 2386 gratias

2174 2426 2366 2479 agere,
2424 2411 2647 2465 Domine
2702 2420 2906 2476 sancte,
2958 2410 3114 2464 Pater
3152 2409 3509 2478 omnipotens,
3553 2418 3752 2464 mterne

2173 2502 2334 2567 Deus,
2368 2515 2461 2570 per
2489 2502 2756 2556 Christum
2786 2500 3066 2557 Dominum
3113 2509 3389 2555 nostrum:
3417 2501 3540 2571 qui,
3573 2516 3753 2556 secun-

2175 2595 2300 2648 dum
2328 2593 2697 2661 promissionis
2741 2608 2851 2648 suae
2908 2595 3395 2650 incommutabilem
3453 2595 3749 2660 veritatem,

2176 2666 2412 2741 caelestis
2442 2684 2677 2755 pontifex
2716 2686 2884 2739 factus
2910 2685 2961 2739 in
2991 2696 3267 2751 aeternum,
3299 2684 3449 2758 (549)
3477 2686 3619 2740 solus
3640 2700 3753 2739 om-

2182 2778 2325 2831 nium
2357 2776 2692 2831 sacerdotum
2727 2775 2930 2843 peccati
2965 2774 3281 2830 remissione
3327 2791 3433 2830 non
3460 2776 3624 2845 eguit,
3657 2774 3754 2829 sed

2184 2867 2332 2939 (350)
2366 2867 2542 2937 potius
2570 2876 2842 2936 peccatum
2872 2867 3053 2922 mundi
3086 2866 3224 2923 idem
3252 2883 3409 2925 verus
3439 2867 3621 2935 Agnus
3665 2867 3754 2923 ab-

2182 2960 2381 3015 stersit.
2417 2959 2518 3013 Per
2544 2974 2724 3027 quem.

2254 3051 2328 3105 Te
2350 3052 2524 3120 igitur,
2553 3051 2682 3104 sicut
2702 3051 2756 3103 in
2790 3048 2995 3104 Pascha

2260 3142 2278 3181 τ
2312 3143 2624 3198 Benedictio.
2652 3174 2720 3184 —
2752 3144 3037 3199 Benedicat
3086 3158 3185 3199 vos
3217 3143 3285 3199 de
3318 3142 3466 3199 caelis
3512 3145 3755 3213 omnipo-

499 3242 575 3296 tui
620 3238 870 3301 nominis,
928 3246 982 3292 et
1019 3236 1336 3305 baptismate
1386 3234 1645 3298 renovati,
1700 3229 2153 3316 scmpiternam'c
2184 3249 2302 3295 iens
2327 3239 2495 3305 Deus,
2529 3239 2619 3306 qui
2664 3253 2757 3307 per
2795 3252 3006 3292 crucem
3051 3246 3105 3292 ct
3145 3237 3452 3307 sanguinem
3497 3237 3757 3307 passionis

500 3331 879 3388 beatitudinem
906 3337 1321 3399 consequantur.
1352 3325 1455 3380 Per
1484 3324 1764 3379 Dominum
1808 3334 2069 3378 nostrum.

571 3422 837 3491 Prtefatio.
868 3452 935 3461 —
966 3421 1103 3476 Vere
1126 3420 1340 3488 dignum
1389 3427 1445 3473 et
1493 3416 1693 3486 justum
1737 3424 1835 3481 est,
1867 3432 2074 3485 :rquum

499 3522 553 3571 et
581 3514 830 3579 salutare,
858 3528 957 3569 nos
988 3512 1080 3567 tibi
1106 3527 1318 3581 semper
1352 3520 1408 3567 et
1451 3512 1643 3581 ubique
1670 3519 1865 3580 gratias
1894 3525 2071 3579 agere,

500 3608 723 3664 Domine
754 3616 955 3672 sancte,
982 3606 1136 3660 Pater
1166 3605 1524 3673 omnipotens,
1559 3612 1755 3657 arterne
1788 3602 1928 3657 Deus
1950 3622 1962 3655 ε
1987 3604 2076 3657 oui

500 3716 598 3757 nos
627 3715 721 3769 per
770 3700 1019 3769 paschale
1049 3706 1355 3769 mysterium
1388 3698 1567 3751 docuit
1596 3704 1908 3751 vetu~latcm
1958 3695 2079 3759 vitae

500 3792 826 3861 relinquere,
877 3802 930 3847 et
978 3792 1029 3846 in
1078 3793 1309 3846 novitate
1356 3790 1572 3857 spiritus
1604 3789 1943 3852 ambulare,a
1976 3806 2079 3857 quo

502 3897 767 3957 perpetuas
797 3889 983 3943 mortis
1006 3896 1283 3957 superatur
1310 3885 1589 3947 acerbitas,
1621 3892 1675 3939 et
1701 3895 1916 3939 acterna:
1959 3883 2078 3936 vitro

501 3978 749 4033 ﬁdelibus
775 3978 1018 4034 tribuitur
1052 3978 1344 4047 integritas.
1385 3977 1483 4032 Per
1511 3991 1668 4045 quem
1712 3975 2062 4042 Maiestatem.

570 4069 646 4123 Te
674 4069 851 4135 igitur,
876 4070 1005 4122 sicut
1030 4069 1085 4121 in
1116 4068 1340 4123 Pascha.

580 4171 601 4199 ε
635 4159 950 4215 Benedictio.
976 4189 1044 4199 —
1071 4158 1461 4227 Omnipotentis
1484 4156 1578 4212 Dei
1603 4166 1657 4211 et
1679 4154 1886 4208 Domini
1910 4152 2079 4208 nostri

507 4251 962 4309 benedictionibus
985 4250 1315 4318 repleamini,
1342 4250 1493 4317 cujus
1522 4250 1649 4303 estis
1676 4249 1932 4317 sanguine
1963 4261 2083 4314 pre-

506 4346 646 4400 tioso
675 4341 953 4411 redempti.
997 4341 1186 4395 Amen.
1223 4339 1348 4408 Ejus
1380 4354 1473 4392 vos
1524 4339 1833 4393 indeﬁciens
1883 4338 2083 4405 repleat

506 4437 694 4507 gratia,
721 4434 869 4501 cujus
902 4430 1182 4487 inchabilis
1235 4427 1510 4499 plasmavit
1559 4430 1811 4497 potentia,
1840 4426 1989 4497 (547)
2029 4435 2085 4482 et

505 4529 591 4599 qui
614 4526 763 4581 vobis
789 4525 839 4579 in
873 4526 971 4577 hoc
992 4522 1190 4577 mundo
1214 4520 1456 4591 praestitit
1481 4518 1835 4574 conditionem
1859 4533 2084 4573 nascen-

2185 3348 2293 3387 sute
2318 3346 2412 3385 vos
2440 3331 2683 3401 dignatus
2710 3339 2792 3386 est
2838 3330 3102 3385 redimere
3140 3329 3192 3383 in
3225 3331 3396 3383 terris.
3423 3329 3609 3383 Amen.
3644 3329 3756 3397 Ipse

2180 3439 2278 3478 vos
2318 3432 2540 3478 renovet
2568 3438 2598 3476 a
2620 3430 2882 3477 vetustate
2906 3422 3129 3490 peccati,
3157 3423 3243 3491 qui
3280 3438 3373 3490 pro
3399 3422 3546 3476 vobis
3575 3421 3756 3487 digna-

2188 3526 2273 3572 tus
2302 3527 2385 3573 est
2416 3515 2676 3583 crucifigi,
2704 3530 2903 3584 vosque
2931 3515 2995 3569 ad
3024 3514 3263 3569 coelesua
3288 3515 3525 3577 suscitet,
3551 3513 3637 3583 qui
3664 3527 3757 3581 pro

2184 3610 2336 3665 vobis
2369 3609 2565 3664 inferos
2594 3608 2907 3677 penetravit.
2954 3611 3144 3661 Amen.
3176 3606 3351 3660 Vitam
3391 3619 3537 3660 suam
3583 3604 3758 3658 Domi-

2182 3714 2281 3755 nus
2309 3700 2457 3754 vobis
2487 3699 2701 3763 tribuat,
2736 3699 2821 3766 qui
2874 3705 3099 3752 mortem
3146 3704 3374 3751 vestram
3424 3697 3671 3767 suscepit,
3704 3708 3758 3752 et

2183 3792 2433 3862 perdidit.
2466 3794 2656 3844 Amen.
2690 3789 2842 3854 Quod
2876 3791 2988 3858 ipse
3017 3797 3295 3858 praestare.

2252 3884 2332 3936 Ad
2371 3880 2760 3948 Complendum.
2788 3910 2858 3920 —
2887 3881 3131 3949 Respice,
3162 3893 3487 3951 quaesumus,
3516 3878 3757 3945 Domine,

2181 3973 2431 4043 populum
2462 3982 2628 4037 tuum,
2661 3952 2900 4041 et‘quem
2928 3972 3143 4026 aeternis
3173 3973 3421 4041 dignattts
3442 3984 3501 4027 es
3531 3986 3758 4026 renova-

2181 4080 2239 4118 re
2268 4065 2558 4132 mysteriis,
2580 4077 2607 4116 a
2631 4063 3013 4131 temporalibus
3034 4063 3203 4133 culpis
3225 4064 3503 4133 dignanter
3522 4064 3756 4121 absolve.

2182 4157 2282 4211 Per
2312 4156 2593 4211 Dominum
2628 4164 2886 4211 nostrum.

2257 4253 2331 4304 Ad
2366 4249 2628 4322 Vssperos.
2654 4280 2725 4291 —-
2756 4250 2917 4316 Deus,
2949 4264 3045 4319 per
3069 4264 3222 4319 quem
3274 4249 3426 4306 nobis
3470 4258 3524 4305 et
3553 4248 3757 4304 redem-

2183 4344 2294 4413 ptio
2322 4343 2467 4398 venit
2497 4352 2551 4399 et
2574 4350 2853 4411 praestatur
2877 4341 3113 4412 adoptio,
3148 4343 3354 4410 respice
3395 4344 3447 4396 in
3474 4356 3634 4410 opera
3660 4343 3758 4396 ini-

2183 4435 2485 4490 sericordiaz
2512 4443 2635 4503 tuas,
2662 4444 2720 4488 ut
2760 4434 2812 4489 in
2841 4432 3057 4509 Christo
3103 4434 3305 4488 renatis
3344 4441 3395 4488 et
3422 4441 3618 4487 (eterna
3666 4432 3757 4486 tri-

2186 4525 2376 4581 buatur
2398 4527 2679 4581 haereditas
2701 4534 2754 4580 et
2783 4533 2910 4581 vera
2938 4525 3177 4581 libertas.
3212 4524 3312 4580 Per
3347 4525 3608 4580 eumdem.

507 4620 579 4685 di,
607 4619 719 4687 ipse
744 4618 794 4671 in
819 4630 981 4685 regno
1003 4623 1204 4670 aeterno
1235 4613 1430 4667 tribuat
1458 4611 1786 4666 mansionem
1815 4612 1931 4667 sine
1974 4612 2081 4665 fine
2105 4642 2160 4703 Β
2255 4620 2334 4671 Ad
2362 4619 2545 4688 fontes.
2575 4647 2646 4658 —
2672 4618 2889 4681 Adesto,
2924 4631 3248 4687 quaesumus,
3284 4617 3522 4683 Domine,
3548 4616 3758 4671 familia:

506 4710 735 4765 vivendi.
764 4712 950 4763 Amen.
975 4706 1124 4773 Quod
1155 4707 1267 4775 ipse
1302 4712 1553 4774 praestare
1600 4704 1866 4772 dignetur.

576 4803 657 4856 Ad
686 4799 1069 4869 Complendum.
1100 4828 1172 4839 —
1199 4796 1435 4862 Exaudi,
1488 4796 1729 4859 Domine,
1760 4807 1943 4864 preces
1987 4807 2083 4845 no-

507 4902 665 4955 stras,
697 4898 753 4945 ut
778 4888 1161 4957 redemptionis
1207 4895 1400 4941 nostra:
1448 4894 1787 4942 sacrosancta
1817 4898 2081 4938 commer-

507 4984 611 5047 cia,
637 4982 831 5038 etvitm
860 4981 1014 5035 nobis
1056 4978 1334 5034 conferant
1374 4976 1651 5045 praesentis
1708 4973 1983 5038 auxilium,
2028 4980 2082 5027 et

504 5078 697 5151 gaudia
723 5076 1043 5146 sempiterna
1073 5072 1370 5128 concilient.
1403 5071 1521 5125 Per.

578 5229 603 5257 α
644 5213 1073 5272 Benedictionale
1110 5211 1377 5266 laudatum
1408 5208 1546 5262 hanc
1590 5205 1791 5260 Bened.
1837 5216 1941 5256 non
1982 5215 2076 5256 ex-

507 5290 878 5414 lullle{inanimi
902 5367 1161 5408 consensu
1192 5352 1445 5405 librorum
1475 5355 1810 5410 nostrorum,
1844 5353 1948 5397 tam
1984 5357 2076 5396 ex-

510 5443 759 5485 cusorum
790 5439 947 5495 quam
980 5439 1137 5479 manu
1168 5432 1529 5483 exaratorum,
1580 5417 1878 5487 assignatur
1920 5414 2079 5467 statio

508 5502 573 5554 ad
597 5500 878 5554 Anostolos.

582 5586 601 5609 ε
637 5555 800 5638 ilujus
854 5566 1051 5622 Bened.
1102 5578 1171 5619 ne
1217 5562 1432 5632 quidem
1484 5555 1919 5614 Benedictionale
1961 5570 2077 5611 me-

508 5656 614 5744 ¹¹¹¹ἷι¹
622 5649 866 5763 1διηίιιυι·
894 5708 961 5760 (ιά
985 5711 1147 5776 fontes
1170 5704 1221 5758 in
1243 5703 1341 5776 Ed.
1374 5699 1575 5776 _Vatic._
1600 5696 1968 5776 etMGussanvill.

584 5789 608 5817 ο
644 5777 746 5832 Pro
778 5764 1007 5833 Statione
1035 5778 1224 5847 legitur
1276 5774 1328 5828 in
1374 5769 1598 5826 Kalend.
1648 5770 1800 5824 Rom.
1843 5768 1893 5821 in
1945 5764 2078 5821 Cod.

2190 4720 2318 4777 tute,
2345 4718 2395 4766 et
2418 4710 2696 4777 dignanter
2725 4708 2993 4778 impende,
3046 4710 3101 4762 ut
3139 4708 3332 4778 quibus
3382 4707 3499 4762 fidei
3530 4709 3755 4777 gratiam

2189 4804 2484 4869 contulisti,
2513 4811 2567 4858 et
2596 4817 2850 4859 coronam
2879 4801 3121 4873 largiaris
3148 4811 3424 4857 aeternam.
3458 4802 3558 4857 Per
3578 4800 3757 4856 Domi-

2191 4914 2316 4955 num
2337 4907 2595 4951 nostrum.

2680 4975 2704 5013 8
2752 4977 2983 5020 εΑΒΒΑτο
3018 4978 3071 5018 ΙΝ
3106 4977 3272 5020 ΑιΒιε.

2259 5060 2522 5127 Concede,
2546 5073 2871 5129 quaesumus,
2902 5058 3239 5125 omnipotens
3268 5056 3409 5113 Deus
3431 5096 3445 5121 ,
3482 5062 3541 5111 ut
3563 5055 3649 5124 qui
3679 5053 3759 5111 fe-

2184 5201 2409 5265 Pamel.,
2442 5206 2544 5252 etc.
2583 5214 2595 5248 :
2626 5195 2705 5248 Ad
2732 5202 2956 5249 sanctam
2984 5190 3205 5265 Mariam
3224 5189 3291 5242 ad
3330 5187 3605 5265 Martyres.

2260 5268 2280 5308 τ
2318 5273 2370 5323 In
2396 5260 2563 5322 nullis
2593 5266 2845 5320 librorum
2879 5271 3047 5318 nostr.
3074 5263 3187 5315 haec
3217 5260 3467 5314 occurrit.

2256 5351 2281 5387 κ
2310 5340 2413 5393 Pro
2444 5338 2668 5392 statione
2692 5337 2741 5388 in
2785 5334 2879 5387 Ed.
2907 5332 3103 5387 Pamel.
3145 5332 3331 5399 legitur
3362 5347 3374 5381 :
3405 5331 3484 5383 Ad
3526 5336 3758 5399 sanctum

2182 5413 2432 5465 Joannem
2459 5411 2511 5461 in
2541 5405 2820 5460 Lateram's.
2846 5405 3007 5457 Abest
3034 5404 3087 5455 in
3114 5397 3381 5455 Laterani;
3407 5414 3437 5453 a
3462 5400 3591 5453 Cod.
3622 5397 3757 5469 Reg.

2185 5484 2343 5539 Suec.
2375 5488 2427 5534 et
2452 5479 2517 5531 ab
2538 5485 2762 5542 utroque
2789 5474 3049 5527 Theoder.
3076 5470 3618 5542 Kalendarintnllom.
3655 5481 3743 5524 tan

2184 5562 2295 5607 tum
2326 5551 2483 5604 habet
2508 5548 2573 5599 ad
2597 5540 2877 5599 Latcram's.
2910 5544 2964 5598 lu
2988 5544 3138 5596 titulo
3165 5542 3309 5596 hom.
3336 5541 3425 5606 226,
3455 5541 3505 5594 in
3529 5540 3755 5609 Evang.,

2187 5624 2315 5679 Cum
2341 5637 2450 5676 sero
2472 5627 2626 5683 esset,
2648 5624 2777 5678 ctc.,
2810 5614 2946 5684 quod
2980 5613 3135 5667 hodie
3155 5612 3344 5683 legitur
3360 5613 3508 5677 juxta
3530 5611 3755 5684 Kalend.

2189 5694 2372 5758 Rom.,
2406 5692 2569 5744 babes
2614 5681 2841 5758 quoque
2881 5685 3070 5758 iactant
3098 5681 3229 5739 esse
3266 5686 3316 5738 in
3377 5684 3529 5737 basil.
3584 5681 3756 5740 sancti

2189 5765 2340 5820 Joan.
2361 5754 2493 5832 quae
2521 5754 2713 5815 dicitur
2742 5754 3195 5813 Constantiniana.
