4064 6350
288 415 351 483 97
1480 405 1683 468 uera
1725 402 2353 468 sacnanenroaun.
3491 360 3562 447 98

284 546 359 591 sta
383 531 653 606 paschalia
683 526 988 588 venerando
1021 526 1250 598 egimus,
1298 539 1394 596 per
1413 523 1530 580 haec
1559 524 1871 595 contingere
1898 533 1949 590 Α
1978 525 2288 573 sanctorum
2341 510 2571 571 coetibus
2622 509 2816 567 ascisci
2870 508 3114 565 valeatis.
3169 504 3362 563 Amen.
3410 505 3563 574 Quod

278 627 340 682 ad
367 625 562 698 gaudia
585 633 787 681 aeterna
808 636 1130 679 mereamur.
1180 620 1304 675 Per.

210 754 213 791 ί
346 721 525 789 Super
571 716 768 773 ob'lata.
819 746 888 756 —-
932 712 1199 780 Concede,
1250 727 1577 782 quaesumus,
1627 710 1871 780 Domine,

272 826 490 881 semper
520 824 619 865 nos
647 824 744 879 per
773 808 887 863 lnec
929 805 1180 877 mysteria
1217 803 1493 874 paschalia
1517 804 1793 873 gratulari,
1821 811 1878 859 ut

271 904 531 958 continua
560 910 758 955 nostrae
788 898 1141 967 reparationis
1187 896 1428 966 operatio
1478 906 1749 965 perpetuae
1781 909 1877 952 no-

272 995 351 1046 bis
388 994 480 1045 ﬁat
501 1004 661 1045 causa
694 990 912 1044 laztitiae.
946 988 1068 1043 Per.

343 1082 625 1151 Prwfatio.
656 1108 728 1119 —
760 1080 899 1136 Vere
926 1080 1145 1149 dignum
1199 1089 1253 1135 et
1294 1080 1499 1149 justum
1529 1090 1629 1146 est,
1663 1093 1876 1155 mquum

269 1185 325 1228 ct
358 1176 625 1242 salutare,
648 1190 745 1230 nos
777 1174 871 1229 tibi
902 1189 1115 1243 semper
1144 1183 1199 1227 et
1223 1173 1422 1243 ubique
1451 1182 1648 1243 gratias
1692 1187 1873 1241 agere,

276 1267 511 1322 Domine
532 1275 736 1332 sancte,
761 1267 920 1321 Pater
942 1266 1304 1336 omnipotens,
1336 1274 1536 1320 aeterne
1570 1266 1706 1320 Deus
1736 1281 1749 1318 :
1785 1280 1880 1332 per

270 1375 435 1429 quem
468 1360 740 1429 supplices
770 1358 1133 1428 exposcimus,
1165 1370 1221 1413 ut
1251 1359 1401 1429 cujus
1426 1357 1665 1413 muneris
1690 1359 1879 1427 pignus

270 1454 612 1521 accepimus,
638 1452 917 1507 manifesta
940 1454 1080 1509 dona
1101 1452 1559 1521 comprehendere
1579 1453 1877 1506 valeamus.

271 1544 341 1598 Et
374 1559 497 1613 quae
556 1543 711 1598 nobis
766 1543 994 1598 ﬁdeliter
1041 1543 1308 1613 speranda
1355 1543 1602 1612 paschale
1655 1542 1883 1597 contulit

272 1644 731 1700 sacramentum,
780 1651 875 1703 per
936 1635 1367 1691 Resurrectionis
1427 1634 1543 1704 ejus
1620 1636 1882 1706 attingere

283 1744 592 1785 mereamur
622 1727 891 1783 ineﬁ‘abile
920 1730 1255 1798 mysterium.
1289 1727 1392 1783 Per
1416 1742 1595 1798 quem.

352 1822 431 1877 Te
452 1822 635 1891 igitur,
666 1824 797 1875 sicut
818 1823 870 1876 in
899 1820 1127 1876 Pascha.

349 1915 666 1970 Benedictio.

343 2008 456 2078 31
482 2008 563 2060 Ad
586 2007 975 2078 Complendum.
998 2035 1071 2049 —
1098 2006 1505 2076 Rcdemptionis
1538 2014 1736 2062 nostrze
1758 2022 1875 2061 mu-

274 2116 413 2156 nere
437 2102 693 2171 vegetati,
726 2116 1055 2171 quaesumus,
1094 2102 1336 2169 Domine,
1370 2111 1430 2157 ut
1471 2104 1571 2157 hoc
1605 2110 1877 2170 perpetuae

276 2192 473 2246 salutis
524 2193 773 2247 auxilium
827 2193 962 2248 ﬁdes
1002 2208 1232 2264 semper,
1260 2208 1388 2249 vera
1419 2194 1576 2263 (551)
1608 2195 1877 2264 perﬁciat.

356 2284 443 2336 Ad
504 2282 1039 2354 Vesperoa.—Deus,
1083 2286 1247 2341 tutius
1293 2288 1539 2343 conditor
1586 2296 1874 2352 creatum,

273 2378 516 2433 famulos
584 2388 737 2447 tuos,
787 2393 923 2450 quos
977 2384 1126 2436 lonte
1165 2382 1436 2435 reuovasti
1502 2382 1875 2450 baptismatis,

272 2486 527 2542 quosque
552 2473 739 2543 gratiae
771 2483 875 2527 tua;
898 2473 1234 2542 plenitudine
1256 2474 1521 2539 solidasti,
1556 2475 1608 2529 in
1641 2475 1879 2543 adoptio-

270 2567 356 2618 nis
405 2572 563 2618 sorte
614 2563 779 2619 facias
826 2564 1114 2636 dignanter
1170 2566 1390 2623 ascribi.
1442 2566 1544 2622 Per
1592 2567 1873 2621 Dominum

272 2668 544 2713 nostrum.

348 2751 430 2803 Ad
487 2753 680 2822 fontes.
711 2780 783 2791 —
822 2758 1003 2819 Deus,
1064 2753 1156 2822 qui
1212 2752 1530 2824 multiplicas
1575 2752 1875 2807 Ecclesiam

280 2853 428 2898 tuam
460 2845 514 2899 in
547 2844 739 2901 sobole
769 2849 1192 2916 renascentium,
1226 2847 1308 2902 fac
1338 2863 1457 2902 eam
1485 2850 1719 2917 gaudere
1755 2860 1880 2915 pro-

276 2937 444 3007 pitius
463 2938 535 2995 de
562 2954 787 2996 suorum
817 2940 1140 3010 profectibus
1170 2941 1422 2997 ﬁliorum.
1458 2940 1561 2997 Per
1593 2940 1875 2997 Dominum

276 3039 527 3088 nostrum
538 3070 553 3085 .

565 3141 721 3214 (⁸552)
752 3158 1003 3200 υοιιικιελ
1042 3158 1283 3201 ocravas
1306 3152 1330 3182 ⁸
1359 3160 1597 3203 pascuus.

343 3257 582 3323 Prmsta,
612 3274 942 3330 quaesumus,
973 3261 1315 3330 omnipotens
1352 3261 1516 3326 Deus,
1564 3268 1623 3315 ut
1655 3261 1744 3331 qui
1786 3276 1876 3329 pa-

1982 611 2098 680 ipse
2121 616 2397 677 pricstare.

2052 701 2131 753 Ad
2180 698 2573 768 Comptendum.
2616 696 3083 767 —-Qu:csumus,
3137 692 3367 746 Domine
3425 689 3565 744 Deus

1979 804 2185 860 noster,
2222 802 2278 847 ut
2310 801 2649 848 sacrosancta
2684 789 2962 861 mysteria,
2998 802 3118 857 qua:
3147 800 3245 854 pro
3274 784 3568 852 reparatio-

1980 889 2066 943 nis
2112 896 2312 941 nostrae
2367 885 2663 940 munimine
2696 880 2994 945 contulisti,
3037 889 3091 934 et
3130 890 3368 948 praesens
3411 872 3567 930 nobis

1980 979 2277 1035 remedium
2308 993 2431 1033 esse
2458 977 2623 1031 facias
2650 986 2703 1031 et
2728 975 2984 1029 futurum.
3012 970 3138 1025 Per.

2054 1072 2190 1125 Alia.
2220 1101 2283 1110 —
2309 1071 2467 1136 Deus,
2495 1069 2583 1136 qui
2615 1083 2712 1122 nos
2744 1066 2919 1123 iecisti
2945 1064 3204 1119 hodierna
3228 1061 3315 1115 die
3341 1057 3567 1127 pascha-

1981 1163 2052 1218 lia
2105 1163 2238 1218 festa
2282 1162 2579 1225 celebrare,
2612 1158 2697 1214 fac
2741 1174 2857 1223 nos,
2899 1168 3228 1229 quaasumus,
3277 1154 3331 1207 in
3362 1146 3568 1206 cailesti

1982 1270 2147 1325 regno
2178 1254 2428 1325 gaudere.
2462 1254 2581 1306 l’er.
3599 1244 3607 1251 '

2054 1348 2134 1400 Ad
2177 1346 2443 1415 γαμέει-οε.
2475 1374 2545 1384 -
2577 1344 2738 1409 Deus,
2772 1343 2863 1411 qui
2906 1355 3004 1396 nos
3031 1336 3422 1396 exsultantibus
3452 1332 3569 1392 ani-

1985 1441 2086 1495 mis
2120 1439 2324 1494 Pascha
2363 1450 2509 1493 tuunt
2541 1439 2651 1507 82
2691 1437 2966 1490 celebrare
3014 1431 3270 1495 tribuisti,
3320 1429 3400 1481 fac
3449 1438 3567 1492 nos,

1983 1547 2326 1603 quaesumus,
2367 1541 2420 1586 ct
2468 1528 2851 1599 temporalibus
2900 1526 3135 1596 gaudere
3178 1520 3463 1584 subsidiis,
3516 1525 3573 1571 et

1983 1626 2301 1682 aeternitatis
2340 1623 2622 1679 aﬁcCLibus
2663 1621 2939 1691 gratulari.
2993 1620 3093 1673 l’er
3135 1616 3423 1670 Dominum
3471 1626 3572 1666 no-

1984 1724 2178 1772 strum.

2253 1815 2405 1878 (05b)
2430 1821 2570 1862 itle
2599 1814 2621 1844 α
2652 1816 2945 1859 ORATIONES
2974 1813 3290 1855 rasuram-:5.

2071 1900 2236 1969 Deus,
2270 1900 2358 1968 qui
2391 1900 2669 1953 credentes
2709 1896 2763 1949 in
2798 1904 2849 1949 te
2877 1893 3025 1948 fonte
3057 1887 3389 1959 baptismatis
3423 1888 3576 1940 inno-

1986 1995 2145 2061 vasti,
2181 1995 2316 2047 hanc
2344 1992 2544 2047 renatis
2575 1992 2627 2045 in
2656 1988 2871 2044 Christo
2902 1985 3136 2041 concede
3166 1980 3482 2057 custodiam,
3520 1985 3577 2032 ut

1981 2086 2127 2143 nullo
2148 2086 2349 2141 erroris
2373 2086 2590 2139 incursu
2618 2082 2846 2153 gratiam
2877 2090 2980 2135 tute
3006 2076 3393 2135 benedictionis
3419 2073 3577 2128 amit-

1984 2188 2116 2234 tant.
2152 2178 2252 2233 Per
2279 2177 2552 2233 eumdem.

2055 2270 2479 2334 Alia.-—Deus,
2511 2269 2603 2339 qui
2652 2268 2718 2321 ad
2770 2276 3022 2322 aeternam
3072 2265 3233 2321 vitam
3277 2264 3327 2316 in
3383 2257 3577 2316 Chriin

1981 2362 2398 2419 Resurrcctione
2425 2375 2525 2415 nos
2573 2373 2815 2430 reparas,
2847 2359 2992 2427 erige
3041 2370 3140 2411 nos
3178 2358 3246 2408 ad
3276 2351 3575 2408 conseden-

1983 2466 2089 2511 tem
2121 2457 2173 2509 in
2213 2454 2429 2508 dextera
2474 2463 2562 2506 tua
2610 2460 2809 2505 nostra:
2837 2448 3023 2503 salutis
3054 2457 3352 2511 auctorem,
3390 2454 3444 2496 ut
3475 2441 3567 2511 qui

1982 2557 2204 2618 propter
2234 2562 2333 2601 nos
2362 2544 2682 2615 judicandus
2719 2542 2953 2606 advenit,
2986 2554 3083 2609 pro
3122 2538 3276 2593 nobis
3299 2537 3571 2606 judicatu-

1981 2654 2074 2694 rus
2106 2638 2356 2693 adveniat
2384 2637 2537 2693 Jesus
2568 2636 2813 2691 Christus
2845 2633 3011 2688 Filius
3035 2642 3157 2688 tuus
3184 2630 3443 2686 Dominus
3474 2641 3576 2683 no-

1982 2743 2114 2789 ster.
2142 2732 2243 2800 Qui
2274 2744 2446 2787 tecum
2482 2732 2613 2785 vivit
2636 2739 2689 2783 ct
2717 2735 2925 2799 regnat.

2056 2823 2195 2876 Alia.
2222 2849 2292 2862 -ι
2313 2822 2455 2877 Deus
2482 2830 2535 2875 et
2583 2829 2860 2889 reparator
2893 2817 3213 2871 innocentiae
3243 2823 3297 2869 et
3342 2820 3573 2881 amator,

1982 2913 2153 2984 dirige
2181 2914 2247 2967 ad
2278 2922 2333 2967 te
2364 2925 2576 2967 tuorum
2605 2910 2767 2964 corda
2790 2922 3090 2973 servorum,
3121 2916 3177 2960 ut
3199 2904 3265 2959 de
3292 2902 3579 2957 inﬁdelita-

1986 3010 2057 3062 tis
2106 3006 2341 3061 tenebris
2391 3005 2626 3070 liberati,
2678 3015 2949 3072 nunquam
2980 3014 3010 3056 a
3041 3009 3146 3055 tua:
3189 2997 3428 3055 veritatis
3458 2996 3580 3055 luce

1983 3097 2283 3153 discedant.
2310 3097 2413 3151 Per
2443 3095 2748 3149 Dominum.

2055 3189 2198 3245 Alia.
2231 3220 2300 3230 —
2330 3189 2490 3254 Deus,
2536 3188 2625 3259 qui
2656 3189 2939 3243 credentes
2979 3186 3034 3241 in
3066 3195 3116 3241 te
3142 3185 3363 3255 populos
3390 3183 3576 3253 gratia:

1986 3292 2091 3337 tua:
2137 3273 2378 3351 largitate
2428 3279 2771 3349 multiplicas,
2825 3277 3034 3349 respice
3067 3277 3325 3348 prepilius
3368 3276 3432 3330 ad
3466 3277 3576 3331 ele-

279 3354 493 3407 schalia
529 3353 669 3407 testa
695 3354 1021 3425 peregimus,
1064 3354 1200 3420 haec,
1239 3363 1291 3409 te
1326 3353 1609 3423 largiente,
1640 3353 1878 3409 moribus

1989 3348 2241 3429 ctionein'
2263 3384 2433 3440 tuam,
2475 3348 2648 3440 utqui
2698 3348 3035 3425 sacramento
3083 3368 3420 3437 baptismatis
3452 3374 3578 3421 sunt

282 3454 337 3501 et
356 3446 467 3500 vita
492 3453 798 3500 teneamus.
830 3446 933 3501 Per
962 3446 1246 3501 Dominum
1282 3456 1546 3502 nostrum.

351 3536 533 3605 Super
568 3536 761 3591 oblata.
795 3566 865 3577 —
886 3537 1110 3608 Suscipe
1133 3552 1377 3605 munera,
1414 3552 1743 3608 quaasumus,
1779 3539 1879 3593 Do-

280 3635 449 3698 mine,
483 3631 812 3685 exsultantis
838 3630 1115 3697 Ecclesiae,
1148 3640 1202 3687 et
1228 3633 1313 3687 cui
1340 3646 1555 3687 causam
1590 3633 1722 3688 tanti
1761 3649 1885 3704 gau-

292 3721 363 3775 dii
390 3720 719 3791 prazstitisti,
755 3731 1070 3792 perpetuum
1102 3721 1333 3778 fructum
1378 3723 1615 3779 concede
1659 3724 1880 3780 laetitize.

351 3812 639 3885 Prcefatio.
664 3841 734 3853 —
760 3813 896 3869 Vere
936 3814 1156 3884 dignum
1195 3824 1250 3869 et
1274 3816 1479 3884 justum
1522 3826 1625 3883 est,
1672 3830 1883 3885 acquum

279 3913 334 3961 et
361 3904 611 3960 salutare
667 3919 767 3960 nos
795 3906 891 3960 tibi
920 3920 1134 3974 semper
1162 3916 1215 3962 et
1247 3908 1443 3977 ubique
1480 3908 1676 3976 gratias
1702 3924 1883 3976 agere,

281 4001 516 4057 Domine
567 4009 777 4067 sancte,
832 4000 990 4056 Pater
1038 4004 1401 4070 omnipotens,
1447 4010 1645 4057 mterne
1700 4002 1838 4057 Deus
1867 4042 1883 4070 ,

280 4102 333 4149 et
378 4104 433 4149 te
479 4091 799 4163 suppliciter
828 4094 1136 4161 obsecrare,
1198 4108 1267 4147 ne
1318 4107 1415 4147 nos
1454 4095 1521 4148 ad
1560 4094 1706 4147 illum
1739 4093 1887 4149 sinas

279 4188 467 4244 redire
516 4197 697 4243 actum
722 4187 808 4242 cui
856 4188 975 4257 jure
1025 4186 1330 4242 dominatur
1375 4186 1643 4251 inimicus,
1688 4188 1785 4243 sed
1834 4189 1887 4242 in

280 4278 381 4335 hac
423 4279 610 4349 potius
668 4278 832 4334 facias
878 4278 1212 4333 absolutione
1262 4278 1573 4347 persistere,
1604 4294 1887 4348 perquam

283 4373 534 4428 diabolus
582 4373 815 4437 exstitit,
866 4371 1002 4426 Filio
1047 4379 1140 4426 tuo
1184 4370 1456 4438 vincente,
1506 4373 1770 4441 captivus.
1822 4371 1890 4425 Et

282 4465 405 4523 ideo
428 4482 558 4523 cum
585 4465 807 4535 angelis.

357 4578 385 4617 ιι
418 4578 747 4634 Benedictio.
780 4606 851 4618 —
881 4578 1047 4646 Deus,
1078 4579 1236 4649 cujus
1263 4578 1583 4649 Unigenitus
1613 4578 1883 4647 discipulis

283 4675 397 4727 suis
425 4675 617 4742 januis
671 4674 870 4729 clausis
905 4674 1154 4743 dignatus
1199 4686 1282 4730 est
1334 4690 1614 4745 apparere,
1656 4691 1766 4730 suae
1794 4690 1891 4729 vos

1985 3464 2181 3533 renati,
2212 3464 2362 3535 regni
2401 3464 2636 3519 etelestis
2666 3472 2971 3517 mereantur
3004 3461 3305 3516 introitum.
3340 3460 3467 3514 Per.

2059 3556 2197 3609 Alia.
2230 3585 2300 3595 —
2328 3554 2678 3625 Omnipotens
2710 3555 3035 3624 sempiterne
3077 3551 3239 3615 Deus,
3270 3551 3357 3621 qui
3390 3550 3581 3605 burna-

1989 3663 2113 3703 nam
2145 3659 2392 3704 naturam
2421 3662 2582 3718 supra
2615 3647 2798 3716 prima:
2827 3646 3050 3716 originis
3093 3659 3309 3715 reparas
3350 3644 3583 3713 dignita-

1988 3749 2121 3807 tem,
2158 3742 2366 3811 respice
2392 3740 2605 3811 pictatis
2638 3750 2741 3793 tua:
2772 3740 3043 3794 ineﬁabile
3089 3745 3501 3803 sacramentum,
3528 3744 3585 3791 et

1990 3847 2124 3902 quos
2168 3834 2589 3901 regenerationis
2629 3832 2886 3902 mysterio
2936 3833 3195 3886 innovare
3226 3832 3469 3899 dignatus
3493 3845 3577 3894 es.

1992 3924 2049 3978 in
2102 3924 2184 3978 his
2225 3924 2363 3978 dona
2408 3934 2495 3979 tua
2536 3932 2808 3994 perpetua:
2853 3923 3040 3994 gratia:
3080 3924 3413 3993 protectione
3453 3937 3583 3979 con-

1992 4032 2168 4073 serva.
2201 4016 2323 4072 Per.

2066 4111 2207 4165 Alia.
2236 4140 2305 4150 ——
2326 4110 2675 4180 Omnipotens
2718 4111 3043 4179 sempiterne
3074 4109 3234 4176 Dcus,
3265 4108 3438 4164 deduc
3479 4122 3577 4165 nos

1995 4204 2061 4260 ad
2089 4206 2401 4261 societatem
2429 4205 2730 4259 cmlestium
2762 4202 3098 4273 gaudiorum,
3139 4213 3195 4257 ut
3221 4203 3420 4273 Spiritu
3447 4217 3576 4257 san-

1994 4306 2082 4353 cto
2112 4306 2329 4353 renatos
2369 4312 2591 4367 regnum
2625 4305 2770 4352 tuum
2817 4297 2981 4352 facias
3019 4297 3266 4361 introire,
3314 4304 3474 4365 atque
3513 4308 3581 4350 eo

1995 4390 2281 4461 perveniat
2326 4388 2600 4444 humilitas
2630 4390 2831 4460 gregis,
2876 4404 2983 4459 quo
3015 4389 3289 4458 prmccssit
3318 4386 3583 4444 celsitudo

1993 4481 2258 4538 Pastoris.
2283 4482 2382 4550 Qui
2412 4492 2587 4538 tecum
2609 4482 2760 4536 vivit.

2071 4575 2212 4630 Atia.
2242 4574 2492 4640 —Deus,
2541 4574 2633 4644 qui
2680 4589 2775 4641 pro
2815 4574 2987 4629 salute
3041 4574 3224 4629 mundi
3259 4572 3584 4629 sacriﬁcium

2002 4666 2255 4734 paschale
2294 4664 2491 4733 fecisti,
2519 4666 2807 4735 propitiare
2853 4665 3332 4735 supplicationibus
3364 4669 3588 4734 nostris,

288 4765 695 4821 benedictionis
740 4766 881 4820 dono
907 4767 1239 4838 locupletare
1272 4777 1327 4823 et
1367 4744 1603 4823 caelestis
1637 4768 1789 4822 vobis
1817 4781 1895 4823 re-
1922 4744 1975 4808 D
2001 4769 2055 4815 el
2102 4760 2447 4830 interpellans
2496 4774 2592 4829 pro
2641 4759 2796 4815 nobis
2842 4760 3081 4815 Pontifex
3123 4775 3394 4827 summUS,
3434 4758 3589 4831 (554)

281 4858 376 4925 gni
420 4857 621 4925 januas
649 4857 901 4927 dignetur
950 4859 1188 4926 aperire.
1242 4860 1436 4914 Amen.
1468 4859 1533 4913 Et
1558 4860 1649 4929 qui
1700 4859 1770 4913 ab
1795 4874 1891 4915 eo-

281 4964 405 5003 rum
442 4949 756 5018 pectoribus
795 4957 998 5004 attactu
1032 4949 1118 5005 sui
1148 4952 1395 5019 corporis
1424 4950 1621 5005 vulnus
1648 4961 1894 5020 amputa-

286 5043 369 5094 vit
395 5040 721 5105 dubietatis,
746 5040 1007 5097 concedat
1045 5051 1103 5095 ut
1131 5057 1225 5110 per
1248 5042 1407 5097 ﬁdem
1426 5058 1531 5112 qua
1563 5057 1686 5097 eum
1715 5056 1896 5098 resur-

287 5134 503 5189 rexisse
555 5132 780 5189 creditis
807 5134 1050 5190 omnium
1080 5133 1404 5191 delictorum
1452 5136 1682 5192 maculis
1712 5150 1898 5193 carea-

290 5230 386 5281 tis.
438 5230 637 5283 Amen.
678 5228 748 5283 Et
803 5230 894 5297 qui
954 5243 1076 5285 cum
1127 5228 1332 5285 Thoma
1386 5232 1553 5286 Deum
1611 5241 1666 5288 et
1716 5230 1897 5286 Domi-

291 5336 423 5376 num
454 5322 699 5388 creditis,
741 5331 796 5377 et
816 5324 1035 5379 cernuis
1066 5324 1289 5379 vocibus
1322 5325 1609 5392 invocatis,
1645 5326 1714 5380 ab
1742 5341 1813 5381 eo
1842 5332 1898 5382 et

290 5412 347 5468 in
400 5416 501 5469 hoc
545 5415 745 5470 saeculo
774 5431 805 5470 a
838 5415 994 5471 malis
1038 5416 1289 5471 omnibus
1316 5417 1476 5484 tueri,
1508 5428 1565 5474 et
1610 5420 1664 5472 in
1712 5416 1891 5473 futuro

372 5562 396 5587 ι
426 5553 578 5621 Apud
628 5553 921 5609 Pamelium
966 5554 1138 5609 solum
1186 5555 1485 5611 subditur:
1522 5556 1604 5609 Ad
1654 5562 1887 5607 sanctum

296 5623 655 5678 Pancratium.
688 5624 841 5679 Nulla
871 5628 1029 5679 statio
1055 5628 1355 5695 assignatur
1384 5628 1437 5680 in
1466 5626 1693 5680 Kalend.
1724 5624 1880 5695 Rom.

295 5696 580 5749 Secundus
602 5696 869 5750 'I‘heoder.
900 5698 1057 5753 habet
1079 5715 1091 5750 :
1118 5693 1197 5750 Ad
1219 5709 1426 5752 sanctos
1454 5698 1689 5753 Cosmum
1711 5707 1755 5748 et
1780 5693 1890 5747 Da-

298 5769 564 5833 mianum;
595 5768 734 5838 quod
776 5768 934 5821 etiam
978 5771 1265 5838 prmligilut'
1294 5771 1350 5824 iu
1382 5770 1517 5823 Cod.
1550 5771 1680 5838 lieg.
1726 5766 1887 5824 Suec.

298 5838 539 5909 Orationi
571 5838 638 5891 ad
672 5837 932 5905 Vesperos
961 5837 1199 5909 ejusdem
1229 5841 1545 5896 Dominiere.

378 5906 555 5963 ὶθίίωο
606 5909 909 5965 benedictio
945 5906 1141 5967 nullibi
1168 5913 1330 5970 nobis
1377 5912 1633 5980 occurrit,
1667 5920 1885 5981 praeter-

1175 6066 1181 6071 τ
1416 6071 1475 6091 ις.»

2003 4871 2100 4912 nos
2132 4856 2306 4927 pervid
2334 4856 2475 4926 quod
2523 4856 2693 4911 nostri
2715 4865 2797 4910 est
2826 4855 3015 4910 similis
3043 4856 3376 4923 reconciliet,
3403 4870 3497 4923 per
3533 4855 3590 4911 id

2002 4950 2145 5019 quod
2175 4950 2273 5006 tibi
2312 4958 2394 5007 est
2425 4950 2647 5019 aequalis
2682 4949 2923 5006 absolvat
2958 4951 3113 5006 Jesus
3142 4949 3388 5007 Christus
3418 4949 3591 5005 Filius

2005 5052 2148 5098 tuus.

2075 5136 2215 5190 Alia.
2241 5163 2309 5174 -—
2340 5134 2541 5190 Praesta
2583 5133 2757 5201 nobis,
2796 5134 3138 5205 omnipotens
3187 5144 3241 5191 et
3286 5134 3595 5191 misericors

2008 5229 2174 5295 Deus,
2211 5238 2266 5282 ut
2296 5228 2348 5281 in
2382 5227 2794 5283 Resurrectione
2820 5227 3033 5283 Domini
3062 5227 3236 5284 nostri
3277 5227 3407 5283 Jesu
3433 5226 3596 5281 Chri~

2004 5323 2075 5378 sti
2098 5322 2450 5392 percipiamus
2465 5324 2730 5379 veraciter
2759 5322 3079 5394 portionem.
3113 5323 3215 5391 Qui
3248 5333 3419 5377 tecum
3444 5320 3593 5375 vivit.

2078 5416 2215 5471 Alia.
2248 5417 2501 5486 —Deus,
2550 5417 2641 5488 qui
2678 5416 2743 5471 ad
2799 5429 3055 5474 aeternam
3086 5417 3248 5473 vitam
3299 5419 3353 5471 in
3398 5412 3597 5471 Christi

1995 5569 2153 5623 quam
2185 5556 2233 5609 in
2264 5555 2460 5611 Codice
2492 5555 2775 5622 Crimoldi,
2806 5571 2960 5626 quem
2994 5553 3256 5626 l’amelius
3311 5550 3482 5626 edidit
3506 5551 3595 5608 Li-

1997 5622 2211 5695 turgic.,
2246 5637 2391 5680 torno
2425 5629 2481 5694 |l,
2526 5628 2613 5682 ubi
2660 5622 2860 5693 tamen,
2912 5641 3009 5696 pro
3060 5624 3127 5678 Et
3167 5622 3255 5692 qui
3280 5623 3344 5674 ab
3394 5638 3594 5692 eorum,

1997 5696 2191 5768 legitur
2215 5716 2228 5751 :
2257 5698 2322 5752 Ut
2345 5701 2431 5767 qui
2460 5700 2523 5752 ab
2554 5716 2748 5765 eorum,
2777 5708 2881 5752 etc.

2074 5766 2274 5837 c'Apnd
2324 5766 2617 5825 Pamelinm
2663 5772 2818 5837 longe
2851 5770 3028 5836 plures
3075 5767 3415 5837 assignantur
3457 5766 3588 5822 Oras

1999 5840 2171 5896 tiones
2198 5844 2501 5910 Paschalcs,
2525 5852 2580 5897 et
2608 5842 2882 5911 ploratque
2910 5856 2938 5892 a
2970 5841 3169 5896 nostris
3198 5840 3450 5899 diversa.
