4064 6350
502 335 572 392 99
1710 335 1959 393 SANCTI
1997 334 2325 394 GREGORII
2360 334 2573 395 MAG-Nl

3654 350 3759 408 100

505 434 916 504 Re‘surrectione
945 462 1045 505 nos
1084 462 1322 519 reparas,
1370 448 1532 518 imple
1560 442 1777 520 pietatis
1817 458 1919 505 tua:
1944 449 2079 506 inef-
2106 452 2161 516 Α
2186 449 2303 520 ejus
2331 440 2589 506 beneficia
2618 451 2905 523 poscimus,
2932 452 3083 528 (356)
3109 454 3248 512 dona
3288 464 3393 515 tute
3419 460 3605 530 gratiae
3633 478 3763 519 cou-

502 540 662 598 labile
696 550 1110 609 sacramentum,
1157 549 1241 608 ut,
1272 556 1393 597 cum
1435 542 1486 597 in
1531 542 1808 611 Majestate
1845 556 1940 597 sua
1967 545 2082 599 Sal-

499 644 655 689 vator
698 644 883 691 noster
910 635 1203 700 advenerit,
1241 650 1375 705 quos
1402 634 1575 692 fecisti
1614 637 1877 708 baptismo
1926 651 2082 707 rege-

505 727 705 797 nerari,
750 728 910 785 facias
939 730 1094 784 beata
1131 727 1535 785 immortalitate
1563 727 1766 785 vestiri.
1798 727 1901 786 Per
1932 744 2080 785 eum-

500 808 640 877 dem.

572 912 680 983 83
712 912 847 966 Alia.
883 941 954 953 —
986 910 1149 980 Deus,
1199 908 1419 967 humani
1469 911 1683 984 generis
1730 911 1978 967 conditor
2028 916 2079 967 et

500 1002 846 1072 Redemptor,
891 1004 980 1070 da,
1014 1018 1337 1073 quarsumus,
1371 1012 1427 1059 ut
1484 1003 1838 1073 reparationis
1884 1012 2078 1058 nostra:

498 1093 691 1147 collata
715 1093 971 1159 subsidia,
1005 1104 1054 1149 te
1076 1094 1274 1165 jogiter
1297 1095 1609 1164 inSpirante,
1638 1106 1928 1151 sectemur.
1952 1095 2076 1151 Per.

572 1185 711 1237 Atia.
743 1215 813 1225 —
842 1183 1004 1252 Deus,
1048 1187 1139 1255 qui
1174 1188 1370 1241 renatis
1390 1202 1453 1241 ex
1485 1197 1694 1257 aqua-el.
1721 1187 1923 1257 Spiritu
1955 1202 2079 1242 san-

498 1288 587 1333 cto
624 1280 863 1336 caelestis
894 1281 1040 1349 regni
1083 1281 1268 1349 pandis
1312 1280 1606 1349 introitum,
1647 1295 1779 1351 auge
1809 1294 1972 1349 super
2001 1280 2078 1335 fa-

501 1371 675 1425 mulos
702 1385 818 1425 tuos
848 1372 1091 1441 gratiam,
1116 1384 1275 1441 quam
1307 1371 1518 1435 dedsti,
1546 1382 1601 1425 ut
1622 1372 1711 1441 qui
1737 1372 1803 1425 ab
1832 1371 2078 1425 omnibus

498 1466 623 1519 Sunt
647 1466 849 1535 purgati
876 1466 1127 1533 peccatis,
1155 1464 1310 1519 nullis
1334 1464 1606 1532 priventur
1629 1463 1925 1533 promissis.
1950 1461 2074 1520 Per.

567 1554 706 1609 Alta.
741 1556 1093 1611 -—Conserva
1142 1557 1196 1611 in
1224 1555 1399 1623 nobis,
1451 1571 1779 1626 quaesumus,
1826 1556 2074 1619 Domine,

496 1644 915 1700 misericordiam
965 1654 1133 1713 tuam,
1188 1653 1251 1700 ut
1288 1660 1421 1715 quos
1476 1647 1544 1701 ab
1587 1647 1788 1702 erroris
1840 1645 2077 1701 liberasti

498 1736 744 1806 caligine,
781 1738 1018 1792 veritatis
1048 1749 1150 1794 tuae
1191 1739 1394 1794 tirmius
1423 1738 1688 1795 inhaerere
1714 1738 1879 1795 facias
1907 1737 2077 1794 docu-

492 1838 698 1884 mento.
724 1828 826 1884 Per
854 1826 1159 1885 Dominum.

568 1922 702 1977 Alia.
734 1924 1015 1990 -—Solita,
1056 1942 1383 1997 quaesumus,
1435 1928 1676 1997 Domine,
1731 1943 1830 1985 nos
1879 1929 2078 1998 pietate

493 2016 724 2086 custodi,
759 2027 815 2073 ut
840 2020 928 2087 qui
955 2018 1218 2089 Unigeniti
1250 2020 1324 2076 tui
1358 2028 1603 2092 passione
1630 2031 1751 2079 sunt
1784 2020 2075 2091 redempti,

492 2108 609 2178 ejus
636 2108 1051 2166 Resorrectione
1081 2111 1346 2168 laetentur.
1381 2113 1480 2169 Per
1508 2114 1774 2173 eumdem.

564 2199 700 2252 Alia.
722 2228 795 2241 —
821 2201 1173 2271 Omnipotens
1199 2205 1521 2273 sempiterna
1562 2205 1723 2273 Deus,
1761 2211 2078 2279 propensius

492 2286 576 2345 liis
605 2291 792 2346 diebus
821 2303 966 2347 tuam
996 2295 1418 2351 misericordiam
1451 2312 1860 2370 consequamur,
1884 2304 2078 2373 quibus

492 2395 610 2438 eam
634 2384 864 2453 plenius,
890 2396 940 2441 te
968 2386 1241 2457 largiente,
1270 2391 1636 2459 cognovimus.
1670 2390 1792 2446 Per.

565 2511 692 2552 ινιιι
720 2513 846 2554 ΚΑΙ..
878 2515 1011 2569 ΙΔη.
1044 2529 1113 2540 --
1141 2517 1363 2556 NA'I‘ALIS
1392 2518 1703 2560 εΑΝατοιιωί
1743 2521 1999 2581 ΤΙΒυῘΠΊῙ,

965 2584 1245 2626 νΑιεῐιιΑΝι
1275 2583 1297 2606 ⁸
1321 2589 1389 2628 ΕΤ
1416 2590 1629 2632 ΜΔΧΙΗΙ.

561 2681 783 2749 Praesta,
814 2698 1138 2753 quaesumus,
1169 2687 1506 2755 omnipotens
1547 2687 1705 2756 Deus,
1741 2697 1798 2744 ut
1825 2690 1912 2761 qui
1942 2705 2069 2747 san-

491 2783 699 2830 ctorum
726 2785 933 2831 tuorum
958 2778 1215 2844 Tiburtii,
1252 2778 1513 2834 Valeriani
1544 2791 1598 2836 et
1626 2782 1838 2838 Maximi
1872 2784 2070 2840 solem-

490 2868 577 2925 nia
625 2869 873 2936 colimus,
920 2886 1103 2925 eorum
1151 2872 1311 2928 etiam
1352 2873 1571 2931 virtutes
1627 2875 1920 2933 imitemur.
1969 2877 2072 2935 Per

489 2960 766 3020 Dominum
796 2978 1057 3020 nostrum.

558 3056 727 3124 Super
757 3057 949 3111 oblata.
981 3088 1047 3099 ——
1082 3058 1267 3113 llostia
1295 3057 1430 3126 haec,
1453 3075 1781 3130 quaesumus,
1813 3061 2063 3135 Domine,

489 3163 641 3217 quam
669 3160 971 3202 sanctorum
996 3158 1209 3207 tuorum
1239 3152 1476 3205 natalitia
1506 3164 1850 3209 recensentes
1880 3154 2061 3210 oli’eri-

488 3331 641 3385 ttobis
670 3330 1053 3387 misericordiae
1076 3333 1214 3386 dona
1245 3335 1513 3389 conciliet.
1548 3335 1670 3394 Per.

561 3419 834 3492 Praefatio.
857 3453 928 3462 —
954 3423 1091 3479 Vere
1122 3424 1341 3494 dignum
1392 3436 1443 3481 et
1468 3424 1670 3496 justum
1716 3436 1818 3497 est,
1851 3444 2063 3500 tequum

488 3521 543 3566 et.
570 3513 825 3583 salutare,
874 3530 972 3569 nos
1000 3514 1095 3569 tibi
1122 3530 1334 3585 semper
1358 3526 1411 3571 et
1442 3530 1636 3585 umque
1659 3520 1854 3590 gratias
1880 3536 2060 3592 agere,

489 3603 708 3661 Domine
739 3617 941 3674 sancte,
976 3607 1135 3663 Pater
1169 3610 1528 3679 omnipotens,
1556 3621 1756 3667 :eterne
1802 3613 1941 3668 Deus
1966 3631 1980 3668 :
2010 3622 2065 3670 et

488 3703 542 3750 te
585 3694 637 3751 in
680 3709 984 3754 sanctorum
1018 3711 1311 3772 martyrum
1364 3711 1573 3757 tuorum
1622 3705 1913 3762 festivitate
1950 3706 2065 3762 iau~

488 3786 637 3859 dare,
671 3792 758 3857 qui
797 3806 1011 3862 semper
1032 3807 1089 3847 es
1115 3793 1373 3851 mirabilis
1400 3797 1453 3850 in
1485 3805 1694 3853 tuorum
1733 3814 2062 3856 commemo-

486 3884 691 3939 ratione
717 3893 1051 3953 sanctorum,
1084 3895 1138 3941 et
1166 3894 1369 3958 magna}
1398 3889 1517 3946 ﬁdei
1548 3891 1756 3962 largiris
1790 3894 2059 3963 allectum,

486 3985 539 4032 et
584 3979 919 4034 tolerantiam
963 3982 1152 4038 tribuis
1182 3986 1511 4053 passionum,
1551 3994 1606 4040 et
1646 3986 1853 4056 antiqui
1895 3988 2064 4043 hostis

487 4065 618 4122 facis
666 4072 903 4137 superari
934 4073 1443 4141 machinamentum,
1478 4090 1583 4146 quo
1621 4078 1822 4145 egregii
1866 4088 2064 4148 marty-

487 4173 574 4213 res
605 4159 677 4211 tui
704 4160 770 4214 ad
799 4162 1113 4229 capiendam
1144 4178 1494 4230 supernorum
1521 4166 1902 4225 beatitudinem
1931 4186 2066 4239 pra:-

486 4247 717 4305 ntiorum
749 4250 907 4304 nullis
940 4252 1295 4320 impediantur
1326 4258 1632 4315 retinaculis
1672 4244 2065 4317 blandimento-
2160 4298 2163 4299 ν

486 4356 626 4396 rum.
654 4342 753 4396 Per
778 4340 1070 4399 Christum.

554 4434 635 4487 Ad
660 4433 1363 4505 Campanum—Caelesti
1394 4456 1616 4498 munere
1642 4445 1887 4514 snginati,
1918 4462 2063 4521 quae-

486 4538 694 4592 sumus,
733 4526 954 4580 Domine
998 4525 1137 4581 Deus
1179 4538 1489 4614 noster,.ut
1540 4529 1653 4586 haec
1703 4533 1855 4587 nobis
1907 4534 2057 4606 (555)

2184 555 2495 610 sequamur.
2531 542 2651 599 Per.

2254 634 2425 698 Super
2471 636 2668 692 oblata.
2696 667 2765 680 —
2796 639 3035 713 Munera,
3092 642 3332 711 Domine,
3362 638 3537 703 oblata
3561 650 3761 707 sancti-

2183 726 2310 792 (lca,
2358 739 2434 797 et,
2481 730 2851 791 intercedente
2901 730 3056 792 beato
3100 738 3330 811 Georgio
3369 742 3601 816 martyre
3643 755 3756 817 tuo,

2185 838 2284 879 nos
2343 840 2439 893 per
2496 826 2611 883 haec
2671 844 2702 884 a
2767 842 3099 899 peccatorum
3166 850 3471 896 nostrorum
3538 847 3759 903 maculis

2183 920 2435 977 emunda.
2471 920 2571 977 Per
2608 920 2889 981 Dominum
2922 938 3183 986 nostrum.

2261 1010 2529 1081 Prwfatio.
2552 1043 2623 1054 —
2652 1015 2791 1072 Vere
2819 1018 3033 1088 dignum
3074 1032 3127 1078 et
3150 1022 3350 1092 justum
3401 1037 3504 1093 est,
3548 1045 3757 1100 aequum

2184 1110 2236 1157 et
2262 1103 2516 1171 salutare,
2559 1120 2657 1161 nos
2678 1108 2771 1163 tibi
2796 1124 3010 1180 semper
3035 1123 3087 1168 et
3127 1115 3321 1183 ubique
3350 1118 3547 1185 gratias
3576 1136 3751 1192 agere,

2190 1196 2414 1256 Domine
2434 1210 2641 1269 sancte,
2672 1198 2831 1260 Pater
2852 1206 3213 1277 omnipotens,
3243 1220 3445 1266 mterne
3477 1213 3639 1278 Deus,
3665 1232 3758 1281 per

2190 1292 2459 1350 Christum
2514 1295 2795 1353 Dominum
2848 1310 3087 1357 nostrum
3139 1320 3279 1373 :pro
3328 1303 3482 1379 cujus
3529 1309 3757 1365 nominis

2188 1389 2519 1443 veneranda
2568 1388 2943 1459 confessione,
2995 1393 3182 1450 beatus
3249 1408 3451 1468 martyr
3499 1398 3758 1470 Georgius

2184 1474 2401 1531 diversa
2430 1478 2687 1547 supplicia
2711 1480 2980 1548 sustinuit,
3001 1489 3056 1537 et
3086 1498 3147 1538 ea
3170 1481 3482 1553 deviucens,
3506 1503 3754 1543 coronam

2196 1569 2560 1637 perpetuitatis
2584 1578 2901 1638 promeruit.
2937 1573 3038 1630 Per
3058 1591 3212 1646 quem
3237 1577 3561 1649 Maiestatem
3590 1589 3753 1638 tuam.

2247 1656 2327 1709 Ad
2374 1657 2853 1728 Complendum.—
2885 1664 3032 1721 Beati
3077 1668 3288 1740 Georgii
3340 1666 3589 1741 martyris
3642 1672 3751 1743 tui,

2126 1727 2138 1752 ⁸
2176 1748 2434 1818 Domine,
2486 1752 2753 1824 suifragiis
2796 1766 3083 1830 exoratus,
3141 1727 3388 1833 pervcepta
3433 1727 3755 1822 sacramenti

2100 1837 2150 1898 B
2176 1842 2253 1896 toi
2284 1857 2385 1897 nos
2412 1845 2607 1899 virtute
2637 1845 2887 1903 defende.
2922 1848 3042 1905 i’er.

2251 1949 2323 1988 ut
2374 1933 2523 2006 (557)
2556 1947 2577 1975 ο
2602 1952 2725 1992 ne.
2773 1956 2907 1995 nan.
2943 1971 3013 1981 —
3038 1958 3259 2000 manus
3304 1960 3485 2001 SANCTI
3526 1963 3684 2004 tranat

2757 2022 3153 2069 Humanum.

2251 2093 2410 2162 Deus,
2467 2097 2556 2166 qui
2609 2098 2821 2154 beatum
2878 2102 3112 2157 Marcum
3179 2107 3556 2174 evangelistam
3603 2117 3753 2165 tuum

2177 2187 2498 2256 evangelicae
2548 2191 2941 2259 praedicationis
2990 2194 3160 2265 gratia
3202 2197 3522 2263 sublimasti,
3553 2196 3750 2270 tribue,

2178 2294 2506 2350 qucsumus,
2546 2283 2662 2350 ejus
2691 2298 2789 2338 nos
2828 2297 3043 2356 semper
3088 2296 3141 2344 et
3171 2288 3472 2345 eruditione
3491 2290 3753 2360 proficere

2172 2382 2227 2429 et
2248 2377 2490 2430 oratione
2527 2375 2763 2432 delendi.
2792 2376 2915 2433 Per.

2247 2464 2418 2530 Super
2447 2466 2637 2522 oblata.
2663 2470 2904 2525 ——Beati
2955 2471 3118 2528 Marci
3165 2473 3505 2545 evangelista
3548 2476 3624 2532 tui
3663 2488 3752 2531 so-

2176 2557 2452 2615 lemnitate
2499 2561 2593 2615 tibi
2645 2578 2864 2618 munera
2908 2562 3237 2631 deferentes,
3277 2580 3603 2637 quaesumus,
3650 2568 3752 2624 Do-

2172 2652 2340 2720 mine,
2371 2664 2427 2708 ut
2457 2654 2595 2709 sicut
2628 2656 2779 2711 illum
2810 2657 3120 2727 praedicatio
3145 2663 3449 2731 evangelica
3489 2662 3612 2717 l'ecit
3637 2663 3753 2732 glo-

2171 2746 2391 2812 riosum,
2446 2747 2517 2802 ita
2560 2762 2661 2804 nos
2703 2750 2820 2819 ejus
2852 2751 3166 2809 intercessio
3194 2762 3249 2811 et
3295 2755 3459 2811 verbo
3499 2762 3554 2811 et
3584 2770 3752 2825 opere

2172 2834 2269 2894 tibi
2297 2839 2482 2895 reddat
2505 2851 2774 2912 acceptos.
2803 2842 2923 2899 Per.

2238 2930 2511 3002 Prwfatio.
2535 2962 2604 2975 —-
2632 2935 2769 2991 Vere
2798 2935 3015 3007 dignum
3053 2943 3108 2992 et
3145 2937 3347 3009 justum
3389 2945 3493 3007 est,
3536 2952 3753 3009 aquam

2171 3036 2226 3082 et
2247 3028 2501 3095 salutare,
2533 3046 2629 3085 nos
2658 3032 2750 3086 tibi
2793 3047 3004 3102 semper
3030 3042 3086 3089 et
3112 3034 3312 3106 ubique
3341 3036 3537 3106 gratias
3563 3049 3748 3105 agere,

2170 3120 2397 3176 Domine
2418 3132 2627 3189 sancte,
2661 3124 2818 3180 Pater
2839 3126 3203 3196 omnipotens,
3231 3140 3434 3184 aeterne
3461 3128 3619 3194 Deus,
3649 3143 3751 3198 per

489 3210 629 3304 titus,
660 3249 713 3294 et
750 3239 955 3295 vincula
1002 3250 1199 3295 nostra:
1250 3242 1526 3311 pravitatis
1569 3243 1831 3313 absolvat,
1863 3255 1918 3300 et
1963 3256 2063 3301 tute
2092 3213 2140 3276 (ί
2168 3210 2461 3313 Ευτίδωω,
2484 3212 2766 3313 Βθωὴωῖη
2797 3224 3105 3313 Posmfm,‘
3137 3218 3501 3313 °F‘i“5_3'a“?
3530 3219 3748 3313 malui"

2164 3304 2400 3361 Marcum
2451 3306 2503 3360 in
2546 3308 2902 3362 sacerdotium
2945 3310 3125 3381 elegit,
3150 3310 3389 3366 doctrina
3436 3312 3504 3365 ad
3556 3310 3752 3380 praedi-

2167 3397 2394 3451 candum
2425 3382 2641 3465 erudiit,
2685 3401 2919 3468 potentia
2950 3402 3015 3455 ad
3055 3402 3507 3471 perseverandum
3538 3403 3751 3457 contir-

2164 3490 2347 3554 mavit,
2381 3500 2436 3545 ut
2466 3505 2558 3559 per
2585 3492 2971 3549 sacerdotalem
3003 3494 3224 3551 intutam
3259 3496 3407 3568 (3L8)
3441 3499 3751 3568 perveniret

2164 3580 2231 3636 ad
2260 3580 2498 3653 martyrii
2530 3581 2793 3652 palmam;
2834 3586 3138 3657 decensque
3170 3586 3436 3654 subditos,
3468 3589 3746 3645 instruens

2166 3676 2375 3732 vivendi
2407 3679 2675 3747 exemplo,
2707 3680 3030 3738 conﬁrmans
3078 3693 3354 3751 patiendo,
3395 3682 3461 3745 ad
3493 3694 3543 3738 te
3585 3697 3748 3738 coro-

2163 3769 2369 3824 nandus
2398 3770 2717 3839 perveniret,
2749 3772 2837 3842 qui
2870 3782 3267 3841 persecuturum
3312 3775 3486 3831 minas
3519 3775 3751 3849 intrepi-

2164 3860 2264 3916 dus
2292 3874 2616 3932 superasset.
2660 3862 2823 3933 Cujus
2870 3866 3223 3935 interventus,
3268 3884 3385 3936 nos,
3416 3884 3749 3939 quaesumus,

2167 3966 2196 4004 a
2224 3954 2421 4007 nostris
2465 3953 2685 4010 mundet
2712 3955 2941 4021 delictis,
2972 3961 3061 4028 qui
3090 3958 3184 4013 tibi
3215 3959 3412 4029 placuit
3455 3969 3535 4017 tot
3573 3961 3750 4017 dono-

2166 4054 2282 4096 rum
2313 4043 2694 4114 praerogativis.
2729 4044 2830 4101 Per
2855 4061 3011 4116 quem
3041 4046 3387 4119 Maiestatem.

2848 4138 3056 4209 άΒηιι.

2239 4227 2319 4280 Ad
2362 4226 2749 4299 Complendum.
2793 4260 2860 4272 --
2894 4232 3150 4287 Tribuatit
3191 4234 3367 4303 nobis,
3414 4249 3744 4305 quaesumus,

2165 4314 2408 4383 Domine,
2438 4320 2747 4375 continuum
2779 4323 2888 4396 85
2921 4333 3005 4379 tua
3038 4335 3217 4380 sancta
3250 4326 3570 4395 praesidium,
3595 4316 3742 4397 quod

2166 4410 2304 4466 beati
2335 4412 2493 4468 Marci
2522 4416 2860 4483 evangelista.-
2893 4422 2967 4469 tui
2998 4418 3242 4486 precibus
3270 4432 3365 4474 nos
3396 4420 3461 4475 ab
3490 4421 3743 4477 omnibus

2168 4515 2380 4571 semper
2406 4512 2615 4558 tueatur
2643 4506 2900 4561 adversis.
2934 4507 3052 4562 Per.

486 4616 627 4672 dona
651 4629 943 4690 martyrum
978 4629 1185 4675 tuorum
1217 4596 1531 4679 interccssio
1561 4623 1711 4679 beata
1739 4627 2057 4684 sanetiﬁcet.
2086 4596 2143 4662 Β
2200 4608 2251 4648 ¹⁷
2282 4610 2535 4651 “LEM”
2566 4611 2699 4651 Ml"
2730 4629 2806 4690 ’ἶ
2826 4612 3271 4690 Ἶ.Ἷὲἶῖ“.-⁵“⁰“
3314 4602 3463 4674 (δθθ)
3501 4616 3710 4660 "nus

490 4708 613 4765 Per.

553 4820 663 4894 84
704 4837 758 4879 tx
798 4840 920 4880 ιω..
963 4841 1100 4881 tutu.
1128 4856 1196 4869 --
1225 4843 1450 4885 nauus
1489 4842 1682 4888 sane"
1725 4839 1987 4896 csoncnb

1130 4915 1416 4955 IARTYBIS.

559 5007 721 5075 Deus,
770 5010 860 5079 qui
895 5024 990 5064 nos
1020 4990 1159 5066 beati
1204 5012 1418 5082 Georgii
1453 5017 1712 5087 martyris
1746 5020 1820 5075 tui
1849 5023 2060 5084 meritis

484 5106 538 5153 et
567 5098 950 5157 intercessione
993 5102 1257 5168 laetiﬁcas,
1287 5106 1528 5162 concede
1557 5109 1829 5181 propitius
1877 5124 1936 5170 ut
1975 5120 2067 5189 qui

560 5232 773 5313 “Deest
812 5232 1127 5313 Mariminn
1174 5237 1474 5313 (iud.Reg.
1522 5244 1680 5300 Suec.
1727 5246 1783 5302 in
1830 5249 2058 5309 Kalend.

488 5302 644 5390 licuit.
674 5304 865 5390 iegitur
902 5305 1234 5390 Hﬁtiﬂiiatﬁ.
1272 5302 1540 5390 Observat
1563 5316 1718 5390 Joan.
1750 5302 2058 5390 Mifﬂin

486 5370 714 5457 Kalend.
734 5370 921 5500 Ἰὶοιιέιη
956 5377 1172 5433 Maximi
1201 5396 1397 5438 nomen
1428 5385 1480 5440 in
1516 5370 2061 5466 Antipltonariowq’ub:

486 5460 585 5500 uite
612 5458 809 5498 mttzssu
874 5488 887 5500 .

484 5460 585 5511 que
612 5460 887 5501 oinzssum.

554 5512 769 5605 sum":
814 5522 1051 5605 mprllyris
1098 5521 1602 5605 atl'iztlett_d._Rotn.
1649 5530 1702 5583 In
1744 5531 1876 5588 Cod.
1926 5536 2060 5605 Reg.

482 5582 637 5667 Stier.
660 5598 773 5669 post
794 5582 1131 5648 natalfsaitctz
1154 5592 1387 5666 Georgii,
1413 5596 1605 5667 legitur
1626 5582 1679 5653 et
1696 5582 2062 5679 adpendit-gini

485 5671 511 5707 ρ
550 5673 649 5709 MC“
692 5676 723 5707 Ι.

606 5676 906 5810 Ιιιῗξίειιερίι.
940 5732 1095 5810 Ro_in.
1123 5745 1175 5791 et
1206 5735 1256 5810 in
1283 5737 1688 5810 Edit.,Pamel.,
1720 5748 2063 5803 consentien-

483 5796 625 5853 tibus
659 5797 782 5858 διες.
819 5803 951 5875 Reg.
1004 5804 1189 5876 Suec.,
1225 5796 1389 5866 duob.
1422 5796 1690 5871 Tbeoderi
1728 5796 2065 5889 'ei"c'éiiiéi;,

2782 4678 2806 4707 ⁸
2836 4684 3110 4726 MARTIRIS.

2240 4756 2464 4823 Praesta,
2487 4772 2813 4828 quaesumus,
2845 4761 3182 4831 omnipotens
3208 4763 3368 4826 Deus.
3403 4774 3481 4831 ut,
3514 4766 3747 4823 interce-

2166 4847 2326 4905 dente
2353 4850 2511 4905 beato
2537 4850 2706 4907 Vitale
2734 4864 2966 4925 martyre
2993 4864 3101 4925 tuo,
3131 4864 3187 4912 et
3212 4872 3239 4909 a
3264 4859 3470 4913 cunctis
3499 4858 3746 4914 adversi-

2175 4944 2374 4998 tatibus
2405 4944 2693 5000 liberemur
2722 4946 2776 5000 in
2803 4960 3048 5016 corpore,
3074 4959 3126 5003 et
3148 4964 3175 5003 a
3202 4950 3378 5021 pravis
3405 4950 3747 5022 cogitationi-

2168 5035 2270 5092 bus
2302 5034 2322 5075 ε
2354 5041 2671 5093 mundemur
2700 5037 2752 5093 in
2785 5049 2985 5096 mente.
3032 5041 3133 5096 Per
3166 5042 3444 5097 Dominum
3475 5050 3741 5099 nostrum.

2239 5126 2411 5196 Super
2448 5128 2640 5182 oblata.
2670 5159 2741 5171 —
2770 5130 3001 5200 Accepta
3050 5132 3121 5185 sit.
3167 5131 3219 5186 in
3267 5142 3558 5203 conspectu
3606 5140 3698 5187 tuo
3723 5170 3741 5199 ,

2173 5261 2383 5315 Litania
2420 5262 2606 5330 major,
2638 5264 2779 5339 nulla
2835 5264 3000 5339 sancti
3049 5262 3209 5339 Marci
3260 5266 3395 5321 facta
3446 5265 3745 5339 mentione,

2166 5334 2519 5401 praeterquam
2546 5335 2683 5400 apud
2720 5335 2943 5399 Pamel..
2979 5336 3063 5390 ubi
3097 5334 3230 5390 intra
3261 5341 3480 5393 uncinos
3514 5334 3740 5393 includi;

2169 5412 2289 5480 tur__:
2320 5403 2756 5480 Qfﬁciumsancti
2784 5404 2973 5476 Marci,
3004 5408 3146 5476 quod
3181 5409 3441 5478 signiﬁcat
3488 5411 3539 5464 iu
3571 5410 3742 5480 antiq.

2166 5473 2437 5545 codicibus
2468 5474 2780 5545 desiderari.
2803 5533 2816 5545 ο

2237 5541 2262 5581 ἀ
2290 5543 2346 5597 Id
2376 5551 2477 5607 est,
2506 5541 2906 5598 Benedictionem
2934 5548 3150 5612 require.

2245 5624 2267 5650 ε
2300 5616 2462 5669 Abest
2496 5616 2728 5684 martyris
2753 5619 2819 5670 ab
2853 5616 2949 5671 ιιι.
2983 5618 3182 5672 Pamel.
3207 5628 3261 5673 et
3281 5634 3309 5673 a
3333 5619 3554 5675 Kalend.
3586 5617 3747 5674 Rom.

2247 5683 2265 5723 ί
2302 5685 2528 5762 Pamel.,
2560 5683 2851 5745 reluctante
2874 5688 3005 5745 Cod.
3027 5689 3162 5762 Reg.
3188 5689 3344 5748 Suec.
3371 5697 3427 5745 et
3445 5690 3566 5745 aliis
3585 5689 3751 5759 luo.

2170 5755 2440 5813 liberemur
2464 5758 2518 5813 in
2546 5766 2731 5813 mente.
