4064 6350
288 361 387 424 101

1468 365 1671 424 LIBER
1708 366 2341 429 SACRAMENTORUM.

3438 372 3545 437 102

288 499 515 559 Domi“
534 537 552 567 ,
578 506 765 555 ηοω-α
791 498 1002 556 devotio
1020 539 1035 565 ,
1063 507 1119 556 οι
1144 499 1261 572 βίης
1287 500 1440 556 ηοω,
1473 502 1566 558 rm
1597 502 1865 574 ευρριίω.
1889 489 1940 549 Α
1968 486 2019 542 lii
2050 488 2123 542 tui
2150 531 2165 557 ,
2201 489 2268 546 ad
2295 491 2647 547 conterendas
2680 494 2957 567 p0testatis
2996 493 3232 551 adversae
3273 496 3493 552 insidias
3517 539 3537 566 ,

288 593 436 649 tione
468 590 722 649 salutaris
749 632 763 657 ,
796 607 889 661 pro
910 591 1064 661 cujus
1086 593 1426 649 solemnitate
1453 593 1712 651 defertur.
1747 595 1866 652 Per.

356 684 437 737 Ad
484 681 884 751 Complendum.
911 713 981 723 —
1012 683 1258 739 Exsultet
1281 721 1297 744 .
1341 684 1564 741 Domine
1591 726 1606 751 ,
1648 685 1873 753 populus

286 789 410 830 tuus
438 776 492 831 in
525 778 695 831 sancti
737 776 811 831 tui
838 778 1354 833 commemoratione
1388 776 1569 831 Vitatis
1591 818 1605 842 ,
1638 788 1691 832 et
1721 778 1871 847 cujus

284 870 467 925 votivo
486 870 698 924 laetatur
721 869 923 937 ofﬁcio,
944 873 1200 942 suli'ragio
1222 872 1489 928 relevetur
1508 883 1718 942 optato.
1746 874 1869 929 Per.

286 980 546 1023 ελιιιυιε
575 980 712 1024 ΙΔΙΙ.
743 995 813 1005 -
842 980 1072 1021 ΗΑτΑιις
1102 975 1126 1001 ⁸
1157 981 1468 1023 εΑΝατοιωκ
1500 981 1872 1029 Δνοετοιοιωι

730 1052 816 1092 υιυ
836 1077 852 1104 ,
888 1053 1111 1091 PHILIPPI
1143 1054 1207 1091 ΕΤ
1234 1054 1431 1095 JACOBI.

357 1128 528 1195 Deus,
563 1127 651 1198 qui
674 1143 775 1183 nos
799 1143 973 1183 annua
1004 1130 1367 1197 apostolorum
1401 1138 1611 1185 tuorum
1640 1127 1872 1199 Philippi

284 1228 341 1275 et
368 1219 553 1275 Jacobi
579 1221 919 1275 sollemnitate
946 1222 1188 1276 lastilicas
1210 1263 1226 1288 ,
1259 1232 1451 1293 praesta
1483 1261 1500 1289 ,
1526 1237 1832 1293 quaesumus
1853 1265 1871 1295 ,

285 1320 345 1368 ut
373 1328 605 1382 quorum
638 1313 936 1383 gaudemus
963 1313 1169 1370 meritis
1190 1355 1207 1382 ,
1237 1312 1565 1370 instruamur
1589 1313 1870 1383 exemplis.

286 1403 411 1460 Per.
922 1394 929 1397 ’

359 1495 537 1565 Super
566 1493 759 1549 oblata.
792 1523 861 1535 —
889 1494 1113 1550 Munera
1135 1537 1151 1563 ,
1185 1495 1439 1561 Domine,
1472 1509 1593 1564 qua:
1621 1509 1719 1565 pro
1747 1508 1876 1565 apo-

284 1587 553 1642 stolorum
601 1594 814 1640 tuorum
856 1584 1086 1655 Philippi
1117 1592 1172 1640 et
1194 1584 1381 1641 Jacobi
1408 1584 1748 1640 solemnitate
1778 1585 1875 1641 de-

289 1678 533 1745 ferimus,
566 1676 828 1747 pmpitius
854 1676 1091 1752 suscipe,
1115 1684 1172 1734 et
1198 1677 1338 1732 mala
1365 1676 1541 1732 omnia
1559 1717 1576 1743 ,
1607 1691 1730 1741 quae
1759 1691 1875 1734 me-

291 1781 493 1835 remur,
522 1778 727 1823 averte.
758 1766 880 1823 Per.

1976 593 2072 631 nos
2119 582 2171 632 in
2222 589 2323 636 ture
2373 583 2719 652 protectionis
2762 586 3048 643 securitate
3088 588 3394 645 constituat.
3440 587 3546 648 Per

1974 671 2240 727 eumdem.

2050 763 2320 829 Prtefatio.
2349 796 2421 808 —
2446 766 2587 824 Vere
2613 770 2828 841 dignum
2856 778 2911 829 et
2930 773 3131 843 justum
3160 784 3284 847 est,
3331 790 3545 847 aequum

1974 864 2028 907 et
2053 853 2306 922 salutare,
2330 871 2426 913 nos
2457 858 2549 913 tibi
2577 874 2791 930 semper
2820 871 2874 917 et
2902 864 3095 935 ubique
3120 868 3313 936 gratias
3344 883 3498 938 agere
3525 907 3545 935 ,

1974 946 2197 1002 Domine
2225 961 2427 1015 sancte,
2461 951 2617 1007 Pater
2646 955 3010 1025 omnipotens,
3037 968 3238 1014 aeterne
3266 960 3423 1021 Deus,
3449 974 3544 1029 per

1976 1042 2244 1098 Christum
2293 1045 2572 1102 Dominum
2604 1056 2842 1102 nostrum
2870 1067 2884 1103 :
2914 1050 3004 1122 qui
3034 1049 3182 1122 (564)
3220 1068 3314 1120 per
3339 1052 3544 1122 passio-

1975 1149 2094 1188 nem
2140 1136 2314 1190 crucis
2357 1138 2611 1195 mundum
2662 1139 2923 1209 redemit,
2972 1152 3027 1197 et
3066 1143 3295 1213 antiquae
3336 1146 3546 1201 arboris

1976 1224 2366 1282 amarissimum
2395 1239 2603 1298 gustum
2643 1233 2812 1287 crucis
2838 1235 3188 1291 medicamine
3215 1237 3544 1306 indulcavit;

1978 1331 2310 1390 mortemque
2330 1337 2448 1391 qua:
2470 1339 2562 1393 per
2586 1324 2782 1395 lignum
2805 1327 3021 1381 vetitum
3042 1336 3280 1391 venerat,
3304 1344 3396 1398 per
3420 1329 3547 1400 ligni

1980 1412 2274 1480 tropharum
2307 1412 2537 1480 devicit,
2568 1424 2625 1469 ut
2650 1415 2873 1472 mirabili
2900 1431 3011 1471 suae
3038 1417 3245 1485 pietatis
3270 1421 3547 1489 diSpensa-

1978 1502 2145 1570 tione,
2180 1504 2267 1572 qui
2300 1520 2393 1573 pcr
2422 1505 2550 1574 ligni
2576 1519 2784 1575 gustum
2807 1524 2837 1562 a
2860 1508 3104 1575 ﬂorigera
3130 1510 3259 1565 sede
3285 1511 3550 1581 discessu:

1976 1608 2178 1660 ramus,
2211 1612 2304 1663 per
2336 1598 2511 1654 crucis
2538 1598 2737 1667 lignum
2764 1603 2833 1657 ad
2860 1601 3086 1670 paradisi
3125 1602 3315 1672 gaudia
3358 1603 3548 1660 redea-

1976 1702 2113 1743 mus.
2141 1689 2241 1745 Per
2263 1704 2443 1757 quem.

2053 1789 2075 1817 ο
2102 1778 2414 1836 Benedictio.
2430 1783 2804 1839 —Benedicat
2831 1784 2980 1841 vobis
3005 1786 3343 1855 omnipotens
3373 1788 3550 1857 Deus,

365 1860 641 1933 Ρητίαιὶο.
668 1891 741 1902 -
766 1859 900 1916 Vere
939 1860 1153 1933 dignum
1199 1869 1253 1918 et
1294 1860 1493 1931 justum
1523 1869 1626 1930 θεῖ,
1656 1875 1867 1931 :equtm
1896 1868 1946 1933 Β
1970 1870 2057 1942 qui
2088 1887 2183 1942 per
2212 1872 2479 1942 Unigeniti
2508 1876 2591 1931 sui
2618 1876 2826 1932 Domini
2854 1879 3019 1933 nostri
3042 1879 3167 1933 Jesu
3192 1879 3385 1934 Christi
3416 1895 3539 1949 pas-

288 1962 347 2010 et
368 1953 632 2022 salutare,
664 1969 764 2010 nos
790 1954 883 2009 tibi
905 1969 1119 2025 semper
1147 1962 1203 2010 et
1232 1954 1427 2024 ubique
1457 1954 1651 2024 gratias
1676 1970 1871 2027 agere,

290 2047 518 2102 Domine
546 2058 754 2113 sancte,
790 2048 947 2103 Pater
968 2047 1329 2118 omnipotens,
1355 2056 1556 2102 aeterne
1584 2048 1721 2102 Deus
1746 2066 1758 2100 :
1783 2046 1874 2117 qui

289 2138 593 2194 Ecclesiam
623 2149 762 2193 tuam
796 2139 848 2193 in
878 2138 1166 2208 apostolica
1198 2137 1471 2194 soliditate
1513 2138 1770 2205 ﬁrmasti,
1807 2136 1873 2195 de

290 2246 529 2303 quorum
562 2231 827 2287 consortio
858 2240 984 2309 sunt
1015 2230 1156 2287 beati
1197 2230 1473 2301 Philippus
1513 2240 1567 2287 et
1608 2231 1868 2298 Jacobus,

288 2338 522 2392 quorum
550 2324 810 2394 passionis
840 2323 1002 2379 hodie
1029 2322 1160 2378 festa
1192 2338 1543 2389 veneramur;
1590 2333 1874 2395 poscentes

287 2424 345 2470 ut
392 2413 535 2470 sicut
583 2431 768 2469 eorum
817 2415 1073 2470 doctrinis
1119 2416 1453 2483 instruimur,
1504 2417 1572 2470 ita
1602 2416 1873 2488 exemplis

292 2508 621 2572 muniantur,
673 2514 728 2562 et
756 2505 1031 2576 jprecibus
1081 2505 1417 2579 adjuvemur.
1460 2509 1563 2565 Per
1601 2506 1873 2564 Christum

290 2596 575 2654 Dominum
609 2610 874 2654 nostrum.

893 2686 1043 2759 (560)
1084 2686 1145 2743 Β.
1188 2688 1249 2744 η.

366 2785 446 2837 Ad
470 2784 865 2855 Complendum.
887 2813 958 2825 —
987 2782 1320 2851 Quaesumus,
1358 2782 1604 2851 Domine,
1631 2782 1878 2839 salutari-

292 2874 397 2929 bus
427 2874 613 2943 repleti
644 2874 915 2945 mysteriis
938 2917 952 2941 ,
988 2882 1045 2929 ut
1076 2890 1300 2945 quorum
1335 2874 1589 2945 mysteria
1636 2875 1878 2930 celebra-

289 2983 435 3031 mus,
459 2982 648 3022 eorum
675 2966 1006 3022 orationibus
1027 2966 1361 3035 adiuventur.
1386 2966 1489 3023 Per
1513 2967 1817 3021 Dominum.

363 3061 539 3131 Super
560 3058 831 3131 populum.
854 3088 926 3100 —-
949 3059 1234 3115 Beatorum
1260 3061 1624 3129 apostolorum
1648 3059 1877 3129 Philippi

289 3160 345 3206 et
369 3150 556 3207 Jacobi
589 3150 796 3207 honore
819 3154 1073 3207 continuo
1091 3193 1106 3217 ,
1140 3151 1365 3207 Domine
1389 3193 1405 3218 ,
1438 3152 1593 3222 plebs
1615 3160 1701 3205 tua
1730 3166 1876 3207 sem-

1976 1965 2179 2020 sionem
2209 1977 2263 2021 et
2285 1968 2460 2023 crucis
2487 1970 2776 2035 patibulum
2799 1985 2970 2039 genus
2990 1972 3219 2027 redemit
3237 1972 3547 2028 humanum.

1974 2054 2169 2110 Amen.
2201 2055 2573 2127 Concedatque
2601 2058 2748 2115 vobis
2780 2069 2836 2114 ut
2865 2076 2987 2115 cum
3025 2062 3270 2117 omnibus
3307 2064 3506 2118 sanctis
3529 2092 3552 2133 α

1976 2146 2129 2217 (565)
2153 2163 2268 2217 qum
2294 2151 2366 2203 sit
2389 2149 2629 2220 ejusdem
2661 2153 2835 2209 crucis
2862 2153 3155 2224 longitudo,
3190 2156 3431 2224 latitudo,
3458 2171 3554 2212 su-

1974 2236 2209 2293 blimitas
2238 2247 2293 2295 et
2321 2240 2663 2309 profundum,
2687 2254 2865 2299 mente
2886 2244 3076 2300 devota
3097 2247 3553 2314 comprehendere

1976 2330 2211 2398 possitis.
2257 2330 2450 2389 Amen.
2503 2333 2778 2401 Quatenus
2819 2339 3169 2407 vosmetipsos
3196 2339 3547 2409 abnegando,

1975 2434 2296 2491 crucemque
2328 2426 2623 2494 gestando,
2671 2427 2744 2480 ita
2791 2428 2842 2481 in
2891 2428 3167 2496 praesentis
3210 2430 3330 2483 vitae
3376 2430 3548 2486 stadio

1975 2504 2387 2580 Redemptorem
2434 2525 2674 2572 nostrum
2722 2517 2936 2586 possitis
2981 2520 3130 2588 sequi
3156 2559 3172 2586 ,
3227 2526 3285 2574 ut
3320 2520 3369 2575 ei
3410 2520 3548 2576 inter

1974 2604 2169 2659 choros
2212 2606 2521 2675 angelorum
2568 2616 2687 2677 post
2728 2609 2933 2666 obitum
2981 2609 3291 2666 mereamini
3334 2610 3549 2671 ascisci.‘

1978 2698 2166 2751 Amen.
2197 2697 2346 2763 Quod
2379 2699 2470 2753 ille
2500 2707 2772 2769 prmstare,
2804 2709 2911 2756 etc.

2044 2789 2151 2859 87
2181 2789 2261 2841 Ad
2292 2787 2681 2859 Complendum.
2711 2821 2781 2832 —
2808 2790 3014 2861 Repleti
3043 2792 3293 2847 alimonia
3317 2792 3546 2863 calcati,

1976 2883 2033 2932 et
2060 2877 2281 2945 spiritali
2309 2879 2500 2947 poculo
2530 2878 2754 2935 recreati
2778 2922 2793 2948 ,
2824 2896 3129 2951 quaesumus
3152 2920 3168 2947 ,
3204 2883 3541 2951 omnipotens

1979 2967 2121 3024 Deus
2144 3009 2158 3035 ,
2196 2970 2267 3023 ub
2296 2969 2362 3024 ab
2387 2969 2543 3026 hoste
2572 2973 2805 3042 maligno
2832 2971 3087 3028 defendas
3110 3014 3129 3042 ,
3174 2988 3307 3043 quos
3346 2988 3442 3044 per
3487 2973 3549 3031 Ii-

1980 3077 2142 3133 gnum
2169 3074 2368 3119 sanctae
2396 3066 2570 3120 crucis
2594 3063 2719 3120 Filii
2750 3065 2823 3120 tui
2849 3108 2863 3135 ,
2911 3080 3058 3122 arma
3091 3065 3308 3135 iustitia:
3336 3081 3432 3137 pro
3457 3081 3549 3124 sa.

1980 3156 2090 3210 lnte
2120 3157 2300 3238 mundi
2332 3157 2659 3228 triumphare
2680 3159 2907 3228 iussisti.
2941 3160 3040 3227 Qui
3069 3171 3264 3218 tecum.

291 3258 391 3313 per
415 3244 669 3335 exsultet.
704 3254 755 3298 et
791 3244 874 3298 his
904 3243 1226 3314 praesulibus
1250 3245 1607 3314 gubernetur.
1645 3258 1875 3316 quorum
1900 3246 1949 3311 c
2053 3262 2192 3315 Alia.
2219 3290 2290 3302 —
2317 3260 2477 3328 Deus,
2501 3262 2589 3331 qui
2619 3262 2795 3317 omina
2822 3264 2989 3319 verbo
3019 3271 3108 3318 tuo
3132 3261 3321 3331 iecisti,
3349 3263 3551 3335 suppli-

292 3344 348 3391 ct
372 3334 640 3400 doctrinis
669 3336 868 3405 gaudet
891 3345 947 3391 et
976 3337 1203 3392 meritis.
1235 3337 1358 3392 Per.

291 3430 407 3500 36
426 3445 452 3482 v
475 3443 648 3484 nonas
672 3442 1103 3483 HAll.—NATALlS
1130 3442 1437 3484 snscronuu
1469 3429 1617 3502 (561)
1640 3443 1880 3486 uexan-

770 3515 981 3555 EVERTII
1013 3516 1077 3555 ΕΤ
1109 3515 1370 3555 τιιεουοιι
1380 3544 1391 3555 .

367 3592 611 3659 Praesta,
644 3604 950 3661 qumsumus
974 3631 991 3656 ,
1033 3591 1372 3660 omnipotens
1417 3590 1599 3659 Deus,
1644 3601 1740 3660 ut,
1789 3593 1880 3662 qui

296 3692 614 3737 sanctorum
644 3690 857 3737 tuorum
886 3680 1178 3737 Alexandri
1204 3723 1221 3752 ,
1255 3682 1462 3738 Eventii
1490 3723 1506 3749 ,
1540 3693 1594 3739 et
1624 3682 1881 3740 Theodoti

298 3774 541 3830 natalitia
574 3776 829 3844 colimus,
857 3789 887 3829 a
919 3775 1124 3830 cunctis
1167 3776 1320 3831 malis
1352 3773 1753 3830 imminentibus
1783 3790 1879 3831 eo-

295 3882 414 3922 rum
443 3864 918 3921 intercessionibus
949 3864 1261 3920 liberemur.
1296 3865 1399 3920 Per
1422 3863 1732 3920 Dominum.

372 3957 543 4029 Super
572 3958 765 4013 oblata.
790 3987 859 3997 —-
880 3956 1051 4026 Super
1075 3958 1170 4011 has
1194 3957 1426 4025 Hostias,
1454 3958 1694 4024 Domine,
1720 3958 1883 4014 bene-

294 4049 463 4106 dictio
515 4052 737 4118 copiosa
785 4048 1116 4117 descendat,
1155 4065 1275 4119 qua:
1311 4059 1362 4105 et
1408 4050 1882 4106 sanctiﬁcationcm

296 4143 455 4198 nobis
500 4143 803 4197 clementer
850 4151 1126 4209 oneretur,
1150 4150 1203 4198 et
1244 4142 1311 4201 de
1343 4152 1637 4210 martyrum
1668 4158 1764 4198 nos
1794 4157 1883 4198 so-

297 4234 574 4289 lemnitate
606 4232 861 4288 laetiilcet.
886 4232 1008 4289 Per.

372 4326 456 4381 Ad
489 4326 876 4395 Complendum.
904 4356 975 4367 —
1014 4322 1179 4381 Pasce
1202 4340 1299 4381 nos
1324 4368 1339 4391 ,
1373 4326 1597 4381 Domine
1622 4369 1640 4394 ,
1672 4336 1880 4381 tuorum

296 4416 507 4488 gaudiis
535 4418 735 4488 ubique
761 4425 1065 4473 sanctorum
1086 4459 1101 4484 ,
1145 4419 1265 4488 quia
1308 4427 1503 4473 nostrae
1540 4419 1725 4473 salutis
1753 4433 1882 4488 aug-

300 4518 485 4564 menta
516 4519 643 4563 sunt
667 4550 682 4574 ,
712 4507 919 4577 quoties
947 4508 1051 4563 illis
1079 4510 1250 4563 honor
1289 4509 1648 4579 impenditur,
1682 4511 1733 4564 in
1765 4511 1883 4581 qui-

300 4605 399 4659 bus
428 4613 484 4658 tu
515 4603 775 4659 mirabilis
807 4604 1130 4673 praedicaris.
1165 4607 1287 4660 Per.

355 4708 536 4752 consul
575 4708 687 4751 me.
724 4724 795 4736 --
831 4695 987 4769 (562)
1026 4694 1050 4732 ι’
1079 4711 1325 4752 mvstmo
1361 4711 1577 4753 SANCTE
1613 4708 1820 4754 caucis;

370 4788 539 4849 Deus,
564 4788 656 4856 qui
680 4787 733 4841 in
757 4788 1009 4855 praeclara
1029 4788 1321 4845 salutifera:
1343 4791 1517 4846 crucis
1543 4792 1877 4863 inventione,

302 4876 461 4949 (363)
483 4878 752 4947 passionis
780 4888 884 4934 tute
907 4880 1159 4935 miracula
1189 4882 1460 4936 suscitasti
1480 4922 1496 4949 ,
1524 4884 1761 4939 concede
1779 4924 1794 4951 ,
1824 4892 1883 4940 ut

236 4996 239 5001 ‹
297 4970 481 5025 vitalis
506 4972 637 5041 ligni
664 4972 835 5039 pretio
859 5002 875 5036 δ
908 4981 1124 5027 :eterna:
1154 4971 1280 5027 vitae
1308 4972 1556 5044 sulfragia
1581 4988 1881 5046 consequa-

300 5078 438 5119 mur.
471 5065 573 5130 Qui
602 5066 739 5119 viris
768 5074 823 5121 et
852 5078 1062 5134 regnas.

372 5157 546 5227 Super
575 5168 842 5229 poputum.
892 5189 964 5201 —
1002 5157 1335 5216 Sacriﬁcium
1360 5200 1375 5226 ,
1431 5162 1654 5217 Domine
1680 5203 1693 5226 ,
1740 5162 1884 5233 quod

299 5250 665 5317 immolamus,
692 5250 932 5321 placatus
954 5252 1169 5309 intende
1193 5292 1209 5320 ,
1239 5262 1298 5308 ut
1324 5254 1390 5311 ab
1416 5255 1560 5310 omni
1592 5270 1689 5311 nos
1721 5266 1883 5313 exuat

304 5341 566 5400 bellorum
594 5343 850 5413 nequitia,
883 5345 945 5400 et’
966 5360 1062 5413 per
1092 5345 1343 5401 vexillum
1370 5356 1570 5402 sanctae
1596 5346 1770 5403 crucis
1796 5345 1886 5403 Fi-

374 5484 399 5511 δ
431 5474 488 5529 lu
524 5474 668 5529 Edit.
712 5474 879 5532 Vatic.
923 5486 979 5533 et
1025 5478 1310 5544 Gussanv.,
1363 5478 1530 5545 pridie
1577 5477 1880 5536 celebratur

302 5547 474 5656 vigbilia
504 5555 811 5600 sanctorum
843 5546 1052 5602 i!lorum
1084 5551 1464 5619 apostolorum.

437 5617 488 5656 In
524 5616 744 5656 [alt-nd,
782 5618 912 5656 Rnrn
996 5631 1045 5656 ,ιι
1082 5622 1132 5656 in
1175 5622 1403 5656 unlinnia
1432 5620 1464 5656 Γ

434 5616 749 5689 Ιυνλλιφηά.
782 5618 960 5687 Βοιη..
996 5631 1049 5675 et
1082 5616 1133 5674 in
1173 5622 1404 5689 antiquis
1432 5619 1624 5686 Codd.,
1660 5621 1878 5678 minime

303 5698 477 5744 exstat
504 5688 607 5742 hoc
633 5684 849 5743 festum.
884 5684 1115 5747 liibctur
1145 5684 1319 5747 tamen
1352 5694 1402 5744 in
1432 5684 1667 5747 secundo
1694 5692 1872 5747 Theo-

306 5759 416 5833 iter.
449 5769 502 5833 e_t
536 5758 589 5833 in
621 5757 765 5816 Etlit.
798 5759 1021 5818 Pamelii
1045 5805 1061 5833 ,
1090 5765 1202 5831 etsi
1239 5765 1463 5821 fateatur
1505 5762 1694 5821 abesse
1720 5779 1748 5819 a
1776 5778 1877 5822 suo

305 5827 655 5888 αὐοεοιοιι.

1673 5966 1781 5981 ,σι-ιν

1906 4630 1965 4691 D

1981 3368 2071 3408 ces
2100 3354 2403 3423 quaesumus
2431 3352 2754 3409 inell‘abilem
2784 3354 3119 3410 clementiam
3152 3364 3315 3418 tuam,
3340 3364 3394 3410 ut
3420 3366 3553 3424 quos

1982 3462 2077 3516 per
2106 3448 2303 3517 lignum
2334 3456 2533 3502 sanctae
2573 3448 2747 3503 crucis
2780 3447 2899 3503 Filii
2930 3448 3004 3503 tui
3046 3450 3132 3517 pio
3168 3463 3359 3505 cruore
3406 3446 3553 3519 (366)

1924 3548 1929 3553 ‘
1981 3554 2040 3595 es
2070 3538 2314 3610 dignatus
2338 3538 2624 3607 redimere,
2656 3540 2976 3596 omnibusin
3003 3546 3057 3596 te
3078 3541 3416 3596 credentibus
3438 3540 3554 3595 dira

1983 3633 2248 3702 serpentis
2273 3647 2477 3688 venena
2507 3635 2837 3703 exstinguas,
2863 3642 2918 3689 et
2946 3649 3039 3703 per
3066 3637 3289 3704 gratiam
3326 3635 3556 3701 Spiritus

1982 3728 2151 3785 sancti
2169 3726 2416 3799 poculum
2436 3729 2624 3783 salutis
2646 3744 2858 3800 semper
2877 3727 3140 3783 infundas.
3168 3726 3266 3782 Per
3281 3725 3553 3784 eumdem.

1982 3857 2156 3898 relate
2184 3856 2353 3898 sonas
2376 3857 2507 3897 usu.
2532 3870 2603 3885 --
2627 3842 2654 3878 ά
2680 3858 2900 3898 Μτλιιε
2932 3841 3081 3913 (567)
3123 3856 3305 3897 ελαατι
3344 3856 3556 3900 JOANNIS

2448 3929 2584 3967 ANTE
2613 3928 2817 3969 PORTA)!
2847 3928 3102 3967 LATINAII.

2057 4023 2233 4091 Deus,
2262 4023 2353 4094 qui
2379 4022 2649 4091 conspicis
2677 4021 2798 4091 quia
2827 4036 2923 4077 nos
2953 4022 3184 4092 undique
3216 4021 3352 4077 mala
3378 4028 3558 4078 nostra

1984 4118 2341 4188 perturbant,
2390 4124 2625 4187 praesta,
2663 4131 3008 4186 quaesumus,
3054 4126 3110 4170 ut
3159 4116 3296 4171 beati
3338 4115 3559 4172 Joannis

1985 4210 2211 4280 apostoli
2244 4209 2318 4263 tui
2350 4208 2665 4263 intercessio
2693 4207 2923 4276 gloriosa
2952 4222 3048 4262 nos
3073 4217 3333 4279 prategat.
3363 4206 3488 4265 Per.

2059 4304 2225 4372 Super
2271 4303 2461 4356 oblata.
2487 4330 2554 4341 -—
2584 4301 2889 4358 Muneribus
2940 4303 3135 4357 nistris
3160 4343 3173 4368 ,
3218 4316 3519 4379 quaesumus
3541 4341 3558 4369 ,

1986 4394 2211 4449 Domine
2230 4434 2245 4460 ,
2278 4393 2628 4464 precibusque
2663 4403 2684 4431 ε
2715 4394 2978 4464 susceptis
3002 4437 3016 4460 ,
3045 4405 3097 4450 et
3126 4393 3432 4450 cmlestibus
3459 4407 3557 4449 nos

1987 4470 2185 4540 munda
2209 4488 2498 4558 mysteriis,
2517 4496 2571 4541 et
2593 4486 2885 4541 clementer
2904 4488 3115 4541 exaudi.
3142 4488 3241 4541 Per
3259 4486 3558 4540 Dominum.

2056 4583 2136 4635 Ad
2161 4580 2874 4650 Complettdum.—-Rcfecti,
2906 4581 3150 4646 Domine,
3183 4595 3318 4649 pane
3338 4578 3559 4646 caelesti,

1987 4671 2054 4726 ad
2088 4672 2247 4726 vitam
2268 4712 2282 4739 ,
2312 4686 2649 4741 quaesumus,
2676 4671 2971 4727 nutriantur
2995 4683 3268 4727 aiternam.
3300 4671 3419 4726 Per.

1988 4802 2041 4843 rt
2069 4802 2187 4843 IDUS
2215 4804 2348 4845 usit.
2367 4816 2439 4830 -—
2464 4803 2680 4844 NA'I‘ALIS
2708 4803 3015 4844 sucronuu
3047 4789 3193 4861 (568)
3226 4805 3467 4846 GORDIANI
3497 4805 3558 4847 es

2640 4874 2907 4915 ειιυιΔεω.

2064 4974 2159 5039 Da,
2193 4987 2517 5045 quaesumus,
2550 4973 2887 5044 omnipotens
2909 4972 3069 5040 Deus,
3096 4981 3153 5027 ut
3175 4974 3263 5043 qui
3290 4974 3559 5029 beatorum

1994 5062 2247 5120 Gordiani
2277 5075 2436 5136 atque
2481 5064 2753 5134 Epimachi
2791 5065 3050 5120 spleninia
3087 5066 3347 5137 colimus,
3378 5078 3559 5122 eorum

1990 5159 2127 5228 apud
2160 5167 2213 5212 te
2242 5157 2716 5213 intercessionibus
2745 5156 3078 5227 adjuvemur.
3108 5156 3228 5211 Per.

2062 5253 2233 5324 Super
2258 5252 2446 5306 oblata.
2475 5281 2545 5292 —
2579 5253 2786 5307 llosttas
2815 5248 2907 5305 tibi
2933 5292 2948 5317 ,
2983 5250 3204 5306 Domine
3230 5294 3244 5320 ,
3283 5250 3559 5305 beatorum

1991 5356 2280 5416 martyrum
2310 5342 2567 5401 Gordiani
2595 5350 2755 5412 atque
2798 5340 3074 5412 Epimachi
3116 5339 3315 5397 dicatas
3356 5337 3559 5397 meritis

1987 5552 2027 5607 c
2062 5493 2083 5521 ο
2120 5480 2402 5569 lleperitur
2426 5497 2479 5536 in
2503 5480 2920 5537 Benedicttonau
2943 5521 2960 5549 ,
2995 5476 3061 5535 In
3087 5481 3352 5552 festivitate
3373 5486 3559 5535 sancta

2028 5569 2186 5607 ruris.

2028 5569 2374 5680 rgiiinittitnr
2404 5624 2502 5677 hoc
2529 5622 2720 5677 festum
2754 5624 2805 5678 in
2838 5621 3061 5678 Kalend.
3092 5620 3248 5676 Rom.
3272 5616 3421 5677 Illius
3443 5610 3554 5678 om-

1984 5697 2121 5752 cium
2152 5699 2454 5750 continetur
2484 5695 2534 5748 in
2566 5695 2694 5749 Cod.
2730 5693 2859 5765 Reg.
2891 5696 3049 5765 Suec.

2059 5776 2081 5805 °
2116 5768 2257 5824 Idem
2284 5766 2465 5824 Codex
2491 5765 2652 5823 habet
2678 5764 2955 5835 conceptis.

3583 704 3609 715 ἰ

3550 723 3594 738 Α
