4064 6350
522 385 625 447 103

1703 382 1945 443 SANCTl
1986 382 2316 443 GREGORII
2341 370 2576 442 'MAGNI

3676 382 3781 444 ιοιι

522 508 779 579 benignus
807 518 1042 573 assume,
1071 510 1127 559 et
1155 499 1221 557 ad
1250 508 1566 573 perpetuum
1588 499 1743 557 nobis
1766 499 1939 557 tribue
1967 515 2092 571 pro-
2123 504 2174 565 Α
2201 500 2425 556 Domine
2445 544 2458 563 ,
2492 500 2731 556 lamulari
2761 499 3010 557 salutaris
3037 501 3186 557 cibus
3212 509 3267 559 et
3303 515 3459 560 sacer
3485 510 3642 573 potus
3663 504 3781 560 elﬁ-

520 605 701 661 venire
726 602 1041 657 subsidium.
1076 598 1195 653 Per.

592 697 671 750 Ad
701 692 1093 763 Complendum.
1114 721 1186 733 -—
1207 689 1544 759 Quaesumus,
1571 687 1909 757 omnipotens
1934 686 2095 752 Deus,

518 800 575 845 ut
606 791 691 858 qui
724 788 960 844 cmlestia
990 786 1239 840 alimenta
1264 784 1622 853 percepimus,
1648 778 2100 835 intercedentibus

516 880 715 935 sanctis
747 881 849 935 tuis
878 877 1149 935 Gordiano
1177 885 1336 947 atque
1368 875 1679 944 Epimacho,
1708 887 1805 943 per
1827 870 1940 926 haec
1963 886 2090 925 con—

516 983 595 1027 tra
628 973 849 1027 adversa
880 970 1057 1027 omnia
1090 970 1413 1023 muniamur.
1450 967 1570 1021 Per.

569 1082 622 1121 1v
655 1076 679 1102 ιι
709 1079 827 1122 inus
854 1079 985 1120 ιιΑιι.
1016 1092 1084 1106 --
1110 1076 1331 1117 manus
1361 1058 1510 1130 (369)
1544 1073 1727 1115 SANCTI
1754 1070 2035 1113 PANCRATII

1167 1146 1447 1187 HABTYRIS.

594 1230 794 1284 Praesta
822 1269 837 1296 ,
888 1240 1234 1298 quaesumus,
1290 1224 1627 1292 omnipotens
1674 1222 1851 1282 Deus,
1900 1228 1960 1273 ut
2006 1219 2094 1286 qui

520 1320 662 1375 beati
692 1320 956 1374 Pancratii
990 1316 1260 1386 martyris,
1294 1313 1367 1367 tui
1390 1312 1623 1367 natalitia
1646 1310 1891 1375 colimus,
1915 1324 1943 1362 a
1965 1322 2096 1363 cun-

520 1411 621 1465 ctis
669 1409 823 1465 malis
873 1405 1271 1463 imminentibus
1309 1405 1420 1474 88
1459 1401 1576 1472 ejus
1624 1399 2095 1456 intercessionibus

520 1501 831 1557 liberemur.
866 1499 966 1554 Per
990 1496 1294 1552 Dominum.

594 1592 763 1661 Super
791 1589 982 1644 oblata.
1009 1616 1081 1628 —
1107 1586 1345 1649 Munera,
1376 1596 1704 1653 quaesumus,
1732 1582 1977 1647 Domine,
2002 1580 2096 1635 tibi

517 1686 687 1741 dicata
720 1680 991 1737 sanctiﬁca
1018 1722 1033 1745 ,
1073 1688 1128 1734 et
1154 1718 1171 1739 .
1210 1676 1573 1732 intercedente
1612 1676 1766 1729 beato
1814 1673 2095 1729 Pancratio

518 1784 751 1845 martyre
784 1788 894 1842 tuo,
930 1787 1024 1842 per
1052 1770 1238 1825 eadem
1268 1783 1365 1823 nos
1393 1768 1634 1838 placatus
1665 1765 1900 1822 intende.

1126 1861 1293 1933 (διο).
1316 1861 1377 1915 ιι.
1419 1860 1484 1914 Β.

587 1961 754 2032 Super
778 1957 1044 2030 populum.
1079 1985 1146 1996 —
1175 1954 1323 2011 Beati
1370 1952 1636 2009 Pancratii
1685 1949 1935 2022 martyris
1975 1948 2090 2015 tui,

516 2052 764 2121 Domine,
798 2050 1179 2107 intercessione
1209 2050 1444 2119 placatus
1466 2089 1480 2113 ,
1515 2054 1704 2116 praesta
1724 2086 1739 2111 ,
1767 2058 2090 2114 quaesumus,

518 2156 575 2202 ut
598 2162 716 2216 quae
748 2146 1025 2214 temporali
1057 2143 1393 2199 celebramus
1415 2140 1643 2207 actione,
1669 2146 1923 2209 perpetua
1942 2135 2093 2207 (571)

515 2238 837 2293 salutatione
866 2236 1158 2306 capiamus.
1197 2234 1321 2288 Per.

552 2346 609 2387 ιιι
637 2345 754 2387 IDUS
781 2345 911 2386 tun.
935 2357 1005 2368 —-
1034 2326 1451 2391 (Sittianam
1478 2322 1505 2359 δ
1538 2337 1754 2379 samera:
1780 2336 1958 2377 manu;
1990 2334 2057 2375 an

1149 2411 1450 2451 IARTYBES.

586 2492 850 2557 Concede,
878 2504 1213 2561 quaesumus,
1241 2488 1579 2556 omnipotens
1611 2486 1781 2551 Deus,
1816 2484 1883 2538 ad
1911 2497 2094 2539 eorum

517 2585 707 2656 gaudia
730 2593 929 2639 aeterna
960 2581 1280 2650 pertingere,
1311 2578 1379 2633 de
1407 2592 1633 2647 quorum
1658 2590 1754 2632 nos
1779 2577 1975 2632 virtute
2000 2575 2095 2629 tri-

519 2675 640 2733 buis
668 2690 842 2731 annua
869 2674 1205 2730 solemnitate
1234 2671 1485 2741 gaudere.
1518 2667 1642 2724 Per.

592 2770 762 2841 Super
788 2767 979 2822 oblata.
1010 2796 1077 2807 --
1104 2766 1274 2834 Super
1306 2765 1399 2817 has
1426 2803 1442 2827 ,
1482 2774 1785 2831 quaesumus
1809 2799 1824 2824 ,
1852 2758 2053 2815 hostias
2079 2797 2095 2824 ,

519 2859 765 2927 Domine,
798 2858 1098 2915 benedictio
1125 2855 1342 2923 cepiosa
1372 2849 1688 2916 descendat,
1727 2864 1847 2917 quae
1886 2857 1941 2904 ct
1969 2863 2095 2904 san-

524 2953 904 3012 ctiﬁcalionem
928 2948 1084 3003 nobis
1107 2946 1401 3003 clementer
1430 2952 1702 3012 operetur,
1725 2950 1781 2997 et
1807 2940 1875 2997 de
1897 2948 2099 3011 marty-

519 3060 638 3105 rum
668 3059 767 3101 nos
792 3042 1130 3098 solemnitate
1158 3038 1412 3093 laetiﬁcet.
1449 3035 1569 3090 Per.

569 3124 676 3192 ‘Ad
702 3132 1093 3204 Complendum.
1117 3159 1193 3172 —
1221 3128 1499 3197 Supplices
1526 3135 1578 3181 te
1608 3138 1855 3195 rogamus
1880 3167 1895 3193 ,
1928 3122 2100 3178 omni-

521 3212 882 3305 potens'Deus
905 3267 919 3293 ,
969 3234 1027 3281 ut
1059 3239 1190 3294 quos
1225 3223 1327 3277 tuis
1367 3221 1545 3275 reﬁcis
1584 3218 1929 3275 sacramentis
1951 3255 1967 3281 ,
2008 3215 2099 3270 tibi
2128 3261 2173 3324 Ο

524 3324 686 3381 etiam
718 3321 926 3392 placitis
953 3317 1192 3375 moribus
1219 3315 1501 3386 dignanter
1525 3313 1796 3369 deservire
1816 3310 2097 3367 concedas.

521 3414 647 3473 Per.

524 3517 617 3562 vm
644 3516 916 3561 uruanas
949 3510 972 3540 ο
1001 3513 1157 3557 tuan.
1179 3526 1249 3539 —
1273 3494 1427 3565 (575)
1456 3507 1681 3550 mnus
1702 3507 1887 3548 SANCTI
1911 3506 2105 3547 uanam

1228 3583 1399 3623 ΡΔΡΑΞ.

595 3667 700 3739 Da,
725 3680 1052 3738 quaesumus,
1082 3660 1422 3733 omnipotens
1450 3657 1613 3725 Deus,
1638 3667 1696 3712 ut
1723 3657 1813 3728 qui
1840 3656 1979 3713 beati
2007 3654 2107 3711 Ur-

526 3760 653 3819 bani
678 3758 929 3831 martyris
960 3760 1039 3813 tui
1070 3766 1229 3825 atque
1256 3752 1517 3824 pontiﬁcis
1548 3750 1807 3806 solemnia
1837 3750 2062 3805 colimus
2086 3787 2105 3817 ,

532 3852 649 3923 ejus
676 3852 814 3921 apud
841 3860 892 3907 te
913 3847 1384 3905 intercessionibus
1414 3844 1747 3914 adjuvemur.
1783 3841 1900 3897 Per.

600 3943 773 4015 Super
800 3943 991 3997 oblata.
1012 3971 1084 3984 ——
1106 3939 1229 3995 Hazc
1259 3936 1468 4003 Hostia,
1502 3936 1747 4001 Domine,
1777 3946 2100 4002 quaesumus,

530 4033 785 4089 emundet
805 4042 987 4089 nostra
1016 4030 1240 4087 crimina
1259 4068 1275 4094 ,
1305 4038 1360 4084 et
1380 4068 1395 4093 ,
1425 4026 1792 4082 intercedente
1820 4025 1978 4078 beato
2007 4021 2109 4076 Ur-

525 4126 667 4182 bano
716 4134 953 4195 martyre
996 4134 1124 4187 tuo,
1174 4122 1326 4192 (57/5)
1372 4119 1693 4176 sacriﬁcium
1727 4114 2105 4171 celebrandum

527 4216 860 4272 subditorum
895 4214 989 4269 tibi
1018 4228 1241 4281 corpora
1273 4224 1588 4279 mentesque
1618 4207 1933 4265 sanctiﬁcet.

599 4308 678 4362 Ad
711 4305 1099 4375 Complendum.
1128 4334 1197 4344 —
1227 4304 1375 4359 Beati
1404 4303 1601 4358 Urbani
1632 4300 1881 4371 martyris
1919 4298 1991 4354 tui
2028 4307 2108 4352 at-

529 4414 636 4470 quc
667 4395 951 4467 pontiﬁcis,
987 4395 1239 4457 Domine,
1270 4392 1652 4447 intercessione
1684 4392 1943 4461 placatus,
1971 4402 2108 4457 pra:-

529 4499 632 4555 sta,
653 4501 979 4558 quaesumus,
1002 4495 1059 4540 ut
1080 4499 1196 4555 quae
1221 4483 1501 4553 temporali
1522 4482 1857 4537 celebramus
1876 4479 2104 4544 aetione,

529 4588 787 4651 perpetua
811 4578 1102 4633 salvatione
1118 4574 1409 4645 capiamus.
1425 4574 1527 4629 Per
1545 4574 1823 4651 Dominum
1843 4582 2103 4629 nostrum.

796 4671 821 4710 ά
848 4685 1097 4728 ιιοιιιιιιελ
1127 4687 1144 4725 ι
1172 4683 1299 4725 posr
1329 4681 1564 4725 ocrmts
1593 4680 1828 4722 pascua.

608 4766 770 4833 Deus,
798 4766 888 4834 qui
918 4766 969 4819 in
1002 4764 1118 4819 Filii
1143 4763 1212 4817 tui
1241 4762 1539 4816 humilitate
1564 4760 1827 4830 jacentem
1850 4757 2105 4812 mundum

536 4856 753 4912 crexisti
783 4896 798 4922 ,
827 4855 1069 4911 ﬁdelibus
1096 4856 1199 4909 tuis
1231 4863 1541 4924 perpetuam
1581 4852 1819 4907 lat-titiam
1848 4851 1959 4921 89
1978 4864 2108 4905 con-

537 4946 668 5001 cede
692 4985 709 5011 ,
760 4957 818 4999 ut
859 4960 993 5015 quos
1033 4953 1303 5014 perpetua:
1350 4943 1535 4998 mortis
1583 4940 1823 5011 eripuisti
1856 4939 2105 5005 casibus,

536 5038 740 5109 gaudiis
769 5040 933 5095 facias
958 5037 1296 5105 sempiternis
1319 5038 1539 5107 perfrui.
1570 5035 1692 5090 Per.

604 5131 776 5193 Super
802 5130 989 5186 oblata.
1012 5157 1082 5170 —
1104 5129 1275 5199 Digne
1294 5144 1391 5186 nos
1413 5136 1505 5183 tuo
1528 5125 1751 5192 nomini,
1782 5141 2106 5196 quaesumus,

602 5276 628 5304 α
660 5268 714 5323 1η
764 5267 985 5323 Kalend.
1028 5267 1183 5321 Rom.
1216 5275 1269 5321 et
1312 5263 1409 5318 Ed.
1448 5262 1647 5317 Pamel.
1686 5280 1698 5316 :
1733 5261 1860 5317 Nat.
1904 5276 2111 5319 sancto-

528 5356 643 5394 rum
682 5338 877 5406 Nerei,
913 5351 961 5394 et
1011 5338 1259 5403 Achillei,
1294 5346 1339 5389 et
1382 5333 1669 5387 Pancratii.
1716 5335 1894 5388 Solius
1938 5339 2107 5391 sancti

530 5410 793 5465 Pancratii
824 5410 1063 5463 meminit
1084 5409 1215 5463 Cod.
1252 5410 1383 5474 lieg.
1415 5408 1572 5459 Suec.
1605 5406 2003 5460 Observandum
2027 5415 2111 5461 est

530 5481 585 5535 in
633 5482 855 5536 Kalend.
893 5481 1045 5533 Rom.
1095 5481 1240 5548 prius
1289 5480 1533 5548 annotari
1572 5475 1761 5548 festum
1800 5488 2105 5548 sanctorum

529 5550 684 5607 Nerei
715 5563 768 5607 ct
796 5552 1042 5616 Achillei,
1075 5546 1128 5605 et
1156 5559 1335 5617 postea
1368 5547 1537 5599 sancti
1571 5546 1853 5600 Pancratii.

606 5623 631 5661 δ
664 5625 718 5675 In
751 5624 860 5677 sola
895 5623 1033 5675 Edit.
1068 5620 1269 5674 l’antel.
1305 5637 1315 5671 :
1353 5618 1617 5670 Dedicatio
1658 5617 1879 5670 basilicw
1920 5630 2107 5674 sanctis

535 5691 699 5755 Man,
724 5703 857 5758 etc.,
890 5695 1183 5746 reluctante
1214 5693 1326 5758 ipso
1353 5691 1482 5743 Cod.
1516 5687 1647 5758 Reg.
1682 5690 1842 5743 Suec.

614 5774 635 5799 ε
662 5764 797 5816 Ante
829 5765 925 5815 hoc
955 5765 1162 5816 festum.
1200 5763 1251 5814 in
1280 5759 1373 5813 Itd.
1406 5760 1603 5813 l’antel.
1633 5760 1859 5829 legitur:
1891 5762 2113 5814 Asceusa

534 5833 762 5898 Domini,
796 5834 862 5885 ad
896 5842 1125 5888 sanctum
1166 5832 1400 5887 Petrum.
1452 5830 1579 5887 Item
1624 5848 1637 5887 :
1684 5832 1957 5886 Dominica
2003 5843 2113 5903 post

2205 596 2330 659 ciat,
2361 610 2419 647 ut
2442 601 2712 649 renovatio
2745 592 3063 649 conditionis
3094 596 3369 661 humanae,
3399 610 3556 664 quam
3586 605 3784 666 myste-

2201 685 2281 741 ria
2310 686 2626 755 continent,
2680 686 2735 742 in
2781 686 2977 743 nostris
3018 685 3216 757 jugiter
3241 686 3485 743 sensibus
3510 686 3783 746 oﬁ‘cratur.

2200 777 2322 834 Per.

2219 855 2227 864 ’
2274 867 2548 936 Prwfatio.
2580 898 2651 910 —
2690 869 2827 925 Vere
2856 870 3157 941 dignum'et
3198 872 3397 938 justum
3424 878 3535 940 est,
3574 886 3782 941 aequum

2202 968 2255 1015 et
2285 958 2549 1026 salutare,
2583 972 2682 1015 nos
2712 960 2802 1014 tibi
2836 974 3048 1027 semper
3071 968 3123 1015 et
3156 959 3349 1030 ubique
3374 961 3571 1029 gratias
3604 975 3784 1030 agere,

2202 1051 2427 1105 Domine
2455 1061 2640 1106 sancte
2664 1092 2679 1118 ,
2721 1052 2876 1107 Pater
2903 1051 3269 1121 omnipotens,
3301 1059 3498 1108 aeterne
3529 1052 3666 1107 Deus
3691 1069 3706 1107 :
3733 1061 3788 1107 et

2203 1140 2523 1197 immensam
2551 1142 2804 1197 bonitatis
2834 1152 2935 1198 tua:
2966 1144 3215 1213 pietatem
3247 1142 3514 1200 humiliter
3537 1159 3785 1211 exorare,

2199 1242 2261 1289 ut
2288 1236 2641 1305 ignorantiam
2674 1247 2871 1291 nostrze
2898 1238 3237 1293 mortalitatis
3264 1238 3565 1305 attendens,
3596 1254 3666 1295 ex
3695 1249 3784 1295 tua

2198 1327 2549 1397 inspiratione
2590 1343 2686 1384 nos
2735 1329 2897 1385 facias
2948 1330 3217 1398 postulare
3264 1331 3401 1399 quod
3444 1340 3647 1386 rectum
3676 1341 3783 1397 est,

2198 1426 2255 1473 et
2284 1428 2371 1473 tua
2407 1419 2691 1475 clementia
2739 1420 2941 1476 tribuas
2979 1422 3266 1491 impetrare
3308 1422 3449 1492 quod
3491 1424 3783 1495 poscimus.

2197 1507 2299 1566 Per
2328 1509 2615 1566 Christum.

2270 1601 2581 1659 Benedictio.
2601 1633 2670 1645 -—
2688 1614 2712 1642 ι·
2737 1604 3019 1662 Benedicat
3044 1618 3136 1662 vos
3153 1608 3485 1677 omnipotens
3509 1609 3668 1679 Deus,
3692 1612 3786 1681 qui

2200 1710 2297 1749 vos
2324 1696 2557 1765 gratuita
2595 1696 2937 1753 miseratione
2965 1699 3195 1766 creavit,
3234 1707 3289 1755 et
3312 1700 3364 1755 iu
3391 1703 3788 1758 resurrectione

2202 1784 2465 1857 Unigeniti
2511 1787 2593 1841 sui
2622 1801 2771 1857 spem
2824 1789 2974 1844 vobis
3021 1790 3330 1861 resurgendi
3374 1794 3655 1848 concessit.
3708 1798 3788 1849 A-

2121 1871 2173 1933 B
2201 1892 2343 1933 men.
2387 1877 2688 1935 Resuscitet
2717 1894 2812 1935 vos
2839 1880 2905 1937 de
2934 1882 3183 1937 vitiorum
3214 1881 3472 1952 sepulcris
3491 1925 3506 1950 ,
3538 1885 3625 1953 qui
3657 1898 3784 1939 eum

2200 1971 2535 2025 resuscitavit
2565 1986 2596 2026 a
2644 1974 2890 2030 mortuis.
2938 1974 3129 2029 Amen.
3194 1973 3260 2030 Ut
3302 1990 3421 2030 cum
3451 1990 3514 2031 eo
3542 1976 3657 2031 sine
3678 1976 3787 2031 ﬁne

2206 2058 2440 2117 feliciter
2464 2062 2675 2129 vivatis,
2703 2078 2862 2133 quem
2886 2064 3239 2119 resurrexisse
3266 2081 3296 2119 a
3326 2068 3546 2121 mortuis
3572 2067 3787 2123 veraci-

2196 2161 2280 2210 ter
2308 2156 2545 2209 creditis.
2579 2158 2770 2209 Amen.
2803 2156 2954 2223 Quod
2986 2156 3097 2225 ipse
3124 2168 3395 2226 praestare.

2267 2249 2347 2302 Ad
2377 2249 2765 2320 Complendum.
2804 2280 2874 2289 —
2904 2249 3178 2304 Paschalia
3222 2250 3373 2305 nobis
3399 2292 3413 2317 ,
3458 2265 3781 2320 quaesumus,

2198 2342 2447 2409 Domine,
2480 2345 2715 2399 remedia
2746 2344 3026 2414 dignanter
3064 2347 3331 2416 impende,
3369 2355 3426 2401 ut
3456 2359 3660 2404 terrena
3688 2351 3788 2406 de-

2197 2437 2393 2493 sideria
2424 2449 2759 2506 respnentes,
2792 2439 3058 2495 discamus
3086 2454 3265 2497 amare
3292 2441 3545 2497 cmlestia.
3588 2442 3708 2498 Per.

2270 2532 2443 2602 Super
2468 2543 2736 2600 populum.
2760 2562 2829 2571 —
2859 2532 3133 2588 Familiam
3152 2544 3650 2603 tuam,quazsumus,
3678 2534 3789 2589 Do-

2197 2626 2342 2680 mine
2367 2670 2380 2693 ,
2416 2626 2631 2680 dextera
2671 2638 2760 2681 tua
2798 2638 3056 2696 perpetuo
3095 2626 3388 2682 circumdet
3425 2626 3656 2693 auxilio,
3692 2636 3783 2697 ut,

2200 2717 2438 2795 paschali
2472 2717 2860 2772 interveniente
2911 2718 3245 2772 solemnitate
3269 2760 3284 2786 ,
3330 2717 3399 2773 ab
3432 2720 3575 2773 omni
3604 2719 3787 2789 pravi-

2202 2819 2313 2867 tate
2340 2809 2561 2866 delensa
2592 2810 2748 2866 donis
2778 2810 3086 2867 caelestibus
3121 2821 3490 2880 prosequatur.
3530 2812 3652 2870 Per.

2499 2941 2747 2981 DOMINICA
2772 2942 2806 2981 ll
2836 2940 2965 2983 POS'I‘
2989 2940 3223 2982 OCTAVAS
3249 2940 3483 2983 ΡΑεειιΑς.

2280 3040 2417 3095 Deus
2444 3040 2533 3109 qui
2564 3040 2896 3105 errantibus,
2929 3048 2989 3095 ut
3013 3040 3064 3095 in
3092 3040 3233 3095 viam
3261 3039 3467 3110 possint
3504 3038 3676 3094 redire
3698 3038 3791 3108 ju-

2201 3132 2360 3189 stitize
2384 3176 2398 3199 ,
2448 3133 2691 3188 veritatis
2718 3142 2823 3189 tuae
2853 3134 3035 3191 lumen
3065 3134 3335 3200 ostendis,
3383 3133 3447 3188 da
3473 3134 3677 3189 cunctis
3697 3136 3792 3205 qui

2205 3222 2505 3277 Chrisﬁana
2528 3223 2853 3289 perlessionc
2878 3232 3183 3285 censentur.
3214 3224 3370 3280 etilla
3393 3239 3641 3294 respuere
3667 3240 3795 3296 quae

2205 3318 2328 3373 huic
2366 3318 2587 3373 inimica
2634 3326 2756 3373 sunt
2799 3317 3031 3386 nomini,
3063 3327 3117 3373 et
3140 3332 3202 3374 ea
3224 3333 3345 3389 quae
3373 3326 3499 3374 sunt
3522 3328 3641 3389 apta
3672 3332 3795 3375 sec-

2207 3410 2329 3465 tari.
2372 3410 2495 3465 Pcr.

2282 3515 2452 3583 Super
2479 3515 2669 3570 oblata.
2701 3539 2776 3556 —
2816 3514 2956 3571 Deus
2981 3556 2995 3581 ,
3038 3517 3125 3585 qui
3165 3514 3499 3572 solemnitate
3540 3514 3786 3586 paschali

2212 3611 2453 3667 coelestia
2483 3608 2683 3665 mundo
2720 3610 2954 3667 remedia
3006 3609 3267 3679 benignus
3293 3609 3531 3680 operaris
3552 3648 3567 3675 ,
3615 3624 3796 3663 annua

2211 3701 2511 3757 festivitatis
2554 3702 2713 3772 hujus
2750 3702 2885 3756 dona
2928 3717 3283 3771 prosequere;
3346 3710 3404 3757 ut
3449 3702 3796 3758 observantia

2214 3794 2522 3863 temporalis
2572 3793 2639 3847 ad
2691 3792 2849 3848 vitam
2890 3794 3045 3849 nobis
3099 3793 3337 3865 proﬁciat
3385 3796 3795 3865 sempiternam.

2210 3887 2333 3943 Per.

2286 3995 2555 4065 Ρταείαιὶο.
2578 4023 2648 4034 —-
2670 3996 2808 4051 Vere
2835 3994 3050 4066 dignum
3079 4005 3132 4051 et
3151 3999 3352 4066 justum
3375 4004 3476 4063 est,
3502 4012 3707 4067 :cquum
3741 4005 3799 4052 et

2210 4088 2446 4143 salutare
2471 4127 2486 4152 ,
2536 4102 2633 4143 nos
2673 4088 2770 4143 tibi
2800 4103 3012 4158 semper
3054 4096 3110 4143 et
3150 4088 3344 4158 ubique
3386 4089 3582 4159 gratias
3610 4103 3798 4158 agere,

2214 4178 2439 4234 Domine
2488 4188 2707 4244 sancte,
2761 4179 2918 4234 Pater
2958 4178 3335 4249 omnipotens,
3385 4190 3584 4234 aeterne
3611 4179 3796 4235 Deus:

2211 4272 2340 4343 qui,
2390 4272 2457 4327 de
2495 4273 2704 4343 Virgine
2750 4274 2893 4328 nasci
2922 4274 3197 4341 dignatus,
3254 4288 3346 4339 per
3388 4272 3689 4342 passionem
3742 4282 3801 4327 et

2211 4376 2439 4423 mortem
2470 4382 2499 4421 a
2530 4376 2784 4436 perpetua
2811 4384 2910 4423 nos
2939 4380 3108 4422 morte
3135 4368 3394 4431 liberavit,
3426 4376 3479 4421 et
3518 4380 3801 4422 resurrec-

2216 4460 2360 4515 tione
2393 4474 2489 4514 sua
2518 4470 2775 4516 retentam
2807 4460 2959 4516 nobis
2991 4460 3153 4514 vitam
3178 4459 3421 4515 contulit.
3447 4459 3548 4515 Per
3576 4474 3757 4524 quem.

2289 4572 2309 4611 ί
2342 4571 2663 4628 Benedictio.
2682 4604 2751 4615 —
2772 4574 2933 4642 Deus,
2960 4576 3047 4645 qui
3077 4590 3170 4645 per
3194 4572 3632 4630 resurrectionem
3666 4570 3799 4627 Uni-

2134 4646 2186 4706 Ῑ)
2212 4663 2376 4735 geniti
2424 4665 2507 4720 sui
2552 4666 2705 4720 vobis
2728 4666 2949 4720 contulit
2988 4675 3043 4721 et
3087 4667 3279 4721 bonum
3309 4665 3711 4736 Redemptionis
3742 4675 3799 4720 et

2214 4758 2380 4815 decus
2403 4758 2725 4828 adoptionis,
2755 4760 2865 4829 9o
2889 4774 2999 4815 suae
3024 4760 3179 4815 vobis
3198 4758 3438 4816 conferat
3465 4760 3680 4830 praemia
3703 4758 3799 4812 be-

2216 4853 2559 4909 nedictionis.
2590 4856 2783 4911 Amen.
2826 4856 2892 4909 Et
2917 4871 3023 4925 quo
3052 4854 3349 4911 redimente
3365 4855 3677 4924 percepistis
3698 4855 3799 4910 do-

2214 4959 2340 4998 num
2374 4956 2641 5015 perpetua:
2672 4946 2930 5002 libertatis
2955 4986 2972 5013 ,
3020 4961 3086 5001 co
3133 4946 3389 5015 largiente
3417 4955 3692 5001 consortes
3714 4944 3798 5000 el-

2216 5036 2471 5092 ﬁciamini
2501 5046 2713 5093 mternae
2744 5038 3091 5095 hacreditatis.
3122 5038 3312 5094 Amen.
3361 5038 3429 5093 Et
3453 5038 3538 5093 cui
3565 5051 3799 5093 consur-

2213 5128 2430 5185 resistis
2466 5128 2519 5185 in
2548 5128 2864 5199 baptismate
2911 5130 3209 5193 credendo,
3237 5129 3452 5201 adjungi
3481 5128 3799 5185 mereamini

2216 5282 2445 5320 ascensa.
2501 5267 2739 5335 Denique
2772 5285 2781 5319 :
2818 5264 3026 5321 Festum
3065 5278 3255 5323 sanch
3296 5266 3620 5322 Potentiorum
3655 5267 3789 5335 virg.

2213 5339 2365 5405 Quod
2399 5339 2559 5390 etiam
2589 5338 2805 5393 exhibet
2833 5340 3056 5392 Kalend.
3092 5340 3270 5403 Rom.,
3302 5338 3369 5395 ad
3392 5337 3531 5393 diem
3558 5337 3623 5392 l9
3647 5336 3795 5406 Maii,

2215 5408 2308 5463 sed
2338 5410 2435 5462 sub
2462 5409 2676 5461 nomine
2706 5419 2898 5463 sancta:
2931 5410 3293 5465 Pudentianm.

2215 5476 2312 5603 Εάά
2338 5478 2461 5602 lll’mc
2493 5480 2761 5601 Ιῖοιιιὶιιὶςει
2792 5490 2909 5550 post
2932 5479 3132 5535 Pascha
3163 5490 3314 5536 vacat
3346 5495 3466 5536 cum
3492 5477 3703 5535 caneris
3735 5479 3794 5535 in

2236 5564 2243 5583 α
2300 5590 2310 5600 .
2392 5565 2509 5602 ante
2538 5588 2550 5601 .

2236 5554 2310 5602 Sd.
2350 5554 2550 5602 l’amel.

2292 5629 2314 5657 ε
2358 5619 2478 5672 llaec
2510 5620 2817 5673 Benedictio
2852 5621 2903 5673 in
2933 5620 3354 5677 Bcnedictionali
3388 5619 3623 5690 Gregorii
3652 5622 3795 5676 assi-

2214 5705 2437 5814 gnatlur:
2464 5690 2548 5813 ibe
2594 5690 2978 5745 llesurrectione
2999 5719 3022 5761 ,ι
3045 5702 3165 5765 post
3192 5692 3618 5750 Bcnedictionem
3644 5701 3785 5749 octa-

2214 5776 2297 5814 va:
2370 5777 2457 5813 asc
2483 5776 2564 5814 ιω.

2214 5776 2297 5816 va:
2330 5776 2564 5817 I’ascntc.

2295 5831 2312 5869 ί
2358 5833 2573 5904 Legitur
2604 5834 2654 5891 in
2678 5834 3095 5894 Bcnedictionali
3118 5842 3238 5906 post
3268 5834 3681 5908 praecedentem.
