4064 6350
327 327 435 389 105

325 550 603 610 praestare.

389 636 471 689 Ad
495 635 890 707 Complendum.
910 670 980 684 —-
1001 644 1336 721 Qumsnmus,
1381 659 1717 729 omnipotens
1747 664 1908 734 Deus,

311 724 424 796 jam
467 743 575 785 non
621 736 905 788 teneamur
954 738 1171 797 obnoxii
1227 750 1505 807 sententia:
1551 752 1909 816 damnationis

320 816 592 888 humanm,
624 823 777 893 cujus
800 841 897 883 nos
924 828 1147 887 vinculis
1174 836 1288 891 haec
1317 841 1618 913 redemptio
1647 848 1909 917 paschalis

313 909 563 965 absolvit.

390 1002 532 1057 Alia.
555 1032 626 1046 -—
650 1005 777 1074 Fac,
795 1025 1120 1082 quaesumus,
1150 1020 1485 1091 omnipotens
1514 1025 1672 1095 Deus,
1705 1040 1764 1086 ut
1791 1036 1900 1103 qui,

309 1094 655 1161 paschalibus
686 1102 939 1157 remediis
965 1105 1198 1164 innovati
1225 1154 1237 1177 ,
1268 1114 1682 1181 ,similitudinem
1708 1124 1903 1181 terreni

303 1184 538 1249 parentis
566 1187 848 1255 evasimus,
878 1191 946 1246 ad
974 1193 1201 1253 formam
1228 1202 1461 1259 cmlestis
1503 1211 1891 1271 transferamur

304 1276 560 1330 auctoris.
605 1277 707 1344 Qui
742 1290 939 1338 tecum.

586 1408 837 1451 DOMINICA
867 1413 924 1453 ιιι
964 1414 1093 1455 POST
1125 1417 1357 1462 OCTAYAS
1380 1424 1612 1469 PASCHE.

370 1501 532 1568 Deus,
568 1504 659 1574 qui
690 1506 923 1564 ﬁdelium
957 1520 1164 1569 mentes
1198 1519 1352 1573 unius
1380 1518 1549 1579 efﬁcis
1583 1525 1889 1597 voluntatis,

301 1589 367 1645 da
398 1596 607 1663 populis
639 1598 744 1653 tuis
776 1600 828 1654 id
854 1617 1033 1659 amare
1063 1605 1202 1676 quod
1234 1611 1498 1682 praecipis,
1534 1617 1586 1672 id
1615 1589 1889 1677 desidera;

299 1691 361 1735 re
384 1684 520 1750 quod
553 1689 821 1753 promittis
844 1731 859 1757 ,
911 1702 967 1747 ut
1000 1695 1142 1753 inter
1181 1704 1478 1761 mundanas
1503 1710 1787 1767 varietates
1817 1713 1888 1769 ibi

299 1784 482 1828 nostra
513 1778 610 1833 ﬁxa
640 1780 751 1835 sint
778 1783 963 1851 corda,
998 1787 1084 1842 ubi
1116 1805 1246 1848 vera
1276 1804 1400 1850 sunt
1432 1799 1643 1867 gaudia.
1688 1802 1810 1861 Per.

1501 354 1709 415 LIBER
1746 360 2385 431 SACRAMENTORUM.

227 506 239 531 I
320 438 379 500 in
409 448 610 504 ctelesti
658 447 881 523 regione
907 454 1041 514 bene
1068 459 1314 519 vivendo.
1364 466 1557 527 Amen.
1602 473 1753 542 Quod
1788 477 1905 548 ipse
1931 491 1987 553 Α

3492 396 3592 453 106

2642 492 2953 554 Benedictio.

2091 579 2173 633 Ad
2214 579 2599 653 Complendum.
2626 616 2692 628 -—
2715 589 2943 659 Prtesta,
2978 608 3281 663 quaesumus
3306 642 3321 668 ,
3354 608 3575 675 omnipo

2016 672 2134 722 tens
2170 668 2306 726 Deus
2332 715 2347 740 ,
2400 683 2454 729 ut
2480 677 2831 744 percipientes
2860 681 3099 738 Paschali
3129 703 3350 747 munere
3378 696 3589 753 veniam

2013 770 2381 830 peccatorum,
2443 766 2692 841 deinceps
2734 784 2949 842 peccata
2990 778 3238 843 vitemus.
3282 784 3385 843 Per
3406 787 3589 845 Domi-

2011 865 2139 907 num
2168 864 2427 912 nostrum.

2646 973 2802 1014 FERIA
2836 977 2893 1015 II.

2078 1035 2145 1089 In
2174 1038 2325 1111 (380)
2356 1049 2381 1081 ἰ
2437 1043 2645 1101 Litam‘a
2682 1050 2905 1124 Majore.
2958 1058 3184 1116 Mentem
3227 1064 3437 1121 familiae
3483 1080 3585 1126 tua:

2004 1142 2340 1201 quaesumus,
2374 1136 2613 1206 Domine,
2646 1142 3012 1205 intercedente
3043 1154 3196 1210 beato
3228 1157 3317 1212 Ιίι.
3341 1203 3355 1226 ,
3386 1171 3438 1215 et
3469 1179 3586 1218 tutt-

2000 1236 2130 1276 nere
2153 1231 2574 1294 compunctionis
2601 1238 2767 1305 aperi,
2792 1250 2844 1295 et
2867 1243 3107 1313 largitate
3134 1251 3347 1319 pietatis
3368 1259 3580 1313 exaudi.

1998 1311 2103 1369 Per
2133 1316 2431 1375 Dominum.

2068 1407 2207 1462 Alia.
2232 1439 2302 1451 -—
2330 1414 2469 1470 Deus
2495 1457 2509 1482 ,
2551 1422 2637 1488 qui
2668 1437 2851 1493 ctnpas
2892 1429 3308 1501 delinquentium
3339 1440 3581 1501 districte

1996 1497 2233 1555 feriendo
2265 1508 2515 1573 percutis,
2546 1510 2701 1567 fletus
2729 1532 2939 1588 quoque
2974 1524 3258 1593 lugentium
3292 1548 3396 1586 non
3428 1552 3581 1592 recu-

1996 1603 2107 1659 ses,
2146 1604 2202 1646 nt
2229 1596 2317 1663 qui
2352 1604 2556 1665 pondus
2588 1611 2688 1660 tua:
2710 1609 3185 1673 animadversionis
3211 1627 3576 1699 cognovimus,

1990 1686 2151 1739 etiam
2182 1689 2395 1755 pietatis
2426 1697 2651 1761 gratiam
2684 1704 2995 1760 sentiamus.
3027 1710 3149 1765 Per.

2058 1780 2461 1853 Alia.-Parce,
2483 1804 2808 1856 quaesumus,
2831 1795 3073 1864 Domine,
3094 1818 3248 1870 parce
3276 1812 3573 1877 populotno

371 1865 543 1929 super
566 1872 759 1926 abtum.
784 1903 851 1916 _
876 1878 1164 1948 lambere"
1197 1865 1519 1957 qumsumi’s’
1557 1892 1798 1962 Domine,
1831 1898 1882 1953 in
1914 1885 1960 1945 Β
1989 1876 2043 1923 et
2088 1872 2664 1972 nullis‘jantpatiaris
2700 1865 3108 1947 adversitatibus
3166 1896 3315 1968 (582)
3344 1900 3572 1972 fatigari,

292 1958 559 2012 mentibus
588 1963 786 2018 nostris
807 1966 1070 2034 paschalis
1100 1974 1284 2042 'gratia
1314 1983 1669 2051 sacramenti,
1699 1994 1756 2039 ut
1782 1986 1880 2041 do-

291 2046 375 2100 nis
404 2050 518 2102 suis
542 2052 658 2119 ipse
689 2069 787 2109 nos
818 2056 1007 2125 dignos
1035 2060 1250 2120 efficiat.
1295 2065 1417 2123 Per.

366 2140 637 2211 Prtefutt'o.
658 2177 728 2188 -—
748 2149 889 2206 Vere
916 2152 1130 2223 dignum
1164 2167 1217 2212 et
1236 2159 1437 2229 justum
1468 2174 1571 2232 est,
1594 2182 1804 2238 aequum
1827 2180 1882 2227 et

290 2230 535 2288 salutare
559 2275 573 2300 ,
618 2253 712 2292 nos
740 2240 828 2296 tibi
864 2256 1080 2315 semper
1120 2257 1173 2303 et
1215 2251 1409 2323 ubique
1457 2259 1655 2325 gratias
1693 2276 1873 2334 agere,

288 2318 523 2380 Domine
549 2338 744 2397 sancte,
777 2331 939 2390 Pater
972 2340 1307 2409 omnipotens
1331 2385 1347 2410 ,
1379 2357 1577 2405 aeterne
1620 2352 1759 2407 Deus
1785 2372 1797 2407 :
1825 2365 1879 2411 et

287 2411 440 2484 (375)
474 2420 547 2473 tui
589 2423 1012 2485 misericordiam
1054 2438 1289 2491 muneris
1318 2442 1614 2510 postulare,
1651 2453 1706 2499 ut
1737 2456 1875 2503 tem-

287 2518 438 2576 pora,
463 2513 655 2580 quibus
687 2527 807 2585 post
846 2525 1293 2583 resurrectionem
1324 2545 1475 2586 suam
1504 2534 1753 2592 Dominus
1781 2554 1877 2593 no-

285 2606 395 2652 ster
419 2599 573 2657 Jesus
598 2603 843 2664 Christus
873 2611 1148 2683 discipulis
1188 2620 1300 2675 suis
1330 2627 1686 2692 corporaliter
1713 2644 1876 2699 appa-

286 2688 411 2755 ruit,
442 2692 519 2746 sic
547 2694 699 2767 (576)
751 2700 868 2770 ipso
907 2706 1198 2774 opitulante
1240 2711 1325 2780 pia
1372 2688 1652 2774 devotione
1679 2688 1873 2777 tracte-

285 2795 435 2847 mus,
486 2800 747 2857 quatenus
792 2796 848 2852 in
912 2798 995 2857 his
1039 2805 1275 2860 omnium
1323 2810 1573 2869 vitiorum
1622 2816 1872 2875 sordibus

280 2887 572 2939 careamus.

830 2980 1331 3055 (577):Benediclio.

349 3082 433 3135 Ad
452 3080 847 3156 Complendum.
873 3124 941 3136 —
961 3096 1207 3160 Concede
1228 3145 1245 3172 ,
1278 3121 1583 3177 quaesumus
1605 3154 1622 3182 ,
1654 3117 1866 3174 miseri-

279 3184 401 3228 cors
426 3175 565 3232 Deus
589 3222 603 3246 ,
652 3191 711 3237 ut
739 3188 878 3255 quod
928 3194 1265 3260 paschalibus
1295 3175 1635 3272 exsequimur
1661 3210 1870 3266 institu-

279 3262 370 3331 tis,
407 3268 736 3329 salutifernm
767 3278 923 3335 nobis
953 3286 1099 3341 omni
1140 3294 1383 3359 tempore
1419 3295 1730 3355 sentiamus.
1770 3301 1873 3358 Per

282 3352 565 3416 Dominum
594 3375 857 3424 nostrum.

351 3446 521 3518 Super
544 3456 821 3524 populum.
838 3491 911 3504 —
933 3464 1193 3538 Gaudeat,
1224 3471 1470 3545 Domine,
1496 3478 1650 3547 plebs
1675 3482 1865 3553 ﬁdelis;

277 3544 472 3596 etcum
497 3548 726 3617 propriae
754 3555 943 3611 recolit
978 3560 1288 3619 salvationis
1317 3570 1532 3625 exordia
1551 3612 1565 3639 ,
1604 3574 1720 3643 ejus
1747 3592 1871 3644 pro-

277 3648 553 3696 moveatur
590 3651 918 3716 augmentis.
959 3652 1066 3711 Per
1103 3656 1389 3718 Dominum
1425 3674 1663 3724 nostrum
1686 3670 1869 3729 Jesum

277 3721 563 3789 Christum.

555 3863 810 3911 DOIINICA
831 3871 889 3913 ιν
915 3873 1047 3917 Ροετ
1075 3877 1313 3925 οετΔνΑε
1338 3885 1571 3929 ΡΑεοιυε.

347 3954 485 4013 Deus
514 3975 543 4015 a
578 3978 684 4033 quo
713 3968 854 4025 bona
879 3982 1071 4030 cuncta
1100 3982 1415 4053 procedunt,
1445 3986 1637 4057 largire
1672 3992 1865 4062 suppli-

282 4043 419 4103 cibus
449 4052 553 4108 tuis
583 4064 644 4109 ut
665 4060 962 4129 cogitemus
994 4072 1046 4122 te
1082 4068 1377 4140 inspirante
1402 4091 1520 4145 quac
1544 4087 1689 4135 recta
1714 4093 1861 4154 sunt,

283 4144 331 4191 et
352 4146 400 4193 te
422 4144 754 4210 gubernante
782 4153 967 4210 eadem
994 4155 1271 4218 faciamus.
1311 4144 1433 4221 Per.

346 4229 510 4303 Super
539 4238 733 4295 oblata.
753 4273 816 4283 —
836 4244 1189 4310 Clementiam
1241 4266 1382 4315 tuam
1406 4302 1420 4327 ,
1450 4261 1706 4335 Domine,
1735 4284 1860 4340 sup-

1408 4318 1419 4327 ,
1736 4318 1831 4340 -νιν

282 4318 483 4387 pliciter
526 4344 812 4392 exoramus
834 4378 850 4404 ,
884 4341 987 4411 91
1023 4353 1078 4399 ut
1117 4348 1381 4415 paschalis
1420 4359 1658 4413 muneris
1679 4374 1857 4416 sacra-

280 4426 544 4489 mentum,
596 4431 738 4496 quod
783 4430 887 4489 ﬁde
923 4439 1239 4510 recolimus,
1291 4453 1345 4500 et
1367 4462 1463 4517 spe
1492 4450 1855 4512 desideramus

276 4502 477 4585 intenti,
506 4530 762 4589 perpetua
784 4524 1067 4587 dilectione
1096 4537 1388 4606 capiamus.
1419 4540 1539 4597 Per.
1616 4602 1619 4603 ν

1989 1976 2123 2031 quos
2142 1966 2373 2031 pretioso
2404 1968 2519 2024 Filii
2552 1973 2627 2027 tui
2655 1978 2909 2046 sanguine
2937 1984 3230 2042 redemisti.
3254 1991 3349 2057 Qui
3373 2004 3568 2058 tecum.

2056 2054 2195 2109 Alia.
2220 2058 2448 2115 ——Deus
2470 2102 2486 2128 ,
2539 2066 2627 2134 qui
2672 2069 2854 2137 culpas
2901 2085 3108 2129 nostras
3140 2081 3237 2147 piis
3265 2086 3574 2145 verberibus

1984 2147 2240 2215 percutis,
2282 2158 2338 2203 ut
2366 2166 2461 2206 nos
2505 2169 2532 2207 a
2564 2159 2761 2214 nostris
2786 2161 3151 2233 iniquitatibus
3178 2178 3434 2233 emundes
3462 2221 3474 2239 .
3505 2182 3571 2236 da

1982 2239 2136 2293 nobis
2182 2250 2238 2295 et
2282 2242 2348 2298 de
2396 2246 2623 2304 verbere
2673 2261 2761 2307 tuo
2786 2257 3047 2323 proficere
3068 2302 3083 2328 ,
3113 2273 3165 2318 et
3194 2266 3261 2321 de
3298 2278 3386 2324 tua
3415 2272 3572 2332 citius

1982 2332 2349 2390 consolatione
2376 2339 2628 2407 gaudere.
2672 2343 2771 2400 Per
2804 2348 3081 2408 Dominum
3111 2366 3369 2415 nostrum.

2048 2422 2191 2481 Alia.
2213 2455 2284 2465 —
2304 2425 2527 2500 Adesto,
2560 2434 2816 2504 Domine,
2844 2444 3313 2511 supplicationibus
3351 2458 3569 2526 nostris,

1991 2522 2045 2569 et
2074 2530 2354 2585 sperantes
2390 2524 2442 2577 in
2473 2534 2560 2581 tua
2589 2530 2951 2591 misericordia
2972 2578 2987 2604 ,
3019 2540 3383 2604 intercedente
3410 2550 3569 2607 beato

1978 2605 2142 2662 Petro
2163 2614 2409 2678 apostolo
2442 2624 2556 2684 tuo,
2586 2621 2790 2678 coelesti
2816 2636 3035 2699 protege
3059 2632 3321 2705 benignus
3347 2642 3566 2700 auxilio.

1977 2696 2101 2755 Per.
2661 2719 2670 2728 ‘

2047 2793 2495 2865 Alia.—Prtesta,
2525 2817 2851 2878 quaesumus,
2883 2816 3217 2885 omnipotens
3248 2823 3475 2891 Deus,ut
3498 2831 3566 2884 ad

1974 2893 2028 2940 te
2047 2892 2155 2941 toto
2171 2889 2333 2944 corde
2362 2891 2670 2963 clamantes,
2690 2897 3055 2961 intercedente
3080 2908 3237 2965 beato
3260 2889 3417 2969 Petro
3434 2931 3565 2987 apo-

1973 2978 2113 3034 stolo
2151 2987 2244 3039 tuo
2266 3022 2284 3050 ,
2315 2990 2419 3040 tuae
2457 2986 2667 3055 pietatis
2707 2991 3092 3073 indulgentiam
3149 3016 3558 3077 consequamur.

1976 3068 2087 3126 Per
2120 3071 2178 3126 ι).

2045 3162 2127 3215 Ad
2148 3163 2387 3223 Missam.
2428 3199 2499 3211 —
2534 3171 2764 3241 Praesta,
2813 3195 3117 3250 quaesumus
3142 3233 3155 3257 ,
3220 3204 3562 3263 omnipotens

1903 3266 1948 3329 ς
1980 3251 2145 3321 Dens,
2174 3266 2233 3312 ut
2262 3261 2352 3329 qui
2383 3262 2436 3317 in
2467 3264 2759 3325 afflictione
2786 3284 2967 3330 nostra
2994 3277 3061 3333 de
3091 3251 3177 3335 tua
3206 3251 3404 3351 pietate
3432 3301 3562 3343 con-

1979 3348 2217 3418 ﬁdimus,
2248 3362 2433 3411 contra
2459 3359 2680 3416 adversa
2711 3367 2889 3422 omnia
2921 3376 3009 3424 tua
3033 3386 3246 3444 semper
3274 3379 3561 3446 protectio-

1973 3455 2043 3496 ne
2074 3444 2397 3501 muniamur.
2437 3449 2540 3505 Per
2563 3452 2843 3511 Dominum
2877 3471 3138 3519 nostrum.

2042 3534 2149 3604 92
2176 3534 2344 3605 Super
2368 3540 2558 3596 oblata.
2580 3574 2653 3584 —
2675 3545 3008 3607 Sacriﬁcium
3038 3566 3237 3613 nostra:
3267 3564 3557 3629 paenitudi-

1970 3623 2052 3678 nis
2078 3625 2381 3695 jejunantes
2402 3674 2416 3697 ,
2450 3634 2704 3704 Domine,
2740 3640 2831 3696 tibi
2863 3646 3243 3719 persolvimus,
3267 3654 3557 3715 obsecran-

1972 3724 2050 3771 tes
2082 3727 2158 3787 ut,
2190 3720 2306 3789 ejus
2354 3725 2548 3781 virtute
2595 3731 2783 3787 muniti
2809 3775 2823 3801 ,
2856 3748 3070 3807 semper
3090 3740 3157 3796 ad
3180 3744 3399 3803 caeleste
3427 3763 3556 3807 con-

1967 3806 2163 3863 vivium
2193 3811 2525 3871 festinemus.
2558 3819 2677 3874 Per.

2038 3899 2567 3973 Prwfatio.-—Vere
2613 3911 2831 3982 dignum
2876 3926 2930 3974 et
2965 3921 3163 3990 justum
3206 3935 3308 3995 est,
3340 3944 3550 3999 tequum

1966 4000 2021 4047 et
2049 3994 2281 4052 salutare
2307 4043 2321 4063 ,
2356 4014 2453 4055 nos
2482 4002 2572 4057 tibi
2602 4017 2813 4074 semper
2842 4016 2895 4064 et
2922 4010 3118 4082 ubique
3143 3994 3338 4085 gratias
3368 3994 3548 4092 agere,

1966 4084 2192 4143 Domine
2214 4100 2399 4147 sancte
2420 4134 2434 4159 ,
2466 4094 2623 4151 Pater
2650 4099 2986 4167 omnipotens
3008 4145 3023 4170 ,
3056 4115 3255 4165 aeterne
3283 4110 3463 4169 Deus:
3497 4130 3551 4177 et

1963 4185 2017 4233 te
2064 4189 2336 4237 auctorem
2400 4194 2456 4239 et
2485 4188 2940 4249 'sanctiﬁcatorem
2980 4195 3170 4267 jejunii
3219 4203 3546 4273 collaudare,

1961 4283 2060 4338 per
2080 4273 2220 4340 quod
2248 4289 2345 4330 nos
2364 4275 2565 4333 liberas
2590 4296 2617 4333 a
2644 4292 2946 4341 nostrorum
2971 4289 3161 4348 debitis
3183 4305 3544 4363 peccatorum.

1961 4358 2102 4429 Ergo
2118 4364 2332 4434 suscipe
2350 4366 2706 4438 jejunantinm
2733 4390 3110 4451 preces;atque
3140 4393 3194 4439 ut
3216 4402 3315 4441 nos
3336 4403 3367 4443 a
3397 4392 3549 4451 malis

1960 4454 2208 4511 omnibus
2226 4460 2539 4528 propitiatus
2561 4466 2773 4536 eripias,
2796 4470 3096 4540 iniquitates
3120 4482 3547 4551 nostras,quibus

1960 4546 2155 4601 merito
2184 4548 2492 4621 afﬂigimur,
2528 4556 2765 4623 placatus
2795 4560 3032 4618 absolve.
3058 4563 3161 4620 Per
3190 4566 3482 4626 Christum.

338 4608 611 4688 Prw/otio.
636 4652 709 4666 —-
732 4626 869 4685 Vere
917 4634 1139 4704 dignum
1183 4651 1237 4695 et
1276 4645 1478 4712 justum
1507 4657 1610 4716 est,
1642 4666 1851 4722 aequum

2035 4647 2057 4676 ο
2090 4637 2496 4698 Benedictio.——
2517 4646 2868 4717 Omnipotens
2912 4652 3051 4708 Deus
3088 4656 3424 4715 devotionem
3456 4678 3545 4719 ve~

272 4711 324 4757 et
347 4709 579 4769 salutare
597 4756 611 4779 ,
645 4732 742 4772 nos
774 4722 867 4777 tibi
907 4738 1122 4797 semper
1146 4740 1201 4787 et
1229 4734 1422 4806 ubique
1450 4742 1643 4808 gratias
1670 4759 1850 4820 agere,

275 4792 480 4820 ηΑ-,ν
671 4816 681 4820 _
796 4811 832 4820 _

1025 4792 1041 4797 _
1338 4792 1352 4806 ι
1452 4792 1477 4808 υ
1519 4792 1640 4796 "“"‘
1671 4792 1850 4820 “0"”,

274 4792 489 4857 Domine
535 4816 748 4873 sancte,
796 4811 956 4871 Pater
981 4821 1340 4892 omnipotens,
1374 4838 1572 4886 aeterne
1596 4832 1771 4891 Deus:
1802 4851 1854 4895 et

267 4880 411 4959 (378)
442 4892 774 4963 Maiestatem
823 4913 966 4961 tuam
1021 4880 1305 4971 indefessis
1330 4880 1581 4986 precibus
1607 4938 1849 4997 exorare,

262 4984 321 5029 ut
345 4993 552 5041 mentes
583 4999 793 5048 nostras
823 4994 982 5054 bonis
1019 5004 1274 5072 operibus
1324 5022 1538 5081 semper
1568 5013 1845 5075 informes.

260 5068 391 5135 Quia
424 5078 501 5134 sic
540 5082 745 5139 erimus
792 5092 1032 5157 praeclari
1078 5100 1314 5156 muneris
1354 5114 1599 5174 prompta
1628 5109 1848 5168 sinceri-

255 5169 365 5277 ξιξ
392 5171 650 5241 cultores,
678 5176 747 5244 si,
780 5181 846 5235 ad
874 5185 1094 5241 meliora
1114 5188 1313 5261 jugiter
1337 5169 1845 5277 transe-untes,(379)

251 5248 511 5317 Paschale
549 5270 867 5336 mysterium
915 5248 1226 5338 Studeamus
1263 5285 1460 5343 habere
1507 5248 1842 5361 perpetuum:

244 5342 355 5405 Per
377 5350 672 5415 Christum.

320 5496 366 5574 3_
389 5492 547 5574 Apud
597 5494 802 5574 Pamet.
850 5509 906 5555 et
947 5504 999 5559 in
1022 5504 1245 5564 Kalend.
1270 5510 1429 5567 Rom.
1456 5529 1559 5572 non
1588 5518 1676 5572 hic
1705 5520 1841 5574 assi-

241 5569 441 5643 gnatur
468 5564 628 5643 litan.
664 5567 796 5643 Quae
835 5586 963 5628 vero
1000 5580 1213 5634 exhibet
1250 5564 1469 5640 paiﬁéi.’
1499 5589 1565 5642 ad
1596 5590 1737 5643 diem
1769 5591 1838 5643 ‘25

237 5631 469 5722 ﬁprilis,
500 5636 593 5691 ubi
614 5631 1074 5722 indicituuitania
1098 5631 1285 5722 major,
1328 5671 1354 5707 a
1390 5660 1585 5713 nostris
1615 5662 1837 5715 omnino

237 5699 579 5785 discrepant.
638 5710 792 5785 [frior
852 5699 1423 5780 Theoder.mlioc’loco
1450 5731 1835 5785 meminitlita-

230 5771 533 5906 gisznAmajl},
560 5788 617 5835 et
642 5780 755 5838 fere
781 5789 1033 5843 convenit
1049 5771 1831 5860 ﬁcum'lviditri’vame’lfaddiem

387 5862 469 5906 Dn
512 5863 559 5903 s.

384 5862 559 5918 prius.

534 5942 811 6010 PATROL.
857 5951 1199 6018 LXXV'HI.

1959 4734 2125 4784 stram
2174 4731 2454 4802 dignanter
2494 4736 2775 4808 intendat,
2824 4749 2879 4796 et
2908 4756 3021 4798 suae
3044 4745 3192 4802 vobis
3217 4748 3544 4807 benedictio-

1962 4822 2045 4878 nis
2070 4824 2211 4880 dona
2234 4829 2514 4885 concedat.
2545 4832 2740 4887 Amen.
2772 4834 3050 4906 Indulgeat
3082 4840 3233 4896 vobis
3258 4845 3399 4899 mala
3425 4862 3542 4901 om-

1959 4918 2042 4973 nia
2091 4934 2207 4988 quae
2243 4921 2428 4990 egistis
2451 4962 2468 4990 ,
2520 4931 2574 4978 et
2601 4925 2796 4979 tribuat
2821 4930 3031 4984 veniam
3063 4947 3221 5001 quam
3257 4936 3325 4992 ab
3354 4954 3418 4994 eo
3447 4940 3541 4997 de-

1958 5010 2195 5079 poscitis.
2227 5015 2420 5069 Amen.
2452 5013 2649 5084 Sicque
2671 5016 2821 5088 (584)
2849 5018 3032 5089 jejunii
3056 5026 3219 5080 vestri
3238 5036 3293 5083 et
3318 5043 3537 5099 precum

1954 5113 2077 5158 vota
2106 5103 2395 5177 suscipiat,
2447 5114 2503 5162 ut
2530 5121 2560 5163 a
2589 5108 2741 5164 vobis
2766 5110 2989 5168 adversa
3017 5116 3194 5171 omnia
3215 5161 3230 5188 ,
3260 5135 3377 5189 qua:
3409 5137 3536 5190 pec-

1952 5207 2192 5254 catorum
2241 5202 2591 5258 retributione
2634 5205 2916 5263 meremini
2940 5251 2953 5276 ,
2984 5221 3227 5283 avertat,
3257 5225 3313 5271 et
3334 5216 3531 5273 donum

1948 5290 2003 5347 in
2036 5307 2127 5346 vos
2158 5293 2390 5363 Spiritus
2427 5297 2666 5365 paracliti
2704 5298 2966 5359 infundat.
3006 5303 3199 5363 Amen.
3241 5309 3392 5375 Quod
3417 5310 3533 5381 ipse

1946 5394 2202 5454 praestare
2227 5388 2495 5459 dignetur.

2018 5521 2046 5560 Β
2089 5526 2212 5581 Post
2245 5527 2381 5583 hanc
2402 5528 2553 5585 Orat.
2582 5530 2632 5586 in
2658 5531 2799 5625 Ed‘it.
2829 5526 3257 5625 Angeli‘Roccae,
3286 5553 3379 5594 seu
3404 5534 3523 5625 ya-

1946 5594 2064 5664 tic.,
2093 5609 2387 5680 sequuntur
2433 5611 2658 5671 quatuor
2703 5594 2987 5666 Orationves
3013 5612 3204 5680 quibus
3236 5594 3527 5679 prmmitti-

1944 5675 2031 5721 tur
2055 5684 2068 5721 ς
2098 5670 2177 5722 Ad
2204 5670 2457 5740 campum.

1950 5810 1961 5821 _
2020 5750 2053 5821 ε.
2082 5740 2267 5800 Exstat
2309 5742 2365 5800 in
2406 5745 2858 5821 Benedictiouali,
2884 5759 2941 5808 et
2967 5751 3313 5811 inscribitur:
3345 5754 3422 5814 De
3440 5760 3526 5832 je~

1932 5828 2104 5881 Jumo.

3124 5985 3165 6047 ὁ
