4064 6350
503 330 606 388 107

570 444 651 499 Ad
679 438 1067 512 Complendum.

500 541 682 604 mine,
723 536 812 606 pio
856 534 1043 588 favore
1094 536 1418 597 prosequere
1443 563 1457 587 ,
1493 528 1553 575 ut
1580 519 1703 573 dum
1747 515 1885 570 dona
1913 521 2001 568 tua
2030 512 2086 567 in

501 603 847 685 tribulatione
894 619 1256 693 percipimus,
1311 614 1379 669 de
1420 610 1784 667 consolatione
1828 603 2090 662 nostrain

501 732 594 778 tuo
624 734 806 776 amore
835 724 1161 770 crescamus.
1196 710 1296 764 Per
1317 705 1599 761 Dominum
1622 710 1884 757 nostrum.

571 816 740 885 Super
768 809 1037 884 papulum.
1082 833 1151 845 --
1188 798 1469 856 Praetende
1501 795 1676 862 nobis,
1708 791 1956 860 Domine,
1990 788 2092 844 mi-

1708 305 1952 367 SANCTI
1991 297 2321 360 cnnoonn
2359 300 2576 359 MAGNI
3261 256 3264 258 ⁷
3671 283 3766 336 Μ

1220 430 1357 485 Vota
1382 434 1561 483 nostra
1582 465 1597 489 ,
1626 417 2087 494 quaeSutnus,,Do-
2113 423 2168 484 Α
2196 424 2315 486 tuo,
2347 424 2401 472 et
2438 397 2707 471 continuis
2758 408 3187 469 tribulationibus
3233 408 3562 466 laborantem
3610 401 3780 467 celeri

2190 506 2571 593 propinatione
2610 506 2846 563 laetiﬁca.
2873 506 2974 562 Per
3002 504 3287 562 Dominum
3310 511 3574 560 nostrum.

2261 587 2505 657 Αιὶαζὲἕ
2528 597 2803 657 Auxiliare
2823 640 2839 666 ,
2864 600 3126 665 Domine,
3156 597 3522 669 quaerentibus
3559 591 3780 650 miseri-

2190 688 2435 761 cordiam
2457 705 2629 765 tuam,
2646 704 2701 754 et
2720 697 2788 752 da
2814 694 3024 751 veniam
3045 692 3442 760 cenﬁtentibus,
3467 704 3627 761 parce
3655 702 3784 759 sup-

2192 792 2442 864 plicibus,
2477 799 2555 860 ut,
2588 790 2677 863 qui
2707 790 2907 846 nostris
2937 788 3144 845 meritis
3170 786 3526 858 ﬁagellamur,
3558 792 3644 837 tua
3675 781 3785 836 mi-

499 877 845 962 sericordiam
889 908 1031 954 tuam
1056 940 1069 962 ,
1112 903 1172 949 ut
1195 907 1313 962 quae
1342 890 1481 945 votis
1506 886 1830 955 expetimus,
1864 893 2092 938 conver-
2193 883 2465 939 seratione
2515 881 2806 937 salvemur.
2839 878 2942 934 Per
2969 877 3250 934 Dominum
3272 884 3536 931 nostrum.

500 998 707 1053 satione
734 994 828 1050 tibi
850 991 1045 1062 placita
1069 995 1481 1054 consequamur.
1521 980 1644 1035 Per.

1163 1116 1322 1156 FEBIA
1348 1113 1427 1153 Ill.

574 1227 868 1292 Conserva,
894 1232 1219 1293 quaesumus,
1249 1213 1498 1280 Domine,
1526 1210 1779 1281 populum
1808 1213 1955 1261 tuum
1977 1241 1995 1270 ,
2034 1208 2094 1257 et

502 1320 569 1375 ab
597 1316 864 1382 omnibus,
898 1326 1030 1383 quas
1056 1318 1318 1375 meretur,
1364 1300 1771 1359 adrersitatibus
1800 1296 1967 1353 redde
2003 1307 2094 1349 se-

504 1425 717 1476 curum,
750 1417 843 1473 ut,
877 1401 1254 1472 tranquillitate
1275 1404 1549 1467 percepta,
1578 1392 1769 1450 devota
1796 1388 1890 1445 tibi
1918 1392 2098 1443 mente

508 1500 797 1559 deserviat.
838 1498 945 1553 Per
970 1493 1255 1549 Dominum
1288 1499 1554 1543 nostrum.

576 1597 715 1650 Alia.
740 1622 810 1635 —
831 1590 1193 1646 Alﬁictionem
1224 1583 1438 1639 familiae
1465 1590 1592 1647 tuae,
1621 1586 1927 1647 quzesumus
1946 1611 1962 1639 ,
1991 1570 2100 1626 Do-

506 1687 686 1753 mine,
742 1682 958 1739 intende
1006 1682 1278 1750 placatus,
1314 1686 1402 1742 ut,
1436 1671 1641 1728 indulta
1666 1668 1819 1725 venia
1850 1672 2097 1737 peccato-

503 1795 648 1845 rum,
679 1777 748 1832 de
778 1775 884 1831 tuis
914 1786 1129 1841 semper
1154 1766 1425 1825 beneﬁciis
1453 1764 1764 1835 gloriemur.
1796 1760 1920 1815 Per.

574 1872 715 1926 Alia.
739 1899 811 1913 --
830 1869 913 1925 Ah
931 1864 1180 1924 omnibus
1203 1877 1320 1928 nos,
1343 1871 1672 1931 quaesumus,
1701 1854 1949 1919 Domine,
1972 1864 2103 1922 pec-

506 1963 639 2018 catis
669 1959 992 2032 propitiatus
1022 1954 1258 2020 absolve,
1284 1960 1363 2019 ut,
1389 1958 1639 2021 percepta
1661 1947 1816 2003 venia
1845 1952 2098 2015 peccate-

506 2070 649 2121 rum,
680 2051 865 2108 liberis
888 2048 985 2104 tibi
1009 2045 1280 2103 mentibus
1304 2043 1623 2099 serviamus.
1658 2038 1761 2094 Per
1787 2035 2096 2091 Dominum.

577 2147 718 2202 Alia.
739 2171 811 2187 --
832 2141 1091 2200 Precibus
1119 2137 1339 2203 nostris,
1372 2145 1700 2206 quaesumus,
1731 2127 1979 2193 Domine,
2004 2139 2103 2181 auo

508 2254 621 2295 rem
650 2248 755 2293 tute
773 2235 988 2307 pietatis
1014 2228 1386 2294 accommoda,
1410 2222 1746 2281 etorationes
1773 2218 2100 2289 supplicum,

508 2332 839 2388 occultorum
870 2323 1430 2399 cognitor,.beniguus
1449 2317 1663 2383 exaudi,
1696 2322 1772 2381 ut,
1798 2324 1851 2370 te
1875 2311 2105 2383 largien-

509 2432 588 2491 te,
621 2423 688 2479 ad
715 2423 880 2478 vitam
906 2418 1220 2490 perveniant
1247 2412 1653 2483 sempiternam.
1695 2408 1817 2464 Per.

578 2515 721 2575 Alia.
744 2545 815 2556 —-
834 2515 1171 2582 Quaesumus,
1197 2506 1538 2575 omnipotens
1562 2502 1727 2568 Deus,
1754 2510 1811 2555 ut
1833 2496 1923 2569 qui
1952 2494 2105 2568 (385)

512 2610 715 2667 nostris
742 2610 1027 2679 fatigamur
1054 2605 1163 2676 93
1188 2601 1438 2666 offensis,
1463 2606 1518 2655 et
1552 2596 1745 2653 merito
1772 2602 1973 2651 nostrae
1998 2591 2105 2646 iui-

513 2703 732 2775 quitatis
762 2700 1071 2771 afﬂigimur,
1098 2695 1312 2767 pietatis
1338 2700 1440 2748 tuae
1470 2691 1691 2763 gratiam
1713 2685 1969 2758 consequi
1993 2697 2109 2741 me-

512 2810 746 2853 reamur.
787 2794 891 2850 Per
922 2793 1227 2849 Dominum.

1145 2882 1228 2936 Ad
1240 2881 1475 2937 Missam.

584 2978 761 3045 Deus,
789 2976 880 3047 qui
916 2988 1016 3031 nos
1058 2974 1328 3045 conspicis
1372 2973 1428 3027 in
1480 2977 1557 3026 tot
1603 2965 2107 3041 perturbationibus

524 3084 633 3124 non
660 3084 820 3139 posse
847 3067 1143 3124 subsistere
1165 3107 1178 3132 ,
1204 3060 1525 3120 afﬁictorum
1558 3061 1815 3132 gemitum
1846 3058 2110 3128 propitius

514 3164 729 3233 respice
755 3204 772 3231 ,
799 3169 853 3218 et
876 3162 1017 3216 mala
1040 3159 1221 3215 omnia
1248 3172 1367 3227 qua:
1392 3169 1665 3211 meremur
1684 3159 1888 3207 averte.
1920 3150 2044 3206 Per.

592 3256 768 3325 Super
792 3254 1071 3309 oblata.—
1093 3250 1468 3315 Ollerentium,
1498 3259 1822 3318 quaesumus,
1852 3244 2110 3313 Domine,

517 3360 643 3406 vota
675 3347 992 3419 multiplica,
1022 3356 1077 3401 et
1106 3358 1294 3401 omnes
1317 3342 1469 3415 (586)
1498 3356 1641 3397 verae
1670 3338 2005 3395 credulitatis
2027 3338 2111 3393 iu-

517 3444 827 3501 strumentis
876 3441 1165 3513 perlustra.
1208 3439 1406 3509 Sicque
1430 3436 1586 3492 nobis
1623 3449 1717 3504 per
1758 3433 1859 3489 hoc
1904 3431 2113 3488 sacriﬁo

518 3539 663 3595 cium
696 3539 881 3594 adesto
910 3536 1185 3607 placatus,
1212 3541 1271 3589 ut
1295 3547 1392 3589 nos
1423 3542 1477 3586 et
1502 3547 1531 3583 a
1556 3530 1796 3600 peccatis
1827 3537 1882 3585 et
1905 3543 1934 3582 a
1968 3527 2112 3598 peri-

522 3633 658 3690 culis
686 3634 937 3689 omnibus
967 3632 1257 3688 miseratus
1284 3626 1555 3684 absolvas.
1576 3624 1678 3680 Per
1703 3624 1985 3679 Dominum
2015 3637 2114 3679 no.

521 3736 716 3782 strum.

599 3815 871 3886 Prmfatto.
900 3844 971 3856 —
999 3812 1141 3869 Vere
1176 3811 1399 3881 dignum
1436 3818 1490 3865 et
1516 3808 1716 3879 justum
1747 3817 1828 3861 cst
1854 3848 1869 3872 ,
1899 3820 2111 3876 mquum

522 3916 577 3963 et
600 3907 857 3973 salutare,
892 3920 991 3963 nos
1018 3904 1111 3960 tibi
1139 3918 1357 3974 semper
1387 3912 1443 3957 et
1486 3899 1903 3970 ubiquegratias
1930 3912 2112 3967 agere,

525 4001 752 4056 Domine
799 4008 1007 4064 sancte,
1059 3999 1219 4055 Pater
1260 3998 1642 4065 omnipotens,
1690 4002 1891 4048 aeterne
1924 3993 2111 4047 Deus:

525 4103 580 4147 ct
610 4092 944 4160 Maiestatem
987 4099 1132 4147 tuam
1170 4088 1486 4159 suppliciter
1512 4100 1760 4153 exorare,
1794 4093 1854 4139 ut
1881 4100 1987 4139 non
2016 4097 2115 4140 nos

526 4191 728 4237 nostra:
748 4183 995 4247 malitiae,
1030 4182 1126 4237 sed
1152 4179 1498 4250 indulgentiae
1520 4186 1622 4232 tuae
1646 4177 1935 4248 praeveniat
1966 4191 2117 4232 sem-

531 4292 626 4348 per
652 4276 873 4331 allectus
897 4316 914 4343 ,
956 4275 1048 4345 qui
1087 4288 1185 4331 nos
1224 4290 1255 4329 a
1288 4274 1467 4330 noxiis
1505 4272 1870 4343 voluptatibus
1917 4271 2121 4327 indesi-

531 4380 727 4428 nenter
758 4368 1036 4438 expediat,
1080 4376 1135 4423 et
1175 4383 1206 4421 a
1237 4367 1523 4422 mundanis
1548 4367 1795 4423 cladibus
1836 4366 2121 4437 dignanter

533 4462 746 4532 eripiat.
772 4462 875 4517 Per
895 4458 1187 4514 Christum.

603 4552 684 4606 Ad
702 4550 1096 4622 Complendum.
1130 4578 1203 4591 —-
1227 4549 1472 4613 Puriﬁca,
1497 4561 1834 4619 quaesumus,
1870 4546 2121 4614 Domine,

603 4598 682 4606 ---
707 4598 1095 4622 "HTw-mw.--
1227 4598 1248 4604 -
1274 4598 1472 4613 mu".
1501 4598 1800 4619 -ι--η--η-
1819 4598 1834 4615 ,
1875 4598 1899 4602 φ
2474 4599 2484 4609 .

531 4657 745 4705 tuorum
775 4646 937 4703 corila
959 4644 1218 4714 ﬁdelium,
1243 4654 1325 4713 ut,
1350 4660 1377 4699 a
1404 4655 1621 4701 terrena
1652 4643 1941 4715 cupiditate
1966 4658 2121 4697 mun-
2146 4627 2202 4689 Ι)
2230 4598 2639 4715 *ηίξίίξιιξδξςῗίω

533 4746 667 4813 dati,
695 4754 751 4801 et
776 4744 1058 4815 praesentis
1088 4745 1211 4799 vitae
1248 4743 1498 4814 periculis
1529 4749 1817 4811 eruantur,
1840 4751 1897 4798 et
1923 4754 2123 4814 perpe-

531 4839 641 4893 tuis
666 4834 824 4893 donis
845 4836 1147 4891 ﬁrmentur.
1174 4832 1299 4890 Per.

1199 4966 1356 5009 FERIA
1395 4965 1471 5007 IV.

608 5068 846 5137 Exaudi,
878 5066 1132 5135 Domine,
1167 5068 1417 5138 populum
1460 5077 1608 5124 tuum
1637 5074 1749 5122 tota
1804 5065 1894 5121 tibi
1942 5074 2124 5122 mente

537 5161 861 5233 subjectum,
885 5169 962 5229 ut,
994 5175 1220 5230 corpore
1246 5168 1301 5217 et
1338 5168 1518 5217 mente
1545 5166 1839 5229 protectus,
1874 5156 2015 5229 quod
2035 5157 2122 5228 pie

537 5252 729 5320 credit,
761 5260 848 5307 tua
878 5250 1049 5321 gratia
1079 5260 1457 5323 consequatur.
1491 5251 1617 5307 Per.

612 5353 751 5409 Alia.
783 5384 853 5395 —
881 5352 1192 5424 Subjectum
1221 5354 1317 5410 tibi
1339 5353 1592 5424 populum
1612 5392 1629 5420 .
1662 5365 1989 5423 quaesumus,
2018 5349 2125 5405 Do-

543 5448 707 5517 mine,
740 5448 1044 5518 propitiatio
1084 5448 1319 5504 caelestis
1343 5446 1651 5515 ampliﬁcet,
1692 5454 1745 5500 et
1776 5445 1879 5499 tuis
1908 5458 2127 5514 semper

540 5538 699 5597 faciat
728 5541 930 5596 servire
951 5538 1235 5595 mandatis.
1260 5538 1362 5592 Per
1382 5536 1665 5591 Dominum
1689 5546 1951 5590 nostrum.

611 5630 750 5689 Atia.
774 5662 845 5673 --
874 5629 1276 5702 Misererejaut,
1301 5641 1625 5700 quzcsumus,
1658 5626 1903 5695 Domine,
1932 5626 2129 5697 populo

612 5772 637 5800 ιι
678 5754 991 5821 lu'Kalend.
1019 5763 1175 5818 Rom.
1202 5762 1323 5818 huic
1348 5762 1483 5819 festo
1514 5763 1813 5830 assignatur
1834 5757 2034 5830 vigilia,
2062 5765 2119 5814 et

542 5843 729 5899 postea
761 5838 990 5900 legitur:
1026 5835 1149 5893 Fer.
1181 5835 1212 5889 5
1242 5837 1293 5891 in
1327 5837 1545 5891 Asccnsa
1590 5835 1736 5891 Dom.
1768 5834 1841 5890 lbi
1869 5832 2016 5889 nulla
2047 5834 2135 5887 est

2267 976 2409 1030 Alia.
2440 1004 2511 1014 —
2539 974 2763 1041 Praesta,
2794 986 3122 1042 quaesumus,
3153 969 3491 1039 omnipotens
3512 966 3679 1034 Deus,
3704 971 3786 1030 ut,

2197 1070 2288 1142 qui
2315 1071 2450 1126 iram
2480 1076 2583 1125 tuae
2617 1051 2997 1140 indignationis
3025 1065 3371 1139 agnovimus,
3398 1058 3785 1120 misericordiae

2198 1173 2301 1220 tute
2328 1159 2711 1234 indulgentiam
2735 1174 3154 1231 consequamur.
3180 1156 3304 1212 Per.

2270 1259 2349 1312 Ad
2371 1256 2605 1312 Missam.
2631 1287 2699 1297 —
2726 1253 2947 1311 Intende
2967 1294 2982 1321 ,
3006 1265 3346 1324 quaesumus,
3380 1249 3636 1313 Domine,
3666 1256 3792 1315 pre-

2200 1366 2293 1408 ccs
2322 1359 2534 1407 nostras
2561 1391 2577 1417 ,
2625 1358 2680 1406 et
2716 1346 2807 1420 qui
2837 1362 2944 1403 non
2973 1343 3247 1418 operando
3284 1340 3546 1413 justitiam
3573 1349 3791 1405 correp-

2200 1445 2399 1500 tionem
2430 1453 2729 1507 meremur,
2758 1438 2942 1495 amicti
2996 1438 3049 1494 in
3088 1433 3435 1493 tribulatione
3458 1472 3474 1501 ,
3499 1432 3796 1489 clamantes

2200 1538 2532 1607 reSpiremus
2552 1533 2740 1590 auditi.
2772 1533 2898 1590 Per.

2272 1629 2386 1704 θη.
2413 1628 2868 1697 Alia.—o-Prtesta,
2888 1632 3212 1696 quaesumus,
3244 1618 3585 1691 omnipotens
3609 1615 3792 1683 Pater,

2203 1732 2262 1780 ut
2283 1732 2480 1779 nostrae
2498 1720 2695 1777 mentis
2736 1717 2962 1774 intentio
2982 1730 3089 1787 quo
3126 1711 3485 1771 solemnitatis
3507 1708 3792 1764 hodiernae

2131 1842 2183 1906 Β
2206 1819 2470 1890 gloriosus
2518 1823 2707 1870 auctor
2734 1813 3007 1884 ingressus
3046 1820 3130 1868 est
3160 1819 3375 1880 semper
3426 1803 3704 1871 intendatf,
3737 1808 3796 1857 et

2208 1924 2316 1983 quo
2338 1908 2441 1964 ﬁde
2462 1907 2657 1978 pergit,
2674 1902 3079 1963 conversatione
3097 1899 3393 1972 perveniat.
3414 1896 3517 1955 Per
3537 1895 3795 1954 eumdem

2204 2001 2490 2057 Dominum
2520 2008 2785 2055 nostrum.

2277 2091 2744 2162 Super_oblata.——
2763 2086 3152 2161 Jejunantium,
3182 2086 3431 2152 Domine,
3464 2092 3801 2155 quaesumus,

2206 2184 2504 2255 supplicum
2534 2191 2653 2238 vota
2684 2180 2949 2253 propitius
2975 2179 3207 2248 intuere,
3231 2188 3285 2235 et
3313 2188 3536 2232 munera
3559 2184 3802 2243 praesen.

2209 2282 2277 2334 tia
2311 2275 2677 2346 sanctiﬁcans,
2701 2275 3047 2345 perceptione
3066 2284 3254 2329 eorum
3274 2268 3481 2327 occulta
3501 2265 3680 2322 cerdis
3706 2277 3804 2317 no-

2209 2374 2304 2429 stri
2342 2371 2582 2428 remedio
2608 2380 2711 2425 ture
2740 2368 2976 2425 clariﬁca
3004 2364 3215 2437 pietatis
3238 2408 3254 2433 ,
3288 2371 3469 2419 utnec
3489 2372 3650 2430 opera
3689 2370 3805 2410 car~

2213 2465 2377 2528 nalia.
2410 2479 2511 2519 nec
2540 2460 2687 2519 ﬂuxa
2721 2475 2820 2517 nos
2852 2469 3103 2527 teneant,
3133 2472 3268 2528 quos
3305 2455 3581 2511 institutor
3614 2445 3805 2521 jejunii

2209 2555 2463 2612 Christus
2490 2553 2749 2610 Dominus
2777 2552 3068 2623 reparavit.
3098 2546 3201 2617 Qui
3228 2555 3427 2605 tecum.

2280 2650 2421 2706 Atia.
2445 2679 2516 2689 —
2543 2646 2904 2713 Sacriﬁcium,
2934 2642 3191 2710 Domine,
3214 2654 3311 2713 pro
3339 2638 3464 2696 Filii
3494 2635 3570 2693 tui
3601 2630 3807 2704 suppli-

2210 2756 2301 2800 ces
2338 2738 2637 2798 venerabili
2676 2754 2837 2811 quam
2885 2735 3245 2808 praevenimus
3288 2748 3432 2789 nunc
3476 2728 3805 2789 escensione

2210 2837 2504 2894 deferimus
2522 2879 2537 2905 ,
2574 2845 2770 2906 praesta
2794 2874 2809 2901 ,
2841 2844 3150 2904 quaesumus
3178 2871 3192 2895 ,
3215 2835 3278 2884 ut
3302 2836 3356 2884 et
3383 2838 3482 2883 nos
3511 2839 3607 2896 per
3629 2823 3807 2893 ipsum

2211 2929 2297 2986 his
2339 2928 2687 2986 commerciis
2737 2923 3097 2982 sacrosanctis
3118 2920 3188 2977 ad
3223 2918 3463 2977 ctelestia
3516 2927 3809 2984 consurga-

2210 3038 2352 3080 mus.
2376 3027 2479 3078 Per
2508 3020 2757 3077 eumdem
2788 3014 3099 3073 Dominum.

2283 3117 2557 3186 Praefatio.
2581 3140 2653 3155 -—-
2675 3112 2819 3169 Vere
2848 3111 3069 3183 dignum
3096 3116 3149 3164 et
3168 3115 3368 3177 iustum
3394 3108 3497 3169 est,
3521 3112 3729 3170 requum
3753 3103 3811 3151 et

2136 3240 2190 3308 ο
2218 3215 2474 3277 salutare,
2503 3225 2600 3266 nos
2628 3208 2725 3265 tibi
2753 3220 2967 3278 semper
2990 3215 3046 3262 et
3072 3204 3267 3273 ubique
3288 3202 3485 3274 gratias
3510 3209 3688 3267 agerc,
3708 3192 3812 3247 Dos

2222 3312 2371 3364 mine
2418 3314 2634 3371 sancte,
2663 3304 2819 3359 Pater
2864 3301 3247 3370 omnipotens,
3288 3307 3487 3353 aeterne
3534 3292 3719 3347 Deus:
3751 3293 3816 3345 ut

2218 3404 2344 3474 quia
2371 3401 2445 3457 tui
2474 3407 2558 3456 est
2582 3397 2759 3468 operis
2777 3435 2791 3461 ,
2815 3395 2861 3451 si
2890 3394 3031 3465 quod
3063 3391 3158 3448 tibi
3186 3388 3438 3461 placitum
3463 3394 3575 3453 est,
3600 3391 3692 3438 aut
3714 3394 3815 3436 co-

2216 3495 2448 3567 gitemus
2469 3534 2485 3561 ,
2516 3498 2607 3545 aut
2635 3500 2859 3559 agamus
2878 3527 2893 3552 ,
2918 3496 2973 3540 tu
3002 3482 3158 3541 nobis
3186 3492 3402 3553 semper
3424 3487 3478 3535 et
3505 3474 3813 3545 intelligen-

2180 3616 2189 3625 ο
2221 3588 2276 3643 di
2298 3601 2421 3658 quae
2455 3596 2600 3641 recta
2633 3588 2788 3651 sunt,
2815 3589 2869 3637 et
2896 3576 3225 3650 exsequendi
3255 3572 3455 3632 tribuas
3481 3570 3814 3627 facultatem.

2217 3679 2323 3735 Per
2351 3676 2625 3732 Christum
2653 3673 2942 3730 Dominum
2973 3676 3238 3726 nostrum.

2292 3772 2372 3825 Ad
2401 3769 2800 3839 Comptendum.
2829 3794 2900 3807 —
2930 3762 3161 3828 Tribue,
3193 3758 3449 3823 Domine,
3481 3766 3821 3825 qtttesumus,

2219 3872 2278 3919 ut
2308 3878 2401 3931 per
2432 3862 2547 3916 inec
2574 3874 2727 3915 sacra
2756 3874 2877 3928 qua:
2896 3855 3228 3925 sumpsimus
3251 3850 3375 3907 illuc
3400 3848 3588 3905 tendat
3618 3854 3821 3903 nostra:

2222 3954 2522 4012 devotionis
2546 3951 2792 4018 aﬁectus,
2825 3964 2934 4018 quo
2967 3958 3141 4004 tecum
3172 3950 3463 4001 estnostra
3486 3938 3822 3997 substantia,

2221 4034 2529 4117 Quitec'um
2556 4045 2687 4101 vivit
2715 4054 2770 4101 et
2797 4052 3005 4115 regnat.

2294 4140 2464 4211 Super
2505 4137 2775 4210 populant.
2806 4167 2876 4179 —
2906 4132 3142 4191 Familiae
3172 4139 3296 4199 tuae,
3333 4140 3671 4200 quaesumus.
3706 4124 3825 4179 Do-

2224 4235 2387 4299 mine,
2409 4240 2527 4288 esto
2556 4239 2849 4301 protector,
2884 4238 2941 4285 et
2960 4224 3551 4291 misericordiamtuam
3578 4216 3825 4275 concede

2227 4325 2493 4397 poscenti,
2543 4338 2648 4394 quo
2672 4322 2765 4379 tibi
2795 4335 3009 4392 semper
3036 4320 3128 4374 ﬁat
3163 4316 3421 4375 obcdiens
3439 4352 3457 4386 ,
3485 4322 3542 4371 et
3566 4322 3654 4369 tua
3676 4312 3827 4369 dona

2228 4417 2511 4489 percipiat.
2544 4416 2665 4472 Per.

2602 4524 2654 4563 IN
2694 4515 2724 4545 δ
2764 4519 2992 4561 ascensa
3033 4500 3180 4574 (587)
3222 4513 3426 4555 norim.

2672 4627 2740 4637 —-
2764 4594 2913 4665 (588)
2954 4590 3236 4656 Concede,
3267 4600 3608 4659 quaesumus,
3639 4584 3826 4641 omni-

2230 4700 2424 4762 potens
2456 4690 2616 4756 Deus,
2651 4687 2827 4757 utqui
2875 4682 3132 4740 hodierna
3171 4682 3261 4738 die
3290 4679 3635 4750 Unigenitum
3667 4684 3831 4733 tuum

2228 4784 2646 4853 Bcdemptorcm
2673 4788 2915 4837 nostrum
2961 4774 3030 4833 ad
3070 4775 3237 4833 caelos
3284 4772 3593 4829 ascendisse
3648 4770 3832 4827 credi-

2230 4891 2368 4941 mus,
2396 4872 2497 4944 ipsi
2517 4888 2729 4945 quoquc
2749 4880 2929 4929 mente
2951 4868 3004 4926 in
3035 4868 3347 4927 coelestibus
3372 4866 3705 4923 habitemus.
3721 4866 3834 4922 Per

2227 4967 2499 5026 eumdem.

2300 5062 2471 5133 Super
2494 5060 2684 5116 oblata.
2704 5059 3028 5129 —Suscipe,
3053 5054 3302 5125 Domine,
3327 5066 3550 5111 munera
3577 5066 3703 5122 quae
3731 5066 3836 5120 pro

2230 5158 2347 5214 Filii
2378 5157 2451 5213 tui
2487 5157 2718 5227 gloriosa
2743 5153 3075 5212 Ascensione
3110 5149 3409 5207 deferimus
3432 5190 3450 5217 ,
3482 5157 3540 5205 et
3578 5148 3834 5202 concede

2226 5251 2491 5324 propitius
2517 5258 2627 5305 uta
2654 5246 3009 5317 praesentibus
3038 5242 3291 5316 periculis
3322 5242 3638 5311 liberemur,
3670 5247 3732 5299 et
3762 5240 3833 5299 ad

2226 5346 2391 5401 vitam
2422 5341 2797 5406 perveniamus
2826 5347 3105 5395 aeternam.
3138 5337 3240 5392 Per
3268 5337 3537 5393 eumdem.

2301 5436 2577 5504 Prwfatio.
2601 5464 2669 5474 —
2695 5434 2835 5488 Vere
2882 5432 3101 5502 dignum
3141 5439 3194 5485 et
3228 5429 3431 5500 justum
3462 5436 3545 5483 est
3565 5468 3579 5494 ,
3608 5442 3830 5497 mquum

2231 5538 2287 5586 et
2312 5529 2565 5593 salutare,
2593 5541 2691 5582 nos
2724 5524 2816 5581 tibi
2851 5538 3067 5594 semper
3094 5531 3151 5579 et
3176 5521 3377 5593 ubique
3413 5519 3611 5593 gratias
3637 5534 3825 5591 agere,

2234 5624 2459 5682 Domine
2488 5632 2689 5688 sancte,
2726 5616 2883 5675 Pater
2914 5621 3272 5689 omnipotens,
3299 5626 3503 5674 aeterne
3523 5614 3693 5682 Deus.
3730 5625 3827 5684 per

2227 5756 2422 5820 statio;
2454 5761 2505 5809 at
2545 5752 2596 5806 in
2650 5750 2787 5806 Edit.
2837 5750 3041 5807 Pamel.
3072 5748 3267 5820 legitur
3298 5766 3313 5805 :
3339 5747 3421 5804 Ad
3462 5755 3703 5804 mictum
3724 5742 3824 5800 Pe-

2243 5835 2403 5895 trum,
2429 5824 2571 5897 quod
2604 5823 2750 5881 abest
2773 5838 2802 5879 a
2826 5823 2955 5880 Cod.
2980 5823 3113 5897 Reg.
3142 5820 3299 5879 Suec.
