4064 6350
491 338 587 398 Ill

1662 326 1905 389 SANCTI
1948 323 2276 387 GREGORll
2313 322 2533 385 MAGNI

3639 322 3742 386 ΗΞ

488 469 588 509 nos
616 452 868 521 splendor
896 448 1163 521 effulgeat,
1194 450 1250 503 et
1275 446 1366 502 lux
1395 452 1496 499 tute
1523 444 1657 500 lucis
1692 443 1852 499 corda
1880 456 2065 497 eorum
2094 446 2146 504 Α
2175 451 2258 498 tus
2285 440 2639 498 illustratione
2664 436 2922 507 docuisti,
2950 431 3016 495 da
3044 434 3197 493 nobis
3237 436 3291 492 in
3322 436 3512 494 eodem
3545 436 3745 510 Spiritu

483 546 575 615 qui
626 558 720 613 per
760 543 980 613 gratiam
1038 550 1180 594 tuam
1231 538 1401 592 renati
1448 544 1571 590 sunt
1615 536 1783 591 sancti
1834 535 2064 603 Spiritus

483 634 838 692 illustratione
880 632 1181 688 conﬁrmet.
1236 630 1339 685 Per
1368 628 1649 683 Dominum
1696 636 1936 682 nostrum
1975 627 2067 682 Je-

485 747 600 786 sum
625 730 893 785 Christum
916 728 1109 783 Filium
1137 736 1303 792 tuum,
1328 726 1416 795 qui
1450 736 1622 781 tecum
1651 726 1782 780 vivit
1804 734 1858 780 et
1879 732 2067 796 regnat

483 823 624 878 Deus
658 825 712 878 in
744 822 946 877 unitate
977 820 1219 890 ejusdem
1250 817 1479 888 Spiritus
1510 818 1698 874 sancti.

558 913 725 983 Super
765 912 956 967 oblata.
990 941 1059 951 —
1098 909 1311 964 llostias
1340 908 1519 978 populi
1560 908 1676 976 tui,
1721 922 2063 977 quaesumus,

484 1004 749 1071 Domine,
799 1005 1084 1059 miseratus
1132 1001 1388 1066 intende,
1434 1008 1488 1055 et
1533 1008 1591 1053 ut
1636 1000 1729 1054 tibi
1779 1001 2068 1056 reddantur

485 1108 718 1166 acceptae
744 1140 758 1161 ,
796 1096 1151 1151 conscientias
1202 1102 1419 1148 nostras
1449 1091 1616 1146 sancti
1665 1093 1894 1162 Spiritus
1923 1093 2070 1147 salu-

492 1194 621 1247 taris
651 1193 907 1248 emundet
937 1192 1216 1246 adventus.
1248 1189 1351 1244 Per
1384 1186 1686 1252 Dominum,
1710 1195 1839 1251 etc.,
1867 1184 1920 1239 in
1951 1185 2070 1241 uni-

489 1293 616 1340 tate.

558 1374 832 1447 Prmfatia.
881 1406 949 1415 —
981 1374 1117 1429 Vere
1145 1373 1364 1442 dignum
1395 1380 1448 1426 et
1473 1372 1672 1442 justum
1705 1379 1809 1439 est,
1855 1385 2069 1442 acquum

487 1473 542 1519 et
568 1467 819 1532 salutare,
854 1480 950 1519 nos
973 1463 1064 1518 tibi
1095 1478 1309 1533 semper
1336 1472 1389 1517 et
1419 1462 1610 1532 ubique
1647 1463 1847 1533 gratias
1875 1476 2058 1531 agere,

488 1554 711 1611 Domine
755 1564 964 1621 sancte,
1012 1555 1172 1610 Pater
1216 1554 1591 1622 omnipotens,
1638 1561 1839 1608 aeterne
1882 1551 2069 1632 Deus;

490 1647 641 1717 (392)
686 1647 797 1716 qui,
828 1656 1220 1701 sacramentum
1254 1645 1503 1713 paschale
1529 1659 1931 1712 consummans,
1958 1644 2075 1713 qui-

486 1737 588 1794 bus
616 1753 711 1807 per
732 1738 1001 1807 Unigeniti
1025 1738 1096 1791 tui
1121 1738 1448 1791 consortium
1479 1737 1615 1792 ﬁlios
1637 1736 1935 1805 adoptionis
1955 1746 2075 1788 esse

2168 547 2311 590 recta
2341 548 2550 604 sapere,
2574 542 2629 589 et
2649 532 2715 588 de
2736 532 2851 603 ejus
2872 546 3083 601 semper
3106 531 3471 589 consolatione
3493 532 3744 602 gaudere.
3798 574 3804 581 .

2168 627 2291 683 Per.
2317 627 2373 681 In
2401 626 2606 682 unitate
2629 626 2894 696 ejusdem.
3178 678 3185 707 ί

2241 722 2411 790 Super
2450 722 2640 777 oblata.
2694 751 2764 761 —
2810 720 3068 789 Munera,
3115 720 3378 786 Domine,
3425 733 3743 791 quresumus,

2169 814 2345 869 oblata
2369 814 2659 881 sanctiﬁca,
2693 822 2747 869 et
2776 811 2936 868 corda
2968 820 3147 868 nostra
3195 812 3555 868 illustratione
3581 811 3751 867 sancti

2178 908 2407 977 Spiritus
2439 907 2687 964 emunda.
2718 907 2841 962 Per.
2878 906 2934 961 In
2963 892 3164 963 unitate
3192 907 3456 976 ejusdem.

2242 998 2514 1069 Prwfatio.
2546 1026 2619 1041 -—
2646 998 2783 1052 Vere
2829 998 3047 1067 dignum
3089 1010 3140 1053 et
3176 999 3375 1068 justum
3407 1005 3511 1065 est,
3543 1013 3751 1067 aequum

2171 1098 2226 1144 et
2267 1089 2520 1156 salutare,
2554 1104 2650 1144 nos
2682 1090 2776 1144 tibi
2804 1104 3018 1158 semper
3047 1100 3101 1145 et
3130 1090 3324 1161 ubique
3348 1094 3546 1159 gratias
3574 1103 3755 1160 agere,

2173 1182 2401 1238 Domine
2431 1190 2632 1248 sancte,
2668 1182 2825 1237 Pater
2856 1184 3216 1252 omnipotens,
3244 1191 3445 1238 arterne
3475 1183 3635 1247 Deus,
3660 1193 3759 1250 per

2171 1274 2442 1330 Christum
2492 1275 2773 1330 Dominum
2813 1284 3052 1330 nostrum
3086 1292 3098 1328 :
3133 1275 3222 1345 qui
3270 1275 3428 1343 (594)
3460 1272 3761 1329 ascendens

2177 1381 2339 1435 super
2367 1380 2555 1423 omnes
2582 1367 2771 1432 cretes,
2815 1367 3113 1436 sedensque
3161 1366 3226 1420 ad
3275 1366 3551 1422 dexteram
3587 1375 3759 1422 tuam.

2181 1458 2507 1527 promissum
2552 1458 2806 1527 Spiritum
2843 1468 3086 1512 sanctum
3127 1457 3384 1533 bgdierna
3418 1458 3505 1513 die
3544 1457 3595 1509 in
3628 1456 3763 1510 ﬁlios

2175 1550 2476 1620 adoptionis
2500 1550 2704 1605 effudit.
2735 1550 3069 1621 Quapropter
3110 1550 3343 1619 profusis
3370 1548 3578 1619 gaudiis
3608 1557 3755 1603 totus

2177 1642 2231 1697 in
2276 1642 2405 1699 orbe
2445 1651 2712 1697 terrarum
2744 1644 2973 1697 mundus
3017 1644 3266 1697 exsultat.
3298 1641 3403 1696 Sed
3432 1648 3485 1695 et
3509 1652 3761 1710 supernae

2178 1732 2420 1799 virtutes,
2453 1742 2612 1804 atque
2659 1734 2913 1805 angelicae
2942 1741 3236 1804 potestates
3276 1732 3533 1803 hymnum
3578 1731 3766 1804 gloriae

489 1829 744 1895 tribuisti,
776 1845 871 1898 per
897 1829 1153 1898 Spiritum
1194 1837 1439 1883 sanctum
1471 1828 1682 1899 largiris
1711 1828 1854 1883 dona
1880 1826 2078 1898 gratia-
2109 1845 2157 1903 Β
2184 1834 2289 1881 tuae
2318 1826 2629 1891 concinunt,
2659 1826 2776 1882 sine
2806 1828 2912 1882 fine
2937 1826 3199 1882 dicentes.

490 1937 607 1979 rum
636 1965 651 1990 ,
696 1932 751 1979 et
778 1924 861 1977 sui
892 1922 1265 1977 colireredibus
1294 1922 1670 1991 Redemptoris
1697 1921 1806 1991 jam
1832 1934 1973 1975 nunc
1997 1934 2076 1973 su-

491 2030 673 2084 pernae
702 2017 891 2085 pignus
922 2014 1254 2069 haereditatis
1277 2014 1565 2083 impendis,
1603 2021 1661 2069 ut
1688 2022 1835 2069 tanto
1865 2027 1925 2067 se
1954 2027 2076 2067 cer-

497 2109 604 2164 tius
628 2109 694 2163 ad
717 2124 839 2164 eum
861 2108 1127 2163 conﬁdant
1153 2121 1274 2163 esse
1300 2116 1573 2174 venturos,
1601 2116 1800 2177 quanto
1822 2122 1881 2162 se
1902 2107 2078 2161 sciunt

494 2202 563 2257 ab
591 2217 659 2257 eo
676 2202 1006 2272 redemptos,
1038 2211 1091 2257 et
1111 2200 1279 2257 sancti
1299 2200 1534 2271 Spiritus
1563 2200 1833 2257 infusione
1860 2200 2075 2256 ditatos.

491 2293 559 2349 Et
592 2293 713 2347 ideo
740 2307 859 2347 cum
882 2293 1109 2363 angelis.

561 2384 640 2441 Te
669 2385 850 2454 igitur,
873 2395 971 2440 etc.

561 2474 1072 2541 Communicantes,
1124 2484 1178 2530 et
1225 2474 1399 2546 (593)
1454 2475 1595 2531 diem
1661 2473 2081 2531 sacratissimum

499 2569 846 2626 Pentecostes
877 2566 1289 2639 pravenientes,
1318 2581 1426 2638 quo
1456 2566 1686 2637 Spiritus
1712 2578 1929 2623 sanctus
1956 2581 2084 2636 apo-

500 2661 668 2717 stolos
688 2702 705 2727 ,
737 2661 1056 2730 plebemque
1080 2657 1413 2715 credentium
1443 2659 1728 2729 praesentia
1775 2674 1887 2713 sua:
1917 2657 2083 2727 Maje-

494 2755 941 2824 statisvimplevit.
970 2754 1079 2811 Sed
1109 2762 1163 2810 et
1189 2755 1503 2811 memoriam
1530 2760 1872 2835 venerantes,
1904 2759 2010 2807 etc.

565 2848 717 2904 lianc
757 2848 920 2919 igitur
964 2848 1287 2904 oblationem
1330 2846 1606 2903 servitutis
1646 2853 1867 2909 nostrae,
1911 2843 2005 2897 sed
2031 2850 2086 2898 et

494 2948 701 2997 cunctze
742 2938 960 2996 familiae
1006 2948 1140 3008 tum,
1184 2952 1343 3009 quam
1374 2937 1473 2992 tibi
1512 2936 1822 3002 offerimus,
1860 2948 1959 3007 pro
2003 2933 2087 2988 his

495 3051 732 3109 quoque,
753 3050 892 3107 quos
915 3049 1237 3106 regenerare
1265 3034 1519 3104 dignatus
1547 3046 1607 3088 es
1629 3046 1697 3087 ex
1719 3044 1853 3100 aqua
1884 3036 1938 3084 et
1965 3027 2086 3097 Spi-

495 3130 603 3184 ritu
634 3138 844 3194 sancto,
878 3127 1120 3183 tribuens
1154 3126 1235 3182 eis
1282 3125 1657 3180 remissionem
1696 3122 1932 3177 omnium
1964 3132 2089 3190 pec-

496 3227 761 3284 catorum,
793 3230 1120 3287 quaesumus,
1154 3222 1213 3268 ut
1250 3214 1508 3283 placatus.
1541 3279 1549 3285 .

575 3316 600 3343 ιι
631 3307 949 3363 Benedictio.
974 3335 1049 3349 —
1073 3305 1363 3362 Benedicat
1390 3304 1541 3360 vobis
1561 3303 1900 3372 omnipotens
1921 3301 2082 3369 Deus,

505 3401 577 3455 ob
610 3399 764 3470 cujus
792 3398 1039 3469 paracliti
1076 3395 1303 3467 Spiritus
1332 3396 1620 3451 adventum
1645 3402 1853 3449 mentes
1881 3400 2090 3447 vestras

499 3491 693 3563 jejunii
744 3491 1083 3548 observantia
1117 3488 1451 3561 praeparatis,
1491 3497 1545 3543 et
1582 3494 1902 3557 praesentem
1946 3484 2088 3539 diem

502 3578 835 3637 solemnibus
880 3580 1127 3634 laudibus
1157 3576 1454 3633 honoratis.
1487 3578 1678 3631 Amen.
1712 3574 1885 3629 lnstar
1928 3570 2090 3626 modo

500 3680 806 3728 renatorum
864 3670 1146 3725 infantium
1200 3668 1361 3722 talem
1411 3665 1775 3721 innocentiam
1826 3662 2089 3729 habeatis,

501 3773 563 3820 ut
605 3766 862 3835 templum
907 3763 1078 3819 sancti
1116 3761 1346 3831 Spiritus
1371 3760 1490 3830 ipso
1522 3758 1793 3814 tribuente
1814 3770 1935 3812 esse
1963 3769 2093 3824 pos-

500 3858 639 3913 sitis.
666 3860 856 3912 Amen.
880 3860 1053 3926 Atque
1074 3855 1217 3910 idem
1237 3853 1465 3924 Spiritus
1486 3860 1699 3907 sanctus
1722 3849 1795 3905 ita
1815 3864 1910 3905 vos
1932 3849 2095 3905 hodie

498 3962 594 4006 sua
644 3950 969 4006 habitatione
1012 3948 1206 4019 dignos
1253 3947 1469 4010 efficiat,
1518 3955 1577 4000 ut
1622 3959 1743 3999 cras
1791 3959 1851 3997 se
1902 3941 2095 3997 vestris

500 4041 771 4098 mentibus
815 4041 1094 4096 vobiscum
1136 4038 1397 4109 perpetim
1449 4036 1780 4090 habitaturus
1827 4032 2091 4097 infundat,

503 4142 560 4189 et
603 4140 821 4201 peracto
862 4134 1147 4201 praesentis
1184 4131 1309 4186 vitae
1354 4128 1621 4186 curriculo
1668 4141 1765 4183 vos
1813 4126 1879 4180 ad
1928 4126 2093 4181 caele-

501 4226 603 4281 stia
632 4224 769 4279 dona
813 4225 1089 4294 perducat.
1134 4224 1326 4279 Amen.
1360 4223 1511 4292 Quod
1560 4224 1673 4293 ipse
1717 4228 1971 4292 praestare
2008 4218 2095 4274 di-

503 4324 711 4386 gnetur.

580 4407 660 4461 Ad
688 4405 1081 4477 Compfendum.
1112 4435 1183 4445 —
1208 4405 1431 4473 Praesta,
1473 4419 1800 4475 quaesumus,
1854 4405 2097 4475 omnipo-

505 4505 627 4554 tens
652 4497 813 4563 Deus,
839 4507 899 4553 ut
927 4497 1158 4567 Spiritus
1202 4507 1420 4552 sanctus
1450 4496 1739 4551 adveniens
1764 4496 2095 4563 Majestatem

2250 1917 2326 1972 Te
2356 1918 2534 1987 igitur,
2563 1927 2660 1972 etc.

2253 2008 2744 2075 Communicantes,
2793 2018 2846 2064 et
2888 2009 3031 2065 diem
3061 2007 3478 2064 sacratissimum
3506 2006 3769 2067 Penteco-

2183 2107 2294 2155 stes
2321 2099 2677 2167 celebrantes,
2702 2114 2808 2170 quo
2836 2100 3065 2171 Spiritus
3085 2110 3302 2155 sanctus
3331 2100 3581 2169 apostolis
3610 2098 3771 2171 (595)

2180 2190 2235 2246 in
2258 2192 2427 2262 igneis
2454 2191 2647 2262 linguis
2673 2194 2937 2263 apparuit.
2969 2192 3073 2249 Sed
3095 2200 3149 2248 et
3176 2194 3535 2249 memoriam.l

2266 2285 2414 2340 Hanc
2447 2286 2603 2356 igitur
2632 2288 2959 2343 oblationem
3002 2288 3278 2345 servitutis
3316 2297 3538 2359 nostra},
3581 2289 3675 2345 sed
3718 2299 3775 2346 et

2184 2383 2389 2432 cuncta:
2438 2378 2651 2433 familiae
2684 2388 2808 2444 tute,
2855 2394 3012 2449 quam
3057 2381 3151 2435 tibi
3198 2381 3492 2450 offerimus,
3546 2396 3643 2450 pro
3687 2382 3775 2438 his

2186 2481 2419 2537 quoque,
2444 2483 2579 2538 quos
2606 2458 2922 2539 regenerare
2946 2470 3196 2542 dignatus
3225 2486 3286 2527 es
3316 2487 3383 2529 ex
3410 2488 3545 2542 aqua
3574 2482 3626 2528 et
3650 2472 3777 2542 Spi-

2187 2559 2293 2614 ritu
2320 2570 2527 2630 sancto,
2564 2562 2802 2618 tribuens
2846 2564 2924 2619 eis
2955 2564 3327 2621 remissionem
3375 2566 3615 2622 omnium
3646 2579 3779 2637 pec-

2187 2660 2451 2719 catorum,
2479 2669 2809 2721 quaesumus,
2840 2664 2898 2710 ut
2927 2656 3184 2725 placatus.

2263 2753 2287 2782 ο
2318 2743 2631 2799 Benedictio.
2672 2777 2744 2788 —
2774 2745 2933 2813 Deus,
2964 2748 3052 2816 qui
3083 2747 3339 2803 hodierna
3370 2746 3457 2803 die
3486 2746 3780 2817 discipulo-

2189 2850 2307 2890 rum
2339 2844 2551 2892 mentes
2579 2835 2807 2905 Spiritus
2839 2838 3091 2907 paracleti
3129 2837 3393 2894 infusione
3420 2840 3667 2910 dignatus
3691 2846 3783 2895 est

2190 2925 2475 2992 illustrare,
2500 2926 2660 2982 faciat
2680 2941 2775 2982 vos
2795 2942 2891 2983 sua
2917 2927 3293 2985 benedictione
3314 2930 3529 3000 repleri,
3555 2938 3607 2985 et
3633 2929 3784 2999 ejus-

2189 3020 2313 3076 dem
2340 3023 2572 3092 Spiritus
2596 3022 2755 3079 donis
2782 3023 3094 3080 exuberare.
3144 3024 3340 3081 Amen.
3373 3025 3467 3080 Ille
3497 3025 3656 3096 ignis,
3681 3023 3784 3094 qui

2192 3133 2353 3189 super
2370 3118 2659 3188 discipulos
2680 3121 2944 3191 apparuit,
2974 3131 3317 3191 peccatorum
3340 3130 3639 3177 vestrorum
3666 3134 3787 3175 sor-

2120 3218 2168 3285 ο
2198 3211 2295 3267 des
2334 3221 2612 3284 expurget,
2646 3221 2701 3269 et
2737 3214 2819 3268 sui
2849 3214 3063 3269 luminis
3094 3214 3358 3270 infusione
3385 3215 3545 3270 corda
3597 3223 3786 3269 vestra

2194 3305 2505 3374 perlustret.
2537 3307 2731 3362 Amen.
2777 3305 2986 3375 Quique
3016 3307 3261 3376 dignatus
3289 3316 3371 3363 est
3411 3307 3785 3362 diversitatem

2194 3397 2493 3467 linguarum
2526 3399 2579 3453 in
2612 3402 2770 3455 unius
2798 3399 2923 3456 fidei
2951 3402 3289 3458 confessione
3316 3402 3571 3469 adunare,
3601 3402 3657 3456 in
3685 3416 3788 3456 ea-

2192 3490 2312 3546 dem
2345 3506 2439 3547 vos
2470 3492 2630 3547 faciat
2657 3493 2763 3549 ﬁde
2788 3508 3152 3563 perseverare,
3186 3502 3242 3550 et
3265 3509 3361 3564 per
3392 3495 3530 3550 hanc
3566 3492 3715 3564 (596)
3750 3508 3788 3548 a

2194 3596 2290 3652 spe
2312 3583 2376 3639 ad
2406 3585 2639 3655 speciem
2666 3587 2964 3655 pervenire.
2987 3586 3181 3643 Amen.
3203 3587 3356 3654 Quod
3381 3586 3496 3656 ipse
3521 3594 3790 3655 praestare

2194 3674 2467 3745 dignetur.

2266 3768 2345 3821 Ad
2365 3769 2748 3837 complendum.
2772 3799 2845 3815 -—--
2866 3770 3048 3827 Sancti
3071 3770 3322 3842 Spiritus,
3346 3772 3592 3839 Domine,
3616 3770 3787 3825 corda

2195 3868 2379 3918 nostra
2411 3862 2633 3916 mundet
2659 3862 2873 3928 infusio,
2899 3872 2954 3919 et
2973 3864 3053 3919 sui
3076 3863 3211 3919 roris
3241 3863 3427 3919 intima
3456 3861 3780 3933 aspersione

2194 3949 2464 4006 fecundet.
2497 3953 2596 4008 Per
2628 3953 2932 4010 Dominum.

2266 4042 2405 4097 Alia.
2436 4074 2507 4084 —
2557 4044 2910 4115 Omnipotens
2955 4050 3283 4118 sempiterne
3322 4050 3486 4117 Deus,
3534 4048 3626 4120 qui
3670 4048 3794 4103 Pa-

2198 4133 2378 4189 schale
2432 4148 2825 4193 sacramentum
2874 4127 3255 4212 quinquaginta
3313 4142 3515 4198 dierum
3564 4140 3792 4196 voluisti

2202 4230 2461 4299 mysterio
2509 4232 2792 4300 contineri,
2830 4241 3022 4302 praesta
3052 4241 3111 4289 ut
3137 4236 3373 4304 gentium
3404 4234 3542 4289 facta
3571 4234 3795 4304 disper-

2200 4320 2281 4373 sio
2312 4318 2578 4376 divisione
2614 4321 2911 4393 linguarum
2966 4323 3033 4377 ad
3077 4339 3236 4378 unam
3277 4322 3670 4378 confessionem
3700 4324 3787 4378 tui

2200 4408 2454 4477 nominis,
2484 4413 2595 4483 99
2623 4412 2827 4470 coelesti
2854 4428 3077 4470 munere
3112 4423 3484 4486 congregetur.
3526 4415 3629 4471 Per
3677 4414 3791 4469 Do-

2200 4518 2423 4558 mtuum.

502 4589 664 4645 nobis
702 4586 823 4644 Filii
859 4590 935 4644 tui
968 4588 1362 4646 manifestando
1388 4587 1665 4646 clariﬁcet.
1691 4587 1795 4645 Per
1821 4588 2089 4645 eumdem.
2118 4604 2173 4666 Ῑ)
2268 4597 2407 4651 Alia.
2438 4628 2508 4639 —
2546 4599 2707 4666 Deus,
2755 4600 2844 4669 qui
2877 4607 3213 4657 sacramento
3242 4600 3545 4656 festivitatis
3572 4598 3793 4655 hodier-

504 4681 564 4735 ln
594 4682 798 4737 unitate
825 4680 1113 4752 ejusdem.-

578 4774 690 4845 98
711 4774 851 4830 Alia.
879 4805 950 4816 —
971 4776 1135 4845 Deus,
1159 4775 1311 4847 cujus
1344 4776 1542 4845 Spiritu
1564 4784 1735 4833 totum
1767 4791 1961 4846 corpus
1988 4777 2091 4832 Ec-

507 4865 688 4920 clesiae
737 4865 1121 4937 multiplicatur
1167 4876 1226 4925 et
1275 4870 1499 4939 regitur,
1546 4883 1808 4925 conserva
1853 4870 1907 4925 in
1954 4884 2089 4925 nova

510 4955 729 5011 familiae
770 4966 876 5013 tuae
904 4957 1159 5029 progenie
1189 4960 1633 5016 sanctiﬁcationis
1660 4961 1905 5031 gratiam,
1931 4975 2089 5031 quam

506 5049 721 5116 dedisti,
771 5058 852 5117 ut,
897 5065 1124 5122 corpore
1170 5063 1224 5109 et
1258 5065 1451 5111 mente
1498 5056 1762 5123 renovati,
1794 5055 1849 5110 in
1885 5056 2090 5111 unitate

506 5143 631 5199 ﬁdei
665 5144 955 5216 ferventes,
1002 5148 1094 5204 tibi
1127 5149 1351 5204 Domino
1388 5152 1593 5207 servire
1633 5161 1962 5208 mereantur.
1992 5152 2096 5208 Per

507 5233 793 5291 Dominum
822 5246 1084 5293 nostrum.
1121 5238 1179 5294 ln
1209 5241 1411 5297 unitate
1433 5241 1697 5312 ejusdem.

914 5343 1003 5383 ma
1031 5327 1060 5366 δ
1087 5343 1286 5385 εΑΜῑτο
1318 5347 1703 5388 raurscos'nts.

581 5418 744 5485 Deus,
774 5419 864 5489 qui
893 5418 1151 5476 hodierna
1173 5422 1261 5478 die
1287 5424 1446 5479 corda
1472 5424 1705 5481 ﬁdelium
1734 5430 1905 5483 sancti
1928 5427 2095 5499 Spiri-

513 5534 834 5674 Grueglgxstat
884 5536 939 5591 in
988 5535 1147 5606 Vigil.
1199 5538 1539 5596 Pentecostes
1586 5541 1639 5595 in
1671 5540 2096 5597 Benedictionali

692 5623 774 5660 l‘ll.

692 5623 774 5660 l‘ll.

515 5673 810 5798 ":mApud
855 5678 1058 5735 Pamel-
1108 5695 1206 5751 Ρΐο
1246 5680 1481 5737 Slalione
1526 5682 1657 5736 :Ad
1707 5691 1941 5737 sanctum
1991 5681 2097 5737 Pe-

589 5825 612 5854 ε
646 5816 703 5871 ln
752 5819 1167 5879 Benedictionali
1215 5823 1516 5895 assignatur
1560 5822 1721 5880 etiam
1771 5840 1868 5897 pro
1897 5826 2097 5885 Pente-

2201 4706 2284 4745 ηαξ
2313 4691 2607 4747 Ecclesium
2640 4702 2781 4748 tuam
2813 4695 2866 4749 in
2893 4695 3036 4749 omni
3064 4704 3223 4765 gente
3251 4704 3306 4752 et
3327 4694 3544 4750 natione
3584 4693 3793 4749 sancti-

2198 4783 2345 4846 ﬁcas,
2387 4784 2441 4838 in
2491 4794 2653 4841 totam
2684 4787 2865 4843 mundi
2909 4788 3244 4846 latitudinem
3278 4789 3511 4860 Spiritus
3541 4787 3615 4844 tui
3643 4788 3794 4845 dona

2196 4876 2453 4933 diffunde.
2486 4876 2609 4934 Per.

2831 4969 2858 5009 ἀ
2888 4972 3051 5028 Fama
3075 4973 3134 5028 ll.

2273 5062 2435 5129 Deus,
2466 5064 2558 5134 qui
2580 5064 2843 5135 apostolis
2872 5066 2973 5121 tuis
2998 5075 3240 5121 sanctum
3271 5064 3469 5121 dedisti
3499 5060 3786 5133 Spiritum,
3853 5056 3861 5066 ’

2198 5157 2436 5213 concede
2465 5159 2604 5225 plebi
2639 5170 2742 5214 tute
2771 5159 2873 5229 piae
2899 5160 3171 5229 petitionis
3196 5159 3467 5226 effectum,
3511 5166 3568 5213 ut
3593 5155 3792 5226 quibus

2204 5249 2395 5303 dedisti
2425 5249 2605 5315 fidem,
2641 5250 2885 5320 largiaris
2906 5259 2961 5306 et
2989 5267 3196 5321 pacem.
3227 5251 3351 5308 Per.
3851 5286 3879 5321 ρ,

2270 5340 2440 5411 Super
2466 5342 2656 5396 oblata.
2704 5370 2778 5382 —
2822 5342 3114 5413 Propitius,
3162 5344 3408 5409 Domine,
3454 5351 3786 5411 quaesumus,
3866 5366 3880 5407 νς

2200 5432 2315 5487 haec
2344 5434 2484 5486 dona
2535 5433 2832 5502 sanctiﬁca,
2876 5444 2953 5505 et,
3000 5436 3201 5492 Hostiae
3228 5433 3483 5508 spiritalis
3511 5432 3786 5488 oblatione
3866 5424 3867 5427 “

2205 5556 2370 5600 coste.

2278 5622 2302 5653 α
2336 5618 2487 5686 Apud
2520 5618 2720 5673 Pamel.
2766 5627 2820 5676 et
2844 5620 2913 5681 ~in
2942 5619 3165 5675 Kalend.
3194 5618 3376 5684 Rom.,
3408 5633 3505 5688 pro
3551 5616 3792 5672 statione

2205 5688 2435 5762 legitur:
2463 5693 2543 5743 Ad
2586 5690 2824 5747 Vincula.
2858 5692 2913 5746 in
2946 5706 3170 5762 utroque
3206 5691 3471 5748 'l‘heoder.
3506 5707 3523 5746 :
3563 5689 3643 5743 Ad
3672 5703 3798 5741 san-

2204 5771 2338 5818 ctum
2364 5760 2577 5816 Petrum
2598 5764 2664 5817 ad
2692 5762 2929 5819 Vincula.
