4064 6350
309 443 411 503 HS

1492 432 1693 490 LIBER
1734 434 2377 493 SACRAMENTORUM.

3487 445 3589 500 1M

310 562 579 625 suscepta,
609 552 967 623 nosmetipsos
1014 548 1108 606 tibi
1148 547 1344 620 perﬁce
1382 562 1578 606 munus
1613 556 1894 606 aeternum.
1924 565 1979 625 Α
2075 550 2245 621 Super
2270 549 2457 605 oblata.
2485 584 2557 595 —
2583 551 2806 621 Accipe,
2836 568 3163 623 quaesumus,
3198 554 3444 624 Domine,
3474 574 3592 615 mu-

308 648 411 707 Per
449 648 740 704 Dominum
772 648 1035 701 nostrum.

380 741 658 812 Prwfatio.
682 768 754 781 —-
777 739 913 795 Vere
931 737 1151 809 dignum
1173 745 1227 793 et
1247 736 1449 808 justum
1471 743 1575 805 est,
1606 752 1819 807 aequum
1845 746 1901 795 et

303 836 568 903 salutare,
620 849 721 889 nos
770 838 868 888 tim
917 846 1130 902 semper
1158 840 1214 888 et
1238 832 1670 903 ubiquegratias
1718 847 1897 903 agere,

309 930 538 984 Domine
561 934 771 993 sancte,
805 925 967 981 Pater
991 924 1352 994 omnipotens,
1386 932 1589 979 aeterne
1618 925 1778 988 Deus,
1808 940 1903 994 per

306 1021 582 1076 Christum
611 1020 896 1075 Dominum
923 1027 1206 1074 nostrum:
1240 1018 1330 1088 qui
1372 1018 1695 1087 promissum
1729 1019 1901 1089 Spiri-

306 1122 423 1167 tum
452 1112 781 1181 paracletum
812 1125 978 1181 super
1004 1109 1293 1180 discipulos
1320 1110 1484 1177 misit,
1516 1111 1607 1179 qui
1635 1110 1903 1181 principio

308 1204 583 1259 nascentis
627 1203 882 1258 Ecclesiae
923 1202 1131 1257 eunetis
1180 1201 1424 1271 gentibus
1473 1197 1805 1271 imbuendis,
1850 1212 1904 1259 et

308 1290 537 1346 Deitatis
569 1288 851 1343 scientiam
877 1288 1104 1355 inderet,
1138 1297 1191 1343 et
1212 1288 1512 1358 linguarum
1534 1288 1901 1346 diversitatem

308 1382 363 1439 in
408 1383 568 1437 unius
620 1382 744 1437 ﬁdei
785 1380 1123 1437 confessione
1151 1383 1401 1439 sociaret.
1434 1382 1537 1439 Per
1564 1400 1721 1457 quem
1747 1385 1904 1456 Maje-

306 1482 503 1531 statem
529 1485 673 1529 tuam
699 1475 966 1545 supplices
987 1488 1295 1541 exoramus,
1320 1483 1379 1530 ut
1399 1478 1549 1545 cujus
1565 1477 1903 1534 celebramus

308 1569 624 1635 adventum,
648 1570 764 1639 ejus
788 1569 1116 1625 multimodae
1134 1571 1321 1640 gratiae
1339 1572 1613 1642 capiamus
1630 1572 1899 1630 effectum.

310 1658 414 1716 Per
433 1674 593 1730 quem
623 1660 976 1731 Majestatem.

385 1751 466 1805 Ad
491 1750 886 1823 Complendum.
916 1784 990 1796 —
1018 1753 1258 1823 Adesto,
1290 1755 1544 1823 Domine,
1573 1771 1898 1826 quaesumus,

312 1842 510 1911 populo
558 1853 670 1909 tuo,
712 1853 764 1899 et
811 1860 967 1914 quem
999 1848 1271 1918 mysteriis
1300 1849 1611 1908 caelestibus
1640 1850 1895 1919 imbuisti,

308 1933 377 1989 ab
406 1934 641 1991 hostium
672 1935 855 1995 furore
882 1938 1129 1998 defende.
1168 1941 1287 1996 Per.

380 2029 521 2083 Alia.
565 2058 636 2069 —
684 2023 861 2097 Deus,
899 2032 990 2101 qui
1020 2031 1300 2103 discipulis
1339 2034 1445 2090 tuis
1492 2034 1746 2105 Spiritum
1785 2052 1905 2095 san-

307 2128 461 2178 ctum
490 2124 821 2192 paracletum
870 2124 925 2179 in
969 2124 1104 2194 ignis
1154 2126 1363 2183 fervore
1402 2128 1616 2185 mittere
1659 2129 1906 2200 dignatus

313 2228 404 2280 es,
439 2213 507 2268 da
544 2215 747 2285 populis
778 2216 882 2273 tuis
906 2220 958 2271 in
1005 2218 1209 2274 unitate
1235 2219 1360 2275 ﬁdei
1385 2234 1505 2276 esse
1535 2222 1822 2293 ferventes,
1848 2234 1907 2280 ut

319 2306 379 2362 in
412 2316 502 2361 tua
533 2321 740 2378 semper
779 2309 1072 2368 dilectione
1100 2323 1498 2383 permanentes,
1528 2324 1583 2371 et
1608 2318 1661 2371 in
1692 2317 1797 2379 ﬁde
1827 2320 1903 2374 in-

311 2400 611 2458 veniantur
634 2404 879 2474 stabiles,
924 2415 980 2463 et
1010 2407 1066 2464 in
1108 2423 1273 2480 opere
1299 2412 1564 2469 efﬁcaces.
1600 2412 1702 2470 Per
1726 2414 1906 2472 Domi-

308 2508 466 2551 num.

948 2579 974 2607 ⁸
1005 2587 1165 2628 FERIA
1193 2589 1272 2629 111.

385 2658 547 2712 Adsit
598 2660 800 2727 nobis,
854 2660 1109 2732 Domine,
1163 2680 1506 2736 qumsumus,
1562 2670 1731 2726 virtus
1781 2670 1905 2742 Spi-

313 2748 453 2804 ritus
475 2751 668 2818 sancti,
692 2766 813 2822 qua:
834 2760 891 2807 et
909 2755 1071 2810 corda
1096 2767 1281 2811 nostra
1308 2759 1603 2815 clementer
1622 2772 1901 2833 expurget,

320 2843 465 2897 etab
489 2845 739 2901 omnibus
760 2855 974 2903 tueatur
1000 2850 1261 2906 adversis.
1292 2852 1396 2908 Per
1420 2854 1723 2911 Dominum.

392 2936 563 3007 Super
609 2938 801 2993 oblata.
840 2970 910 2980 —
954 2942 1207 2999 Puriﬁeet
1255 2961 1372 3013 nos,
1426 2961 1751 3018 quaesumus,
1800 2950 1908 3005 Do-

313 3030 489 3097 mine,
535 3036 775 3090 muneris
830 3038 1109 3105 praesentis
1138 3038 1357 3105 oblatio,
1412 3050 1468 3098 et
1515 3043 1705 3113 dignos
1756 3060 1908 3102 sacra

316 3121 729 3191 participatione
758 3127 1014 3194 perﬁciat.
1051 3128 1153 3185 Per
1180 3129 1482 3188 Dominum.

390 3210 667 3281 Praefatio.
712 3244 782 3256 -
812 3216 947 3272 Vere
997 3218 1214 3288 dignum
1247 3230 1303 3276 et
1335 3223 1534 3290 justum
1568 3236 1669 3291 est,
1700 3241 1910 3298 aequum

314 3313 373 3359 et
400 3304 659 3372 salutare,
694 3322 792 3363 nos
819 3308 912 3364 tibi
943 3325 1156 3383 semper
1184 3322 1237 3367 et
1286 3314 1478 3385 ubique
1500 3317 1699 3389 gratias
1727 3334 1905 3391 agere,
1941 3353 1988 3416 ρ

317 3396 550 3454 Domine
596 3410 809 3466 sancte,
866 3402 1025 3458 Pater
1068 3408 1448 3475 omnipotens,
1498 3420 1698 3466 aeterne
1748 3414 1909 3482 Deus,

320 3503 422 3558 per
461 3490 730 3546 Christum
762 3492 1044 3549 Dominum
1078 3506 1317 3552 nostrum
1350 3516 1365 3553 :
1400 3502 1490 3569 qui
1534 3502 1761 3571 Spiritus
1791 3520 1915 3560 san-

317 3583 396 3639 cti
425 3584 694 3642 infusione
719 3588 947 3657 replevit
976 3589 1138 3644 corda
1172 3592 1429 3661 ﬁdelium,
1481 3605 1537 3649 ut
1566 3610 1657 3649 sua
1682 3598 1913 3653 admira-

322 3676 414 3733 bili
465 3680 798 3746 operatione,
853 3684 1010 3753 100
1056 3692 1111 3738 et
1159 3685 1239 3738 sui
1283 3688 1481 3741 amoris
1528 3688 1584 3741 in
1616 3690 1693 3744 eis
1740 3693 1912 3760 ignem

322 3772 668 3837 accenderet,
697 3783 752 3828 et
782 3788 877 3843 per
906 3774 1275 3831 diversitatem
1313 3776 1612 3848 linguarum
1644 3794 1831 3850 gentes
1864 3784 1917 3837 in

322 3863 529 3918 unitate
568 3865 691 3919 ﬁdei
720 3866 1009 3931 solidaret;
1043 3866 1193 3936 cujus
1224 3868 1367 3922 dono
1399 3869 1648 3936 petimus,
1700 3882 1753 3925 et
1803 3872 1919 3927 ille-

324 3955 583 4011 cebrosas
613 3971 643 4010 a
683 3955 836 4010 nobis
868 3958 1083 4012 excludi
1116 3958 1415 4028 voluptates
1438 4002 1452 4026 ,
1486 3970 1538 4015 et
1564 3962 1830 4029 Spiritales
1864 3967 1915 4020 in

328 4046 486 4101 nobis
527 4050 729 4103 exstrui
775 4050 1113 4120 plantarique
1148 4052 1390 4107 virtutes.
1441 4052 1545 4108 Per
1574 4070 1730 4124 quem
1761 4056 1920 4126 Maje-

325 4147 544 4193 statem.

401 4231 483 4283 Ad
512 4230 907 4299 Complendum.
938 4261 1008 4271 —
1053 4231 1256 4289 Mentes
1300 4243 1531 4301 nostras,
1586 4251 1913 4305 qumsumus,

325 4323 574 4389 Domine,
600 4325 834 4394 Spiritus
857 4334 1072 4381 sanctus
1094 4326 1287 4383 divinis
1310 4338 1524 4397 reparet
1539 4333 1912 4399 sacramentis,

328 4416 451 4485 quia
506 4416 623 4485 ipse
670 4424 757 4472 est
812 4418 1058 4474 remissio
1109 4419 1345 4474 omnium
1399 4428 1762 4489 peccatorum.
1815 4423 1918 4477 Per

334 4505 637 4562 Dominum.

811 4576 836 4614 δ
868 4594 1025 4635 ηιυΑ
1057 4596 1128 4635 tv.
1164 4595 1348 4636 HENSIS
1380 4596 1450 4636 tv.

404 4667 609 4725 Mentes
647 4678 879 4737 nostras,
932 4687 1261 4741 quaesumus,
1304 4672 1551 4743 Domine,
1592 4675 1914 4749 Paracletus,

334 4760 425 4829 qui
455 4775 485 4814 a
516 4770 567 4814 te
601 4763 861 4831 procedit,
896 4763 1197 4829 illuminet;
1237 4773 1294 4818 et
1336 4762 1547 4821 inducat
1580 4768 1632 4822 in
1681 4784 1917 4840 omnem,

333 4853 471 4907 sicut
501 4862 621 4908 tuus
652 4855 892 4923 promisit
924 4854 1107 4919 Filius,
1159 4857 1461 4913 veritatem.
1510 4858 1608 4925 Qui
1641 4867 1816 4916 tecum
1847 4864 1925 4917 vi—

339 4946 413 5001 vit
438 4954 491 5001 et
514 4955 725 5016 regnat,
750 4948 803 5003 in
833 4949 1036 5004 unitate
1066 4949 1327 5017 ejusdem.

409 5043 549 5099 Alia.
596 5075 669 5087 —
698 5044 920 5109 Praesta,
970 5060 1301 5115 quaesumus,
1336 5046 1675 5115 omnipotens
1724 5057 1778 5105 et
1827 5052 1927 5105 mi-

342 5134 573 5191 sericors
609 5136 783 5205 Deus,
829 5148 888 5192 ut
927 5137 1159 5208 Spiritus
1190 5147 1407 5193 sanctus
1445 5141 1760 5205 adveniens,
1794 5152 1929 5198 tem-

344 5227 487 5296 plum
515 5244 615 5285 nos
641 5229 828 5301 gloria:
867 5245 977 5287 sua:
1018 5230 1302 5300 dignanter
1339 5232 1629 5288 habitando
1666 5235 1928 5303 perﬁciat.

346 5314 465 5374 Per.

418 5442 446 5471 ι
474 5432 673 5488 Iisdem
715 5432 772 5489 in
800 5434 1087 5491 Codicibus
1126 5438 1289 5491 statio
1319 5445 1402 5493 est
1436 5438 1503 5491 ad
1532 5444 1763 5492 sanctam
1794 5437 1937 5492 Ana-

351 5505 578 5559 “asiam.

422 5574 448 5613 δ
476 5575 572 5629 Ed.
606 5576 809 5631 Pamel.
842 5576 996 5631 habet

355 5791 535 5857 forem.

432 5873 447 5895 τ
485 5859 637 5926 Apud
671 5860 868 5916 Pamel.
910 5863 1071 5918 statio
1111 5863 1255 5918 ferite
1288 5864 1441 5933 hujus
1476 5874 1555 5919 est
1592 5866 1660 5917 ad
1698 5875 1930 5920 sanctum

362 5927 513 5984 Laur.
569 5933 698 6001 foris
739 5949 958 5990 murum.
1010 5935 1154 5991 Istud
1200 5927 1435 5992 ofﬁcium
1481 5937 1722 6007 Gregorii
1773 5940 1926 6007 primi

1023 5592 1117 5647 pro
1145 5587 1272 5637 stat.
1304 5596 1317 5632 :
1351 5580 1431 5631 Ad
1456 5590 1683 5633 sanctam
1712 5580 1938 5633 Mariam

354 5645 485 5719 Ma].
520 5650 707 5719 .etad
754 5658 984 5701 sanctum
1024 5645 1278 5703 ’Petrum.
1328 5650 1553 5705 Kalend.
1610 5652 1764 5705 Rom.
1820 5662 1935 5705 tan-

356 5726 463 5771 tum
491 5736 502 5769 :
536 5718 617 5770 Ad
645 5729 874 5772 structam
910 5720 1155 5774 Mariam.
1188 5721 1407 5777 Addunt
1435 5724 1540 5776 duo
1571 5722 1775 5777 Theod.
1815 5722 1936 5776 Ma-

2003 658 2104 698 nus
2134 643 2394 709 oblatum,
2442 653 2495 699 et
2525 644 2807 714 dignanter
2835 662 3081 715 operare,
3114 656 3173 703 ut
3194 650 3335 719 quod
3380 660 3592 722 myste-

2002 736 2097 791 riis
2118 736 2346 807 agimus,
2371 737 2471 806 piis
2492 736 2771 794 etfectibus
2796 739 3153 795 celebremus.
3179 741 3281 796 Per
3303 740 3590 800 Dominum

2002 838 2247 885 nostrum
2258 871 2271 885 .

2075 920 2350 991 Prwfatio.
2380 952 2448 961 ——
2482 922 2616 979 Vere
2657 924 2877 994 dignum
2911 934 2967 981 et
3006 927 3212 995 justum
3240 933 3341 992 est,
3378 941 3595 993 aequum

2006 1020 2060 1068 et
2087 1014 2343 1081 salutare,
2374 1027 2471 1067 nos
2501 1014 2593 1069 tibi
2635 1030 2846 1085 semper
2875 1026 2929 1072 et
2955 1017 3153 1088 ubique
3176 1019 3379 1089 gratias
3407 1033 3590 1090 agere,

2005 1104 2231 1161 Domine
2285 1115 2488 1174 sancte,
2540 1106 2700 1162 Pater
2751 1109 3110 1180 omnipotens,
3162 1120 3365 1166 aeterne
3421 1111 3588 1179 Deus,

2006 1214 2106 1268 per
2132 1197 2405 1253 Christum
2437 1198 2717 1253 Dominum
2747 1209 3008 1258 nostrum.
3044 1202 3145 1258 Per
3167 1217 3327 1272 quem
3353 1201 3592 1271 discipu-

2005 1287 2071 1344 lis
2102 1287 2333 1358 Spiritus
2376 1298 2590 1344 sanctus
2640 1290 2693 1345 in
2735 1299 2880 1346 terra
2928 1292 3085 1348 datur
3133 1294 3205 1349 ob
3243 1294 3593 1350 dilectionem

2005 1380 2258 1450 proximi,
2304 1390 2358 1436 et
2410 1380 2478 1437 de
2525 1382 2661 1438 coelo
2714 1384 2940 1439 mittitur
2988 1393 3207 1456 propter
3247 1385 3593 1447 dilectionem

2005 1472 2104 1527 tui.
2144 1470 2308 1541 Cujus
2347 1471 2548 1528 infusio
2585 1473 2816 1542 petimus
2862 1482 2919 1529 ut
2959 1473 3013 1530 in
3053 1476 3207 1532 nobis
3246 1487 3593 1546 peccatorum

2006 1562 2196 1618 sordes
2234 1573 2446 1629 exurat,
2490 1566 2570 1619 tui
2608 1566 2807 1620 amoris
2837 1566 3014 1637 ignem
3055 1566 3274 1634 nutriat,
3304 1577 3359 1622 et
3386 1582 3485 1623 nos
3525 1567 3595 1624 ad

2005 1668 2245 1711 amorem
2272 1655 2627 1713 fraternitatis
2652 1659 2928 1715 accendat.
2957 1659 3058 1715 Per
3080 1674 3238 1727 quem
3260 1659 3593 1731 Maiestatem

2004 1756 2171 1807 tuam.
2690 1768 2696 1774 '

2078 1844 2157 1896 Ad
2198 1843 2588 1913 Complendum.
2618 1876 2691 1887 —
2716 1845 3028 1913 Sumentes,
3079 1844 3322 1913 Domine,
3355 1846 3600 1903 amlestia

1933 1960 1983 2022 Β
2011 1946 2369 2004 sacramenta,
2418 1951 2724 2007 quaesumus
2752 1938 3092 1995 clementiam
3144 1947 3309 2003 tuam,
3362 1938 3597 2006 utquod

2010 2032 2383 2100 temporaliter
2409 2031 2648 2103 gerimus
2678 2033 2895 2087 aeternis
2938 2032 3147 2104 gaudiis
3185 2047 3597 2104 consequamur.

2008 2121 2133 2177 Per.

2544 2206 2566 2234 ο
2619 2195 2771 2266 (597)
2803 2210 2961 2251 FBBIA
2985 2210 3039 2251 v.

2081 2304 2180 2360 lllo
2211 2318 2311 2360 nos
2331 2304 2474 2375 igne,
2502 2321 2831 2377 quaesumus,
2860 2306 3108 2377 Domine,
3136 2307 3368 2377 Spiritus
3388 2316 3603 2365 sanctus

2008 2394 2328 2466 inﬂammet,
2362 2412 2522 2467 quem
2558 2398 2813 2453 Dominus
2844 2406 3025 2454 noster
3048 2398 3204 2454 Jesus
3224 2400 3465 2455 Christus
3494 2401 3597 2456 mi-

2008 2489 2083 2544 sit
2111 2491 2165 2543 in
2194 2498 2417 2556 terram,
2459 2499 2514 2546 et
2540 2492 2708 2546 voluit
2733 2492 3084 2549 vehementer
3108 2494 3356 2552 accendi.
3387 2495 3488 2561 Qui
3523 2504 3602 2550 te-

2012 2596 2135 2637 cum
2158 2581 2292 2637 vivit
2316 2594 2369 2638 et
2392 2594 2577 2654 regnat
2606 2586 2746 2641 Deus
2763 2587 2815 2642 in
2847 2588 3055 2643 unitate
3078 2588 3344 2657 ejusdem.

2087 2696 2260 2768 Super
2288 2698 2481 2752 oblata.
2508 2728 2577 2741 -—-
2610 2699 2818 2755 Virtute
2861 2700 3093 2770 Spiritus
3120 2703 3314 2771 sancti,
3351 2702 3605 2771 Domine,

2012 2804 2236 2844 munera
2278 2798 2461 2848 nostra
2492 2794 2762 2863 continge,
2794 2801 2853 2847 ut
2896 2796 3039 2865 quod
3086 2796 3429 2853 solemnitate
3468 2814 3607 2867 prae-

2013 2882 2154 2937 senti
2196 2892 2288 2937 tuo
2316 2883 2520 2938 nomini
2563 2884 2853 2952 dedicavit,
2891 2896 2944 2940 et
2976 2887 3314 2957 intelligibile
3345 2890 3499 2946 nobis
3528 2890 3606 2947 fa-

2014 2974 2122 3030 ciat
2153 2983 2209 3031 et
2230 2985 2512 3031 aeternum.
2549 2976 2653 3033 Per
2676 2977 2981 3035 Dominum.

2086 3087 2360 3158 Prwfatio.
2392 3123 2465 3134 —
2494 3091 2633 3148 Vere
2673 3092 2891 3162 dignum
2922 3103 2977 3151 et
3019 3095 3217 3165 justum
3259 3108 3361 3167 est,
3392 3115 3603 3170 aequum

2013 3188 2071 3236 et
2096 3182 2351 3250 salutare,
2387 3198 2487 3237 nos
2519 3184 2614 3239 tibi
2643 3199 2859 3256 semper
2886 3198 2940 3243 et
2966 3188 3166 3258 ubique
3193 3194 3392 3261 gratias
3421 3210 3607 3264 agere,

2016 3273 2242 3330 Domine
2274 3284 2476 3343 sancte,
2512 3277 2667 3335 Pater
2687 3282 3047 3350 omnipotens,
3077 3294 3279 3341 atterne
3301 3286 3442 3343 Deus
3467 3330 3480 3354 ,
3513 3304 3606 3356 per

2028 3369 2181 3438 101
2213 3367 2484 3424 Christum
2510 3371 2795 3428 Dominum
2826 3386 3091 3432 nostrum.
3124 3379 3227 3433 Per
3252 3397 3411 3449 quem
3441 3384 3610 3449 pieta-

2026 3470 2133 3515 tem
2166 3469 2309 3515 tuam
2350 3466 2664 3533 suppliciter
2706 3469 2959 3538 petimus,
3018 3482 3073 3526 ut
3114 3474 3346 3542 Spiritus
3392 3485 3612 3530 sanctus

2023 3551 2189 3606 corda
2235 3562 2417 3608 nostra
2460 3567 2744 3626 expurget,
2792 3570 2841 3614 et
2883 3561 2964 3616 sui
3002 3562 3219 3618 luminis
3264 3565 3611 3622 irradiatione

2025 3642 2349 3710 perlustret,
2382 3654 2440 3700 ut
2470 3646 2523 3702 in
2571 3664 2635 3704 eo
2662 3650 2754 3719 qui
2783 3654 3072 3721 gratiarum
3104 3656 3325 3727 largitor
3354 3669 3434 3713 est
3467 3668 3613 3715 recta

2024 3740 2318 3807 sapiamus,
2352 3744 2495 3800 etde
2524 3745 2642 3813 ejus
2664 3750 3035 3805 consolatione
3060 3753 3113 3806 in
3140 3764 3453 3823 perpetuum
3480 3771 3639 3825 gau-.

2025 3831 2269 3891 deamus.
2296 3836 2398 3891 Per
2424 3853 2580 3907 quem
2621 3841 2951 3909 Majestatem
2980 3853 3145 3899 tuam.

2099 3946 2178 3999 Ad
2221 3948 2609 4017 Complendum.
2637 3982 2707 3992 -
2737 3954 2914 4009 Sacris
2961 3956 3305 4023 coelestibus,
3354 3936 3629 4029 Domine,

2024 4048 2209 4094 sancto
2241 4040 2440 4110 Spiritu
2478 4054 2757 4113 operante,
2791 4045 2917 4101 vitia
2972 4056 3152 4103 nostra
3204 4061 3514 4120 purgentur,
3558 4065 3618 4109 ut

2026 4132 2342 4189 muneribus
2372 4138 2474 4191 tuis
2505 4138 2771 4207 possimus
2813 4154 3026 4209 semper
3052 4142 3241 4211 aptari.
3288 4143 3391 4200 Per
3434 4146 3616 4201 Domi-

2026 4238 2152 4278 num
2186 4233 2451 4280 nostrum.

2097 4338 2237 4393 Alia.
2268 4368 2340 4380 —
2368 4339 2593 4408 Praesta,
2622 4358 2957 4413 quaesumus,
2989 4345 3244 4414 Domine,
3275 4355 3332 4403 ut
3360 4362 3391 4402 a
3418 4350 3616 4405 nostris

2026 4434 2295 4489 mentibus
2324 4437 2565 4492 carnales
2594 4450 2839 4495 amoveat
2866 4426 3094 4510 Spiritus
3125 4442 3347 4498 affectus
3367 4486 3381 4511 ,
3416 4450 3470 4498 et
3510 4444 3619 4513 spi-

2026 4526 2200 4581 ritalia
2232 4528 2384 4584 nobis
2414 4530 2555 4584 dona
2586 4542 2833 4600 potenter
2883 4534 3145 4589 infundat.
3197 4535 3298 4591 l’cr
3331 4536 3611 4591 Dominum

2026 4626 2267 4672 nostrum
2294 4619 2475 4676 Jesum
2505 4621 2773 4678 Christum
2802 4625 2992 4680 Filium
3022 4635 3193 4692 tuum,
3217 4627 3305 4697 qui
3333 4635 3507 4685 tecum
3536 4631 3617 4684 vi-

1952 4744 2000 4803 ο
2026 4714 2102 4770 vit
2127 4725 2180 4771 et
2209 4728 2414 4787 regnat,
2446 4718 2605 4783 Deus,
2631 4720 2684 4773 in
2714 4721 2914 4777 unitate
2942 4718 3205 4791 ejusdem.

2511 4849 2668 4889 manu
2705 4851 2778 4891 vt.
2809 4834 2836 4873 ἀ
2868 4851 3050 4891 unusrs
3074 4852 3144 4891 tv.

2108 4944 2260 5015 (598)
2290 4946 2387 5013 Da,
2439 4962 2765 5017 quaesumus,
2823 4950 3074 5005 Ecclesiae
3126 4960 3266 5023 tum,
3316 4955 3622 5011 misericors

2036 5037 2199 5104 Deus,
2232 5050 2309 5107 ut,
2342 5050 2528 5095 sancto
2560 5042 2760 5110 Spiritu
2788 5053 3140 5114 congregata,
3173 5045 3354 5102 hostili
3400 5049 3623 5102 nullate-

2036 5147 2137 5186 nus
2163 5134 2467 5189 incursione
2493 5136 2751 5190 turbetur.
2780 5136 2882 5191 l’er
2911 5137 3189 5194 Dominum
3214 5150 3478 5196 nostrum.

2108 5222 2279 5293 Super
2320 5224 2930 5294 oblata.-—Sacrilieia,
2984 5229 3235 5297 Domine,
3295 5233 3401 5286 tuis
3450 5232 3622 5289 oblata

2031 5316 2407 5385 conspectibus
2438 5319 2526 5375 ille
2571 5320 2705 5389 ignis
2735 5321 2953 5377 divinus
2982 5333 3241 5391 assumat,
3279 5323 3364 5393 qui
3390 5323 3623 5393 discipu~

2041 5462 2149 5527 non
2177 5462 2314 5514 esse,
2361 5452 3086 5527 patet_ex70rd.Bomano,
3134 5472 3249 5527 pag.
3300 5458 3407 5527 83;
3452 5466 3505 5510 et
3540 5459 3598 5511 Al

2042 5520 2242 5598 cuine,
2293 5536 2411 5591 pag.
2461 5524 2560 5598 Q9;
2614 5526 2737 5598 item
2785 5520 3093 5598 Micrologo,
3134 5520 3260 5595 cap.
3313 5520 3401 5580 50.
3445 5527 3619 5598 Noqur

2043 5591 2271 5665 sane_in
2314 5608 2421 5665 uno
2458 5594 2861 5652 Coloniensium
2893 5591 3147 5653 Codicum
3192 5591 3508 5665 habebatur,
3543 5591 3619 5653 in.

2042 5662 2155 5729 quit
2184 5662 2383 5717 Pomel.
2413 5664 2616 5719 Abesse
2643 5685 2852 5738 quoque
2873 5686 2901 5723 a
2924 5672 3056 5723 Cod.
3083 5670 3213 5739 Reg.
3246 5670 3404 5724 Suec.
3438 5662 3618 5726 obser-

2039 5747 2247 5787 ValltllS.

2114 5803 2138 5841 ά
2166 5805 2417 5860 lndicitur
2462 5809 2621 5863 statio
2669 5812 2736 5863 ad
2766 5811 3037 5877 Apostolos
3074 5811 3124 5866 in
3172 5812 3393 5869 Kalend.
3436 5813 3592 5871 Rom.

2041 5879 2495 5934 consentientibus
2527 5880 2662 5936 tidit.
2698 5883 2897 5937 Pamel.
2930 5895 2983 5938 et
3012 5883 3175 5940 Codd.
3202 5901 3333 5942 mss.
