4064 6350
465 394 566 453 115

1668 386 1908 445 SANCTI
1945 386 2272 447 caecos"
2311 376 2522 450 MAGNl

3626 401 3729 461 ΗΕ

462 506 845 581 ιοτιιιηξοιηῑειὶ
872 505 946 561 tui
973 519 1069 577 per
1089 503 1342 576 Spiritum
1367 510 1610 561 sanetum
1637 504 1799 563 corda
1817 519 2040 562 succen-
2066 509 2122 573 Α
2146 515 2201 564 et
2228 509 2485 577 salutare,
2518 523 2616 567 nos
2644 509 2739 568 tibi
2767 523 2981 584 semper
3004 520 3058 571 et
3086 514 3280 587 ubique
3302 515 3502 587 gratias
3531 531 3718 591 agere,

459 601 557 657 dit.
590 600 691 654 Per
716 596 963 653 eumdem
995 594 1277 650 Dominum
1308 603 1550 650 nostrum

527 694 799 760 Praefatio.
825 722 897 733 —
921 691 1061 747 Vere
1083 690 1298 763 dignum
1325 698 1381 747 et
1402 689 1601 761 justum
1626 698 1729 758 est,
1757 705 1968 764 :equum
1989 699 2047 749 et

458 788 711 853 salutare,
743 799 843 840 nos
872 784 969 839 tibi
1013 798 1226 854 semper
1269 793 1323 838 ct
1370 784 1564 853 ubique
1608 786 1807 855 gratias
1855 800 2035 855 agerc,

456 879 681 935 Domine
706 885 918 943 sancte,
950 877 1109 931 Pater
1136 878 1471 947 omnipotens
1494 918 1509 943 ,
1542 885 1741 933 aeterne
1771 878 1911 934 Deus
1943 898 1957 935 :
1988 888 2041 934 et

454 972 789 1043 Majestatem
822 978 963 1025 tuam
995 967 1308 1039 suppliciter
1336 982 1577 1033 exorare,
1609 977 1665 1024 ut
1696 969 1925 1038 Spiritus
1950 984 2039 1039 pa-

456 1065 686 1121 racletus
715 1062 982 1129 adveniat,
1014 1070 1070 1117 et
1097 1076 1216 1128 nos,
1252 1060 1619 1129 inhabitando,
1654 1062 1907 1131 templum
1930 1076 2041 1119 sum

454 1155 748 1230 Majestatis
776 1154 1000 1222 efﬁciat;
1024 1154 1164 1223 quod
1191 1168 1311 1208 eum
1344 1152 1624 1223 Unigenito
1650 1154 1785 1213 Filio
1817 1164 1907 1212 tuo
1932 1157 2041 1212 cle-

453 1246 622 1303 menti
660 1254 907 1316 respectu
934 1259 1146 1315 semper
1177 1242 1412 1313 digneris
1442 1242 1698 1311 inviserc,
1728 1254 1783 1302 et
1826 1255 1931 1303 tuae
1960 1247 2041 1302 in-

459 1336 804 1395 habitationis
851 1336 1057 1405 fulgore
1104 1335 1159 1389 in
1209 1343 1526 1409 perpetuum
1567 1337 1904 1407 perlustrare.
1940 1339 2041 1397 Per

454 1444 611 1507 quem
644 1429 997 1501 Majestatem.
1967 1446 1976 1455 °

522 1521 605 1574 Ad
643 1518 1031 1588 Complendum.
1062 1547 1133 1559 —
1159 1517 1498 1587 Sumpsimus
1522 1559 1537 1586 ,
1588 1519 1851 1588 Domine,
1900 1521 2039 1579 sacri

453 1608 593 1665 dona
624 1610 885 1683 mysterii,
927 1609 1199 1667 humiliter
1229 1610 1597 1681 deprecantes,
1627 1620 1683 1666 ut
1711 1628 1828 1682 qum
1864 1612 1914 1667 in
1964 1614 2037 1673 tui

452 1703 1015 1758 commemorationem
1064 1718 1161 1757 nos
1210 1704 1383 1758 facere
1413 1704 1747 1773 priccepisti,
1784 1706 2039 1776 largiente

382 1811 391 1819 -
452 1803 636 1850 sancto
662 1794 881 1867 Spiritu,
916 1794 969 1848 in
1001 1803 1199 1851 nostra:
1224 1794 1506 1864 proﬁciant
1532 1795 1856 1857 inﬁrmitatis
1884 1799 2037 1861 auai-

452 1886 604 1941 lium.
637 1886 741 1941 Per
769 1886 1075 1942 Dominum.

519 1980 691 2049 Super
716 1978 1147 2051 populum,(599)
1168 1980 1276 2034 siin
1289 1962 1494 2054 jejunio
1520 1980 2035 2052 [iteriI.——Daiiohis,

447 2076 773 2140 quiesu‘mus,
810 2069 1050 2135 Domine,
1082 2088 1178 2140 per
1206 2073 1432 2141 gratiam
1466 2073 1695 2143 Spiritus
1720 2075 1911 2143 sancti,
1943 2092 2040 2137 no-

451 2176 571 2216 vam
602 2163 677 2216 tui
708 2162 968 2217 Paracleti
1015 2164 1271 2233 spiritalis
1294 2166 1647 2221 observantiae
1678 2167 2034 2238 disciplinain,

445 2260 507 2307 ut
533 2261 739 2308 mentes
766 2262 978 2310 nostras
1003 2270 1157 2310 sacro
1207 2256 1520 2325 puriﬁcante
1561 2257 1785 2327 jejunio,
1831 2261 2037 2315 cunctis

447 2341 739 2399 reddantur
765 2343 883 2411 eius
910 2346 1219 2402 muneribus
1240 2347 1497 2418 aptiores.
1526 2347 1630 2404 Per
1650 2349 1955 2409 Dominum.
1980 2352 2039 2408 in

445 2434 650 2491 unitate
674 2434 935 2504 ejusdem.

649 2538 883 2581 saneuo
912 2543 964 2582 IN
997 2537 1025 2566 ἰ
1055 2543 1131 2582 xu
1170 2534 1515 2587 uehemens
1543 2546 1729 2589 nemsrs
1754 2548 1825 2590 tv.

517 2616 785 2673 Mentibus
816 2620 1033 2688 nostris,
1062 2620 1305 2687 Domine,
1337 2623 1591 2691 Spiritum
1615 2636 1857 2681 sanctum
1884 2628 2037 2685 beni-

445 2726 582 2783 gnus
615 2712 855 2781 infunde,
890 2716 1043 2784 cujus
1072 2725 1125 2770 et
1170 2715 1433 2787 sapientia
1482 2718 1682 2774 conditi
1729 2735 1934 2789 sumus,
1983 2732 2037 2778 et

443 2807 781 2878 providentia
803 2809 1182 2878 gubernamur.
1216 2809 1317 2865 Per
1346 2811 1633 2867 Dominum
1664 2824 1924 2869 nostrum.

518 2898 982 2966 Alia.—Annue,
1033 2902 1341 2957 misericors
1386 2903 1547 2971 Deus,
1593 2914 1651 2959 ut
1695 2907 1805 2977 qui,
1857 2908 2035 2965 divina

446 3004 712 3063 prmeepta
746 2995 901 3064 102
930 2994 1175 3048 violando
1196 3035 1210 3061 ,
1244 3010 1273 3048 a
1301 2995 1532 3065 paradisi
1559 2995 1813 3055 felicitate
1837 3000 2037 3056 decidi-

442 3098 585 3149 mus,
608 3083 675 3139 ad
702 3094 915 3137 aeternae
941 3083 1307 3148 beatitudinis,
1331 3084 1468 3139 duce
1497 3096 1681 3141 sancto
1705 3088 1923 3158 Spiritu,
1950 3105 2037 3146 re-

441 3176 665 3235 deamus
693 3188 1003 3239 accessum,
1037 3190 1132 3244 per
1166 3186 1382 3231 tuorum
1410 3179 1706 3234 custodiam
1756 3184 2035 3238 mandato-

442 3282 579 3327 rum.
611 3266 818 3330 Per.,ln
848 3267 1051 3325 unitate
1075 3268 1336 3337 ejusdem.

517 3360 747 3415 Alia.—
772 3360 932 3429 Deus,
961 3361 1051 3430 qui
1088 3362 1155 3418 ad
1194 3363 1494 3418 animarum
1542 3365 1803 3421 medelam
1843 3367 2035 3438 jejunii

446 3452 731 3509 devotione
752 3452 1000 3521 castigari
1026 3467 1249 3523 corpora
1273 3456 1597 3525 praecepisti,
1622 3458 1857 3514 concede
1881 3461 2035 3517 nobis

444 3543 737 3613 propitius,
767 3552 1025 3613 etmente
1049 3553 1104 3601 et
1131 3559 1358 3616 corpore
1382 3561 1594 3618 semper
1627 3549 1719 3603 tibi
1768 3564 1889 3606 esse
1940 3555 2034 3608 de-

443 3645 618 3691 votos.
651 3636 772 3692 Per.
1642 3654 1643 3657 η

516 3728 653 3785 Alia.
678 3760 748 3773 —
766 3729 987 3797 Praista,
1019 3744 1345 3801 quaesumus,
1376 3735 1716 3803 omnipotens
1747 3737 1889 3793 Deus
1908 3778 1925 3806 ,
1949 3747 2029 3807 ut,

442 3819 765 3877 salutaribus
791 3821 1007 3891 jejuniis
1036 3822 1261 3889 eruditi,
1294 3824 1363 3878 ab
1405 3825 1654 3880 omnibus
1680 3826 1839 3883 etiam
1888 3829 2031 3885 vitiis

441 3915 802 3981 abstinentes,
851 3917 1285 3989 propitiationem
1339 3927 1480 3974 tuam
1524 3920 1731 3978 facilius
1780 3923 2032 3993 impetre-

441 4024 582 4063 mus.
617 4010 738 4065 Pcr.
770 4078 777 4084 κ

514 4104 653 4157 Alia.
676 4132 747 4143 —
766 4082 998 4170 Drmsta,
1029 4117 1356 4171 quaesumus,
1397 4104 1734 4178 omnipotens
1763 4107 1923 4173 Deus,
1952 4110 2032 4168 sic

440 4206 539 4247 nos
565 4194 635 4247 ab
661 4194 830 4262 epulis
860 4194 1160 4248 carnalibus
1186 4196 1474 4262 abstinere;
1508 4208 1561 4252 ut
1592 4215 1621 4254 a
1652 4201 1792 4257 vitiis
1824 4204 2031 4261 irruen-

441 4285 580 4340 tibus
610 4287 807 4355 pariter
832 4287 1153 4355 jejuncmus.
1187 4286 1290 4343 Per
1319 4289 1601 4347 Dominum
1633 4304 1896 4350 nostrum.

520 4378 636 4430 Alia
666 4376 733 4429 ad
771 4374 1005 4431 Missam.
1040 4406 1110 4417 —
1136 4377 1304 4446 Deus,
1335 4381 1424 4449 qui
1458 4382 1624 4437 tribus
1670 4388 1846 4454 pueris
1891 4387 2030 4444 miti-

442 4466 576 4537 gasti
609 4466 847 4521 ﬂammas
878 4467 1075 4536 ignium
1097 4508 1113 4534 ,
1156 4469 1390 4524 concede
1422 4472 1681 4541 prepitius
1710 4484 1767 4529 ut
1816 4492 1911 4531 nos
1954 4478 2031 4533 fa-

442 4558 617 4611 inulos
643 4566 761 4611 tuos
794 4569 899 4611 non
927 4566 1113 4612 exurat
1142 4558 1355 4614 flamma
1388 4560 1658 4617 vitiorum.
1696 4564 1817 4619 Per.

2068 1908 2117 1971 B

2059 3294 2107 3358 C

2146 604 2370 661 Domine
2400 612 2580 661 sancte
2604 649 2617 671 ,
2650 606 2804 663 Pater
2830 607 3198 679 omnipotens,
3230 620 3426 670 aeterne
3455 611 3595 675 Deus
3625 630 3639 667 :
3671 623 3729 671 et

2144 704 2289 753 tuam
2317 697 2754 766 omnipotentiam
2782 699 2989 757 devotis
3036 702 3282 771 precibus
3324 702 3631 772 implorare,
3666 716 3725 761 ut

2145 801 2241 841 nos
2272 785 2424 858 (400)
2459 788 2690 858 Spiritus
2723 789 2793 845 tui
2826 790 3003 849 lumen
3041 789 3301 859 infundat,
3335 794 3485 864 cujus
3514 809 3614 851 nos
3642 810 3730 850 sa-

2144 878 2340 948 pientia
2363 889 2528 947 creat,
2559 880 2729 951 pietas
2749 892 2977 950 recreat,
3002 892 3057 939 et
3084 886 3411 954 providentia
3438 886 3723 957 gubernat.

2143 971 2265 1041 Qui,
2298 987 2417 1029 cum
2448 989 2478 1030 a
2508 982 2596 1029 tua
2642 974 2937 1033 substantia
2967 975 3111 1033 nullo
3139 977 3299 1035 modo
3340 977 3412 1037 sit
3460 978 3724 1046 diversus,

2143 1061 2239 1116 sed
2269 1062 2365 1117 tibi
2404 1071 2458 1119 et
2492 1063 2773 1135 Unigenito
2802 1074 2893 1121 tuo
2917 1066 3382 1131 cori-subatantialis
3409 1077 3464 1123 et
3504 1079 3730 1125 coaeter-

2147 1166 2270 1217 nus,
2300 1149 2610 1207 diversitate
2639 1163 2814 1211 tamen
2848 1154 3107 1212 donorum
3136 1157 3305 1219 rcolct
3328 1165 3537 1215 tuorum
3563 1160 3726 1217 corda

2144 1239 2403 1297 ﬁdelium.
2437 1241 2502 1297 Et
2529 1242 2650 1299 ideo
2679 1259 2797 1299 cum
2829 1246 3050 1315 angelis.

2192 1332 2239 1372 ‘b
2272 1333 2587 1393 Benedictio.
2609 1366 2678 1379 -—
2700 1338 2984 1397 Benedicat
3010 1326 3525 1412 vobis’omnipotens
3541 1338 3693 1399 Deus
3708 1384 3725 1411 ,

2143 1422 2230 1492 qui
2263 1432 2452 1478 cuncta
2481 1440 2548 1480 ex
2594 1426 2764 1481 nihilo
2790 1429 3013 1494 creavit,
3044 1436 3100 1483 et
3126 1428 3277 1485 vobis
3308 1429 3362 1491 in
3410 1430 3729 1500 baptismate

2144 1531 2239 1585 per
2266 1516 2522 1588 Spiritum
2552 1531 2791 1574 sanctum
2818 1521 3190 1577 remissionem
3217 1525 3455 1579 omnium
3484 1536 3729 1597 peccato-

2143 1624 2259 1664 rum
2294 1609 2495 1665 tribuit.
2546 1614 2737 1667 Amcn.
2769 1615 2973 1683 Quippe
3018 1615 3263 1679 eumdem
3306 1617 3561 1688 Spiritum
3607 1634 3728 1676 san-

2144 1710 2287 1755 ctum
2334 1702 2386 1755 in
2420 1702 2587 1775 igneis
2618 1705 2808 1775 linguis
2857 1706 3130 1777 discipulis
3180 1709 3290 1765 suis
3328 1709 3511 1778 dedit,
3563 1712 3728 1782 ipsius

2145 1792 2502 1849 illustrationc
2532 1796 2693 1851 corda
2728 1808 2902 1853 vestra
2949 1800 3255 1868 pcrlustret,
3287 1812 3443 1872 atque
3490 1805 3541 1858 in
3572 1820 3725 1863 suum

2144 1900 2382 1940 amorem
2408 1888 2601 1955 jugitcr
2626 1888 2900 1943 accendat.
2930 1891 3120 1949 Amen.
3149 1893 3420 1959 Quatenus
3445 1894 3561 1964 ejus
3588 1896 3729 1951 dono

2146 1994 2175 2031 a
2207 1977 2350 2031 vitiis
2380 1980 2585 2032 cumtis
2612 1980 2883 2039 emundati
2904 2025 2919 2049 ,
2950 1982 3114 2051 ipsius
3143 1985 3486 2052 opitulatione
3516 1987 3583 2040 ab
3611 2002 3728 2041 om-

2142 2068 2298 2147 nibus
2328 2070 2740 2126 adversitatibus
2770 2071 3013 2139 defensi,
3070 2076 3325 2145 templum
3376 2078 3538 2147 ipsius
3585 2076 3728 2134 efﬁci

2132 2143 2477 2217 'mereamitii.
2510 2164 2698 2217 Anien.
2728 2163 2881 2230 Quod
2912 2164 3024 2234 ipse
3058 2143 3308 2234 praestare
3336 2166 3602 2237 dignetur.

2215 2253 2294 2306 Ad
2325 2253 2713 2323 Complendum.
2740 2286 2811 2295 —
2831 2257 3110 2319 Praebeant
3135 2258 3324 2325 nobis,
3355 2259 3609 2327 Domine,
3642 2258 3727 2317 di-

2141 2346 2322 2400 vinum
2369 2356 2459 2401 tua
2504 2356 2685 2401 sancta
2712 2345 3002 2414 fervorem,
3052 2364 3159 2419 quo
3201 2364 3386 2415 eorum
3434 2351 3631 2421 pariter
3676 2360 3729 2411 et

2141 2443 2260 2491 actu
2294 2436 2620 2491 delectemur
2650 2446 2700 2492 ct
2732 2438 2922 2493 fructu.
2958 2439 3077 2494 Per.

2265 2529 2418 2598 103
2447 2544 2696 2583 nonmica
2728 2530 2876 2600 (401)
2906 2544 2924 2569 ε
2956 2545 3194 2589 οοτΑνΑε
3220 2546 3606 2587 eesrscosres.

2211 2618 2560 2688 Omnipotens
2603 2621 2927 2690 sempiterne
2956 2622 3126 2688 Deus,
3156 2624 3244 2693 qui
3276 2623 3465 2680 dedisti
3514 2623 3728 2683 famulis

2140 2708 2246 2764 tuis
2284 2708 2338 2764 in
2369 2711 2704 2773 confessione
2736 2726 2874 2768 vera:
2916 2711 3040 2769 ﬁdei
3069 2723 3282 2773 wternm
3312 2714 3587 2771 Trinitatis
3615 2716 3731 2785 glo-

2142 2801 2277 2856 riam
2324 2817 2647 2872 agnoscere,
2686 2812 2743 2858 ct
2783 2804 2835 2858 in
2870 2804 3117 2874 ,potentia
3165 2804 3449 2875 Majestatis
3501 2807 3732 2865 adorare

2142 2895 2445 2964 Unitatcm,
2488 2911 2792 2969 quaesumus
2823 2906 2879 2951 ut
2922 2898 3159 2967 ejusdem
3204 2898 3328 2956 ﬁdei
3375 2900 3624 2957 ﬁrmitate
3658 2901 3731 2956 ab

2140 2992 2393 3046 omnibus
2424 3006 2634 3062 semper
2679 2992 2981 3048 muniamur
3009 2993 3266 3055 adversis.
3314 2994 3412 3050 Per
3445 2994 3733 3052 Dominum

2141 3091 2408 3138 nostrum.

2142 3238 2151 3251 λ
2213 3175 2383 3249 Super
2424 3176 2614 3231 oblata.
2649 3208 2721 3221 --
2746 3174 3029 3233 Sanctiﬁca
3053 3217 3070 3243 ,
3115 3190 3457 3247 quaesumus,
3501 3176 3731 3234 Domine

2141 3269 2278 3324 Deus
2311 3278 2490 3324 noster
2510 3310 2523 3333 ,
2550 3283 2642 3338 per
2668 3268 2934 3339 Unigeniti
2966 3268 3043 3323 tui
3071 3266 3339 3334 virtutem,
3373 3268 3530 3338 hujus
3576 3269 3730 3325 obla-

2140 3362 2304 3418 tionis
2353 3362 2609 3425 llostiam,
2639 3368 2710 3426 et,
2760 3371 3083 3430 cooperante
3132 3360 3332 3430 Spiritu
3378 3369 3585 3428 sancto,
3628 3376 3730 3430 per

2136 3470 2257 3511 eam
2291 3454 2647 3524 nosmetipsos
2698 3454 2790 3509 tibi
2831 3453 3025 3522 perﬁce
3072 3468 3263 3509 munus
3309 3462 3590 3515 aeternum.
3623 3454 3731 3509 Per

2136 3547 2408 3603 eumdem.
2442 3546 2498 3600 ln
2531 3546 2731 3600 unitate
2758 3545 3018 3615 ejusdem.

2206 3638 2477 3708 Praefatio.
2497 3667 2562 3678 —
2590 3638 2725 3693 Verc
2749 3638 2964 3709 dignum
2996 3648 3047 3694 et
3071 3639 3274 3710 justum
3307 3646 3408 3705 est,
3440 3651 3647 3709 atquum
3670 3646 3731 3693 et

2134 3731 2401 3798 salutare,
2430 3746 2527 3786 nos
2556 3730 2648 3786 tibi
2680 3746 2892 3802 semper
2936 3740 2991 3786 et
3038 3732 3234 3805 ubique
3275 3730 3469 3802 gratias
3515 3744 3675 3799 agere
3711 3748 3726 3784 :

2135 3822 2360 3877 Domine
2407 3831 2610 3886 sancte,
2661 3821 2818 3877 Pater
2866 3821 3234 3891 omnipotens,
3281 3832 3481 3877 aeterne
3535 3822 3726 3876 Deus:

2134 3915 2286 3984 (402)
2316 3917 2401 3983 qui
2435 3931 2554 3969 cum
2588 3914 2872 3985 Unigenito
2901 3914 3034 3969 Filio
3062 3922 3152 3969 tuo
3195 3924 3250 3970 et
3294 3915 3491 3984 Spiritu
3538 3923 3730 3971 sancto

2135 4020 2273 4060 unus
2300 4021 2355 4061 es
2389 4007 2549 4071 Deus,
2582 4022 2718 4061 unus
2748 4020 2804 4061 es
2844 4006 3131 4075 Dominus,
3164 4024 3270 4064 non
3314 4010 3365 4063 in
3409 4008 3565 4063 unius
3608 4008 3729 4064 sin-

2134 4099 2413 4168 gularitate
2442 4113 2705 4167 personae,
2732 4100 2823 4153 sed
2851 4100 2902 4154 in
2926 4101 3080 4154 unius
3102 4100 3362 4155 Trinitate
3384 4101 3721 4159 substantiae.

2134 4190 2287 4258 Quod
2318 4193 2456 4246 enini
2488 4193 2551 4246 de
2583 4202 2668 4247 tua
2716 4193 2914 4263 gloria,
2967 4194 3241 4250 revelante
3288 4205 3375 4263 te,
3424 4196 3719 4261 credimus,

2137 4286 2236 4341 hoc
2262 4290 2328 4342 de
2360 4286 2498 4342 Filio
2523 4295 2629 4355 tuo,
2668 4286 2765 4341 hoc
2795 4288 2861 4343 de
2889 4288 3087 4359 Spiritu
3116 4298 3300 4345 sancte
3328 4290 3444 4346 sine
3470 4289 3729 4347 diﬁ'erens-

2136 4377 2222 4430 litt:
2248 4377 2568 4433 discretione
2589 4378 2848 4435 sentimus
2867 4395 2883 4442 ;
2905 4389 2961 4433 ut
2986 4379 3036 4434 in
3060 4378 3395 4437 confessione
3416 4396 3558 4436 vera:
3580 4395 3729 4437 sein-

2135 4470 2464 4539 piterna-quc
2498 4472 2747 4537 Deitatis,
2781 4482 2835 4528 et
2867 4475 2917 4527 in
2950 4476 3187 4541 personis
3218 4477 3515 4543 proprietas
3536 4515 3549 4539 ,
3580 4475 3725 4531 etin

2134 4565 2361 4617 essentia
2396 4562 2606 4629 Unitas,
2648 4574 2703 4619 et
2746 4566 2797 4618 in
2824 4564 3099 4634 Majestate
3128 4566 3380 4622 adoretur
3420 4567 3722 4637 aequalitas.

518 4648 687 4719 Super
715 4650 906 4705 oblata.
928 4679 997 4692 —-
1020 4650 1369 4721 Omnipotens
1393 4656 1716 4723 sempiterne
1751 4659 1910 4729 Deus,
1936 4662 2025 4731 qui
2057 4690 2111 4751 Ι)
2134 4655 2301 4723 Quam
2334 4656 2549 4711 lalldanl
2578 4658 2772 4727 angeli-

441 4754 548 4793 non
577 4739 959 4795 sacrificiorum
989 4742 1281 4798 ambitione
1322 4746 1571 4815 placaris,
1604 4752 1694 4803 sed
1721 4752 1895 4807 studia
1927 4756 2026 4823 piae

440 4832 741 4888 devotionis
769 4834 1027 4901 intendis,
1062 4836 1129 4890 da
1157 4834 1371 4892 familiae
1403 4848 1503 4893 tuae
1537 4840 1790 4909 Spiritum
1818 4856 2023 4901 rectum

439 4936 495 4981 et
523 4926 718 4983 habere
740 4941 834 4984 cor
862 4928 1141 4997 mundum,
1164 4938 1222 4989 ut
1251 4930 1381 4987 ﬁdes
1407 4946 1591 4988 eorum
1623 4936 1739 4992 haec
1766 4941 1902 4993 dona
1933 4941 2025 4995 tibi

439 5014 707 5080 conciliet,
734 5028 787 5073 et
817 5017 1092 5075 humilitas
1115 5019 1291 5075 oblata
1319 5024 1678 5080 commendet.
1709 5026 1832 5082 Per.

514 5104 785 5177 Priefatio.
815 5138 886 5149 —
909 5108 1047 5170 Vere
1083 5110 1299 5181 dignum
1329 5120 1386 5168 et
1417 5114 1618 5184 justum
1648 5127 1728 5173 est
1747 5159 1762 5183 ,
1814 5133 2025 5188 mquum

515 5294 547 5325 ι
568 5287 782 5358 Legitur
820 5290 874 5346 in
907 5290 1004 5347 Ed.
1035 5292 1237 5349 Pamel.
1270 5303 1325 5350 et
1367 5294 1419 5351 in
1446 5295 1673 5353 Kalend.
1708 5298 1863 5355 Rom.
1895 5314 1915 5355 :
1946 5301 2026 5355 Ad

440 5370 670 5413 sanctum
697 5360 931 5417 Petrum.

514 5428 703 5510 [Πωρ-
714 5432 1039 5510 Benedictio
1038 5451 1143 5491 non
1169 5436 1357 5510 legitur
1356 5438 1428 5510 _in
1453 5438 1569 5510 aliis
1594 5438 1716 5502 Ed,
1741 5442 2023 5510 nequidem

443 5499 497 5554 in
530 5502 966 5561 Benedictinnali.
1000 5506 1183 5561 Exstat
1213 5499 1261 5561 iii
1294 5508 1318 5560 1
1355 5507 1669 5561 Tlieoderit'.

518 5585 539 5611 ε
569 5572 701 5629 Male
728 5576 777 5629 iti
812 5576 953 5632 Edit.
987 5576 1153 5631 Vatic.
1184 5588 1237 5631 et
1265 5578 1589 5637 Gu~sanvil..
1626 5580 1675 5631 in
1703 5589 1844 5633 nocte
1870 5580 2022 5639 Pent.

442 5641 602 5699 Forte
634 5647 835 5710 priores
864 5648 1107 5703 Editores
1136 5649 1206 5701 ita
1237 5649 1497 5715 legerunt,
1529 5665 1622 5716 pro
1644 5652 1694 5701 iii
1723 5662 1846 5712 oct.,
1872 5657 2022 5707 aditi-

442 5716 590 5768 tionc
617 5716 717 5769 litt.
752 5735 806 5773 η.
837 5719 989 5787 Apud
1022 5719 1223 5771 Pamcl.
1252 5727 1376 5771 sunt
1420 5720 1539 5772 aliae
1588 5720 1890 5775 Orationes.
1943 5725 2022 5778 Ad

441 5787 734 5855 marginem
768 5804 892 5844 vero
940 5790 1053 5842 lucc
1089 5789 1288 5843 habet:
1324 5787 1593 5843 Dominim
1640 5802 1799 5845 vocat.
1848 5794 2020 5848 Officii

440 5872 653 5927 quoque
681 5858 836 5928 hujus
868 5860 1048 5915 titulus
1081 5862 1211 5914 satis
1257 5860 1455 5916 indicat
1498 5862 1882 5931 Orcgorianum
1916 5881 2020 5920 non

2206 4750 2231 4789 ιι
2258 4749 2570 4803 Benedictio.
2602 4779 2669 4790 -——
2694 4750 3042 4820 Omnipotens
3066 4749 3328 4821 Trinitas,
3360 4766 3494 4806 unus
3521 4760 3575 4807 et
3628 4764 3725 4807 ve-

2135 4861 2225 4900 rus
2255 4845 2413 4911 Deus,
2450 4845 2628 4913 Pater,
2671 4854 2723 4901 et
2754 4846 2956 4914 Filius,
2989 4857 3043 4902 et
3079 4848 3307 4917 Spiritus
3350 4854 3595 4911 sanctus,
3628 4846 3722 4900 det

2135 4938 2285 4992 vobis
2326 4954 2384 4993 se
2432 4940 2739 4997 desiderare
2790 4942 3044 5007 fideliter,
3096 4955 3386 5013 agnoscere
3435 4940 3717 5007 veraciter,

2134 5028 2355 5099 diligere
2402 5033 2697 5089 sinceriter.
2745 5037 2933 5089 Amen.
2972 5035 3372 5105 \Aﬂqualilalem
3434 5045 3593 5104 atque
3642 5034 3720 5087 in-

2135 5126 2663 5183 cominutabilitatcm
2711 5144 2821 5183 suae
2876 5130 3124 5184 essentia:
3179 5128 3249 5182 ita
3310 5128 3499 5183 vestris
3561 5141 3717 5181 men-

2133 5319 2273 5362 esse.
2306 5307 2381 5363 De
2405 5317 2588 5362 octava
2636 5308 2846 5363 interim
2889 5308 3233 5363 Pentecostes
3259 5308 3576 5362 celebranda
3608 5306 3713 5359 late

2133 5385 2323 5431 tractat
2358 5380 2560 5443 llerno,
2605 5380 2670 5431 de
2702 5383 2877 5444 Missa,
2910 5394 3025 5446 cap.
3053 5380 3107 5443 '5,
3143 5391 3192 5433 et
3223 5380 3454 5433 otiicium
3487 5380 3586 5431 huc
3617 5394 3713 5437 au-

2134 5450 2569 5501 tlienticunicsse
2618 5450 2757 5503 idem
2811 5449 3014 5515 probat,
3060 5466 3178 5517 exip.
3210 5462 3273 5511 ξι,
3318 5464 3381 5501 ex
3428 5452 3714 5504 concordia

2131 5518 2287 5587 hujus
2317 5522 2583 5573 Orationis
2636 5536 2753 5574 cuin
2797 5522 3097 5587 Antiphone
3147 5530 3199 5574 et
3246 5520 3459 5574 lectiun.
3511 5522 3562 5575 in
3612 5520 3713 5572 hac

2130 5590 2402 5645 Doiniuica
2446 5592 2785 5662 pra-scriptis.
2824 5590 2966 5643 Facit
2996 5591 3233 5659 ejusdem
3264 5591 3585 5644 mentionem
3620 5592 3716 5645 lili-

2128 5664 2395 5726 crologus,
2430 5679 2544 5730 i-ap.
2580 5664 2667 5725 59,
2702 5672 2807 5715 etc.

2200 5732 2325 5786 “De
2379 5733 2753 5789 Benedictioue
2810 5738 2906 5789 hac
2961 5732 3091 5789 nihil
3146 5731 3377 5799 invenio,
3435 5731 3536 5785 nisi
3574 5731 3628 5785 in
3683 5732 3701 5783 1

2126 5802 2439 5859 Theoderic.
