4064 6350
317 363 413 420 il?

1491 343 1689 400 LIBER
1726 326 2365 403 SACRAMENTORUM.

3470 333 3566 389 H8

313 478 458 532 tibus
513 471 718 541 inﬁgat,
773 476 835 525 ut.
883 465 952 522 ab
1006 478 1068 519 ea
1114 474 1383 531 nunquam
1434 472 1529 515 vos
1572 460 1893 529 quibuscun-
1922 454 2217 523 Asidium,
2248 462 2327 520 ut,
2357 452 2425 508 ab
2452 451 2701 508 omnibus
2739 452 2913 507 noxiis
2943 451 3208 522 expedita,
3239 458 3425 506 cuneta
3470 451 3570 504 sibi

312 583 418 639 que
466 562 765 635 pltantasiis
820 554 1083 613 aberrare‘
1110 554 1400 623 permittat.
1459 550 1651 604 Amen.
1700 548 1901 618 Sicque
1999 548 2274 617 profutura
2302 545 2559 615 perﬁciat.
2587 544 2690 599 Per
2717 544 2995 598 Dominum
3026 552 3289 598 nostrum.

313 635 410 717 ξος
465 658 517 712 in
556 656 638 710 sui
682 653 786 707 ﬁde
811 695 826 719 ,
872 663 965 719 spe
1007 657 1059 703 et
1100 646 1359 701 cbaritate
1400 653 1744 711 perseverare
1771 653 1902 694 con-
1998 656 2036 696 v
2072 655 2190 696 tuus
2225 655 2377 695 JUNlI.
2408 667 2477 677 —
2506 635 2659 708 (404)
2685 651 2907 689 ΝλτΑυς
2941 648 3249 690 εΑΝετοιιυιι
3276 641 3300 671 ο
3329 646 3475 687 ratur
3512 647 3579 685 ΕΤ

312 752 499 818 cedat,
524 760 580 803 ut
635 760 729 816 per
779 757 844 799 ea
888 738 1222 811 postmodum
1274 735 1341 791 ad
1392 734 1474 789 sui
1518 731 1901 788 manifestatio-

313 858 440 897 nem
496 840 866 905 visionemque
887 828 1331 888 interminabilem
1362 824 1684 881 introducat.
1706 823 1899 881 Amen.

314 934 472 1003 Quod
504 934 620 1003 ipse
643 937 901 1001 praestare
928 926 1193 994 dignetur.

390 1028 473 1081 Ad
499 1024 888 1095 Complcndum.
910 1048 979 1060 --
1000 1016 1247 1074 Proﬁciat
1273 1012 1424 1070 nobis
1444 1011 1510 1067 ad
1538 1010 1761 1065 salutem
1787 1021 1906 1063 cor-

267 1106 277 1133 ί
320 1123 469 1195 poris
503 1129 557 1175 et
608 1118 819 1185 animae,
869 1112 1117 1178 Domine,
1160 1121 1482 1180 quaesumus,
1529 1104 1685 1175 hujus
1725 1115 1901 1156 sacra-

318 1193 489 1268 menti
540 1208 855 1279 perceptio,
909 1212 964 1260 et
1008 1202 1332 1272 sempiterna
1382 1206 1580 1253 sanctae
1630 1193 1908 1251 Trinitatis

318 1304 676 1375 ejusdemque
702 1299 986 1356 individua:
1012 1297 1240 1354 Unitatis
1261 1295 1548 1356 confessio.
1575 1293 1697 1350 Per.

394 1396 566 1466 Super
593 1394 858 1465 pupulum.
886 1421 956 1433 —
984 1390 1209 1447 Domine
1254 1390 1416 1459 Deus,
1458 1388 1617 1443 Pater
1659 1384 1908 1455 omnipo-

314 1497 466 1555 tens,
506 1486 737 1541 famulos
780 1493 888 1540 tuac
930 1482 1192 1553 Majestati
1234 1482 1503 1552 subjectos
1549 1494 1645 1548 per
1693 1479 1905 1534 unicum

319 1581 521 1637 Filium
572 1588 720 1634 tuum
765 1576 820 1634 in
860 1580 1057 1633 virtute
1097 1576 1266 1632 sancti
1313 1576 1542 1644 Spiritus
1589 1573 1815 1630 benedic
1858 1580 1912 1628 et

320 1680 573 1743 protege,
617 1680 704 1736 ut,
734 1669 805 1726 ab
831 1671 975 1726 omni
1025 1669 1182 1726 hoste
1225 1669 1438 1734 securi,
1487 1666 1542 1723 in
1581 1674 1672 1722 tua
1715 1666 1913 1737 iugiter

322 1764 484 1821 laude
506 1763 765 1819 laetemur.
802 1760 905 1818 Per
930 1761 1202 1817 eumdem.

319 1870 600 1911 KALENDAS
625 1866 785 1909 suun.
810 1881 883 1895 -—
904 1861 934 1893 ι
962 1866 1249 1909 θεωρῇ-ιο
1273 1847 1421 1922 (405)
1449 1861 1702 1904 BABILICE
1725 1860 1913 1903 8ANCTI

966 1939 1267 1981 NICOIBDIS.

396 2015 540 2072 Dens
560 2054 577 2080 ,
609 2014 703 2085 qui
731 2028 830 2071 nos
858 2014 1001 2072 beati
1030 2013 1338 2071 Nicomedis
1368 2012 1619 2083 martyris
1647 2010 1723 2067 tui
1758 2007 1917 2080 105

318 2110 535 2166 meritis
568 2116 623 2165 et
651 2108 1038 2165 intercessione
1068 2108 1329 2173 laetiﬁcas,
1349 2106 1598 2162 concede
1628 2103 1913 2174 propitius,

322 2210 409 2265 ut,
443 2202 529 2270 qui
558 2201 673 2270 ejus
690 2200 949 2256 beneﬁcia
973 2200 1261 2268 poscimus,
1286 2198 1429 2252 dona
1453 2207 1552 2252 tum
1574 2195 1760 2267 gratiae
1782 2209 1912 2249 con-

324 2306 639 2361 sequamur.
668 2292 763 2349 Per
782 2290 1067 2351 Dominum
1094 2298 1357 2347 nostrum.

399 2382 576 2452 Super
596 2383 783 2439 ablata.
804 2413 873 2424 -—
900 2383 1140 2447 Munera,
1167 2381 1411 2445 Domine,
1442 2379 1620 2437 oblata
1641 2377 1916 2436 sanctiﬁca

320 2484 402 2542 ct,
447 2476 818 2535 intercedente
842 2475 1001 2533 beato
1043 2473 1332 2533 Nicomede
1380 2482 1623 2542 martyre
1668 2480 1775 2538 tuo,
1819 2483 1919 2527 nos

322 2581 426 2635 per
453 2566 572 2627 haec
600 2582 630 2621 a
658 2575 1000 2638 peccatorum
1045 2572 1352 2623 nostrorum
1396 2562 1623 2625 maculis
1664 2560 1913 2619 emunda.

322 2656 433 2714 Per
456 2658 764 2717 Dominum.

402 2750 481 2804 Ad
511 2747 906 2818 Cataplendum.
927 2774 1000 2791 -—-
1025 2747 1307 2819 Supplices
1349 2756 1404 2803 te
1431 2761 1703 2818 rogamus,
1747 2748 1921 2805 omni-

328 2849 519 2914 potens
547 2842 691 2898 Deus
712 2883 728 2908 ,
757 2850 817 2896 ut
839 2856 977 2912 quos
1014 2841 1117 2896 tuis
1147 2839 1328 2899 reﬁcis
1354 2838 1723 2905 sacramentis,
1756 2838 1922 2895 inter-

324 2934 554 2988 cedente
583 2932 743 2988 beato
770 2931 1058 2987 Nicomede
1088 2940 1320 3004 martyre
1347 2940 1469 2999 tuo,
1502 2930 1597 2987 tibi
1625 2930 1786 2991 etiam
1812 2931 1923 2999 pla-

329 3025 455 3081 citis
480 3025 727 3083 moribus
752 3024 1033 3096 dignanter
1058 3024 1262 3085 tribuas
1286 3022 1581 3081 deservire.
1608 3022 1711 3079 Per
1739 3022 1923 3080 Domi-

324 3134 482 3179 num.

324 3227 383 3269 ιν
409 3226 580 3271 RONLS
607 3225 765 3271 JUNII.
793 3238 865 3253 ·-
890 3224 1115 3270 Νλτλιιε
1146 3223 1461 3268 SANCTORUI
1495 3221 1824 3269 κωαειιιδι
1850 3224 1916 3264 ET
1948 3216 1994 3280 C

1006 3280 1242 3339 rcrntb.

405 3374 568 3442 Deus,
600 3373 693 3445 qui
721 3387 819 3429 nos
841 3387 1015 3429 annua
1045 3372 1318 3429 beatorum
1362 3380 1659 3445 martyrum
1708 3380 1921 3426 tuorum

334 3464 627 3521 Marcellini
654 3472 709 3519 et
731 3463 873 3519 Petri
889 3462 1227 3519 solemnitate
1257 3461 1513 3529 laetiﬁcas,
1539 3470 1755 3533 prtesta,
1778 3476 1921 3532 quac-

333 3575 554 3625 sumus,
589 3567 648 3613 ut
676 3574 903 3629 quorttm
950 3557 1246 3629 gaudemus
1300 3556 1525 3622 meritis,
1571 3569 1923 3627 pr0vocetnur

334 3654 617 3723 exemplis.
649 3653 768 3708 Per.

410 3745 578 3814 Super
608 3744 793 3797 oblata.
826 3770 889 3783 —
914 3741 1118 3805 Votiva,
1155 3739 1397 3807 Domine,
1430 3750 1651 3793 munera
1674 3736 1925 3793 delerent.

337 3848 444 3903 tes,
473 3839 528 3893 in
549 3848 762 3893 tuorum
784 3835 1075 3891 Marcellini
1102 3844 1158 3891 et
1189 3833 1334 3890 Petri
1362 3842 1656 3904 martyrum
1683 3833 1927 3899 passione

338 3940 483 3986 tuam
529 3928 975 4000 magniﬁcentiam
1008 3940 1344 3991 veneramur,
1374 3934 1427 3978 et
1479 3940 1573 3993 per
1610 3936 1726 3978 eam
1776 3920 1928 3976 nobis

341 4021 687 4090 imploramus
721 4028 823 4072 tuae
855 4017 1063 4087 pietatis
1092 4017 1369 4072 auxilium.
1404 4015 1523 4070 Per.

415 4111 689 4183 Prwfalio.
712 4139 780 4150 -—
802 4110 939 4165 Vere
964 4108 1179 4180 dignum
1203 4116 1256 4164 et
1277 4107 1477 4178 justum
1509 4116 1614 4172 est,
1645 4119 1855 4176 aequum
1878 4114 1933 4159 et

344 4208 598 4269 Salutate,
630 4218 728 4259 nos
769 4203 862 4258 tibi
905 4216 1117 4273 semper
1162 4210 1215 4256 et
1259 4202 1458 4271 ubique
1507 4200 1701 4271 gratias
1750 4214 1929 4271 agere,

348 4302 570 4358 Domine
609 4309 815 4368 sancte,
870 4300 1027 4354 Pater
1073 4296 1435 4365 omnipotens,
1491 4306 1693 4350 aeterne
1740 4293 1929 4348 Deus:

351 4398 485 4466 apud
530 4411 691 4466 quem
742 4408 953 4461 semper
1003 4402 1087 4447 est
1137 4390 1391 4459 praeclara
1450 4388 1559 4443 vita
1606 4395 1933 4452 sanctorum,

351 4504 572 4559 quorum
602 4502 703 4543 nos
731 4486 967 4556 pretiosa
1008 4500 1153 4539 mors
1197 4480 1433 4543 laetiﬁcat
1460 4489 1512 4536 et
1547 4486 1742 4537 tuetur.
1789 4478 1936 4546 Qua-

355 4591 567 4651 prnpter
594 4590 888 4651 martyrum
915 4588 1120 4635 tuorum
1148 4571 1436 4630 Marcellini
1463 4580 1519 4628 et
1544 4570 1689 4628 Petri
1709 4569 1937 4640 gloriosa
1965 4600 2023 4663 Β

355 4683 690 4729 recensentes
721 4670 977 4735 natalitia,
1012 4667 1197 4725 laudes
1228 4666 1320 4720 tibi
1366 4664 1668 4728 referimus,
1719 4669 1774 4718 et
1820 4675 1938 4731 ma-

357 4765 713 4835 gniﬁcentiam
760 4773 903 4817 tuam
936 4762 1204 4831 supplices
1235 4771 1556 4821 exoramus,
1606 4764 1664 4815 ut
1715 4767 1942 4824 quorum

358 4873 540 4915 sumus
567 4855 822 4927 martyria
865 4860 1206 4917 venerantes,
1255 4847 1599 4909 beatitudinis
1641 4859 1945 4907 mereamur

360 4964 476 5004 esse
500 4957 799 5004 consortes.
829 4947 930 5001 Per
958 4943 1228 5000 Christum
1258 4941 1539 5003 Dominum
1568 4946 1831 4992 nostrum.

432 5042 508 5091 Ad
539 5038 931 5109 Complcndum.
960 5067 1030 5078 --
1059 5032 1514 5093 lntercedentibus
1558 5029 1756 5095 sanctis
1801 5028 1942 5093 tuis,

365 5130 607 5199 Domine,
641 5131 951 5186 Marcellino
978 5140 1030 5185 et
1058 5129 1236 5192 Petro,
1266 5125 1409 5195 plebi
1455 5133 1560 5179 tua:
1589 5131 1783 5191 prtesta
1811 5120 1941 5177 sub-

439 5327 463 5353 ει
486 5316 638 5387 Apud
662 5312 891 5387 Ρειῖοθξε,
912 5310 1166 5387 dedicatio
1191 5305 1485 5387 Nicomedis
1509 5302 1770 5386 martyris.

438 5388 463 5426 1’
490 5376 715 5442 Additur
746 5385 797 5438 in
828 5382 1053 5436 Kalend.
1084 5379 1262 5443 Rom.,
1295 5378 1373 5431 via
1406 5376 1680 5428 Latn'mna.

442 5474 463 5499 ε
490 5438 878 5513 ᾗόὲνοῖῐίεῑυη]
908 5468 1029 5505 cum
1059 5438 1299 5517 sequenti
1330 5448 1665 5517 desideratur
1712 5442 1777 5517 in_
1814 5438 1949 5517 God.

377 5531 501 5601 Reg.
530 5512 699 5601 saec,
736 5536 790 5601 et
831 5523 1065 5601 (ἐπιρρεῖ.
1099 5512 1284 5601 gustat
1315 5527 1608 5601 [utrumque
1652 5515 1707 5568 in
1748 5512 1954 5584 duobus

378 5588 636 5655 Tlteoder.
668 5597 823 5650 Prius
850 5593 1067 5648 exhibet
1094 5591 1279 5646 Codex
1311 5589 1544 5650 Gemet.,
1575 5588 1629 5638 in
1656 5597 1781 5653 quo,
1819 5596 1954 5648 prte-

380 5684 456 5728 tcr
486 5674 618 5725 festa
638 5669 691 5723 in
719 5665 838 5721 aliis
866 5664 1032 5718 Codd.
1061 5670 1308 5727 contenta
1337 5668 1387 5712 et
1414 5676 1441 5710 a
1471 5658 1622 5711 nobis
1653 5656 1951 5728 observata,

378 5724 624 5797 liniantur
658 5737 823 5792 multa
865 5734 967 5788 alia
1013 5724 1317 5802 Anglicana}
1364 5728 1639 5802 Ecclesiae,
1689 5733 1746 5802 ut
1788 5724 1951 5802 sancti

382 5792 633 5867 haustam
678 5806 1045 5865 archiepiscopi
1071 5792 1214 5867 .HXIV
1268 5798 1530 5854 Kalendas
1574 5798 1749 5857 Junii;
1792 5792 1953 5846 sancti

2646 722 2931 763 FELICIANI.

2075 802 2187 858 Fac
2212 815 2329 868 nos,
2378 799 2623 865 Domine,
2649 811 2974 868 quaesumus,
3019 803 3321 852 sanctorum
3364 801 3576 850 tuorum

2006 893 2173 949 Primi
2200 901 2258 948 et
2283 891 2537 947 Feliciani
2561 904 2772 959 semper
2801 889 2935 945 festa
2964 888 3180 955 sectari,
3208 901 3433 957 quorum
3470 885 3583 941 sul—

2004 987 2188 1059 fragiis
2218 985 2567 1057 protectionis
2596 993 2700 1039 tute
2731 983 2871 1038 dona
2901 983 3190 1051 capiamus.
3222 980 3342 1036 Per.

2082 1081 2252 1149 Super
2280 1078 2469 1133 oblata.
2501 1104 2571 1119 —-
2592 1076 2731 1143 Fiat,
2764 1074 3016 1140 Domine,
3047 1080 3373 1142 quaesumm,
3402 1068 3586 1127 Hostia

2006 1172 2266 1229 sacranda
2297 1168 2566 1239 placabilis
2607 1168 2759 1240 105
2789 1167 3005 1236 pretiosi
3032 1164 3341 1220 celebritate
3377 1168 3583 1231 marty-

2007 1264 2094 1328 rii,
2126 1276 2245 1331 quae
2274 1268 2329 1316 et
2373 1267 2593 1327 peccato
2622 1266 2802 1311 nostra
2850 1255 3111 1324 puriﬁcet,
3142 1261 3198 1309 et
3244 1262 3455 1309 tuorum
3494 1251 3589 1306 tibi

2007 1363 2131 1409 vota
2161 1351 2413 1408 conciliet
2438 1348 2778 1405 famulorum.
2814 1347 2916 1403 Per
2942 1347 3221 1401 Dominum
3250 1356 3513 1401 nosmtm.

2082 1445 2164 1500 Ad
2192 1443 2582 1514 Complendum.
2612 1471 2679 1481 —-
2706 1441 3044 1507 Qumsumus,
3069 1437 3405 1507 omnipotens
3426 1434 3591 1499 Deus,

2012 1543 2398 1591 utsanotorum
2424 1541 2632 1587 tuorum
2661 1529 2969 1586 cmlestibus
3014 1526 3282 1598 mysteriis
3328 1523 3593 1581 celebrata

2010 1625 2325 1685 salernnitas
2353 1665 2368 1689 ,
2424 1620 2811 1692 indulgentiam
2853 1617 3009 1677 nobis
3065 1627 3169 1675 tuae
3212 1613 3596 1686 propitiationis

2011 1721 2273 1791 acquirat.
2306 1717 2427 1773 Per.

1941 1834 1990 1896 Β
2013 1827 2189 1870 rmore
2215 1825 2334 1866 IDUS
2374 1824 2529 1865 JUNll.
2565 1835 2636 1848 -
2674 1816 2899 1861 manus
2923 1801 2949 1840 ἀ
2974 1812 3285 1857 saucroamt
3326 1808 3597 1865 BASILIDIB,

2410 1894 2606 1947 CYBINI,
2634 1890 2852 1933 NABOIHS
2885 1890 2950 1929 ET
2978 1886 3209 1931 NAZARH.

2087 1975 2406 2033 Sanctorum
2435 1970 2698 2035 Basilidis,
2734 1967 2937 2037 Cyrini,
2971 1964 3219 2029 Nahoris,
3261 1969 3315 2015 et
3354 1958 3559 2015 Nazarii
3583 1997 3598 2023 ,

2021 2078 2350 2134 quaesumus,
2384 2063 2632 2129 Domine,
2669 2060 2908 2115 natalitia
2957 2057 3112 2115 nobis
3156 2053 3328 2109 votiva
3358 2051 3601 2121 resilien-

2016 2160 2201 2226 deant,
2230 2166 2284 2214 et
2314 2156 2459 2227 (405)
2492 2154 2632 2227 quod
2671 2153 2777 2209 illis
2820 2149 3046 2209 contulit
3092 2144 3403 2204 excellentia
3452 2156 3603 2198 sem-

2018 2252 2245 2322 piterna,
2279 2247 2534 2306 fructibus
2575 2256 2774 2303 nostrae
2804 2241 3107 2299 devotionis
3150 2239 3443 2297 adcrescat.
3479 2235 3601 2290 Per.

2092 2342 2263 2413 Super
2292 2341 2478 2395 oblata.
2508 2369 2577 2379 —
2602 2338 2706 2394 Pro
2744 2344 3049 2390 sanctorum
3092 2330 3359 2395 Basilidis,
3400 2328 3603 2398 Cyrini,

2018 2433 2270 2489 Narboris
2296 2442 2350 2487 et
2378 2430 2587 2486 Nazarii
2615 2428 2871 2500 sanguine
2902 2423 3227 2489 venerando,
3251 2420 3464 2477 llostias
3486 2419 3602 2487 tibi,

2021 2525 2270 2591 Domine,
2299 2524 2612 2579 solemniter
2658 2520 3030 2584 immolamus,
3066 2527 3151 2577 tua
3182 2514 3440 2574 mirabilia
3479 2526 3607 2583 per-

2022 2629 2330 2685 tractantcs,
2364 2616 2515 2690 (406)
2544 2631 2639 2689 per
2664 2630 2825 2691 quam
2848 2614 2965 2668 talis
2994 2620 3077 2667 est
3104 2609 3338 2679 perlecta
3360 2605 3605 2662 victoria.

2020 2713 2143 2770 Per.

2092 2805 2173 2863 Ad
2203 2800 2594 2871 Complendum.
2623 2829 2692 2842 ——
2720 2800 2963 2868 Semper,
3014 2794 3259 2861 Domine,
3301 2797 3607 2851 sanctorum

2022 2905 2317 2965 martyrum
2343 2891 2612 2959 Basilidis,
2653 2890 2864 2965 Cyrini,
2914 2886 3138 2942 Naboris
3177 2894 3232 2939 et
3275 2882 3482 2937 Nazarii
3515 2895 3606 2936 so-

2024 2988 2223 3047 lemnia
2248 2986 2604 3051 celebremus,
2632 2990 2691 3039 ut
2718 2996 2903 3038 eorum
2934 2977 3223 3053 patrocinia
3251 2974 3450 3048 jus-iter
3477 2988 3611 3035 scn-

2026 3078 2236 3132 tiamus.
2272 3076 2392 3131 Per.

2027 3183 2118 3225 χιν
2151 3182 2421 3224 KALENDAS
2448 3180 2600 3222 JULII.
2630 3193 2699 3205 -··
2729 3177 2957 3219 ΝΔτΑιιε
3002 3173 3309 3218 SANCTORUM
3352 3170 3515 3214 MARCI
3544 3170 3613 3210 ΕΤ

2627 3249 2976 3292 HABCELLIANI
2987 3274 3000 3287 .

2098 3333 2338 3398 Praesta,
2387 3343 2718 3400 qutesumus,
2760 3328 3100 3396 omnipotens
3147 3322 3325 3387 Deus,
3370 3327 3472 3386 ut,
3523 3316 3614 3387 qui

2031 3438 2335 3483 sanctorum
2372 3423 2533 3479 Marci
2563 3433 2617 3478 et
2662 3419 2983 3476 Marcelliani
3026 3416 3263 3472 natalitia
3307 3414 3551 3475 colimus,
3584 3423 3616 3464 a

2027 3519 2232 3575 cunctis
2284 3518 2437 3572 malis
2484 3514 2883 3570 imminentibus
2926 3525 3111 3567 eorum
3143 3515 3169 3546 ο
3226 3504 3612 3563 intercessione

2026 3612 2335 3667 liberemur.
2371 3610 2489 3663 Per.

2101 3703 2267 3773 Super
2299 3701 2489 3755 oblata.
2517 3729 2587 3739 —
2608 3698 2850 3766 Suscipe,
2880 3694 3121 3757 Domine,
3153 3704 3371 3746 munera
3400 3696 3611 3743 tuorum

2030 3795 2346 3865 populorum
2378 3792 2576 3856 votiva,
2605 3800 2659 3844 et
2699 3797 2999 3842 sanctorum
3028 3783 3185 3839 Marci
3217 3791 3269 3836 et
3293 3777 3611 3833 Marcelliani

2033 3887 2127 3941 tibi
2160 3884 2406 3957 precibus
2432 3897 2552 3937 esse
2583 3888 2729 3951 grata
2763 3878 3017 3940 concede,
3051 3888 3146 3945 pro
3166 3885 3390 3943 quorum
3414 3869 3613 3924 solem-

2032 3979 2292 4035 uitalibus
2319 3976 2637 4031 oﬁ‘eruntur.
2669 3974 2795 4029 Per.

2107 4070 2186 4123 Ad
2214 4067 2601 4139 Complcndttm.
2630 4094 2702 4104 —
2728 4058 3112 4118 lnterccssione
3152 4058 3430 4113 beatorum
3472 4067 3619 4108 mar-

2036 4174 2213 4238 tyrum
2244 4172 2460 4219 tuorum
2488 4161 2648 4216 Marci
2679 4168 2733 4214 et
2754 4156 3077 4213 Marcelliani
3100 4197 3116 4223 ,
3144 4164 3483 4225 quaesumus,
3514 4149 3619 4203 Do-

2036 4265 2201 4328 mine,
2234 4268 2293 4316 ut
2336 4258 2575 4329 mysticis
2617 4268 2713 4308 nos
2758 4253 2981 4322 dapibus
3007 4250 3185 4305 foveas
3232 4260 3294 4301 ac
3339 4244 3618 4301 reformcs.

2040 4354 2141 4409 Per
2169 4352 2449 4406 Dominum
2481 4356 2740 4403 nostrum.

2040 4462 2193 4535 (407)
2228 4460 2249 4501 ί
2282 4473 2637 4529 ῃωιυκτιλτιο
2662 4469 3003 4519 δωυκιοιιυω,
3031 4466 3174 4507 rrum
3193 4494 3208 4519 ,
3238 4463 3435 4516 quarm
3458 4487 3475 4515 ,
3502 4459 3629 4504 srr-

2482 4546 2613 4585 ’τινι
2640 4544 2706 4584 ΕΤ
2738 4542 2917 4583 DECIMI
2949 4539 3154 4581 MENSIS.

2119 4649 2580 4714 Anniversariam,
2610 4645 2802 4701 fratres
2826 4639 3128 4699 cbarissimi
3156 4678 3170 4703 ,
3213 4634 3401 4706 jejunii
3432 4633 3633 4703 purita-

2048 4755 2179 4811 tem,
2208 4760 2312 4815 qua
2336 4742 2662 4810 etcorporis
2699 4737 2993 4806 acquiritur
3033 4742 3088 4787 et
3134 4732 3326 4787 animm
3354 4728 3631 4793 sanctitas,

2048 4855 2147 4897 nos
2178 4842 2480 4897 commonet
2510 4831 2603 4888 Ill.
2636 4831 2834 4887 mensis
2858 4830 3150 4885 instaurata
3174 4824 3419 4886 devotio;
3443 4831 3635 4889 quarta

2051 4932 2213 5003 igitur
2243 4940 2297 4985 et
2342 4936 2497 4991 sexta
2529 4926 2660 4983 [cria
2702 4920 2931 4979 sollicito
2962 4918 3342 4977 convenientes
3385 4928 3632 4993 occursu,

2048 5025 2338 5080 offeramus
2364 5022 2475 5075 Deo
2495 5017 2731 5089 spiritale
2756 5014 3033 5085 jejunium.
3060 5011 3154 5067 Die
3180 5008 3333 5083 (608)
3356 5023 3484 5064 vero
3505 5008 3612 5063 Sab
3627 5036 3639 5045 -

2054 5115 2187 5181 bati,
2218 5110 2358 5185 apud
2380 5111 2594 5167 beatum
2624 5105 2843 5163 Petrum
2869 5103 3189 5172 apostolum.
3220 5100 3375 5171 cujus
3410 5111 3510 5155 nos
3554 5096 3639 5149 in-

2060 5293 2331 5365 Augusljni
2380 5292 2564 5365 cpite,
2591 5303 2661 5343 vn
2692 5285 2954 5365 Kalendas
2993 5283 3297 5365 Juniipetc.
3344 5278 3399 5333 lu
3424 5274 3639 5365 eodem

2060 5344 2453 5421 ide—mel.
2482 5344 2707 5415 lta'betur
2738 5359 2927 5415 festum
2959 5366 3013 5412 et
3046 5344 3283 5409 ofﬁcium
3313 5348 3475 5421 sancti
3507 5344 3641 5397 Bar-

2060 5418 2204 5490 nalne
2232 5435 2448 5506 apostoli
2480 5447 2536 5485 ιιι
2566 5429 2694 5484 ldus
2730 5428 2898 5496 Junii,
2942 5427 3082 5505 quod
3124 5423 3303 5479 nullibi
3354 5418 3508 5473 nobis
3551 5430 3642 5471 oc-

2060 5510 2246 5562 currit.
2509 5533 2519 5540 ο

2133 5580 2154 5614 (ί
2192 5577 2357 5633 Abest
2384 5591 2413 5629 a
2445 5575 2544 5629 Ms.
2578 5573 2809 5628 Calensi.

2136 5658 2157 5685 ο
2192 5647 2245 5700 In
2278 5644 2413 5703 Cod.
2445 5645 2577 5715 ltcg.
2609 5648 2790 5706 Succ.,
2825 5634 3286 5715 intercessiunibus:

2136 5718 2153 5756 ί
2194 5699 2315 5772 Illuc
2356 5699 2457 5769 non
2503 5699 2720 5769 Exstant
2753 5699 2801 5764 ll’l
2849 5712 3044 5763 nostris
3074 5704 3239 5760 Codd.
3274 5700 3425 5769 MSS.,
3458 5714 3554 5756 nec
3585 5699 3635 5752 in

2060 5790 2260 5844 Pamcl.
2289 5798 2376 5842 aut
2408 5786 2625 5841 Kalend.
2659 5786 2811 5837 ltom.
2841 5788 2960 5832 sunt
2982 5779 3198 5831 inserta.
