4064 6350
456 423 551 479 119

1654 396 1895 455 ΞΑΝΟΤΙ
1936 390 2260 449 GltEGORll
2298 388 2509 447 MAGNI

3616 387 3713 443 1'20

454 534 872 597 tereessionibus
897 524 1163 588 crediiifus
1192 522 1549 595 adjuvandos,
1580 524 1792 572 sanctas
1830 509 2037 581 vigilias
2062 507 2118 567 Α
2139 521 2277 572 mus,
2314 506 2445 562 tales
2476 520 2575 560 nos
2600 503 2713 560 fieri
2745 511 2849 559 ture
2872 505 3057 575 gratiae
3086 503 3352 573 largitate,
3381 512 3439 556 ut
3467 502 3604 557 bona
3628 511 3716 561 tua

462 632 762 690 Christiana
798 627 993 696 pietate
1022 622 1387 680 celebremus,
1420 624 1475 668 ut
1513 626 1605 681 per
1652 610 1791 662 hanc
1832 603 2039 659 institu—

447 726 655 785 tionem
685 718 1011 777 salutiferam
1049 714 1205 785 106
1251 716 1590 780 peccatorum
1638 700 1822 755 sordes
1847 742 1861 766 ,
1906 710 2040 768 quas

458 830 738 887 corporum
770 811 1057 881 fragilitate
1083 803 1464 863 contrahimus,
1487 796 1703 867 ieiuniis
1732 803 1785 849 et
1809 792 2040 887 eleento-

458 884 609 982 synis
663 907 983 967 abluamus,
1036 898 1324 955 auxiliante
1365 892 1586 948 Domino
1642 894 1859 950 nostro,
1912 884 2039 939 Jesu

457 981 672 1058 Christo
688 996 781 1069 qui
809 1010 927 1052 cum
953 995 1109 1047 Patre
1135 999 1187 1046 et
1203 987 1403 1057 Spiritu
1426 990 1611 1039 sancto
1628 981 1759 1037 vivit
1783 987 1838 1036 et
1858 987 2042 1050 regnat

458 1092 621 1157 Deus,
653 1104 747 1159 per
794 1088 970 1143 omnia
995 1083 1189 1139 saecula
1220 1078 1560 1135 saeculorum.

530 1183 669 1237 Alia.
698 1179 881 1235 ulli.
918 1177 1115 1234 Mensis
1142 1173 1338 1245 jejunia
1364 1170 1417 1224 in
1447 1170 1546 1223 hac
1585 1164 1919 1222 bebdomada
1949 1179 2044 1219 no-

460 1271 542 1331 bis
568 1282 693 1329 sunt
724 1272 983 1337 tenenda;
1020 1270 1245 1337 ideoque
1276 1265 1555 1319 hortamur
1589 1270 1827 1315 sanctam
1877 1258 2038 1313 fidem

462 1374 715 1431 vestram,
742 1373 800 1417 ut
830 1372 1035 1432 quarta,
1068 1369 1243 1422 sexta,
1286 1358 1373 1411 vel
1404 1356 1626 1423 septima
1672 1351 1802 1407 feria
1829 1351 2041 1422 jejune-

460 1471 601 1523 mus,
632 1465 892 1525 quatenus
915 1452 1107 1507 divinis
1132 1447 1445 1505 inltaarendo
1473 1444 1757 1509 mandatis,
1783 1442 2042 1512 propitia-

460 1549 662 1603 tionem
724 1545 816 1601 Dei
866 1545 1031 1599 nostri
1082 1539 1477 1615 perseverantia
1518 1537 1712 1592 debita:
1773 1536 2045 1591 servitutis

462 1643 722 1707 obtineat,
750 1640 1039 1694 auxiliante
1066 1637 1293 1692 Domino
1316 1640 1499 1689 nostro
1523 1630 1651 1686 Jesu
1690 1628 1925 1693 Christo,
1957 1630 2045 1699 qui

465 1750 588 1791 cum
614 1735 769 1788 Patre
790 1742 844 1787 et
864 1731 1065 1796 Spiritu
1096 1736 1279 1783 sancto
1310 1724 1440 1780 vivit
1465 1730 1519 1778 et
1558 1729 1746 1791 regnat
1790 1723 1926 1777 Deus
1952 1734 2044 1791 per

462 1826 637 1882 omnia
664 1825 856 1880 secula
878 1823 1213 1880 saeculorum.

876 1916 1022 1988 (409)
1054 1926 1239 1969 κεκειε
1269 1928 1344 1969 tv.
1374 1925 1530 1965 FERIA
1557 1923 1630 1963 tv.

515 2011 667 2083 (MO)
702 2011 762 2067 Si
791 2017 903 2080 post
934 2008 1326 2061 Ilebdomadam
1354 2004 1674 2059 Pentecostes
1704 2000 1979 2055 advenerit.

534 2104 714 2158 Oratio
742 2104 809 2157 ad
837 2102 1073 2156 Missam.
1120 2129 1191 2139 ——
1234 2098 1583 2165 Omnipotens
1637 2102 1691 2148 et
1740 2092 2047 2147 misericors

460 2193 625 2260 Deus,
677 2202 798 2263 apta
842 2207 939 2247 nos
984 2200 1091 2245 tua:
1138 2189 1399 2259 pr0pitius
1439 2186 1717 2253 voluntati,
1749 2200 1877 2254 quo,
1908 2183 2048 2238 sicut

460 2286 577 2354 ejus
625 2293 1005 2353 praetereuntes
1054 2283 1321 2337 tramitem
1372 2281 1667 2346 deviamus,
1719 2278 1797 2332 sic
1841 2278 2048 2345 integro

461 2387 651 2431 tenore
680 2378 989 2445 diligamur,
1023 2374 1089 2427 ad
1132 2373 1276 2427 illius
1321 2387 1533 2442 semper
1575 2370 1816 2425 ordinem
1862 2383 2046 2423 recur-

462 2477 662 2523 rentes.
694 2466 793 2520 Per
820 2466 1103 2520 Dominum
1136 2472 1396 2517 nostrum.

536 2563 677 2617 Alia.
708 2592 777 2603 --
810 2564 883 2616 Da
913 2563 1070 2617 nobis
1103 2570 1371 2623 mentem,
1403 2559 1653 2625 Domine,
1705 2572 1822 2627 quae
1854 2556 1947 2610 tibi
1981 2555 2049 2611 sit

464 2654 681 2722 placita,
706 2654 827 2721 quia
854 2654 1042 2707 talibus
1068 2654 1267 2723 jugitcr
1311 2651 1564 2722 quidquid
1613 2659 1695 2705 est
1719 2652 2048 2720 [prosperum

466 2745 817 2800 ministrabis.
849 2744 949 2799 Per
978 2746 1257 2799 Dominum
1289 2751 1551 2798 nostrum.

541 2839 711 2907 Super
738 2838 924 2892 oblata.
958 2868 1029 2878 —
1056 2837 1399 2891 Solemnibus
1423 2834 1641 2906 jejuniis
1669 2839 1912 2903 eXptatos
1956 2840 2048 2887 tuo

468 2942 589 2994 nos,
618 2929 859 2995 Domine,
893 2928 1147 2997 mysterio
1175 2935 1551 2997 congruentes,
1593 2924 1694 2977 hoc
1739 2938 1892 2977 sacro
1931 2937 2050 2976 mu-

471 3038 621 3089 nere,
653 3024 828 3089 effice,
858 3023 978 3091 quia
1010 3030 1157 3076 tanto
1180 3023 1334 3076 nobis
1366 3020 1632 3076 salubrius
1662 3019 1859 3087 aderis,
1886 3033 2048 3088 quan-

469 3127 526 3173 to
551 3117 603 3172 id
629 3116 872 3171 devotius
900 3115 1307 3182 sumpserimus.
1338 3113 1459 3169 Per.

542 3208 817 3276 Prwfatio.
851 3236 919 3247 -—-
950 3208 1088 3261 Vere
1115 3206 1331 3275 dignum
1362 3214 1416 3260 et
1460 3205 1657 3273 juStum
1709 3214 1808 3270 cst,
1838 3220 2048 3274 mquum

2141 615 2195 665 et
2225 605 2541 661 fiducialiter
2568 605 2938 675 impetremus,
2961 612 3015 659 et
3042 601 3161 660 sine
3195 600 3506 657 difﬁcultate
3541 616 3719 657 suma.

2140 710 2279 756 mus.
2311 697 2433 752 Per.

2212 788 2349 842 Alia.
2378 817 2447 829 ——
2477 788 2551 842 Da
2580 788 2767 853 nobis,
2802 788 3060 857 Domine,
3089 802 3312 860 regnum
3358 796 3537 858 tuum,
3564 789 3722 859 justi-

2144 883 2377 952 tiamque
2428 898 2639 954 semper
2680 884 2968 954 inquirere,
3014 893 3071 937 ut
3093 885 3283 953 quibus
3334 884 3571 954 indigere
3628 899 3723 942 nos

2143 977 2420 1047 perspicis,
2453 977 2745 1033 clementer
2774 977 2932 1032 facias
2962 978 3251 1033 abundare.
3276 977 3402 1032 Per.

2216 1071 2358 1126 Alia.
2393 1099 2464 1113 -—
2489 1071 2653 1139 Deus,
2677 1072 2766 1141 qui
2791 1086 2889 1127 nos
2926 1072 2991 1126 de
3018 1072 3369 1140 prazsentibus
3403 1071 3725 1141 adjumentis

2143 1178 2265 1221 esse
2311 1167 2527 1222 vetuisti
2580 1166 2859 1231 sollicitos,
2912 1165 3106 1233 tribue,
3156 1180 3483 1235 quresumus,
3530 1175 3585 1221 ut
3642 1167 3727 1236 pie

2145 1261 2490 1327 sectantibus,
2547 1277 2664 1332 quae
2714 1270 2800 1316 tua
2833 1269 2978 1329 sunt,
3012 1261 3259 1316 universa
3289 1260 3443 1317 nobis
3471 1263 3725 1320 salutaria

2145 1353 2532 1409 condonentur.
2566 1354 2685 1409 Per.

2220 1448 2358 1502 Alia.
2389 1478 2457 1488 —
2489 1449 2651 1514 Deus,
2688 1449 2775 1518 qui
2806 1447 3170 1503 misericordia
3208 1455 3300 1503 tua
3332 1448 3595 1518 pravenis
3621 1464 3729 1506 non

2146 1547 2410 1609 petentes,
2444 1540 2512 1595 da
2538 1540 2690 1595 nobis
2716 1540 2962 1596 allectum
2992 1540 3321 1611 Majestatem
3355 1550 3496 1595 tuam
3531 1541 3729 1612 iugiter

2146 1633 2491 1702 deprecandi,
2525 1645 2580 1689 ut
2622 1635 2817 1704 pietate
2854 1643 3108 1704 perpetua
3156 1634 3480 1705 supplicibus
3522 1634 3728 1705 potiora

2148 1726 2423 1782 defendas.
2452 1727 2554 1782 Per
2586 1729 2867 1783 Dominum
2895 1736 3158 1784 nostrum.

2219 1820 2356 1874 Alia.
2383 1848 2454 1862 —
2474 1820 2645 1884 Deus,
2680 1822 2768 1889 qui
2799 1835 2903 1876 non
2935 1821 3162 1891 deSpicis
3192 1821 3352 1876 corde
3394 1822 3651 1877 contritos
3676 1830 3731 1878 et

2074 1898 2123 1958 Β
2147 1911 2377 1967 afflictos
2406 1914 2660 1980 miseriis,
2685 1916 2931 1983 populum
2957 1926 3099 1968 tuum
3122 1913 3308 1984 jejunii
3330 1914 3393 1968 ad
3420 1925 3470 1971 te
3491 1914 3729 1969 devotio-

2148 2017 2217 2058 tte
2248 2002 2565 2059 clamantem
2596 2004 2855 2074 propitius
2899 2006 3111 2070 exaudi,
3158 2015 3215 2059 ut
3259 2020 3392 2075 quos
3432 2004 3732 2058 humiliavit

2148 2095 2483 2161 adversitas,
2528 2096 2735 2151 attollat
2795 2095 3148 2165 reparationis
3222 2104 3324 2151 tuae
3384 2096 3729 2166 prosperitas.

2148 2185 2269 2245 Per.

2533 2284 2680 2355 (411)
2711 2298 2838 2341 posr
2867 2293 2893 2322 ι
2920 2298 3350 2341 nanemcrrosss.

2222 2376 2304 2429 Ad
2334 2374 2569 2430 Missam.
2598 2406 2667 2419 --
2698 2376 2866 2443 Deus,
2920 2378 3011 2445 qui
3058 2386 3165 2431 tres
3202 2391 3397 2445 pueros
3420 2375 3489 2434 de
3524 2375 3733 2432 camino

2151 2468 2308 2538 ignis,
2360 2485 2465 2523 non
2508 2468 2678 2524 solum
2728 2468 2953 2532 illmsos,
2999 2467 3092 2523 sed
3133 2468 3292 2522 etiam
3340 2468 3443 2521 tuis
3486 2467 3734 2522 laudibus

2150 2562 2546 2616 conclamantes
2590 2560 2857 2628 liberasti,
2907 2575 3209 2630 quaesumus
3257 2568 3315 2614 ut
3342 2574 3440 2615 nos
3489 2568 3737 2629 peccato-

2151 2669 2266 2707 rum
2296 2652 2524 2707 nexibus
2552 2652 2833 2708 obvolutos
2870 2652 3021 2707 velut
3062 2652 3131 2707 de
3169 2652 3420 2720 voragine
3448 2651 3585 2720 ignis
3627 2648 3734 2707 eri.-

2152 2744 2286 2814 pias,
2323 2754 2377 2800 ut
2415 2745 2698 2799 criminum
2750 2744 3024 2811 flammas,
3071 2758 3399 2815 operumque
3444 2743 3735 2800 carnalium

2151 2835 2395 2891 incendia
2448 2846 2795 2906 superantes,
2853 2837 3107 2908 hymnum
3164 2836 3258 2893 tibi
3324 2836 3561 2893 debitum
3613 2838 3737 2909 jure

2151 2931 2448 2999 meritoque
2484 2929 2794 2984 reddamus.
2827 2928 2947 2983 Per.

2224 3024 2393 3095 Super
2418 3024 2610 3079 oblata.
2633 3054 2703 3068 -—
2732 3023 2955 3078 Domine
2983 3022 3125 3078 Deus
3171 3031 3387 3091 noster,
3432 3022 3520 3093 qui
3571 3023 3624 3079 in
3653 3023 3739 3079 bis

2152 3117 2327 3185 potius
2352 3118 2610 3172 creaturis
2632 3131 2763 3185 quas
2790 3116 2854 3171 ad
2879 3114 3181 3185 fragilitatis
3205 3124 3402 3170 nostrte
3430 3116 3736 3183 praesidium

2157 3208 2449 3263 condidisti
2481 3218 2571 3263 tuo
2599 3224 2807 3278 quoque
2835 3206 3036 3262 nomini
3076 3220 3297 3261 munera
3324 3207 3526 3275 iussisti
3554 3208 3739 3264 dican-

471 3310 527 3357 et
554 3300 808 3363 salutare,
842 3313 938 3352 nos
971 3296 1067 3351 tibi
1098 3310 1308 3365 semper
1334 3304 1386 3349 et
1417 3295 1609 3365 ubique
1638 3295 1834 3365 gratias
1869 3311 2046 3366 agerc,
2079 3277 2124 3340 C
2156 3300 2223 3355 da
2255 3301 2526 3367 constitui,
2573 3277 2775 3367 tribue,
2828 3315 3149 3371 qumsumus,
3204 3309 3264 3353 ut
3311 3309 3364 3355 et
3418 3301 3539 3355 vita}
3586 3302 3739 3357 nobis

473 3394 701 3451 Domine
747 3399 962 3456 sancte,
1012 3390 1167 3443 Pater
1205 3386 1574 3455 omnipotens,
1622 3397 1817 3440 aeterne
1868 3386 2047 3441 Deus:

468 3486 594 3557 quia
629 3494 747 3556 post
786 3487 904 3542 illos
935 3487 1133 3542 laetitiae
1161 3486 1274 3541 dies
1298 3500 1430 3556 quos
1469 3486 1520 3540 in
1551 3484 1753 3539 honore
1786 3484 1993 3539 Domini
2023 3500 2052 3539 a

472 3580 699 3634 mortuis
741 3580 1067 3650 resurgentis
1115 3589 1167 3633 et
1197 3579 1251 3634 in
1291 3579 1455 3633 caelos
1483 3578 1822 3633 ascendentis
1874 3578 2054 3647 exegi-

474 3688 615 3737 ntus,
646 3682 869 3743 postque
896 3682 1205 3742 perceptum
1230 3673 1399 3727 sancti
1427 3673 1656 3740 Spiritus
1692 3674 1887 3726 donum
1912 3713 1927 3740 ,
1960 3687 2053 3726 ne—

473 3766 712 3819 cessario
759 3767 911 3819 nobis
953 3766 1152 3834 jejunia
1200 3775 1383 3819 sancta
1412 3767 1622 3833 provisa
1649 3775 1793 3831 sunt,
1841 3775 1894 3819 ut
1924 3780 2052 3834 pura

474 3856 882 3910 conversatione
906 3857 1207 3911 viventibus
1235 3873 1350 3925 quae
1374 3857 1625 3911 divinitus
1656 3868 1778 3912 sunt
1799 3857 2053 3912 Ecclesiae

470 3947 661 4002 collata
695 3955 1059 4016 permaneant.
1093 3948 1194 4002 Per
1223 3948 1515 4003 Christum.

542 4039 623 4092 Ad
650 4037 1045 4107 Complendum.
1068 4070 1136 4080 —
1157 4038 1425 4105 Concede,
1456 4053 1779 4107 quaesumus,
1808 4038 2052 4106 Domine,

468 4130 667 4199 populo
690 4138 783 4184 tuo
810 4132 1022 4185 veniam
1054 4142 1413 4199 peccatorum,
1450 4138 1505 4184 ut
1542 4131 1683 4201 quod
1712 4132 1915 4185 meritis
1947 4150 2055 4189 non

469 4220 779 4288 praasumit,
826 4220 1167 4291 indulgentiae
1218 4232 1321 4277 tute
1382 4221 1540 4277 celeri
1592 4221 1834 4291 largitate
1878 4226 2058 4294 perci-

469 4309 603 4378 piat.

1137 4399 1294 4439 FERIA
1319 4398 1394 4438 νι.

542 4474 612 4530 Ut
664 4476 850 4543 nobis,
907 4476 1167 4545 Domine,
1224 4486 1556 4532 terrenarum
1601 4477 1810 4549 frugum
1856 4481 2055 4538 tribuas

470 4568 790 4634 ubertatem,
824 4568 905 4624 fac
931 4578 1137 4625 mentes
1167 4578 1378 4624 nostras
1424 4570 1627 4625 caelesti
1672 4571 1943 4629 fertilitate
1981 4575 2057 4630 fc-

468 4661 690 4715 cundas.
725 4660 827 4716 Per
854 4663 1135 4717 Dominum
1165 4672 1425 4719 nostrum.

541 4753 711 4823 Super
736 4757 925 4809 oblata.
959 4784 1028 4797 —-
1059 4757 1124 4811 Ut
1153 4766 1370 4825 accepta
1394 4757 1487 4812 tibi
1527 4756 1651 4824 sint,
1681 4758 1925 4825 Domine,
1956 4773 2051 4813 no-

466 4852 574 4900 stra
598 4846 821 4914 jejuuia,
851 4857 1042 4916 prtesta
1074 4848 1247 4913 nobis,
1279 4864 1609 4918 quaesumus,
1645 4850 1802 4919 hujus
1830 4864 2050 4905 munere

468 4939 791 4992 sacramenti
822 4938 1154 5005 purificatum
1186 4939 1281 4994 tibi
1326 4950 1509 5009 pectus
1553 4942 1764 4997 offerre.
1814 4942 1917 4997 Per
1941 4940 2049 4995 Do-

467 5025 669 5078 minum
697 5034 961 5081 nostrum.

543 5118 696 5188 107
721 5118 803 5171 Αά
828 5116 1215 5188 complendum.
1241 5150 1315 5163 —
1336 5123 1542 5189 Annue,
1578 5136 1906 5190 qutesumus,
1936 5136 2053 5177 om-

467 5212 713 5278 nipotens
738 5210 898 5277 Dcus,
922 5222 979 5267 ut
1008 5226 1459 5271 sacramentorum
1494 5227 1700 5271 tuorum
1726 5226 1873 5286 gesta
1900 5233 2051 5272 reco-

465 5302 658 5364 lentes,
684 5310 737 5355 et
768 5304 1045 5371 temporali
1072 5309 1360 5362 securitate
1398 5308 1715 5371 relevemur,
1748 5316 1801 5361 et
1830 5309 2048 5364 erudia-

462 5403 583 5445 mur
614 5392 873 5463 legalibus
904 5395 1183 5452 institutis.
1216 5398 1316 5453 Per
1342 5399 1625 5452 Dominum
1653 5407 1913 5454 nostrum.

537 5482 706 5552 Super
734 5486 1002 5556 papulum.
1035 5489 1292 5544 —Fidcli
1344 5490 1558 5559 p0pulo,
1601 5490 1844 5555 Domine,
1888 5492 2048 5547 mise-

463 5570 752 5628 ricordiam
796 5586 937 5630 tuam
986 5579 1224 5647 placatus
1265 5579 1546 5647 impende,
1582 5590 1633 5633 et
1660 5582 1905 5649 praasidia
1930 5598 2047 5637 cor-

465 5663 609 5731 poris
638 5666 855 5733 c0piosa
883 5668 1057 5723 tribue
1081 5670 1417 5739 supplicanti.
1451 5672 1550 5725 Per
1573 5671 1875 5727 Dominum.
1972 5718 1977 5721 .

534 5769 764 5809 sarrano
793 5772 844 5809 ιω
872 5773 943 5811 xtt
972 5775 1128 5816 LECT.
1162 5792 1228 5800 —
1259 5761 1459 5816 l’rtcsta
1484 5803 1498 5829 ,
1532 5764 1752 5819 Domine
1773 5807 1786 5831 ,
1837 5781 2047 5835 quaesu-

2157 3398 2435 3462 prresentis
2482 3396 2764 3464 auxilium,
2814 3405 2866 3449 et
2916 3394 3229 3451 aeternitatis
3273 3394 3506 3451 efficiant
3561 3410 3741 3451 sacra-

2156 3493 2417 3539 mentum.
2452 3483 2573 3539 Per.

2229 3578 2308 3630 Ad
2338 3578 2725 3643 Complendum.
2756 3608 2824 3617 —
2855 3577 3159 3647 Sumptum,
3190 3591 3516 3647 qumsumus,
3560 3574 3743 3631 Domi-

2156 3686 2244 3737 ne,
2274 3670 2579 3726 venerabile
2601 3678 3028 3735 sacramentum,
3060 3679 3115 3725 et
3145 3670 3421 3738 prmsentis
3453 3668 3575 3724 vitae
3615 3668 3743 3725 sub-

2157 3766 2309 3822 sidiis
2339 3780 2436 3819 nos
2460 3767 2650 3830 foveat,
2676 3774 2729 3819 et
2758 3775 2992 3818 aeterna.
3024 3762 3145 3817 Per.

2235 3859 2392 3929 108
2422 3858 2591 3927 Super
2621 3858 2884 3927 populum.
2918 3885 2987 3895 —-
3016 3854 3286 3921 Proficiat,
3316 3839 3567 3921 Domine,
3599 3870 3745 3925 qure-

2158 3962 2376 4017 sutnus,
2409 3947 2554 4016 plebs
2596 3947 2689 4001 tibi
2721 3948 2891 4003 dicata
2934 3948 3033 4017 pitc
3069 3946 3367 4001 devotionis
3395 3946 3614 4015 affectu,
3663 3958 3741 4015 ut,

2159 4041 2327 4096 sacris
2360 4042 2565 4096 actibus
2599 4041 2829 4108 erudita,
2858 4050 3055 4111 quanto
3081 4039 3341 4111 Majcstati
3390 4050 3492 4097 tuac
3528 4041 3587 4096 fit
3624 4057 3738 4112 gra-

2161 4134 2286 4199 tior,
2321 4144 2469 4190 tanto
2496 4135 2649 4190 donis
2682 4134 2974 4203 potioribus
3004 4135 3419 4204 augeatur.Per.

2159 4246 2254 4284 xm
2283 4243 2555 4286 KALENDAS
2583 4244 2740 4286 ww.
2771 4257 2842 4268 —
2862 4244 3083 4285 manus
3110 4228 3262 4300 (412)
3288 4244 3593 4285 δΑΝοτοιιωι
3624 4244 3747 4286 GER-

2682 4316 2816 4355 VASII
2850 4318 2915 4355 ΕΤ
2945 4316 3202 4355 PROTASII.

2231 4396 2381 4467 (415)
2414 4395 2727 4451 Sanctorum
2759 4403 3049 4466 martyrum
3083 4409 3208 4461 nos,
3244 4394 3499 4462 Domine,
3546 4394 3746 4449 Cerva-

2162 4488 2226 4544 sii
2255 4500 2307 4544 et
2338 4490 2561 4544 Protasii
2594 4490 2859 4545 confessio
2890 4488 3039 4544 beata
3070 4489 3417 4555 communiat,
3462 4498 3514 4544 et
3543 4489 3745 4558 fragili-

2164 4585 2258 4639 tati
2296 4593 2493 4639 nostra:
2532 4583 2828 4639 subsidium
2871 4584 3151 4654 dignanter
3182 4593 3388 4640 exoret.
3419 4583 3522 4639 Per
3560 4583 3746 4637 Durni-

2079 4664 2135 4726 D
2161 4694 2287 4733 num
2312 4689 2579 4733 nostrum.

2230 4772 2401 4839 Super
2420 4771 2611 4826 oblata.
2636 4799 2708 4812 -—
2736 4771 2984 4828 Concede
3010 4772 3183 4841 nobis,
3209 4773 3548 4842 omnipotens
3578 4772 3741 4839 Deus,

2158 4871 2220 4919 ut
2260 4862 2343 4917 his
2399 4864 2731 4930 muneribus,
2787 4880 2904 4934 qua:
2951 4880 3048 4934 pro
3090 4875 3398 4921 sanctorum
3447 4874 3745 4935 martyrum

2160 4955 2402 5011 Cervasii
2450 4967 2503 5011 ct
2548 4957 2775 5013 Protasii
2807 4957 3009 5011 honore
3055 4956 3364 5022 deferimus,
3395 4968 3447 5011 et
3479 4967 3527 5010 te
3570 4956 3747 5025 place-

2157 5061 2277 5101 mus
2306 5047 2576 5116 exbibitis,
2626 5058 2679 5104 et
2710 5064 2807 5104 nos
2828 5048 3155 5104 vivificemur
3176 5049 3426 5115 acceptis.
3462 5046 3586 5100 Per.

2227 5139 2307 5193 Ad
2332 5139 2720 5208 Complendum.
2768 5170 2841 5182 ——-
2881 5139 2975 5205 Da,
3032 5153 3357 5209 quresutnus,
3409 5136 3747 5204 omnipotens

2158 5233 2335 5298 Deus,
2366 5241 2423 5287 ut
2471 5236 2850 5304 mysteriorum
2882 5232 3075 5289 virtute
3114 5241 3440 5297 sanctorum,
3490 5237 3545 5283 et
3592 5227 3742 5298 (4H)

2156 5323 2543 5379 intercessione
2582 5326 2855 5379 beatorum
2899 5322 3135 5379 Gcrvasii
3184 5332 3238 5377 et
3278 5321 3501 5376 Protasii
3547 5328 3749 5389 marty-

2155 5432 2272 5471 rum
2304 5426 2535 5481 tuorum,
2570 5417 2675 5469 vita
2704 5427 2885 5472 nostra
2918 5415 3072 5485 (415)
3104 5414 3367 5469 fulciatur.
3406 5414 3528 5469 Per.

2193 5527 2243 5565 nt
2277 5528 2549 5567 summa
2578 5528 2734 5568 ww.
2766 5543 2835 5557 --
2860 5512 3010 5584 (416)
3048 5528 3243 5568 VIGILIA
3282 5526 3467 5568 sascrt
3495 5525 3710 5566 JOANNIS

2798 5600 3089 5640 BAPTISTE.

2227 5674 2456 5744 Praesta,
2490 5692 2833 5748 quaesumus,
2875 5679 3217 5750 omnipotens
3258 5678 3418 5745 Deus,
3459 5682 3519 5730 ut
3547 5674 3748 5729 familia

2157 5778 2247 5824 tua
2275 5785 2368 5839 per
2396 5773 2535 5828 .viam
2579 5775 2767 5832 salutis
2809 5774 3023 5833 incedat
3042 5815 3058 5845 ,
3104 5783 3165 5831 et
3183 5772 3331 5831 beati
3351 5770 3570 5828 Joannis
3600 5767 3741 5827 Pun:

539 5875 565 5904 ι
586 5867 700 5925 Non
733 5872 926 5941 legitur
950 5873 1004 5929 in
1026 5874 1124 5931 Ed.
1157 5876 1324 5933 Vatic.
1357 5886 1469 5949 post
1491 5877 1907 5950 Benedictionet;
1943 5891 2135 5943 caetera
2166 5892 2288 5938 sunt
2308 5883 2521 5941 similia.
