4100 6354
264 407 365 467 Hi

1436 418 1641 475 LIBER
1677 419 2316 489 SACRAMENTORUM.

2192 324 2277 337 ν-Ασι

3419 452 3526 511 122

258 526 499 584 cursoris
515 524 853 587 hortamenta
873 531 1147 598 sectando,
1175 532 1243 589 ad
1264 547 1389 591 eum
1414 548 1572 607 quem
1596 536 1844 610 praedixit
1866 543 1923 606 Α
1944 541 2170 602 Domine
2193 556 2398 618 sancte,
2429 550 2588 610 Pater
2612 555 2981 627 omnipotens,
3025 566 3227 617 aeterne
3269 561 3440 633 Deus,
3471 576 3526 624 et

260 632 453 674 secura
474 621 749 689 perveniat
776 622 1057 680 Dominum
1079 634 1345 683 nostrum.

332 713 502 781 Super
526 712 716 769 oblata.
740 744 809 754 —
832 716 1075 783 Munera,
1105 718 1359 787 Domine,
1387 720 1563 778 oblata
1610 723 1865 781 sanctifir

255 818 344 871 ca,
372 813 427 861 et
468 807 832 863 intercedente
877 808 1033 866 beato
1065 811 1270 869 Joanne
1306 811 1563 884 Baptista,
1609 832 1710 872 nos
1746 832 1842 887 per

252 896 372 953 haec
432 910 462 952 a
520 909 861 971 peccatorum
926 910 1237 959 nostrorum
1306 907 1529 963 maculis
1582 909 1836 966 emunda.

249 988 375 1046 Per.

319 1079 595 1153 Praefatio.
624 1112 695 1124 —
723 1083 864 1140 Vere
907 1085 1124 1157 dignum
1171 1096 1226 1144 et
1244 1087 1445 1159 justum
1490 1099 1593 1159 est,
1623 1108 1836 1165 aequum

248 1181 305 1227 et
334 1173 589 1239 salutare,
621 1189 721 1231 nos
748 1175 843 1231 tibi
871 1191 1083 1249 semper
1102 1189 1157 1235 et
1180 1180 1377 1252 ubique
1421 1186 1617 1254 gratias
1652 1201 1833 1257 agere,

246 1264 478 1321 Domine
526 1275 733 1334 sancte,
777 1266 936 1324 Pater
987 1271 1362 1342 omnipotens,
1406 1284 1603 1332 aeterne
1654 1277 1833 1335 Deus:

244 1358 401 1428 (M7)
431 1360 754 1417 exhibentes
782 1363 1022 1421 solemne
1067 1367 1325 1437 jejunium
1354 1386 1459 1442 quo
1501 1373 1642 1429 beati
1671 1376 1837 1432 Joan-

238 1451 326 1506 nis
373 1453 626 1520 Baptistae
660 1456 902 1513 natalitia
947 1463 1321 1529 praevenimus.
1375 1466 1541 1535 Cujus
1600 1470 1828 1540 genitor,

240 1542 372 1596 dum
403 1558 523 1599 eum
550 1545 755 1601 dubitat
786 1549 1137 1618 nasciturum,
1187 1557 1449 1612 sermonis
1492 1558 1670 1615 amisit
1712 1561 1833 1616 offi-

238 1634 406 1700 cium,
436 1645 491 1692 et
511 1652 576 1693 eo
606 1630 865 1698 nascente
912 1651 966 1697 et
1016 1647 1278 1702 sermonis
1316 1662 1489 1715 usum,
1520 1660 1573 1705 et
1598 1653 1828 1723 prophe-

237 1727 330 1783 tiae
351 1731 838 1805 suscepitdonum;
874 1734 1132 1807 cujusque
1159 1739 1417 1809 genitrix,
1461 1744 1611 1799 senio
1647 1745 1829 1802 confe-

236 1828 348 1888 cta,
380 1824 662 1881 sterilitate
687 1828 934 1896 multata,
964 1830 1016 1885 in
1047 1832 1162 1903 ejus
1188 1845 1447 1906 conceptu
1498 1854 1603 1895 non
1651 1840 1825 1897 solum

1943 632 1998 689 in
2052 635 2141 692 die
2191 638 2492 697 feStivitatis
2542 645 2849 714 hodiernae,
2892 664 2997 720 qua
3048 652 3235 707 beatus
3286 652 3525 714 Joannes

1942 735 2160 783 exortus
2206 739 2308 799 est,
2364 741 2505 788 tuam
2552 738 2998 807 magnificentiam
3047 740 3389 812 collaudare,
3430 748 3524 817 qui

1940 831 2126 876 vocem
2153 824 2338 881 matris
2368 826 2577 884 Domini
2609 833 2842 888 nondum
2871 835 3049 892 editus
3077 838 3265 903 sensit,
3293 846 3347 895 et
3369 839 3527 912 (419)

1940 910 2116 969 adhuc
2154 915 2364 973 clausus
2397 928 2549 975 utero
2588 922 2874 981 adventum
2912 927 3097 984 salutis
3123 910 3524 1002 humanaepro-

1938 1005 2151 1075 phetica
2175 1011 2533 1070 exsultatione
2572 1016 2908 1086 significavit.
2952 1020 3103 1091 (4‘20)
3141 1022 3240 1091 Qui
3271 1034 3326 1080 et
3370 1026 3521 1095 geui~

1940 1096 2087 1152 tricis
2132 1100 2466 1159 sterilitatem
2522 1117 2815 1178 conceptus
2852 1111 3091 1180 abstulit,
3124 1123 3180 1169 et
3204 1116 3373 1186 patris
3418 1117 3522 1173 lin-

1936 1205 2094 1263 guam
2125 1202 2282 1251 natus
2308 1196 2560 1267 absolvit,
2591 1201 2842 1273 solusque
2870 1207 3106 1262 omnium
3136 1209 3517 1280 prophetarum

1936 1283 2348 1356 Redemptorem
2378 1291 2584 1357 mundi,
2608 1308 2767 1362 quem
2814 1298 3214 1367 praenuntiavit,
3258 1304 3517 1361 ostendit.

1935 1378 2003 1433 Et
2029 1386 2085 1434 ut
2114 1392 2282 1435 sacrae
2323 1382 2706 1449 purificationis
2734 1386 2981 1444 effectum
3020 1404 3273 1460 aquarum
3324 1402 3515 1449 natura

1934 1470 2272 1541 conciperet,
2338 1473 2732 1531 sanctificandis
2778 1477 3028 1536 Jordanis
3077 1480 3290 1538 ﬂuentis
3337 1483 3514 1556 ipsum

1932 1562 2200 1631 baptismo
2236 1564 2569 1635 baptismatis
2609 1567 2737 1625 lavit
2772 1570 3082 1628 Auctorem.
3122 1572 3193 1629 Et
3234 1575 3356 1632 ideo
3391 1592 3514 1633 cum

1930 1655 2152 1724 angelis.

2004 1758 2025 1786 ο
2056 1745 2371 1804 Benedictio.
2392 1778 2465 1790 —
2491 1750 2780 1808 Benedicat
2805 1753 2959 1810 vobis
2985 1757 3325 1827 omnipotens
3350 1757 3513 1828 Deus,

1928 1839 2068 1896 beati
2116 1840 2338 1898 Joannis
2395 1844 2649 1914 Baptistae
2691 1845 3109 1916 intercessione,
3154 1852 3309 1918 cujus
3357 1851 3513 1907 hodie

233 1920 574 1978 sterilitatem
622 1924 838 1994 amisit,
892 1926 1267 1987 fecunditatem
1333 1933 1652 2019 acquisivit,
1727 1937 1821 1992 sed
1853 1933 2171 2007 Bnatalitia
2213 1935 2519 2004 celebratis,
2540 1938 2906 2009 concedatque
2952 1950 3007 1995 ut
3054 1941 3206 2012 cujus
3255 1941 3515 1997 solemnia

233 2012 397 2067 etiam
427 2014 683 2085 Spiritum
715 2028 980 2084 sanctum,
1011 2036 1117 2091 quo
1141 2024 1364 2080 Matrem
1394 2012 1601 2081 Domini
1628 2037 1681 2083 ct
1709 2029 1825 2084 Sal-

233 2107 434 2161 vatoris
460 2118 797 2178 agnosceret,
827 2114 1054 2182 accepit.
1094 2114 1196 2170 Per
1242 2132 1398 2185 quem
1430 2119 1783 2188 Majestatem.

301 2196 386 2250 Ad
432 2197 819 2268 Complendum.
868 2232 939 2243 —
968 2204 1116 2260 Beati
1157 2207 1377 2267 Joannis
1419 2210 1697 2283 Baptistae,
1727 2228 1825 2271 nos

233 2286 479 2355 Domine,
514 2293 773 2363 praeclara
809 2292 1093 2351 comitetur
1128 2301 1319 2365 oratio,
1359 2309 1413 2356 et
1450 2318 1608 2373 quem
1636 2316 1822 2362 ventu-

231 2394 349 2436 rum
396 2396 519 2437 esse
574 2384 841 2453 praedixit,
892 2397 1081 2456 poscat
1122 2392 1277 2448 nobis
1324 2394 1504 2453 favere
1532 2398 1817 2468 placatum.

232 2468 338 2527 Per
364 2472 644 2529 Dominum
677 2486 941 2533 nostrum.

527 2567 678 2637 (418)
706 2584 760 2623 ιι(
789 2578 816 2609 ιι
846 2587 1009 2628 nam
1037 2588 1189 2632 mssa
1215 2592 1282 2633 ne
1310 2592 1505 2635 noc'rs.

302 2655 577 2725 Concede,
614 2676 947 2730 quaesumus,
980 2667 1318 2737 omnipotens
1346 2670 1518 2741 Deus,
1569 2682 1627 2731 ut
1661 2678 1819 2751 109

229 2748 322 2819 qui
361 2749 500 2805 beati
542 2751 763 2810 Joannis
791 2758 1047 2827 Baptistae
1095 2762 1355 2819 solemnia
1401 2767 1651 2838 colimus,
1701 2748 1816 2842 ejus

228 2840 373 2909 apud
408 2850 460 2897 te
484 2841 867 2904 intercessione
890 2851 1213 2908 muniamur.
1238 2855 1342 2911 Per
1363 2857 1671 2919 Dominum.

305 2929 479 3000 Super
508 2934 695 2992 oblata.
722 2966 795 2979 ——
822 2937 1062 3011 Munera,
1115 2943 1361 3013 Domine,
1393 2949 1566 3006 oblata
1610 2955 1814 3010 sancti-

226 3020 355 3091 tica,
390 3034 445 3078 et
473 3025 845 3087 intercedente
871 3033 1028 3091 beato
1056 3036 1264 3095 Joanne
1295 3041 1551 3113 Baptista,
1582 3062 1679 3103 nos
1720 3064 1817 3119 per

225 3110 342 3172 haec
370 3132 399 3172 a
428 3130 764 3188 peccatorum
792 3135 1095 3186 nostrorum
1136 3134 1359 3190 maculis
1408 3140 1654 3195 emunda.
1688 3141 1809 3201 Per.

295 3212 385 3305 Ad
404 3212 799 3284 Complendum.
822 3249 893 3261 --
922 3221 1120 3282 Praesta
1141 3268 1157 3295 ,
1194 3244 1500 3297 quaesumus
1522 3275 1536 3299 ,
1570 3235 1813 3305 omnipo-

1927 2025 2100 2081 colitis
2142 2026 2437 2097 patrocinia
2482 2030 2744 2086 sentiatis.
2790 2032 2985 2087 Amen.
3026 2033 3168 2089 illius
3197 2033 3418 2089 obtentu
3446 2034 3514 2090 ab

1924 2120 2171 2177 omnibus
2214 2121 2454 2178 adversis
2506 2125 2781 2191 tueamini,
2830 2134 2884 2180 et
2915 2126 3069 2181 bonis
3112 2127 3361 2183 omnibus
3390 2143 3511 2197 per-

1922 2210 2196 2279 fruamini,
2228 2213 2320 2282 qui
2340 2212 2631 2271 adventum
2658 2216 3030 2286 Redemptoris
3057 2219 3242 2274 mundi
3280 2220 3510 2274 necdum

1922 2312 2080 2358 natus
2106 2305 2263 2374 110
2289 2305 2573 2374 cognovit,
2615 2308 2804 2362 matris
2845 2307 3185 2364 sterilitatem
3235 2309 3508 2365 nascendo

1921 2394 2162 2461 abstulit,
2193 2394 2358 2464 patris
2383 2397 2617 2467 linguam
2650 2409 2808 2453 natus
2837 2398 3091 2455 absolvit.
3129 2402 3323 2454 Amen.
3364 2400 3510 2465 Qua-

1923 2492 2082 2541 tenus
2109 2486 2279 2557 ipsius
2306 2488 2465 2558 Agni,
2507 2504 2666 2559 quem
2713 2490 2801 2545 ille
2854 2490 3021 2561 digito
3070 2490 3324 2560 ostendit,
3354 2490 3508 2562 cujus

1920 2579 2285 2635 immolatione
2314 2582 2444 2637 estis
2474 2582 2771 2653 redempti,
2791 2584 2862 2639 ita
2883 2585 3139 2640 virtutum
3182 2586 3319 2641 lanis
3341 2586 3507 2641 vesti-

1919 2672 1986 2738 ri,
2016 2681 2072 2728 et
2116 2673 2478 2730 innocentiam
2510 2676 2731 2731 valeatis
2775 2678 2998 2745 imitari,
3028 2687 3092 2733 ut
3129 2679 3179 2734 ei
3199 2680 3253 2734 in
3289 2687 3507 2734 aeternas

1921 2764 2109 2836 patriae
2137 2764 2394 2821 felicitate
2415 2766 2632 2836 possitis
2660 2768 2895 2839 adjungi.
2924 2769 3077 2837 Quod
3108 2768 3224 2839 ipse
3247 2778 3506 2839 praestare

1920 2858 2189 2929 dignetur.

1988 2950 2069 3004 Ad
2106 2950 2485 3022 complendum.
2534 2981 2605 2992 —
2647 2952 2837 3009 Sumat
2882 2952 3122 3010 Ecclesia
3178 2962 3288 3020 tua,
3328 2954 3494 3020 Deus,

1918 3040 2061 3096 beati
2108 3040 2330 3097 Joannis
2375 3042 2624 3112 Baptistae
2674 3046 3022 3113 generatione
3069 3044 3346 3112 laetitiam,
3406 3059 3503 3114 per

1918 3151 2076 3207 quem
2106 3151 2219 3192 suae
2246 3138 2665 3207 regenerationis
2692 3138 2941 3208 cognovit
2982 3138 3292 3205 Auctorem,
3324 3138 3505 3194 Domi-a

1919 3244 2047 3283 num
2078 3240 2342 3286 nostrum.
2371 3224 2472 3297 Qui
2494 3238 2672 3286 tecum
2700 3231 2850 3286 vivit.

224 3308 340 3358 lens
365 3302 525 3374 Deus,
561 3319 616 3363 ut
640 3311 726 3379 qui
759 3313 996 3370 coelestia
1030 3317 1283 3376 alimenta
1325 3325 1693 3395 percepimus,
1720 3302 1811 3383 in-

1987 3317 2015 3357 ά
2062 3319 2143 3375 Ad
2191 3321 2493 3378 Matutinos.
2546 3352 2618 3364 —
2662 3323 3030 3394 Omnipotens,
3084 3334 3139 3379 et
3192 3325 3502 3383 misericors

224 3401 545 3457 tercedente'
590 3402 750 3460 beato
790 3406 994 3465 Joanne
1033 3411 1289 3482 Baptista,
1328 3430 1425 3485 per
1470 3419 1587 3474 haec
1623 3429 1807 3476 contra

221 3490 401 3545 omnia
428 3492 652 3550 adversa
677 3500 994 3554 muniamur.
1022 3500 1127 3557 Per
1146 3503 1451 3561 Dominum.

290 3580 463 3653 Super
490 3588 757 3656 populum.
786 3619 857 3631 —
885 3590 1083 3647 Praesta
1102 3634 1117 3659 ,
1167 3611 1469 3663 quaesumus
1493 3640 1508 3667 ,
1557 3601 1809 3670 Domine,

227 3681 289 3729 ut
316 3676 541 3745 papulus
574 3686 696 3735 tuus
716 3682 781 3736 ad
814 3683 984 3751 plenae
1031 3685 1334 3743 devotionis
1376 3690 1622 3746 effectum
1667 3696 1810 3749 beati

221 3765 440 3822 Joannis
470 3769 721 3838 Baptistae
742 3776 997 3832 natalitiis
1028 3788 1377 3850 praeparetur,
1402 3797 1561 3852 quem
1593 3788 1810 3854 praemi-

218 3857 336 3914 sisti
370 3859 503 3917 Filio
532 3873 622 3919 tuo
650 3881 837 3935 parare
865 3870 1075 3939 plebem
1107 3873 1422 3943 perfectam,
1449 3876 1578 3933 Jesu
1595 3878 1810 3939 Christo

216 3946 449 4005 Domino
470 3964 673 4010 nostro.
706 3955 827 4023 Qui.

285 4043 427 4099 Alia.
460 4074 530 4088 --
560 4048 709 4105 Beati
735 4065 856 4121 nos,
888 4052 1136 4123 Domine,
1167 4056 1390 4115 Joannis
1427 4062 1623 4129 oratio,
1654 4074 1709 4121 et
1730 4065 1807 4120 in-

214 4136 458 4208 telligere
478 4140 674 4198 Christi
719 4144 792 4199 tui
832 4146 1147 4217 mysterium
1194 4154 1444 4221 postulet,
1490 4163 1546 4210 et
1584 4158 1804 4214 mereri.

216 4226 322 4286 Per
346 4232 621 4291 eumdem;

249 4338 347 4381 νιιι
376 4342 649 4385 ωηολε
679 4344 813 4387 IUL"
841 4347 1070 4390 NATALIS
1119 4348 1305 4392 SANCTI
1340 4352 1553 4398 JOANNJS
1580 4344 1769 4401 ΒΔΡἿῚ·

933 4419 1068 4461 ετε.

280 4490 465 4562 Deus,
491 4495 582 4565 qui
623 4506 945 4565 praesentem
977 4499 1121 4555 diem
1165 4500 1532 4560 honorabilem
1562 4506 1718 4563 nobis
1752 4507 1807 4565 in

213 4580 359 4638 beati
384 4583 610 4643 Joannis
637 4590 918 4646 nativitate
946 4589 1136 4659 iecisti,
1162 4593 1231 4649 da
1263 4597 1470 4666 populis
1503 4600 1605 4654 tuis
1647 4600 1807 4670 spiri-

1916 3411 2079 3482 Deus,
2136 3415 2224 3485 qui
2270 3416 2487 3471 beatum
2526 3414 2787 3473 Joannem
2844 3417 3135 3487 Baptistam
3188 3427 3275 3474 tua
3318 3420 3501 3487 provi-

1914 3506 2095 3564 dentia
2123 3508 2405 3565 destinasti
2434 3518 2494 3563 ut
2532 3510 2823 3579 perfectam
2876 3512 3083 3581 plebem
3132 3512 3345 3569 Christo
3398 3514 3502 3570 Do-

1914 3600 2062 3655 mino
2094 3609 2439 3670 praepararet,
2464 3600 2552 3669 da,
2578 3617 2904 3672 quaesumus,
2939 3613 2994 3658 ut
3019 3603 3214 3659 familia
3233 3613 3322 3659 tua
3340 3604 3500 3674 hujus

1914 3692 2303 3748 intercessione
2326 3694 2611 3762 praeconis,
2643 3706 2698 3750 et
2727 3711 2758 3749 a
2787 3698 3019 3764 peccatis
3044 3697 3295 3752 omnibus
3337 3711 3502 3751 exua-

1913 3793 2022 3848 tur,
2050 3791 2105 3837 et
2131 3784 2195 3838 ad
2220 3799 2340 3839 eum
2371 3799 2530 3853 quem
2552 3785 2891 3855 prophetavit
2919 3788 3201 3857 pervenire
3228 3797 3498 3843 mereatur

1914 3872 2222 3929 Dominum.
2832 3925 2834 3927 ,

1983 3968 2206 4022 Λιὶα.--
2226 3967 2578 4040 Omnipotens
2604 3970 2929 4043 sempiterne
2960 3971 3123 4038 Deus,
3153 3970 3220 4027 da
3249 3971 3499 4029 cordibus

1912 4059 2115 4114 nostris
2141 4059 2287 4115 illam
2322 4069 2535 4116 tuarum
2565 4061 2937 4118 rectitudinem
2966 4063 3282 4118 semitauum
3330 4079 3490 4133 quam

1912 4150 2055 4206 beati
2084 4150 2303 4207 Joannis
2332 4152 2585 4220 Baptistae
2615 4154 2669 4208 in
2696 4154 2912 4209 deserto
2938 4169 3044 4210 vox
3063 4154 3344 4210 clamantis
3366 4155 3494 4212 edo-

1914 4244 2048 4298 cuit.
2086 4243 2189 4299 Per
2212 4243 2496 4298 Dominum
2523 4252 2787 4302 nostrum.

1983 4332 2123 4388 Alia.
2146 4361 2219 4373 -—
2243 4333 2407 4400 Deus,
2433 4335 2523 4404 qui
2551 4336 2816 4405 conspicis
2836 4351 2958 4406 quia
2983 4352 3081 4393 nos
3103 4340 3334 4410 undique
3355 4341 3493 4397 mala

1912 4434 2093 4480 nostra
2141 4427 2479 4493 contristent,
2528 4442 2623 4497 per
2672 4428 3064 4485 Prmcursorem
3112 4432 3288 4501 gaudii
3333 4433 3496 4489 corda

1910 4526 2092 4573 nostra
2122 4517 2352 4575 laetifica.
2387 4519 2491 4575 Per
2516 4520 2801 4576 Dominum
2827 4531 3090 4578 nostrum.

1902 4667 1910 4673 ,
1983 4610 2123 4665 Alia.
2151 4640 2224 4652 —
2252 4612 2350 4681 Da,
2380 4626 2708 4681 quaesumus,
2750 4614 3094 4683 omnipotens
3136 4615 3296 4683 Deus,
3356 4616 3494 4673 intra

214 4675 401 4731 talium
430 4680 655 4747 gratiam
677 4683 1016 4753 gaudiorum,
1049 4695 1105 4741 et
1134 4688 1372 4744 omnium
1398 4690 1633 4748 fidelium
1651 4709 1804 4751 men—
1829 4694 1887 4756 D
1912 4709 2111 4757 sancta:
2161 4675 2423 4757 Ecclesiae
2474 4712 2580 4757 tuae
2624 4675 2834 4758 uterum
2879 4675 3222 4773 constitutos,
3272 4722 3338 4763 eo
3396 4723 3493 4765 nos

212 4774 292 4823 tes
321 4766 492 4841 dirige
522 4771 576 4827 in
606 4773 747 4829 viam
777 4776 967 4832 salutis
988 4786 1225 4835 aeternae.
1247 4780 1369 4837 Per.

283 4858 460 4930 Super
480 4862 670 4919 oblata.
702 4892 771 4906 -
797 4865 931 4933 Tua,
959 4868 1213 4938 Domine,
1262 4872 1571 4929 muneribus
1614 4875 1803 4933 altaria

210 4953 570 5020 eumulamus,
599 4955 744 5011 illius
761 4957 917 5013 nobis
935 4974 1029 5027 per
1052 4960 1166 5016 haec
1191 4976 1347 5031 opem
1368 4964 1558 5022 adesse
1586 4982 1805 5037 poscen-

214 5053 313 5111 tes,
375 5052 433 5099 et
463 5046 790 5105 nativitatem
840 5050 1041 5107 honore
1091 5053 1272 5110 debito
1319 5057 1671 5128 celebrantes,
1710 5063 1803 5130 qui

212 5136 546 5194 Salvatorem
596 5141 783 5196 mundi
829 5152 883 5198 et
925 5145 1119 5201 cecinit
1158 5146 1493 5217 adfuturum,
1527 5158 1582 5206 et
1613 5152 1804 5210 adesse

212 5232 555 5297 monstravit,
579 5232 866 5289 Dominum
897 5244 1164 5293 nostrum.

279 5318 309 5357 ιι
340 5319 619 5393 Prtefatio.
650 5357 720 5370 —
751 5326 890 5381 Vere
917 5327 1133 5399 dignum
1164 5339 1219 5386 et
1244 5339 1443 5401 justum
1465 5342 1568 5402 est,
1592 5348 1804 5406 aequum

213 5419 269 5467 et
290 5411 559 5485 salutare,
591 5432 689 5473 nos
724 5419 817 5473 tibi
849 5435 1061 5491 semper
1089 5430 1142 5477 et
1167 5422 1363 5493 ubique
1392 5426 1589 5497 gratias
1620 5443 1799 5500 agere,

283 5561 312 5590 ι
347 5554 402 5607 lu
436 5553 531 5609 Ms.
555 5556 807 5614 Calensi:
846 5575 940 5615 vm
972 5561 1198 5616 Kalend.
1256 5564 1387 5618 Julii
1434 5568 1594 5622 natat.
1642 5571 1804 5624 sancti

214 5622 432 5702 Joannis
454 5624 734 5702 Baptistae;
762 5632 813 5684 in
845 5634 1007 5697 prima
1038 5634 1219 5701 Missa,
1254 5637 1500 5702 Concede,
1529 5622 1821 5695 elc.7Con7-v'

216 5695 615 5771 sentiunt‘de.
654 5700 789 5769 Reg.
814 5695 995 5769 Succ.,
1017 5695 1254 5771 (Remel...
1278 5695 1576 5763 TheodIAt
1609 5711 1659 5763 in
1688 5719 1796 5766 vet.

219 5765 457 5820 Sacram.
496 5767 631 5823 Gall.
674 5765 825 5827 unica
848 5765 1047 5829 tantum
1078 5777 1181 5829 hoc
1222 5765 1308 5831 die
1355 5787 1529 5833 exstat
1560 5780 1719 5834 Missa
1748 5783 1799 5835 in

220 5838 381 5918 s_ancti
405 5838 624 5918 Joannis
651 5840 917 5912 Baptistae.
948 5847 1054 5905 Sed
1086 5856 1269 5918 postea
1295 5848 1517 5905 habetur
1556 5849 1717 5907 Missa
1746 5854 1800 5907 in

219 5903 408 5964 Joann.
434 5911 691 5982 passione.

1914 4792 2113 4861 Spiritu
2162 4792 2231 4845 ab
2277 4793 2555 4862 iniquitate
2601 4803 2781 4849 nostra
2808 4794 3111 4865 justificari,
3143 4814 3249 4868 quo
3276 4799 3492 4858 beatum

1910 4880 2172 4937 Joannem
2198 4881 2339 4937 intra
2371 4884 2574 4940 viscera
2600 4891 2845 4940 materna
2873 4885 3123 4944 docuisti.
3171 4888 3275 4944 Per
3313 4891 3492 4949 Domi-

1911 4990 2039 5031 num
2071 4984 2308 5031 nostrum
2330 4977 2534 5032 Jesum.

1980 5068 2118 5124 Alia.
2150 5099 2221 5110 —
2250 5070 2410 5136 Deus,
2442 5071 2532 5139 qui
2560 5084 2658 5125 nos
2684 5085 2859 5127 annua
2888 5072 3032 5129 beati
3062 5074 3283 5132 Joannis
3310 5078 3490 5147 Βεριί-

1911 5170 2010 5216 sue
2039 5161 2302 5217 solemnia
2332 5162 2671 5231 frequentare
2713 5165 2985 5229 concedis,
3017 5176 3234 5236 prmsta,
3279 5185 3491 5239 quassu.

1912 5268 2054 5321 mus,
2087 5264 2144 5308 ut
2173 5263 2229 5307 et
2253 5253 2460 5309 devotis
2488 5253 2675 5310 eadem
2718 5258 2987 5312 mentibus
3033 5261 3387 5329 celebremus,
3416 5271 3488 5331 et,

1912 5343 2027 5412 ejus
2058 5345 2354 5413 patrocinio
2386 5356 2748 5416 promerente,
2782 5348 2953 5418 plena:
2980 5352 3255 5420 capiamus
3293 5353 3487 5407 securi.

1914 5437 2038 5492 tatis
2067 5447 2435 5505 augmentum.
2470 5439 2593 5494 Per.

1980 5574 2008 5667 ξ
2035 5577 2230 5667 iisdem
2265 5594 2407 5667 pene
2426 5581 2621 5667 legitur
2650 5582 2703 5667 in
2728 5581 2965 5667 sacram.
2992 5582 3181 5667 Gallic.
3214 5651 3229 5667 ‘
3264 5653 3299 5667 ﬂ
3337 5655 3350 5667 .

1918 5704 1939 5720 ._
1984 5657 2005 5685 ο
2037 5649 2092 5703 In
2140 5649 2557 5708 Benedictionali
2587 5661 2791 5720 exstat,
2828 5668 2927 5709 nec
2956 5666 3061 5706 non
3091 5651 3231 5720 apud
3260 5653 3481 5714 Grimol~

1907 5715 2085 5804 dum}
2110 5720 2599 5804 Pamelioeditmn._
2651 5793 2697 5804 __
2778 5715 2786 5720 ⁷
2996 5797 3008 5804 _
3047 5789 3086 5804 ,ί
3126 5715 3161 5804 ..ἶ

1913 5857 1952 5912 v
1980 5787 2193 5912 drForte
2219 5793 2501 5864 legendum
2531 5796 2599 5850 ad
2651 5793 2923 5865 Vespera,
2955 5797 3014 5848 ut
3046 5789 3238 5863 legitur
3264 5796 3316 5853 in
3344 5795 3479 5855 Edita

1956 5874 1984 5912 a
2012 5875 2085 5912 ιο.

1956 5860 2085 5917 atic.
