  <div class='ocr_page' id='page_1' title='image "/cluster/home/n/w/nwhite01/storage/ocr_20150623/78/hvd.32044015469406/069.png"; bbox 0 0 4064 6350; ppageno 0'>
   <div class='ocr_carea' id='block_1_1' title="bbox 528 495 638 554">
    <p class='ocr_par' dir='ltr' id='par_1_1' title="bbox 528 495 638 554">
     <span class='ocr_line' id='line_1_1' title="bbox 528 495 638 554; baseline 0 -2"><span class='ocrx_word' id='word_1_1' title='bbox 528 495 638 554; x_wconf 72' lang='grc'><strong>125</strong></span> 
     </span>
    </p>
   </div>
   <div class='ocr_carea' id='block_1_2' title="bbox 1739 452 2602 523">
    <p class='ocr_par' dir='ltr' id='par_1_2' title="bbox 1739 452 2602 523">
     <span class='ocr_line' id='line_1_2' title="bbox 1739 452 2602 523; baseline -0.016 0"><span class='ocrx_word' id='word_1_2' title='bbox 1739 461 1981 523; x_wconf 77' lang='lat' dir='ltr'><strong>SANCTI</strong></span> <span class='ocrx_word' id='word_1_3' title='bbox 2019 454 2346 515; x_wconf 78' lang='lat' dir='ltr'><strong>GRE‘GORII</strong></span> <span class='ocrx_word' id='word_1_4' title='bbox 2385 452 2602 511; x_wconf 82' lang='lat' dir='ltr'><strong>MAGNI</strong></span> 
     </span>
    </p>
   </div>
   <div class='ocr_carea' id='block_1_3' title="bbox 3696 437 3798 493">
    <p class='ocr_par' dir='ltr' id='par_1_3' title="bbox 3696 437 3798 493">
     <span class='ocr_line' id='line_1_3' title="bbox 3696 437 3798 493; baseline 0.02 -2"><span class='ocrx_word' id='word_1_5' title='bbox 3696 437 3798 493; x_wconf 69' lang='grc'><strong>1⁸24</strong></span> 
     </span>
    </p>
   </div>
   <div class='ocr_carea' id='block_1_4' title="bbox 522 557 2149 667">
    <p class='ocr_par' dir='ltr' id='par_1_4' title="bbox 522 589 2149 667">
     <span class='ocr_line' id='line_1_4' title="bbox 522 589 2149 667; baseline -0.02 0"><span class='ocrx_word' id='word_1_6' title='bbox 522 625 586 667; x_wconf 78' lang='lat' dir='ltr'>Vl</span> <span class='ocrx_word' id='word_1_7' title='bbox 625 618 894 664; x_wconf 74' lang='lat' dir='ltr'><strong>KALENDAS</strong></span> <span class='ocrx_word' id='word_1_8' title='bbox 929 613 1083 659; x_wconf 69' lang='grc' dir='ltr'>ιυιιῐ.</span> <span class='ocrx_word' id='word_1_9' title='bbox 1104 603 1419 651; x_wconf 68' lang='grc' dir='ltr'><strong>-ΝΑτΑιιε</strong></span> <span class='ocrx_word' id='word_1_10' title='bbox 1456 598 1766 644; x_wconf 64' lang='grc' dir='ltr'><strong>εΛΝατοιιυιι</strong></span> <span class='ocrx_word' id='word_1_11' title='bbox 1805 593 2015 638; x_wconf 50' lang='grc' dir='ltr'><strong>πομπεῖς</strong></span> <span class='ocrx_word' id='word_1_12' title='bbox 2049 589 2116 630; x_wconf 81' lang='grc' dir='ltr'><strong>ΕΤ</strong></span> <span class='ocrx_word' id='word_1_13' title='bbox 2145 621 2149 634; x_wconf 88' lang='grc'><strong>.</strong></span> 
     </span>
    </p>
   </div>
   <div class='ocr_carea' id='block_1_5' title="bbox 2260 557 3804 667">
    <p class='ocr_par' dir='ltr' id='par_1_5' title="bbox 2260 557 3804 639">
     <span class='ocr_line' id='line_1_5' title="bbox 2260 557 3804 639; baseline -0.009 -14"><span class='ocrx_word' id='word_1_14' title='bbox 2260 579 2429 626; x_wconf 91' lang='lat' dir='ltr'><strong>torum</strong></span> <span class='ocrx_word' id='word_1_15' title='bbox 2459 567 2845 639; x_wconf 78' lang='lat' dir='ltr'><strong>apostolorum,</strong></span> <span class='ocrx_word' id='word_1_16' title='bbox 2877 575 3207 636; x_wconf 67' lang='lat' dir='ltr'><strong>qumsumus,</strong></span> <span class='ocrx_word' id='word_1_17' title='bbox 3240 557 3554 631; x_wconf 79' lang='lat' dir='ltr'><strong>deprecatio</strong></span> <span class='ocrx_word' id='word_1_18' title='bbox 3575 565 3804 627; x_wconf 78' lang='lat' dir='ltr'><strong>quorum</strong></span> 
     </span>
    </p>
   </div>
   <div class='ocr_carea' id='block_1_6' title="bbox 1239 680 1417 720">
    <p class='ocr_par' dir='ltr' id='par_1_6' title="bbox 1239 680 1417 720">
     <span class='ocr_line' id='line_1_6' title="bbox 1239 680 1417 720; baseline -0.017 0"><span class='ocrx_word' id='word_1_19' title='bbox 1239 680 1417 720; x_wconf 72' lang='lat' dir='ltr'><strong>PAULI.</strong></span> 
     </span>
    </p>
   </div>
   <div class='ocr_carea' id='block_1_7' title="bbox 613 746 2122 842">
    <p class='ocr_par' dir='ltr' id='par_1_7' title="bbox 613 746 2122 842">
     <span class='ocr_line' id='line_1_7' title="bbox 613 746 2122 842; baseline -0.019 -15"><span class='ocrx_word' id='word_1_20' title='bbox 613 774 951 842; x_wconf 62' lang='lat' dir='ltr'><strong>Quaesumus,</strong></span> <span class='ocrx_word' id='word_1_21' title='bbox 1001 762 1342 831; x_wconf 88' lang='lat' dir='ltr'><strong>omnipotens</strong></span> <span class='ocrx_word' id='word_1_22' title='bbox 1393 756 1556 821; x_wconf 88' lang='lat' dir='ltr'><strong>Deus,</strong></span> <span class='ocrx_word' id='word_1_23' title='bbox 1607 761 1665 806; x_wconf 89' lang='lat' dir='ltr'><strong>ut</strong></span> <span class='ocrx_word' id='word_1_24' title='bbox 1710 764 1808 806; x_wconf 91' lang='lat' dir='ltr'><strong>nos</strong></span> <span class='ocrx_word' id='word_1_25' title='bbox 1857 746 2122 820; x_wconf 85' lang='lat' dir='ltr'><strong>geminata</strong></span> 
     </span>
    </p>
   </div>
   <div class='ocr_carea' id='block_1_8' title="bbox 529 838 2126 922">
    <p class='ocr_par' dir='ltr' id='par_1_8' title="bbox 529 838 2126 922">
     <span class='ocr_line' id='line_1_8' title="bbox 529 838 2126 922; baseline -0.021 0"><span class='ocrx_word' id='word_1_26' title='bbox 529 838 728 922; x_wconf 60' lang='lat' dir='ltr'><strong>laetitia</strong></span> <span class='ocrx_word' id='word_1_27' title='bbox 768 858 1042 915; x_wconf 71' lang='lat' dir='ltr'><strong>hodiernae</strong></span> <span class='ocrx_word' id='word_1_28' title='bbox 1089 847 1390 908; x_wconf 75' lang='lat' dir='ltr'><strong>festivitatis</strong></span> <span class='ocrx_word' id='word_1_29' title='bbox 1410 843 1658 914; x_wconf 84' lang='lat' dir='ltr'><strong>excipiat,</strong></span> <span class='ocrx_word' id='word_1_30' title='bbox 1708 855 1827 911; x_wconf 85' lang='lat' dir='ltr'><strong>quae</strong></span> <span class='ocrx_word' id='word_1_31' title='bbox 1852 839 1920 893; x_wconf 92' lang='lat' dir='ltr'><strong>de</strong></span> <span class='ocrx_word' id='word_1_32' title='bbox 1948 838 2126 893; x_wconf 90' lang='lat' dir='ltr'><strong>beato-</strong></span> 
     </span>
    </p>
   </div>
   <div class='ocr_carea' id='block_1_9' title="bbox 543 931 2125 1016">
    <p class='ocr_par' dir='ltr' id='par_1_9' title="bbox 543 931 2125 1016">
     <span class='ocr_line' id='line_1_9' title="bbox 543 931 2125 1016; baseline -0.018 -2"><span class='ocrx_word' id='word_1_33' title='bbox 543 974 660 1016; x_wconf 90' lang='lat' dir='ltr'><strong>rum</strong></span> <span class='ocrx_word' id='word_1_34' title='bbox 702 952 926 1012; x_wconf 85' lang='lat' dir='ltr'><strong>Joannis</strong></span> <span class='ocrx_word' id='word_1_35' title='bbox 953 959 1008 1006; x_wconf 82' lang='lat' dir='ltr'><strong>et</strong></span> <span class='ocrx_word' id='word_1_36' title='bbox 1049 945 1202 1003; x_wconf 81' lang='lat' dir='ltr'><strong>Pauli</strong></span> <span class='ocrx_word' id='word_1_37' title='bbox 1247 939 1635 1014; x_wconf 74' lang='lat' dir='ltr'><strong>glorificatione</strong></span> <span class='ocrx_word' id='word_1_38' title='bbox 1679 931 1943 1007; x_wconf 83' lang='lat' dir='ltr'><strong>procedit,</strong></span> <span class='ocrx_word' id='word_1_39' title='bbox 1992 943 2125 1002; x_wconf 88' lang='lat' dir='ltr'><strong>quos</strong></span> 
     </span>
    </p>
   </div>
   <div class='ocr_carea' id='block_1_10' title="bbox 539 1030 2122 1112">
    <p class='ocr_par' dir='ltr' id='par_1_10' title="bbox 539 1030 2122 1112">
     <span class='ocr_line' id='line_1_10' title="bbox 539 1030 2122 1112; baseline -0.018 -5"><span class='ocrx_word' id='word_1_40' title='bbox 539 1051 725 1108; x_wconf 85' lang='lat' dir='ltr'><strong>eadem</strong></span> <span class='ocrx_word' id='word_1_41' title='bbox 786 1046 918 1102; x_wconf 84' lang='lat' dir='ltr'><strong>ﬁdes</strong></span> <span class='ocrx_word' id='word_1_42' title='bbox 966 1051 1020 1099; x_wconf 91' lang='lat' dir='ltr'><strong>et</strong></span> <span class='ocrx_word' id='word_1_43' title='bbox 1058 1039 1235 1112; x_wconf 87' lang='lat' dir='ltr'><strong>passio</strong></span> <span class='ocrx_word' id='word_1_44' title='bbox 1289 1048 1416 1092; x_wconf 90' lang='lat' dir='ltr'><strong>vere</strong></span> <span class='ocrx_word' id='word_1_45' title='bbox 1457 1030 1593 1088; x_wconf 87' lang='lat' dir='ltr'><strong>fecit</strong></span> <span class='ocrx_word' id='word_1_46' title='bbox 1642 1043 1764 1086; x_wconf 88' lang='lat' dir='ltr'><strong>esse</strong></span> <span class='ocrx_word' id='word_1_47' title='bbox 1820 1039 2122 1099; x_wconf 84' lang='lat' dir='ltr'><strong>germanos.</strong></span> 
     </span>
    </p>
   </div>
   <div class='ocr_carea' id='block_1_11' title="bbox 542 1146 655 1200">
    <p class='ocr_par' dir='ltr' id='par_1_11' title="bbox 542 1146 655 1200">
     <span class='ocr_line' id='line_1_11' title="bbox 542 1146 655 1200; baseline -0.035 0"><span class='ocrx_word' id='word_1_48' title='bbox 542 1146 655 1200; x_wconf 80' lang='lat' dir='ltr'><strong>Per.</strong></span> 
     </span>
    </p>
   </div>
   <div class='ocr_carea' id='block_1_12' title="bbox 615 1209 2125 1302">
    <p class='ocr_par' dir='ltr' id='par_1_12' title="bbox 615 1209 2125 1302">
     <span class='ocr_line' id='line_1_12' title="bbox 615 1209 2125 1302; baseline -0.017 -13"><span class='ocrx_word' id='word_1_49' title='bbox 615 1235 786 1302; x_wconf 82' lang='lat' dir='ltr'><strong>Super</strong></span> <span class='ocrx_word' id='word_1_50' title='bbox 833 1228 1026 1284; x_wconf 84' lang='lat' dir='ltr'><strong>oblata.</strong></span> <span class='ocrx_word' id='word_1_51' title='bbox 1054 1251 1126 1268; x_wconf 91' lang='lat'><em>-</em></span> <span class='ocrx_word' id='word_1_52' title='bbox 1151 1220 1367 1278; x_wconf 79' lang='lat' dir='ltr'><strong>Hostias</strong></span> <span class='ocrx_word' id='word_1_53' title='bbox 1395 1215 1650 1272; x_wconf 86' lang='lat' dir='ltr'><strong>altaribus</strong></span> <span class='ocrx_word' id='word_1_54' title='bbox 1699 1213 1825 1283; x_wconf 85' lang='lat' dir='ltr'><strong>tuis,</strong></span> <span class='ocrx_word' id='word_1_55' title='bbox 1878 1209 2125 1278; x_wconf 82' lang='lat' dir='ltr'><strong>Domine,</strong></span> 
     </span>
    </p>
   </div>
   <div class='ocr_carea' id='block_1_13' title="bbox 545 1309 2127 1399">
    <p class='ocr_par' dir='ltr' id='par_1_13' title="bbox 545 1309 2127 1399">
     <span class='ocr_line' id='line_1_13' title="bbox 545 1309 2127 1399; baseline -0.018 -15"><span class='ocrx_word' id='word_1_56' title='bbox 545 1326 856 1399; x_wconf 69' lang='lat' dir='ltr'><strong>placationis</strong></span> <span class='ocrx_word' id='word_1_57' title='bbox 887 1319 1230 1390; x_wconf 88' lang='lat' dir='ltr'><strong>imponimus,</strong></span> <span class='ocrx_word' id='word_1_58' title='bbox 1253 1312 1549 1384; x_wconf 86' lang='lat' dir='ltr'><strong>potentiam</strong></span> <span class='ocrx_word' id='word_1_59' title='bbox 1576 1321 1717 1364; x_wconf 86' lang='lat' dir='ltr'><strong>tuam</strong></span> <span class='ocrx_word' id='word_1_60' title='bbox 1742 1309 1796 1362; x_wconf 92' lang='lat' dir='ltr'><strong>in</strong></span> <span class='ocrx_word' id='word_1_61' title='bbox 1820 1313 2127 1360; x_wconf 88' lang='lat' dir='ltr'><strong>sanctorum</strong></span> 
     </span>
    </p>
   </div>
   <div class='ocr_carea' id='block_1_14' title="bbox 544 1395 2128 1486">
    <p class='ocr_par' dir='ltr' id='par_1_14' title="bbox 544 1395 2128 1486">
     <span class='ocr_line' id='line_1_14' title="bbox 544 1395 2128 1486; baseline -0.016 -13"><span class='ocrx_word' id='word_1_62' title='bbox 544 1395 757 1473; x_wconf 74' lang='lat' dir='ltr'><strong>tuorum</strong></span> <span class='ocrx_word' id='word_1_63' title='bbox 811 1409 1152 1486; x_wconf 90' lang='lat' dir='ltr'><strong>passionibus</strong></span> <span class='ocrx_word' id='word_1_64' title='bbox 1199 1402 1536 1469; x_wconf 90' lang='lat' dir='ltr'><strong>honorando,</strong></span> <span class='ocrx_word' id='word_1_65' title='bbox 1588 1409 1643 1455; x_wconf 85' lang='lat' dir='ltr'><strong>et</strong></span> <span class='ocrx_word' id='word_1_66' title='bbox 1696 1412 1790 1469; x_wconf 86' lang='lat' dir='ltr'><strong>per</strong></span> <span class='ocrx_word' id='word_1_67' title='bbox 1828 1410 1922 1452; x_wconf 89' lang='lat' dir='ltr'><strong>eos</strong></span> <span class='ocrx_word' id='word_1_68' title='bbox 1975 1395 2128 1449; x_wconf 88' lang='lat' dir='ltr'><strong>nobis</strong></span> 
     </span>
    </p>
   </div>
   <div class='ocr_carea' id='block_1_15' title="bbox 544 1489 2132 1577">
    <p class='ocr_par' dir='ltr' id='par_1_15' title="bbox 544 1489 2132 1577">
     <span class='ocr_line' id='line_1_15' title="bbox 544 1489 2132 1577; baseline -0.016 -13"><span class='ocrx_word' id='word_1_69' title='bbox 544 1504 881 1577; x_wconf 90' lang='lat' dir='ltr'><strong>implorando</strong></span> <span class='ocrx_word' id='word_1_70' title='bbox 907 1501 1118 1558; x_wconf 80' lang='lat' dir='ltr'><strong>veniam</strong></span> <span class='ocrx_word' id='word_1_71' title='bbox 1149 1504 1512 1570; x_wconf 83' lang='lat' dir='ltr'><strong>peccatorum.</strong></span> <span class='ocrx_word' id='word_1_72' title='bbox 1567 1491 1671 1547; x_wconf 88' lang='lat' dir='ltr'><strong>Per</strong></span> <span class='ocrx_word' id='word_1_73' title='bbox 1709 1489 1992 1544; x_wconf 90' lang='lat' dir='ltr'><strong>Dominum</strong></span> <span class='ocrx_word' id='word_1_74' title='bbox 2033 1500 2132 1540; x_wconf 82' lang='lat' dir='ltr'><strong>no-</strong></span> 
     </span>
    </p>
   </div>
   <div class='ocr_carea' id='block_1_16' title="bbox 546 1611 736 1658">
    <p class='ocr_par' dir='ltr' id='par_1_16' title="bbox 546 1611 736 1658">
     <span class='ocr_line' id='line_1_16' title="bbox 546 1611 736 1658; baseline -0.037 0"><span class='ocrx_word' id='word_1_75' title='bbox 546 1611 736 1658; x_wconf 85' lang='lat' dir='ltr'><strong>strum.</strong></span> 
     </span>
    </p>
   </div>
   <div class='ocr_carea' id='block_1_17' title="bbox 623 1677 2134 1760">
    <p class='ocr_par' dir='ltr' id='par_1_17' title="bbox 623 1677 2134 1760">
     <span class='ocr_line' id='line_1_17' title="bbox 623 1677 2134 1760; baseline -0.012 -17"><span class='ocrx_word' id='word_1_76' title='bbox 623 1689 892 1760; x_wconf 66' lang='lat' dir='ltr'><strong>Praefatio.</strong></span> <span class='ocrx_word' id='word_1_77' title='bbox 912 1715 983 1727; x_wconf 89' lang='lat'><strong><em>—</em></strong></span> <span class='ocrx_word' id='word_1_78' title='bbox 1000 1685 1139 1740; x_wconf 83' lang='lat' dir='ltr'><strong>Vere</strong></span> <span class='ocrx_word' id='word_1_79' title='bbox 1167 1680 1382 1751; x_wconf 87' lang='lat' dir='ltr'><strong>dignum</strong></span> <span class='ocrx_word' id='word_1_80' title='bbox 1407 1684 1461 1734; x_wconf 93' lang='lat' dir='ltr'><strong>et</strong></span> <span class='ocrx_word' id='word_1_81' title='bbox 1482 1677 1684 1748; x_wconf 87' lang='lat' dir='ltr'><strong>justum</strong></span> <span class='ocrx_word' id='word_1_82' title='bbox 1708 1681 1811 1742; x_wconf 88' lang='lat' dir='ltr'><strong>est,</strong></span> <span class='ocrx_word' id='word_1_83' title='bbox 1837 1686 2047 1743; x_wconf 67' lang='lat' dir='ltr'><strong>aequum</strong></span> <span class='ocrx_word' id='word_1_84' title='bbox 2079 1678 2134 1726; x_wconf 88' lang='lat' dir='ltr'><strong>et</strong></span> 
     </span>
    </p>
   </div>
   <div class='ocr_carea' id='block_1_18' title="bbox 549 1766 2130 1846">
    <p class='ocr_par' dir='ltr' id='par_1_18' title="bbox 549 1766 2130 1846">
     <span class='ocr_line' id='line_1_18' title="bbox 549 1766 2130 1846; baseline -0.013 -9"><span class='ocrx_word' id='word_1_85' title='bbox 549 1782 802 1846; x_wconf 89' lang='lat' dir='ltr'><strong>salutare,</strong></span> <span class='ocrx_word' id='word_1_86' title='bbox 850 1793 947 1834; x_wconf 91' lang='lat' dir='ltr'><strong>nos</strong></span> <span class='ocrx_word' id='word_1_87' title='bbox 987 1775 1082 1832; x_wconf 87' lang='lat' dir='ltr'><strong>tibi</strong></span> <span class='ocrx_word' id='word_1_88' title='bbox 1113 1787 1326 1844; x_wconf 84' lang='lat' dir='ltr'><strong>semper</strong></span> <span class='ocrx_word' id='word_1_89' title='bbox 1369 1777 1424 1826; x_wconf 91' lang='lat' dir='ltr'><strong>et</strong></span> <span class='ocrx_word' id='word_1_90' title='bbox 1461 1768 1658 1838; x_wconf 91' lang='lat' dir='ltr'><strong>ubique</strong></span> <span class='ocrx_word' id='word_1_91' title='bbox 1704 1766 1906 1837; x_wconf 79' lang='lat' dir='ltr'><strong>gratias</strong></span> <span class='ocrx_word' id='word_1_92' title='bbox 1953 1779 2130 1835; x_wconf 84' lang='lat' dir='ltr'><strong>agere,</strong></span> 
     </span>
    </p>
   </div>
   <div class='ocr_carea' id='block_1_19' title="bbox 550 1862 2136 1940">
    <p class='ocr_par' dir='ltr' id='par_1_19' title="bbox 550 1862 2136 1940">
     <span class='ocr_line' id='line_1_19' title="bbox 550 1862 2136 1940; baseline -0.013 -9"><span class='ocrx_word' id='word_1_93' title='bbox 550 1877 780 1932; x_wconf 88' lang='lat' dir='ltr'><strong>Domine</strong></span> <span class='ocrx_word' id='word_1_94' title='bbox 835 1880 1042 1936; x_wconf 89' lang='lat' dir='ltr'><strong>sancte,</strong></span> <span class='ocrx_word' id='word_1_95' title='bbox 1107 1871 1262 1940; x_wconf 84' lang='lat'><strong>111</strong></span> <span class='ocrx_word' id='word_1_96' title='bbox 1311 1865 1470 1922; x_wconf 86' lang='lat' dir='ltr'><strong>Pater</strong></span> <span class='ocrx_word' id='word_1_97' title='bbox 1522 1862 1881 1930; x_wconf 87' lang='lat' dir='ltr'><strong>omnipotens,</strong></span> <span class='ocrx_word' id='word_1_98' title='bbox 1934 1868 2136 1913; x_wconf 67' lang='lat' dir='ltr'><strong>aeterne</strong></span> 
     </span>
    </p>
   </div>
   <div class='ocr_carea' id='block_1_20' title="bbox 2225 655 3270 733">
    <p class='ocr_par' dir='ltr' id='par_1_20' title="bbox 2225 655 3270 733">
     <span class='ocr_line' id='line_1_20' title="bbox 2225 655 3270 733; baseline -0.011 -13"><span class='ocrx_word' id='word_1_99' title='bbox 2225 663 2485 720; x_wconf 86' lang='lat' dir='ltr'><strong>solemnia</strong></span> <span class='ocrx_word' id='word_1_100' title='bbox 2510 661 2866 733; x_wconf 69' lang='lat' dir='ltr'><strong>prtevenlmus</strong></span> <span class='ocrx_word' id='word_1_101' title='bbox 2897 657 3114 713; x_wconf 88' lang='lat' dir='ltr'><strong>efficiat.</strong></span> <span class='ocrx_word' id='word_1_102' title='bbox 3148 655 3270 709; x_wconf 91' lang='lat' dir='ltr'><strong>Per.</strong></span> 
     </span>
    </p>
   </div>
   <div class='ocr_carea' id='block_1_21' title="bbox 2297 747 3811 826">
    <p class='ocr_par' dir='ltr' id='par_1_21' title="bbox 2297 747 3811 826">
     <span class='ocr_line' id='line_1_21' title="bbox 2297 747 3811 826; baseline -0.011 -16"><span class='ocrx_word' id='word_1_103' title='bbox 2297 754 2568 826; x_wconf 72' lang='lat' dir='ltr'><strong>Prwfatio.</strong></span> <span class='ocrx_word' id='word_1_104' title='bbox 2587 784 2656 794; x_wconf 91' lang='lat'><strong><em>—</em></strong></span> <span class='ocrx_word' id='word_1_105' title='bbox 2678 752 2815 807; x_wconf 83' lang='lat' dir='ltr'><strong>Vere</strong></span> <span class='ocrx_word' id='word_1_106' title='bbox 2841 750 3060 818; x_wconf 81' lang='lat' dir='ltr'><strong>dignum</strong></span> <span class='ocrx_word' id='word_1_107' title='bbox 3084 756 3140 803; x_wconf 87' lang='lat' dir='ltr'><strong>et</strong></span> <span class='ocrx_word' id='word_1_108' title='bbox 3160 747 3363 816; x_wconf 86' lang='lat' dir='ltr'><strong>justum</strong></span> <span class='ocrx_word' id='word_1_109' title='bbox 3383 751 3486 810; x_wconf 91' lang='lat' dir='ltr'><strong>est,</strong></span> <span class='ocrx_word' id='word_1_110' title='bbox 3515 752 3729 812; x_wconf 71' lang='lat' dir='ltr'><strong>mquam</strong></span> <span class='ocrx_word' id='word_1_111' title='bbox 3757 748 3811 795; x_wconf 88' lang='lat' dir='ltr'><strong>et</strong></span> 
     </span>
    </p>
   </div>
   <div class='ocr_carea' id='block_1_22' title="bbox 2227 834 3808 912">
    <p class='ocr_par' dir='ltr' id='par_1_22' title="bbox 2227 834 3808 912">
     <span class='ocr_line' id='line_1_22' title="bbox 2227 834 3808 912; baseline -0.01 -10"><span class='ocrx_word' id='word_1_112' title='bbox 2227 847 2484 912; x_wconf 87' lang='lat' dir='ltr'><strong>salutare,</strong></span> <span class='ocrx_word' id='word_1_113' title='bbox 2538 859 2634 900; x_wconf 90' lang='lat' dir='ltr'><strong>nos</strong></span> <span class='ocrx_word' id='word_1_114' title='bbox 2681 844 2774 899; x_wconf 88' lang='lat' dir='ltr'><strong>tibi</strong></span> <span class='ocrx_word' id='word_1_115' title='bbox 2814 855 3024 911; x_wconf 86' lang='lat' dir='ltr'><strong>semper</strong></span> <span class='ocrx_word' id='word_1_116' title='bbox 3051 847 3106 894; x_wconf 91' lang='lat' dir='ltr'><strong>et</strong></span> <span class='ocrx_word' id='word_1_117' title='bbox 3142 837 3340 908; x_wconf 89' lang='lat' dir='ltr'><strong>ubique</strong></span> <span class='ocrx_word' id='word_1_118' title='bbox 3385 834 3582 905; x_wconf 82' lang='lat' dir='ltr'><strong>gratias</strong></span> <span class='ocrx_word' id='word_1_119' title='bbox 3626 846 3808 903; x_wconf 85' lang='lat' dir='ltr'><strong>agere,</strong></span> 
     </span>
    </p>
   </div>
   <div class='ocr_carea' id='block_1_23' title="bbox 2236 925 3816 1010">
    <p class='ocr_par' dir='ltr' id='par_1_23' title="bbox 2236 925 3816 1010">
     <span class='ocr_line' id='line_1_23' title="bbox 2236 925 3816 1010; baseline -0.009 -16"><span class='ocrx_word' id='word_1_120' title='bbox 2236 941 2392 1010; x_wconf 79' lang='lat'><strong>112</strong></span> <span class='ocrx_word' id='word_1_121' title='bbox 2444 936 2674 992; x_wconf 87' lang='lat' dir='ltr'><strong>Domine</strong></span> <span class='ocrx_word' id='word_1_122' title='bbox 2728 942 2929 1000; x_wconf 87' lang='lat' dir='ltr'><strong>sancte,</strong></span> <span class='ocrx_word' id='word_1_123' title='bbox 2985 931 3142 985; x_wconf 80' lang='lat' dir='ltr'><strong>l‘ater</strong></span> <span class='ocrx_word' id='word_1_124' title='bbox 3197 925 3554 996; x_wconf 91' lang='lat' dir='ltr'><strong>omnipotens,</strong></span> <span class='ocrx_word' id='word_1_125' title='bbox 3613 934 3816 980; x_wconf 62' lang='lat' dir='ltr'><strong>aeterne</strong></span> 
     </span>
    </p>
   </div>
   <div class='ocr_carea' id='block_1_24' title="bbox 2227 1020 3820 1101">
    <p class='ocr_par' dir='ltr' id='par_1_24' title="bbox 2227 1020 3820 1101">
     <span class='ocr_line' id='line_1_24' title="bbox 2227 1020 3820 1101; baseline -0.01 -14"><span class='ocrx_word' id='word_1_126' title='bbox 2227 1031 2370 1088; x_wconf 88' lang='lat' dir='ltr'><strong>Deus</strong></span> <span class='ocrx_word' id='word_1_127' title='bbox 2395 1049 2408 1084; x_wconf 89' lang='lat'><strong>:</strong></span> <span class='ocrx_word' id='word_1_128' title='bbox 2442 1031 2581 1101; x_wconf 90' lang='lat' dir='ltr'><strong>apud</strong></span> <span class='ocrx_word' id='word_1_129' title='bbox 2610 1044 2770 1099; x_wconf 92' lang='lat' dir='ltr'><strong>quem</strong></span> <span class='ocrx_word' id='word_1_130' title='bbox 2793 1043 2917 1082; x_wconf 92' lang='lat' dir='ltr'><strong>cum</strong></span> <span class='ocrx_word' id='word_1_131' title='bbox 2943 1025 3222 1082; x_wconf 83' lang='lat' dir='ltr'><strong>beatorum</strong></span> <span class='ocrx_word' id='word_1_132' title='bbox 3276 1020 3642 1092; x_wconf 85' lang='lat' dir='ltr'><strong>apostolorum</strong></span> <span class='ocrx_word' id='word_1_133' title='bbox 3690 1031 3820 1072; x_wconf 89' lang='lat' dir='ltr'><strong>con-</strong></span> 
     </span>
    </p>
   </div>
   <div class='ocr_carea' id='block_1_25' title="bbox 2229 1113 3820 1188">
    <p class='ocr_par' dir='ltr' id='par_1_25' title="bbox 2229 1113 3820 1188">
     <span class='ocr_line' id='line_1_25' title="bbox 2229 1113 3820 1188; baseline -0.011 -8"><span class='ocrx_word' id='word_1_134' title='bbox 2229 1125 2430 1180; x_wconf 89' lang='lat' dir='ltr'><strong>tinuata</strong></span> <span class='ocrx_word' id='word_1_135' title='bbox 2478 1123 2735 1179; x_wconf 77' lang='lat' dir='ltr'><strong>festivitas</strong></span> <span class='ocrx_word' id='word_1_136' title='bbox 2787 1117 3144 1188; x_wconf 85' lang='lat' dir='ltr'><strong>triumphique</strong></span> <span class='ocrx_word' id='word_1_137' title='bbox 3191 1113 3425 1170; x_wconf 64' lang='lat' dir='ltr'><strong>caelestis</strong></span> <span class='ocrx_word' id='word_1_138' title='bbox 3462 1117 3720 1181; x_wconf 85' lang='lat' dir='ltr'><strong>perpetua</strong></span> <span class='ocrx_word' id='word_1_139' title='bbox 3764 1116 3820 1164; x_wconf 85' lang='lat' dir='ltr'><strong>et</strong></span> 
     </span>
    </p>
   </div>
   <div class='ocr_carea' id='block_1_26' title="bbox 2231 1199 3821 1275">
    <p class='ocr_par' dir='ltr' id='par_1_26' title="bbox 2231 1199 3821 1275">
     <span class='ocr_line' id='line_1_26' title="bbox 2231 1199 3821 1275; baseline -0.009 -6"><span class='ocrx_word' id='word_1_140' title='bbox 2231 1222 2430 1269; x_wconf 60' lang='lat' dir='ltr'><strong>aeterna</strong></span> <span class='ocrx_word' id='word_1_141' title='bbox 2457 1214 2528 1268; x_wconf 87' lang='lat' dir='ltr'><strong>sit</strong></span> <span class='ocrx_word' id='word_1_142' title='bbox 2554 1211 2860 1275; x_wconf 85' lang='lat' dir='ltr'><strong>celebritas,</strong></span> <span class='ocrx_word' id='word_1_143' title='bbox 2892 1208 3046 1263; x_wconf 92' lang='lat' dir='ltr'><strong>nobis</strong></span> <span class='ocrx_word' id='word_1_144' title='bbox 3068 1216 3242 1260; x_wconf 84' lang='lat' dir='ltr'><strong>tamen</strong></span> <span class='ocrx_word' id='word_1_145' title='bbox 3262 1218 3447 1260; x_wconf 91' lang='lat' dir='ltr'><strong>eorum</strong></span> <span class='ocrx_word' id='word_1_146' title='bbox 3469 1201 3601 1257; x_wconf 90' lang='lat' dir='ltr'><strong>festa</strong></span> <span class='ocrx_word' id='word_1_147' title='bbox 3628 1199 3821 1255; x_wconf 87' lang='lat' dir='ltr'><strong>annuis</strong></span> 
     </span>
    </p>
   </div>
   <div class='ocr_carea' id='block_1_27' title="bbox 2233 1290 3826 1370">
    <p class='ocr_par' dir='ltr' id='par_1_27' title="bbox 2233 1290 3826 1370">
     <span class='ocr_line' id='line_1_27' title="bbox 2233 1290 3826 1370; baseline -0.009 -10"><span class='ocrx_word' id='word_1_148' title='bbox 2233 1305 2539 1360; x_wconf 89' lang='lat' dir='ltr'><strong>recursibus</strong></span> <span class='ocrx_word' id='word_1_149' title='bbox 2569 1303 2759 1358; x_wconf 89' lang='lat' dir='ltr'><strong>tribuis</strong></span> <span class='ocrx_word' id='word_1_150' title='bbox 2784 1300 3142 1370; x_wconf 85' lang='lat' dir='ltr'><strong>frequentare,</strong></span> <span class='ocrx_word' id='word_1_151' title='bbox 3175 1304 3234 1350; x_wconf 90' lang='lat' dir='ltr'><strong>ut</strong></span> <span class='ocrx_word' id='word_1_152' title='bbox 3259 1303 3309 1351; x_wconf 89' lang='lat' dir='ltr'><strong>et</strong></span> <span class='ocrx_word' id='word_1_153' title='bbox 3339 1294 3552 1349; x_wconf 90' lang='lat' dir='ltr'><strong>illorum</strong></span> <span class='ocrx_word' id='word_1_154' title='bbox 3585 1290 3826 1363; x_wconf 88' lang='lat' dir='ltr'><strong>passioni</strong></span> 
     </span>
    </p>
   </div>
   <div class='ocr_carea' id='block_1_28' title="bbox 2234 1383 3828 1453">
    <p class='ocr_par' dir='ltr' id='par_1_28' title="bbox 2234 1383 3828 1453">
     <span class='ocr_line' id='line_1_28' title="bbox 2234 1383 3828 1453; baseline -0.011 0"><span class='ocrx_word' id='word_1_155' title='bbox 2234 1398 2305 1453; x_wconf 87' lang='lat' dir='ltr'><strong>sit</strong></span> <span class='ocrx_word' id='word_1_156' title='bbox 2354 1395 2627 1451; x_wconf 83' lang='lat' dir='ltr'><strong>veneratio</strong></span> <span class='ocrx_word' id='word_1_157' title='bbox 2681 1409 2750 1448; x_wconf 81' lang='lat' dir='ltr'><strong>ex</strong></span> <span class='ocrx_word' id='word_1_158' title='bbox 2801 1400 2980 1446; x_wconf 90' lang='lat' dir='ltr'><strong>nostra</strong></span> <span class='ocrx_word' id='word_1_159' title='bbox 3011 1387 3316 1453; x_wconf 81' lang='lat' dir='ltr'><strong>devotione,</strong></span> <span class='ocrx_word' id='word_1_160' title='bbox 3368 1392 3425 1440; x_wconf 90' lang='lat' dir='ltr'><strong>et</strong></span> <span class='ocrx_word' id='word_1_161' title='bbox 3471 1383 3625 1439; x_wconf 90' lang='lat' dir='ltr'><strong>nobis</strong></span> <span class='ocrx_word' id='word_1_162' title='bbox 3673 1383 3828 1437; x_wconf 82' lang='lat' dir='ltr'><strong>auxi-</strong></span> 
     </span>
    </p>
   </div>
   <div class='ocr_carea' id='block_1_29' title="bbox 2234 1473 3827 1557">
    <p class='ocr_par' dir='ltr' id='par_1_29' title="bbox 2234 1473 3827 1557">
     <span class='ocr_line' id='line_1_29' title="bbox 2234 1473 3827 1557; baseline -0.01 -13"><span class='ocrx_word' id='word_1_163' title='bbox 2234 1488 2364 1544; x_wconf 89' lang='lat' dir='ltr'><strong>lium</strong></span> <span class='ocrx_word' id='word_1_164' title='bbox 2395 1485 2673 1557; x_wconf 84' lang='lat' dir='ltr'><strong>proveniat</strong></span> <span class='ocrx_word' id='word_1_165' title='bbox 2697 1483 2767 1540; x_wconf 91' lang='lat' dir='ltr'><strong>de</strong></span> <span class='ocrx_word' id='word_1_166' title='bbox 2794 1497 2984 1540; x_wconf 91' lang='lat' dir='ltr'><strong>eorum</strong></span> <span class='ocrx_word' id='word_1_167' title='bbox 3029 1477 3369 1535; x_wconf 87' lang='lat' dir='ltr'><strong>sanctissima</strong></span> <span class='ocrx_word' id='word_1_168' title='bbox 3417 1473 3827 1532; x_wconf 83' lang='lat' dir='ltr'><strong>intercessione.</strong></span> 
     </span>
    </p>
   </div>
   <div class='ocr_carea' id='block_1_30' title="bbox 2234 1577 2358 1634">
    <p class='ocr_par' dir='ltr' id='par_1_30' title="bbox 2234 1577 2358 1634">
     <span class='ocr_line' id='line_1_30' title="bbox 2234 1577 2358 1634; baseline -0.024 0"><span class='ocrx_word' id='word_1_169' title='bbox 2234 1577 2358 1634; x_wconf 87' lang='lat' dir='ltr'><strong>Per.</strong></span> 
     </span>
    </p>
   </div>
   <div class='ocr_carea' id='block_1_31' title="bbox 2308 1657 3832 1740">
    <p class='ocr_par' dir='ltr' id='par_1_31' title="bbox 2308 1657 3832 1740">
     <span class='ocr_line' id='line_1_31' title="bbox 2308 1657 3832 1740; baseline -0.009 -14"><span class='ocrx_word' id='word_1_170' title='bbox 2308 1669 2392 1726; x_wconf 80' lang='lat' dir='ltr'><strong>Ad</strong></span> <span class='ocrx_word' id='word_1_171' title='bbox 2440 1667 2834 1740; x_wconf 87' lang='lat' dir='ltr'><strong>Comptendum.</strong></span> <span class='ocrx_word' id='word_1_172' title='bbox 2864 1663 3220 1736; x_wconf 90' lang='lat' dir='ltr'><strong>——Sumptis,</strong></span> <span class='ocrx_word' id='word_1_173' title='bbox 3270 1660 3520 1729; x_wconf 87' lang='lat' dir='ltr'><strong>Domine,</strong></span> <span class='ocrx_word' id='word_1_174' title='bbox 3575 1657 3832 1714; x_wconf 83' lang='lat' dir='ltr'><strong>remediis</strong></span> 
     </span>
    </p>
   </div>
   <div class='ocr_carea' id='block_1_32' title="bbox 2238 1752 3836 1833">
    <p class='ocr_par' dir='ltr' id='par_1_32' title="bbox 2238 1752 3836 1833">
     <span class='ocr_line' id='line_1_32' title="bbox 2238 1752 3836 1833; baseline -0.009 -14"><span class='ocrx_word' id='word_1_175' title='bbox 2238 1763 2604 1833; x_wconf 89' lang='lat' dir='ltr'><strong>sempiternis,</strong></span> <span class='ocrx_word' id='word_1_176' title='bbox 2657 1771 2865 1816; x_wconf 90' lang='lat' dir='ltr'><strong>tuorum</strong></span> <span class='ocrx_word' id='word_1_177' title='bbox 2912 1759 3240 1815; x_wconf 75' lang='lat' dir='ltr'><strong>mandentur</strong></span> <span class='ocrx_word' id='word_1_178' title='bbox 3273 1755 3434 1811; x_wconf 90' lang='lat' dir='ltr'><strong>corda</strong></span> <span class='ocrx_word' id='word_1_179' title='bbox 3479 1752 3742 1819; x_wconf 80' lang='lat' dir='ltr'><strong>ﬁdelium,</strong></span> <span class='ocrx_word' id='word_1_180' title='bbox 3777 1758 3836 1806; x_wconf 91' lang='lat' dir='ltr'><strong>ut</strong></span> 
     </span>
    </p>
   </div>
   <div class='ocr_carea' id='block_1_33' title="bbox 2240 1847 3837 1924">
    <p class='ocr_par' dir='ltr' id='par_1_33' title="bbox 2240 1847 3837 1924">
     <span class='ocr_line' id='line_1_33' title="bbox 2240 1847 3837 1924; baseline -0.008 -14"><span class='ocrx_word' id='word_1_181' title='bbox 2240 1853 2519 1924; x_wconf 85' lang='lat' dir='ltr'><strong>apostolici</strong></span> <span class='ocrx_word' id='word_1_182' title='bbox 2549 1853 2694 1908; x_wconf 90' lang='lat' dir='ltr'><strong>Petri</strong></span> <span class='ocrx_word' id='word_1_183' title='bbox 2721 1859 2776 1908; x_wconf 89' lang='lat' dir='ltr'><strong>et</strong></span> <span class='ocrx_word' id='word_1_184' title='bbox 2805 1850 2954 1906; x_wconf 86' lang='lat' dir='ltr'><strong>Pauli</strong></span> <span class='ocrx_word' id='word_1_185' title='bbox 2979 1849 3172 1905; x_wconf 83' lang='lat' dir='ltr'><strong>natalis</strong></span> <span class='ocrx_word' id='word_1_186' title='bbox 3199 1847 3446 1918; x_wconf 85' lang='lat' dir='ltr'><strong>insignia,</strong></span> <span class='ocrx_word' id='word_1_187' title='bbox 3489 1858 3610 1915; x_wconf 66' lang='lat' dir='ltr'><strong>quae</strong></span> <span class='ocrx_word' id='word_1_188' title='bbox 3639 1856 3837 1911; x_wconf 85' lang='lat' dir='ltr'><strong>corpo-</strong></span> 
     </span>
    </p>
   </div>
   <div class='ocr_carea' id='block_1_34' title="bbox 549 1937 3836 2037">
    <p class='ocr_par' dir='ltr' id='par_1_34' title="bbox 549 1937 3836 2037">
     <span class='ocr_line' id='line_1_34' title="bbox 549 1937 3836 2037; baseline -0.01 -13"><span class='ocrx_word' id='word_1_189' title='bbox 549 1968 710 2031; x_wconf 88' lang='lat' dir='ltr'><strong>Deus,</strong></span> <span class='ocrx_word' id='word_1_190' title='bbox 762 1980 859 2037; x_wconf 90' lang='lat' dir='ltr'><strong>per</strong></span> <span class='ocrx_word' id='word_1_191' title='bbox 906 1937 1206 2019; x_wconf 65' lang='lat' dir='ltr'><strong>Christo—m—</strong></span> <span class='ocrx_word' id='word_1_192' title='bbox 1221 1956 1506 2013; x_wconf 91' lang='lat' dir='ltr'><strong>Dominum</strong></span> <span class='ocrx_word' id='word_1_193' title='bbox 1538 1965 1779 2023; x_wconf 85' lang='lat' dir='ltr'><strong>nostrum</strong></span> <span class='ocrx_word' id='word_1_194' title='bbox 1813 1969 1825 2007; x_wconf 90' lang='lat'>:</span> <span class='ocrx_word' id='word_1_195' title='bbox 1857 1965 1954 2021; x_wconf 89' lang='lat' dir='ltr'><strong>pro</strong></span> <span class='ocrx_word' id='word_1_196' title='bbox 1982 1951 2138 2020; x_wconf 90' lang='lat' dir='ltr'><strong>cujus</strong></span> <span class='ocrx_word' id='word_1_197' title='bbox 2164 1955 2215 2018; x_wconf 76' lang='grc' dir='ltr'><strong>Β</strong></span> <span class='ocrx_word' id='word_1_198' title='bbox 2242 1947 2448 2004; x_wconf 87' lang='lat' dir='ltr'><strong>ralibus</strong></span> <span class='ocrx_word' id='word_1_199' title='bbox 2475 1944 2668 2002; x_wconf 84' lang='lat' dir='ltr'><strong>ofﬁciis</strong></span> <span class='ocrx_word' id='word_1_200' title='bbox 2699 1953 3092 2014; x_wconf 77' lang='lat' dir='ltr'><strong>exsequuntur,</strong></span> <span class='ocrx_word' id='word_1_201' title='bbox 3123 1944 3211 2015; x_wconf 91' lang='lat' dir='ltr'><strong>pia</strong></span> <span class='ocrx_word' id='word_1_202' title='bbox 3259 1940 3437 1997; x_wconf 84' lang='lat' dir='ltr'><strong>cordis</strong></span> <span class='ocrx_word' id='word_1_203' title='bbox 3484 1937 3836 2008; x_wconf 72' lang='lat' dir='ltr'><strong>intelligentia</strong></span> 
     </span>
    </p>
   </div>
   <div class='ocr_carea' id='block_1_35' title="bbox 550 2044 2133 2127">
    <p class='ocr_par' dir='ltr' id='par_1_35' title="bbox 550 2044 2133 2127">
     <span class='ocr_line' id='line_1_35' title="bbox 550 2044 2133 2127; baseline -0.012 -13"><span class='ocrx_word' id='word_1_204' title='bbox 550 2074 731 2114; x_wconf 85' lang='lat' dir='ltr'><strong>amore</strong></span> <span class='ocrx_word' id='word_1_205' title='bbox 750 2053 970 2127; x_wconf 86' lang='lat' dir='ltr'><strong>gloriosi</strong></span> <span class='ocrx_word' id='word_1_206' title='bbox 984 2062 1246 2124; x_wconf 80' lang='lat' dir='ltr'><strong>martyres</strong></span> <span class='ocrx_word' id='word_1_207' title='bbox 1267 2051 1502 2107; x_wconf 85' lang='lat' dir='ltr'><strong>Joannes</strong></span> <span class='ocrx_word' id='word_1_208' title='bbox 1524 2055 1577 2102; x_wconf 90' lang='lat' dir='ltr'><strong>et</strong></span> <span class='ocrx_word' id='word_1_209' title='bbox 1600 2046 1794 2101; x_wconf 84' lang='lat' dir='ltr'><strong>Paulus</strong></span> <span class='ocrx_word' id='word_1_210' title='bbox 1818 2044 2133 2114; x_wconf 83' lang='lat' dir='ltr'><strong>martyrium</strong></span> 
     </span>
    </p>
   </div>
   <div class='ocr_carea' id='block_1_36' title="bbox 551 2131 2139 2212">
    <p class='ocr_par' dir='ltr' id='par_1_36' title="bbox 551 2131 2139 2212">
     <span class='ocr_line' id='line_1_36' title="bbox 551 2131 2139 2212; baseline -0.013 -6"><span class='ocrx_word' id='word_1_211' title='bbox 551 2166 661 2207; x_wconf 90' lang='lat' dir='ltr'><strong>non</strong></span> <span class='ocrx_word' id='word_1_212' title='bbox 685 2157 810 2205; x_wconf 89' lang='lat' dir='ltr'><strong>sunt</strong></span> <span class='ocrx_word' id='word_1_213' title='bbox 829 2145 1062 2205; x_wconf 89' lang='lat' dir='ltr'><strong>cunctati</strong></span> <span class='ocrx_word' id='word_1_214' title='bbox 1082 2143 1292 2209; x_wconf 90' lang='lat' dir='ltr'><strong>subire;</strong></span> <span class='ocrx_word' id='word_1_215' title='bbox 1323 2155 1456 2212; x_wconf 91' lang='lat' dir='ltr'><strong>quos</strong></span> <span class='ocrx_word' id='word_1_216' title='bbox 1473 2141 1526 2194; x_wconf 92' lang='lat' dir='ltr'><strong>in</strong></span> <span class='ocrx_word' id='word_1_217' title='bbox 1549 2136 1802 2192; x_wconf 89' lang='lat' dir='ltr'><strong>nascendi</strong></span> <span class='ocrx_word' id='word_1_218' title='bbox 1826 2136 1941 2205; x_wconf 88' lang='lat' dir='ltr'><strong>lege</strong></span> <span class='ocrx_word' id='word_1_219' title='bbox 1960 2131 2139 2204; x_wconf 78' lang='lat' dir='ltr'><strong>junxit</strong></span> 
     </span>
    </p>
   </div>
   <div class='ocr_carea' id='block_1_37' title="bbox 554 2224 2135 2312">
    <p class='ocr_par' dir='ltr' id='par_1_37' title="bbox 554 2224 2135 2312">
     <span class='ocr_line' id='line_1_37' title="bbox 554 2224 2135 2312; baseline -0.012 -16"><span class='ocrx_word' id='word_1_220' title='bbox 554 2239 903 2312; x_wconf 83' lang='lat' dir='ltr'><strong>germanitas,</strong></span> <span class='ocrx_word' id='word_1_221' title='bbox 945 2235 1000 2292; x_wconf 91' lang='lat' dir='ltr'><strong>iu</strong></span> <span class='ocrx_word' id='word_1_222' title='bbox 1030 2235 1235 2306; x_wconf 87' lang='lat' dir='ltr'><strong>gremio</strong></span> <span class='ocrx_word' id='word_1_223' title='bbox 1269 2233 1458 2287; x_wconf 89' lang='lat' dir='ltr'><strong>matris</strong></span> <span class='ocrx_word' id='word_1_224' title='bbox 1500 2228 1754 2284; x_wconf 77' lang='lat' dir='ltr'><strong>Ecclesia:</strong></span> <span class='ocrx_word' id='word_1_225' title='bbox 1783 2227 1907 2281; x_wconf 89' lang='lat' dir='ltr'><strong>fidei</strong></span> <span class='ocrx_word' id='word_1_226' title='bbox 1938 2224 2135 2289; x_wconf 85' lang='lat' dir='ltr'><strong>unitas,</strong></span> 
     </span>
    </p>
   </div>
   <div class='ocr_carea' id='block_1_38' title="bbox 558 2315 2137 2401">
    <p class='ocr_par' dir='ltr' id='par_1_38' title="bbox 558 2315 2137 2401">
     <span class='ocr_line' id='line_1_38' title="bbox 558 2315 2137 2401; baseline -0.011 -14"><span class='ocrx_word' id='word_1_227' title='bbox 558 2333 611 2388; x_wconf 93' lang='lat' dir='ltr'><strong>in</strong></span> <span class='ocrx_word' id='word_1_228' title='bbox 635 2329 897 2401; x_wconf 88' lang='lat' dir='ltr'><strong>passionis</strong></span> <span class='ocrx_word' id='word_1_229' title='bbox 917 2326 1211 2384; x_wconf 88' lang='lat' dir='ltr'><strong>acerbitate</strong></span> <span class='ocrx_word' id='word_1_230' title='bbox 1238 2323 1454 2379; x_wconf 90' lang='lat' dir='ltr'><strong>ferenda</strong></span> <span class='ocrx_word' id='word_1_231' title='bbox 1478 2321 1636 2375; x_wconf 90' lang='lat' dir='ltr'><strong>unius</strong></span> <span class='ocrx_word' id='word_1_232' title='bbox 1663 2319 1860 2373; x_wconf 83' lang='lat' dir='ltr'><strong>amoris</strong></span> <span class='ocrx_word' id='word_1_233' title='bbox 1888 2315 2137 2371; x_wconf 86' lang='lat' dir='ltr'><strong>societas.</strong></span> 
     </span>
    </p>
   </div>
   <div class='ocr_carea' id='block_1_39' title="bbox 556 2407 2136 2490">
    <p class='ocr_par' dir='ltr' id='par_1_39' title="bbox 556 2407 2136 2490">
     <span class='ocr_line' id='line_1_39' title="bbox 556 2407 2136 2490; baseline -0.011 -11"><span class='ocrx_word' id='word_1_234' title='bbox 556 2423 660 2479; x_wconf 91' lang='lat' dir='ltr'><strong>Per</strong></span> <span class='ocrx_word' id='word_1_235' title='bbox 711 2435 870 2490; x_wconf 91' lang='lat' dir='ltr'><strong>quem</strong></span> <span class='ocrx_word' id='word_1_236' title='bbox 923 2433 1019 2474; x_wconf 90' lang='lat' dir='ltr'><strong>nos</strong></span> <span class='ocrx_word' id='word_1_237' title='bbox 1074 2417 1303 2488; x_wconf 88' lang='lat' dir='ltr'><strong>petimus</strong></span> <span class='ocrx_word' id='word_1_238' title='bbox 1357 2428 1540 2471; x_wconf 91' lang='lat' dir='ltr'><strong>eorum</strong></span> <span class='ocrx_word' id='word_1_239' title='bbox 1579 2410 1825 2482; x_wconf 88' lang='lat' dir='ltr'><strong>precibus</strong></span> <span class='ocrx_word' id='word_1_240' title='bbox 1877 2407 2136 2478; x_wconf 85' lang='lat' dir='ltr'><strong>adjuvari,</strong></span> 
     </span>
    </p>
   </div>
   <div class='ocr_carea' id='block_1_40' title="bbox 559 2499 2142 2584">
    <p class='ocr_par' dir='ltr' id='par_1_40' title="bbox 559 2499 2142 2584">
     <span class='ocr_line' id='line_1_40' title="bbox 559 2499 2142 2584; baseline -0.009 -14"><span class='ocrx_word' id='word_1_241' title='bbox 559 2529 786 2584; x_wconf 89' lang='lat' dir='ltr'><strong>quorum</strong></span> <span class='ocrx_word' id='word_1_242' title='bbox 817 2512 952 2570; x_wconf 89' lang='lat' dir='ltr'><strong>festa</strong></span> <span class='ocrx_word' id='word_1_243' title='bbox 982 2512 1259 2568; x_wconf 85' lang='lat' dir='ltr'><strong>nascimur</strong></span> <span class='ocrx_word' id='word_1_244' title='bbox 1298 2506 1566 2566; x_wconf 88' lang='lat' dir='ltr'><strong>venerari.</strong></span> <span class='ocrx_word' id='word_1_245' title='bbox 1620 2505 1722 2560; x_wconf 89' lang='lat' dir='ltr'><strong>Per</strong></span> <span class='ocrx_word' id='word_1_246' title='bbox 1768 2515 1931 2573; x_wconf 89' lang='lat' dir='ltr'><strong>quem</strong></span> <span class='ocrx_word' id='word_1_247' title='bbox 1980 2499 2142 2571; x_wconf 79' lang='lat' dir='ltr'><strong>Majo-</strong></span> 
     </span>
    </p>
   </div>
   <div class='ocr_carea' id='block_1_41' title="bbox 561 2613 776 2662">
    <p class='ocr_par' dir='ltr' id='par_1_41' title="bbox 561 2613 776 2662">
     <span class='ocr_line' id='line_1_41' title="bbox 561 2613 776 2662; baseline -0.009 0"><span class='ocrx_word' id='word_1_248' title='bbox 561 2613 776 2662; x_wconf 82' lang='lat' dir='ltr'><strong>statam.</strong></span> 
     </span>
    </p>
   </div>
   <div class='ocr_carea' id='block_1_42' title="bbox 637 2690 2148 2770">
    <p class='ocr_par' dir='ltr' id='par_1_42' title="bbox 637 2690 2148 2770">
     <span class='ocr_line' id='line_1_42' title="bbox 637 2690 2148 2770; baseline -0.009 -14"><span class='ocrx_word' id='word_1_249' title='bbox 637 2701 719 2755; x_wconf 83' lang='lat' dir='ltr'><strong>Ad</strong></span> <span class='ocrx_word' id='word_1_250' title='bbox 748 2697 1134 2770; x_wconf 83' lang='lat' dir='ltr'><strong>Complendum.</strong></span> <span class='ocrx_word' id='word_1_251' title='bbox 1167 2725 1237 2738; x_wconf 91' lang='lat'><strong>——</strong></span> <span class='ocrx_word' id='word_1_252' title='bbox 1263 2693 1619 2765; x_wconf 83' lang='lat' dir='ltr'><strong>Sumpslmus,</strong></span> <span class='ocrx_word' id='word_1_253' title='bbox 1647 2690 1894 2755; x_wconf 90' lang='lat' dir='ltr'><strong>Domine,</strong></span> <span class='ocrx_word' id='word_1_254' title='bbox 1922 2694 2148 2744; x_wconf 90' lang='lat' dir='ltr'><strong>sancto-</strong></span> 
     </span>
    </p>
   </div>
   <div class='ocr_carea' id='block_1_43' title="bbox 562 2782 2142 2850">
    <p class='ocr_par' dir='ltr' id='par_1_43' title="bbox 562 2782 2142 2850">
     <span class='ocr_line' id='line_1_43' title="bbox 562 2782 2142 2850; baseline -0.01 0"><span class='ocrx_word' id='word_1_255' title='bbox 562 2807 681 2850; x_wconf 85' lang='lat' dir='ltr'><strong>rum</strong></span> <span class='ocrx_word' id='word_1_256' title='bbox 732 2803 945 2848; x_wconf 90' lang='lat' dir='ltr'><strong>tuorum</strong></span> <span class='ocrx_word' id='word_1_257' title='bbox 979 2789 1200 2847; x_wconf 82' lang='lat' dir='ltr'><strong>Joannis</strong></span> <span class='ocrx_word' id='word_1_258' title='bbox 1226 2796 1281 2844; x_wconf 89' lang='lat' dir='ltr'><strong>et</strong></span> <span class='ocrx_word' id='word_1_259' title='bbox 1307 2785 1456 2841; x_wconf 87' lang='lat' dir='ltr'><strong>Pauli</strong></span> <span class='ocrx_word' id='word_1_260' title='bbox 1489 2783 1748 2840; x_wconf 85' lang='lat' dir='ltr'><strong>solemnia</strong></span> <span class='ocrx_word' id='word_1_261' title='bbox 1787 2782 2142 2848; x_wconf 88' lang='lat' dir='ltr'><strong>celebrantes,</strong></span> 
     </span>
    </p>
   </div>
   <div class='ocr_carea' id='block_1_44' title="bbox 563 2871 2144 2949">
    <p class='ocr_par' dir='ltr' id='par_1_44' title="bbox 563 2871 2144 2949">
     <span class='ocr_line' id='line_1_44' title="bbox 563 2871 2144 2949; baseline -0.009 -9"><span class='ocrx_word' id='word_1_262' title='bbox 563 2883 802 2940; x_wconf 71' lang='lat' dir='ltr'><strong>cmlestia</strong></span> <span class='ocrx_word' id='word_1_263' title='bbox 850 2889 1187 2937; x_wconf 89' lang='lat' dir='ltr'><strong>sacramenta</strong></span> <span class='ocrx_word' id='word_1_264' title='bbox 1221 2896 1233 2933; x_wconf 92' lang='lat'>:</span> <span class='ocrx_word' id='word_1_265' title='bbox 1268 2886 1484 2949; x_wconf 85' lang='lat' dir='ltr'><strong>praesta,</strong></span> <span class='ocrx_word' id='word_1_266' title='bbox 1519 2889 1843 2947; x_wconf 60' lang='lat' dir='ltr'><strong>quaesumus,</strong></span> <span class='ocrx_word' id='word_1_267' title='bbox 1895 2882 1955 2928; x_wconf 85' lang='lat' dir='ltr'><strong>ut</strong></span> <span class='ocrx_word' id='word_1_268' title='bbox 2003 2871 2144 2942; x_wconf 86' lang='lat' dir='ltr'><strong>quod</strong></span> 
     </span>
    </p>
   </div>
   <div class='ocr_carea' id='block_1_45' title="bbox 563 2967 2143 3046">
    <p class='ocr_par' dir='ltr' id='par_1_45' title="bbox 563 2967 2143 3046">
     <span class='ocr_line' id='line_1_45' title="bbox 563 2967 2143 3046; baseline -0.01 -13"><span class='ocrx_word' id='word_1_269' title='bbox 563 2973 934 3046; x_wconf 82' lang='lat' dir='ltr'><strong>temporaliter</strong></span> <span class='ocrx_word' id='word_1_270' title='bbox 960 2971 1195 3045; x_wconf 80' lang='lat' dir='ltr'><strong>gerimus</strong></span> <span class='ocrx_word' id='word_1_271' title='bbox 1231 2970 1445 3026; x_wconf 62' lang='lat' dir='ltr'><strong>aeternis</strong></span> <span class='ocrx_word' id='word_1_272' title='bbox 1480 2967 1688 3039; x_wconf 83' lang='lat' dir='ltr'><strong>gaudiis</strong></span> <span class='ocrx_word' id='word_1_273' title='bbox 1730 2977 2143 3034; x_wconf 88' lang='lat' dir='ltr'><strong>consequamur.</strong></span> 
     </span>
    </p>
   </div>
   <div class='ocr_carea' id='block_1_46' title="bbox 563 3060 1292 3123">
    <p class='ocr_par' dir='ltr' id='par_1_46' title="bbox 563 3060 1292 3123">
     <span class='ocr_line' id='line_1_46' title="bbox 563 3060 1292 3123; baseline -0.007 0"><span class='ocrx_word' id='word_1_274' title='bbox 563 3066 666 3123; x_wconf 84' lang='lat' dir='ltr'><strong>Per</strong></span> <span class='ocrx_word' id='word_1_275' title='bbox 686 3068 955 3122; x_wconf 82' lang='lat' dir='ltr'><strong>Christum</strong></span> <span class='ocrx_word' id='word_1_276' title='bbox 987 3060 1292 3120; x_wconf 86' lang='lat' dir='ltr'><strong>Dominum.</strong></span> 
     </span>
    </p>
   </div>
   <div class='ocr_carea' id='block_1_47' title="bbox 563 3153 2148 3225">
    <p class='ocr_par' dir='ltr' id='par_1_47' title="bbox 563 3153 2148 3225">
     <span class='ocr_line' id='line_1_47' title="bbox 563 3153 2148 3225; baseline -0.007 -9"><span class='ocrx_word' id='word_1_277' title='bbox 563 3175 620 3217; x_wconf 81' lang='lat' dir='ltr'><strong>tv</strong></span> <span class='ocrx_word' id='word_1_278' title='bbox 656 3171 931 3216; x_wconf 75' lang='lat' dir='ltr'><strong>KALENDAS</strong></span> <span class='ocrx_word' id='word_1_279' title='bbox 966 3173 1122 3215; x_wconf 69' lang='lat' dir='ltr'><strong>mnu.</strong></span> <span class='ocrx_word' id='word_1_280' title='bbox 1171 3187 1239 3200; x_wconf 68' lang='grc' dir='ltr'><strong><em>-η</em></strong></span> <span class='ocrx_word' id='word_1_281' title='bbox 1279 3153 1435 3225; x_wconf 65' lang='lat'><strong>(421)</strong></span> <span class='ocrx_word' id='word_1_282' title='bbox 1473 3166 1692 3209; x_wconf 58' lang='lat' dir='ltr'><strong>manus</strong></span> <span class='ocrx_word' id='word_1_283' title='bbox 1732 3163 1919 3209; x_wconf 72' lang='grc' dir='ltr'>ελιιοτι</span> <span class='ocrx_word' id='word_1_284' title='bbox 1956 3163 2148 3207; x_wconf 73' lang='lat' dir='ltr'><strong>Lsouts</strong></span> 
     </span>
    </p>
   </div>
   <div class='ocr_carea' id='block_1_48' title="bbox 1269 3243 1441 3282">
    <p class='ocr_par' dir='ltr' id='par_1_48' title="bbox 1269 3243 1441 3282">
     <span class='ocr_line' id='line_1_48' title="bbox 1269 3243 1441 3282; baseline -0.012 0"><span class='ocrx_word' id='word_1_285' title='bbox 1269 3243 1441 3282; x_wconf 65' lang='grc' dir='ltr'><strong>ΡΔΡΕ.</strong></span> 
     </span>
    </p>
   </div>
   <div class='ocr_carea' id='block_1_49' title="bbox 2240 2037 2874 2111">
    <p class='ocr_par' dir='ltr' id='par_1_49' title="bbox 2240 2037 2874 2111">
     <span class='ocr_line' id='line_1_49' title="bbox 2240 2037 2874 2111; baseline -0.009 -14"><span class='ocrx_word' id='word_1_286' title='bbox 2240 2038 2722 2111; x_wconf 84' lang='lat' dir='ltr'><strong>comprehendant.</strong></span> <span class='ocrx_word' id='word_1_287' title='bbox 2751 2037 2874 2093; x_wconf 91' lang='lat' dir='ltr'><strong>Per.</strong></span> 
     </span>
    </p>
   </div>
   <div class='ocr_carea' id='block_1_50' title="bbox 2314 2122 3834 2203">
    <p class='ocr_par' dir='ltr' id='par_1_50' title="bbox 2314 2122 3834 2203">
     <span class='ocr_line' id='line_1_50' title="bbox 2314 2122 3834 2203; baseline -0.009 -15"><span class='ocrx_word' id='word_1_288' title='bbox 2314 2133 2487 2203; x_wconf 80' lang='lat' dir='ltr'><strong>Super</strong></span> <span class='ocrx_word' id='word_1_289' title='bbox 2513 2132 2781 2203; x_wconf 84' lang='lat' dir='ltr'><strong>populum.</strong></span> <span class='ocrx_word' id='word_1_290' title='bbox 2812 2160 2884 2170; x_wconf 96' lang='lat'><strong>—</strong></span> <span class='ocrx_word' id='word_1_291' title='bbox 2905 2128 3068 2196; x_wconf 89' lang='lat' dir='ltr'><strong>Deus,</strong></span> <span class='ocrx_word' id='word_1_292' title='bbox 3115 2127 3206 2199; x_wconf 90' lang='lat' dir='ltr'><strong>qui</strong></span> <span class='ocrx_word' id='word_1_293' title='bbox 3257 2125 3453 2197; x_wconf 86' lang='lat' dir='ltr'><strong>ligandi</strong></span> <span class='ocrx_word' id='word_1_294' title='bbox 3480 2122 3834 2193; x_wconf 77' lang='lat' dir='ltr'><strong>soivendique</strong></span> 
     </span>
    </p>
   </div>
   <div class='ocr_carea' id='block_1_51' title="bbox 2240 2218 3835 2290">
    <p class='ocr_par' dir='ltr' id='par_1_51' title="bbox 2240 2218 3835 2290">
     <span class='ocr_line' id='line_1_51' title="bbox 2240 2218 3835 2290; baseline -0.008 -10"><span class='ocrx_word' id='word_1_295' title='bbox 2240 2224 2510 2280; x_wconf 82' lang='lat' dir='ltr'><strong>licentiam</strong></span> <span class='ocrx_word' id='word_1_296' title='bbox 2535 2225 2644 2277; x_wconf 89' lang='lat' dir='ltr'><strong>tuis</strong></span> <span class='ocrx_word' id='word_1_297' title='bbox 2671 2221 2934 2290; x_wconf 84' lang='lat' dir='ltr'><strong>apostolis</strong></span> <span class='ocrx_word' id='word_1_298' title='bbox 2959 2219 3252 2286; x_wconf 89' lang='lat' dir='ltr'><strong>contulisti,</strong></span> <span class='ocrx_word' id='word_1_299' title='bbox 3279 2218 3368 2285; x_wconf 85' lang='lat' dir='ltr'><strong>da,</strong></span> <span class='ocrx_word' id='word_1_300' title='bbox 3398 2229 3726 2288; x_wconf 85' lang='lat' dir='ltr'><strong>quaesumus,</strong></span> <span class='ocrx_word' id='word_1_301' title='bbox 3756 2222 3835 2278; x_wconf 90' lang='lat' dir='ltr'><strong>ut,</strong></span> 
     </span>
    </p>
   </div>
   <div class='ocr_carea' id='block_1_52' title="bbox 2243 2310 3842 2389">
    <p class='ocr_par' dir='ltr' id='par_1_52' title="bbox 2243 2310 3842 2389">
     <span class='ocr_line' id='line_1_52' title="bbox 2243 2310 3842 2389; baseline -0.008 -14"><span class='ocrx_word' id='word_1_302' title='bbox 2243 2334 2340 2389; x_wconf 90' lang='lat' dir='ltr'><strong>per</strong></span> <span class='ocrx_word' id='word_1_303' title='bbox 2361 2320 2505 2388; x_wconf 89' lang='lat' dir='ltr'><strong>ipsos</strong></span> <span class='ocrx_word' id='word_1_304' title='bbox 2535 2316 2751 2372; x_wconf 74' lang='lat' dir='ltr'><strong>teternis</strong></span> <span class='ocrx_word' id='word_1_305' title='bbox 2779 2315 2925 2370; x_wconf 86' lang='lat' dir='ltr'><strong>vitiis</strong></span> <span class='ocrx_word' id='word_1_306' title='bbox 2951 2314 3208 2384; x_wconf 83' lang='lat' dir='ltr'><strong>expediti,</strong></span> <span class='ocrx_word' id='word_1_307' title='bbox 3240 2310 3389 2368; x_wconf 88' lang='lat' dir='ltr'><strong>liberi</strong></span> <span class='ocrx_word' id='word_1_308' title='bbox 3416 2310 3684 2382; x_wconf 85' lang='lat' dir='ltr'><strong>possimus</strong></span> <span class='ocrx_word' id='word_1_309' title='bbox 3726 2323 3842 2363; x_wconf 72' lang='lat' dir='ltr'><strong>cm—</strong></span> 
     </span>
    </p>
   </div>
   <div class='ocr_carea' id='block_1_53' title="bbox 2245 2402 3843 2481">
    <p class='ocr_par' dir='ltr' id='par_1_53' title="bbox 2245 2402 3843 2481">
     <span class='ocr_line' id='line_1_53' title="bbox 2245 2402 3843 2481; baseline -0.006 -14"><span class='ocrx_word' id='word_1_310' title='bbox 2245 2411 2468 2468; x_wconf 82' lang='lat' dir='ltr'><strong>lestibus</strong></span> <span class='ocrx_word' id='word_1_311' title='bbox 2521 2410 2783 2466; x_wconf 90' lang='lat' dir='ltr'><strong>interesse</strong></span> <span class='ocrx_word' id='word_1_312' title='bbox 2826 2408 3118 2481; x_wconf 83' lang='lat' dir='ltr'><strong>mysteriis.</strong></span> <span class='ocrx_word' id='word_1_313' title='bbox 3185 2407 3290 2463; x_wconf 87' lang='lat' dir='ltr'><strong>Per</strong></span> <span class='ocrx_word' id='word_1_314' title='bbox 3346 2405 3591 2462; x_wconf 86' lang='lat' dir='ltr'><strong>eumdem</strong></span> <span class='ocrx_word' id='word_1_315' title='bbox 3654 2402 3843 2459; x_wconf 88' lang='lat' dir='ltr'><strong>Domi-</strong></span> 
     </span>
    </p>
   </div>
   <div class='ocr_carea' id='block_1_54' title="bbox 2242 2518 2392 2559">
    <p class='ocr_par' dir='ltr' id='par_1_54' title="bbox 2242 2518 2392 2559">
     <span class='ocr_line' id='line_1_54' title="bbox 2242 2518 2392 2559; baseline -0.027 0"><span class='ocrx_word' id='word_1_316' title='bbox 2242 2518 2392 2559; x_wconf 87' lang='lat' dir='ltr'><strong>num.</strong></span> 
     </span>
    </p>
   </div>
   <div class='ocr_carea' id='block_1_55' title="bbox 2315 2588 3846 2666">
    <p class='ocr_par' dir='ltr' id='par_1_55' title="bbox 2315 2588 3846 2666">
     <span class='ocr_line' id='line_1_55' title="bbox 2315 2588 3846 2666; baseline -0.007 -16"><span class='ocrx_word' id='word_1_317' title='bbox 2315 2597 2398 2650; x_wconf 84' lang='lat' dir='ltr'><strong>Ad</strong></span> <span class='ocrx_word' id='word_1_318' title='bbox 2433 2595 2709 2666; x_wconf 81' lang='lat' dir='ltr'><strong>Vesperos.</strong></span> <span class='ocrx_word' id='word_1_319' title='bbox 2733 2622 2805 2637; x_wconf 90' lang='lat'><strong>-—-</strong></span> <span class='ocrx_word' id='word_1_320' title='bbox 2832 2591 3156 2663; x_wconf 70' lang='lat' dir='ltr'><strong>Apostolieis</strong></span> <span class='ocrx_word' id='word_1_321' title='bbox 3180 2603 3300 2659; x_wconf 92' lang='lat' dir='ltr'><strong>nos,</strong></span> <span class='ocrx_word' id='word_1_322' title='bbox 3329 2588 3577 2658; x_wconf 79' lang='lat' dir='ltr'><strong>Domine,</strong></span> <span class='ocrx_word' id='word_1_323' title='bbox 3627 2600 3846 2657; x_wconf 65' lang='lat' dir='ltr'><strong>quassu-</strong></span> 
     </span>
    </p>
   </div>
   <div class='ocr_carea' id='block_1_56' title="bbox 2245 2679 3848 2755">
    <p class='ocr_par' dir='ltr' id='par_1_56' title="bbox 2245 2679 3848 2755">
     <span class='ocr_line' id='line_1_56' title="bbox 2245 2679 3848 2755; baseline -0.008 -9"><span class='ocrx_word' id='word_1_324' title='bbox 2245 2703 2388 2755; x_wconf 77' lang='lat' dir='ltr'><strong>mus,</strong></span> <span class='ocrx_word' id='word_1_325' title='bbox 2435 2689 2710 2745; x_wconf 89' lang='lat' dir='ltr'><strong>beatorum</strong></span> <span class='ocrx_word' id='word_1_326' title='bbox 2762 2687 2905 2743; x_wconf 88' lang='lat' dir='ltr'><strong>Petri</strong></span> <span class='ocrx_word' id='word_1_327' title='bbox 2930 2693 2984 2741; x_wconf 91' lang='lat' dir='ltr'><strong>et</strong></span> <span class='ocrx_word' id='word_1_328' title='bbox 3025 2683 3179 2739; x_wconf 87' lang='lat' dir='ltr'><strong>Pauli</strong></span> <span class='ocrx_word' id='word_1_329' title='bbox 3220 2682 3404 2738; x_wconf 88' lang='lat' dir='ltr'><strong>attolle</strong></span> <span class='ocrx_word' id='word_1_330' title='bbox 3447 2679 3734 2751; x_wconf 66' lang='lat' dir='ltr'><strong>praesidiis,</strong></span> <span class='ocrx_word' id='word_1_331' title='bbox 3788 2687 3848 2733; x_wconf 87' lang='lat' dir='ltr'><strong>ut</strong></span> 
     </span>
    </p>
   </div>
   <div class='ocr_carea' id='block_1_57' title="bbox 2250 2770 3848 2852">
    <p class='ocr_par' dir='ltr' id='par_1_57' title="bbox 2250 2770 3848 2852">
     <span class='ocr_line' id='line_1_57' title="bbox 2250 2770 3848 2852; baseline -0.006 -16"><span class='ocrx_word' id='word_1_332' title='bbox 2250 2789 2452 2852; x_wconf 89' lang='lat' dir='ltr'><strong>quanto</strong></span> <span class='ocrx_word' id='word_1_333' title='bbox 2481 2779 2783 2852; x_wconf 87' lang='lat' dir='ltr'><strong>fragiliores</strong></span> <span class='ocrx_word' id='word_1_334' title='bbox 2822 2792 3030 2846; x_wconf 89' lang='lat' dir='ltr'><strong>sumus,</strong></span> <span class='ocrx_word' id='word_1_335' title='bbox 3076 2784 3224 2831; x_wconf 90' lang='lat' dir='ltr'><strong>tanto</strong></span> <span class='ocrx_word' id='word_1_336' title='bbox 3249 2772 3595 2830; x_wconf 88' lang='lat' dir='ltr'><strong>validioribus</strong></span> <span class='ocrx_word' id='word_1_337' title='bbox 3623 2770 3848 2826; x_wconf 80' lang='lat' dir='ltr'><strong>auxiliis</strong></span> 
     </span>
    </p>
   </div>
   <div class='ocr_carea' id='block_1_58' title="bbox 2249 2875 2709 2932">
    <p class='ocr_par' dir='ltr' id='par_1_58' title="bbox 2249 2875 2709 2932">
     <span class='ocr_line' id='line_1_58' title="bbox 2249 2875 2709 2932; baseline -0.011 0"><span class='ocrx_word' id='word_1_338' title='bbox 2249 2876 2551 2932; x_wconf 86' lang='lat' dir='ltr'><strong>foveamur.</strong></span> <span class='ocrx_word' id='word_1_339' title='bbox 2583 2875 2709 2930; x_wconf 90' lang='lat' dir='ltr'><strong>Per.</strong></span> 
     </span>
    </p>
   </div>
   <div class='ocr_carea' id='block_1_59' title="bbox 2322 2955 3844 3033">
    <p class='ocr_par' dir='ltr' id='par_1_59' title="bbox 2322 2955 3844 3033">
     <span class='ocr_line' id='line_1_59' title="bbox 2322 2955 3844 3033; baseline -0.008 -9"><span class='ocrx_word' id='word_1_340' title='bbox 2322 2971 2402 3028; x_wconf 82' lang='lat' dir='ltr'><strong>Ad</strong></span> <span class='ocrx_word' id='word_1_341' title='bbox 2428 2981 2451 3010; x_wconf 74' lang='grc' dir='ltr'><strong>ε</strong></span> <span class='ocrx_word' id='word_1_342' title='bbox 2474 2969 2862 3025; x_wconf 80' lang='lat' dir='ltr'><strong>Matutinos.—-</strong></span> <span class='ocrx_word' id='word_1_343' title='bbox 2881 2965 3044 3030; x_wconf 83' lang='lat' dir='ltr'><strong>Deus,</strong></span> <span class='ocrx_word' id='word_1_344' title='bbox 3073 2962 3165 3033; x_wconf 90' lang='lat' dir='ltr'><strong>qui</strong></span> <span class='ocrx_word' id='word_1_345' title='bbox 3192 2961 3488 3017; x_wconf 75' lang='lat' dir='ltr'><strong>Ecclesium</strong></span> <span class='ocrx_word' id='word_1_346' title='bbox 3510 2963 3655 3013; x_wconf 90' lang='lat' dir='ltr'><strong>tuam</strong></span> <span class='ocrx_word' id='word_1_347' title='bbox 3684 2955 3844 3029; x_wconf 63' lang='lat'><strong>(4‘26)</strong></span> 
     </span>
    </p>
   </div>
   <div class='ocr_carea' id='block_1_60' title="bbox 2162 3050 3847 3140">
    <p class='ocr_par' dir='ltr' id='par_1_60' title="bbox 2162 3050 3847 3140">
     <span class='ocr_line' id='line_1_60' title="bbox 2162 3050 3847 3140; baseline -0.008 -21"><span class='ocrx_word' id='word_1_348' title='bbox 2162 3118 2165 3119; x_wconf 30' lang='grc' dir='ltr'><em>ν</em></span> <span class='ocrx_word' id='word_1_349' title='bbox 2251 3066 2482 3140; x_wconf 89' lang='lat' dir='ltr'><strong>apostoli</strong></span> <span class='ocrx_word' id='word_1_350' title='bbox 2505 3063 2586 3120; x_wconf 83' lang='lat' dir='ltr'><strong>tui</strong></span> <span class='ocrx_word' id='word_1_351' title='bbox 2613 3059 2759 3118; x_wconf 89' lang='lat' dir='ltr'><strong>Petri</strong></span> <span class='ocrx_word' id='word_1_352' title='bbox 2786 3061 2890 3115; x_wconf 82' lang='lat' dir='ltr'><strong>fide</strong></span> <span class='ocrx_word' id='word_1_353' title='bbox 2919 3067 2974 3114; x_wconf 89' lang='lat' dir='ltr'><strong>et</strong></span> <span class='ocrx_word' id='word_1_354' title='bbox 2997 3057 3212 3112; x_wconf 90' lang='lat' dir='ltr'><strong>nomine</strong></span> <span class='ocrx_word' id='word_1_355' title='bbox 3239 3051 3588 3116; x_wconf 88' lang='lat' dir='ltr'><strong>consecrasti,</strong></span> <span class='ocrx_word' id='word_1_356' title='bbox 3642 3050 3847 3121; x_wconf 88' lang='lat' dir='ltr'><strong>quique</strong></span> 
     </span>
    </p>
   </div>
   <div class='ocr_carea' id='block_1_61' title="bbox 2256 3149 3851 3223">
    <p class='ocr_par' dir='ltr' id='par_1_61' title="bbox 2256 3149 3851 3223">
     <span class='ocr_line' id='line_1_61' title="bbox 2256 3149 3851 3223; baseline -0.011 -5"><span class='ocrx_word' id='word_1_357' title='bbox 2256 3163 2474 3219; x_wconf 87' lang='lat' dir='ltr'><strong>beatum</strong></span> <span class='ocrx_word' id='word_1_358' title='bbox 2497 3160 2576 3215; x_wconf 90' lang='lat' dir='ltr'><strong>illi</strong></span> <span class='ocrx_word' id='word_1_359' title='bbox 2604 3157 2824 3212; x_wconf 89' lang='lat' dir='ltr'><strong>Paulum</strong></span> <span class='ocrx_word' id='word_1_360' title='bbox 2844 3154 2910 3208; x_wconf 88' lang='lat' dir='ltr'><strong>ad</strong></span> <span class='ocrx_word' id='word_1_361' title='bbox 2927 3151 3320 3223; x_wconf 53' lang='lat' dir='ltr'><strong>praedicandum</strong></span> <span class='ocrx_word' id='word_1_362' title='bbox 3351 3149 3597 3220; x_wconf 80' lang='lat' dir='ltr'><strong>gentibus</strong></span> <span class='ocrx_word' id='word_1_363' title='bbox 3619 3149 3851 3220; x_wconf 75' lang='lat' dir='ltr'><strong>gloriam</strong></span> 
     </span>
    </p>
   </div>
   <div class='ocr_carea' id='block_1_62' title="bbox 2255 3239 3851 3320">
    <p class='ocr_par' dir='ltr' id='par_1_62' title="bbox 2255 3239 3851 3320">
     <span class='ocr_line' id='line_1_62' title="bbox 2255 3239 3851 3320; baseline -0.013 -8"><span class='ocrx_word' id='word_1_364' title='bbox 2255 3263 2402 3312; x_wconf 85' lang='lat' dir='ltr'><strong>tuam</strong></span> <span class='ocrx_word' id='word_1_365' title='bbox 2442 3251 2651 3309; x_wconf 87' lang='lat' dir='ltr'><strong>sociare</strong></span> <span class='ocrx_word' id='word_1_366' title='bbox 2674 3250 2924 3320; x_wconf 82' lang='lat' dir='ltr'><strong>dignatus</strong></span> <span class='ocrx_word' id='word_1_367' title='bbox 2952 3259 3034 3312; x_wconf 90' lang='lat' dir='ltr'><strong>es,</strong></span> <span class='ocrx_word' id='word_1_368' title='bbox 3066 3244 3302 3299; x_wconf 85' lang='lat' dir='ltr'><strong>concede</strong></span> <span class='ocrx_word' id='word_1_369' title='bbox 3329 3252 3386 3297; x_wconf 90' lang='lat' dir='ltr'><strong>ut</strong></span> <span class='ocrx_word' id='word_1_370' title='bbox 3415 3254 3602 3296; x_wconf 90' lang='lat' dir='ltr'><strong>omnes</strong></span> <span class='ocrx_word' id='word_1_371' title='bbox 3635 3240 3726 3309; x_wconf 90' lang='lat' dir='ltr'><strong>qui</strong></span> <span class='ocrx_word' id='word_1_372' title='bbox 3781 3239 3851 3294; x_wconf 89' lang='lat' dir='ltr'><strong>ad</strong></span> 
     </span>
    </p>
   </div>
   <div class='ocr_carea' id='block_1_63' title="bbox 645 3315 3854 3416">
    <p class='ocr_par' dir='ltr' id='par_1_63' title="bbox 645 3315 3854 3416">
     <span class='ocr_line' id='line_1_63' title="bbox 645 3315 3854 3416; baseline -0.01 1"><span class='ocrx_word' id='word_1_373' title='bbox 645 3323 806 3393; x_wconf 59' lang='lat' dir='ltr'><strong>Deus’</strong></span> <span class='ocrx_word' id='word_1_374' title='bbox 841 3338 942 3416; x_wconf 61' lang='grc' dir='ltr'><strong>(ιω,</strong></span> <span class='ocrx_word' id='word_1_375' title='bbox 973 3321 1190 3378; x_wconf 65' lang='grc' dir='ltr'><strong>¹³θ³¹¹³ω</strong></span> <span class='ocrx_word' id='word_1_376' title='bbox 1242 3319 1480 3416; x_wconf 57' lang='lat' dir='ltr'><strong>“9mm</strong></span> <span class='ocrx_word' id='word_1_377' title='bbox 1507 3315 2153 3416; x_wconf 40' lang='lat' dir='ltr'><strong>poP‘iﬁcemfammmm.</strong></span> <span class='ocrx_word' id='word_1_378' title='bbox 2182 3333 2232 3400; x_wconf 86' lang='lat' dir='ltr'><strong><em>C</em></strong></span> <span class='ocrx_word' id='word_1_379' title='bbox 2262 3344 2627 3416; x_wconf 83' lang='lat' dir='ltr'><strong>apostolorum</strong></span> <span class='ocrx_word' id='word_1_380' title='bbox 2681 3315 2894 3394; x_wconf 71' lang='lat' dir='ltr'><strong>tuorum</strong></span> <span class='ocrx_word' id='word_1_381' title='bbox 2935 3335 3194 3392; x_wconf 88' lang='lat' dir='ltr'><strong>solemnia</strong></span> <span class='ocrx_word' id='word_1_382' title='bbox 3225 3339 3594 3390; x_wconf 87' lang='lat' dir='ltr'><strong>convenerunt</strong></span> <span class='ocrx_word' id='word_1_383' title='bbox 3622 3329 3854 3401; x_wconf 87' lang='lat' dir='ltr'><strong>spiritali</strong></span> 
     </span>
    </p>
   </div>
   <div class='ocr_carea' id='block_1_64' title="bbox 568 3407 2156 3483">
    <p class='ocr_par' dir='ltr' id='par_1_64' title="bbox 568 3407 2156 3483">
     <span class='ocr_line' id='line_1_64' title="bbox 568 3407 2156 3483; baseline -0.006 -11"><span class='ocrx_word' id='word_1_384' title='bbox 568 3425 780 3472; x_wconf 87' lang='lat' dir='ltr'><strong>tuorum</strong></span> <span class='ocrx_word' id='word_1_385' title='bbox 813 3414 1019 3471; x_wconf 88' lang='lat' dir='ltr'><strong>meritis</strong></span> <span class='ocrx_word' id='word_1_386' title='bbox 1041 3412 1352 3483; x_wconf 81' lang='lat' dir='ltr'><strong>eoaequasti,</strong></span> <span class='ocrx_word' id='word_1_387' title='bbox 1396 3410 1632 3466; x_wconf 85' lang='lat' dir='ltr'><strong>concede</strong></span> <span class='ocrx_word' id='word_1_388' title='bbox 1676 3409 1936 3478; x_wconf 88' lang='lat' dir='ltr'><strong>propitius</strong></span> <span class='ocrx_word' id='word_1_389' title='bbox 1967 3416 2024 3464; x_wconf 88' lang='lat' dir='ltr'><strong>ut</strong></span> <span class='ocrx_word' id='word_1_390' title='bbox 2064 3407 2156 3478; x_wconf 85' lang='lat' dir='ltr'><strong>qui</strong></span> 
     </span>
    </p>
   </div>
   <div class='ocr_carea' id='block_1_65' title="bbox 573 3499 2156 3571">
    <p class='ocr_par' dir='ltr' id='par_1_65' title="bbox 573 3499 2156 3571">
     <span class='ocr_line' id='line_1_65' title="bbox 573 3499 2156 3571; baseline -0.004 -10"><span class='ocrx_word' id='word_1_391' title='bbox 573 3504 1101 3562; x_wconf 87' lang='lat' dir='ltr'><strong>commemorationis</strong></span> <span class='ocrx_word' id='word_1_392' title='bbox 1127 3503 1242 3570; x_wconf 87' lang='lat' dir='ltr'><strong>ejus</strong></span> <span class='ocrx_word' id='word_1_393' title='bbox 1267 3501 1400 3558; x_wconf 89' lang='lat' dir='ltr'><strong>festa</strong></span> <span class='ocrx_word' id='word_1_394' title='bbox 1423 3499 1767 3571; x_wconf 80' lang='lat' dir='ltr'><strong>percoiimus,</strong></span> <span class='ocrx_word' id='word_1_395' title='bbox 1793 3500 1916 3556; x_wconf 71' lang='lat' dir='ltr'><strong>vitae</strong></span> <span class='ocrx_word' id='word_1_396' title='bbox 1940 3511 2156 3568; x_wconf 87' lang='lat' dir='ltr'><strong>quoque</strong></span> 
     </span>
    </p>
   </div>
   <div class='ocr_carea' id='block_1_66' title="bbox 577 3594 1604 3666">
    <p class='ocr_par' dir='ltr' id='par_1_66' title="bbox 577 3594 1604 3666">
     <span class='ocr_line' id='line_1_66' title="bbox 577 3594 1604 3666; baseline -0.006 -12"><span class='ocrx_word' id='word_1_397' title='bbox 577 3598 852 3654; x_wconf 85' lang='lat' dir='ltr'><strong>imitemur</strong></span> <span class='ocrx_word' id='word_1_398' title='bbox 875 3597 1139 3666; x_wconf 82' lang='lat' dir='ltr'><strong>exempla.</strong></span> <span class='ocrx_word' id='word_1_399' title='bbox 1171 3595 1273 3651; x_wconf 88' lang='lat' dir='ltr'><strong>Per</strong></span> <span class='ocrx_word' id='word_1_400' title='bbox 1302 3594 1604 3650; x_wconf 85' lang='lat' dir='ltr'><strong>Dominum.</strong></span> 
     </span>
    </p>
   </div>
   <div class='ocr_carea' id='block_1_67' title="bbox 646 3683 2158 3762">
    <p class='ocr_par' dir='ltr' id='par_1_67' title="bbox 646 3683 2158 3762">
     <span class='ocr_line' id='line_1_67' title="bbox 646 3683 2158 3762; baseline -0.004 -16"><span class='ocrx_word' id='word_1_401' title='bbox 646 3691 814 3762; x_wconf 79' lang='lat' dir='ltr'><strong>Super</strong></span> <span class='ocrx_word' id='word_1_402' title='bbox 857 3689 1050 3744; x_wconf 84' lang='lat' dir='ltr'><strong>oblata.</strong></span> <span class='ocrx_word' id='word_1_403' title='bbox 1091 3717 1163 3730; x_wconf 90' lang='lat'><strong>—-</strong></span> <span class='ocrx_word' id='word_1_404' title='bbox 1198 3687 1388 3744; x_wconf 86' lang='lat' dir='ltr'><strong>Annue</strong></span> <span class='ocrx_word' id='word_1_405' title='bbox 1417 3685 1594 3753; x_wconf 89' lang='lat' dir='ltr'><strong>nobis,</strong></span> <span class='ocrx_word' id='word_1_406' title='bbox 1624 3685 1873 3751; x_wconf 88' lang='lat' dir='ltr'><strong>Domine,</strong></span> <span class='ocrx_word' id='word_1_407' title='bbox 1918 3693 1976 3740; x_wconf 86' lang='lat' dir='ltr'><strong>ut</strong></span> <span class='ocrx_word' id='word_1_408' title='bbox 2004 3683 2158 3756; x_wconf 71' lang='grc'>(422)</span> 
     </span>
    </p>
   </div>
   <div class='ocr_carea' id='block_1_68' title="bbox 576 3777 2158 3848">
    <p class='ocr_par' dir='ltr' id='par_1_68' title="bbox 576 3777 2158 3848">
     <span class='ocr_line' id='line_1_68' title="bbox 576 3777 2158 3848; baseline -0.003 -11"><span class='ocrx_word' id='word_1_409' title='bbox 576 3781 770 3838; x_wconf 81' lang='lat' dir='ltr'><strong>animae</strong></span> <span class='ocrx_word' id='word_1_410' title='bbox 791 3781 977 3837; x_wconf 87' lang='lat' dir='ltr'><strong>famuli</strong></span> <span class='ocrx_word' id='word_1_411' title='bbox 1006 3789 1033 3819; x_wconf 74' lang='grc' dir='ltr'><strong>ιι</strong></span> <span class='ocrx_word' id='word_1_412' title='bbox 1065 3781 1145 3837; x_wconf 86' lang='lat' dir='ltr'><strong>tui</strong></span> <span class='ocrx_word' id='word_1_413' title='bbox 1173 3779 1368 3836; x_wconf 78' lang='lat' dir='ltr'><strong>Leonis</strong></span> <span class='ocrx_word' id='word_1_414' title='bbox 1395 3780 1510 3836; x_wconf 81' lang='lat' dir='ltr'><strong>haec</strong></span> <span class='ocrx_word' id='word_1_415' title='bbox 1539 3778 1705 3848; x_wconf 84' lang='lat' dir='ltr'><strong>prosit</strong></span> <span class='ocrx_word' id='word_1_416' title='bbox 1747 3777 1972 3844; x_wconf 89' lang='lat' dir='ltr'><strong>oblatio,</strong></span> <span class='ocrx_word' id='word_1_417' title='bbox 1999 3792 2158 3847; x_wconf 88' lang='lat' dir='ltr'><strong>quam</strong></span> 
     </span>
    </p>
   </div>
   <div class='ocr_carea' id='block_1_69' title="bbox 577 3869 2159 3932">
    <p class='ocr_par' dir='ltr' id='par_1_69' title="bbox 577 3869 2159 3932">
     <span class='ocr_line' id='line_1_69' title="bbox 577 3869 2159 3932; baseline -0.006 0"><span class='ocrx_word' id='word_1_418' title='bbox 577 3875 906 3932; x_wconf 89' lang='lat' dir='ltr'><strong>immolando</strong></span> <span class='ocrx_word' id='word_1_419' title='bbox 947 3875 1110 3930; x_wconf 92' lang='lat' dir='ltr'><strong>totius</strong></span> <span class='ocrx_word' id='word_1_420' title='bbox 1151 3872 1334 3929; x_wconf 93' lang='lat' dir='ltr'><strong>mundi</strong></span> <span class='ocrx_word' id='word_1_421' title='bbox 1376 3869 1602 3927; x_wconf 81' lang='lat' dir='ltr'><strong>tribuisti</strong></span> <span class='ocrx_word' id='word_1_422' title='bbox 1659 3869 1893 3926; x_wconf 82' lang='lat' dir='ltr'><strong>relaxari</strong></span> <span class='ocrx_word' id='word_1_423' title='bbox 1946 3869 2159 3924; x_wconf 85' lang='lat' dir='ltr'><strong>delicta.</strong></span> 
     </span>
    </p>
   </div>
   <div class='ocr_carea' id='block_1_70' title="bbox 574 3970 1287 4038">
    <p class='ocr_par' dir='ltr' id='par_1_70' title="bbox 574 3970 1287 4038">
     <span class='ocr_line' id='line_1_70' title="bbox 574 3970 1287 4038; baseline -0.006 -10"><span class='ocrx_word' id='word_1_424' title='bbox 574 3970 678 4038; x_wconf 74' lang='lat' dir='ltr'><strong>Per</strong></span> <span class='ocrx_word' id='word_1_425' title='bbox 705 3971 989 4028; x_wconf 85' lang='lat' dir='ltr'><strong>Dominum</strong></span> <span class='ocrx_word' id='word_1_426' title='bbox 1021 3978 1287 4025; x_wconf 84' lang='lat' dir='ltr'><strong>nostrum.</strong></span> 
     </span>
    </p>
   </div>
   <div class='ocr_carea' id='block_1_71' title="bbox 648 4051 2164 4134">
    <p class='ocr_par' dir='ltr' id='par_1_71' title="bbox 648 4051 2164 4134">
     <span class='ocr_line' id='line_1_71' title="bbox 648 4051 2164 4134; baseline -0.005 -18"><span class='ocrx_word' id='word_1_427' title='bbox 648 4063 729 4120; x_wconf 82' lang='lat' dir='ltr'><strong>Ad</strong></span> <span class='ocrx_word' id='word_1_428' title='bbox 757 4062 1148 4134; x_wconf 84' lang='lat' dir='ltr'><strong>Complendum.</strong></span> <span class='ocrx_word' id='word_1_429' title='bbox 1180 4090 1250 4103; x_wconf 91' lang='lat'><strong>-—-</strong></span> <span class='ocrx_word' id='word_1_430' title='bbox 1278 4059 1438 4123; x_wconf 85' lang='lat' dir='ltr'><strong>Deus,</strong></span> <span class='ocrx_word' id='word_1_431' title='bbox 1483 4056 1576 4125; x_wconf 88' lang='lat' dir='ltr'><strong>qui</strong></span> <span class='ocrx_word' id='word_1_432' title='bbox 1611 4058 1806 4110; x_wconf 74' lang='lat' dir='ltr'><strong>anima:</strong></span> <span class='ocrx_word' id='word_1_433' title='bbox 1854 4051 2040 4108; x_wconf 86' lang='lat' dir='ltr'><strong>famuli</strong></span> <span class='ocrx_word' id='word_1_434' title='bbox 2089 4053 2164 4109; x_wconf 82' lang='lat' dir='ltr'><strong>tui</strong></span> 
     </span>
    </p>
   </div>
   <div class='ocr_carea' id='block_1_72' title="bbox 576 4147 2166 4220">
    <p class='ocr_par' dir='ltr' id='par_1_72' title="bbox 576 4147 2166 4220">
     <span class='ocr_line' id='line_1_72' title="bbox 576 4147 2166 4220; baseline -0.005 -8"><span class='ocrx_word' id='word_1_435' title='bbox 576 4154 775 4212; x_wconf 83' lang='lat' dir='ltr'><strong>Leonis</strong></span> <span class='ocrx_word' id='word_1_436' title='bbox 792 4165 1005 4210; x_wconf 63' lang='lat' dir='ltr'><strong>ateruae</strong></span> <span class='ocrx_word' id='word_1_437' title='bbox 1028 4153 1371 4210; x_wconf 85' lang='lat' dir='ltr'><strong>beatitudinis</strong></span> <span class='ocrx_word' id='word_1_438' title='bbox 1388 4148 1603 4220; x_wconf 66' lang='lat' dir='ltr'><strong>praemia</strong></span> <span class='ocrx_word' id='word_1_439' title='bbox 1620 4147 1911 4214; x_wconf 83' lang='lat' dir='ltr'><strong>contulisti,</strong></span> <span class='ocrx_word' id='word_1_440' title='bbox 1931 4149 2166 4205; x_wconf 83' lang='lat' dir='ltr'><strong>concede</strong></span> 
     </span>
    </p>
   </div>
   <div class='ocr_carea' id='block_1_73' title="bbox 579 4243 2167 4320">
    <p class='ocr_par' dir='ltr' id='par_1_73' title="bbox 579 4243 2167 4320">
     <span class='ocr_line' id='line_1_73' title="bbox 579 4243 2167 4320; baseline -0.003 -17"><span class='ocrx_word' id='word_1_441' title='bbox 579 4249 842 4320; x_wconf 89' lang='lat' dir='ltr'><strong>propitius</strong></span> <span class='ocrx_word' id='word_1_442' title='bbox 893 4255 995 4311; x_wconf 91' lang='lat' dir='ltr'><strong>ut,</strong></span> <span class='ocrx_word' id='word_1_443' title='bbox 1049 4248 1136 4315; x_wconf 90' lang='lat' dir='ltr'><strong>qui</strong></span> <span class='ocrx_word' id='word_1_444' title='bbox 1178 4255 1518 4314; x_wconf 81' lang='lat' dir='ltr'><strong>peccatorum</strong></span> <span class='ocrx_word' id='word_1_445' title='bbox 1566 4248 1872 4297; x_wconf 83' lang='lat' dir='ltr'><strong>nostrorum</strong></span> <span class='ocrx_word' id='word_1_446' title='bbox 1927 4243 2167 4309; x_wconf 80' lang='lat' dir='ltr'><strong>pondere</strong></span> 
     </span>
    </p>
   </div>
   <div class='ocr_carea' id='block_1_74' title="bbox 579 4331 2089 4410">
    <p class='ocr_par' dir='ltr' id='par_1_74' title="bbox 579 4331 2089 4410">
     <span class='ocr_line' id='line_1_74' title="bbox 579 4331 2089 4410; baseline -0.005 -16"><span class='ocrx_word' id='word_1_447' title='bbox 579 4337 895 4410; x_wconf 84' lang='lat' dir='ltr'><strong>premimur,</strong></span> <span class='ocrx_word' id='word_1_448' title='bbox 926 4335 1043 4404; x_wconf 89' lang='lat' dir='ltr'><strong>ejus</strong></span> <span class='ocrx_word' id='word_1_449' title='bbox 1069 4335 1206 4403; x_wconf 88' lang='lat' dir='ltr'><strong>apud</strong></span> <span class='ocrx_word' id='word_1_450' title='bbox 1231 4344 1284 4388; x_wconf 89' lang='lat' dir='ltr'><strong>te</strong></span> <span class='ocrx_word' id='word_1_451' title='bbox 1308 4333 1555 4403; x_wconf 86' lang='lat' dir='ltr'><strong>precibus</strong></span> <span class='ocrx_word' id='word_1_452' title='bbox 1582 4331 1943 4387; x_wconf 80' lang='lat' dir='ltr'><strong>sublevemur.</strong></span> <span class='ocrx_word' id='word_1_453' title='bbox 1968 4332 2089 4387; x_wconf 85' lang='lat' dir='ltr'><strong>Per.</strong></span> 
     </span>
    </p>
   </div>
   <div class='ocr_carea' id='block_1_75' title="bbox 577 4424 2163 4496">
    <p class='ocr_par' dir='ltr' id='par_1_75' title="bbox 577 4424 2163 4496">
     <span class='ocr_line' id='line_1_75' title="bbox 577 4424 2163 4496; baseline -0.004 -11"><span class='ocrx_word' id='word_1_454' title='bbox 577 4443 757 4486; x_wconf 74' lang='lat' dir='ltr'><strong>EODEM</strong></span> <span class='ocrx_word' id='word_1_455' title='bbox 797 4444 906 4483; x_wconf 69' lang='grc' dir='ltr'><strong>ωε.</strong></span> <span class='ocrx_word' id='word_1_456' title='bbox 945 4456 1009 4468; x_wconf 90' lang='lat'><strong>--</strong></span> <span class='ocrx_word' id='word_1_457' title='bbox 1041 4424 1192 4496; x_wconf 62' lang='grc' dir='ltr'><strong>(ωδ)</strong></span> <span class='ocrx_word' id='word_1_458' title='bbox 1233 4439 1427 4480; x_wconf 65' lang='grc' dir='ltr'>νιςιιιλ</span> <span class='ocrx_word' id='word_1_459' title='bbox 1463 4436 1650 4478; x_wconf 62' lang='grc' dir='ltr'><strong>εληοτι</strong></span> <span class='ocrx_word' id='word_1_460' title='bbox 1689 4439 1844 4479; x_wconf 77' lang='lat' dir='ltr'><strong>parat</strong></span> <span class='ocrx_word' id='word_1_461' title='bbox 1882 4441 1952 4479; x_wconf 75' lang='lat' dir='ltr'><strong>ur</strong></span> <span class='ocrx_word' id='word_1_462' title='bbox 1990 4439 2163 4480; x_wconf 68' lang='lat' dir='ltr'><strong>unum.</strong></span> 
     </span>
    </p>
   </div>
   <div class='ocr_carea' id='block_1_76' title="bbox 655 4517 2166 4594">
    <p class='ocr_par' dir='ltr' id='par_1_76' title="bbox 655 4517 2166 4594">
     <span class='ocr_line' id='line_1_76' title="bbox 655 4517 2166 4594; baseline 0 -20"><span class='ocrx_word' id='word_1_463' title='bbox 655 4521 808 4594; x_wconf 64' lang='grc'>(494)</span> <span class='ocrx_word' id='word_1_464' title='bbox 851 4521 1070 4588; x_wconf 82' lang='lat' dir='ltr'><strong>Quando</strong></span> <span class='ocrx_word' id='word_1_465' title='bbox 1092 4519 1407 4590; x_wconf 70' lang='lat' dir='ltr'><strong>apostolicus</strong></span> <span class='ocrx_word' id='word_1_466' title='bbox 1445 4519 1570 4572; x_wconf 77' lang='lat' dir='ltr'><strong>duas</strong></span> <span class='ocrx_word' id='word_1_467' title='bbox 1605 4517 1792 4572; x_wconf 83' lang='lat' dir='ltr'><strong>Missas</strong></span> <span class='ocrx_word' id='word_1_468' title='bbox 1820 4519 2036 4574; x_wconf 77' lang='lat' dir='ltr'><strong>celebrat</strong></span> <span class='ocrx_word' id='word_1_469' title='bbox 2065 4536 2166 4574; x_wconf 83' lang='lat' dir='ltr'><strong>una</strong></span> 
     </span>
    </p>
   </div>
   <div class='ocr_carea' id='block_1_77' title="bbox 583 4610 2165 4684">
    <p class='ocr_par' dir='ltr' id='par_1_77' title="bbox 583 4610 2165 4684">
     <span class='ocr_line' id='line_1_77' title="bbox 583 4610 2165 4684; baseline -0.001 -16"><span class='ocrx_word' id='word_1_470' title='bbox 583 4615 689 4684; x_wconf 84' lang='lat' dir='ltr'><strong>die,</strong></span> <span class='ocrx_word' id='word_1_471' title='bbox 725 4616 856 4669; x_wconf 85' lang='lat' dir='ltr'><strong>inter</strong></span> <span class='ocrx_word' id='word_1_472' title='bbox 900 4627 988 4667; x_wconf 82' lang='lat' dir='ltr'><strong>eas</strong></span> <span class='ocrx_word' id='word_1_473' title='bbox 1030 4611 1181 4684; x_wconf 72' lang='grc'>(425)</span> <span class='ocrx_word' id='word_1_474' title='bbox 1215 4627 1320 4666; x_wconf 81' lang='lat' dir='ltr'><strong>non</strong></span> <span class='ocrx_word' id='word_1_475' title='bbox 1349 4611 1485 4664; x_wconf 85' lang='lat' dir='ltr'><strong>lauat</strong></span> <span class='ocrx_word' id='word_1_476' title='bbox 1507 4625 1583 4676; x_wconf 86' lang='lat' dir='ltr'><strong>os,</strong></span> <span class='ocrx_word' id='word_1_477' title='bbox 1615 4610 1714 4664; x_wconf 86' lang='lat' dir='ltr'><strong>nisi</strong></span> <span class='ocrx_word' id='word_1_478' title='bbox 1741 4621 1855 4681; x_wconf 82' lang='lat' dir='ltr'><strong>post</strong></span> <span class='ocrx_word' id='word_1_479' title='bbox 1884 4612 2114 4681; x_wconf 78' lang='lat' dir='ltr'><strong>ofﬁcium</strong></span> <span class='ocrx_word' id='word_1_480' title='bbox 2144 4630 2165 4680; x_wconf 89' lang='lat'><strong><em>;</em></strong></span> 
     </span>
    </p>
   </div>
   <div class='ocr_carea' id='block_1_78' title="bbox 581 4702 2089 4774">
    <p class='ocr_par' dir='ltr' id='par_1_78' title="bbox 581 4702 2089 4774">
     <span class='ocr_line' id='line_1_78' title="bbox 581 4702 2089 4774; baseline -0.001 -13"><span class='ocrx_word' id='word_1_481' title='bbox 581 4707 672 4762; x_wconf 82' lang='lat' dir='ltr'><strong>sed</strong></span> <span class='ocrx_word' id='word_1_482' title='bbox 701 4706 886 4774; x_wconf 77' lang='lat' dir='ltr'><strong>absque</strong></span> <span class='ocrx_word' id='word_1_483' title='bbox 912 4703 1204 4770; x_wconf 74' lang='lat' dir='ltr'><strong>interuallo,</strong></span> <span class='ocrx_word' id='word_1_484' title='bbox 1239 4703 1390 4772; x_wconf 74' lang='lat' dir='ltr'><strong>finita</strong></span> <span class='ocrx_word' id='word_1_485' title='bbox 1411 4702 1600 4774; x_wconf 78' lang='lat' dir='ltr'><strong>priore,</strong></span> <span class='ocrx_word' id='word_1_486' title='bbox 1632 4703 1879 4773; x_wconf 84' lang='lat' dir='ltr'><strong>incipitur</strong></span> <span class='ocrx_word' id='word_1_487' title='bbox 1905 4704 2089 4760; x_wconf 86' lang='lat' dir='ltr'><strong>altera.</strong></span> 
     </span>
    </p>
   </div>
   <div class='ocr_carea' id='block_1_79' title="bbox 655 4795 2171 4866">
    <p class='ocr_par' dir='ltr' id='par_1_79' title="bbox 655 4795 2171 4866">
     <span class='ocr_line' id='line_1_79' title="bbox 655 4795 2171 4866; baseline -0.002 -13"><span class='ocrx_word' id='word_1_488' title='bbox 655 4796 684 4838; x_wconf 74' lang='grc' dir='ltr'>ι)</span> <span class='ocrx_word' id='word_1_489' title='bbox 713 4797 874 4864; x_wconf 89' lang='lat' dir='ltr'><strong>Deus,</strong></span> <span class='ocrx_word' id='word_1_490' title='bbox 916 4796 1006 4866; x_wconf 90' lang='lat' dir='ltr'><strong>qui</strong></span> <span class='ocrx_word' id='word_1_491' title='bbox 1037 4795 1192 4850; x_wconf 92' lang='lat' dir='ltr'><strong>nobis</strong></span> <span class='ocrx_word' id='word_1_492' title='bbox 1221 4795 1583 4864; x_wconf 83' lang='lat' dir='ltr'><strong>apostolorum</strong></span> <span class='ocrx_word' id='word_1_493' title='bbox 1628 4795 1906 4851; x_wconf 87' lang='lat' dir='ltr'><strong>beatorum</strong></span> <span class='ocrx_word' id='word_1_494' title='bbox 1945 4795 2087 4851; x_wconf 83' lang='lat' dir='ltr'><strong>Petri</strong></span> <span class='ocrx_word' id='word_1_495' title='bbox 2115 4805 2171 4852; x_wconf 90' lang='lat' dir='ltr'><strong>et</strong></span> 
     </span>
    </p>
   </div>
   <div class='ocr_carea' id='block_1_80' title="bbox 589 4888 2172 4959">
    <p class='ocr_par' dir='ltr' id='par_1_80' title="bbox 589 4888 2172 4959">
     <span class='ocr_line' id='line_1_80' title="bbox 589 4888 2172 4959; baseline -0.001 -13"><span class='ocrx_word' id='word_1_496' title='bbox 589 4891 737 4947; x_wconf 83' lang='lat' dir='ltr'><strong>Pauli</strong></span> <span class='ocrx_word' id='word_1_497' title='bbox 756 4889 996 4945; x_wconf 85' lang='lat' dir='ltr'><strong>natalitia</strong></span> <span class='ocrx_word' id='word_1_498' title='bbox 1025 4889 1258 4959; x_wconf 85' lang='lat' dir='ltr'><strong>gloriosa</strong></span> <span class='ocrx_word' id='word_1_499' title='bbox 1289 4889 1478 4957; x_wconf 69' lang='lat' dir='ltr'><strong>praeire</strong></span> <span class='ocrx_word' id='word_1_500' title='bbox 1503 4888 1771 4952; x_wconf 84' lang='lat' dir='ltr'><strong>concedis,</strong></span> <span class='ocrx_word' id='word_1_501' title='bbox 1798 4889 1992 4952; x_wconf 90' lang='lat' dir='ltr'><strong>tribue,</strong></span> <span class='ocrx_word' id='word_1_502' title='bbox 2026 4903 2172 4959; x_wconf 71' lang='lat' dir='ltr'><strong>quat-</strong></span> 
     </span>
    </p>
   </div>
   <div class='ocr_carea' id='block_1_81' title="bbox 585 4979 2172 5050">
    <p class='ocr_par' dir='ltr' id='par_1_81' title="bbox 585 4979 2172 5050">
     <span class='ocr_line' id='line_1_81' title="bbox 585 4979 2172 5050; baseline -0.002 -11"><span class='ocrx_word' id='word_1_503' title='bbox 585 4998 790 5050; x_wconf 87' lang='lat' dir='ltr'><strong>sumus,</strong></span> <span class='ocrx_word' id='word_1_504' title='bbox 819 4997 1002 5038; x_wconf 91' lang='lat' dir='ltr'><strong>eorum</strong></span> <span class='ocrx_word' id='word_1_505' title='bbox 1042 4995 1140 5036; x_wconf 90' lang='lat' dir='ltr'><strong>nos</strong></span> <span class='ocrx_word' id='word_1_506' title='bbox 1171 4994 1384 5049; x_wconf 89' lang='lat' dir='ltr'><strong>semper</strong></span> <span class='ocrx_word' id='word_1_507' title='bbox 1411 4988 1466 5034; x_wconf 91' lang='lat' dir='ltr'><strong>et</strong></span> <span class='ocrx_word' id='word_1_508' title='bbox 1488 4979 1762 5035; x_wconf 83' lang='lat' dir='ltr'><strong>beneflciis</strong></span> <span class='ocrx_word' id='word_1_509' title='bbox 1786 4979 2086 5048; x_wconf 65' lang='lat' dir='ltr'><strong>praveuiri,</strong></span> <span class='ocrx_word' id='word_1_510' title='bbox 2118 4988 2172 5036; x_wconf 89' lang='lat' dir='ltr'><strong>et</strong></span> 
     </span>
    </p>
   </div>
   <div class='ocr_carea' id='block_1_82' title="bbox 583 5070 1939 5142">
    <p class='ocr_par' dir='ltr' id='par_1_82' title="bbox 583 5070 1939 5142">
     <span class='ocr_line' id='line_1_82' title="bbox 583 5070 1939 5142; baseline -0.006 -10"><span class='ocrx_word' id='word_1_511' title='bbox 583 5074 916 5132; x_wconf 83' lang='lat' dir='ltr'><strong>orationibus</strong></span> <span class='ocrx_word' id='word_1_512' title='bbox 941 5071 1204 5142; x_wconf 84' lang='lat' dir='ltr'><strong>adjuvari.</strong></span> <span class='ocrx_word' id='word_1_513' title='bbox 1234 5070 1337 5126; x_wconf 88' lang='lat' dir='ltr'><strong>Per</strong></span> <span class='ocrx_word' id='word_1_514' title='bbox 1363 5071 1648 5126; x_wconf 80' lang='lat' dir='ltr'><strong>Dominum</strong></span> <span class='ocrx_word' id='word_1_515' title='bbox 1677 5078 1939 5125; x_wconf 84' lang='lat' dir='ltr'><strong>nos-trum.</strong></span> 
     </span>
    </p>
   </div>
   <div class='ocr_carea' id='block_1_83' title="bbox 662 5160 2174 5239">
    <p class='ocr_par' dir='ltr' id='par_1_83' title="bbox 662 5160 2174 5239">
     <span class='ocr_line' id='line_1_83' title="bbox 662 5160 2174 5239; baseline -0.004 -16"><span class='ocrx_word' id='word_1_516' title='bbox 662 5169 832 5239; x_wconf 81' lang='lat' dir='ltr'><strong>Super</strong></span> <span class='ocrx_word' id='word_1_517' title='bbox 857 5168 1045 5223; x_wconf 81' lang='lat' dir='ltr'><strong>oblata.</strong></span> <span class='ocrx_word' id='word_1_518' title='bbox 1070 5196 1141 5210; x_wconf 85' lang='lat'><strong>--</strong></span> <span class='ocrx_word' id='word_1_519' title='bbox 1163 5165 1402 5229; x_wconf 80' lang='lat' dir='ltr'><strong>Munera,</strong></span> <span class='ocrx_word' id='word_1_520' title='bbox 1436 5163 1681 5232; x_wconf 81' lang='lat' dir='ltr'><strong>Domine,</strong></span> <span class='ocrx_word' id='word_1_521' title='bbox 1713 5169 1816 5216; x_wconf 85' lang='lat' dir='ltr'><strong>tuae</strong></span> <span class='ocrx_word' id='word_1_522' title='bbox 1834 5160 2174 5230; x_wconf 61' lang='lat' dir='ltr'><strong>glorificatioo</strong></span> 
     </span>
    </p>
   </div>
   <div class='ocr_carea' id='block_1_84' title="bbox 587 5254 2170 5331">
    <p class='ocr_par' dir='ltr' id='par_1_84' title="bbox 587 5254 2170 5331">
     <span class='ocr_line' id='line_1_84' title="bbox 587 5254 2170 5331; baseline -0.006 -11"><span class='ocrx_word' id='word_1_523' title='bbox 587 5262 676 5320; x_wconf 80' lang='lat' dir='ltr'><strong>nis</strong></span> <span class='ocrx_word' id='word_1_524' title='bbox 702 5262 974 5318; x_wconf 76' lang='lat' dir='ltr'><strong>otferimus</strong></span> <span class='ocrx_word' id='word_1_525' title='bbox 997 5275 1117 5331; x_wconf 73' lang='lat' dir='ltr'><strong>quae</strong></span> <span class='ocrx_word' id='word_1_526' title='bbox 1145 5258 1240 5314; x_wconf 85' lang='lat' dir='ltr'><strong>tibi</strong></span> <span class='ocrx_word' id='word_1_527' title='bbox 1278 5271 1378 5328; x_wconf 86' lang='lat' dir='ltr'><strong>pro</strong></span> <span class='ocrx_word' id='word_1_528' title='bbox 1405 5257 1605 5312; x_wconf 89' lang='lat' dir='ltr'><strong>nostris</strong></span> <span class='ocrx_word' id='word_1_529' title='bbox 1625 5261 1775 5325; x_wconf 90' lang='lat' dir='ltr'><strong>grata</strong></span> <span class='ocrx_word' id='word_1_530' title='bbox 1797 5254 2014 5324; x_wconf 90' lang='lat' dir='ltr'><strong>jejuniis</strong></span> <span class='ocrx_word' id='word_1_531' title='bbox 2042 5270 2170 5312; x_wconf 87' lang='lat' dir='ltr'><strong>san-</strong></span> 
     </span>
    </p>
   </div>
   <div class='ocr_carea' id='block_1_85' title="bbox 662 5391 2156 5472">
    <p class='ocr_par' dir='ltr' id='par_1_85' title="bbox 662 5391 2156 5472">
     <span class='ocr_line' id='line_1_85' title="bbox 662 5391 2156 5472; baseline -0.009 -14"><span class='ocrx_word' id='word_1_532' title='bbox 662 5413 689 5440; x_wconf 74' lang='grc' dir='ltr'>ει</span> <span class='ocrx_word' id='word_1_533' title='bbox 731 5403 882 5472; x_wconf 85' lang='lat' dir='ltr'><strong>Apud</strong></span> <span class='ocrx_word' id='word_1_534' title='bbox 913 5400 1205 5472; x_wconf 87' lang='lat' dir='ltr'><strong>Pamelium</strong></span> <span class='ocrx_word' id='word_1_535' title='bbox 1234 5398 1312 5472; x_wconf 81' lang='lat' dir='ltr'><strong>sic</strong></span> <span class='ocrx_word' id='word_1_536' title='bbox 1342 5401 1543 5472; x_wconf 76' lang='lat' dir='ltr'><strong>mutata</strong></span> <span class='ocrx_word' id='word_1_537' title='bbox 1575 5401 1658 5448; x_wconf 92' lang='lat' dir='ltr'><strong>est</strong></span> <span class='ocrx_word' id='word_1_538' title='bbox 1681 5391 1794 5472; x_wconf 68' lang='lat' dir='ltr'><strong>iniec</strong></span> <span class='ocrx_word' id='word_1_539' title='bbox 1831 5391 2058 5472; x_wconf 67' lang='lat' dir='ltr'><strong>Oratio:</strong></span> <span class='ocrx_word' id='word_1_540' title='bbox 2088 5392 2156 5472; x_wconf 71' lang='lat' dir='ltr'><strong>Ut</strong></span> 
     </span>
    </p>
   </div>
   <div class='ocr_carea' id='block_1_86' title="bbox 590 5462 2160 5543">
    <p class='ocr_par' dir='ltr' id='par_1_86' title="bbox 590 5462 2160 5543">
     <span class='ocr_line' id='line_1_86' title="bbox 590 5462 2160 5543; baseline -0.007 -13"><span class='ocrx_word' id='word_1_541' title='bbox 590 5462 944 5530; x_wconf 67' lang='lat' dir='ltr'><strong>intercessione</strong></span> <span class='ocrx_word' id='word_1_542' title='bbox 967 5471 1149 5543; x_wconf 78' lang='lat' dir='ltr'><strong>famuli</strong></span> <span class='ocrx_word' id='word_1_543' title='bbox 1176 5469 1249 5522; x_wconf 90' lang='lat' dir='ltr'><strong>tui</strong></span> <span class='ocrx_word' id='word_1_544' title='bbox 1276 5468 1460 5543; x_wconf 81' lang='lat' dir='ltr'><strong>Leonis</strong></span> <span class='ocrx_word' id='word_1_545' title='bbox 1481 5466 1588 5518; x_wconf 73' lang='lat' dir='ltr'><strong>hwc</strong></span> <span class='ocrx_word' id='word_1_546' title='bbox 1609 5462 1928 5543; x_wconf 38' lang='lat' dir='ltr'><strong>tto‘lgisyrosit</strong></span> <span class='ocrx_word' id='word_1_547' title='bbox 1951 5463 2160 5520; x_wconf 85' lang='lat' dir='ltr'><strong>oblatio.</strong></span> 
     </span>
    </p>
   </div>
   <div class='ocr_carea' id='block_1_87' title="bbox 592 5531 2163 5603">
    <p class='ocr_par' dir='ltr' id='par_1_87' title="bbox 592 5531 2163 5603">
     <span class='ocr_line' id='line_1_87' title="bbox 592 5531 2163 5603; baseline -0.015 -3"><span class='ocrx_word' id='word_1_548' title='bbox 592 5549 810 5603; x_wconf 81' lang='lat' dir='ltr'><strong>Fatetur</strong></span> <span class='ocrx_word' id='word_1_549' title='bbox 834 5531 1008 5597; x_wconf 75' lang='lat' dir='ltr'><strong>tamen</strong></span> <span class='ocrx_word' id='word_1_550' title='bbox 1039 5557 1145 5600; x_wconf 90' lang='lat' dir='ltr'><strong>non</strong></span> <span class='ocrx_word' id='word_1_551' title='bbox 1175 5538 1477 5595; x_wconf 89' lang='lat' dir='ltr'><strong>consentire</strong></span> <span class='ocrx_word' id='word_1_552' title='bbox 1509 5547 1636 5586; x_wconf 89' lang='lat' dir='ltr'><strong>mss.</strong></span> <span class='ocrx_word' id='word_1_553' title='bbox 1663 5531 1793 5603; x_wconf 64' lang='lat' dir='ltr'><strong>God.</strong></span> <span class='ocrx_word' id='word_1_554' title='bbox 1838 5533 1964 5586; x_wconf 90' lang='lat' dir='ltr'><strong>huic</strong></span> <span class='ocrx_word' id='word_1_555' title='bbox 1994 5546 2163 5590; x_wconf 85' lang='lat' dir='ltr'><strong>muta-</strong></span> 
     </span>
    </p>
   </div>
   <div class='ocr_carea' id='block_1_88' title="bbox 591 5602 2163 5674">
    <p class='ocr_par' dir='ltr' id='par_1_88' title="bbox 591 5602 2163 5674">
     <span class='ocr_line' id='line_1_88' title="bbox 591 5602 2163 5674; baseline -0.009 0"><span class='ocrx_word' id='word_1_556' title='bbox 591 5602 746 5674; x_wconf 73' lang='lat' dir='ltr'><strong>tiotti.</strong></span> <span class='ocrx_word' id='word_1_557' title='bbox 781 5616 984 5670; x_wconf 85' lang='lat' dir='ltr'><strong>Favere</strong></span> <span class='ocrx_word' id='word_1_558' title='bbox 1010 5623 1188 5666; x_wconf 86' lang='lat' dir='ltr'><strong>tamen</strong></span> <span class='ocrx_word' id='word_1_559' title='bbox 1237 5609 1450 5659; x_wconf 90' lang='lat' dir='ltr'><strong>videtur</strong></span> <span class='ocrx_word' id='word_1_560' title='bbox 1493 5602 1763 5674; x_wconf 83' lang='lat' dir='ltr'><strong>secundus</strong></span> <span class='ocrx_word' id='word_1_561' title='bbox 1809 5603 2043 5669; x_wconf 83' lang='lat' dir='ltr'><strong>&#39;l‘heod.,</strong></span> <span class='ocrx_word' id='word_1_562' title='bbox 2076 5607 2163 5661; x_wconf 89' lang='lat' dir='ltr'><strong>ubi</strong></span> 
     </span>
    </p>
   </div>
   <div class='ocr_carea' id='block_1_89' title="bbox 592 5673 1807 5757">
    <p class='ocr_par' dir='ltr' id='par_1_89' title="bbox 592 5673 1807 5757">
     <span class='ocr_line' id='line_1_89' title="bbox 592 5673 1807 5757; baseline -0.015 -13"><span class='ocrx_word' id='word_1_563' title='bbox 592 5673 783 5757; x_wconf 78' lang='lat' dir='ltr'><strong>legitur</strong></span> <span class='ocrx_word' id='word_1_564' title='bbox 813 5702 828 5740; x_wconf 87' lang='lat'>:</span> <span class='ocrx_word' id='word_1_565' title='bbox 865 5683 935 5757; x_wconf 76' lang='lat' dir='ltr'><strong>Ut</strong></span> <span class='ocrx_word' id='word_1_566' title='bbox 959 5680 1295 5757; x_wconf 59' lang='lat' dir='ltr'><strong>intercedente</strong></span> <span class='ocrx_word' id='word_1_567' title='bbox 1322 5677 1460 5757; x_wconf 66' lang='lat' dir='ltr'><strong>beato</strong></span> <span class='ocrx_word' id='word_1_568' title='bbox 1491 5673 1678 5757; x_wconf 71' lang='lat' dir='ltr'><strong>Leone,</strong></span> <span class='ocrx_word' id='word_1_569' title='bbox 1705 5683 1807 5757; x_wconf 55' lang='lat' dir='ltr'><strong>etc.</strong></span> 
     </span>
    </p>
   </div>
   <div class='ocr_carea' id='block_1_90' title="bbox 664 5744 2163 5820">
    <p class='ocr_par' dir='ltr' id='par_1_90' title="bbox 664 5744 2163 5820">
     <span class='ocr_line' id='line_1_90' title="bbox 664 5744 2163 5820; baseline -0.006 -8"><span class='ocrx_word' id='word_1_570' title='bbox 664 5744 691 5796; x_wconf 60' lang='grc' dir='ltr'><strong>ί»</strong></span> <span class='ocrx_word' id='word_1_571' title='bbox 733 5759 878 5812; x_wconf 87' lang='lat' dir='ltr'><strong>Loco</strong></span> <span class='ocrx_word' id='word_1_572' title='bbox 922 5753 1079 5820; x_wconf 87' lang='lat' dir='ltr'><strong>hujus</strong></span> <span class='ocrx_word' id='word_1_573' title='bbox 1121 5746 1637 5820; x_wconf 32' lang='lat' dir='ltr'><strong>Orationistlegitur</strong></span> <span class='ocrx_word' id='word_1_574' title='bbox 1666 5745 1718 5820; x_wconf 70' lang='lat' dir='ltr'><strong>in</strong></span> <span class='ocrx_word' id='word_1_575' title='bbox 1757 5744 1898 5799; x_wconf 83' lang='lat' dir='ltr'><strong>Edit.</strong></span> <span class='ocrx_word' id='word_1_576' title='bbox 1934 5746 2163 5820; x_wconf 14' lang='lat' dir='ltr'><strong>Parmel&quot;</strong></span> 
     </span>
    </p>
   </div>
   <div class='ocr_carea' id='block_1_91' title="bbox 595 5813 2169 5885">
    <p class='ocr_par' dir='ltr' id='par_1_91' title="bbox 595 5813 2169 5885">
     <span class='ocr_line' id='line_1_91' title="bbox 595 5813 2169 5885; baseline -0.028 0"><span class='ocrx_word' id='word_1_577' title='bbox 595 5813 1056 5885; x_wconf 72' lang='lat' dir='ltr'><strong>00nscntientibus</strong></span> <span class='ocrx_word' id='word_1_578' title='bbox 1079 5821 1205 5873; x_wconf 83' lang='lat' dir='ltr'><strong>Mss.</strong></span> <span class='ocrx_word' id='word_1_579' title='bbox 1240 5818 1370 5884; x_wconf 76' lang='lat' dir='ltr'><strong>Reg.</strong></span> <span class='ocrx_word' id='word_1_580' title='bbox 1403 5813 1562 5871; x_wconf 85' lang='lat' dir='ltr'><strong>Suec.</strong></span> <span class='ocrx_word' id='word_1_581' title='bbox 1594 5823 1648 5868; x_wconf 91' lang='lat' dir='ltr'><strong>et</strong></span> <span class='ocrx_word' id='word_1_582' title='bbox 1679 5813 1887 5869; x_wconf 70' lang='lat' dir='ltr'><strong>Gemct,</strong></span> <span class='ocrx_word' id='word_1_583' title='bbox 1925 5835 1937 5868; x_wconf 65' lang='grc' dir='ltr'>ε</span> <span class='ocrx_word' id='word_1_584' title='bbox 1970 5816 2169 5880; x_wconf 63' lang='lat' dir='ltr'><strong>pm,3m</strong></span> 
     </span>
    </p>
   </div>
   <div class='ocr_carea' id='block_1_92' title="bbox 597 5885 2169 5968">
    <p class='ocr_par' dir='ltr' id='par_1_92' title="bbox 597 5885 2169 5968">
     <span class='ocr_line' id='line_1_92' title="bbox 597 5885 2169 5968; baseline -0.006 -16"><span class='ocrx_word' id='word_1_585' title='bbox 597 5916 683 5968; x_wconf 83' lang='lat' dir='ltr'><strong>qu.</strong></span> <span class='ocrx_word' id='word_1_586' title='bbox 715 5897 907 5962; x_wconf 86' lang='lat' dir='ltr'><strong>omnip.</strong></span> <span class='ocrx_word' id='word_1_587' title='bbox 939 5893 1081 5968; x_wconf 84' lang='lat' dir='ltr'><strong>l)._ut</strong></span> <span class='ocrx_word' id='word_1_588' title='bbox 1109 5888 1265 5942; x_wconf 86' lang='lat' dir='ltr'><strong>nullis</strong></span> <span class='ocrx_word' id='word_1_589' title='bbox 1288 5885 1671 5968; x_wconf 43' lang='lat' dir='ltr'><strong>nos‘permiftas</strong></span> <span class='ocrx_word' id='word_1_590' title='bbox 1704 5886 2169 5955; x_wconf 69' lang='lat' dir='ltr'><strong>perturbationibus</strong></span> 
     </span>
    </p>
   </div>
   <div class='ocr_carea' id='block_1_93' title="bbox 601 5957 2167 6034">
    <p class='ocr_par' dir='ltr' id='par_1_93' title="bbox 601 5957 2167 6034">
     <span class='ocr_line' id='line_1_93' title="bbox 601 5957 2167 6034; baseline -0.005 -10"><span class='ocrx_word' id='word_1_591' title='bbox 601 5957 824 6032; x_wconf 70' lang='lat' dir='ltr'><strong>concuti,</strong></span> <span class='ocrx_word' id='word_1_592' title='bbox 847 5957 970 6034; x_wconf 75' lang='lat' dir='ltr'><strong>quos</strong></span> <span class='ocrx_word' id='word_1_593' title='bbox 999 5963 1049 6014; x_wconf 83' lang='lat' dir='ltr'><strong>in</strong></span> <span class='ocrx_word' id='word_1_594' title='bbox 1079 5968 1243 6029; x_wconf 73' lang='lat' dir='ltr'><strong>apost.</strong></span> <span class='ocrx_word' id='word_1_595' title='bbox 1277 5957 1608 6028; x_wconf 77' lang='lat' dir='ltr'><strong>confessionis</strong></span> <span class='ocrx_word' id='word_1_596' title='bbox 1654 5965 1798 6027; x_wconf 82' lang='lat' dir='ltr'><strong>petra</strong></span> <span class='ocrx_word' id='word_1_597' title='bbox 1825 5960 2075 6014; x_wconf 82' lang='lat' dir='ltr'><strong>solidasti.</strong></span> <span class='ocrx_word' id='word_1_598' title='bbox 2112 5961 2167 6016; x_wconf 91' lang='lat' dir='ltr'><strong>ln</strong></span> 
     </span>
    </p>
   </div>
   <div class='ocr_carea' id='block_1_94' title="bbox 2260 3429 2978 3495">
    <p class='ocr_par' dir='ltr' id='par_1_94' title="bbox 2260 3429 2978 3495">
     <span class='ocr_line' id='line_1_94' title="bbox 2260 3429 2978 3495; baseline -0.019 0"><span class='ocrx_word' id='word_1_599' title='bbox 2260 3432 2699 3495; x_wconf 85' lang='lat' dir='ltr'><strong>remuneratione</strong></span> <span class='ocrx_word' id='word_1_600' title='bbox 2722 3429 2978 3484; x_wconf 85' lang='lat' dir='ltr'><strong>ditentur.</strong></span> 
     </span>
    </p>
   </div>
   <div class='ocr_carea' id='block_1_95' title="bbox 2261 3514 3859 3587">
    <p class='ocr_par' dir='ltr' id='par_1_95' title="bbox 2261 3514 3859 3587">
     <span class='ocr_line' id='line_1_95' title="bbox 2261 3514 3859 3587; baseline -0.009 -1"><span class='ocrx_word' id='word_1_601' title='bbox 2261 3546 2323 3587; x_wconf 82' lang='lat' dir='ltr'><strong>Ill</strong></span> <span class='ocrx_word' id='word_1_602' title='bbox 2360 3538 2632 3583; x_wconf 76' lang='lat' dir='ltr'><strong>KALENDAS</strong></span> <span class='ocrx_word' id='word_1_603' title='bbox 2669 3537 2822 3580; x_wconf 81' lang='lat' dir='ltr'><strong>JULll.</strong></span> <span class='ocrx_word' id='word_1_604' title='bbox 2862 3549 2934 3562; x_wconf 89' lang='grc'><strong>-·-</strong></span> <span class='ocrx_word' id='word_1_605' title='bbox 2969 3533 3196 3575; x_wconf 75' lang='grc' dir='ltr'><strong>ΝΛΤΑιῐΒ</strong></span> <span class='ocrx_word' id='word_1_606' title='bbox 3233 3531 3468 3574; x_wconf 57' lang='lat' dir='ltr'><strong>EIUSDEM</strong></span> <span class='ocrx_word' id='word_1_607' title='bbox 3516 3514 3544 3554; x_wconf 60' lang='grc' dir='ltr'><em>δ</em></span> <span class='ocrx_word' id='word_1_608' title='bbox 3593 3531 3747 3572; x_wconf 72' lang='lat' dir='ltr'><strong>PETRI</strong></span> <span class='ocrx_word' id='word_1_609' title='bbox 3789 3531 3859 3571; x_wconf 78' lang='grc' dir='ltr'><strong>Ετ</strong></span> 
     </span>
    </p>
   </div>
   <div class='ocr_carea' id='block_1_96' title="bbox 2969 3606 3144 3650">
    <p class='ocr_par' dir='ltr' id='par_1_96' title="bbox 2969 3606 3144 3650">
     <span class='ocr_line' id='line_1_96' title="bbox 2969 3606 3144 3650; baseline -0.011 -4"><span class='ocrx_word' id='word_1_610' title='bbox 2969 3606 3144 3650; x_wconf 72' lang='lat' dir='ltr'><strong>PAULI.</strong></span> 
     </span>
    </p>
   </div>
   <div class='ocr_carea' id='block_1_97' title="bbox 2335 3675 3857 3752">
    <p class='ocr_par' dir='ltr' id='par_1_97' title="bbox 2335 3675 3857 3752">
     <span class='ocr_line' id='line_1_97' title="bbox 2335 3675 3857 3752; baseline -0.007 -8"><span class='ocrx_word' id='word_1_611' title='bbox 2335 3689 2416 3744; x_wconf 76' lang='lat' dir='ltr'><strong>Ad</strong></span> <span class='ocrx_word' id='word_1_612' title='bbox 2439 3687 2677 3742; x_wconf 66' lang='lat' dir='ltr'><strong>uiuant.</strong></span> <span class='ocrx_word' id='word_1_613' title='bbox 2706 3713 2776 3726; x_wconf 93' lang='lat'><strong><em>-—</em></strong></span> <span class='ocrx_word' id='word_1_614' title='bbox 2801 3683 2964 3751; x_wconf 86' lang='lat' dir='ltr'><strong>Deus,</strong></span> <span class='ocrx_word' id='word_1_615' title='bbox 2995 3682 3088 3752; x_wconf 84' lang='lat' dir='ltr'><strong>qui</strong></span> <span class='ocrx_word' id='word_1_616' title='bbox 3118 3681 3430 3738; x_wconf 85' lang='lat' dir='ltr'><strong>hodiernam</strong></span> <span class='ocrx_word' id='word_1_617' title='bbox 3461 3675 3605 3734; x_wconf 85' lang='lat' dir='ltr'><strong>diem</strong></span> <span class='ocrx_word' id='word_1_618' title='bbox 3633 3685 3857 3747; x_wconf 79' lang='lat' dir='ltr'><strong>aposto-</strong></span> 
     </span>
    </p>
   </div>
   <div class='ocr_carea' id='block_1_98' title="bbox 2264 3770 3862 3844">
    <p class='ocr_par' dir='ltr' id='par_1_98' title="bbox 2264 3770 3862 3844">
     <span class='ocr_line' id='line_1_98' title="bbox 2264 3770 3862 3844; baseline -0.009 -3"><span class='ocrx_word' id='word_1_619' title='bbox 2264 3785 2441 3841; x_wconf 88' lang='lat' dir='ltr'><strong>lorum</strong></span> <span class='ocrx_word' id='word_1_620' title='bbox 2469 3789 2684 3836; x_wconf 75' lang='lat' dir='ltr'><strong>tuocum</strong></span> <span class='ocrx_word' id='word_1_621' title='bbox 2707 3774 2852 3832; x_wconf 86' lang='lat' dir='ltr'><strong>Petri</strong></span> <span class='ocrx_word' id='word_1_622' title='bbox 2877 3781 2932 3831; x_wconf 89' lang='lat' dir='ltr'><strong>et</strong></span> <span class='ocrx_word' id='word_1_623' title='bbox 2959 3775 3110 3832; x_wconf 81' lang='lat' dir='ltr'><strong>Pauli-</strong></span> <span class='ocrx_word' id='word_1_624' title='bbox 3132 3773 3388 3844; x_wconf 73' lang='lat' dir='ltr'><strong>ntartyrio</strong></span> <span class='ocrx_word' id='word_1_625' title='bbox 3413 3771 3762 3836; x_wconf 76' lang='lat' dir='ltr'><strong>eonsecrasti,</strong></span> <span class='ocrx_word' id='word_1_626' title='bbox 3793 3770 3862 3826; x_wconf 89' lang='lat' dir='ltr'><strong>da</strong></span> 
     </span>
    </p>
   </div>
   <div class='ocr_carea' id='block_1_99' title="bbox 2263 3863 3859 3934">
    <p class='ocr_par' dir='ltr' id='par_1_99' title="bbox 2263 3863 3859 3934">
     <span class='ocr_line' id='line_1_99' title="bbox 2263 3863 3859 3934; baseline -0.011 -3"><span class='ocrx_word' id='word_1_627' title='bbox 2263 3871 2526 3932; x_wconf 66' lang='lat' dir='ltr'><strong>Ecclesia:</strong></span> <span class='ocrx_word' id='word_1_628' title='bbox 2559 3879 2664 3925; x_wconf 66' lang='lat' dir='ltr'><strong>tute</strong></span> <span class='ocrx_word' id='word_1_629' title='bbox 2693 3881 2882 3924; x_wconf 90' lang='lat' dir='ltr'><strong>eorum</strong></span> <span class='ocrx_word' id='word_1_630' title='bbox 2911 3866 2966 3922; x_wconf 82' lang='lat' dir='ltr'><strong>in</strong></span> <span class='ocrx_word' id='word_1_631' title='bbox 3009 3864 3260 3922; x_wconf 84' lang='lat' dir='ltr'><strong>omnibus</strong></span> <span class='ocrx_word' id='word_1_632' title='bbox 3302 3863 3456 3934; x_wconf 86' lang='lat' dir='ltr'><strong>sequi</strong></span> <span class='ocrx_word' id='word_1_633' title='bbox 3501 3869 3859 3932; x_wconf 77' lang='lat' dir='ltr'><strong>praeceptum,</strong></span> 
     </span>
    </p>
   </div>
   <div class='ocr_carea' id='block_1_100' title="bbox 2265 3953 3862 4040">
    <p class='ocr_par' dir='ltr' id='par_1_100' title="bbox 2265 3953 3862 4040">
     <span class='ocr_line' id='line_1_100' title="bbox 2265 3953 3862 4040; baseline -0.012 -14"><span class='ocrx_word' id='word_1_634' title='bbox 2265 3984 2362 4040; x_wconf 89' lang='lat' dir='ltr'><strong>per</strong></span> <span class='ocrx_word' id='word_1_635' title='bbox 2391 3980 2525 4036; x_wconf 86' lang='lat' dir='ltr'><strong>quos</strong></span> <span class='ocrx_word' id='word_1_636' title='bbox 2550 3958 2826 4032; x_wconf 80' lang='lat' dir='ltr'><strong>religionis</strong></span> <span class='ocrx_word' id='word_1_637' title='bbox 2850 3958 3079 4030; x_wconf 87' lang='lat' dir='ltr'><strong>sumpsit</strong></span> <span class='ocrx_word' id='word_1_638' title='bbox 3108 3956 3405 4018; x_wconf 79' lang='lat' dir='ltr'><strong>exordium.</strong></span> <span class='ocrx_word' id='word_1_639' title='bbox 3435 3953 3540 4010; x_wconf 85' lang='lat' dir='ltr'><strong>Per</strong></span> <span class='ocrx_word' id='word_1_640' title='bbox 3567 3953 3862 4008; x_wconf 76' lang='lat' dir='ltr'><strong>Dominum</strong></span> 
     </span>
    </p>
   </div>
   <div class='ocr_carea' id='block_1_101' title="bbox 2269 4071 2536 4119">
    <p class='ocr_par' dir='ltr' id='par_1_101' title="bbox 2269 4071 2536 4119">
     <span class='ocr_line' id='line_1_101' title="bbox 2269 4071 2536 4119; baseline -0.026 0"><span class='ocrx_word' id='word_1_641' title='bbox 2269 4071 2536 4119; x_wconf 83' lang='lat' dir='ltr'><strong>nostrum.</strong></span> 
     </span>
    </p>
   </div>
   <div class='ocr_carea' id='block_1_102' title="bbox 2339 4137 3867 4221">
    <p class='ocr_par' dir='ltr' id='par_1_102' title="bbox 2339 4137 3867 4221">
     <span class='ocr_line' id='line_1_102' title="bbox 2339 4137 3867 4221; baseline -0.009 -13"><span class='ocrx_word' id='word_1_642' title='bbox 2339 4152 2511 4221; x_wconf 65' lang='lat' dir='ltr'><strong>Super</strong></span> <span class='ocrx_word' id='word_1_643' title='bbox 2535 4147 2815 4214; x_wconf 48' lang='lat' dir='ltr'><strong>oblata.,-—-</strong></span> <span class='ocrx_word' id='word_1_644' title='bbox 2844 4143 3079 4209; x_wconf 82' lang='lat' dir='ltr'><strong>Hostias,</strong></span> <span class='ocrx_word' id='word_1_645' title='bbox 3108 4142 3355 4208; x_wconf 73' lang='lat' dir='ltr'><strong>Domine,</strong></span> <span class='ocrx_word' id='word_1_646' title='bbox 3383 4152 3520 4210; x_wconf 68' lang='lat' dir='ltr'><strong>uias</strong></span> <span class='ocrx_word' id='word_1_647' title='bbox 3533 4137 3744 4196; x_wconf 77' lang='lat' dir='ltr'><strong>nomini</strong></span> <span class='ocrx_word' id='word_1_648' title='bbox 3775 4146 3867 4194; x_wconf 76' lang='lat' dir='ltr'><strong>tuo</strong></span> 
     </span>
    </p>
   </div>
   <div class='ocr_carea' id='block_1_103' title="bbox 2267 4232 3854 4307">
    <p class='ocr_par' dir='ltr' id='par_1_103' title="bbox 2267 4232 3854 4307">
     <span class='ocr_line' id='line_1_103' title="bbox 2267 4232 3854 4307; baseline -0.009 -7"><span class='ocrx_word' id='word_1_649' title='bbox 2267 4244 2555 4301; x_wconf 76' lang='lat' dir='ltr'><strong>sacrandus</strong></span> <span class='ocrx_word' id='word_1_650' title='bbox 2596 4240 2892 4306; x_wconf 83' lang='lat' dir='ltr'><strong>offerimus,</strong></span> <span class='ocrx_word' id='word_1_651' title='bbox 2925 4235 3216 4307; x_wconf 90' lang='lat' dir='ltr'><strong>apostolica</strong></span> <span class='ocrx_word' id='word_1_652' title='bbox 3267 4240 3620 4303; x_wconf 76' lang='lat' dir='ltr'><strong>prosequatur</strong></span> <span class='ocrx_word' id='word_1_653' title='bbox 3645 4232 3854 4297; x_wconf 73' lang='lat' dir='ltr'><strong>oratio,</strong></span> 
     </span>
    </p>
   </div>
   <div class='ocr_carea' id='block_1_104' title="bbox 2266 4323 3642 4408">
    <p class='ocr_par' dir='ltr' id='par_1_104' title="bbox 2266 4323 3642 4408">
     <span class='ocr_line' id='line_1_104' title="bbox 2266 4323 3642 4408; baseline -0.015 -12"><span class='ocrx_word' id='word_1_654' title='bbox 2266 4351 2364 4408; x_wconf 83' lang='lat' dir='ltr'><strong>per</strong></span> <span class='ocrx_word' id='word_1_655' title='bbox 2380 4347 2552 4406; x_wconf 79' lang='lat' dir='ltr'><strong>&#39;quam</strong></span> <span class='ocrx_word' id='word_1_656' title='bbox 2581 4347 2679 4390; x_wconf 88' lang='lat' dir='ltr'><strong>nos</strong></span> <span class='ocrx_word' id='word_1_657' title='bbox 2709 4329 2915 4402; x_wconf 77' lang='lat' dir='ltr'><strong>expiari</strong></span> <span class='ocrx_word' id='word_1_658' title='bbox 2943 4328 3148 4386; x_wconf 72' lang='lat' dir='ltr'><strong>tribuas</strong></span> <span class='ocrx_word' id='word_1_659' title='bbox 3171 4335 3228 4384; x_wconf 86' lang='lat' dir='ltr'><strong>et</strong></span> <span class='ocrx_word' id='word_1_660' title='bbox 3257 4323 3494 4384; x_wconf 67' lang='lat' dir='ltr'><strong>defendi.</strong></span> <span class='ocrx_word' id='word_1_661' title='bbox 3518 4325 3642 4380; x_wconf 80' lang='lat' dir='ltr'><strong>Per.</strong></span> 
     </span>
    </p>
   </div>
   <div class='ocr_carea' id='block_1_105' title="bbox 2341 4417 3865 4497">
    <p class='ocr_par' dir='ltr' id='par_1_105' title="bbox 2341 4417 3865 4497">
     <span class='ocr_line' id='line_1_105' title="bbox 2341 4417 3865 4497; baseline -0.01 -16"><span class='ocrx_word' id='word_1_662' title='bbox 2341 4427 2610 4497; x_wconf 74' lang='lat' dir='ltr'><strong>Prwfatio.</strong></span> <span class='ocrx_word' id='word_1_663' title='bbox 2639 4453 2713 4466; x_wconf 93' lang='lat'><strong>—</strong></span> <span class='ocrx_word' id='word_1_664' title='bbox 2736 4423 2880 4479; x_wconf 83' lang='lat' dir='ltr'><strong>Vere</strong></span> <span class='ocrx_word' id='word_1_665' title='bbox 2909 4419 3130 4488; x_wconf 82' lang='lat' dir='ltr'><strong>dignum</strong></span> <span class='ocrx_word' id='word_1_666' title='bbox 3158 4425 3214 4472; x_wconf 90' lang='lat' dir='ltr'><strong>et</strong></span> <span class='ocrx_word' id='word_1_667' title='bbox 3235 4417 3437 4486; x_wconf 87' lang='lat' dir='ltr'><strong>justum</strong></span> <span class='ocrx_word' id='word_1_668' title='bbox 3491 4422 3595 4480; x_wconf 89' lang='lat' dir='ltr'><strong>est,</strong></span> <span class='ocrx_word' id='word_1_669' title='bbox 3645 4425 3865 4482; x_wconf 64' lang='lat' dir='ltr'><strong>aequum</strong></span> 
     </span>
    </p>
   </div>
   <div class='ocr_carea' id='block_1_106' title="bbox 2267 4507 3868 4587">
    <p class='ocr_par' dir='ltr' id='par_1_106' title="bbox 2267 4507 3868 4587">
     <span class='ocr_line' id='line_1_106' title="bbox 2267 4507 3868 4587; baseline -0.013 -8"><span class='ocrx_word' id='word_1_670' title='bbox 2267 4531 2323 4579; x_wconf 80' lang='lat' dir='ltr'><strong>et</strong></span> <span class='ocrx_word' id='word_1_671' title='bbox 2350 4522 2602 4587; x_wconf 85' lang='lat' dir='ltr'><strong>salutare,</strong></span> <span class='ocrx_word' id='word_1_672' title='bbox 2636 4533 2734 4574; x_wconf 90' lang='lat' dir='ltr'><strong>nos</strong></span> <span class='ocrx_word' id='word_1_673' title='bbox 2771 4515 2867 4572; x_wconf 91' lang='lat' dir='ltr'><strong>tibi</strong></span> <span class='ocrx_word' id='word_1_674' title='bbox 2897 4525 3110 4582; x_wconf 82' lang='lat' dir='ltr'><strong>semper</strong></span> <span class='ocrx_word' id='word_1_675' title='bbox 3139 4517 3194 4565; x_wconf 87' lang='lat' dir='ltr'><strong>et</strong></span> <span class='ocrx_word' id='word_1_676' title='bbox 3222 4509 3418 4577; x_wconf 80' lang='lat' dir='ltr'><strong>ubique</strong></span> <span class='ocrx_word' id='word_1_677' title='bbox 3444 4507 3643 4577; x_wconf 76' lang='lat' dir='ltr'><strong>gratias</strong></span> <span class='ocrx_word' id='word_1_678' title='bbox 3672 4518 3868 4574; x_wconf 83' lang='lat' dir='ltr'><strong>agerc,</strong></span> 
     </span>
    </p>
   </div>
   <div class='ocr_carea' id='block_1_107' title="bbox 2268 4599 3874 4680">
    <p class='ocr_par' dir='ltr' id='par_1_107' title="bbox 2268 4599 3874 4680">
     <span class='ocr_line' id='line_1_107' title="bbox 2268 4599 3874 4680; baseline -0.014 -7"><span class='ocrx_word' id='word_1_679' title='bbox 2268 4616 2494 4673; x_wconf 88' lang='lat' dir='ltr'><strong>Domine</strong></span> <span class='ocrx_word' id='word_1_680' title='bbox 2513 4620 2717 4680; x_wconf 87' lang='lat' dir='ltr'><strong>sancte,</strong></span> <span class='ocrx_word' id='word_1_681' title='bbox 2745 4611 2906 4665; x_wconf 84' lang='lat' dir='ltr'><strong>Pater</strong></span> <span class='ocrx_word' id='word_1_682' title='bbox 2917 4606 3279 4676; x_wconf 79' lang='lat' dir='ltr'><strong>omnipotens,</strong></span> <span class='ocrx_word' id='word_1_683' title='bbox 3300 4610 3502 4657; x_wconf 78' lang='lat' dir='ltr'><strong>aeterne</strong></span> <span class='ocrx_word' id='word_1_684' title='bbox 3521 4599 3664 4654; x_wconf 84' lang='lat' dir='ltr'><strong>Deus</strong></span> <span class='ocrx_word' id='word_1_685' title='bbox 3690 4615 3704 4652; x_wconf 92' lang='lat'><strong>:</strong></span> <span class='ocrx_word' id='word_1_686' title='bbox 3733 4605 3795 4651; x_wconf 85' lang='lat' dir='ltr'><strong>et</strong></span> <span class='ocrx_word' id='word_1_687' title='bbox 3819 4606 3874 4651; x_wconf 83' lang='lat' dir='ltr'><strong>te</strong></span> 
     </span>
    </p>
   </div>
   <div class='ocr_carea' id='block_1_108' title="bbox 2191 4697 3869 4780">
    <p class='ocr_par' dir='ltr' id='par_1_108' title="bbox 2191 4697 3869 4780">
     <span class='ocr_line' id='line_1_108' title="bbox 2191 4697 3869 4780; baseline -0.016 -11"><span class='ocrx_word' id='word_1_688' title='bbox 2191 4715 2247 4778; x_wconf 80' lang='grc'><strong>1)</strong></span> <span class='ocrx_word' id='word_1_689' title='bbox 2269 4709 2580 4780; x_wconf 86' lang='lat' dir='ltr'><strong>suppliciter</strong></span> <span class='ocrx_word' id='word_1_690' title='bbox 2606 4715 2848 4770; x_wconf 84' lang='lat' dir='ltr'><strong>exorare,</strong></span> <span class='ocrx_word' id='word_1_691' title='bbox 2881 4709 2942 4756; x_wconf 91' lang='lat' dir='ltr'><strong>ut</strong></span> <span class='ocrx_word' id='word_1_692' title='bbox 2979 4711 3200 4769; x_wconf 82' lang='lat' dir='ltr'><strong>gregem</strong></span> <span class='ocrx_word' id='word_1_693' title='bbox 3217 4703 3390 4759; x_wconf 86' lang='lat' dir='ltr'><strong>tuum,</strong></span> <span class='ocrx_word' id='word_1_694' title='bbox 3421 4700 3604 4764; x_wconf 74' lang='lat' dir='ltr'><strong>pastor</strong></span> <span class='ocrx_word' id='word_1_695' title='bbox 3633 4697 3869 4759; x_wconf 68' lang='lat' dir='ltr'><strong>teter-ne,</strong></span> 
     </span>
    </p>
   </div>
   <div class='ocr_carea' id='block_1_109' title="bbox 2274 4779 3876 4863">
    <p class='ocr_par' dir='ltr' id='par_1_109' title="bbox 2274 4779 3876 4863">
     <span class='ocr_line' id='line_1_109' title="bbox 2274 4779 3876 4863; baseline -0.015 -8"><span class='ocrx_word' id='word_1_696' title='bbox 2274 4779 2383 4857; x_wconf 83' lang='lat' dir='ltr'><strong>non</strong></span> <span class='ocrx_word' id='word_1_697' title='bbox 2413 4799 2652 4863; x_wconf 88' lang='lat' dir='ltr'><strong>deseras,</strong></span> <span class='ocrx_word' id='word_1_698' title='bbox 2701 4793 2797 4848; x_wconf 84' lang='lat' dir='ltr'><strong>sed</strong></span> <span class='ocrx_word' id='word_1_699' title='bbox 2825 4806 2922 4861; x_wconf 86' lang='lat' dir='ltr'><strong>per</strong></span> <span class='ocrx_word' id='word_1_700' title='bbox 2951 4791 3139 4845; x_wconf 87' lang='lat' dir='ltr'><strong>beatos</strong></span> <span class='ocrx_word' id='word_1_701' title='bbox 3166 4785 3440 4856; x_wconf 72' lang='lat' dir='ltr'><strong>apostolus</strong></span> <span class='ocrx_word' id='word_1_702' title='bbox 3466 4790 3588 4836; x_wconf 90' lang='lat' dir='ltr'><strong>tuos</strong></span> <span class='ocrx_word' id='word_1_703' title='bbox 3609 4779 3876 4836; x_wconf 73' lang='lat' dir='ltr'><strong>continua</strong></span> 
     </span>
    </p>
   </div>
   <div class='ocr_carea' id='block_1_110' title="bbox 2276 4871 3878 4964">
    <p class='ocr_par' dir='ltr' id='par_1_110' title="bbox 2276 4871 3878 4964">
     <span class='ocr_line' id='line_1_110' title="bbox 2276 4871 3878 4964; baseline -0.014 -16"><span class='ocrx_word' id='word_1_704' title='bbox 2276 4889 2614 4964; x_wconf 89' lang='lat' dir='ltr'><strong>protectione</strong></span> <span class='ocrx_word' id='word_1_705' title='bbox 2641 4883 2936 4950; x_wconf 84' lang='lat' dir='ltr'><strong>custodias,</strong></span> <span class='ocrx_word' id='word_1_706' title='bbox 2969 4890 3030 4936; x_wconf 89' lang='lat' dir='ltr'><strong>ut</strong></span> <span class='ocrx_word' id='word_1_707' title='bbox 3058 4878 3248 4933; x_wconf 80' lang='lat' dir='ltr'><strong>iisdem</strong></span> <span class='ocrx_word' id='word_1_708' title='bbox 3274 4873 3581 4929; x_wconf 78' lang='lat' dir='ltr'><strong>rectoribus</strong></span> <span class='ocrx_word' id='word_1_709' title='bbox 3603 4871 3878 4941; x_wconf 77' lang='lat' dir='ltr'><strong>guberne-</strong></span> 
     </span>
    </p>
   </div>
   <div class='ocr_carea' id='block_1_111' title="bbox 2273 4964 3881 5052">
    <p class='ocr_par' dir='ltr' id='par_1_111' title="bbox 2273 4964 3881 5052">
     <span class='ocr_line' id='line_1_111' title="bbox 2273 4964 3881 5052; baseline -0.014 -12"><span class='ocrx_word' id='word_1_710' title='bbox 2273 4994 2385 5052; x_wconf 82' lang='lat' dir='ltr'><strong>tur,</strong></span> <span class='ocrx_word' id='word_1_711' title='bbox 2418 4995 2552 5052; x_wconf 91' lang='lat' dir='ltr'><strong>quos</strong></span> <span class='ocrx_word' id='word_1_712' title='bbox 2575 4978 2756 5048; x_wconf 91' lang='lat' dir='ltr'><strong>operis</strong></span> <span class='ocrx_word' id='word_1_713' title='bbox 2779 4975 2855 5030; x_wconf 91' lang='lat' dir='ltr'><strong>tui</strong></span> <span class='ocrx_word' id='word_1_714' title='bbox 2878 4972 3110 5028; x_wconf 86' lang='lat' dir='ltr'><strong>viearios</strong></span> <span class='ocrx_word' id='word_1_715' title='bbox 3130 4968 3304 5023; x_wconf 72' lang='lat' dir='ltr'><strong>cidem</strong></span> <span class='ocrx_word' id='word_1_716' title='bbox 3325 4964 3601 5020; x_wconf 79' lang='lat' dir='ltr'><strong>contulisti</strong></span> <span class='ocrx_word' id='word_1_717' title='bbox 3633 4976 3881 5032; x_wconf 67' lang='lat' dir='ltr'><strong>praeesse</strong></span> 
     </span>
    </p>
   </div>
   <div class='ocr_carea' id='block_1_112' title="bbox 2277 5059 3652 5148">
    <p class='ocr_par' dir='ltr' id='par_1_112' title="bbox 2277 5059 3652 5148">
     <span class='ocr_line' id='line_1_112' title="bbox 2277 5059 3652 5148; baseline -0.017 -15"><span class='ocrx_word' id='word_1_718' title='bbox 2277 5088 2548 5148; x_wconf 88' lang='lat' dir='ltr'><strong>pastores.</strong></span> <span class='ocrx_word' id='word_1_719' title='bbox 2583 5074 2646 5129; x_wconf 81' lang='lat' dir='ltr'><strong>Et</strong></span> <span class='ocrx_word' id='word_1_720' title='bbox 2676 5071 2798 5127; x_wconf 88' lang='lat' dir='ltr'><strong>ideo</strong></span> <span class='ocrx_word' id='word_1_721' title='bbox 2831 5083 2950 5124; x_wconf 83' lang='lat' dir='ltr'><strong>cum</strong></span> <span class='ocrx_word' id='word_1_722' title='bbox 2982 5064 3182 5134; x_wconf 89' lang='lat' dir='ltr'><strong>angelis</strong></span> <span class='ocrx_word' id='word_1_723' title='bbox 3206 5072 3260 5116; x_wconf 91' lang='lat' dir='ltr'><strong>et</strong></span> <span class='ocrx_word' id='word_1_724' title='bbox 3297 5059 3652 5131; x_wconf 80' lang='lat' dir='ltr'><strong>arebangelis.</strong></span> 
     </span>
    </p>
   </div>
   <div class='ocr_carea' id='block_1_113' title="bbox 2352 5149 3882 5238">
    <p class='ocr_par' dir='ltr' id='par_1_113' title="bbox 2352 5149 3882 5238">
     <span class='ocr_line' id='line_1_113' title="bbox 2352 5149 3882 5238; baseline -0.025 -12"><span class='ocrx_word' id='word_1_725' title='bbox 2352 5167 2508 5238; x_wconf 78' lang='lat'><strong>113</strong></span> <span class='ocrx_word' id='word_1_726' title='bbox 2539 5173 2564 5203; x_wconf 74' lang='lat'><strong><em>°</em></strong></span> <span class='ocrx_word' id='word_1_727' title='bbox 2614 5159 2923 5217; x_wconf 77' lang='lat' dir='ltr'><strong>Benedictio.</strong></span> <span class='ocrx_word' id='word_1_728' title='bbox 2965 5185 3039 5199; x_wconf 90' lang='lat'><strong>—</strong></span> <span class='ocrx_word' id='word_1_729' title='bbox 3085 5151 3373 5208; x_wconf 83' lang='lat' dir='ltr'><strong>Benedicat</strong></span> <span class='ocrx_word' id='word_1_730' title='bbox 3422 5151 3578 5204; x_wconf 69' lang='lat' dir='ltr'><strong>vobis</strong></span> <span class='ocrx_word' id='word_1_731' title='bbox 3622 5149 3882 5218; x_wconf 70' lang='grc' dir='ltr'>οιιπιῑρο-</span> 
     </span>
    </p>
   </div>
   <div class='ocr_carea' id='block_1_114' title="bbox 2275 5241 3868 5322">
    <p class='ocr_par' dir='ltr' id='par_1_114' title="bbox 2275 5241 3868 5322">
     <span class='ocr_line' id='line_1_114' title="bbox 2275 5241 3868 5322; baseline -0.013 -8"><span class='ocrx_word' id='word_1_732' title='bbox 2275 5267 2392 5314; x_wconf 82' lang='lat' dir='ltr'><strong>tens</strong></span> <span class='ocrx_word' id='word_1_733' title='bbox 2421 5258 2584 5322; x_wconf 92' lang='lat' dir='ltr'><strong>Deus,</strong></span> <span class='ocrx_word' id='word_1_734' title='bbox 2615 5253 2704 5322; x_wconf 92' lang='lat' dir='ltr'><strong>qui</strong></span> <span class='ocrx_word' id='word_1_735' title='bbox 2735 5265 2829 5305; x_wconf 88' lang='lat' dir='ltr'><strong>vos</strong></span> <span class='ocrx_word' id='word_1_736' title='bbox 2870 5247 3013 5304; x_wconf 85' lang='lat' dir='ltr'><strong>beati</strong></span> <span class='ocrx_word' id='word_1_737' title='bbox 3052 5246 3196 5302; x_wconf 81' lang='lat' dir='ltr'><strong>Petri</strong></span> <span class='ocrx_word' id='word_1_738' title='bbox 3237 5241 3590 5298; x_wconf 67' lang='lat' dir='ltr'><strong>saiuberritnn</strong></span> <span class='ocrx_word' id='word_1_739' title='bbox 3644 5242 3868 5295; x_wconf 68' lang='lat' dir='ltr'><strong>confes—</strong></span> 
     </span>
    </p>
   </div>
   <div class='ocr_carea' id='block_1_115' title="bbox 2265 5377 3867 5454">
    <p class='ocr_par' dir='ltr' id='par_1_115' title="bbox 2265 5377 3867 5454">
     <span class='ocr_line' id='line_1_115' title="bbox 2265 5377 3867 5454; baseline -0.011 -5"><span class='ocrx_word' id='word_1_740' title='bbox 2265 5393 2490 5454; x_wconf 78' lang='lat' dir='ltr'><strong>Kalend.</strong></span> <span class='ocrx_word' id='word_1_741' title='bbox 2509 5390 2666 5444; x_wconf 83' lang='lat' dir='ltr'><strong>Rom.</strong></span> <span class='ocrx_word' id='word_1_742' title='bbox 2688 5389 2852 5448; x_wconf 84' lang='lat' dir='ltr'><strong>habes</strong></span> <span class='ocrx_word' id='word_1_743' title='bbox 2878 5405 2891 5442; x_wconf 89' lang='lat'><strong>:</strong></span> <span class='ocrx_word' id='word_1_744' title='bbox 2917 5383 3216 5441; x_wconf 78' lang='lat' dir='ltr'><strong>Trans/otio</strong></span> <span class='ocrx_word' id='word_1_745' title='bbox 3239 5381 3466 5454; x_wconf 84' lang='lat' dir='ltr'><strong>corporis</strong></span> <span class='ocrx_word' id='word_1_746' title='bbox 3492 5379 3626 5434; x_wconf 85' lang='lat' dir='ltr'><strong>beati</strong></span> <span class='ocrx_word' id='word_1_747' title='bbox 3647 5377 3867 5454; x_wconf 68' lang='lat' dir='ltr'><strong>Leonis.</strong></span> 
     </span>
    </p>
   </div>
   <div class='ocr_carea' id='block_1_116' title="bbox 2266 5449 3869 5525">
    <p class='ocr_par' dir='ltr' id='par_1_116' title="bbox 2266 5449 3869 5525">
     <span class='ocr_line' id='line_1_116' title="bbox 2266 5449 3869 5525; baseline -0.012 -3"><span class='ocrx_word' id='word_1_748' title='bbox 2266 5449 2453 5522; x_wconf 60' lang='lat' dir='ltr'><strong>Dtrum</strong></span> <span class='ocrx_word' id='word_1_749' title='bbox 2485 5461 2674 5515; x_wconf 84' lang='lat' dir='ltr'><strong>Leonis</strong></span> <span class='ocrx_word' id='word_1_750' title='bbox 2705 5460 2770 5525; x_wconf 86' lang='lat' dir='ltr'><strong>ll,</strong></span> <span class='ocrx_word' id='word_1_751' title='bbox 2799 5468 2891 5511; x_wconf 89' lang='lat' dir='ltr'><strong>aut</strong></span> <span class='ocrx_word' id='word_1_752' title='bbox 2932 5458 3172 5522; x_wconf 86' lang='lat' dir='ltr'><strong>alterius,</strong></span> <span class='ocrx_word' id='word_1_753' title='bbox 3221 5453 3445 5508; x_wconf 90' lang='lat' dir='ltr'><strong>consule</strong></span> <span class='ocrx_word' id='word_1_754' title='bbox 3495 5459 3650 5504; x_wconf 90' lang='lat' dir='ltr'><strong>notas</strong></span> <span class='ocrx_word' id='word_1_755' title='bbox 3698 5449 3869 5503; x_wconf 82' lang='lat' dir='ltr'><strong>Joau.</strong></span> 
     </span>
    </p>
   </div>
   <div class='ocr_carea' id='block_1_117' title="bbox 2269 5529 3054 5594">
    <p class='ocr_par' dir='ltr' id='par_1_117' title="bbox 2269 5529 3054 5594">
     <span class='ocr_line' id='line_1_117' title="bbox 2269 5529 3054 5594; baseline -0.019 0"><span class='ocrx_word' id='word_1_756' title='bbox 2269 5535 2561 5594; x_wconf 78' lang='lat' dir='ltr'><strong>Frontonis</strong></span> <span class='ocrx_word' id='word_1_757' title='bbox 2591 5531 2655 5585; x_wconf 87' lang='lat' dir='ltr'><strong>ad</strong></span> <span class='ocrx_word' id='word_1_758' title='bbox 2687 5529 2826 5584; x_wconf 91' lang='lat' dir='ltr'><strong>hunc</strong></span> <span class='ocrx_word' id='word_1_759' title='bbox 2854 5530 3054 5583; x_wconf 90' lang='lat' dir='ltr'><strong>locum.</strong></span> 
     </span>
    </p>
   </div>
   <div class='ocr_carea' id='block_1_118' title="bbox 2345 5592 3770 5670">
    <p class='ocr_par' dir='ltr' id='par_1_118' title="bbox 2345 5592 3770 5670">
     <span class='ocr_line' id='line_1_118' title="bbox 2345 5592 3770 5670; baseline -0.013 -11"><span class='ocrx_word' id='word_1_760' title='bbox 2345 5623 2363 5645; x_wconf 69' lang='grc' dir='ltr'>ιτ</span> <span class='ocrx_word' id='word_1_761' title='bbox 2409 5603 2598 5658; x_wconf 71' lang='lat' dir='ltr'><strong>luKal.</strong></span> <span class='ocrx_word' id='word_1_762' title='bbox 2636 5602 2826 5669; x_wconf 85' lang='lat' dir='ltr'><strong>legitur</strong></span> <span class='ocrx_word' id='word_1_763' title='bbox 2860 5617 2872 5652; x_wconf 86' lang='lat'><strong>:</strong></span> <span class='ocrx_word' id='word_1_764' title='bbox 2903 5595 3214 5670; x_wconf 12' lang='lat' dir='ltr'><strong>{idfuigilias</strong></span> <span class='ocrx_word' id='word_1_765' title='bbox 3238 5592 3292 5646; x_wconf 89' lang='lat' dir='ltr'><strong>in</strong></span> <span class='ocrx_word' id='word_1_766' title='bbox 3325 5601 3488 5670; x_wconf 80' lang='lat' dir='ltr'><strong>nocte.</strong></span> <span class='ocrx_word' id='word_1_767' title='bbox 3566 5661 3577 5670; x_wconf 37' lang='lat'>.</span> <span class='ocrx_word' id='word_1_768' title='bbox 3646 5660 3683 5670; x_wconf 82' lang='lat'>_</span> <span class='ocrx_word' id='word_1_769' title='bbox 3762 5651 3770 5655; x_wconf 90' lang='lat'>_</span> 
     </span>
    </p>
   </div>
   <div class='ocr_carea' id='block_1_119' title="bbox 2341 5660 3872 5730">
    <p class='ocr_par' dir='ltr' id='par_1_119' title="bbox 2341 5660 3872 5730">
     <span class='ocr_line' id='line_1_119' title="bbox 2341 5660 3872 5730; baseline -0.01 0"><span class='ocrx_word' id='word_1_770' title='bbox 2341 5676 2365 5714; x_wconf 69' lang='grc' dir='ltr'><strong>ιι</strong></span> <span class='ocrx_word' id='word_1_771' title='bbox 2409 5677 2463 5730; x_wconf 86' lang='grc' dir='ltr'><strong>ιιι</strong></span> <span class='ocrx_word' id='word_1_772' title='bbox 2495 5685 2601 5728; x_wconf 85' lang='lat' dir='ltr'><strong>vet.</strong></span> <span class='ocrx_word' id='word_1_773' title='bbox 2634 5660 2876 5726; x_wconf 50' lang='lat' dir='ltr'><strong>Savcram.</strong></span> <span class='ocrx_word' id='word_1_774' title='bbox 2909 5668 3026 5722; x_wconf 79' lang='lat' dir='ltr'><strong>Gztl.</strong></span> <span class='ocrx_word' id='word_1_775' title='bbox 3058 5660 3090 5721; x_wconf 60' lang='grc' dir='ltr'><strong>νε</strong></span> <span class='ocrx_word' id='word_1_776' title='bbox 3137 5663 3302 5716; x_wconf 84' lang='lat' dir='ltr'><strong>Missa</strong></span> <span class='ocrx_word' id='word_1_777' title='bbox 3348 5666 3401 5715; x_wconf 88' lang='lat' dir='ltr'><strong>in</strong></span> <span class='ocrx_word' id='word_1_778' title='bbox 3433 5661 3606 5716; x_wconf 86' lang='lat' dir='ltr'><strong>natale</strong></span> <span class='ocrx_word' id='word_1_779' title='bbox 3637 5660 3790 5715; x_wconf 81' lang='lat' dir='ltr'><strong>Petri</strong></span> <span class='ocrx_word' id='word_1_780' title='bbox 3823 5673 3872 5715; x_wconf 76' lang='lat' dir='ltr'><strong>rt</strong></span> 
     </span>
    </p>
   </div>
   <div class='ocr_carea' id='block_1_120' title="bbox 2271 5730 3881 5831">
    <p class='ocr_par' dir='ltr' id='par_1_120' title="bbox 2271 5730 3881 5831">
     <span class='ocr_line' id='line_1_120' title="bbox 2271 5730 3881 5831; baseline -0.011 -27"><span class='ocrx_word' id='word_1_781' title='bbox 2271 5747 2472 5831; x_wconf 81' lang='lat' dir='ltr'><strong>Pauli,</strong></span> <span class='ocrx_word' id='word_1_782' title='bbox 2514 5753 2790 5814; x_wconf 72' lang='lat' dir='ltr'><strong>postquam</strong></span> <span class='ocrx_word' id='word_1_783' title='bbox 2871 5739 3061 5809; x_wconf 81' lang='lat' dir='ltr'><strong>legitur</strong></span> <span class='ocrx_word' id='word_1_784' title='bbox 3113 5734 3277 5789; x_wconf 79' lang='lat' dir='ltr'><strong>Missa</strong></span> <span class='ocrx_word' id='word_1_785' title='bbox 3325 5734 3488 5789; x_wconf 85' lang='lat' dir='ltr'><strong>sancti</strong></span> <span class='ocrx_word' id='word_1_786' title='bbox 3537 5730 3881 5805; x_wconf 80' lang='lat' dir='ltr'><strong>Sigismundi</strong></span> 
     </span>
    </p>
   </div>
   <div class='ocr_carea' id='block_1_121' title="bbox 2274 5838 3294 5943">
    <p class='ocr_par' dir='ltr' id='par_1_121' title="bbox 2274 5838 3294 5943">
     <span class='ocr_line' id='line_1_121' title="bbox 2274 5838 3294 5943; baseline -0.018 2"><span class='ocrx_word' id='word_1_787' title='bbox 2274 5838 2564 5943; x_wconf 48' lang='lat' dir='ltr'><strong>rmew&#39;llanc</strong></span> <span class='ocrx_word' id='word_1_788' title='bbox 2595 5882 2817 5941; x_wconf 85' lang='lat' dir='ltr'><strong>exhibet</strong></span> <span class='ocrx_word' id='word_1_789' title='bbox 2846 5873 3294 5936; x_wconf 88' lang='lat' dir='ltr'><strong>Benedictiouale.</strong></span> 
     </span>
    </p>
   </div>
  </div>
