4064 6350
537 437 635 494 πεῖ
1742 417 1984 481 SANCTI
2021 409 2348 472 GREGORII
2388 407 2606 465 MAGNI
2903 421 2917 437 ι
3700 405 3805 464 tes

535 550 634 606 ειίε
685 556 822 613 tuis,
882 543 1154 601 devotioni
1204 546 1404 598 nostrae
1457 536 1778 610 proﬁciant,
1831 540 1885 588 et
1934 526 2114 584 saluti.
2142 520 2287 595 Ada
2318 517 2527 575 famulis
2559 518 2661 572 tuis
2706 533 2921 574 suorum
2949 521 3158 574 veniam
3191 529 3529 591 peccatorum
3560 528 3621 576 ut
3674 535 3805 578 san-

535 639 654 699 Pcr.
810 609 818 613 ν
1463 609 1469 610 ’
2220 620 2428 667 olorum
2463 618 2674 664 tuorum
2706 609 3156 667 intercedentibus
3203 612 3411 668 meritis
3437 612 3508 667 ab
3552 615 3804 671 omnibus

603 736 876 807 “Nam.
906 763 974 775 ___
1005 733 1145 787 vere
1172 731 1388 801 dignum
1418 738 1471 784 ει
1496 734 1696 796 lusum,
1748 732 1853 787 εει,
1906 730 2118 790 aequum
2226 718 2530 759 mereamur
2551 702 2959 758 adVersitatibus
2980 702 3219 760 liberari.
3252 704 3356 760 Per
3386 704 3671 761 Dominum
3703 724 3809 763 no-

535 835 586 881 et
609 826 877 890 salutare,
918 838 1015 878 nos
1046 822 1138 877 tibi
1169 836 1381 890 semper
1424 830 1478 875 et
1522 818 1717 887 ubique
1760 812 1956 885 gratias
1996 825 2121 879 age-
2224 807 2418 853 εῐτυωι
2799 889 2836 890 η
3686 882 3689 885 _

535 931 625 984 re,
657 918 879 971 Domine
902 924 1105 981 sancte,
1135 915 1293 969 Pater
1319 913 1676 980 omnipotens,
1708 917 1908 965 aeterne
1937 909 2077 965 Deus
2104 926 2118 963 :

2298 890 2469 962 Super
2496 890 2687 944 oblata.
2704 917 2775 931 —
2797 889 3019 945 Munera
3042 890 3159 958 tibi,
3186 890 3437 959 Domine,
3483 910 3581 965 pro
3604 906 3820 953 sancto-

537 983 729 1067 donari
785 1012 938 1067 nobis
967 1010 1279 1082 suppliciter
1326 1018 1616 1065 exorantes
1640 1051 1653 1075 ,
1694 1016 1753 1061 ut
1788 1008 1926 1061 sicut
1954 1005 2120 1061 sancti
2224 999 2344 1082 ιὐξη
2365 993 2660 1082 ξηπιξτξιιη
2691 984 2880 1082 “Nlo”
2906 993 2959 1038 θι
2979 983 3193 1082 smn?“
3216 987 3464 1082 Ρθεείοηθ
3493 989 3817 1082 ἀφίετίιηυε.

542 1108 618 1163 tui
660 1108 915 1162 mundum
968 1106 1021 1159 in
1052 1116 1137 1158 tua
1167 1102 1365 1157 virtute
1393 1102 1654 1166 vicerunt,
1688 1102 1757 1155 ita
1785 1115 1883 1155 nos
1913 1116 1943 1154 a
1973 1115 2123 1154 mun-

2289 1077 2317 1132 ti
2348 1077 2473 1132 dum
2503 1077 2758 1132 ﬁniuntur
2786 1078 2839 1132 in
2873 1077 3061 1141 terris,
3105 1078 3231 1132 facti
3274 1086 3401 1135 sunt
3444 1080 3654 1137 caelesti
3699 1083 3823 1141 luce
3892 1150 3894 1153 I

536 1198 693 1254 danis
750 1198 1025 1253 erroribus
1072 1195 1345 1267 postulent
1402 1193 1667 1263 expediri.
1714 1192 1817 1249 Per
1853 1192 2123 1249 Christum

2292 1173 2493 1239 :rpetui,
2542 1170 2822 1225 humiliter
2868 1169 3205 1240 postulantes
3260 1182 3315 1227 ut
3371 1187 3556 1230 eorum
3610 1189 3826 1247 semper

538 1290 843 1348 Dominum,
1074 1261 1088 1267 ’
1474 1261 1491 1263 “
2229 1262 2433 1317 meritis
2463 1262 2791 1317 muniamur.
2825 1261 2947 1317 Per.

610 1386 691 1437 Ad
724 1384 1111 1455 Complendum.
1130 1414 1201 1424 —
1230 1383 1572 1452 Qumsumus,
1600 1385 1939 1454 omnipotens
1962 1385 2124 1455 Deus,

2303 1354 2575 1425 Prwfatio.
2596 1383 2667 1396 —
2698 1354 2834 1410 Vere
2860 1354 3079 1425 dignum
3126 1362 3182 1411 et
3213 1356 3415 1427 justum
3445 1367 3563 1425 est,
3613 1374 3828 1431 aequum

540 1484 597 1532 ut
634 1476 773 1530 illius
822 1476 1069 1530 salutaris
1099 1477 1377 1545 capiamus
1400 1476 1674 1541 effectum,
1705 1476 1857 1545 cujus
1889 1491 1985 1545 per
2014 1480 2128 1532 haec

2230 1456 2286 1504 et
2305 1448 2558 1515 salutare,
2590 1463 2689 1504 nos
2717 1448 2814 1504 tibi
2844 1463 3061 1520 semper
3088 1458 3143 1505 et
3192 1450 3386 1523 ubique
3414 1453 3615 1523 gratias
3639 1470 3829 1526 agere,

540 1571 793 1642 mysteria
822 1571 1015 1639 pignus
1040 1570 1365 1640 accepimus.
1401 1567 1503 1623 Per
1549 1570 1833 1624 Dominum
1862 1580 2127 1626 nostrum.
2233 1540 2473 1642 D°'_"i_"f_
2516 1550 2720 1642 “9°”:
2761 1540 2936 1642 Pale'_
2966 1541 3348 1642 θξιξξδίβθὲηδξ
3396 1554 3597 1642 ωιεηιθ
3640 1548 3782 1605 Deus
3816 1567 3832 1603 ³

541 1671 633 1719 vnt
663 1676 935 1718 KALENDAS
966 1661 1465 1733 sponsu—(455)
1496 1678 1719 1719 manus
1741 1678 1925 1719 SANCTI
1953 1678 2131 1719 ucom
2233 1634 2473 1736 9117
2503 1642 2553 1689 ιθ
2600 1634 2821 1689 Iamiam
2845 1634 3165 1736 _mi'_'abil°m
3196 1635 3483 1736 Donli‘fum
3529 1641 3583 1694 in
3629 1643 3839 1736 sanc}is

1198 1726 1471 1789 Apos'mu'.
2236 1726 2362 1791 tuis,
2384 1740 2517 1795 quos
2531 1735 2654 1781 ante
2684 1726 3124 1784 constitutionem
3157 1730 3342 1785 mundi
3372 1730 3424 1784 in
3452 1738 3703 1787 aeternam
3732 1733 3841 1792 tibi

608 1828 741 1885 Esto
764 1872 780 1896 ,
812 1828 1059 1895 Domine,
1110 1827 1370 1897 pr0pitius
1422 1828 1565 1897 plebi
1596 1837 1724 1895 tua,
1770 1830 2134 1885 sanctilicator
2234 1820 2459 1892 gloriam
2481 1822 3100 1892 prteparasti,utpereos
3116 1822 3453 1879 huicmundo
3468 1825 3706 1882 veritatis
3721 1835 3839 1883 tua:

540 1928 596 1977 et
614 1928 813 1984 custos,
854 1928 914 1973 ut
941 1918 1170 1987 apostoli
1205 1919 1281 1972 tui
1334 1918 1521 1973 Jacobi
1570 1919 1781 1974 munita
1832 1919 2092 1988 praesidiis
2116 1959 2130 1987 ,
2166 1938 2214 1999 Β
2242 1913 2423 1968 lumen
2458 1913 2793 1981 ostenderes,
2827 1929 2963 1984 quos
2994 1916 3065 1971 ita
3095 1917 3285 1985 spiritu
3318 1917 3563 1974 veritatis
3590 1920 3842 1987 armasti,

541 2022 596 2069 et
624 2010 1035 2085 conversatione
1089 2009 1183 2065 tibi
1226 2010 1456 2081 placeat,
1502 2017 1558 2066 et
1605 2024 1796 2066 secura
1846 2010 2133 2065 deserviat.
2240 2014 2303 2058 ut
2326 2004 2665 2059 formidinem
2696 2006 2887 2059 mortis
2929 2022 3023 2076 per
3064 2006 3429 2063 inﬁrmitatem
3460 2011 3639 2065 carnis
3684 2011 3844 2067 evin-

542 2104 667 2160 per.
2247 2106 2455 2151 cerent.
2484 2097 2561 2152 De
2590 2112 2817 2168 quorum
2838 2098 3067 2181 collegio
3088 2110 3213 2155 sunt
3238 2111 3502 2174 martyres
3528 2104 3842 2175 tuiAbdon,

618 2196 788 2264 Super
822 2194 1011 2250 oblata.
1041 2225 1111 2235 —
1135 2194 1447 2251 Oblationes
1494 2192 1676 2263 populi
1721 2194 1827 2261 tui,
1884 2192 2137 2262 Domine,

2243 2188 2402 2261 (456)
2437 2200 2492 2245 et
2536 2190 2765 2258 Sennes,
2797 2192 2887 2261 qui
2936 2191 2991 2246 in
3050 2192 3306 2248 Ecclesia:
3361 2204 3463 2250 tute
3504 2205 3654 2264 prato
3700 2196 3848 2254 sicut

545 2300 888 2359 quaesumus,
917 2285 1060 2340 beati
1118 2285 1346 2354 apostoli
1400 2285 1475 2338 tui
1527 2284 1714 2340 Jacobi
1761 2286 1938 2353 passio
1984 2285 2139 2340 beata
2251 2301 2393 2342 rosae
2421 2294 2475 2342 et
2492 2286 2601 2341 lilia
2632 2288 2947 2354 ﬂoruerunt,
2980 2303 3113 2357 quos
3143 2288 3409 2359 Unigeniti
3448 2290 3522 2344 tui
3550 2290 3761 2359 sanguis
3786 2291 3850 2350 in

546 2378 832 2447 conciliet,
869 2385 925 2431 et
976 2392 1094 2448 quas
1144 2377 1343 2433 nostris
1398 2384 1520 2444 apta
1568 2393 1674 2431 non
1726 2386 1851 2432 sunt
1892 2379 2098 2434 meritis
2123 2420 2139 2447 ,
2245 2377 2436 2449 prmlio
2465 2378 2849 2443 confessionis,
2880 2393 3038 2434 roseo
3067 2381 3248 2437 colore
3272 2381 3507 2451 perfudit
3533 2390 3588 2439 et
3607 2384 3675 2439 ob
3702 2398 3851 2454 pra:-

546 2472 679 2528 ﬁant
721 2474 814 2530 tibi
861 2474 1051 2545 placita
1107 2471 1224 2541 ejus
1270 2470 1664 2540 deprecatione.
1702 2472 1826 2527 Per.
1872 2505 1907 2515 η
2245 2469 2412 2524 ωἰυιιι
2458 2470 2726 2539 passionis
2777 2471 2934 2525 niveo
2985 2471 3220 2527 filiorum
3260 2472 3556 2545 ‘Splendore
3605 2476 3848 2532 vestivit.

621 2566 986 2639 Prwfatio.—
1011 2563 1153 2619 Vere
1181 2562 1399 2632 dignum
1426 2570 1530 2625 est,
1563 2576 1775 2631 aequum
1806 2570 1860 2616 et
1886 2562 2141 2629 salutare,
2248 2560 2352 2617 Per
2369 2576 2530 2631 quem
2556 2562 2911 2631 Maiestatem.

547 2672 649 2716 nos
699 2659 796 2715 tibi
855 2672 1068 2725 semper
1113 2665 1169 2710 et
1215 2655 1413 2724 ubique
1459 2656 1656 2724 gratias
1704 2669 1884 2725 agere,
1918 2658 2146 2712 Domine
2322 2656 2401 2709 Ad
2430 2654 2821 2727 Complendum.
2852 2684 2923 2696 —
2952 2656 3213 2727 Populum
3242 2666 3411 2727 tuum,
3441 2658 3691 2727 Domine,
3713 2674 3847 2729 per-

549 2761 755 2820 sancte,
788 2753 948 2809 Pater
977 2750 1339 2820 omnipotens,
1383 2760 1583 2805 aeterne
1613 2749 1753 2805 Deus
1788 2767 1799 2802 :
1853 2749 1973 2819 quia
2019 2750 2147 2805 licet
2252 2756 2412 2818 petua
2442 2748 2741 2803 munitione
2770 2750 3023 2821 defende,
3076 2768 3174 2809 nec
3214 2753 3524 2825 difﬁculter,
3573 2757 3719 2826 quod
3758 2760 3853 2828 pie

550 2852 708 2911 nobis
738 2867 952 2924 semper
977 2850 1208 2906 salutem
1242 2856 1495 2919 operetur
1533 2848 1699 2901 divini
1732 2847 2026 2903 celebratio
2053 2862 2145 2902 sa-
2254 2852 2311 2901 et
2335 2844 2477 2913 juste
2508 2844 2741 2913 postulat
2765 2855 3151 2916 consequatur,
3186 2848 3272 2904 cui
3298 2859 3605 2905 sanctorum
3631 2860 3851 2908 tuorum

550 2934 838 3014 craménti,
880 2947 1199 3016 propensius
1249 2952 1428 2997 tamen
1456 2941 1610 2996 nobis
1638 2940 1958 2996 conﬁdimus
2009 2956 2138 3009 pro-
2255 2937 2446 2993 merita
2477 2936 2862 3007 suffragantur.
2896 2940 3024 2994 Per.

552 3039 809 3107 futuram,
841 3038 887 3093 si
918 3037 1063 3094 beati
1093 3035 1321 3107 apostoli
1354 3034 1427 3089 tui
1454 3032 1638 3088 Jacobi
1670 3032 2149 3089 intercessionibus
2377 3042 2639 3085 KALENDJS
2662 3045 2912 3087 AUGUSTI.
2944 3061 3015 3072 ——
3043 3048 3112 3087 an
3142 3046 3385 3090 sanorum
3412 3049 3629 3091 rs'rnuu
3656 3051 3727 3091 an

553 3132 894 3204 adjuvemur.
932 3130 1033 3185 Per
1061 3129 1354 3185 Christum.
2335 3194 2371 3204 λ
2625 3195 2635 3204 ¹
2669 3195 2683 3204 _
2924 3118 3171 3204 viscum.
3400 3200 3412 3204 -
3664 3202 3670 3204 Α
3826 3164 3829 3167 ἰ

626 3194 708 3279 λά
738 3224 1219 3293 Complendum.—-
1252 3219 1401 3275 Beati
1431 3218 1661 3289 apostoli
1689 3219 1764 3274 tui
1785 3218 1970 3273 Jacobi
1999 3262 2015 3286 ,
2048 3233 2152 3273 cu-

2333 3194 2497 3260 Deus,
2548 3195 2637 3264 qui
2669 3195 2883 3251 beatum
2941 3196 3156 3253 Petrum
3208 3200 3507 3270 apostolum
3551 3215 3583 3256 a
3626 3202 3860 3261 vinculis

559 3318 645 3390 ius
677 3317 837 3373 hodie
869 3287 1152 3371 festivitate
1190 3314 1349 3384 “6
1385 3287 1612 3381 εοιζροτθ
1653 3321 1707 3367 ει
1744 3310 2004 3381 sanguine
2033 3309 2153 3365 Filii
2188 3339 2235 3402 C
2264 3287 2827 3402 absolutlum‘illacsum
2848 3290 3007 3402 Iabire
3038 3291 3233 3361 fecisti,
3268 3305 3609 3362 nostrorum,
3641 3312 3861 3368 quzesu-

559 3383 637 3466 tui
669 3424 766 3465 nos
799 3408 1050 3474 refecisti,
1080 3383 1409 3478 quaesumus,
1456 3403 1682 3459 Domine
1706 3441 1724 3467 ,
1769 3402 2158 3458 intercessione
2189 3383 2235 3402 υ
2264 3396 2403 3478 "‘99-
2439 3383 2657 3478 3b501V¢
2685 3383 2896 3439 Vincu'a
2940 3398 3308 3455 Ρθοοῖίιοηιω,
3341 3400 3394 3445 Et
3417 3392 3594 3447 omnia
3640 3394 3783 3449 mala
3828 3409 3864 3450 a

560 3504 750 3573 adjuva
770 3543 784 3570 ,
810 3518 905 3573 pro
931 3477 1465 3571 cujusisolemnitate
1510 3500 1848 3570 perceoimus
1878 3507 1966 3553 tua
1992 3498 2155 3565 dona,
2260 3477 2419 3573 ηοῙζίε
2451 3477 2768 3573 Ρτορίῑίδίυε
2791 3478 3037 3573 θκίξίυάθ·
3065 3482 3186 3537 P61”-

564 3570 831 3650 ιερίτιηιεεξ
862 3593 964 3649 ρει-
984 3570 1257 3648 έυιηάειη,
2337 3570 2507 3640 Super
2553 3571 2745 3627 oblata.
2778 3601 2848 3611 —
2876 3572 3131 3643 Suscipe,
3185 3575 3444 3644 Domine,
3493 3577 3737 3633 llostiam
3767 3593 3863 3635 re-

637 3688 811 3757 Super
851 3686 1120 3757 populum.
1139 3715 1211 3727 —
1248 3682 1614 3740 Solemnitatis
1642 3682 1947 3752 apostolica
1974 3686 2159 3739 multi-

2263 3662 2591 3733 demptionis
2618 3665 2887 3729 humanm,
2919 3665 3315 3725 interveniente
3343 3669 3503 3725 beato
3532 3670 3696 3726 Petro
3723 3686 3862 3741 apo-

565 3783 850 3856 plicatione
877 3782 1173 3853 gaudentes
1222 3777 1564 3836 clementiam
1595 3787 1741 3833 tuam
1786 3778 2159 3848 deprecamur,

2265 3758 2431 3823 stolo,
2470 3767 2526 3814 et
2577 3759 2807 3815 salutem
2838 3759 2991 3815 nobis
3021 3760 3217 3815 mentis
3256 3770 3310 3816 et
3350 3761 3591 3830 corporis
3636 3777 3868 3833 operare

569 3852 913 3947 omnipotens
955 3876 1117 3942 Deus,
1151 3885 1209 3928 ut
1256 3872 1459 3928 tribuas
1508 3870 1707 3941 jugiter
1752 3884 1849 3926 nos
1894 3885 2080 3925 eorum
2109 3883 2165 3926 et
2266 3852 2675 3947 ΡιδεξηίιιείΡθτο

570 3972 910 4030 confessione
952 3970 1226 4037 benedici,
1259 3976 1316 4025 et
1364 3966 1674 4039 patrociniis
1717 3967 2011 4022 confoveri.
2063 3968 2165 4023 Per

2365 3945 2445 3997 Ad
2500 3942 2893 4015 Complendum.
2945 3974 3017 3985 —
3045 3946 3301 4016 Corporis
3349 3944 3489 4002 sacri
3536 3953 3591 4001 et
3639 3947 3870 4015 pretiosi

582 4063 895 4122 Dominum.
1365 4037 1380 4039 ”
2269 4037 2542 4109 sanguinis
2572 4038 2761 4107 repleti
2789 4039 3063 4107 libamine,
3095 4054 3426 4109 quaesumus,
3458 4039 3681 4095 Domine
3721 4040 3873 4096 Deus

606 4169 663 4213 η
698 4165 725 4192 α
755 4170 1030 4211 “unus
1081 4170 1324 4212 meum.
1358 4183 1428 4199 _
1458 4166 1686 4211 mnus
1729 4151 1751 4223 (
1770 4150 1909 4223 454)
1950 4166 2133 4209 sum."
2270 4140 2475 4223 noster,
2524 4138 2584 4185 ut
2621 4130 2765 4223 quod
2816 4131 2900 4201 pia
2949 4131 3237 4187 devotione
3273 4130 3301 4170 b
3333 4133 3590 4204 gerimus,
3634 4132 3876 4186 interce-

964 4232 967 4239 ‘
1254 4242 1484 4282 raucrs.
1742 4221 1749 4223 ἡ
1890 4221 1898 4223 ⁷
2272 4221 2435 4277 dente
2462 4222 2619 4277 beato
2647 4221 2807 4278 Petro
2855 4224 3096 4293 apostolo
3129 4233 3253 4292 tuo,
3301 4235 3448 4281 certa
3487 4224 3875 4293 redemptione

648 4320 1014 4377 Inﬁrmitatem
1045 4328 1284 4375 nostram
1343 4320 1570 4389 respice,
1622 4318 1963 4388 omnipotens
2005 4319 2168 4384 Deus,
2277 4317 2573 4389 capiamus.

578 4419 634 4469 et
662 4410 822 4481 (453$)
849 4425 981 4481 quos
1013 4412 1219 4480 pondus
1263 4412 1494 4479 propriae
1523 4410 1749 4466 actionis
1775 4421 1979 4480 gravat,
2030 4411 2172 4467 beati
2274 4425 2327 4468 tv
2399 4426 2568 4467 nouas
2631 4426 2877 4470 AUGUSTl.
2932 4441 3003 4456 --
3077 4428 3303 4469 unus
3356 4428 3543 4470 ξηαπ
3604 4428 3878 4470 sumam

580 4504 753 4561 felicis
784 4504 1038 4574 martyris
1094 4502 1166 4557 tui
1199 4513 1357 4572 atque
1388 4501 1651 4572 pontiﬁcis
1695 4503 2007 4559 intercessio
2058 4504 2175 4574 glo-
2732 4499 2966 4541 “150°”
3014 4501 3083 4540 ετ
3106 4499 3394 4541 υλκτῖιῖιεο

580 4596 722 4653 riosa
751 4610 847 4650 nos
879 4603 1141 4666 protegat.
1167 4594 1272 4649 Per
1298 4594 1580 4650 Dominum
1610 4600 1874 4648 nostrum.

2356 4576 2517 4643 Deus,
2575 4578 2666 4647 qui
2697 4593 2798 4633 nos
2829 4578 2973 4634 beati
3016 4579 3274 4649 Stephani
3306 4578 3560 4653 martyris
3589 4579 3667 4635 tui
3709 4587 3882 4650 atque

655 4689 825 4760 super
852 4689 1045 4743 οωαια,
1066 4688 1362 4743 *ηπῶς
1391 4687 1506 4755 tibi,
1525 4686 1765 4753 nomine,
1798 4700 1894 4755 pro
1940 4700 2175 4744 comme-
2205 4738 2254 4760 ἢ
2280 4670 2551 4741 pontiﬁcis
2578 4683 2751 4725 annua
2794 4672 3136 4727 solemnitate
3181 4671 3442 4739 laetiﬁcas,
3476 4671 3710 4728 concede
3739 4688 3885 4741 pro—

655 4738 809 4760 η-γη
1396 4738 1549 4755 --ηειτ

584 4786 883 4839 moratione
914 4783 1086 4838 sancti
1116 4781 1311 4838 Felicis
1334 4780 1609 4837 offerimus
1632 4821 1646 4845 ,
1683 4796 1842 4851 quem
1886 4796 1915 4834 a
1947 4781 2018 4836 tui
2049 4796 2173 4837 cor-

2282 4738 2444 4833 pitius
2473 4770 2531 4818 ut
2559 4762 2712 4833 cujus
2743 4763 2982 4819 natalitia
3029 4764 3278 4833 colimus,
3318 4766 3387 4820 de
3427 4764 3667 4834 ejusdem
3710 4738 3884 4823 etiam

584 4876 731 4947 poris
754 4876 953 4931 unitate
978 4875 1123 4930 nulla
1158 4873 1379 4930 tentatio
1401 4874 1687 4944 separavit.
1712 4872 1833 4927 Per.

2280 4855 2613 4926 protectione
2640 4856 2990 4927 gaudeamus.
3027 4857 3130 4913 Per
3154 4858 3441 4915 Dominum
3472 4866 3738 4913 nostrum.

658 4969 738 5021 Ad
767 4966 1535 5038 Complcndum.—Spiritum
1567 4966 1742 5033 nobis,
1794 4964 2039 5032 Domine,
2074 4975 2179 5022 tuae
2354 4949 2526 5019 Super
2575 4951 2765 5005 οὸιαιασ
2815 4981 2885 4993 -
2936 4952 3155 5007 Munera
3215 4951 3331 5019 tibi.
3393 4952 3638 5017 Domine.
3692 4950 3886 5008 dicata

587 5062 862 5118 charitatis
893 5061 1132 5125 infunde,
1165 5071 1220 5115 ut
1246 5076 1381 5130 quos
1409 5075 1516 5114 uno
1550 5074 1685 5128 pane
1715 5058 1917 5113 cmlesﬁ
1949 5060 2175 5127 satiasti,
2284 5042 2592 5109 εθηειίίίοδς
2632 5053 2686 5098 ει
2730 5044 3100 5099 intercedente
3131 5044 3289 5098 beato
3320 5043 3593 5113 Stephano
3634 5053 3891 5115 martyre

591 5147 958 5203 intercedente
985 5147 1142 5203 beato
1160 5147 1339 5203 Felice
1367 5155 1605 5217 martyre
1634 5154 1744 5213 tuo,
1768 5154 1854 5200 tua
1878 5145 2037 5202 facias
2066 5148 2183 5216 pie-

2286 5144 2377 5189 tuo
2432 5145 2591 5205 atque
2635 5135 2915 5204 pontiﬁce,
2969 5150 3062 5205 per
3115 5134 3305 5191 eadem
3358 5150 3458 5190 nos
3500 5134 3742 5205 placatus
3793 5137 3885 5191 in-

594 5248 700 5294 tatc
730 5238 1043 5293 concordes.
1071 5237 1193 5293 Per,
2293 5225 2475 5282 tende.
2505 5226 2611 5281 Per
2641 5227 2947 5282 Dominum.

594 5370 650 5411 Ill
678 5366 949 5408 ιικιιεΝυΑΒ
984 5366 1311 5409 AUGUSTI.—
1339 5368 1561 5408 NATALIS
1581 5366 1893 5409 SANCTORUII
1923 5367 2090 5409 ADDON
2118 5369 2185 5408 ΕΤ

2359 5319 2441 5373 Ad
2472 5318 2863 5391 Complendum.
2887 5350 2958 5362 —
2981 5320 3106 5377 Haec
3128 5333 3228 5376 nos
3250 5316 3582 5385 communio,
3610 5316 3845 5372 Domine
3871 5362 3889 5385 ,

1281 5442 1504 5479 sexsex.
2289 5421 2479 5482 purget
2516 5428 2547 5466 a
2592 5414 2851 5479 crimine;
2897 5422 2949 5468 et
2996 5412 3360 5467 intercedente
3401 5410 3558 5466 beato
3602 5409 3893 5478 Stephano

667 5517 843 5584 Deus,
880 5517 973 5588 qui
998 5517 1198 5572 sanctis
1228 5519 1330 5571 tuis
1359 5517 1548 5571 Abdon
1579 5524 1633 5571 et
1664 5516 1877 5572 Sennen
1925 5516 1993 5571 ad
2051 5516 2187 5572 hanc
2289 5516 2525 5579 martyre
2555 5515 2645 5561 tuo
2675 5514 2833 5576 atque
2874 5505 3126 5575 pontiﬁce
3160 5500 3399 5560 caelestis
3446 5499 3671 5559 remedii
3720 5500 3900 5557 faciat

597 5610 821 5683 gloriam
849 5609 1100 5667 veniendi
1127 5610 1403 5679 copiosum
1432 5624 1626 5665 munus
1656 5610 1839 5678 gratia:
1868 5609 2139 5665 contulisti
2167 5648 2182 5675 ,
2290 5619 2413 5661 esse
2441 5608 2737 5659 consortes.
2762 5599 2885 5656 Per.

675 5776 698 5801 τι
744 5770 879 5824 Ante
927 5768 1030 5823 hoc
1060 5766 1250 5821 festum
1284 5766 1335 5820 in
1367 5766 1537 5821 Codd.
1571 5766 1838 5822 Theoder.
1872 5774 1925 5821 et
1970 5765 2179 5820 Gcmet.
2289 5759 2813 5833 utroquei'l‘heoder.
2839 5767 2895 5833 et
2924 5760 3093 5814 sancti
3118 5756 3534 5833 P_antaleonisin
3561 5754 3778 5833 Gemet.

603 5850 893 5894 occurrunt
924 5841 1056 5893 festa
1087 5850 1286 5893 sancta:
1337 5838 1591 5894 Praxedis
1615 5881 1628 5899 ,
1661 5848 1715 5893 et
1762 5838 1929 5892 sancti
1986 5837 2184 5905 Apolli-
2250 5859 2260 5870 -
2360 5834 2385 5870 δ
2421 5828 2473 5887 Ιή
2506 5832 2649 5905 Cod.
2676 5832 2806 5901 Reg.
2844 5830 3028 5905 suco.)
3052 5830 3315 5905 geg‘mus,
3360 5838 3498 5905 certa
3534 5828 3898 5905 redemptione

599 5911 774 5980 naris,
809 5921 1113 5966 sanctorum
1148 5926 1275 5967 vero
1306 5910 1499 5967 Nicasii
1541 5920 1595 5966 et
1621 5910 1899 5967 Sociorum
1928 5899 2086 5964 mart.
2128 5911 2183 5965 in
2289 5907 2571 5979 capiamus.
2610 5902 2737 5972 Per,
2761 5899 2866 5958 etc.
2897 5902 2951 5957 in
2988 5899 3085 5958 Ed.
3121 5901 3324 5963 Pamel.
3351 5899 3455 5956 alia
3479 5911 3563 5955 est
3594 5900 3793 5957 oratio.
