4064 6350
253 356 358 419 129

1436 354 1647 413 LIBER
1685 346 2327 413 SACRAMENTORUM.

3436 345 3541 405 £56

253 493 349 534 vin
378 492 495 535 mus
522 488 837 533 AUGUSTI—
858 481 885 513 α
912 472 1134 530 smus
1163 470 1352 528 stuc-rt
1381 488 1531 527 srxrr
1567 476 1820 530 apiscom.‘
1888 477 1934 536 Λ
1964 480 2301 527 sacrosancta
2332 467 2608 539 mysteria.
2652 481 2773 539 qua:
2805 465 3153 539 sumpsimus,
3184 476 3308 523 actu
3353 448 3562 527 subsedi

328 571 493 639 Deus,
521 569 617 640 qui
648 569 940 639 conspicis,
971 569 1095 637 quia
1124 582 1189 623 ex
1239 566 1381 621 nulla
1430 575 1613 627 nostra
1656 566 1854 622 virtute

261 662 429 733 118
475 658 844 725 subsistimus.
882 658 1119 715 concede
1150 658 1451 727 propitiusf,
1485 666 1543 712 ut
1593 660 1856 713 interces-

252 762 409 806 sione
437 752 583 807 beati
614 750 754 806 Sixti
786 750 1030 821 martyris
1053 748 1129 803 tui
1159 758 1317 819 atque
1348 748 1637 820 pontificis,
1666 756 1852 804 contra

249 843 438 897 omnia
466 842 692 897 adversa
725 841 1052 896 muniamur.
1084 840 1210 896 Per.

329 936 504 1005 Super
530 936 722 990 oblata.
755 964 828 976 ——-
854 934 1098 1003 Suscipe,
1132 934 1380 1002 Domine,
1410 947 1633 989 munera
1659 930 1852 1003 propi-

254 1029 424 1081 tiatus
468 1028 669 1093 oblata,
694 1041 816 1096 quae
868 1026 1134 1095 majestati
1176 1034 1279 1081 tuae
1324 1026 1515 1083 beatus
1555 1025 1743 1083 Sixtus
1770 1038 1856 1080 sa—

253 1120 453 1175 cerdos
481 1121 823 1175 commendet
848 1129 903 1174 et
929 1131 1157 1192 martyr.
1192 1121 1315 1177 Per.
1467 1118 1475 1125 ⁷

329 1214 605 1285 Praefatio.
635 1243 705 1254 —
747 1212 888 1268 Vere
916 1212 1134 1283 dignum
1163 1221 1220 1268 et
1244 1213 1448 1281 justum
1479 1221 1587 1281 est,
1638 1226 1854 1283 aequum

253 1314 314 1361 et
339 1305 600 1370 salutare,
632 1319 731 1359 nos
759 1304 856 1359 tibi
882 1319 1099 1374 semper
1128 1314 1183 1359 et
1222 1306 1422 1375 ubique
1453 1305 1652 1375 gratias
1673 1320 1854 1377 agere,

254 1398 485 1453 Domine
532 1406 741 1463 sancte,
775 1397 931 1452 Pater
969 1397 1332 1466 omnipotens,
1391 1406 1594 1453 aeterne
1650 1396 1792 1452 Deus
1838 1413 1853 1449 :

252 1497 312 1542 et
340 1490 395 1543 in
427 1488 513 1544 die
540 1488 847 1544 festivitatis
875 1488 1173 1556 hodiernae,
1209 1504 1313 1558 qua
1340 1489 1532 1545 beatus
1556 1488 1737 1545 Sixtus
1763 1504 1859 1559 pa-

254 1582 393 1637 riter
440 1580 693 1638 sacerdos
739 1591 796 1637 et
830 1591 1033 1651 martyr
1084 1581 1335 1637 devotum
1387 1582 1485 1637 tibi
1540 1581 1857 1652 sanguinem

253 1672 591 1728 exsultanter
620 1670 831 1739 eﬂ‘udit,
862 1672 955 1743 qui
980 1673 1046 1728 ad
1094 1673 1337 1729 eamdem
1384 1673 1609 1745 gloriam
1643 1687 1856 1744 prome-

259 1766 490 1821 rendam
531 1766 793 1822 doctrinae
821 1780 933 1821 suae
964 1766 1105 1823 filios
1152 1766 1414 1832 incitavit,
1470 1776 1526 1823 et
1569 1782 1702 1837 quos
1731 1782 1855 1822 eru-

258 1855 447 1912 diebat
472 1856 687 1912 hortatu
720 1857 1087 1925 praeveniebat
1113 1859 1384 1928 exemplo.
1419 1859 1525 1915 Per
1560 1858 1853 1915 Christum.
1887 1865 1938 1927 Β

337 1945 487 2019 (439)
518 1947 779 2019 Prtefatio
808 1965 940 2007 um.
977 1980 1048 1991 —
1076 1952 1221 2007 Intra
1253 1967 1477 2022 quorum
1510 1968 1608 2009 nos
1636 1968 1860 2009 consor-

256 2039 418 2108 tium,
458 2054 566 2095 non
594 2041 892 2097 aestimator
932 2044 1133 2111 meriti,
1167 2043 1263 2100 sed
1292 2044 1490 2113 veniae,
1518 2053 1857 2114 quaesumus,

254 2132 488 2204 largitor
516 2134 758 2190 admitte.
789 2136 895 2191 Per
920 2136 1213 2193 Christum.

340 2226 502 2296 (MO)
529 2225 816 2282 Benedictio
847 2243 979 2283 uvae.
1005 2259 1076 2270 —
1103 2230 1335 2287 Benedic
1354 2272 1369 2299 ,
1403 2230 1651 2297 Domine,
1678 2239 1733 2286 et
1762 2230 1860 2286 hos

257 2320 481 2374 fructus
508 2333 676 2375 novos
702 2335 839 2390 uvae,
871 2336 1006 2391 quos
1034 2329 1114 2388 tu,
1146 2321 1404 2390 Domine,
1440 2337 1563 2378 rore
1611 2322 1766 2391 cteli,
1806 2330 1863 2376 et

256 2410 586 2466 inundantia
616 2412 935 2481 pluviarum,
964 2422 1019 2470 et
1041 2422 1336 2484 temporum
1369 2415 1667 2471 serenitate
1697 2423 1862 2486 atque

255 2503 690 2574 tranquillitate,
735 2506 801 2561 ad
845 2508 1210 2564 maturitatem
1264 2510 1563 2579 perducere
1611 2509 1862 2580 dignatus

258 2610 346 2662 es,
382 2607 437 2652 et
482 2594 677 2654 dedisti
706 2612 800 2655 eos
846 2600 913 2655 ad
960 2615 1089 2656 usus
1138 2612 1373 2669 nostros,
1404 2617 1527 2657 cum
1554 2604 1854 2672 gratiarum

259 2689 480 2745 actione
504 2690 734 2760 percipi,
780 2691 835 2746 in
869 2693 1088 2748 nomine
1115 2692 1327 2749 Domini
1350 2694 1520 2750 nostri
1544 2695 1671 2750 Jesu
1708 2692 1865 2749 Chri-

258 2782 360 2838 sti.
392 2782 493 2838 Per
522 2797 681 2853 quem
719 2784 835 2839 huic
860 2786 1075 2854 omnia._

342 2877 427 2930 Ad
462 2875 851 2949 Complendttm.
880 2911 950 2921 —
994 2879 1218 2948 Praesta,
1250 2896 1577 2953 quaesumus,
1634 2882 1866 2939 Domine

265 2971 418 3026 Deus
454 2980 659 3040 noster,
692 2980 753 3027 ut
778 2973 931 3043 cujus
977 2974 1132 3029 nobis
1182 2974 1475 3031 festivitate
1522 2975 1701 3031 votiva
1742 2985 1868 3033 sunt

272 3075 642 3138 sacramenta,
672 3065 792 3137 ejus
834 3066 1087 3124 salutaria
1126 3067 1286 3124 nobis
1310 3068 1697 3125 intercessione
1745 3068 1869 3125 red-

261 3152 493 3209 dantur.

1957 580 2184 636 quamur
2211 572 2267 619 et
2293 577 2476 617 sensu.
2507 562 2628 617 Per.

2073 695 2107 734 ν
2135 692 2255 734 IDUS
2281 690 2527 733 AUGUSTI.
2564 706 2633 715 ·-
2657 691 2854 733 νιοιιιλ
2883 688 3071 732 SANCTI
3099 689 3411 732 ιιυιιεκτιι.

2027 794 2255 859 Adesto,
2300 793 2544 859 Domine,
2576 792 3054 863 supplicationibus
3102 792 3331 857 nostris;
3361 800 3415 845 et
3454 788 3543 844 in-

1958 886 2284 943 tercessione
2315 885 2459 940 beati
2489 884 2758 940 Laurentii
2789 885 3044 953 martyris
3078 884 3174 948 tui,
3225 890 3541 951 perpetuam

1959 977 2113 1033 nobis
2169 974 2591 1032 misericordiam
2640 977 2913 1047 impende.
2964 976 3069 1031 Per
3100 973 3387 1031 Dominum
3442 986 3545 1028 no-

1959 1078 2151 1123 strum.

2025 1160 2197 1231 Super
2225 1160 2414 1214 oblata.
2461 1190 2528 1201 ——
2559 1161 2820 1231 llostias,
2842 1163 3083 1229 Domine,
3117 1176 3249 1233 quas
3280 1160 3392 1216 tibi
3414 1158 3546 1215 ofl'e-
3584 1147 3599 1171 1‘

1960 1251 2147 1320 rimus,
2182 1253 2440 1322 propitius
2468 1252 2706 1324 suscipej;
2739 1263 2793 1309 et
2822 1253 3191 1309 intercedente
3215 1253 3373 1313 beato
3400 1250 3544 1304 Lau-

1960 1345 2132 1400 rentio
2160 1354 2395 1418 martyre
2444 1354 2559 1413 tuo,
2595 1345 2808 1401 vincula
2839 1352 3180 1415 peccatorum
3232 1351 3542 1399 nostrorum

1960 1438 2204 1494 absolve.
2236 1438 2358 1493 Per.

2032 1529 2309 1600 Prwfatio.
2356 1560 2424 1571 -—-
2453 1530 2591 1584 Vere
2621 1528 2838 1599 dignum
2868 1537 2923 1584 et
2950 1530 3149 1598 justum
3198 1536 3305 1594 est,
3337 1539 3548 1594 aequum

1961 1627 2017 1673 et
2046 1620 2300 1686 salutare,
2334 1634 2433 1675 nos
2463 1620 2557 1675 tibi
2588 1634 2800 1688 semper
2827 1629 2880 1674 et
2910 1618 3112 1687 ubique
3142 1619 3338 1687 gratias
3362 1628 3545 1684 agere,

1962 1710 2192 1764 Domine
2221 1720 2431 1779 sancte,
2462 1711 2621 1766 Pater
2648 1711 3012 1778 omnipotens,
3042 1720 3241 1763 aeterne
3273 1705 3413 1761 Deus
3446 1722 3461 1759 :
3496 1715 3552 1760 et

1963 1804 2171 1861 devotis
2200 1806 2464 1862 mentibus
2493 1804 2669 1860 natale
2696 1803 2841 1859 beati
2886 1802 3141 1873 martyris
3174 1800 3250 1856 tui
3277 1797 3552 1854 Laurentii

1962 1881 2283 1967 praevenire,
2316 1897 2404 1966 qui
2447 1898 2607 1951 levita
2650 1896 2807 1949 simul
2838 1904 3153 1965 martyrque
3184 1892 3547 1957 venerandus,

1964 2002 2018 2055 et
2062 1991 2281 2060 proprio
2328 1990 2521 2044 claruit
2550 1989 2814 2059 gloriosus
2845 1988 3049 2054 ofﬁcio,
3101 1994 3155 2043 et
3190 1984 3553 2042 memorandae

1963 2083 2231 2152 passionis
2257 2080 2473 2136 refulsit
2502 2080 2785 2151 martyrio.
2822 2079 2924 2136 Per
2952 2078 3219 2135 Christum
3268 2077 3552 2134 Dominum

1964 2181 2205 2229 nostrum
2216 2213 2232 2229 ο

2037 2264 2118 2319 Ad
2151 2262 2541 2334 Complendum.
2573 2293 2643 2303 —
2674 2262 2772 2328 Da,
2803 2275 3133 2333 quaesumus,
3166 2261 3309 2317 Deus
3338 2268 3549 2329 noster,

1964 2356 2185 2412 utsicut
2231 2356 2370 2411 beati
2421 2355 2693 2410 Laurentii
2736 2355 2989 2426 martyris
3044 2353 3117 2408 tui
3167 2367 3557 2409 commemora-

1966 2446 2133 2515 tione,
2167 2446 2445 2516 temporali
2471 2445 2800 2517 gratulamur
2828 2444 3030 2513 oflicio,
3063 2444 3136 2500 ita
3169 2454 3426 2516 perpetuo
3457 2444 3553 2500 lte-

1968 2545 2143 2593 tentur
2167 2545 2409 2605 aspectu.
2442 2537 2566 2592 Per.

2043 2631 2177 2686 Alia.
2213 2661 2281 2670 ——
2328 2630 2439 2697 Da,
2491 2643 2837 2701 quaesumus,
2894 2630 3237 2701 omnipotens
3284 2627 3447 2696 Deus,
3498 2637 3560 2685 ut

1966 2724 2293 2795 triumphum
2324 2724 2469 2779 beati
2520 2724 2795 2780 Laurentii
2846 2723 3099 2795 martyris
3142 2724 3239 2790 tui,
3269 2738 3424 2793 quem
3467 2723 3564 2777 de-

1967 2813 2166 2883 spectis
2196 2814 2408 2884 ignibus
2434 2815 2827 2869 consummavit
2856 2813 2910 2868 in
2938 2815 3113 2880 terris,
3147 2822 3403 2884 perpetua
3445 2827 3557 2869 coe-

1968 2905 2140 2959 lorum
2172 2905 2292 2958 luce
2320 2904 2664 2973 conspicuum
2685 2944 2702 2972 ,
2731 2904 2893 2972 digno
2919 2901 3133 2959 fervore
3166 2902 3290 2960 fidei
3328 2915 3556 2958 venere-

1969 3009 2111 3049 mur.
2140 2994 2245 3049 Per
2276 2993 2555 3048 Dominum
2602 3003 2870 3050 nostrum.

2042 3088 2123 3143 Ad
2152 3086 2456 3142 Matutinos.
2483 3117 2556 3129 -—
2586 3087 2748 3158 Deus,
2779 3087 2966 3143 mundi
2995 3085 3219 3144 Creator
3250 3098 3306 3145 et
3334 3099 3511 3145 rector
3536 3132 3553 3158 ,

1973 3179 2063 3249 qui
2092 3179 2234 3233 hunc
2262 3180 2400 3234 diem
2430 3179 2483 3233 in
2515 3180 2659 3235 beati
2689 3180 2867 3235 levitas
2900 3179 2976 3235 tui
3002 3179 3279 3236 Laurentii
3302 3182 3562 3253 martyrio

261 3280 451 3352 nonest
488 3264 517 3306 ι’
552 3282 664 3325 δικ.
711 3298 783 3310 -
817 3282 1041 3327 manus
1070 3283 1381 3327 SANCTOBUM
1432 3287 1746 3329 rsLtcrssmt
1800 3290 1869 3330 nr
1898 3238 1946 3302 Ο
1976 3273 2302 3327 consecrasti
2322 3312 2337 3337 ,
2369 3272 2604 3327 concede
2634 3273 2899 3341 propitius
2928 3281 2986 3326 ut
3016 3288 3204 3328 omnes
3230 3274 3319 3344 qui
3349 3281 3560 3343 marty-

958 3357 1192 3397 AGAPITI.

342 3452 510 3522 Deus,
539 3454 633 3525 qui
660 3470 757 3511 nos
786 3454 1043 3513 concedis
1069 3465 1382 3513 sanctorum
1408 3469 1705 3531 martyrum
1736 3467 1866 3514 tuo-

254 3560 397 3600 rum
423 3544 746 3603 Felicissimi
774 3557 830 3603 et
856 3548 1071 3620 Agapiti
1102 3550 1345 3605 natalitia
1376 3551 1576 3616 colere,
1610 3550 1680 3606 da
1713 3552 1871 3609 nobis

254 3637 319 3693 in
351 3649 557 3694 aeterna
588 3640 773 3696 laetitia
799 3641 868 3697 de
896 3656 1081 3698 eorum
1112 3643 1369 3699 societate
1395 3643 1653 3714 gaudere.
1687 3644 1813 3700 Per.

340 3727 518 3801 Super
541 3734 735 3788 oblata.
763 3765 826 3777 —-
861 3734 1081 3791 Munera
1116 3736 1233 3804 tibi,
1268 3735 1519 3801 Domine,
1551 3745 1751 3791 nostrae
1773 3737 1872 3793 de-

255 3826 514 3882 votionis
560 3827 866 3895 offerimus,
924 3844 1042 3898 qua:
1085 3838 1142 3885 et
1187 3843 1285 3899 pro
1333 3838 1546 3885 tuorum
1598 3828 1692 3884 tibi
1723 3838 1873 3900 grata

257 3920 387 3974 sint
438 3918 643 3976 honore
685 3920 956 3990 justorum
986 3931 1042 3978 et
1093 3922 1247 3977 nobis
1298 3922 1578 3992 salutaria,
1614 3933 1665 3978 te
1713 3924 1874 3979 mise-

258 4016 458 4093 rante,
490 4011 806 4068 reddantur.
840 4012 941 4068 Per
967 4014 1270 4068 Dominum.

338 4101 433 4155 Ad
461 4100 856 4172 Complendum.
878 4132 949 4147 —
964 4104 1166 4159 Praesta
1190 4104 1365 4171 nobis,
1400 4090 1645 4173 Domine,
1666 4120 1876 4176 qutesu-

260 4209 430 4262 mns,
446 4194 901 4253 intercedentibus
915 4197 1115 4252 sanctis
1133 4198 1237 4252 tuis
1255 4196 1586 4253 Felicissimo
1610 4197 1876 4270 etAgapi-

260 4298 356 4359 to,
384 4295 573 4358 utquaa
586 4303 678 4346 ore
697 4290 1056 4361 contingimus
1069 4306 1200 4360 pura
1225 4298 1405 4347 mente
1426 4291 1720 4362 capiamus.
1748 4291 1877 4351 Per.

439 4416 495 4457 VI
526 4416 643 4458 IDUS
667 4418 909 4461 Αεῦῦετι.
943 4432 1014 4445 --
1033 4420 1258 4461 ΝΑτΑιιε
1289 4419 1475 4461 εΑΝατι
1496 4420 1721 4461 (SYRIACI.

354 4516 529 4583 Deus,
580 4516 672 4585 qui
716 4532 815 4572 nos
861 4532 1037 4573 annua
1064 4517 1208 4573 beati
1237 4516 1448 4588 Cyriaci
1498 4518 1756 4590 martyris
1786 4519 1877 4587 ~tui

274 4608 459 4681 119
486 4611 828 4666 solemnitate
856 4610 1117 4677 laetiﬁcas,
1152 4610 1389 4667 concede
1418 4611 1680 4681 propitius
1707 4620 1765 4666 ut
1790 4626 1884 4667 cu-
1906 4613 1963 4676 Β

264 4707 367 4777 jus
429 4706 672 4761 natalitia
710 4706 983 4775 colimus,
1039 4706 1297 4762 virtutem
1337 4722 1551 4778 quoque
1608 4708 1877 4777 passionis

266 4798 587 4857 imitemur.
617 4800 722 4857 Per
751 4800 1038 4856 Dominum
1068 4810 1337 4856 nostrum.

356 4890 543 4961 Super
570 4892 759 4946 oblata.
784 4921 855 4935 --
873 4892 1127 4963 Suscipe,
1145 4893 1389 4959 Domine,
1420 4890 1741 4948 sacrificium
1766 4891 1879 4962 pla-

272 4983 536 5041 cationis
564 4994 619 5040 et
660 4984 855 5053 laudis,
901 4986 1045 5054 quod
1095 4999 1217 5051 nos,
1266 4985 1657 5041 interveniente
1692 4992 1880 5041 sancto

273 5090 385 5135 tuo
421 5075 670 5149 (Syriaco,
696 5086 752 5134 et
780 5076 1041 5149 perducat
1065 5079 1133 5133 ad
1158 5077 1403 5147 veniam,
1457 5084 1514 5133 et
1538 5076 1592 5132 in
1622 5085 1883 5147 perpetua

270 5168 593 5242 gratiarum
619 5171 914 5227 constituat
940 5169 1314 5227 actione.Per.

356 5264 454 5318 Ad
473 5258 867 5336 Compfendum.
894 5295 965 5307 —
986 5268 1329 5333 Quaesumus,
1346 5264 1595 5334 Domine,
1627 5264 1767 5321 Deus
1790 5279 1889 5320 no-

273 5365 435 5419 ster.
464 5366 521 5411 ut
570 5357 960 5416 interveniente
1014 5360 1173 5416 beato
1222 5358 1449 5430 Cyriaco
1494 5367 1734 5427 martyre
1777 5368 1884 5425 tuo,

358 5510 389 5538 ι
428 5499 507 5554 Ex
530 5508 757 5556 tractatu
784 5502 855 5556 27
876 5504 1047 5557 sancti
1064 5500 1202 5571 Aug.
1236 5500 1287 5554 in
1318 5499 1475 5556 Joan.
1509 5505 1725 5571 constat
1753 5505 1881 5553 tunc

277 5574 469 5632 saneti
500 5571 639 5626 Sixti
666 5573 861 5629 festum
890 5574 1079 5629 eadem
1106 5570 1197 5628 die
1222 5572 1386 5627 fuisse
1408 5570 1757 5628 celebratum.

360 5645 482 5703 bin
537 5642 757 5699 Kalend.
810 5644 968 5700 Rom.
1017 5661 1033 5699 :
1080 5642 1176 5698 Die
1222 5646 1257 5700 5
1298 5645 1483 5698 mensis
1531 5643 1663 5710 Aug.
1706 5641 1873 5695 natat.

276 5715 460 5772 sancti
507 5714 668 5782 Sixti,
716 5713 1029 5770 Felicissimi
1074 5726 1122 5768 et
1168 5717 1395 5785 Agapiti.
1430 5717 1656 5770 Sanctus
1692 5713 1874 5767 Sixttts

282 5791 439 5843 idem
469 5796 555 5840 eet
582 5788 673 5855 qui
699 5801 881 5856 supra.
922 5788 984 5841 in
1014 5788 1145 5842 Cod.
1176 5787 1309 5856 Reg.
1351 5788 1501 5845 Suec.
1540 5785 1717 5839 natale
1757 5798 1875 5837 san-

285 5861 364 5917 cti
402 5857 544 5915 Xisti
567 5867 786 5914 natatur
804 5873 1037 5930 quoque,
1071 5874 1176 5914 non
1207 5861 1294 5915 die
1326 5869 1500 5924 sexta,
1552 5856 1650 5912 sed
1685 5856 1873 5926 quinta

1972 3364 2039 3419 rii
2061 3362 2175 3433 ejus
2203 3363 2391 3417 merita
2421 3377 2763 3428 veneramur,
2797 3362 3274 3421 intercessionibus
3301 3363 3440 3435 ejus,
3484 3363 3554 3417 ab

1973 3456 2190 3510 mternis
2216 3455 2477 3519 gehennae
2517 3455 2777 3509 incendiis
2819 3454 3124 3511 liberemur.
3159 3456 3281 3512 Per.

2046 3565 2101 3605 IN
2139 3548 2292 3621 (442)
2320 3560 2340 3586 ο
2374 3565 2535 3603 eum
2565 3563 2715 3603 mssa
2760 3565 2827 3603 ne
2873 3563 3065 3604 nocre.
3111 3579 3182 3589 —
3210 3548 3418 3617 Excita,
3462 3548 3569 3604 Do-

1980 3646 2157 3710 mine,
2194 3645 2246 3698 in
2278 3642 2524 3698 Ecclesia
2557 3653 2647 3698 tua
2674 3643 2935 3713 Spiritum
2966 3646 3052 3699 cui
3098 3645 3286 3701 beatus
3327 3645 3569 3700 Lauren-

1977 3736 2083 3792 tius
2116 3735 2275 3791 levita
2305 3736 2548 3804 servivit,
2606 3744 2667 3788 ut
2724 3734 2914 3790 eodem
2967 3750 3066 3790 nos
3122 3736 3277 3806 120
3330 3735 3572 3805 replente

1976 3828 2285 3884 Studeamus
2332 3840 2514 3880 amare
2568 3824 2711 3895 quod
2744 3827 2950 3880 amavit
2997 3834 3055 3882 et
3098 3841 3270 3895 opere
3313 3840 3569 3883 exercere

1977 3923 2119 3994 quod
2150 3920 2349 3977 docuit.
2382 3919 2507 3975 Per.

2050 4014 2220 4085 Super
2269 4012 2460 4066 oblata.
2493 4040 2563 4051 -—-
2611 4008 2948 4066 Sacrificium
2982 4006 3107 4075 tibi,
3142 4005 3387 4075 Domine,
3421 4024 3570 4078 quae-

1979 4122 2190 4172 sumus,
2223 4106 2364 4160 beati
2394 4102 2665 4159 Laurentii
2698 4101 2934 4171 precatio
2963 4108 3152 4156 sancta
3181 4101 3472 4169 conciliet,
3512 4108 3570 4158 ut

1980 4198 2132 4268 cujus
2164 4198 2367 4251 honore
2396 4195 2707 4251 solemniter
2728 4192 3037 4264 exhibetur,
3068 4194 3273 4251 meritis
3303 4194 3570 4253 efﬁciatur

1981 4299 2281 4360 acceptum.
2314 4290 2438 4345 Per.

2054 4389 2135 4442 Ad
2167 4386 2558 4456 Complendum.
2587 4416 2656 4426 —
2684 4385 2970 4457 Supplices
2997 4397 3050 4441 te
3080 4402 3357 4457 rogamus,
3396 4382 3570 4443 omni-

1982 4491 2173 4552 potens
2204 4481 2368 4546 Dcus,
2401 4490 2458 4535 ut
2488 4495 2624 4551 quos
2672 4480 2826 4535 donis
2862 4480 3173 4536 cmlestibus
3220 4482 3451 4550 satiasti,
3483 4484 3569 4537 itt-

1986 4575 2295 4631 tercedente
2343 4574 2500 4629 beato
2544 4572 2836 4629 Laurentio
2880 4583 3118 4645 martyre
3166 4584 3280 4642 tuo,
3311 4584 3570 4648 perpetua

1988 4668 2323 4741 protectione
2346 4668 2639 4725 custodias.
2669 4667 2792 4722 Per.

2078 4798 2130 4838 IV
2160 4797 2278 4837 IDUS
2306 4794 2555 4837 Αυςυετι.
2575 4809 2647 4820 —
2670 4794 2895 4835 NATALIS
2930 4793 3117 4835 SANCTI
3148 4796 3456 4837 LAURENTII.

2056 4894 2133 4949 Da
2165 4893 2340 4958 nobis,
2392 4906 2717 4962 quaesumus,
2749 4890 3090 4961 omnipotens
3130 4892 3290 4960 Deus,
3318 4894 3567 4951 vitiorum

1985 4996 2292 5044 nostrorum
2338 4984 2585 5041 flammas
2608 4986 2973 5056 exstinguere,
3006 4989 3095 5057 qui
3140 4988 3299 5044 beato
3328 4989 3568 5045 Lauren-

1988 5080 2064 5135 tio
2086 5078 2318 5135 tribuisti
2347 5086 2736 5133 tormentorum
2764 5091 2982 5135 suorum
3013 5080 3260 5136 incendia
3285 5095 3561 5153 superare.

1990 5171 2091 5229 Per
2119 5170 2403 5225 Dominum
2426 5177 2690 5224 nostrum.

2062 5263 2234 5334 Super
2262 5262 2453 5316 oblata.
2482 5289 2549 5303 -—-
2578 5262 2796 5331 Accipe,
2823 5275 3148 5333 quaesumus,
3180 5262 3428 5329 Domine,
3450 5276 3562 5317 mu-
3606 5250 3615 5257 ’

1994 5370 2124 5413 nera
2150 5355 2433 5426 dignanter
2459 5354 2671 5422 oblata;
2700 5364 2755 5410 et
2796 5355 2939 5413 beati
2967 5354 3241 5413 Laurentii
3272 5357 3567 5425 suffragan-

1984 5495 2144 5566 ltujus
2171 5495 2392 5566 mensis.
3120 5534 3123 5537 ν

2064 5562 2085 5605 ε
2114 5568 2256 5621 Edit.
2304 5564 2504 5621 Pamel.
2560 5566 2757 5633 habet,
2805 5568 2859 5623 in
2906 5570 3069 5634 primo
3120 5580 3284 5620 mane.
3334 5562 3562 5619 Kalend.

1987 5638 2170 5704 Rom.,
2210 5639 2263 5691 in
2291 5643 2455 5707 prima
2482 5637 2667 5707 Missa,
2698 5640 2907 5695 caeteris
2935 5638 3167 5693 omissis.
3197 5637 3386 5691 Postea
3423 5654 3435 5689 :
3469 5635 3567 5691 Die

1984 5710 2120 5773 SS.,
2150 5712 2218 5763 ad
2249 5709 2409 5763 Missa
2439 5712 2641 5777 publica
2671 5714 2836 5765 natat.
2864 5712 3030 5765 sancti
3058 5709 3299 5762 Laurent.
3331 5709 3433 5761 Pro
3459 5724 3567 5777 quo

1985 5782 2176 5852 legitur
2205 5784 2341 5849 apud
2366 5782 2569 5836 Pamel.
2607 5800 2620 5835 ε
2664 5781 2730 5835 In
2771 5784 2854 5836 die
2881 5782 2951 5835 ad
2986 5779 3235 5847 Missam;
3267 5780 3358 5840 ubi
3383 5780 3565 5840 Codex

1982 5852 2117 5926 Reg.
2147 5855 2305 5909 Suec.
2337 5870 2351 5909 :
2386 5852 2516 5907 Item
2537 5856 2643 5908 alia
2673 5854 2853 5908 Missa.

3354 5974 3409 5981 ρ-

3306 5992 3345 6003 .-
3404 5986 3405 5989 η
