4064 6350
530 276 632 334 151

1722 255 1966 313 SANCTI
2006 249 2333 308 GREGORII
2373 249 2590 308 MAGNI

3708 248 3811 305 132

527 390 671 444 libus
716 385 919 443 meritis
959 380 1026 438 ad
1054 385 1252 437 nostrae
1305 373 1491 433 salutis
1520 372 1775 428 auxilium
1828 369 2110 439 provenire

2284 382 2452 423 lDlBUS
2481 380 2731 423 sucosrr.
2773 393 2842 406 —-
2881 361 3032 435 (451)
3062 374 3284 418 manus
3309 374 3499 419 sane“
3524 366 3810 418 morem:

522 482 784 537 concede.
816 479 936 532 l’er.

630 572 898 641 Prwfatio.
926 596 999 610 —
1022 564 1163 620 Vere
1190 561 1409 633 dignum
1451 567 1506 615 et
1530 557 1731 628 justum
1762 562 1868 621 est,
1900 566 2111 622 aequum

532 674 586 721 et
615 666 866 728 salutare,
901 675 999 714 nos
1039 657 1134 712 tibi
1164 669 1378 723 semper
1401 660 1453 706 et
1482 650 1679 719 ubique
1703 646 1904 717 gratias
1930 658 2111 714 agere,

533 758 758 813 Domine
789 764 995 820 sancte,
1026 750 1183 805 Pater
1210 747 1577 815 omnipotens,
1604 750 1804 796 aeterne
1838 740 1981 794 Deus
2010 753 2025 793 ε
2060 744 2116 792 et

538 847 805 918 praecipue
852 842 1005 917 (alii)
1058 843 1109 897 in
1156 838 1242 896 die
1271 834 1625 894 solemnitatis
1672 832 1965 895 hodiernae,
2010 841 2114 900 qua

530 939 720 995 beatus
772 937 1092 993 Laurentius
1139 931 1310 987 hostia
1361 939 1542 984 sancta
1591 925 1711 980 viva
1774 923 1862 977 tibi
1899 921 2115 991 placens

535 1034 686 1104 (445)
738 1030 948 1087 oblatus
999 1036 1116 1094 est;
1166 1026 1279 1095 qui,
1323 1024 1443 1093 igne
1487 1032 1743 1074 accensus
1797 1014 2114 1079 tuiamoris,

532 1132 841 1180 constanter
871 1122 1048 1191 ignem
1097 1115 1348 1173 sustinuit
1391 1112 1677 1183 passionis,
1711 1118 1766 1165 et
1809 1123 1902 1177 per
1929 1107 2120 1161 imma-

533 1211 756 1267 nitatem
784 1219 1171 1266 tormentorum
1203 1204 1443 1272 pcrvcnit
1473 1203 1537 1256 ad
1572 1200 1879 1257 societatem
1922 1196 2117 1252 civium

536 1319 915 1374 supernorum.
952 1301 1052 1355 Per
1080 1298 1348 1353 Christum
1385 1295 1688 1349 Dominum.

610 1395 690 1449 Ad
722 1392 1109 1462 Complendum.
1148 1418 1219 1431 —
1248 1387 1527 1456 Supplices
1556 1396 1606 1440 te
1652 1396 1923 1453 rogamus,
1948 1380 2120 1437 omni-

540 1492 731 1561 potens
765 1491 925 1555 Deus,
978 1497 1033 1543 ut
1060 1502 1195 1558 quos
1247 1486 1403 1541 donis
1429 1483 1737 1539 coelestibus
1766 1477 1993 1545 satiaSIi,
2036 1477 2121 1532 in-

540 1582 847 1639 tercedente
897 1583 1051 1637 beato
1097 1579 1391 1635 Laurentio
1435 1586 1670 1647 martyre
1720 1582 1831 1640 tuo,
1867 1579 2120 1643 perpetua

537 1676 871 1750 protectione
899 1676 1185 1731 custodias.
1218 1674 1342 1729 Per.

612 1772 782 1843 Super
813 1770 1078 1841 populum.
1136 1798 1205 1808 —
1238 1766 1399 1831 Deus,

540 1865 731 1921 beatus
783 1863 1103 1919 Laurentius
1146 1860 1340 1915 edaces
1385 1856 1618 1913 incendii
1666 1854 1935 1919 flammas,
1988 1866 2119 1906 con-

537 1967 739 2027 tempto
771 1960 1135 2026 persecutore,
1171 1952 1387 2018 devicit,
1419 1947 1655 2005 concede
1697 1955 1755 2001 ut
1798 1959 1985 2001 omnes
2030 1941 2121 2012 qui

538 2046 782 2117 martyrii
830 2045 948 2115 ejus
1004 2042 1193 2099 merita
1244 2050 1563 2097 veneramUr
1615 2035 1962 2109 protectionis
2016 2043 2120 2089 ιιιιε

540 2140 740 2195 auxilio
774 2137 1096 2191 muniamur.
1132 2134 1255 2188 Per.
1342 2182 1345 2187 .

615 2234 754 2286 Alia.
783 2258 862 2299 ‘—
905 2228 1083 2285 Sancti
1136 2224 1411 2282 Laurentii
1460 2236 1583 2291 nos,
1635 2219 1885 2286 Domine,
1938 2224 2123 2273 sancta

539 2322 777 2395 precatio
831 2329 1073 2383 tueatur,
1123 2326 1178 2374 et
1228 2316 1368 2385 quod
1408 2324 1589 2370 nostra
1639 2309 1965 2368 conscientia
2015 2324 2123 2365 non

543 2422 802 2483 meretur,
829 2412 941 2483 ejus
972 2410 1125 2467 nobis
1150 2409 1240 2481 qui
1263 2407 1356 2463 tibi
1387 2406 1583 2477 placuit
1612 2403 1855 2465 oratione
1875 2400 2122 2456 donetur.

540 2505 660 2561 Per.

619 2597 760 2652 Alia.
790 2626 861 2638 -—-
892 2595 1046 2652 Adsit
1088 2594 1262 2660 nobis,
1290 2593 1536 2662 Domine,
1584 2604 1909 2662 quresumus,
1954 2588 2125 2643 sancti

545 2693 817 2749 Laurentii
867 2690 1120 2761 martyris
1152 2690 1224 2744 tui
1265 2688 1319 2742 in
1368 2696 1457 2741 tua
1486 2684 1875 2756 gloriﬁcatione
1902 2681 2125 2738 benedi-

545 2786 673 2852 ctio,
716 2786 869 2853 cujus
915 2782 1071 2839 nobis
1098 2790 1180 2839 est
1210 2781 1370 2836 bodie
1400 2779 1541 2835 facta
1588 2778 1898 2850 sufl'ragium
1938 2775 1995 2832 in
2037 2784 2125 2832 tua

545 2883 744 2937 virtute
768 2878 1060 2934 confessio.
1086 2876 1190 2933 Per
1224 2874 1507 2930 Dominum
1536 2880 1803 2929 nostrum.

621 2972 762 3026 Alia.
794 2994 865 3011 -ι
890 2970 1111 3033 Praesta,
1146 2980 1474 3037 quzesumus,
1530 2963 1775 3025 Domine,
1826 2971 1879 3014 ut
1918 2974 2129 3030 semper

551 3077 650 3119 nos
676 3065 829 3132 121
851 3059 989 3116 beati
1012 3056 1283 3112 Laurentii
1314 3055 1584 3109 lactiﬁcent
1605 3050 1754 3125 (446)
1786 3051 1958 3105 votiva
1982 3065 2127 3105 mar-

552 3155 707 3227 tyria,
734 3169 855 3221 qua:
876 3166 1088 3220 semper
1110 3164 1227 3205 esse
1252 3163 1362 3204 non
1381 3147 1631 3202 desinunt
1652 3146 1981 3200 admiranda.
2007 3144 2129 3200 Per.

617 3264 681 3303 ιιι
719 3261 835 3303 mus
874 3258 1122 3300 sucosa-1.
1154 3271 1226 3283 —
1264 3240 1414 3311 (447)
1452 3254 1678 3295 manus
1710 3252 1901 3296 διιιιετι
1942 3252 2129 3294 nsun-

1104 3328 1178 3368 Tll
1217 3322 1244 3351 ⁸
1278 3328 1346 3368 MA
1356 3325 1556 3366 RTYRIS.

620 3408 765 3465 Beati
816 3406 1043 3463 Tiburtii
1098 3421 1217 3473 nos,
1276 3398 1519 3469 Domine,
1566 3400 1779 3459 foveant
1826 3402 2133 3459 continuata

546 3502 818 3572 prmsidia,
847 3498 969 3569 quia
1018 3513 1125 3553 non
1182 3494 1383 3552 desinis
1443 3494 1703 3565 propitius
1757 3493 1951 3551 intueri
1999 3508 2131 3566 quos

547 3593 736 3650 talibus
767 3592 978 3648 auxiliis
1005 3589 1339 3647 concesseris
1363 3587 1625 3658 adjuvari.
1677 3580 1803 3643 Per.

622 3686 793 3755 Super
831 3684 1025 3740 oblata.
1069 3712 1140 3726 -—
1167 3681 1390 3752 Adesto,
1442 3681 1683 3749 Domine,
1736 3679 1986 3751 precibus
2034 3695 2132 3750 po-

547 3776 658 3847 puli
686 3781 781 3844 tul,
815 3774 999 3831 adesto
1026 3773 1358 3843 muneribus,
1394 3782 1449 3828 ut
1475 3788 1593 3844 qua:
1614 3772 1781 3829 sacris
1808 3786 1933 3829 sunt
1956 3773 2130 3830 oblata

548 3870 840 3943 mysteriis,
874 3880 1085 3927 tuorum
1139 3869 1232 3925 tibi
1288 3867 1535 3939 placeant
1584 3868 1967 3927 intercessione
2004 3884 2130 3925 san-

547 3975 774 4022 ctorum.
806 3965 908 4021 Per
940 3963 1222 4020 Dominum
1254 3972 1513 4018 nostrum.

620 4058 892 4129 Prwfatio.
918 4089 987 4100 —-
1017 4056 1157 4113 Vere
1194 4054 1413 4126 dignum
1440 4064 1493 4110 et
1529 4055 1733 4124 justum
1762 4063 1866 4122 est,
1917 4069 2128 4124 acquum

547 4161 601 4207 et
631 4151 886 4216 salutare,
912 4164 1010 4204 nos
1040 4148 1135 4203 tibi
1164 4163 1378 4218 semper
1416 4156 1471 4203 et
1499 4146 1695 4217 ubique
1721 4147 1921 4215 gratias
1949 4160 2128 4217 agere,

554 4241 779 4296 Domine
832 4248 1036 4303 sancte,
1090 4238 1250 4292 Pater
1296 4237 1660 4307 omnipotens,
1711 4248 1909 4294 :eterne
1955 4239 2127 4293 Deus:

549 4334 643 4405 qui
672 4332 796 4387 dum
842 4331 980 4386 beati
1027 4330 1254 4384 Tiburtii
1298 4332 1484 4386 merita
1514 4331 1745 4399 gloriosa
1784 4346 2126 4398 veneramur,

551 4424 703 4493 (448)
751 4421 1005 4477 auxilium
1032 4421 1186 4476 nobis
1208 4430 1309 4476 tuae
1348 4423 1696 4491 protectionis
1726 4422 1910 4479 adfore
1936 4422 2129 4492 depre-

548 4530 752 4581 camur,
782 4513 930 4584 (MO)
981 4513 1232 4582 quoniam
1268 4513 1537 4569 credimus
1568 4529 1665 4569 nos
1693 4529 1785 4584 per
1814 4530 1996 4570 eorum
2044 4515 2125 4570 in-
2159 4521 2210 4580 1)

549 4607 928 4663 tercessionem
951 4603 1040 4675 qui
1064 4604 1151 4659 tibi
1176 4604 1425 4675 placuere
1448 4612 1785 4674 peccatorum
1818 4616 2123 4665 nostrorum

547 4702 754 4757 veniam
783 4702 1088 4768 impetrare.
1121 4697 1223 4753 Per
1255 4696 1546 4753 Christum.

619 4792 699 4845 Ad
738 4791 1124 4860 Complendum.
1154 4817 1226 4832 ——
1264 4790 1621 4860 Sumpsimus,
1656 4790 1903 4859 Domine,
1935 4790 2126 4861 pignus

548 4885 928 4956 redemptionis
954 4894 1209 4941 auernae:
1250 4885 1322 4939 sit
1362 4883 1539 4950 nobis,
1584 4898 1909 4955 quaesumus,
1963 4886 2129 4940 inter-

550 4982 793 5037 veniente
837 4981 992 5037 beato
1041 4978 1285 5035 Tiburtio
1334 4988 1569 5049 martyre
1635 4988 1749 5047 tuo,
1796 4976 1949 5049 (450)
2003 4978 2125 5032 vitae

524 5074 826 5146 praesentis
854 5073 1107 5130 auxilium
1134 5073 1333 5142 pariter
1352 5082 1407 5129 et
1431 5074 1641 5128 futurae.
1675 5072 1799 5129 Per.

626 5265 652 5292 τι
692 5253 746 5308 In
773 5253 1201 5336 Kalend._llom.
1253 5256 1513 5336 additur:
1569 5252 1658 5307 Dic
1886 5250 1988 5305 hoc
2017 5258 2119 5315 est,

552 5342 709 5408 supra
740 5327 933 5408 scripta
949 5327 1184 5408 ⁸εῃὶκζιξιαι.
1217 5338 1402 5408 sqnctte
1419 5325 1696 5408 Susannw.
1725 5324 1973 5408 Dienver'o
2003 5335 2125 5390 seq.

551 5388 742 5469 legitur
772 5413 786 5453 ξ
824 5388 915 5450 Die
944 5396 1010 5453 12
1039 5396 1208 5453 Mens.
1239 5401 1374 5467 Aug.
1410 5393 1592 5448 Natat.
1625 5394 1782 5446 sancti
1812 5388 1991 5461 Eupli.
2083 5388 2099 5390 “

624 5470 649 5505 b
692 5470 747 5522 In
770 5468 1007 5524 Calensi.
1032 5471 1324 5524 oresbuteri.
1358 5468 1427 5519 Ita
1454 5480 1663 5524 quoque
1687 5464 1875 5524 legitur
1900 5466 1950 5515 in
1984 5460 2101 5515 Edit

624 5479 649 5505 υ
692 5479 747 5522 ιιι
770 5479 1007 5535 Ualensi,
1032 5479 1324 5541 presbyteri.
1358 5479 1427 5519 Ita
1454 5480 1663 5532 quoque
1688 5479 1875 5531 legitur
1900 5480 1950 5515 in
1985 5479 2123 5529 Ibtlll.

552 5540 782 5606 Fame-1.,
829 5537 923 5594 sed
984 5540 1263 5610 presbyteri
1301 5534 1631 5592 desideratur
1686 5533 1741 5586 in
1792 5532 1924 5588 Cod.
1985 5530 2120 5599 Reg.

596 5632 710 5667 ηερ.

596 5632 621 5665 ll
696 5651 710 5667 ο

551 5612 591 5670 s
625 5627 885 5736 :cCenset
913 5676 1179 5734 Pamelius
1209 5677 1311 5731 hoc
1365 5671 1594 5741 olﬁeium
1642 5680 1695 5726 et
1741 5685 1971 5741 sequens
2018 5684 2124 5726 non

554 5767 672 5811 c.sc
698 5752 865 5806 sancti
908 5748 1174 5814 Gregorii.
1222 5746 1348 5805 licet
1375 5738 1633 5809 Gregorio
1659 5756 1778 5798 esse
1810 5738 2122 5807 vetustiora,

2882 450 3169 489 MARTYRIS.

2286 530 2472 586 Sancti
2519 529 2774 599 martyris
2824 528 2899 582 tui
2954 526 3250 597 Hippolyti,
3296 525 3542 593 Domino,
3590 537 3808 597 quasu-

2212 638 2353 689 mus,
2382 622 2685 678 veneranda
2711 621 2975 677 festivitas
3000 619 3250 675 salutaris
3276 618 3461 675 auxilii
3488 618 3648 677 nobis
3668 634 3810 690 prse-

2213 724 2319 772 stet
2346 725 2713 787 augmentum.
2748 714 2877 770 Per.

2288 809 2456 880 Super
2480 807 2672 863 oblata.
2719 838 2791 847 —
2836 806 3085 876 Respice,
3140 804 3389 873 Domine,
3445 819 3672 862 munera
3719 821 3817 876 po-

2217 901 2327 971 puli
2359 901 2456 967 tui,
2493 909 2798 955 sanctorum
2830 898 3119 955 festivitate
3146 898 3345 964 votiva,
3385 906 3442 954 et
3484 905 3593 953 tua:
3623 897 3815 953 testiﬁ-

2216 995 2359 1050 catio
2387 993 2631 1050 veritatis
2677 992 2831 1049 nobis
2862 990 3110 1063 proﬁciat
3150 990 3218 1046 ad
3265 989 3516 1047 salutem.
3565 989 3671 1046 Per
3706 989 3816 1045 Do-

2215 1087 2443 1145 minum.

2294 1179 2568 1251 Prazfaiio.
2601 1207 2673 1221 —
2697 1180 2838 1235 Vere
2867 1178 3083 1248 dignum
3114 1185 3169 1234 et
3211 1178 3415 1249 justum
3444 1183 3549 1244 est,
3596 1190 3812 1247 mquum

2230 1283 2283 1329 et
2310 1273 2564 1338 salutare,
2594 1286 2692 1327 nos
2721 1271 2820 1327 tibi
2846 1285 3060 1340 semper
3085 1280 3142 1327 et
3171 1271 3368 1342 ubique
3402 1270 3601 1341 gratias
3628 1283 3812 1339 agere,

2223 1363 2445 1420 Domine
2487 1373 2691 1431 sancte,
2746 1363 2904 1418 Pater
2947 1362 3305 1432 omnipotens,
3372 1371 3577 1418 interrae
3626 1360 3813 1417 Deus:

2221 1464 2276 1513 et
2303 1455 2450 1528 (452)
2483 1465 2625 1511 tuam
2653 1455 2992 1512 clementiam
3039 1456 3179 1511 votis
3225 1454 3563 1524 supplicibus
3614 1453 3816 1524 implo-

2231 1563 2378 1619 rare,
2410 1559 2467 1603 ut
2496 1549 2639 1605 beati
2686 1546 2960 1618 llippolyti
2989 1545 3305 1602 intercessio
3349 1555 3698 1616 peccatorum
3727 1556 3825 1599 no-

2226 1650 2461 1695 strorum
2503 1638 2658 1697 nobis
2703 1637 2944 1694 obtineat
2980 1637 3217 1704 veniam,
3271 1635 3364 1705 qui
3417 1650 3514 1704 per
3559 1641 3825 1695 tormenta

1432 1764 1583 1833 cuius
1611 1755 1887 1817 Charilaus
1928 1757 2119 1813 ardore
2150 1750 2198 1810 Β
2224 1733 2487 1804 passionis
2515 1739 2770 1787 aeternam
2799 1731 3050 1802 pervenit
3075 1728 3144 1785 ad
3195 1728 3444 1799 gloriam.
3508 1728 3614 1785 Per
3666 1726 3825 1785 Chri-

2223 1837 2386 1886 stum.

2296 1920 2377 1976 Ad
2407 1918 2801 1991 Camptendum.
2827 1946 2898 1961 —-
2935 1917 3407 1974 Sacramentorunt
3437 1922 3673 1979 tuorum,
3690 1901 3825 1970 Do-

2225 2014 2390 2083 mine,
2421 2012 2729 2069 communio
2755 2018 2966 2080 sumpta
2996 2024 3093 2065 nos
3119 2008 3309 2075 salvet,
3337 2013 3413 2075 et,
3437 2004 3817 2062 intercedente

2226 2109 2381 2163 beato
2421 2106 2709 2178 llippolyto
2757 2112 2994 2176 martyre
3046 2114 3158 2170 tuo,
3192 2102 3245 2157 in
3294 2110 3400 2157 tuae
3425 2101 3667 2157 veritatis
3696 2100 3823 2163 luce

2223 2204 2529 2259 conﬁrmet.
2578 2200 2702 2256 Per.

2297 2311 2388 2351 XIX
2426 2307 2701 2350 KALENDAS
2740 2305 3085 2347 SEPTBIBRIS.
3123 2316 3195 2330 ·-·
3223 2302 3443 2343 ΝΑτΑιιθ
3487 2300 3677 2343 ωετι
3720 2298 3825 2341 ιυ-

2722 2379 2857 2419 seen
2888 2362 2914 2400 ι)
2949 2374 3325 2417 conressoms.

2298 2452 2459 2523 Deus,
2493 2456 2589 2526 qui
2612 2469 2709 2511 nos
2749 2454 2894 2510 beati
2928 2452 3147 2508 Eusebii
3187 2448 3511 2505 confessoris
3538 2447 3615 2502 tui
3646 2461 3829 2505 annua

2226 2550 2566 2608 solemnitate
2603 2551 2760 2620 122
2785 2546 3044 2614 laetiﬁcas,
3077 2542 3313 2600 concede
3344 2540 3607 2612 propitius
3645 2546 3707 2593 ut
3735 2554 3829 2593 cus

2223 2644 2311 2715 jus
2335 2642 2575 2698 natalitia
2601 2640 2849 2711 colimus,
2881 2654 2976 2711 per
3012 2639 3131 2707 ejus
3159 2636 3223 2692 ad
3252 2644 3305 2693 te
3343 2632 3592 2706 exempla
3618 2629 3815 2701 gradia

2229 2714 2369 2790 mur.
2400 2734 2525 2790 Per.
3510 2714 3513 2723 ’

2303 2828 2469 2899 Super
2513 2827 2701 2881 oblata.
2734 2854 2805 2866 —
2841 2820 3038 2880 Laudis
3094 2829 3223 2888 tuae,
3274 2817 3522 2886 Domine,
3574 2812 3827 2873 immola-

2233 2938 2351 2979 mus
2384 2920 2597 2975 Hostias
2628 2921 2683 2974 in
2729 2929 2941 2974 tuorum
2966 2912 3477 2972 commemoratione
3511 2919 3828 2967 sanctorum

2231 3015 2425 3087 quibus
2447 3029 2543 3069 nos
2569 3022 2623 3069 et
2650 3009 3006 3084 praesentibus
3036 3005 3163 3064 exui
3191 3007 3345 3063 malis
3397 3005 3725 3063 conﬁdimus
3774 3008 3829 3061 et

2159 3135 2205 3200 ρ
2235 3109 2444 3164 futuris.
2478 3108 2580 3162 Per
2625 3105 2932 3160 Dominum.

2308 3200 2580 3271 Praefatio.
2611 3228 2681 3238 —
2707 3197 2849 3253 Vere
2871 3196 3088 3267 dignum
3120 3202 3176 3250 et
3216 3193 3419 3264 justum
3462 3198 3571 3257 est,
3612 3203 3830 3260 (equum

2232 3303 2287 3352 et
2311 3292 2566 3361 salutare,
2598 3305 2695 3345 nos
2722 3289 2817 3343 tibi
2848 3301 3062 3357 semper
3091 3292 3147 3341 et
3174 3278 3371 3355 ubique
3410 3282 3611 3354 gratias
3639 3290 3830 3352 agere,

2234 3387 2454 3443 Domine
2477 3393 2685 3450 sancte,
2714 3384 2872 3438 Pater
2903 3379 3262 3449 omnipotens,
3294 3386 3496 3432 :cterne
3527 3376 3672 3431 Deus
3703 3393 3718 3429 :
3772 3381 3830 3430 et

2232 3478 2570 3538 clementiam
2597 3486 2743 3531 tuam
2772 3471 2957 3545 pronis
2998 3472 3267 3528 mentibus
3295 3462 3607 3538 implorare,
3641 3475 3701 3522 ut
3734 3481 3831 3536 per

2234 3573 2377 3630 beati
2413 3568 2634 3627 Eusebii
2663 3566 2995 3625 confessoris
3042 3566 3117 3622 tui
3148 3560 3615 3629 intercessionem,
3647 3560 3831 3617 saluti-

2233 3665 2402 3722 feram
2444 3666 2499 3720 in
2530 3662 2731 3719 nostris
2773 3659 3041 3717 mentibus
3070 3657 3250 3714 ﬁrmes
3281 3654 3647 3710 devotionem.
3679 3652 3830 3707 (Ion-

2234 3759 2499 3830 cedasque
2528 3766 2586 3813 ut
2629 3755 2766 3813 sicut
2798 3766 2848 3809 te
2885 3752 3056 3809 solum
3104 3749 3375 3806 credimus
3422 3745 3737 3811 Auctorem,
3769 3752 3830 3799 et

2231 3866 2547 3908 veneramur
2573 3848 2928 3913 Salutarem,
2968 3846 3045 3899 sic
3074 3842 3131 3899 in
3165 3848 3478 3912 perpetuum
3506 3838 3623 3910 ejus
3653 3838 3826 3893 inter-

2232 3952 2389 4000 ventu
2434 3942 2723 3996 habeamus
2751 3937 3069 4007 adjutorem.
3099 3933 3201 3990 Per
3225 3930 3517 3988 Christum.

2304 4036 2384 4089 Ad
2413 4032 2804 4101 Comptendum.
2834 4058 2904 4070 -
2932 4026 3115 4085 Sancti
3143 4023 3356 4080 Eusebii
3405 4016 3642 4078 natalitia
3684 4014 3826 4075 cele-

2232 4128 2477 4191 brantes,
2507 4122 2776 4193 supplices
2815 4129 2889 4189 te,
2944 4118 3193 4186 Domine,
3224 4116 3597 4185 deprecamur,
3628 4116 3687 4165 ut
3726 4107 3830 4170 hoc

2234 4215 2375 4274 idem
2406 4216 2558 4273 nobis
2587 4229 2800 4286 semper
2830 4209 3176 4282 indulgentiae
3221 4223 3380 4264 causa
3410 4205 3480 4262 sit
3529 4212 3585 4261 et
3615 4201 3829 4263 salutis.

2233 4311 2358 4368 Per.

2304 4438 2481 4481 sonent
2533 4437 2643 4479 ore.
2690 4414 2842 4492 (454)
2892 4422 2915 4456 θ
2951 4429 3146 4469 νιςιιιιι
3190 4423 3561 4469 ASSUMPTIONIS
3605 4420 3830 4464 samera:

2925 4502 3126 4543 IARIE.

2302 4604 2578 4676 Deus,qui
2607 4602 2917 4673 virginalem
2960 4598 3134 4653 aulam
3177 4595 3346 4651 beatm
3394 4592 3597 4657 Mariae,
3631 4591 3689 4646 in
3714 4603 3823 4660 qua

2229 4700 2517 4765 habitares,
2550 4697 2744 4767 eligere
2764 4694 3013 4763 dignatus
3040 4704 3120 4757 es,
3146 4688 3231 4753 da,
3255 4700 3585 4759 quaesumus,
3619 4693 3682 4739 ut
3712 4697 3815 4737 sua

2230 4808 2329 4848 nos
2361 4790 2673 4845 defensione
2719 4786 2949 4841 munitos
2992 4780 3254 4853 jucundos
3285 4777 3439 4850 (455)
3492 4775 3657 4832 faciat
3703 4786 3826 4832 sua:

2236 4888 2507 4941 interesse
2528 4879 2827 4937 festivitati.
2857 4876 2958 4944 Qui
2986 4875 3122 4930 vivis
3149 4881 3203 4927 et
3222 4885 3436 4941 regnas.

2303 4976 2473 5045 Super
2490 4974 2684 5030 oblata.
2713 5000 2783 5013 —-
2803 4971 2994 5041 Magna
3016 4974 3120 5032 est,
3150 4966 3393 5031 Domine,
3424 4961 3563 5033 apud
3588 4960 3830 5017 cientem

2231 5069 2357 5125 tiam
2402 5078 2541 5124 tuam
2571 5067 2664 5124 Dei
2715 5065 3001 5121 Genltricis
3044 5058 3237 5127 oratio,
3286 5070 3445 5129 quam
3494 5056 3700 5113 idcirco
3752 5055 3831 5112 de

2234 5248 2525 5306 verisimile
2554 5250 2654 5318 ipsi
2694 5246 2957 5302 videatur.
2992 5247 3149 5318 Sane
3191 5249 3401 5318 castam
3422 5242 3475 5297 in
3504 5240 3641 5297 Cod.
3673 5234 3822 5318 Reg.

2233 5320 2419 5385 Suec.,
2468 5322 2521 5375 in
2554 5314 2781 5387 utroque
2823 5316 3052 5381 Theod.,
3103 5316 3159 5370 in
3206 5315 3439 5379 Comet...
3471 5314 3830 5387 etc.,_eti_am

2238 5394 2338 5446 sub
2389 5380 2761 5458 Assumptionis
2794 5388 2967 5443 titulo.
3005 5380 3229 5442 Notatur
3280 5387 3380 5458 hoc
3427 5380 3804 5458 modolinmlia

2234 5462 2374 5516 lend.
2410 5450 2614 5515 liornf:
2648 5458 2744 5513 Die
2780 5460 2845 5514 15
2894 5475 3052 5515 metis.
3082 5460 3214 5526 Aug.
3269 5455 3553 5513 Sollemnia
3582 5454 3645 5526 de
3674 5450 3805 5505 Pan

2234 5535 2427 5585 satione
2457 5539 2643 5585 sancta:
2665 5530 2867 5584 Marias.
2905 5529 3001 5584 Ubi
3032 5524 3243 5597 quoque
3268 5528 3575 5597 assignatur
3606 5524 3805 5597 Evang

2235 5603 2436 5656 intravit
2475 5600 2628 5656 Jesus
2658 5602 2709 5654 in
2747 5601 3007 5667 quoddam
3050 5592 3262 5654 'casteu.
3320 5592 3558 5652 Consule
3615 5592 3832 5651 doctis-

2232 5673 2349 5731 simi
2379 5673 2531 5731 Joan.
2569 5672 2857 5730 Frontonis
2879 5681 3035 5729 notas
3055 5669 3123 5727 ad
3152 5670 3295 5728 hunc
3323 5667 3525 5728 locum.
