4064 6350
224 192 325 252 155

1399 186 1603 245 LIBER
1646 187 2280 249 SACRAMENTORUM.

3398 192 3524 265 ω’

219 307 462 384 praesenti
489 307 691 364 szeculo
720 303 1063 369 transtulisti,
1093 308 1151 358 ut
1178 315 1278 371 pro
1314 304 1563 373 peccatis
1612 306 1812 363 nostris
1840 309 1893 372 Α
1988 305 2070 361 Ad
2118 307 2511 378 Complendum.
2559 339 2630 350 —
2680 310 2881 369 Mensae
2932 312 3169 371 caelestis
3215 319 3507 391 participes

217 404 351 473 amid
394 412 445 459 te
473 401 796 458 ﬁducialiter
824 397 1144 457 intercedat.
1194 394 1299 453 Per
1324 396 1578 455 eumdem
1606 394 1797 455 Domi-

277 590 361 644 Ad
410 586 810 658 Complendum.
865 616 935 630 -—-
990 586 1209 643 leesti
1262 598 1487 645 munere
1552 583 1802 652 satiatos,

211 682 555 748 omnipotens
592 679 761 745 Deus,
796 684 885 732 tua
936 692 1036 734 nos
1076 678 1412 749 protectione
1465 677 1695 737 custodi,
1752 681 1811 732 et

209 771 543 829 castimoniae
571 780 760 840 pacem
808 769 1079 826 mentibus
1121 772 1319 827 nostris
1362 777 1524 840 atque
1569 769 1810 839 corpori-

211 865 330 929 bus,
359 862 737 918 intercedente
772 862 929 917 beata
967 862 1151 929 Maria,
1202 862 1523 931 propitiatus
1567 861 1827 932 indulge,_

208 964 259 1007 ut
300 953 556 1007 veniente
608 965 810 1022 sponso
863 950 1002 1006 Filio
1054 960 1149 1006 tuo
1195 951 1503 1023 Unigenito,
1560 952 1811 1008 accensis

211 1044 572 1115 lampadibus,
602 1045 721 1114 ejus
750 1044 910 1115 digne
956 1045 1328 1116 praestolemur
1371 1060 1677 1104 occursum.
1706 1045 1810 1114 Qui

206 1138 332 1193 vivit
358 1148 415 1192 et
440 1148 635 1207 regnat
657 1136 800 1192 Deus
819 1139 875 1191 in
906 1138 1115 1193 unitate
1137 1137 1371 1207 Spiritus
1401 1140 1591 1193 sancti.

272 1230 419 1283 Alia.
450 1256 521 1268 —-
540 1228 810 1294 Concede,
842 1230 1154 1286 misericors
1186 1230 1349 1298 Deus,
1390 1228 1671 1300 fragilitati
1713 1243 1811 1285 no-

209 1327 330 1373 sua
376 1319 718 1388 praesidium,
749 1328 807 1375 ut
850 1320 944 1389 qui
992 1328 1195 1377 sanctae
1248 1320 1344 1376 Dei
1395 1320 1681 1378 Genitricis
1722 1335 1811 1377 re»

203 1416 380 1481 quiem
403 1410 764 1479 celebramus,
805 1412 1219 1468 intercessionis
1246 1411 1361 1482 ejus
1387 1411 1589 1467 auxilio
1617 1426 1651 1467 ει
1696 1425 1797 1467 no-

204 1504 328 1560 stris
346 1492 737 1573 iniquitatibus
765 1518 1131 1575 murgatuus.
1183 1508 1284 1562 Per
1311 1506 1584 1562 eumdem.

266 1598 412 1650 Atia.
441 1622 515 1636 —-
542 1596 812 1662 Concede,
858 1612 1190 1667 qutesumus,
1238 1599 1581 1670 omnipotens
1638 1599 1807 1667 Deus,

1909 400 2113 467 eti‘ecti,
2146 400 2496 471 imploramus
2522 403 2865 460 clementiam
2898 413 3063 477 tuam,
3106 408 3330 467 Domine
3364 413 3508 471 Deus

1911 501 2114 559 noster,
2146 493 2322 564 utqui
2356 494 2491 550 festa
2542 495 2638 551 Dei
2667 495 2955 552 Genitricis
3001 498 3230 556 colimus
3278 517 3307 557 a
3354 506 3512 563 malis

1910 584 2315 642 imminentibus
2341 586 2461 657 ejus
2511 588 2991 647 intercessionibus
3039 590 3353 650 liberemur.
3404 588 3560 655 Per"

1921 678 2191 735 eumdem.

1990 774 2130 829 Alia.
2159 802 2235 817 -
2262 774 2484 844 Porrige
2532 777 2707 843 nobis,
2751 778 2993 847 Domine,
3026 780 3303 837 dexteram
3336 792 3508 857 tuam,

1916 873 1969 921 et
1996 880 2092 935 per
2120 867 2559 923 intercessionem
2608 869 2779 927 beata:
2807 880 2861 927 et
2904 873 3152 944 gloriosa:
3190 888 3511 949 semperque

1911 959 2132 1029 virginis
2156 960 2443 1015 Genitricis
2465 960 2647 1017 Mariae
2670 964 2928 1021 auxilium
2951 966 3104 1023 nobis
3124 983 3371 1039 superna:
3401 971 3505 1027 vir-

1913 1048 2042 1105 tutis
2073 1044 2347 1119 impende.
2393 1048 2496 1106 Per
2526 1050 2794 1108 eumdem.

2021 1148 2088 1191 xv
2119 1149 2393 1192 KALENDAS
2438 1144 2793 1194 sanationis.
2840 1171 2910 1182 -—
2954 1152 3179 1200 manus
3209 1150 3401 1202 SANCTI

2404 1223 2616 1265 AGAPlTl
2657 1209 2685 1249 δ
2737 1225 3001 1267 nanrvms

1955 1295 2135 1369 ’(460)
2167 1298 2350 1355 Sancti
2378 1302 2628 1372 martyris
2656 1301 2731 1358 tui
2751 1302 2967 1375 Agapiti
2996 1314 3188 1362 merita
3233 1323 3355 1377 nos,
3400 1309 3507 1365 Βο-

1909 1391 2075 1460 mine,
2115 1392 2271 1464 124.
2294 1395 2525 1463 pretiosa
2559 1405 2823 1465 tueantur,
2877 1400 2931 1456 in
2973 1400 3190 1470 quibus,
3248 1411 3353 1460 tum
3404 1404 3507 1459 Mav-

1906 1483 2119 1554 jestatis
2138 1499 2303 1554 opera
2344 1487 2695 1555 praedicantes
2715 1530 2731 1558 ,
2756 1499 2811 1548 et
2838 1504 3077 1562 praesens
3101 1495 3378 1566 capiamus
3408 1499 3507 1555 ad-

1906 1573 2167 1643 jutorium
2200 1584 2254 1630 et
2276 1573 2540 1633 futurum.
2582 1580 2705 1636 Per.

206 1686 267 1742 ad
292 1687 467 1743 beate
497 1687 677 1743 Harim
708 1664 925 1758 semper
954 1690 1179 1762 virginis
1204 1664 1408 1761 gaudia.
1440 1702 1643 1746 aeterna
1672 1664 1797 1761 per;

1983 1664 2154 1738 Super
2176 1666 2368 1721 oblata.
2408 1697 2477 1711 --
2508 1670 2755 1742 Suscipe,
2812 1674 3059 1743 Domine,
3110 1690 3352 1751 munera,
3385 1691 3508 1752 quae

204 1777 434 1847 ingere,
465 1778 531 1833 de
556 1778 716 1849 cuius
739 1793 837 1835 nos
865 1759 1171 1836 veneranda
1194 1759 1582 1851 Assumpuou
1606 1759 1804 1843 tribui.
1905 1759 1959 1851 in
1988 1759 2106 1827 ejus
2129 1759 2223 1813 tibi
2262 1760 2605 1818 solemnitate
2645 1764 2958 1836 deferimus,
2995 1770 3147 1839 cujus
3179 1786 3276 1830 nos
3322 1776 3497 1831 conﬂ~

205 1885 381 1925 annua
414 1871 760 1927 solemnitate
789 1871 1046 1942 gaudere.
1078 1872 1204 1929 Per.

314 1965 475 2037 133
522 1980 657 2020 xvm
696 1980 970 2021 KALENDAB
1019 1981 1366 2023 sse'rsunats.
1397 1992 1468 2009 —-
1527 1968 1678 2041 (456)

466 2070 759 2113 Αεεωιιιτιο
799 2072 1020 2114 5ΔΝοΤΞ
1055 2074 1236 2115 ΙΔΙίΙιΒ
1279 2074 1523 2117 ἫΒϐΙΝΙθ.

266 2146 429 2217 (45η
456 2146 774 2207 Veneranda
803 2151 978 2217 nobis,
1023 2150 1269 2219 Domine,
1301 2153 1460 2224 hujus
1492 2161 1575 2210 est
1602 2152 1708 2211 diei
1733 2152 1807 2209 fe-

196 2238 443 2303 stivitas,
473 2241 529 2294 in
573 2256 674 2311 qua
705 2254 894 2298 sancta
923 2242 1019 2298 Dei
1058 2244 1309 2300 Geuitrix
1360 2254 1590 2303 mortem
1637 2246 1806 2303 subiit

200 2334 585 2402 temporalem,
620 2352 717 2392 nec
747 2345 926 2393 tamen
954 2339 1143 2394 mortis
1167 2340 1400 2395 nexibus
1447 2323 1677 2410 deprimi
1710 2355 1802 2410 pm

199 2425 315 2491 luit,
349 2441 473 2495 quas
495 2425 692 2483 Filium
737 2436 890 2484 tuum
920 2429 1207 2485 Dominum
1237 2442 1479 2489 neStrum
1513 2432 1580 2489 de
1604 2448 1664 2489 se
1707 2447 1805 2504 ge:

199 2517 311 2572 nuit
332 2518 702 2575 incarnatum.
731 2520 833 2589 Qui
864 2530 1040 2577 tecum
1067 2524 1197 2579 vivit
1224 2534 1280 2581 et
1308 2533 1499 2596 regnat
1531 2524 1695 2582 Deus.

264 2612 347 2665 Ad
378 2611 619 2667 Hisunt.
652 2643 724 2654 —
752 2613 1102 2671 Famulorum
1146 2625 1384 2685 tuorum,
1429 2619 1670 2689 Domine,
1704 2623 1805 2679 de-

202 2700 338 2760 lictis
381 2705 624 2776 ignosce,
654 2716 710 2763 et
755 2709 846 2778 qui
876 2709 1090 2779 placere
1134 2710 1203 2767 de
1230 2712 1437 2769 actibus
1467 2714 1663 2769 nostris
1696 2728 1802 2773 non

201 2798 453 2867 valemus,
488 2799 782 2857 Genitricts
813 2801 934 2857 Filii
965 2802 1045 2858 tui
1072 2804 1283 2861 Domini
1318 2806 1490 2863 nostri
1530 2807 1805 2867 interces-

201 2890 357 2948 sione
381 2896 677 2949 salvemur.
707 2895 808 2963 Qui
838 2904 1017 2952 tecum
1040 2898 1188 2953 vivit.

269 2984 447 3055 Super
495 2986 693 3043 oblata.
723 3016 796 3029 —-
823 2988 1140 3058 Subveniat,
1193 2990 1443 3061 Domine,
1495 2994 1635 3064 plebi
1673 3004 1801 3065 tuae,

203 3078 288 3136 Dei
317 3078 615 3137 Genitricis
660 3085 857 3151 oratio,
888 3099 1047 3155 quam
1074 3084 1177 3141 etsi
1219 3098 1315 3155 pro
1344 3087 1651 3145 conditiOne
1678 3104 1802 3146 car-
1832 3083 1878 3147 C

204 3173 281 3229 nis
307 3173 575 3245 migrasse
604 3178 1007 3248 cognoscimus,
1039 3180 1093 3236 in
1124 3181 1332 3237 caelesti
1377 3183 1549 3253 gloria
1579 3187 1721 3255 apud
1748 3193 1803 3245 te

204 3278 297 3335 pro
322 3268 481 3322 nobis
507 3282 669 3325 orare
710 3271 1027 3329 sentiamus.
1071 3271 1174 3329 Per
1216 3275 1465 3331 eumdem
1505 3277 1792 3337 Dominum

207 3365 467 3415 nostrum.

274 3471 541 3543 Prwfalt'o.
583 3503 657 3515 —
688 3472 825 3533 Vere
853 3472 1071 3548 dignum
1099 3484 1152 3534 et
1192 3474 1396 3549 justum
1448 3488 1554 3547 est,
1592 3490 1803 3551 aequum

205 3572 257 3621 et
280 3566 531 3634 salutare,
565 3581 665 3624 nos
692 3569 788 3623 tibi
834 3584 1049 3640 semper
1074 3578 1129 3627 et
1155 3569 1350 3640 ubique
1379 3572 1584 3641 gratias
1612 3586 1799 3643 agere,

211 3658 423 3715 Domine
476 3670 687 3726 sancte,
734 3659 895 3716 l’ater
958 3664 1319 3733 omnipotens,
1374 3673 1574 3720 aeterne
1618 3666 1797 3725 Deus:

209 3754 261 3804 et
285 3759 332 3806 te
356 3751 404 3806 in
438 3755 788 3810 Veneratione
812 3768 1084 3810 sacrarum
1113 3752 1377 3827 virginum
1411 3757 1804 3815 exsultantibus

211 3842 394 3898 animis
442 3842 691 3911 laudare,
724 3846 1048 3902 benedicere
1074 3855 1129 3903 et
1157 3846 1447 3916 praedicare
1478 3865 1491 3901 :

278 3935 425 4008 (£58)
458 3937 605 3993 inter
649 3953 783 4008 quas
832 3938 1151 3995 intemerata
1204 3938 1300 3997 Dei
1360 3940 1601 3997 Genitrix
1654 3942 1804 4013 virgo

213 4022 385 4093 maria,
445 4029 602 4097 cujus
658 4029 1054 4101 Assumptionis
1107 4030 1248 4087 diem
1289 4031 1644 4099 celebramus,
1690 4035 1806 4105 glo-

216 4122 344 4177 riosa
372 4121 578 4178 eil‘ulsit
610 4141 625 4176 :
679 4123 808 4191 Qua)
845 4135 897 4179 et
928 4125 1273 4195 Unigenitum
1305 4134 1453 4183 tuum
1483 4129 1651 4183 sancti
1682 4129 1805 4199 Spi-

217 4210 338 4267 ritus
382 4214 798 4270 obumbratione
839 4216 1109 4287 concepit,
1161 4224 1218 4272 et
1266 4217 1583 4289 virginitatis
1632 4220 1803 4290 gloria

217 4312 571 4373 permanente,
606 4306 732 4361 huic
759 4308 958 4363 mundo
989 4310 1167 4364 lumen
1192 4319 1453 4366 aeternum
1481 4310 1686 4378 ell‘udit,
1713 4313 1803 4371 Je-

218 4414 321 4455 sum
350 4400 627 4457 Christum
681 4402 964 4457 Dominum
995 4414 1261 4459 nostrum.
1297 4404 1401 4459 Per
1440 4420 1621 4474 quem.

282 4501 303 4528 α
338 4492 659 4551 Benedictio.
699 4522 772 4536 --
796 4494 946 4568 (459)
978 4497 1140 4563 Deus,
1173 4497 1260 4567 qui
1288 4511 1383 4566 per
1413 4497 1581 4553 beatae
1615 4498 1799 4556 Mariae

220 4586 428 4658 virginis
460 4597 671 4659 partum
703 4600 869 4658 genus
922 4590 1212 4645 humanum
1255 4590 1501 4662 dignatus
1530 4602 1611 4647 est
1656 4593 1803 4649 redi-

220 4694 374 4748 mere,
404 4695 509 4735 sua
560 4694 660 4735 vos
700 4680 952 4751 dignetur
1012 4681 1391 4738 benedictione
1446 4682 1798 4752 locupletare.

219 4769 399 4828 Amen.
432 4771 674 4843 Ejnsque
717 4786 934 4842 semper
962 4782 1019 4829 ct
1047 4773 1247 4842 ubique
1277 4774 1571 4843 patrocinia
1599 4774 1802 4831 sentia-

222 4863 295 4930 tis,
328 4880 392 4919 ex
420 4863 578 4933 cujus
607 4864 927 4921 intemerato
954 4873 1110 4921 utero
1138 4873 1414 4921 auctorem
1465 4867 1588 4922 vitae
1616 4868 1803 4923 susci-

222 4971 338 5024 pere
379 4958 675 5014 meruistis.
706 4960 899 5014 Amen.
934 4958 1000 5015 Et
1026 4959 1118 5029 qui
1144 4959 1210 5013 ad
1258 4960 1376 5028 ejus
1424 4959 1799 5016 celebrandam

223 5050 563 5107 festivitatem
592 5050 850 5109 hodierna
878 5053 966 5109 die
994 5053 1209 5109 devotis
1244 5053 1515 5109 mentibus
1556 5056 1811 5110 conveni-

222 5144 328 5211 stis,
351 5144 677 5215 spiritalium
700 5147 1013 5217 gaudiorum
1031 5156 1087 5204 et
1113 5157 1437 5205 mternorum
1463 5150 1811 5219 praemiorum

225 5236 489 5293 vobiscum
523 5254 749 5297 munera
775 5242 1084 5312 reportetis.
1110 5242 1303 5299 Amen.
1336 5242 1489 5311 Quod
1518 5242 1633 5313 ipse
1674 5254 1811 5314 prte-

225 5339 359 5389 stare
400 5336 671 5405 dignetur.

296 5448 323 5485 κ’
361 5452 673 5510 Benedictio
702 5451 819 5509 haec
846 5454 900 5510 in
930 5454 1349 5512 Benedictionali
1373 5456 1698 5515 continetur.

296 5519 321 5598 ξ’
360 5524 521 5598 Deest
550 5529 817 5594 martyris,
849 5528 899 5583 in
945 5528 1081 5585 Cod.
1118 5529 1250 5598 Heg.
1310 5530 1535 5587 Suecite.
1593 5531 1699 5589 Sed
1752 5531 1806 5589 in

235 5593 392 5660 prima
422 5593 924 5667 Oratione'legitur.

299 5668 470 5740 {Hoc
512 5668 705 5740 festum
737 5668 999 5725 omittitur
1025 5672 1078 5726 in
1127 5670 1349 5729 Kalend.
1384 5672 1564 5740 Rom.,
1607 5673 1659 5729 in
1701 5670 1805 5729 Ca-

236 5734 431 5799 basiet
451 5739 504 5795 in
530 5739 828 5806 Cod.‘lteg.
874 5742 1031 5801 Suec.
1080 5741 1271 5803 Exstat
1320 5746 1372 5801 in
1426 5734 1657 5815 Gemet.,
1714 5744 1802 5802 ubi

1906 1849 2087 1907 dimus
2115 1854 2419 1920 patrocinio
2447 1854 2686 1912 liberari.
2720 1858 2824 1915 Per
2848 1859 3157 1919 Dominum.

1982 1938 2064 1998 Ad
2090 1943 2487 2015 Comptendum.
2509 1948 2865 2022 -—Protegat,
2898 1970 3225 2027 quaesumus,
3259 1960 3506 2034 Domine,

1906 2036 2159 2104 populum
2183 2044 2357 2103 tuum,
2388 2048 2442 2093 et
2490 2041 2832 2112 participatio
2857 2047 3095 2105 caelestis
3139 2051 3341 2109 indulta
3370 2066 3506 2113 cena

1906 2126 2049 2191 vivii,
2085 2135 2139 2183 et
2165 2128 2473 2199 deprecatio
2496 2133 2696 2189 collata
2720 2145 3052 2195 sanctorum.
3079 2141 3182 2198 Per
3212 2144 3500 2205 Dominum

1904 2226 2168 2275 nostrum.

1976 2327 2031 2369 XI
2063 2327 2339 2371 KALENDAS
2367 2329 2716 2375 SEPTEHBRIS.
2750 2344 2821 2364 ··-
2867 2337 3094 2383 ΝΑτΑιιε
3132 2342 3322 2387 SANCTI
3350 2344 3504 2390 ΤΙΙίοθ·

2474 2406 2600 2447 ’1⁸1181
2640 2407 2926 2451 IARTYRIS.

1987 2480 2255 2537 Auxiliu
2304 2492 2451 2538 tuum
2482 2485 2660 2552 nobis,
2690 2486 2938 2561 Domine,
2967 2507 3296 2565 quaesumus,
3331 2500 3507 2567 placa-

1921 2580 2006 2627 tus
2046 2571 2319 2642 impende,
2350 2584 2422 2642 et,
2460 2576 2831 2637 intercedente
2858 2582 3019 2640 beato
3049 2585 3333 2645 Timotheo
3364 2605 3507 2647 mar-

1910 2670 2029 2732 tyre
2061 2674 2170 2730 tuo,
2202 2664 2478 2723 dexteram
2523 2684 2690 2741 super
2729 2688 2832 2731 nos
2860 2683 2967 2732 tute
2992 2680 3386 2749 propitiationis
3413 2698 3509 2740 exi-

1907 2757 2090 2813 tende.
2123 2758 2248 2814 Per.
3178 2836 3181 2837 ν

1981 2849 2151 2921 Super
2174 2853 2370 2907 oblata.
2417 2886 2486 2897 —
2512 2858 2748 2929 Accepta
2777 2861 2875 2917 tibi
2904 2863 2996 2931 sit,
3036 2865 3281 2932 Domine,
3324 2882 3508 2935 sacra-,-

1910 2949 1978 2997 tae
2009 2944 2181 3013 plebis
2225 2946 2429 3002 oblatio
2476 2964 2573 3019 pro
2636 2960 2851 3008 tuorum
2911 2957 3118 3012 honore
3169 2968 3504 3033 sanctorum,

1909 3050 2137 3104 quorum
2162 3053 2221 3096 se
2250 3041 2458 3097 meritis
2485 3046 2797 3116 percepisse
2825 3048 2895 3105 de
2921 3050 3269 3110 tribulatione
3299 3069 3503 3128 cogno-

1906 3130 2009 3186 scit
2034 3133 2308 3189 auxilium.
2338 3136 2441 3190 Per
2466 3137 2771 3195 Dominum.

1984 3225 2066 3279 Art
2116 3224 2509 3295 Comptendum.
2542 3260 2612 3271 ——
2640 3231 2819 3288 Dis-ini
2861 3234 3095 3293 muneris
3133 3239 3383 3309 largitate
3420 3250 3506 3298 sa.

1911 3315 2046 3384 tiati,
2079 3332 2407 3388 quaesumus,
2460 3321 2686 3380 Domine
2738 3325 2878 3383 Deus
2932 3339 3150 3399 noster,
3185 3340 3244 3388 ut
3271 3332 3506 3408 interese},

1908 3406 2070 3463 dente
2098 3410 2255 3466 beato
2287 3410 2567 3494 Timotheo
2590 3426 2829 3488 martyre
2853 3424 2967 3492 tuo,
2994 3421 3114 3493 ejus
3142 3439 3355 3499 semper
3383 3406 3505 3500 pars

1912 3499 2229 3570 tieipatione
2255 3504 2521 3562 vivamus.
2563 3508 2685 3564 Per.

1977 3607 2032 3647 ix
2070 3608 2341 3652 IALENDAS
2377 3612 2719 3657 supremam.
2755 3631 2826 3644 —
2855 3604 3007 3677 (462)
3057 3623 3278 3668 manus
3314 3622 3502 3672 sum

2334 3679 2355 3708 θ
2382 3686 2773 3730 BARTHOLOMEI
2812 3692 3091 3735 APOSTOLI.

1979 3756 2329 3826 Omnipotens
2376 3765 2703 3832 sempiterne
2774 3768 2940 3835 Deus,
2992 3773 3084 3841 qui
3147 3774 3307 3845 hujus
3392 3778 3501 3835 diei

1907 3849 2292 3917 venerandam,
2329 3863 2679 3925 sanctamque
2716 3857 2958 3915 laztitiam
2990 3862 3130 3917 beati
3160 3867 3386 3933 apostoli
3428 3870 3503 3929 tui

1908 3934 2283 3998 Bartholommi
2327 3945 2615 4002 festivitate
2665 3946 2919 4018 tribuisti,
2965 3952 3032 4005 da
3078 3951 3333 4011 Ecclesia:
3376 3967 3502 4028 tuas,

1908 4048 2233 4104 quaesumus,
2263 4045 2319 4092 et
2367 4053 2549 4094 amare
2603 4043 2746 4111 quod
2800 4043 3051 4112 credidit,
3104 4056 3158 4103 ct
3208 4049 3501 4118 pradicant

1909 4127 2049 4195 quod
2080 4127 2283 4183 docuit.
2315 4129 2417 4186 Per
2444 4132 2731 4189 Dominum
2770 4147 3036 4192 nostrum.

1981 4217 2152 4287 Super
2183 4219 2373 4275 oblata.
2404 4250 2475 4261 -—
2522 4223 2671 4279 Beati
2720 4226 2948 4296 apostoli
2982 4229 3053 4283 tui
3105 4231 3499 4307 Dartholommi,

1908 4313 2058 4381 cujus
2086 4313 2349 4369 solemnia
2375 4330 2737 4386 recensemus,
2769 4336 3099 4393 qumsumus,
3114 4323 3371 4396 Domine,
3405 4344 3498 4384 an.

1912 4402 2041 4458 xilio
2090 4414 2177 4459 tua
2206 4406 2469 4465 beneﬁcia
2495 4412 2789 4482 capiamus,
2840 4428 2939 4484 pro
2980 4431 3087 4486 quo
3136 4418 3235 4475 tibi
3285 4420 3500 4487 Hostias

1908 4493 2079 4549 laudis
2105 4496 2400 4555 oll‘eritnus.

1982 4589 2251 4661 Pratfatio.
2287 4624 2358 4633 —
2390 4595 2527 4653 Vere
2548 4599 2770 4669 dignum
2819 4612 2872 4657 ct
2909 4605 3112 4671 justum
3155 4616 3260 4675 est,
3290 4624 3496 4681 aequum

1910 4694 1962 4738 et
1993 4686 2251 4755 salutare,
2288 4703 2386 4744 nos
2411 4690 2506 4746 tibi
2529 4707 2745 4764 semper
2780 4704 2835 4750 et
2864 4696 3059 4767 ubique
3086 4702 3290 4769 gratias
3317 4720 3495 4780 agere,

1911 4777 2137 4835 Domine
2162 4792 2370 4852 sancte,
2428 4784 2585 4841 Pate‘r
2640 4789 3000 4859 omnipotens,
3055 4802 3257 4849 aeterne
3316 4777 3494 4856 Densi

1908 4870 1997 4940 qui
2031 4872 2321 4930 Ecclesiam
2346 4885 2489 4931 tuam
2508 4879 2831 4948 sempiterna
2858 4868 3057 4951 pietate
3092 4883 3245 4957 (465)
3276 4904 3380 4945 non
3409 4892 3495 4948 de-

1907 4963 2065 5027 seris,
2098 4965 2194 5021 sed
2226 4981 2322 5036 per
2361 4968 2554 5025 beatos
2582 4972 2857 5040 apostolos
2885 4983 3008 5031 tuos
3048 4976 3251 5048 jngiter
3296 4984 3492 5055 crudis,

1908 5064 1961 5111 et
1989 5058 2108 5114 sine
2134 5059 2239 5115 line
2276 5061 2539 5119 custodis.
2590 5063 2696 5120 Per
2744 5064 3017 5124 Christum
3077 5070 3359 5129 Dominum
3407 5090 3493 5131 no-

1907 5160 2101 5207 atrum.

1981 5246 2061 5299 Ad
2088 5244 2484 5317 Compleudum.
2516 5274 2585 5291 --
2610 5250 2985 5324 Sumpsimus,
3019 5256 3245 5316 Domine
3265 5300 3278 5327 ,
3311 5263 3489 5330 pisum

1908 5340 2101 5397 salutis
2130 5352 2371 5412 aeternas,
2401 5344 2738 5404 celebrantes
2781 5349 2925 5406 beati
2964 5350 3339 5409 Bartholomtei
3370 5368 3486 5423 apo-

1911 5462 2099 5546 eodcm
2122 5462 2207 5546 die
2231 5465 2376 5533 prius
2406 5466 2630 5546 legitur:
2660 5460 2787 5546 Nat.
2810 5472 2975 5546 sancti
2997 5470 3228 5546 Aydoeni
3248 5474 3479 5546 episcopi

1910 5548 1985 5587 sc.
2044 5534 2513 5611 Roth‘omngensi‘s,
2576 5554 2627 5611 vt
2688 5540 2953 5596 Kalendas
3024 5534 3377 5611 Septembris.
3422 5534 3483 5601 ἰε

1909 5612 2135 5683 utroque
2167 5607 2381 5683 ’l‘heod._
2402 5617 2452 5664 et
2483 5611 2535 5666 in
2565 5610 2774 5670 Gcmet.
2806 5607 3109 5683 assignatur
3129 5630 3151 5673 :
3193 5616 3324 5677 Nat.
3365 5631 3480 5673 sana

1906 5672 1973 5732 cli
2001 5676 2122 5748 Iiu/i
2166 5679 2427 5751 martyris.
