4064 6350
548 297 662 359 135

1757 287 2003 347 SANCTI
2040 287 2372 348 GREGORIl
2410 287 2625 347 MAGNI

3723 289 3820 350 1‘36

548 410 675 467 stoli
702 411 774 465 tui
819 407 997 464 votiva
1023 404 1300 471 solemnia,
1345 410 1402 460 et
1431 409 1681 474 perpetua
1731 402 1921 459 merita
1962 418 2128 461 vene-
2150 404 2227 467 Α
2302 405 2383 460 Ad
2412 404 2893 477 Complendum.—-
2919 403 3171 461 Purificet
3185 419 3308 474 nos,
3342 405 3565 463 Domine
3586 408 3750 475 Deus,
3772 420 3824 467 et

548 509 753 556 rantes.
786 499 888 555 Per
916 496 1199 553 Dominum
1226 503 1489 551 nostrum.

626 593 781 665 125
799 590 967 660 Super
986 589 1332 661 populunu—
1352 588 1594 658 Protege,
1619 587 1863 653 Domine,
1886 590 2136 658 pepulum

550 690 724 749 tuum,
746 692 800 738 et
824 680 1183 751 apostolorum
1211 686 1422 734 tuorum
1454 678 1750 749 patrocinio
1773 678 2135 736 confidentem

556 789 807 853 perpetua
836 776 1147 832 defensione
1170 790 1446 831 conserva.
1477 774 1599 829 Per.

555 882 588 925 ν
617 886 887 930 ιΑιεΝυΛε
926 883 1266 923 εερτεηιιιε.
1296 896 1368 907 ο-
1419 880 1647 921 NATALIS
1701 879 1888 921 SANCTI
1938 880 2136 922 AUGUS'

1123 955 1230 993 TINI
1264 946 1289 975 α
1321 952 1573 993 EPlSCOPl.

630 1035 833 1091 Adesto
856 1033 1331 1103 supplicationibus
1359 1031 1578 1096 nostris,
1609 1033 1949 1099 omnipotens
1971 1028 2136 1095 Deus,

553 1134 609 1184 et
633 1129 824 1199 quibus
853 1125 1100 1180 fiduciam
1120 1122 1398 1193 sperandae
1429 1121 1642 1191 pietatis
1672 1120 1937 1190 indulges,
1974 1121 2141 1174 inter-

555 1220 781 1276 cedente
807 1219 965 1274 beato
994 1215 1299 1286 Augustino
1338 1214 1647 1270 confessore
1692 1222 1784 1268 tuo
1818 1221 1980 1284 atque
2009 1226 2145 1281 pon-

556 1313 701 1369 tifice
728 1351 745 1379 ,
774 1318 1042 1367 consuetae
1072 1306 1456 1363 misericordia:
1490 1306 1664 1362 tribue
1688 1306 1954 1377 benignus
1983 1304 2144 1362 effec-

558 1414 695 1461 tum.
720 1405 823 1461 Per
851 1406 1136 1460 Dominum
1166 1413 1429 1458 nostrum.

632 1502 800 1574 Super
827 1500 1016 1555 oblata.
1046 1529 1119 1542 —-
1156 1499 1341 1554 Sancti
1384 1496 1713 1553 confessoris
1745 1497 1819 1552 tui
1866 1490 2145 1564 Augustini

556 1592 731 1662 nobis,
762 1591 1008 1659 Domine,
1033 1591 1120 1662 pia
1142 1605 1249 1645 non
1280 1589 1418 1645 desit
1445 1588 1644 1655 oratio,
1674 1602 1793 1656 quae
1823 1595 1876 1642 et
1905 1599 2127 1641 munera

555 1692 739 1743 nostra
762 1683 1028 1747 conciliet,
1061 1688 1117 1737 et
1145 1690 1290 1736 tuam
1321 1678 1475 1735 nobis
1504 1676 1888 1748 indulgentiam
1918 1689 2137 1747 semper

556 1774 816 1831 obtineat.
843 1775 964 1830 Per.
1012 1780 1035 1785 “

630 1864 905 1936 Praefatio.
923 1893 993 1903 ——
1022 1862 1161 1919 Vere
1181 1862 1399 1931 dignum
1428 1869 1483 1917 et
1504 1860 1705 1932 iustum
1736 1868 1838 1926 est,
1866 1873 2076 1929 aequum
2089 1864 2146 1914 et

556 1959 813 2023 salutare,
828 1973 927 2013 nos
959 1956 1054 2012 tibi
1084 1970 1296 2025 semper
1324 1962 1379 2010 et
1405 1952 1813 2025 ubiquegratias
1836 1966 2016 2022 agere,
2040 1949 2147 2006 Do-

557 2053 706 2109 mine
735 2061 919 2105 sancte
943 2090 959 2116 ,
990 2049 1148 2105 Pater
1187 2049 1546 2119 omnipotens,
1590 2057 1793 2103 :eterne
1836 2045 1978 2100 Deus
2010 2059 2025 2098 :
2055 2043 2147 2114 qui

556 2139 773 2199 beatum
825 2138 975 2212 (464)
1028 2139 1379 2210 Augustinum
1442 2137 1804 2194 confessorem
1856 2144 2042 2199 tuum,
2092 2142 2148 2190 et

562 2234 803 2290 scientia:
833 2233 1169 2287 documentis
1200 2231 1436 2300 replesti,
1460 2239 1515 2285 et
1536 2230 1793 2284 virtutum
1815 2227 2146 2283 ornamentis

561 2324 783 2390 ditasti;
815 2339 973 2395 quem
997 2326 1069 2377 ita
1100 2322 1416 2378 multimodo
1444 2336 1641 2391 genere
1657 2319 1868 2390 pietatis
1887 2316 2145 2383 imbuisti,

562 2426 623 2473 ut
650 2417 765 2488 ipse
788 2417 902 2482 tibi,
935 2426 990 2472 et
1018 2430 1129 2482 ara,
1162 2422 1218 2471 et
1245 2412 1593 2480 sacrificium,
1618 2420 1673 2467 et
1699 2410 1955 2467 sacerdos
1978 2416 2145 2475 esset,

559 2518 614 2566 et
641 2508 1051 2580 templum..Per
1086 2506 1364 2563 Christum
1393 2506 1680 2561 Dominum
1704 2512 1967 2560 nostrum.

634 2602 715 2656 Ad
746 2599 1138 2672 Complendum.
1160 2628 1231 2640 —
1266 2597 1335 2653 Ut
1360 2596 1536 2663 nobis,
1581 2596 1829 2661 Domine,
1862 2605 1949 2650 tua
1978 2593 2148 2649 sacri-

557 2694 678 2751 ficia
725 2694 853 2749 dent
896 2692 1144 2757 salutem,
1186 2691 1374 2745 beatus
1414 2687 1695 2743 confessor
1739 2694 1862 2741 tuus
1900 2682 2152 2754 Augusti-

574 2801 700 2855 nus,
735 2794 792 2842 et
816 2785 1080 2857 pontifex,
1124 2796 1451 2855 quaesumus,
1488 2789 1736 2853 precator
1782 2780 2019 2837 accedat.
2048 2778 2151 2834 Per

556 2878 845 2936 Dominum
873 2888 1139 2934 nostrum.

611 2988 788 3029 EODEM
812 2988 922 3028 DIE.
952 3002 1022 3012 --
1047 2984 1268 3027 ΝΑτΑιιε
1294 2984 1479 3026 SANCTI
1508 2982 1777 3023 BERIETJS
1800 2978 2089 3021 IIABTYRIS.

630 3065 971 3129 lntercessio,
993 3064 1233 3129 Domine,
1250 3059 1401 3134 (465)
1434 3058 1697 3115 llermetis
1714 3056 1967 3128 martyris
1984 3058 2083 3123 tui,
2096 3064 2148 3112 et

2242 499 2405 556 divini
2433 502 2703 570 perceptio
2746 500 3086 567 sacramenti,
3132 508 3187 556 et
3226 499 3459 571 gloriosa
3504 500 3816 573 deprecatio

2242 600 2443 648 sanctae
2462 590 2695 648 Sabinae.
2727 591 2849 647 Per.
3022 661 3035 673 ¹

2244 699 2420 762 sonitu
2452 700 2561 739 ωε.
2584 712 2656 724 --
2674 682 2704 723 ι’
2736 696 3068 739 υεοοιιλτιο
3090 695 3275 737 SANCTI
3297 696 3511 739 JOANNJS
3532 700 3822 743 ιιΑρτιετι.

2318 776 2499 833 Sancti
2536 775 2754 831 Joannis
2780 776 3031 846 Baptistae
3081 786 3135 831 et
3159 777 3411 847 martyris
3440 778 3537 845 tui,
3575 779 3817 845 D.nnine,

2242 884 2569 941 quaesumus,
2622 870 2925 926 veneranda
2990 868 3281 939 festivitas,
3339 869 3591 928 salutaris
3643 875 3823 929 auxihi

2242 964 2399 1020 nobis
2430 972 2646 1034 praestet
2673 961 2943 1019 effectum.
2984 962 3109 1018 Per.

2318 1056 2491 1127 Super
2518 1056 2710 1111 oblata.
2739 1087 2809 1096 —
2832 1057 3052 1111 Munera
3085 1057 3198 1125 tibi,
3236 1056 3482 1125 Domine,
3515 1073 3614 1128 pro
3664 1060 3831 1115 sancti

2243 1150 2493 1221 martyris
2534 1149 2608 1205 tui
2636 1150 2857 1205 Joannis
2908 1149 3160 1218 Baptistae
3210 1151 3463 1220 passione
3510 1149 3829 1216 deferimus,

2244 1243 2336 1313 qui
2377 1243 2506 1298 dum
2552 1243 2737 1299 finitur
2779 1244 2834 1298 in
2878 1244 3074 1308 terris,
3116 1242 3287 1299 factus
3334 1252 3416 1298 est
3439 1244 3649 1299 caelesti
3706 1245 3829 1299 sede

2245 1345 2575 1407 perpetuus,
2599 1350 2922 1405 quaesumus,
2950 1344 3006 1389 ut
3044 1333 3161 1405 ejus
3206 1334 3425 1391 obtentu
3464 1335 3623 1392 nobis
3666 1334 3831 1406 profi-

2246 1428 2393 1482 ciant
2418 1427 2486 1482 ad
2512 1427 2763 1483 salutem.
2791 1427 2915 1482 Per.

2319 1521 2593 1593 Praefatio.
2618 1551 2691 1563 —
2730 1520 2872 1576 Vere
2896 1520 3113 1590 dignum
3143 1529 3197 1576 et
3218 1520 3422 1589 justum
3462 1529 3584 1587 est,
3618 1535 3830 1591 aequum

2249 1623 2304 1671 et
2332 1615 2583 1680 salutare,
2617 1629 2717 1669 nos
2748 1614 2843 1669 tibi
2875 1627 3090 1683 semper
3110 1620 3162 1669 et
3189 1614 3383 1684 ubique
3421 1613 3619 1684 gratias
3649 1628 3831 1684 agere,

2253 1704 2476 1763 Domine
2502 1716 2708 1773 sancte,
2734 1708 2893 1764 Pater
2920 1708 3281 1778 omnipotens,
3305 1716 3503 1763 aeterne
3528 1706 3675 1763 Deus
3705 1725 3717 1759 :
3745 1707 3833 1775 qui

2171 1798 2223 1861 B
2250 1813 2637 1871 praecursorem
2661 1799 2781 1855 Filii
2827 1801 2899 1855 tui
2934 1808 3078 1854 tanto
3127 1815 3350 1855 munere
3396 1799 3599 1868 ditasti,
3632 1809 3690 1855 ut
3738 1813 3835 1869 pro

2252 1894 2498 1949 veritatis
2512 1893 2782 1964 praeconio
2811 1894 2986 1963 capite
3009 1893 3348 1961 plecteretur,
3374 1900 3428 1947 et
3456 1891 3835 1961 quiChristum

2250 2000 2390 2057 aqua
2408 1985 2791 2056 baptizaverat,
2814 1986 2882 2041 ab
2905 1985 3059 2058 (468)
3088 1987 3204 2055 ipso
3227 1987 3283 2041 in
3302 1985 3491 2055 spiritu
3509 1985 3834 2056 baptizatus,

2252 2094 2352 2150 pro
2406 2079 2596 2135 eodem
2656 2079 2871 2150 proprio
2935 2079 3194 2148 sanguine
3269 2079 3580 2149 fingeretur.
3651 2078 3837 2134 Praaco

2252 2172 2454 2241 quippe
2482 2172 2745 2239 veritatis,
2784 2184 2902 2240 quae
2933 2168 3177 2225 Christus
3221 2177 3324 2236 est,
3373 2168 3637 2225 Herodem
3663 2182 3695 2223 a
3735 2170 3841 2223 fra-

2253 2266 2427 2321 ternis
2458 2266 2707 2321 thalamis
2730 2264 3089 2334 prohibendo,
3122 2263 3351 2320 carceris
3378 2262 3705 2319 obscuritate
3735 2263 3835 2317 de-

2227 2356 2505 2423 .truditur,
2565 2356 2657 2410 ubi
2704 2356 2870 2411 solius
2920 2354 3219 2411 divinitatis
3275 2363 3380 2410 tuae
3440 2356 3639 2411 lumine
3685 2354 3844 2426 (469)

2252 2445 2540 2502 frueretur.
2574 2446 2778 2503 Deinde
2807 2446 2959 2517 (470)
2984 2446 3267 2516 capitalem
3296 2446 3615 2502 sententiam
3646 2446 3833 2513 subiit,

2254 2547 2307 2595 et
2332 2539 2399 2592 ad
2430 2537 2635 2594 inferna
2681 2540 2962 2594 Dominum
3006 2552 3376 2608 prmcursurus
3421 2538 3721 2594 descendit.
3770 2537 3845 2593 Et

2254 2646 2411 2702 quem
2441 2632 2495 2687 in
2523 2632 2721 2687 mundo
2748 2631 2921 2702 digito
2948 2630 3357 2694 demonstravit,
3385 2629 3452 2684 ad
3484 2630 3686 2687 inferos
3718 2645 3845 2701 pre-

2256 2724 2389 2779 tiosa
2415 2732 2591 2778 morte
2617 2723 2914 2793 praecessit.
2936 2723 3005 2778 Et
3031 2723 3152 2778 ideo
3172 2737 3295 2779 cum
3324 2722 3548 2792 angelis.

2330 2825 2355 2855 ο
2388 2814 2711 2871 Benedictio.
2744 2846 2814 2857 —
2841 2816 3002 2880 Deus,
3032 2814 3119 2885 qui
3144 2829 3244 2871 nos
3283 2815 3422 2871 beati
3460 2815 3681 2871 Joannis
3709 2815 3846 2885 Bap-

2256 2910 2397 2966 tista:
2419 2912 2666 2966 concedit
2688 2910 2948 2968 solemnia
2977 2910 3342 2979 frequentare,
3370 2908 3569 2965 tribuat
3597 2909 3751 2965 vobis
3792 2919 3850 2967 et

2255 3004 2444 3061 eadem
2472 3004 2680 3060 devotis
2727 3003 2997 3059 mentibus
3040 3002 3337 3070 celebrare,
3372 3009 3426 3057 et
3448 3016 3559 3057 suae
3593 3000 3853 3056 benedic-

2259 3095 2418 3151 tionis
2466 3094 2606 3151 dona
2638 3095 2937 3165 percipere.
2973 3098 3166 3152 Amen.
3217 3094 3285 3148 Et
3308 3094 3399 3164 qui
3429 3106 3527 3163 pro
3566 3093 3697 3163 legis
3732 3092 3855 3163 ejus

562 3161 707 3209 mam
737 3155 892 3209 "oms
913 3170 1019 3259 ¹³⁰Ῐ¹
1051 3154 1267 3259 “Sim”,
1283 3153 1497 3259 Plu"?
1522 3150 1879 3259 inﬁmiam’f‘
1905 3158 2146 3259 mium."
2175 3174 2222 3239 C
2258 3150 2915 3259 prmconiocarceral'ibus
2940 3195 3022 3243 est
3044 3150 3285 3243 retrusus
3315 3150 3369 3239 inn
3397 3150 3653 3249 tenebris,
3683 3150 3850 3241 inter-

565 3248 662 3304 tibi
693 3248 944 3304 devotum
984 3247 1182 3318 jugiter
1210 3246 1427 3303 efficere
1453 3243 1786 3301 famulatum.
1816 3244 1919 3300 Per
1964 3243 2149 3300 Domi-

559 3354 689 3397 mttn
716 3349 980 3395 ηυεῑτυω.

633 3433 805 3504 Super
834 3434 1024 3489 oblata.
1063 3462 1136 3472 —
1160 3431 1401 3501 Munera,
1432 3430 1680 3497 Domine,
1710 3436 1913 3495 nostra,
1943 3443 2156 3499 quaesu-

561 3539 702 3598 mus,
727 3528 1045 3598 propitiatus
1066 3543 1297 3597 assume,
1322 3536 1396 3593 et,
1426 3536 1487 3583 ut
1514 3527 1671 3598 digne
1701 3528 1806 3583 tuis
1822 3527 2147 3582 famulemur

562 3616 839 3686 altaribus,
869 3620 1039 3675 sancti
1069 3620 1143 3675 tui
1171 3635 1267 3676 nos
1296 3620 1567 3676 llermetis
1597 3618 1983 3676 intercessione
2024 3633 2151 3675 cus-

567 3711 701 3768 todi.
734 3714 836 3769 Per
868 3715 1150 3770 Dominum
1179 3725 1439 3772 nostrum.

636 3806 909 3878 Prwfatio.
939 3838 1009 3849 —
1041 3807 1175 3865 Vere
1203 3809 1419 3881 dignum
1465 3818 1519 3865 et
1540 3808 1743 3881 justum
1792 3818 1894 3876 est,
1942 3823 2151 3881 aequum

566 3906 625 3955 et
650 3898 901 3967 salutare,
931 3915 1030 3956 nos
1062 3900 1154 3958 tibi
1184 3916 1397 3973 semper
1425 3911 1480 3958 et
1512 3902 1710 3973 ubique
1740 3902 1937 3973 gratias
1969 3916 2152 3973 agere,

562 3990 793 4050 Domine
840 4004 1043 4061 sancte,
1089 3995 1248 4050 Pater
1300 3996 1659 4065 omnipotens,
1711 4004 1914 4050 aeterne
1962 3997 2150 4054 Deus:

564 4088 817 4156 quoniam
850 4088 1165 4143 fiducialiter
1207 4088 1376 4143 laudis
1403 4088 1495 4142 tibi
1551 4085 2152 4153 immolamusllostias,

566 4176 716 4249 (466)
741 4192 873 4245 quas
902 4178 1073 4233 sancti
1097 4179 1361 4234 llermetis
1394 4180 1642 4249 martyris
1672 4178 1749 4233 tui
1781 4176 2028 4247 precibus
2061 4177 2154 4232 tibi

562 4284 682 4326 esse
710 4270 940 4339 petimus
971 4280 1235 4339 acceptas.
1269 4272 1368 4326 Per
1398 4272 1687 4327 Christum.
2042 4270 2045 4273 ’

638 4362 719 4416 Ad
749 4360 1141 4428 Complendum.
1164 4392 1236 4403 —-
1261 4361 1494 4431 Repleti,
1515 4362 1760 4427 Domine,
1782 4361 2155 4418 benedictione

562 4453 786 4519 caelesti,
809 4468 1113 4523 quresumus
1131 4451 1467 4506 clementiam
1488 4461 1652 4521 tuam,
1680 4463 1758 4517 ut,
1783 4454 2149 4510 intercedente

566 4546 722 4603 beato
749 4547 997 4602 Hermcte
1026 4554 1260 4616 martyre
1290 4554 1401 4615 tuo,
1430 4561 1549 4615 quae
1579 4545 1852 4601 humiliter
1889 4546 2145 4617 gerimus,
2174 4565 2229 4627 ι)

566 4638 857 4695 salubriter
885 4638 1201 4694 sentiamus.
1236 4637 1358 4692 Per.

571 4731 799 4801 126w
851 4744 1127 4787 KALENDAS
1172 4742 1513 4785 ssrrenants.
1559 4758 1629 4769 -—
1673 4742 1895 4785 NA’I‘ALIS
1936 4744 2149 4786 sane”:

1251 4816 1473 4856 εΑΒΙΝιΕ.

636 4893 791 4964 (467)
823 4894 1032 4949 Exaudi
1063 4909 1180 4963 nos,
1212 4894 1377 4959 Deus,
1409 4891 1659 4948 salutaris
1690 4901 1897 4960 noster,
1934 4904 1992 4949 ut
2013 4893 2153 4950 sicut

564 4994 765 5045 sanctze
796 4986 1010 5041 Sabina:
1033 4986 1318 5042 festivitate
1338 4987 1656 5057 gaudemus,
1681 4986 1753 5041 ita
1780 4987 1886 5056 pia:
1911 4985 2153 5043 devotio-

562 5077 652 5135 nis
682 5076 989 5132 erudiamur
1017 5076 1230 5134 effectu.
1264 5078 1389 5135 Per.

639 5168 810 5237 Super
838 5169 1025 5224 oblata.
1055 5201 1126 5211 —
1154 5170 1458 5237 Gratanter,
1510 5171 1758 5238 Domine,
1813 5171 1882 5227 ad
1929 5186 2153 5228 munera

567 5261 792 5319 dicanda
821 5265 1190 5322 concurrimus
1216 5306 1231 5332 ,
1256 5281 1378 5334 qua:
1406 5266 1610 5322 nomini
1640 5275 1731 5321 tuo
1762 5282 1858 5335 pro
1883 5266 2149 5323 solemni-

568 5364 677 5413 tate
702 5367 900 5413 sanctm
920 5358 1171 5430 martyris
1198 5367 1302 5414 tua:
1323 5359 1539 5416 Sabinae
1566 5358 1881 5430 suppliciter
1905 5361 2152 5419 immola-

565 5462 706 5505 mus.
742 5448 843 5506 Per
872 5450 1153 5505 Dominum
1178 5460 1437 5507 nostrum.

642 5598 670 5627 ι
699 5587 837 5643 Nihil
885 5604 1097 5657 quoque
1150 5588 1340 5657 legitur
1385 5588 1452 5644 de
1500 5596 1687 5643 sancto
1743 5588 2039 5657 Augustino
2091 5595 2144 5643 ln

565 5661 837 5731 praedictis
864 5660 1143 5716 Codicihus
1168 5661 1377 5715 Calensi
1400 5670 1452 5716 et
1482 5660 1615 5731 Reg.
1649 5659 1834 5731 suec.,
1853 5660 1949 5715 sed
1976 5669 2151 5714 exstat

569 5730 687 5799 ejus
729 5732 911 5804 natale
969 5739 1019 5785 in
1058 5734 1182 5790 Mss.
1230 5734 1386 5789 Gem.
1438 5741 1504 5804 et.
1535 5730 1740 5788 'l‘heod.
1783 5741 1905 5801 post
1951 5731 2147 5789 festum

569 5802 739 5857 sauc'i
768 5803 1050 5859 llermetis.

2259 3280 2504 3337 cessione
2520 3294 2621 3335 sua
2633 3294 2663 3333 a
2680 3278 3086 3335 tenebrosorum
3102 3292 3322 3347 operum
3342 3292 3437 3332 vos
3455 3277 3647 3333 liberet
3664 3277 3853 3334 incem

2260 3374 2401 3430 tivis.
2422 3376 2616 3430 Amen.
2641 3374 2709 3429 Et
2736 3373 2826 3443 qui
2850 3387 2948 3442 pro
2977 3374 3223 3440 veritate,
3245 3386 3365 3443 quae
3384 3372 3524 3427 Deus
3552 3381 3655 3438 est,
3689 3380 3855 3442 caput

2259 3483 2367 3524 non
2394 3476 2478 3523 est
2503 3472 2782 3522 cunctatus
2834 3466 3101 3531 amittere,
3130 3478 3229 3519 suo
3267 3464 3569 3520 interventu
3595 3463 3661 3519 ad
3689 3473 3856 3534 caput

2258 3568 2526 3629 nostrum,
2567 3558 2709 3629 quod
2756 3556 3003 3614 Christus
3054 3565 3160 3625 est,
3206 3571 3303 3614 vos
3342 3557 3503 3613 faciat
3542 3558 3852 3627 pervenire.

2258 3652 2453 3709 Amen.
2482 3650 2637 3718 Quod
2666 3650 2780 3721 ipse
2805 3660 3058 3720 praestare
3089 3648 3353 3718 dignetur.

2330 3744 2412 3797 Ad
2460 3740 2862 3815 Complendum.
2921 3770 2992 3782 —
3039 3740 3293 3796 Conferat
3348 3741 3546 3808 nobis,
3588 3740 3855 3812 Domine,

2260 3836 2431 3891 sancti
2479 3834 2699 3891 Joannis
2751 3844 3037 3905 utrumque
3090 3833 3244 3905 127
3298 3834 3629 3902 solemnitas,
3684 3843 3744 3889 ut
3804 3846 3858 3894 et

2262 3929 2544 3999 magnifica
2591 3939 2948 3995 sacramenta,
2993 3942 3115 3999 qua:
3146 3928 3475 3999 sumpsimus
3500 3928 3659 3999 digne
3687 3943 3859 3987 venev

2260 4035 2461 4085 remur,
2492 4029 2545 4076 et
2582 4020 2738 4077 nobis
2787 4020 3039 4077 salutaria
3079 4020 3393 4077 sentiamus.
3429 4020 3529 4077 Per
3562 4018 3859 4079 Dominum

2260 4124 2523 4169 nostrum.

2331 4217 2472 4270 Alia.
2522 4247 2593 4257 —
2621 4216 2903 4287 Perpetuis
2943 4231 3061 4283 nos,
3092 4216 3335 4287 Domine,
3397 4218 3568 4273 sancti
3619 4217 3854 4275 Joannis

2258 4309 2515 4380 Baptistae
2539 4319 2689 4366 tuere
2706 4310 2971 4380 praesidiis
2992 4327 3007 4377 ;
3032 4320 3087 4367 et
3106 4320 3305 4381 quanto
3326 4310 3623 4381 fragiliores
3636 4325 3857 4381 sumus,

2261 4410 2408 4459 tanto
2433 4402 2603 4473 magis
2628 4405 2944 4460 necessariis
2963 4404 3150 4459 attolle
3177 4404 3465 4477 suffragiis.
3501 4405 3625 4460 Per.

2330 4535 2388 4575 ΙΙΙ
2418 4535 2691 4576 κΑιεΝυΑε
2719 4534 3065 4575 διεντειωηιε.
3094 4551 3161 4560 —
3192 4535 3423 4577 ΝΑτΑιιε
3460 4534 3779 4577 SANCTORUI

2748 4606 2951 4648 FELICIS
3008 4608 3075 4647 ΕΤ
3105 4608 3357 4648 ΔΒΛυῦτΙ.

2326 4703 2657 4774 Maiestatem
2702 4712 2870 4770 tuam,
2895 4704 3140 4774 Domine,
3170 4706 3437 4776 supplices
3460 4705 3846 4777 deprecamur,

2258 4807 2318 4853 ut
2346 4800 2486 4853 sicut
2509 4798 2709 4869 jugiter
2737 4807 3047 4855 sanctorum
3079 4807 3289 4855 tuorum
3331 4783 3860 4858 commemoratione

2254 4889 2515 4958 laetificas,
2550 4891 2620 4945 ita
2646 4906 2860 4963 semper
2881 4890 3267 4962 supplicatione
3287 4892 3567 4948 defendas.
3610 4893 3734 4947 Per.

2331 4985 2501 5057 Super
2531 4986 2723 5042 oblata.
2760 5017 2825 5026 —
2851 4986 3065 5042 Hostias
3090 5026 3107 5054 ,
3138 4986 3392 5051 Domine,
3426 4994 3529 5041 tua:
3558 4986 3731 5055 plebis
3762 4988 3852 5041 in-

2259 5076 2441 5147 tende,
2471 5086 2525 5133 et
2552 5092 2685 5148 quas
2712 5078 2768 5133 in
2794 5080 2995 5134 honore
3049 5087 3358 5132 sanctorum
3406 5086 3620 5133 tuorum
3651 5078 3858 5130 devota

2261 5181 2441 5229 mente
2468 5172 2726 5238 celebrat,
2745 5170 3006 5241 proficere
3025 5168 3131 5227 sibi
3157 5170 3356 5227 sentiat
3381 5170 3449 5225 ad
3472 5169 3719 5225 salutem.
3751 5169 3861 5223 l’cr

2261 5262 2543 5320 Dominum
2577 5272 2841 5319 nostrum.

2331 5358 2411 5413 Ad
2437 5356 2832 5427 Complendum.
2862 5387 2934 5398 —
2961 5356 3210 5425 Repleti;
3236 5355 3461 5412 Domine
3486 5398 3501 5424 ,
3533 5352 3861 5409 muneribus

2257 5452 2447 5520 sacris,
2480 5465 2809 5521 quaesumus,
2839 5461 2919 5519 ut,
2976 5449 3428 5507 intercedentibus
3486 5448 3688 5503 sanctis
3716 5445 3855 5511 tuis,

2326 5588 2354 5629 δ
2384 5590 2457 5644 De
2486 5591 2585 5645 hoc
2618 5590 2753 5647 festo
2784 5590 2841 5646 fit
2867 5592 2955 5648 die
2983 5606 3099 5659 seq.
3136 5594 3187 5647 in
3220 5591 3444 5647 Kalend.
3478 5592 3633 5649 Rom.

2255 5672 2351 5788 Mc
2387 5663 2575 5744 Exstat
2620 5663 2674 5718 in
2722 5663 2998 5720 Beuedict.
3032 5664 3085 5717 in
3122 5665 3251 5735 festo
3286 5666 3448 5720 sancti
3503 5664 3724 5722 Joannis
3784 5664 3855 5722 de

2315 5744 2529 5788 arturto.

2315 5750 2529 5804 artyrto.
