4064 6350
201 430 292 485 I57

1369 418 1570 476 LlBER
1607 413 2247 475 SACRAMENTORUM.

3353 415 3458 473 158

202 550 248 598 in
275 541 559 612 gratiarum
579 546 790 593 tuarum
819 552 1030 609 semper
1050 539 1257 593 actione
1285 552 1620 593 maneamus.
1653 536 1773 590 Per.
1807 547 1858 604 Α
1886 544 1943 588 ιιι
1994 548 2114 602 quae
2168 529 2533 600 temporaliter
2583 531 2818 600 gerimus
2858 538 3113 601 perpetua
3166 530 3458 586 salvationc

200 651 243 688 Π
268 648 381 689 IDUS
409 647 755 686 εειηειιιιιιιε.
789 661 857 671 —
900 642 925 669 ⁸
956 646 1181 686 ΝΑτΑιιε
1219 645 1433 687 ΒΑΝΕΤίΕ
1459 646 1639 685 ὶΙΔΜᾹΞ
1665 646 1780 683 νικ-

901 718 1057 759 GINIS.

263 798 539 852 Orationes
567 797 636 849 ad
669 796 969 849 Matutinos.
1023 824 1096 837 —
1141 793 1346 850 Adesto
1375 793 1551 857 nobis,
1598 793 1801 847 omni-7

197 902 380 958 potens
406 891 569 955 Deus,
598 890 770 945 beatae
798 888 979 942 Mariae
1008 886 1142 942 festa
1195 887 1585 957 repetentibus,
1620 900 1777 954 quam

197 983 466 1037 hodierna:
496 981 800 1036 festivitatis
826 979 1082 1050 prolatam
1136 987 1326 1035 exortu
1377 978 1630 1034 ineilabili
1661 992 1780 1033 mu-

197 1089 323 1130 nere
348 1074 665 1128 sublevasti.
694 1074 817 1128 Per.

257 1165 339 1221 Ad
366 1164 523 1237 (471)
548 1163 953 1219 Processionem.
983 1192 1052 1204 --
1099 1162 1548 1232 Supplicationem
1599 1174 1780 1216 servo-

199 1273 308 1314 rum
336 1267 576 1323 tuorum,
609 1256 753 1311 Deus
775 1256 1078 1323 miserator,
1110 1255 1324 1322 exaudi,
1350 1264 1406 1310 ut
1432 1255 1524 1325 qui
1556 1254 1608 1308 in
1637 1254 1780 1308 nati-

207 1350 373 1405 vitate
406 1349 503 1404 Dei
537 1348 822 1403 Genitricis
870 1353 926 1402 et
962 1347 1182 1416 virginis
1219 1360 1633 1416 congregemur,
1664 1344 1784 1414 ejus

198 1440 675 1497 intercessionibus
699 1454 729 1493 a
747 1448 798 1494 te
810 1439 875 1493 de
897 1439 1219 1494 instantibus
1232 1439 1483 1509 periculis
1504 1452 1777 1493 eruamur.

197 1534 294 1591 Per
321 1532 576 1589 eumdem
608 1532 893 1585 Dominum
937 1540 1204 1585 nostrum.

261 1630 341 1682 Ad
385 1626 623 1681 Missam.
656 1654 728 1667 —
783 1624 1015 1680 Famulis
1060 1624 1165 1679 tuis
1192 1669 1205 1693 ,
1251 1625 1476 1679 Domine
1502 1665 1517 1689 ,
1548 1622 1782 1678 caelestis

199 1723 382 1795 gratia:
404 1735 597 1775 munus
624 1718 922 1787 impartire,
947 1725 1006 1771 ut
1027 1716 1219 1787 quibus
1253 1717 1426 1772 beatae
1456 1716 1637 1770 Maria:
1668 1714 1780 1768 vir-

197 1816 335 1886 ginis
356 1822 538 1884 partus
570 1812 780 1866 exstitit
802 1812 989 1865 salutis
1017 1810 1317 1873 exordium,
1350 1808 1640 1863 nativitatis
1666 1808 1780 1877 ejus

198 1908 369 1961 votiva
389 1903 707 1959 solemnitas
738 1898 884 1972 pacis
915 1900 1114 1955 tribuat
1144 1901 1554 1955 incrementum.
1583 1899 1703 1954 Per.

262 1997 435 2067 Super
486 1996 676 2049 oblata.
727 2022 798 2033 —-
840 1990 1109 2064 Unigenili
1149 1994 1265 2057 tui,
1313 1992 1577 2057 Domine,
1629 1990 1781 2046 nobis

195 2098 472 2144 succurrat
503 2088 830 2152 humanitas,
862 2093 924 2139 ut
961 2085 1053 2155 qui
1083 2093 1242 2140 natus
1268 2084 1336 2139 de
1364 2085 1571 2153 virgine
1597 2086 1784 2139 matris

195 2182 560 2250 integritatem
590 2195 694 2235 non
743 2178 959 2243 minuit,
987 2177 1083 2232 sed
1115 2178 1368 2241 sacravit,
1415 2178 1468 2231 in
1493 2178 1784 2233 nativitatis

193 2273 312 2344 ejus
342 2272 646 2338 solemniis,
672 2286 702 2327 a
732 2271 930 2325 nostris
961 2284 1059 2325 nos
1105 2271 1330 2340 piaculis
1357 2284 1579 2336 exuens,
1632 2270 1786 2324 obla-

196 2365 399 2420 tionem
455 2374 691 2419 nostram
752 2363 846 2419 tibi
897 2362 1055 2419 faciat
1098 2373 1395 2433 acceptam.
1455 2363 1557 2430 Qui
1612 2374 1784 2419 tecum

200 2456 345 2513 vivit.

266 2550 547 2617 Praefatio.
574 2578 646 2589 —
673 2548 816 2605 Vere
841 2549 1059 2619 dignum
1088 2556 1145 2604 et
1189 2549 1392 2617 justum
1424 2556 1528 2613 est,
1574 2563 1786 2617 aequum

201 2638 527 2709 ebsalutare,
567 2643 728 2715 128
769 2656 867 2697 nos
893 2642 987 2697 tibi
1016 2656 1230 2711 semper
1258 2650 1313 2697 et
1358 2641 1551 2711 ubique
1588 2642 1787 2712 gratias

204 2748 377 2804 agere,
426 2735 656 2790 Domine
701 2744 927 2801 sancte,
975 2732 1135 2789 Pater
1181 2732 1540 2801 omnipotens,
1591 2741 1790 2788 interno

206 2828 385 2883 Deus:
413 2836 469 2883 et
492 2828 768 2898 praecipue
799 2842 893 2894 pro
921 2826 1132 2881 meritis
1162 2825 1334 2880 beata:
1350 2825 1445 2880 Dei
1474 2826 1787 2893 Genitricis,

206 2931 261 2977 et
280 2929 556 2991 perpetuae
580 2920 803 2987 virginis
840 2919 1051 2984 Mariae,
1080 2918 1250 2988 gratia
1280 2919 1474 2987 plenae,
1509 2928 1653 2972 tuam
1676 2932 1794 2973 om-

208 3014 555 3082 nipotentiam
596 3012 838 3079 laudare,
889 3011 1206 3068 benedicere
1243 3020 1300 3066 et
1348 3010 1656 3081 praedicare.
1688 3010 1792 3067 Per

209 3120 379 3175 quem.

276 3199 353 3250 Ad
380 3196 785 3265 Complendum.
817 3195 1261 3266 --Sumpsimus,
1290 3195 1536 3263 Domine,
1567 3196 1793 3253 celebrt-

216 3290 330 3343 tatis
353 3304 548 3344 annua:
574 3289 751 3343 votiva
796 3296 1132 3343 sacramenta
1166 3304 1181 3341 :
1211 3298 1427 3357 praesta,
1459 3302 1789 3358 quaesumus,

216 3380 574 3437 intercedente
595 3380 752 3437 beata
798 3394 1011 3451 semper
1032 3380 1239 3450 virgine
1280 3379 1464 3449 Maria,
1491 3389 1548 3434 ut
1574 3392 1627 3435 et
1656 3388 1791 3435 tem-

219 3476 412 3543 poralis
430 3474 588 3530 nobis
616 3473 739 3529 vitae
760 3474 997 3528 remedia
1030 3474 1305 3543 prmbeant
1326 3482 1380 3529 et
1398 3484 1636 3530 ueterum.
1666 3475 1789 3530 Per.

285 3566 449 3637 Super
472 3568 742 3639 papulum.
776 3596 841 3606 —
887 3567 1117 3636 Adjuvet
1159 3580 1280 3633 nos,
1330 3580 1655 3635 quaesumus,
1688 3568 1792 3622 Do-

224 3661 377 3726 mine,
406 3670 607 3715 sancta:
658 3658 838 3714 Mariae
888 3657 1206 3714 intercessio
1258 3658 1587 3725 veneranda,
1637 3659 1793 3729 cujus

226 3752 373 3807 etiam
394 3753 556 3819 diem,
578 3766 688 3822 quo
709 3750 829 3807 felix
870 3750 987 3821 ejus
1006 3760 1087 3807 est
1113 3751 1361 3808 inchoata
1394 3753 1669 3820 uativitas,
1706 3768 1796 3810 ce-

226 3843 497 3904 lebramus.
529 3848 656 3903 Per.

227 3954 385 3996 EODEI
414 3956 525 3997 ωε.
553 3969 626 4008 στ-
658 3938 811 4011 (472)
863 3956 1084 3996 manus
1114 3940 1139 3977 ι)
1186 3956 1375 3997 SANCTI
1408 3956 1623 3998 ADRIANI
1666 3956 1797 3997 uan-

912 4027 1081 4067 TYHIS.

290 4105 489 4174 Presta,
542 4121 899 4177 quaesumus,
948 4108 1288 4175 omnipotens
1346 4106 1491 4162 Deus
1521 4150 1535 4174 ,
1591 4114 1651 4161 ut
1703 4106 1794 4176 qui

227 4195 355 4253 beati
382 4198 604 4255 Adriani
622 4199 872 4271 martyris
896 4199 972 4253 tui
997 4199 1236 4255 natalitia
1250 4202 1495 4268 colimus,
1529 4216 1559 4254 a
1586 4202 1795 4257 cunctis

226 4294 373 4349 malis
396 4294 800 4350 imminentibus
822 4294 941 4365 ejus
969 4293 1444 4352 intercessionibus
1480 4296 1791 4352 liberemur.

227 4383 341 4444 Per.

290 4478 458 4550 Super
509 4482 705 4535 oblata.
749 4511 819 4520 —
872 4480 1115 4548 Munera,
1162 4497 1487 4553 qttzesumus,
1546 4483 1790 4551 Domine,

225 4570 313 4625 tibi
351 4573 529 4627 dicata
550 4572 847 4638 sanctiﬁca,
880 4582 934 4627 et
963 4574 1327 4629 intercedente
1354 4574 1511 4629 beato
1557 4574 1793 4629 Adriano

225 4674 450 4736 martyre
478 4674 591 4732 tuo,
618 4680 709 4733 per
730 4663 915 4720 eadem
946 4678 1041 4718 nos
1064 4665 1301 4735 placatus
1332 4666 1567 4721 intende.
1598 4667 1722 4721 Per.

1882 627 2175 697 capiamus.
2203 626 2304 679 l’er
2334 638 2376 676 τι.

1884 736 1941 775 ιιι
1966 735 2079 776 IDUS
2100 734 2441 774 snmsnnms.
2464 749 2534 761 -—
2555 732 2681 775 ΜΤ.
2711 734 3017 776 εΑΝοτοιιιιιι
3040 718 3191 792 (475)
3217 734 3372 775 rno'rt
3394 734 3463 774 nr

2512 807 2822 846 HYACINTHI.

1958 884 2103 940 Beati
2134 886 2279 941 Proti
2305 900 2423 951 nos,
2456 884 2702 950 Domine,
2731 894 2789 940 et
2830 883 3113 955 Hyacinthi
3139 883 3315 940 foveat
3345 899 3467 953 pre-

1884 976 2335 1047 tiosa‘confessio,
2386 987 2439 1032 et
2488 978 2575 1046 pia
2623 976 2818 1046 jugiter
2868 977 3185 1032 intercessio
3230 982 3467 1031 tueatur.

1884 1070 1987 1125 Per
2010 1071 2294 1124 Dominum
2326 1079 2587 1125 nostrum.

1957 1163 2129 1232 Super
2170 1162 2365 1217 oblata.
2397 1190 2467 1201 —
2496 1161 2601 1216 Pro
2630 1167 2936 1215 sanctorum
2976 1168 3189 1214 tuorum
3238 1156 3385 1213 Proti
3414 1165 3469 1211 et

1887 1256 2171 1327 Hyacinthi
2225 1270 2443 1309 munera
2500 1254 2615 1320 tibi,
2670 1253 2912 1317 Domine,
2957 1250 3468 1307 commemoratione

1884 1360 2009 1415 qua:
2066 1347 2326 1401 debemus
2377 1346 2701 1400 exsolvimus
2734 1361 2749 1398 :
2783 1351 2996 1413 praesta,
3042 1355 3366 1411 quaesumus,
3412 1350 3471 1395 ut

1884 1440 2184 1494 remedium
2220 1440 2370 1494 nobis
2406 1447 2677 1508 perpetua:
2702 1438 2886 1492 salutis
2928 1444 3237 1507 operentur.
3272 1436 3394 1490 Per.

1955 1532 2035 1585 Ad
2061 1530 2453 1601 Complendum.
2478 1528 2551 1570 -ὶ
2570 1529 2639 1583 Ut
2670 1538 2920 1597 perpetua
2945 1543 3064 1596 nos,
3100 1526 3343 1591 Domine,
3376 1536 3469 1583 tua

1884 1633 2066 1677 sancta
2082 1622 2384 1691 puriﬁcent,
2405 1620 2546 1675 beati
2564 1620 2709 1697 Bruti
2734 1628 2787 1673 et
2802 1618 3107 1689 Hyacinthi,
3134 1631 3466 1687 quaesumus,

1884 1715 2134 1783 imploret
2163 1716 2355 1769 oratio.
2383 1714 2502 1768 Per.
2604 1710 2607 1713 ’

1886 1824 2015 1864 xvm
2038 1824 2311 1864 KALENDAS
2340 1822 2613 1863 ocronms.
2638 1835 2709 1846 ——
2738 1804 2887 1876 (474)
2920 1820 3225 1861 εκΔιτΑτιο
3250 1818 3467 1861 sum“:

2582 1892 2782 1933 CRUCIS.

1963 1971 2112 2043 (475)
2139 1973 2297 2039 Deus,
2352 1972 2437 2041 qui
2468 1971 2739 2041 Unigeniti
2768 1970 2843 2025 tui
2887 1970 3101 2025 Domini
3132 1970 3299 2025 nostri
3349 1984 3471 2039 pre-

1889 2063 2026 2117 tioso
2073 2065 2332 2132 sanguine
2384 2063 2674 2117 humanum
2724 2076 2893 2131 genus
2921 2060 3189 2116 redimere
3218 2060 3470 2131 dignatus

1890 2168 1971 2219 es,
2002 2155 2239 2209 concede
2270 2155 2528 2222 propitius
2546 2162 2603 2207 ut
2630 2154 2721 2224 qui
2751 2152 2818 2207 ad
2844 2152 3176 2207 adorandam
3203 2153 3471 2207 viviﬁcam

1888 2247 2003 2315 ejus
2030 2262 2240 2301 crucem
2278 2248 2434 2317 129
2456 2246 2770 2311 adveniunt,
2795 2262 2825 2300 a
2872 2254 3212 2315 peccatorum
3236 2260 3461 2301 suorum

1889 2340 2115 2393 nexibus
2138 2338 2456 2393 liberentur.
2486 2338 2589 2394 Per
2610 2337 2877 2393 eumdem.

1962 2430 2133 2499 Super
2154 2432 2343 2484 oblata.
2369 2460 2439 2471 —
2466 2429 2886 2501 (476)Devotas,
2918 2430 3170 2495 Domine,
3201 2426 3478 2482 humilita-

1890 2524 1959 2577 tis
1987 2533 2186 2577 nostrac
2218 2537 2427 2591 preces,
2474 2534 2526 2576 ct
2558 2522 2769 2577 Hostias
2801 2520 3190 2576 misericordia:
3217 2529 3321 2574 tute
3350 2535 3480 2588 prm-

1891 2612 2046 2666 cedat
2074 2612 2352 2677 auxilium,
2381 2623 2432 2666 et
2454 2612 2705 2677 salutem,
2738 2627 2899 2681 quam
2926 2626 3023 2680 per
3045 2610 3213 2666 Adam
3244 2612 3295 2665 in
3325 2625 3480 2679 para-

1891 2702 1990 2758 disi
2023 2704 2166 2772 ligno
2186 2703 2457 2758 clauserat
2479 2712 2737 2758 temerata
2766 2701 3116 2773 praesumptio
3135 2742 3151 2770 ,
3201 2702 3329 2772 ligni
3358 2717 3479 2756 rur-

1893 2807 2009 2848 sum
2039 2793 2169 2847 fides
2198 2796 2422 2862 aperiat.
2456 2794 2577 2849 Per.

1967 2883 2357 2955 Prwfationem,
2395 2900 2512 2955 qua:
2539 2895 2611 2940 eu
2641 2886 2694 2940 in
2724 2885 3025 2940 Inventione
3060 2894 3253 2939 sanctae
3290 2887 3481 2953 crucis,

1892 2979 2092 3049 require
2128 2979 2182 3031 in
2204 2994 2234 3031 ν
2263 2976 2444 3031 Nonas
2468 2976 2615 3033 Maii.

1967 3072 2048 3126 Ad
2076 3070 2465 3142 Complendum.
2490 3103 2561 3113 —
2590 3072 2888 3146 (477)1esu
2911 3073 3111 3127 Christi
3149 3074 3360 3128 Domini
3396 3089 3484 3127 no-

1895 3166 1991 3221 stri
2022 3180 2249 3235 corpore
2278 3173 2331 3220 et
2351 3166 2611 3234 sanguine
2632 3166 2884 3236 saginati,
2904 3181 2999 3235 per
3019 3182 3176 3237 quem
3195 3168 3370 3221 crucis
3395 3174 3482 3221 est

1895 3257 2286 3313 sanctificatum
2330 3258 2619 3323 vexillum,
2677 3274 3015 3329 quaesumus,
3066 3260 3289 3316 Domine
3338 3261 3487 3315 Deus

1820 3336 1865 3399 C
1900 3358 2116 3415 noster,
2151 3360 2207 3404 ut
2234 3349 2372 3404 sicut
2419 3348 2645 3405 adorare
2686 3352 2999 3417 meruimus,
3031 3351 3103 3405 ita
3134 3352 3487 3421 perennitatis

1900 3445 2018 3513 ejus
2044 3445 2229 3513 gloriae
2260 3444 2479 3499 salutari
2510 3445 2779 3515 potiamur
2824 3445 3036 3501 effectu.
3068 3444 3171 3501 Per
3201 3445 3487 3502 Dominum

1901 3546 2162 3590 nostrum.

1972 3627 2142 3696 Super
2188 3628 2457 3698 populum.
2502 3660 2571 3669 —
2602 3629 2803 3686 Adesto
2832 3629 3047 3686 familiae
3093 3638 3234 3698 tuae,
3274 3645 3487 3700 quam»

1901 3733 2040 3783 mus,
2078 3720 2314 3776 clemens
2340 3730 2393 3774 et
2418 3721 2723 3777 misericors
2762 3723 2938 3788 Deus,
2980 3732 3037 3777 ut
3061 3722 3113 3775 in
3162 3723 3402 3777 adversis
3430 3735 3486 3778 et

1900 3808 2167 3879 prosperis
2210 3810 2326 3879 ejus
2378 3825 2566 3879 preces
2622 3811 2899 3878 exaudias,
2950 3818 3006 3865 et
3046 3812 3193 3865 nefas
3227 3812 3485 3866 adversa-

1901 3901 2102 3956 riorum
2156 3917 2253 3971 per
2297 3900 2555 3956 auxilium
2603 3902 2801 3957 sanctae
2847 3904 3022 3957 crucis
3074 3902 3307 3972 digneris
3356 3918 3483 3957 con-

1902 4004 2109 4062 terere,
2138 4004 2196 4051 ut
2240 4003 2455 4066 portum
2502 3995 2691 4051 salutis
2729 4005 2832 4051 tum
2858 3995 3032 4050 valeat
3058 3994 3482 4064 apprehendere.

1902 4088 2022 4145 Per.
3050 4092 3069 4113 ‘

1903 4220 2079 4263 eorum
2109 4222 2218 4263 me.
2252 4234 2324 4248 —
2349 4221 2570 4316 nit-raris
2596 4205 2769 4277 (478)
2804 4221 3113 4263 εΑΝετοιιυιι
3138 4222 3386 4264 conNELtt
3414 4224 3490 4265 ετ

2571 4294 2816 4316 ρνῐιηιιιιιι

2571 4294 2839 4334 ΟΥΡΒῙΔΝΙ.

1972 4396 2166 4469 ’(479)
2206 4397 2491 4453 Beatorum
2547 4408 2867 4469 martyrum,
2925 4399 3229 4468 pariterque
3275 4398 3491 4467 pontiﬁ-

1897 4503 2049 4555 cum,
2083 4488 2313 4545 Cornelii
2345 4498 2401 4544 et
2428 4489 2678 4560 Cypriani
2713 4504 2827 4555 nos,
2862 4505 3189 4560 quaesumus,
3222 4490 3475 4556 Domine,

1897 4578 2032 4634 festa
2088 4588 2364 4646 tueantur,
2393 4588 2445 4635 ct
2497 4594 2683 4636 eorum
2727 4581 3067 4637 commendet
3109 4583 3282 4636 oratio
3328 4595 3490 4638 vene-

1899 4673 2087 4729 randa.
2122 4673 2245 4728 Per.

287 4755 785 4825 AdComplendum.
816 4786 888 4797 -
927 4757 1073 4812 Beati
1124 4758 1346 4813 Adriani
1395 4761 1646 4830 martyris
1694 4760 1790 4827 tui,
1824 4743 1873 4802 Ῑ)
1974 4766 2145 4833 Super
2189 4766 2378 4821 oblata.
2416 4796 2485 4809 —-
2527 4766 2705 4823 Plebis
2751 4780 2885 4833 tum,
2947 4769 3201 4836 Domine,
3260 4782 3488 4823 munera

225 4843 463 4918 Domine,
498 4850 883 4905 intercessione
914 4849 1180 4918 placatus,
1216 4860 1431 4920 praesta,
1464 4866 1795 4924 quasumus,

287 5000 310 5028 ιι
334 4987 485 5044 Idem
526 4990 694 5042 sentit
728 4987 1036 5044 Grimoldus
1062 4988 1224 5043 abbas
1246 4989 1315 5045 de
1338 4998 1438 5044 hoc
1468 4990 1606 5058 quod
1640 5002 1798 5059 supra

180 5106 183 5107 ν
225 5060 286 5117 de
307 5060 489 5115 ofﬁcio
534 5059 927 5127 Assumptionis
955 5060 1133 5114 Mariae
1174 5060 1564 5114 adnotavimus.
1614 5060 1801 5115 Vetus-

225 5141 329 5186 tnm
361 5140 543 5184 tamen
595 5144 717 5185 esse
760 5140 903 5198 patet
932 5146 999 5185 ex
1046 5132 1177 5185 0rd.
1209 5132 1388 5197 Rom.,
1424 5148 1543 5200 pag.
1589 5130 1677 5197 84,
1710 5133 1797 5185 ubi

225 5207 378 5258 etiam
406 5202 659 5255 stationis
697 5202 764 5255 ad
795 5210 1037 5257 sanctum
1068 5202 1360 5257 Adrianttm
1393 5202 1695 5271 iitmentio,
1728 5203 1796 5257 ad

225 5290 380 5340 quam
413 5274 585 5340 prima
618 5271 731 5326 haec
771 5273 1003 5327 Collecta
1044 5274 1293 5341 pertinet,
1329 5275 1499 5327 Missae
1518 5284 1697 5327 autem
1730 5274 1797 5327 ad

228 5354 461 5400 sanctam
491 5343 733 5398 Mariam.
764 5342 914 5414 Facit
942 5343 1099 5414 hujus
1130 5343 1395 5399 Orationis
1417 5356 1471 5399 et
1488 5343 1623 5399 Coll.
1650 5359 1796 5399 men-

228 5417 424 5469 tionem
458 5413 775 5483 Hadulphus
810 5413 1040 5483 Tungr.,
1066 5430 1184 5484 cap.
1223 5416 1291 5470 15
1343 5426 1397 5470 et
1424 5417 1518 5481 25,
1548 5416 1635 5469 ubi
1670 5416 1809 5470 insti-

228 5496 391 5540 tutam
411 5485 578 5539 fuisse
611 5487 711 5556 hoc
738 5486 825 5541 die
853 5502 885 5539 a
908 5487 1028 5539 divo
1055 5485 1313 5556 Gregorio
1346 5487 1587 5540 Iitamam
1616 5487 1808 5541 scribit

233 5573 261 5627 ιι
299 5568 489 5611 sancto
540 5555 779 5612 Adriano
832 5556 898 5610 ad
952 5571 1188 5612 sanctam
1254 5557 1468 5614 Mariam
1527 5557 1803 5627 majorem.

237 5626 522 5683 l’ueuus.
568 5627 679 5681 Hoc
727 5639 906 5682 tamen
948 5627 1139 5682 festum
1170 5636 1225 5683 et
1247 5628 1482 5682 officium
1507 5630 1730 5681 habetur
1755 5626 1806 5682 in

239 5697 361 5752 Cod.
392 5699 526 5769 Reg.
550 5699 711 5754 Suec.
762 5710 819 5754 et
845 5701 898 5753 in
931 5702 1025 5764 al.,
1056 5714 1261 5753 necnon
1295 5701 1347 5752 in
1372 5700 1593 5755 Kalend.
1625 5700 1805 5763 Rom.,

243 5770 323 5823 ubi
351 5776 655 5839 assignatur
681 5770 749 5824 ad
781 5769 919 5823 diem
950 5770 984 5824 9
1036 5771 1385 5839 Septembris,
1418 5783 1472 5826 et
1508 5770 1807 5839 prtescribi-

240 5846 319 5911 tur
348 5843 546 5911 Evang.
581 5838 881 5911 Exsurgens
912 5838 1227 5895 Maria‘ubiit
1254 5843 1306 5896 in
1326 5838 1582 5900 montana.

304 5909 331 5953 ι
359 5900 524 5969 anesi
543 5929 571 5966 a
604 5912 705 5968 Ms.
730 5900 849 5968 C'at.

508 6008 784 6075 ΡΑφιιοιι.
832 6004 1180 6069 LXXVIII.

1904 4857 2166 4927 benignus
2196 4858 2433 4924 intende,
2461 4873 2581 4929 qua:
2611 4857 2870 4928 Majestati
2898 4868 3001 4914 tua:
3033 4874 3132 4928 pro
3171 4868 3478 4914 sanctorum

1986 5000 2009 5029 ο
2040 4992 2165 5045 Post
2212 4992 2402 5046 festum
2456 4993 2625 5047 sancti
2672 4992 2887 5047 Adriani
2946 4992 3188 5059 sequitur
3231 5007 3311 5046 :v
3355 4992 3488 5050 Idus

1910 5062 2244 5133 Septembris,
2280 5072 2387 5116 nat.
2439 5065 2603 5116 sancti
2633 5061 2879 5133 Gargonii
2911 5073 3086 5128 mart.,
3129 5062 3183 5117 in
3211 5063 3351 5118 Edil.
3389 5065 3489 5119 Va-

1909 5134 2027 5197 tic.,
2076 5133 2377 5188 faventibus
2408 5134 2535 5188 Mss.
2570 5133 2775 5187 Theod.
2807 5145 2861 5188 et
2890 5134 3103 5189 Getnet.
3132 5135 3205 5187 De
3238 5135 3328 5189 illo
3359 5152 3488 5189 vero

1907 5206 2065 5331 gilent
2097 5204 2242 5260 Edit.
2285 5204 2510 5272 Pamel.,
2561 5204 2849 5259 Kalendar.
2883 5204 3039 5259 Rom.
3090 5212 3144 5260 et
3186 5206 3317 5261 Cod.
3351 5207 3485 5276 Heg.

1948 5290 2065 5331 uec.

1948 5290 2065 5331 HEC.

1983 5347 2007 5384 ιι
2038 5344 2389 5401 Cclebcrrimi
2421 5347 2609 5401 natalis
2640 5345 3074 5417 sanctiCypriani
3098 5347 3491 5403 meminitCas-

1912 5417 2179 5481 siodorus,
2218 5418 2425 5473 Variar.
2460 5419 2552 5473 lib.
2588 5434 2702 5483 vm,
2731 5420 2890 5487 epist.
2917 5420 3005 5485 55,
3048 5428 3102 5475 et
3131 5420 3243 5488 ipse
3288 5417 3494 5488 Grego-

1913 5490 2057 5553 rius,
2117 5488 2207 5543 lib.
2241 5505 2307 5555 tt,
2357 5490 2541 5544 indict.
2598 5491 2697 5549 lt).
2740 5492 2895 5556 epist.
2926 5491 3017 5544 52.
3070 5492 3124 5544 ln
3170 5489 3498 5543 Kalcndario

1912 5559 2093 5625 Rnnt.,
2124 5574 2214 5614 sex
2241 5561 2591 5616 Itebdomada:
2617 5577 2735 5629 qua:
2761 5561 2953 5615 festum
2987 5565 3084 5613 hoc
3107 5567 3404 5627 sequuntur
3425 5560 3498 5615 ab

1912 5630 2005 5683 illo
2026 5646 2218 5685 nomen
2248 5634 2547 5701 accipiunt,
2578 5636 2716 5700 qum]
2751 5632 3076 5687 celebritatis
3107 5641 3159 5682 et
3186 5630 3496 5685 solemnita-

1913 5701 1981 5755 tis
2030 5702 2237 5771 insigne
2292 5713 2374 5759 cst
2430 5715 2819 5771 argumentum.
2857 5702 3005 5768 Apud
3058 5701 3382 5767 Patnelitttn,
3415 5703 3493 5758 fa-

1915 5782 2071 5827 vente
2089 5774 2221 5827 Cud.
2253 5775 2381 5844 Heg.
2430 5774 2622 5838 Suec.,
2657 5778 2845 5829 festum
2873 5786 3042 5827 sancti
3074 5771 3320 5840 Cypriani
3366 5792 3499 5841 prae-

1923 5844 2151 5969 anittitur
2176 5846 2497 5927 solemnitati
2521 5847 2693 5900 Exalt.
2716 5852 2911 5898 sancta:
2937 5843 3133 5909 crucis,
3158 5859 3275 5913 quzc
3301 5848 3496 5902 eodem

1962 5931 2011 5969 te
2038 5927 2286 5969 occurrit.

1962 5920 2011 5970 ie
2038 5920 2286 5971 occurrit.
