4100 6354
305 374 388 433 ut
524 344 533 359 ’
1117 335 1127 347 ’
1459 381 1665 440 manu
1703 379 1872 438 seca

1985 379 2339 438 ENTORUM.

3441 387 3465 444 1
3477 384 3542 446 42

369 492 522 563 132
580 490 750 561 Super
780 494 971 549 oblata.
995 521 1065 536 --
1091 492 1232 550 Deus
1282 494 1486 562 ﬁdelis,
1543 494 1629 566 qui
1690 496 1865 551 ﬁdelia
1891 502 1944 558 Α
1972 496 2212 551 nantium
2241 493 2617 565 deprecatione
2658 496 2931 566 placatus,
2974 506 3028 554 et
3063 498 3350 569 praesentia
3388 499 3547 560 nobis

299 586 545 654 promissa
601 588 907 655 conﬁrmas,
960 588 1085 644 dum
1135 599 1352 644 vocatas
1404 598 1592 659 gentes
1643 605 1707 645 ex
1764 590 1870 645 fide

299 680 573 747 Iustificas,
624 690 679 736 tu
725 683 1083 752 cognitionem
1148 682 1305 737 nobis
1354 682 1641 738 individua:
1694 682 1872 737 tribue

298 772 561 830 Trinitatis
586 819 600 841 ,
650 787 706 831 ut
756 777 963 846 pacifici
1005 790 1385 833 converscmur
1412 777 1549 832 inter
1588 776 1724 831 filios
1754 778 1870 831 uni-

297 864 431 930 tatis,
461 881 588 936 quo,
613 866 766 921 istius
796 877 992 923 sanctae
1019 867 1374 923 confessionis
1399 867 1660 923 sacriﬁcio
1684 877 1870 938 poten-

296 960 589 1025 tcroblato,
622 961 974 1017 visitationem
1008 970 1151 1017 tuam
1192 961 1397 1033 jugiter
1451 975 1757 1017 mereamur
1802 975 1869 1016 ex

294 1051 414 1105 alto.
451 1051 573 1105 Per.

359 1143 624 1212 meutio‘.
654 1174 718 1184 ——
747 1144 887 1201 Vere
915 1144 1133 1216 dignum
1164 1152 1218 1200 et
1239 1145 1438 1214 justum
1461 1153 1561 1209 est,
1589 1158 1798 1212 aequum
1817 1150 1873 1197 et

291 1234 537 1301 salutare,
571 1251 669 1291 nos
700 1235 790 1291 tibi
842 1251 1051 1306 semper
1106 1246 1162 1294 et
1206 1239 1403 1308 ubique
1441 1238 1638 1307 gratias
1689 1250 1867 1307 agerc,

293 1326 508 1381 Domine
531 1337 731 1393 sancte,
762 1329 917 1384 Pater
938 1331 1279 1399 multipotens
1298 1373 1312 1395 ,
1348 1338 1548 1385 mtcrne
1574 1330 1713 1383 Deus
1740 1346 1754 1384 :
1780 1330 1872 1400 qui

291 1431 385 1471 nos
409 1418 553 1479 ideo,
589 1419 834 1473 collectis
878 1427 1035 1474 terrae
1064 1419 1344 1485 fructibus,
1372 1435 1470 1491 per
1497 1420 1861 1475 abstinentiam

288 1508 375 1564 tibi
402 1512 597 1580 gratias
631 1525 789 1580 agere
815 1511 1055 1578 voluisti,
1099 1519 1158 1565 ut
1180 1526 1244 1565 ex
1276 1512 1394 1581 ipso
1424 1510 1723 1566 devotionis
1768 1526 1867 1581 ge-

286 1617 411 1659 nere
440 1612 814 1669 nosceremus,
862 1619 967 1658 non
1013 1604 1127 1659 hac
1157 1604 1222 1658 ad
1250 1604 1647 1661 exuberantiam
1679 1617 1872 1673 corpo-

286 1694 471 1759 ralem,
508 1695 600 1748 sed
632 1693 698 1748 ad
738 1695 1039 1767 fragilitatis
1083 1698 1526 1752 sustentationem
1560 1710 1658 1749 nos
1687 1708 1872 1764 perce-

288 1788 451 1854 pisse,
500 1795 560 1840 ut
588 1786 725 1853 quod
760 1802 821 1841 ex
855 1789 937 1844 his
968 1791 1177 1859 parcius
1216 1803 1551 1844 sumeremus
1598 1788 1869 1856 egentium

1972 589 2206 645 subsidia
2247 588 2487 658 przebeas
2514 598 2567 644 et
2593 589 2785 645 futura.
2820 588 2940 648 Per.

2044 686 2181 737 Alia.
2213 713 2284 723 —-
2314 683 2388 737 Da
2420 684 2601 749 nobis,
2636 699 2976 755 quaesumus,
3009 686 3348 755 omnipotens
3375 686 3539 756 Deus,

1972 782 2029 829 ut
2052 774 2347 843 jejunando
2376 784 2461 830 tua
2486 777 2653 845 gratia
2683 776 2959 845 satiemur,
2986 787 3038 833 et
3065 776 3381 834 abstinendo
3410 795 3544 837 cuu-

1972 866 2072 920 ctis
2102 863 2399 921 efﬁciamur
2430 864 2671 921 hostibus
2703 866 2971 923 fortiores.
3015 867 3118 927 Per
3144 866 3427 925 Dominum
3454 886 3552 927 no-

1973 964 2157 1010 strum.

2051 1047 2189 1103 Alia.
2233 1078 2303 1089 —
2341 1047 2544 1115 'l‘uere,
2598 1066 2937 1119 quaesumus,
2988 1050 3242 1122 Domine,
3292 1048 3554 1108 familiam

1980 1149 2156 1202 tuam,
2191 1150 2250 1194 nt
2277 1139 2467 1195 salutis
2509 1150 2724 1197 aeternae
2765 1140 2999 1200 remedia
3039 1160 3157 1217 qua:
3197 1154 3249 1200 te
3289 1145 3559 1217 aspirante

1972 1234 2339 1305 requirimus,
2373 1243 2426 1291 te
2472 1234 2730 1309 largiente
2772 1253 3188 1315 consequamur.
3233 1238 3336 1296 Per
3375 1241 3559 1296 Domi-

1981 1344 2104 1382 num
2143 1338 2402 1382 nostrum.
3533 1387 3543 1396 ,

2048 1422 2185 1475 Atia.
2218 1452 2288 1461 —
2316 1419 2543 1490 Tribue,
2598 1439 2905 1493 quaesumus
2928 1467 2946 1494 ,
3003 1424 3224 1481 Domine
3247 1467 3262 1494 ,
3315 1424 3558 1481 ﬁdelibus

1974 1514 2077 1567 tuis
2109 1522 2164 1567 ut
2201 1526 2253 1567 et
2278 1512 2479 1583 jejunio
2510 1519 2890 1571 convenienter
2919 1527 3189 1586 aptentur,
3219 1526 3273 1572 et
3309 1524 3558 1587 suscepta

1972 1604 2289 1659 Solemnitcr
2318 1606 2596 1676 castigatio
2636 1607 2928 1676 corporalis
2966 1609 3031 1661 ad
3078 1608 3307 1665 fructum
3347 1617 3557 1665 nostra-

1972 1710 2089 1749 rum
2122 1704 2355 1750 transeat
2385 1696 2699 1753 animarum.
2736 1698 2835 1753 Per
2870 1698 3149 1754 Dominum
3190 1707 3450 1755 nostrum.

2050 1785 2181 1840 Alia.
2212 1816 2283 1827 —
2313 1784 2383 1843 Ut
2413 1803 2509 1842 nos
2532 1829 2545 1852 ,
2582 1788 2833 1857 Domine,
2866 1790 3055 1845 tribuis
3082 1790 3324 1848 solemne
3344 1791 3439 1847 tibi
3466 1790 3560 1849 de-

283 1881 563 1951 profleeret
585 1882 1206 1949 alimentis,etsalutaris
1224 1884 1502 1953 castigatio
1526 1878 1868 1937 mortalitatis
1899 1876 1946 1938 Β
1976 1874 2121 1932 ferre
2156 1877 2414 1945 jejunium
2437 1918 2453 1941 ,
2491 1879 2569 1933 sic
2610 1878 2761 1934 nobis
2784 1920 2801 1948 ,
2834 1896 3141 1951 qumsumus
3166 1924 3183 1952 ,
3215 1881 3560 1954 indulgentia:

281 1972 621 2028 insolentiam
654 1976 946 2043 mitigaret,
994 1984 1046 2030 et
1099 1976 1267 2044 pietas
1308 1972 1578 2043 largitoris
1614 1987 1712 2026 nos
1765 1982 1870 2025 tua:

281 2064 601 2135 benignitati
628 2065 1035 2122 commendatos
1066 2067 1324 2133 efficeret,
1347 2067 1530 2134 sicque
1564 2065 1718 2120 donis
1752 2074 1872 2119 meo

282 2171 468 2210 remur
500 2156 850 2222 transitoriis,
881 2165 941 2211 ut
977 2157 1305 2212 disceremus
1333 2157 1542 2211 inhiare
1568 2156 1868 2226 perpetuis.

281 2246 387 2303 Per
410 2247 684 2304 Christum
726 2249 1004 2304 Durnium
1032 2259 1298 2304 nostrum.

353 2339 435 2392 Ad
456 2336 938 2408 Complendum.--
960 2340 1265 2404 Sumeutes,
1302 2337 1549 2404 Domine,
1582 2338 1721 2391 dona
1760 2352 1871 2393 cm-

281 2429 437 2486 leSIia
489 2431 805 2499 suppliciter
853 2431 1205 2500 deprecamur
1246 2440 1305 2484 ut
1334 2445 1451 2500 quae
1480 2429 1662 2485 sedula
1692 2429 1854 2484 servi~

290 2532 421 2586 tute,
464 2520 697 2577 donante
729 2530 799 2584 te,
828 2520 1084 2591 gerimus,
1118 2522 1293 2592 dignis
1324 2521 1571 2578 sensibus
1619 2533 1709 2577 tuo
1754 2536 1873 2577 mu-

282 2627 416 2667 nere
441 2615 733 2681 capiamus.
770 2613 875 2669 Per
905 2614 1187 2668 Dominum
1226 2622 1491 2669 nostrum.

351 2703 488 2757 Alia.
518 2734 587 2744 —
613 2705 952 2772 Quaesumus,
986 2709 1326 2775 omnipotens
1364 2705 1524 2772 Deus,
1565 2719 1748 2774 preces
1776 2721 1868 2762 no-

281 2804 422 2854 stras
452 2798 681 2867 respice,
723 2808 778 2854 et
808 2808 912 2854 tuae
945 2814 1106 2869 super
1127 2813 1227 2854 nos
1254 2800 1461 2854 viscera
1501 2800 1716 2868 pietatis
1765 2799 1869 2855 im-

280 2892 483 2961 pende,
510 2900 568 2946 ut
595 2893 684 2961 qui
714 2908 781 2949 ex
814 2902 994 2948 nostra
1017 2893 1171 2962 culpa
1201 2892 1515 2961 afﬂigimur,
1542 2906 1611 2947 ex
1643 2902 1730 2948 tua
1762 2893 1874 2961 pie-

279 2989 391 3037 tate
427 2983 843 3040 misericorditer
872 2984 1183 3040 liberemur.
1217 2984 1344 3041 Per.

910 3106 936 3134 ⁸
978 3113 1135 3153 FERIA
1175 3114 1250 3151 Vl.

354 3186 580 3257 Prassta,
606 3204 937 3259 quzesumus,
972 3191 1310 3259 omnipotens
1337 3189 1498 3259 Deus,
1553 3198 1639 3257 ut,
1674 3190 1868 3246 obser-

281 3282 528 3336 vationes
554 3296 743 3337 sacras
770 3298 943 3337 annua
983 3281 1266 3338 devotione
1304 3284 1621 3347 recolentes,
1653 3292 1709 3340 et
1746 3298 1868 3338 cor-

281 3387 413 3442 pore
435 3374 525 3429 tibi
553 3376 855 3443 placeamus
896 3384 949 3431 et
978 3386 1177 3449 mente.
1208 3376 1329 3432 Per.

358 3464 530 3536 Super
581 3464 859 3520 oblata.-—
882 3470 1111 3536 Accepta
1149 3468 1238 3522 tibi
1268 3468 1396 3534 sint,
1429 3467 1674 3537 Domine,
1721 3484 1871 3539 quae-

282 3559 494 3623 sumus,
524 3560 691 3614 nostri
741 3559 877 3615 dona
928 3561 1140 3630 jejunii,
1184 3576 1304 3631 quae
1346 3562 1613 3630 expianda
1656 3577 1755 3619 nos
1784 3572 1871 3617 tua

282 3650 454 3719 gratia
486 3650 675 3719 dignos
718 3650 972 3722 efficiant,
1016 3662 1071 3708 et
1123 3652 1191 3707 ad
1240 3652 1563 3722 sempiterna
1612 3656 1871 3723 promissa

283 3742 600 3812 perducant.
631 3743 756 3799 Per.

359 3833 634 3904 Prwfatio.
658 3866 729 3877 —
749 3836 889 3892 Vere
919 3837 1136 3907 dignum
1181 3846 1237 3893 et
1274 3839 1478 3909 justum
1526 3846 1631 3904 est,
1662 3852 1872 3907 mquum

283 3937 340 3984 et
366 3929 624 3995 salutare,
661 3944 757 3985 nos
797 3930 892 3986 tibi
922 3946 1138 3999 semper
1162 3940 1217 3987 et
1244 3935 1441 4004 ubique
1467 3935 1664 4006 gratias
1693 3947 1873 4001 agene,

286 4020 516 4077 Domine
557 4033 776 4090 sancte,
826 4021 982 4079 Pater
1012 4026 1387 4094 omnipotens,
1438 4036 1639 4082 (uterne
1690 4025 1873 4079 Deus:

286 4114 378 4180 qui
407 4112 555 4181 justo
608 4114 801 4183 pioque
834 4116 1201 4171 moderamine
1225 4158 1241 4181 ,
1288 4128 1345 4173 et
1389 4133 1487 4188 pro
1524 4118 1753 4189 peccatis
1782 4118 1879 4171 ﬁa-

286 4206 427 4275 gella
459 4206 759 4276 irrogas,et
780 4218 897 4276 post
922 4209 1128 4279 ﬂagella
1154 4212 1361 4265 veniam
1392 4210 1714 4280 propitiatus
1746 4225 1880 4264 con-

288 4296 503 4364 donas,
555 4308 609 4353 et
657 4311 994 4370 peccatorum
1053 4302 1213 4355 vitam
1264 4304 1443 4371 potius
1476 4304 1665 4357 volens
1718 4316 1876 4371 quam

289 4398 522 4444 mortem
548 4433 562 4458 ,
614 4406 719 4445 non
755 4406 846 4445 eos
877 4391 941 4445 ad
994 4391 1263 4446 interitum
1319 4394 1665 4455 condemnas,
1699 4393 1792 4446 sed
1824 4401 1881 4446 ut

289 4481 631 4552 corrigantur
661 4482 942 4537 miseratus
965 4491 1265 4553 exspectas.
1309 4482 1411 4538 Per
1454 4483 1726 4538 Christum
1776 4485 1882 4538 De-

290 4572 500 4627 minum
542 4584 805 4630 nostrum.

1979 1978 2175 2038 praesta
2204 1969 2521 2023 subsidium.
2556 1971 2674 2025 Per.

2043 2061 2181 2114 Alia.
2214 2089 2285 2100 —
2315 2059 2464 2131 (486)
2496 2060 2638 2115 Deus
2660 2102 2675 2126 ,
2736 2060 2823 2131 qui
2870 2060 3060 2119 tribuis
3106 2077 3269 2134 puers
3310 2062 3563 2133 mitigasti

1978 2150 2224 2204 flammas
2257 2150 2457 2225 ignium
2481 2191 2494 2213 ,
2527 2152 2763 2207 concede
2802 2154 3063 2223 propitius
3103 2163 3161 2209 ut
3196 2168 3295 2209 nos
3335 2153 3563 2209 famulos

1980 2251 2099 2297 tuos
2152 2258 2256 2297 non
2306 2251 2497 2298 exurat
2546 2243 2759 2299 flannna
2810 2245 3082 2301 vitiorum.
3130 2246 3236 2302 Per
3276 2246 3563 2303 Dominum

1974 2343 2239 2389 nostrum.

2050 2424 2221 2492 Super
2244 2424 2435 2480 oblata.
2458 2456 2528 2469 -—-
2553 2425 2679 2479 Haec
2707 2426 2914 2493 Hostia,
2945 2428 3201 2497 Domine,
3229 2445 3560 2502 quaesumus,

1978 2520 2033 2570 et
2061 2516 2270 2569 vincula
2305 2526 2500 2571 nostra:
2528 2517 2824 2589 iniquitatis
2854 2518 3132 2588 absolvat,
3176 2529 3230 2574 et
3272 2529 3375 2575 tua:
3400 2521 3560 2576 nobis

1979 2606 2372 2661 misericordia:
2402 2608 2537 2661 dona
2566 2607 2831 2662 conciliet.
2858 2609 2960 2663 Per
2980 2609 3263 2666 Dominum
3292 2621 3556 2667 nostrum.

2056 2701 2321 2774 Praefatio.
2354 2732 2425 2743 --—
2456 2701 2591 2756 Vere
2619 2702 2833 2774 dignum
2861 2710 2915 2757 et
2939 2703 3141 2772 justum
3184 2714 3269 2760 est
3289 2743 3308 2773 ,
3352 2720 3561 2775 aequum

1978 2804 2033 2849 et
2065 2795 2321 2862 salutare,
2355 2811 2451 2849 nos
2480 2797 2569 2849 tibi
2600 2811 2813 2865 semper
2842 2804 2897 2849 et
2922 2797 3118 2867 ubique
3146 2798 3348 2868 gratias
3381 2813 3560 2867 agere,

1977 2885 2204 2941 Domine
2235 2896 2439 2953 sancte,
2476 2887 2634 2940 Pater
2663 2886 3001 2956 omnipotens
3022 2928 3036 2954 ,
3070 2896 3269 2941 aeterne
3301 2888 3439 2944 Deus
3460 2929 3476 2955 ,
3508 2899 3561 2943 et

1978 2980 2068 3034 tibi
2095 2978 2427 3033 sanctificare
2449 2978 2737 3050 jejunium,
2759 2979 2898 3049 quod
2930 2995 3025 3033 nos
3051 2956 3119 3034 ob
3148 2979 3557 3037 aedificationem

1976 3071 2275 3125 animarum
2328 3080 2381 3125 et
2422 3071 2825 3140 Castigationem
2871 3085 3157 3137 corporum
3203 3086 3418 3127 servare
3464 3072 3561 3127 do-

1976 3164 2129 3217 cuisti
2151 3204 2167 3229 ,
2202 3163 2322 3233 quia
2342 3161 2491 3232 (487)
2514 3162 2771 3217 restrictis
2806 3164 3120 3233 corporibus
3142 3206 3157 3231 ,
3189 3166 3383 3221 animae
3414 3167 3560 3237 sagi-

1895 3257 1943 3324 α
1973 3263 2186 3318 nantnr,
2221 3256 2271 3306 in
2312 3269 2419 3322 quo
2449 3252 2611 3307 homo
2647 3263 2830 3309 uoster
2859 3252 3109 3325 affligitur
3138 3250 3391 3323 exterior,
3426 3256 3563 3311 dila-

1981 3354 2123 3398 tatur
2156 3345 2396 3398 iuterior.
2432 3343 2697 3400 Memento
2719 3388 2732 3409 ,
2764 3361 3072 3416 quazsumns
3094 3388 3108 3413 ,
3146 3346 3391 3415 Domine,
3418 3347 3564 3418 jeju-

1980 3441 2190 3493 nioruui
2222 3448 2527 3493 nOstrorum
2560 3449 2615 3492 et
2649 3439 3140 3497 misericordiarum
3174 3447 3405 3507 tuarum,
3432 3455 3564 3511 quas

1984 3530 2355 3600 peccatoribus
2400 3532 2484 3600 pie
2524 3546 2737 3601 semper
2774 3531 3135 3600 jejunantibus
3174 3528 3475 3600 contulisti,
3509 3539 3564 3585 et

1981 3630 2173 3688 praesta
2206 3630 2290 3687 ut,
2324 3636 2428 3674 non
2480 3624 2650 3675 solum
2683 3636 2711 3673 a
2741 3621 2904 3687 cibis,
2933 3621 3025 3676 sed
3058 3636 3090 3675 a
3119 3622 3350 3691 peccatis
3392 3620 3564 3675 omni-

1978 3714 2079 3768 bus
2105 3714 2464 3777 abstinentes,
2504 3711 2802 3768 devotionis
2855 3713 2948 3769 tibi
2989 3712 3192 3785 jejunio
3230 3715 3561 3785 placeamus.

1981 3806 2082 3863 Per
2108 3806 2375 3861 Christum
2404 3804 2710 3859 Dominum.

2058 3910 2079 3937 ο
2126 3897 2438 3951 Benedictio.
2470 3926 2541 3936 —
2574 3897 2712 3949 Deus
2762 3892 2882 3949 fons
2933 3894 3276 3964 induigentia:
3317 3893 3564 3965 suscipiat

1982 3989 2245 4060 propitius
2281 3987 2581 4042 litationem
2614 3985 2955 4040 abstinentia:
2986 3996 3198 4039 vestrae.
3230 3988 3422 4041 Amen.
3460 3986 3564 4041 lm-

1982 4084 2123 4151 plent
2145 4083 2302 4138 corda
2328 4094 2500 4137 vestra
2527 4098 2743 4137 suarum
2770 4082 3211 4137 delectationibus
3236 4082 3563 4148 Hostiarum,

1980 4184 2037 4231 et
2064 4175 2155 4229 det
2200 4174 2355 4229 vobis
2401 4189 2557 4243 posse
2586 4173 2697 4229 suis
2729 4189 2916 4241 parere
2946 4173 3241 4244 prmceptis.
3276 4176 3466 4228 Amen.
3500 4172 3563 4229 Ut

1984 4267 2128 4337 quod
2172 4283 2279 4321 non
2324 4267 2547 4337 potestis
2586 4268 2785 4323 carnali
2829 4284 2895 4322 ex
2925 4268 3235 4323 infirmitate
3264 4267 3564 4338 perﬁcere,

1982 4364 2151 4432 ipsius
2191 4365 2375 4435 gratim
2418 4366 2659 4420 ubertate
2702 4364 2860 4438 13!.
2891 4366 3200 4423 mereaiuini
3243 4367 3559 4437 adimplere.

1981 4457 2177 4512 Amen.
2212 4458 2364 4523 Quod
2397 4460 2510 4527 ipse
2539 4466 2795 4528 praestare
2826 4459 3091 4529 dignetur.

2057 4553 2135 4605 Ad
2165 4550 2556 4620 Complendum.
2576 4550 2691 4592 -ιι
2715 4551 2994 4606 Perficiant
3027 4551 3079 4607 in
3110 4552 3284 4617 nobis,
3318 4552 3562 4617 Domine,

366 4666 451 4719 Λα
474 4666 863 4734 complendum.
890 4697 961 4709 _
985 4667 1322 4736 Qmsumus’
1354 4667 1691 4739 omni",th
1714 4669 1873 4736 Deus,
1908 4636 1960 4703 D
1990 4660 2294 4716 quzesumus
2314 4686 2327 4709 ,
2359 4654 2448 4698 tua
2486 4654 2819 4699 sacramenta
2852 4644 2991 4713 quod
3024 4644 3330 4709 continent,
3365 4651 3423 4699 ut
3448 4659 3565 4711 qua:

290 4766 359 4814 ut
382 4760 451 4816 de
487 4762 750 4830 perceptis
781 4762 1089 4819 muneribus
1116 4764 1314 4831 gratias
1333 4764 1648 4820 exhibentes
1668 4807 1682 4833 ,
1716 4766 1868 4819 bene-

292 4849 419 4906 ﬁcia
457 4854 663 4920 potiora
701 4870 993 4911 sumamus.
1027 4855 1129 4911 Per
1177 4855 1461 4912 Dominum
1505 4870 1744 4914 nostrum
1788 4858 1871 4915 Je-

291 4957 417 4998 sum
453 4942 741 5001 Christum.

596 5058 755 5129 133
793 5060 822 5096 ι’
861 5074 1097 5115 susurro
1134 5073 1187 5115 ut
1225 5075 1298 5115 xu
1336 5075 1585 5119 LECTION.

374 5170 725 5241 Omnipotens
763 5174 1091 5243 smpiterne
1132 5173 1273 5231 Deus
1297 5216 1312 5243 ,
1352 5175 1441 5245 qui
1468 5174 1851 5246 per‘continen

294 5264 429 5319 tiam
460 5265 757 5322 salutarem
779 5312 793 5335 ,
827 5278 879 5323 et
910 5270 1225 5339 corporibus
1248 5269 1569 5324 mederis'et
1598 5269 1885 5338 mentibus,

293 5354 633 5425 Majestatem
676 5368 819 5412 tuam
865 5360 1131 5429 supplices
1170 5374 1481 5425 exoramus,
1532 5367 1590 5413 ut
1630 5358 1714 5428 pia
1749 5360 1891 5429 jejuc

378 5476 401 5503 ⁸
432 5468 602 5546 Feria;
623 5470 778 5546 hujus
800 5474 960 5546 statio
980 5484 1060 5546 est
1089 5474 1159 5528 ad
1180 5474 1453 5546 Apostolos
1479 5476 1628 5546 juxta
1656 5474 1881 5530 Kalend.

293 5541 488 5606 Rom.,
518 5539 648 5596 edit.
675 5539 872 5598 Pamel.
907 5556 959 5599 et
982 5544 1149 5599 Codd.
1187 5539 1309 5601 Mss.

373 5607 402 5647 δ
444 5610 524 5665 Ex
564 5612 746 5667 iisdem
790 5615 940 5670 libris
968 5617 1129 5671 statio
1158 5626 1240 5670 est
1271 5614 1337 5669 ad
1379 5627 1616 5670 sanctum
1650 5616 1883 5671 Petrum.

382 5694 404 5723 ο
445 5680 595 5738 Hanc
641 5684 1072 5741 Benedictiouem
1122 5687 1315 5741 nullibi
1365 5687 1663 5754 reperimus
1710 5701 1883 5741 excu-

294 5767 423 5824 sem
447 5769 562 5824 ,_ne
594 5755 645 5810 in
678 5757 795 5824 ipso
826 5758 1036 5824 quidem
1069 5757 1505 5811 Benedictiouali.

379 5820 406 5861 ά
446 5822 572 5879 Πευο
602 5820 887 5895 laudantur
914 5842 944 5881 a
975 5827 1258 5895 Gratiano,
1301 5828 1368 5883 de
1398 5832 1724 5893 consecrat.,
1746 5824 1882 5895 dist.

298 5891 342 5950 Ξ
373 5930 392 5965 ,
436 5906 554 5964 cap.
602 5891 705 5964 ad,
750 5895 1001 5969 Species,-
1046 5891 1254 5955 necnon
1295 5911 1328 5955 a
1363 5891 1883 5964 Lanfranco,'Guit-

1987 4752 2130 4791 nunc
2159 4738 2338 4807 Specie
2367 4738 2606 4807 gerimus
2637 4751 2814 4791 rerum
2845 4736 3067 4807 veritate
3093 4735 3385 4805 capiamus.
3419 4735 3540 4790 Per.

2057 4829 2227 4902 Super
2257 4831 2531 4902 papttlum.
2564 4858 2634 4869 --
2661 4826 2938 4894 Gaudeat,
2966 4827 3211 4895 Domine,
3239 4841 3564 4898 quaesumus,

1988 4927 2145 4995 plele
2179 4935 2265 4979 tua
2300 4925 2576 4980 beneficiis
2607 4923 2936 4993 impetratis,
2970 4932 3025 4978 et
3053 4922 3135 4976 cui
3169 4922 3414 4977 fiduciam
3444 4935 3563 4991 spe-

1986 5020 2166 5075 randte
2201 5019 2409 5088 pietatis
2440 5017 2704 5085 indulges,
2738 5024 2933 5084 optata:
2963 5014 3341 5069 misericordiae
3370 5020 3562 5085 praesta

1986 5109 2247 5179 benignus
2276 5108 2545 5163 effectum.
2582 5105 2681 5163 Per
2716 5107 2997 5163 Dominum
3036 5116 3299 5161 nostrum.

2061 5216 2092 5254 γ
2132 5214 2407 5254 κλιεΝυΑε
2446 5212 2718 5253 OCTOBRIS.
2759 5226 2829 5235 ο·-
2866 5210 3087 5251 ΝΑτΑιιε
3130 5206 3152 5231 ⁸⁸
3186 5207 3498 5251 εΑΝετοιυκ

2499 5283 2682 5323 (ΣΟΞΜΕ
2722 5283 2788 5321 ΕΤ
2827 5283 3062 5321 DANIANI.

2066 5364 2299 5429 Adesto,
2334 5360 2591 5426 Domine,
2623 5369 2916 5430 martyrum
2945 5358 3327 5426 deprecatione
3356 5361 3565 5410 sancto-

1993 5479 2193 5534 mundo
2243 5489 2298 5535 et
2351 5478 2471 5533 aliis
2516 5478 2607 5547 qui
2656 5477 2912 5533 adversus
2962 5472 3345 5543 Berengarium
3385 5472 3561 5526 decer-

1991 5556 2265 5677 t“(fixum
2296 5586 2403 5674 hoc
2428 5619 2621 5675 festum
2666 5620 2716 5674 in
2758 5617 2983 5673 Kalend.
3024 5616 3179 5669 Rom.
3203 5612 3437 5681 legitur:
3475 5609 3561 5665 υἰι

1991 5691 2052 5762 μ
2088 5708 2158 5745 m.
2202 5691 2556 5762 Septembris,
2608 5691 2770 5762 sancti
2811 5681 3243 5762 Eustochiausc-d
3286 5682 3562 5762 legendum

1992 5761 2255 5815 Eustachii
2274 5752 2468 5818 'ceuset
2492 5752 2645 5818 Joan.
2674 5761 2897 5817 Fronto.
2924 5756 2987 5811 te
3011 5752 3172 5812 nullis
3194 5752 3325 5810 Mss.
3350 5752 3560 5811 nostro-

1990 5847 2110 5889 rum
2140 5834 2394 5890 habetur.
