4064 6350
546 404 573 500 ’1
594 436 657 499 is

1743 428 1984 494 SANCTI
2024 434 2345 493 GREGORII
2382 433 2520 491 MAG
2532 434 2595 489 Nl
3696 440 3784 495 Ml

553 574 696 616 rum.
731 566 785 610 ct
814 570 949 624 quos
976 564 1083 621 patt
1117 568 1212 620 pro
1245 561 1334 606 tuo
1360 550 1577 606 nomine
1608 549 1820 604 voluisti
1850 590 1865 614 ,
1899 549 1981 603 fac
2011 549 2116 604 tuis
2145 552 2201 610 Α
2296 549 2463 615 Super
2501 547 2684 600 oblata.
2725 574 2797 586 ——
2835 545 3137 602 Benedictio
3178 554 3263 603 tua
3284 593 3299 617 ,
3344 550 3568 607 Domine
3591 594 3606 619 ,
3649 554 3790 625 larga

552 650 793 705 ﬁ'delibus
821 645 1121 715 suffragari.
1156 645 1280 698 Per.

623 741 791 807 Super
840 738 1033 793 oblata.
1072 766 1142 777 —
1180 733 1425 805 Anticip'a
1477 749 1575 788 nos
1623 725 1983 788 misericordia
2033 741 2121 787 tua

550 833 857 902 priusquam
889 830 1033 884 zelus
1063 829 1156 883 ira:
1185 827 1439 882 desmviat
1464 868 1477 891 ,
1520 825 1825 879 misericors
1870 824 2040 891 Deus,
2072 831 2127 878 ct

550 926 666 979 haec
694 924 834 977 dona
856 920 1159 985 sanctiﬁca,
1186 927 1244 973 ut
1261 960 1276 985 ,
1300 917 1463 987 adiuti
1487 916 1794 986 patrociniis
1818 916 2090 969 beatorum
2107 954 2122 981 ,

549 1028 775 1083 quorum
801 1022 1017 1082 propter
1042 1021 1091 1066 te
1113 1010 1327 1078 sanguis
1349 1008 1548 1061 eﬁusns
1570 1016 1670 1073 est,
1694 1007 2123 1077 propitiationem

550 1114 693 1160 tuam
723 1118 843 1158 cum
877 1110 1216 1173 peccatorum
1246 1100 1405 1153 venia
1432 1112 1843 1167 consequamur.
1877 1100 1997 1153 Per.

620 1198 701 1252 Ad
729 1196 1119 1265 Complendum.
1142 1224 1213 1234 -—
1233 1194 1313 1247 Sit
1338 1192 1509 1257 nobis,
1538 1192 1782 1257 Domine,
1808 1192 2125 1247 sacramenti

550 1288 627 1343 tui
658 1296 804 1342 certa
836 1285 1080 1351 salvatio,
1105 1298 1223 1350 quae
1245 1298 1365 1337 cum
1393 1283 1666 1336 beatorum
1694 1290 1984 1352 martyrum
2012 1292 2128 1336 tuo-

549 1393 668 1433 rum
699 1378 910 1432 Cosmae
937 1382 992 1429 et
1020 1374 1261 1428 Damiani
1290 1374 1493 1429 meritis
1524 1372 1862 1441 imploratur.
1896 1373 2016 1428 Per.

618 1486 675 1524 ιιι
711 1482 980 1523 KALENDAS
1019 1480 1290 1523 OCTOBRIS.
1320 1496 1391 1509 --
1415 1479 1698 1519 DEDICATIO
1738 1472 1763 1500 ⁸
1803 1480 2054 1520 nasrctcs

1082 1573 1265 1613 SANCTI
1290 1570 1591 1612 MICIIAELIS.

618 1653 759 1707 Deus
780 1694 794 1718 ,
824 1652 913 1721 qui
942 1653 1079 1706 miro
1106 1652 1294 1706 ordine
1326 1650 1640 1719 angelorum
1674 1651 1967 1705 ministeria
1988 1690 2001 1715 ,
2030 1648 2129 1702 ho-

549 1746 860 1813 minumque
899 1743 1222 1811 dispensus,
1270 1742 1509 1796 concede
1547 1741 1807 1811 pr0pitius
1849 1750 1907 1795 ut
1936 1740 2127 1810 quibus

547 1836 640 1890 tibi
672 1834 1096 1890 ministrantibus
1126 1833 1179 1887 in
1210 1833 1349 1887 caelo
1379 1847 1592 1901 semper
1624 1832 1911 1896 assistitur,
1944 1831 2011 1886 ab
2044 1830 2127 1885 his

547 1928 600 1981 in
632 1935 774 1981 terra
806 1934 989 1979 nostra
1023 1924 1128 1978 vita
1159 1924 1450 1978 muniatur.

621 2021 791 2090 Super
818 2018 1010 2073 oblata.
1040 2046 1112 2063 --
1142 2016 1353 2072 Hostias
1385 2014 1517 2079 tibi,
1551 2013 1804 2079 Domine,
1840 2012 2012 2067 laudis
2052 2011 2131 2064 of-

548 2112 772 2166 ferimus
795 2153 808 2175 ,
837 2110 1154 2180 suppliciter
1182 2110 1536 2178 deprecantes
1568 2116 1624 2162 ut
1665 2107 1883 2162 easdem
1904 2146 1920 2171 ,
1968 2120 2131 2175 ange-

550 2204 653 2257 lico
697 2217 791 2271 pro
828 2202 982 2255 nobis
1024 2201 1414 2255 interveniente
1453 2197 1743 2268 suﬁ'ragio,
1790 2206 1843 2251 et
1888 2198 2130 2265 placatus

550 2294 805 2362 accipias,
835 2299 890 2347 et
912 2293 980 2346 ad
1007 2293 1229 2347 salutem
1262 2300 1497 2345 nostram
1529 2290 1814 2358 provenire
1841 2286 2128 2343 concedas.

553 2388 657 2442 Per
689 2385 987 2441 Dominum.

623 2476 898 2548 Praefatio.
932 2506 1001 2517 —
1028 2475 1167 2531 Vere
1195 2474 1412 2547 dignum
1442 2482 1497 2527 et
1518 2471 1719 2542 iustum
1762 2480 1878 2537 est,
1918 2485 2126 2541 aequum

553 2576 607 2623 et
636 2568 892 2633 salutare,
926 2581 1022 2621 nos
1053 2566 1149 2621 tibi
1178 2580 1392 2634 semper
1419 2572 1473 2618 et
1499 2564 1693 2634 ubique
1722 2564 1919 2633 gratias
1947 2577 2129 2633 agere,

551 2658 779 2714 Domine
829 2665 1049 2724 sancte,
1086 2657 1246 2712 Pater
1289 2656 1654 2726 omnipotens,
1700 2666 1900 2709 aeterne
1947 2655 2129 2708 Deus:

549 2750 721 2805 sancti
791 2748 1065 2803 Michaelis
1119 2746 1422 2817 archangeli
1478 2746 1669 2801 merita
1728 2744 2129 2814 praedicantes;

553 2840 796 2911 quamvis
840 2840 984 2895 enim
1031 2838 1185 2893 nobis
1224 2838 1295 2892 sit
1336 2837 1510 2892 omnis
1553 2835 1786 2907 angelica
1830 2833 2128 2890 veneranda

554 2933 888 2999 sublimitas,
922 2948 1040 3003 quae
1070 2933 1122 2987 in
1155 2931 1446 3001 Maiestatis
1477 2940 1579 2987 tuae
1609 2930 1856 2985 consistit
1898 2945 2128 2999 conspea

552 3037 674 3094 ctu,
722 3027 808 3081 illa
858 3037 1034 3081 tamen
1076 3032 1160 3081 est
1203 3023 1520 3092 propensius
1561 3022 1869 3077 honoranda
1910 3037 2027 3091 quae
2072 3019 2128 3075 in

552 3120 671 3188 ejus
699 3118 909 3173 ordinis
938 3116 1193 3186 dignitate
1234 3115 1468 3170 caelestis
1510 3114 1712 3169 militiae
1750 3113 1943 3169 meruit
1981 3114 2126 3182 prin—

556 3210 814 3279 cipatum.
846 3208 950 3263 Per
979 3205 1250 3261 Christum
1282 3204 1566 3259 Dominum
1599 3212 1859 3259 nostrum.

2227 638 2552 703 descendat,
2585 653 2703 707 quae
2734 654 2955 693 munera
2998 649 3210 708 nostra,
3250 643 3569 712 deprecante
3606 659 3791 703 sancto

2225 734 2402 788 Marco
2430 732 2739 787 confessore
2768 743 2857 787 tuo
2882 742 3039 803 atque
3067 736 3344 805 pontiﬁce,
3377 738 3471 793 tibi
3499 739 3689 793 reddat
3716 756 3789 795 ac»

2226 832 2379 893 cepta
2401 865 2415 887 ,
2450 833 2501 879 et
2533 823 2685 879 nobis
2726 834 3116 880 sacramentum
3159 827 3539 896 redemptionis
3577 828 3791 885 efﬁciat.

2226 916 2328 971 Per
2358 914 2641 969 Dominum
2672 924 2934 970 nostrum.

2299 1007 2380 1059 Ad
2410 1006 2797 1073 Complendum.
2829 1034 2902 1047 --
2927 1005 3034 1074 Da,
3068 1020 3372 1075 quaesumus
3392 1052 3409 1077 ,
3445 1008 3667 1066 Domine
3692 1052 3706 1076 ,
3739 1014 3794 1066 ﬁ-

2229 1098 2439 1153 delibus
2473 1097 2680 1166 populis
2718 1108 3019 1152 sanctorum
3069 1105 3277 1153 tuorum
3318 1114 3533 1169 semper
3573 1118 3794 1158 venera-

2228 1191 2369 1245 tione
2399 1190 2597 1255 trctari,
2628 1198 2682 1243 et
2720 1204 2901 1263 eorum
2946 1200 3200 1259 perpetua
3238 1192 3625 1261 supplicatione
3668 1214 3789 1253 mu-

2229 1285 2350 1339 niri.
2378 1283 2480 1339 Per
2508 1285 2805 1341 Dominum.

2227 1391 2401 1431 PRIDIE
2428 1391 2545 1431 IDUS
2564 1392 2836 1434 OCTOBRIS.
2854 1406 2925 1417 —
2944 1392 3168 1433 ΝΑτΑωε
3188 1393 3377 1435 SANCTI
3399 1396 3605 1437 CALIS’I‘I
3633 1398 3801 1437 ΡΑΡΕ.

2302 1468 2445 1523 Deus
2465 1508 2482 1535 ,
2514 1469 2602 1539 qui
2634 1484 2731 1523 nos
2758 1472 3025 1539 conSpicis
3066 1489 3131 1527 ex
3161 1484 3341 1530 nostra
3371 1477 3678 1531 inﬁrmitate
3713 1477 3801 1532 de-

2238 1560 2402 1615 ﬁcere
2420 1602 2435 1628 ,
2468 1563 2533 1615 ad
2564 1577 2799 1618 amorem
2832 1574 2979 1619 tuum
3006 1580 3102 1619 nos
3130 1565 3545 1624 misericorditer
3571 1583 3664 1638 per
3685 1582 3802 1624 san-

2237 1661 2444 1706 ctorum
2507 1662 2715 1708 tuorum
2772 1656 3017 1725 exempla
3068 1666 3331 1714 restaura.
3373 1659 3476 1714 Per
3524 1659 3804 1715 Dominum

2233 1754 2493 1800 nostrum.

2305 1836 2472 1906 Super
2518 1838 2707 1893 oblata.
2737 1868 2806 1878 —
2836 1839 3053 1911 Mystica
3100 1842 3287 1910 nobis,
3329 1844 3585 1913 Domine,
3637 1846 3805 1915 prosit

2157 1921 2205 1981 B
2235 1933 2431 1988 oblatio
2451 1974 2466 1998 ,
2495 1946 2615 2002 quae
2646 1949 2743 1988 nos
2771 1943 2825 1989 et
2854 1951 2885 1990 a
2926 1937 3164 1993 reatibus
3207 1938 3403 1995 nostris
3442 1939 3724 2011 expediat,
3754 1948 3806 1997 et

2234 2033 2493 2095 perpetua
2524 2026 2819 2082 salvatione
2847 2028 3149 2084 conﬁrmet.
3179 2029 3295 2085 Per.

2304 2138 2386 2191 Ad
2417 2136 2806 2205 Complendum.
2830 2169 2900 2181 -—
2926 2140 3265 2207 Quaesumus,
3288 2142 3624 2211 omnipotens
3645 2142 3805 2209 Deus,

2240 2237 2299 2282 ut
2351 2236 2558 2282 reatum
2608 2239 2847 2284 nostrum
2893 2244 3114 2284 munera
3157 2240 3362 2286 sacrata
3408 2231 3719 2301 puriﬁcent,
3756 2242 3807 2288 et

2234 2330 2385 2377 recte
2412 2321 2622 2376 vivendi
2653 2322 2807 2377 nobis
2843 2331 3132 2392 operentur
3169 2322 3436 2380 effectum.
3480 2326 3582 2383 Per
3622 2326 3807 2382 Domi-

2235 2428 2359 2467 num
2389 2422 2652 2467 nostrum.

2370 2540 2437 2580 ιν
2468 2540 2738 2583 κΑιΕΝυΑε
2766 2541 3078 2584 Νονειίιιιυε.
3099 2558 3170 2570 --
3194 2540 3217 2567 ⁸
3241 2544 3465 2587 NATALIS
3493 2545 3677 2587 SANCTI

2738 2614 2889 2654 ωσι
2916 2615 3317 2656 ενλκαειιδτιε.

2305 2707 2621 2764 Interveniat
2648 2724 2746 2781 pro
2772 2712 2959 2780 nobis,
2992 2714 3216 2771 Domine
3238 2756 3251 2781 ,
3282 2730 3617 2786 quaesumus,
3654 2715 3810 2791 136

2233 2813 2450 2856 sanctus
2480 2813 2601 2858 tuus
2632 2804 2800 2859 Lucas
2832 2806 3186 2877 evangelista,
3229 2808 3321 2878 qni
3362 2810 3535 2864 crucis
3577 2811 3807 2864 mortiﬁ-

2232 2894 2494 2947 cationem
2543 2892 2741 2964 iugiter
2788 2896 2841 2950 in
2890 2912 2989 2952 suo
3035 2912 3260 2968 corpore
3308 2914 3410 2970 pro
3459 2902 3532 2956 tui
3580 2901 3811 2957 nominis

2234 2986 2439 3041 honore
2468 2989 2719 3055 portavit.
2746 2988 2847 3043 Per
2866 2988 3147 3046 Dominum
3177 3002 3445 3049 nostrum.

2302 3097 2471 3167 Super
2506 3100 2696 3154 oblata.
2724 3129 2792 3143 --
2824 3100 2988 3157 Donis
3017 3118 3115 3159 nos
3143 3105 3483 3175 coelestibus,
3515 3106 3583 3161 da
3605 3146 3621 3173 ,
3662 3123 3812 3178 qna:-

2230 3206 2445 3261 sumus,
2478 3194 2741 3262 Domine,
2775 3196 2944 3252 libera
2984 3209 3164 3254 mente
3210 3201 3443 3269 servire,
3485 3210 3543 3256 ut
3583 3218 3810 3259 munera

630 3298 656 3336 b
693 3298 1008 3354 Benedictio.
1038 3326 1109 3338 —
1139 3298 1316 3364 Deus,
1363 3296 1454 3366 qui
1502 3296 1568 3350 ad
1616 3296 1841 3351 salutem
1889 3304 2124 3349 nostram

2231 3297 2350 3352 quae
2404 3285 2723 3352 deferimus,
2754 3285 3145 3345 interveniente
3173 3292 3331 3347 beato
3358 3294 3685 3364 evangelista
3720 3306 3813 3350 tuo

555 3394 867 3464 angelorum
924 3405 1140 3447 suorum
1195 3392 1360 3446 utitur
1412 3388 1747 3453 miniSIerio,
1798 3402 1983 3442 eorum
2034 3402 2130 3441 vos

553 3486 851 3541 munimine
888 3484 1159 3541 communi
1194 3483 1347 3554 135
1378 3481 1533 3552 (488)
1564 3481 1828 3536 custodiat
1868 3481 2127 3536 custodia.

550 3584 745 3636 Amen.
776 3580 875 3636 Det
901 3579 1056 3634 vobis
1085 3578 1343 3632 mentium
1372 3576 1654 3644 puritatem
1680 3618 1693 3641 ,
1727 3586 1779 3630 et
1805 3577 1982 3645 iugem
2011 3588 2131 3629 cor-

547 3688 738 3742 porum
765 3671 1095 3736 castitatem,
1126 3669 1215 3737 qui
1245 3683 1429 3722 eorum
1459 3667 1642 3721 electis
1670 3666 1915 3719 omnibus
1945 3680 2129 3733 repro-

548 3766 694 3820 misit
721 3765 1102 3833 aequalitatem.
1142 3762 1331 3815 Amen.
1374 3759 1581 3828 Quique
1626 3757 1728 3812 illis
1770 3756 2123 3810 certissimam

546 3872 658 3913 sua:
688 3855 1082 3927 permansionis
1124 3852 1312 3907 tribuit
1354 3849 1602 3904 ﬁduciam
1627 3890 1641 3914 ,
1684 3849 1797 3917 ipse
1835 3864 1928 3902 vos
1971 3848 2127 3915 ﬁdei,

553 3947 696 4015 spei,
733 3944 1114 4012 charitatisque
1145 3940 1521 4011 perseverabili
1564 3939 1759 3990 virtute
1800 3938 2125 4004 conﬁrmet,

548 4045 706 4105 atque
763 4037 828 4088 ad
882 4049 1064 4089 eorum
1123 4032 1466 4088 beatitudinis
1498 4028 1810 4084 societatem
1844 4028 2126 4097 perducat.

548 4130 740 4181 Amen.
772 4126 924 4191 Quod
954 4126 1066 4193 ipse
1096 4134 1348 4193 praestare
1378 4123 1646 4191 dignetur.

621 4221 700 4273 Ad
732 4219 1123 4287 Complendum.
1153 4247 1222 4257 —
1248 4218 1391 4272 Beati
1419 4214 1719 4284 archangeli
1751 4214 1823 4268 tui
1856 4212 2121 4268 Michaelis

554 4313 935 4367 intercessioae
965 4310 1165 4363 sut'fulti
1189 4351 1202 4374 ,
1238 4311 1523 4377 supplices,
1562 4320 1611 4362 te
1647 4309 1865 4364 Domine
1888 4350 1901 4374 ,
1933 4310 2122 4377 depre-

551 4420 757 4469 cantur,
784 4411 840 4457 ut
862 4416 994 4471 quos
1023 4401 1226 4455 bonore
1256 4401 1645 4468 prosequimur,
1675 4404 2041 4470 contingamus
2072 4412 2129 4459 et

550 4508 752 4553 mente.
787 4497 887 4550 Per
916 4495 1217 4550 Dominum.

627 4590 797 4659 Super
826 4589 1094 4659 populum.
1138 4616 1204 4626 —
1240 4584 1389 4656 (589)
1431 4583 1629 4640 Adesto
1671 4586 1809 4655 plebi
1855 4596 1992 4654 tuae,
2029 4588 2129 4642 mi-

2236 3375 2378 3432 Luca
2398 3417 2414 3441 ,
2448 3388 2502 3432 et
2530 3378 2791 3434 medelam
2823 3381 2978 3436 nobis
3009 3392 3300 3453 operentur
3328 3394 3381 3441 et
3407 3386 3654 3455 gloriam.
3682 3387 3809 3443 Per.

2308 3468 2578 3541 Praefatio.
2613 3501 2684 3512 —-
2712 3471 2848 3528 Vere
2875 3473 3093 3543 dignum
3125 3484 3177 3531 et
3201 3476 3399 3546 justum
3442 3487 3556 3545 est,
3598 3494 3813 3548 aequum

2237 3569 2291 3614 et
2319 3560 2583 3627 salutare,
2615 3578 2713 3618 nos
2738 3564 2829 3618 tibi
2859 3580 3069 3635 semper
3098 3576 3154 3621 et
3181 3567 3374 3637 ubique
3400 3569 3598 3637 gratias
3627 3584 3810 3638 agere,

2235 3649 2459 3707 Domine
2486 3663 2690 3720 sancte,
2722 3654 2877 3709 Pater
2904 3657 3263 3724 omnipotens,
3293 3667 3493 3714 aeterne
3523 3659 3703 3724 Deus;
3755 3671 3813 3715 et

2236 3748 2289 3794 te
2318 3740 2370 3795 in
2403 3749 2617 3798 tuorum
2642 3755 2947 3799 sanctorum
2978 3747 3183 3800 meritis
3207 3748 3452 3819 gloriosis
3478 3750 3810 3819 collaudare,

2243 3831 2564 3889 benedicere
2602 3844 2659 3889 et
2687 3836 2996 3904 praedicare,
3046 3838 3135 3906 qui
3165 3855 3256 3894 eos
3285 3840 3595 3896 dimicantes
3623 3850 3813 3898 contra

2235 3923 2440 3992 antiqui
2470 3925 2738 3993 serpentis
2769 3926 3223 3995 machinamenta,
3257 3940 3310 3985 et
3339 3932 3538 4001 proprii
3567 3934 3816 4000 corporis

2234 4014 2593 4071 blandimenta
2617 4058 2631 4081 ,
2678 4018 3068 4090 inexpugnabili
3096 4022 3312 4089 virtute,
3341 4023 3449 4078 Rex
3482 4024 3684 4094 gloriae,
3721 4041 3819 4080 ro-

2233 4106 2453 4162 borasti.
2471 4109 2549 4163 Ex
2563 4110 2751 4179 quibus
2767 4111 2950 4167 beatus
2964 4113 3135 4168 Lucas
3157 4116 3477 4185 evangelista
3499 4126 3640 4185 tuus,
3656 4119 3817 4190 (49f)

2232 4206 2505 4267 assumpto
2534 4210 2684 4254 scuto
2711 4201 2868 4267 ﬁdei,
2902 4213 2955 4257 et
2983 4205 3131 4273 galea
3159 4206 3371 4273 salutis,
3404 4216 3458 4263 et
3487 4207 3660 4278 gladio
3689 4209 3819 4276 Spi-

2233 4295 2368 4350 ritus
2408 4296 2617 4361 sancti,
2664 4305 2719 4351 et
2758 4297 2983 4352 viriliter
3020 4308 3207 4354 contra
3250 4301 3495 4355 vitiorum
3542 4302 3815 4357 incentiva

2234 4391 2531 4459 pugnavit,
2581 4399 2636 4444 et
2689 4392 3008 4461 evangelica:
3066 4392 3220 4447 nobis
3271 4393 3564 4449 dulcedinis
3611 4393 3813 4451 ﬂuenta

2234 4478 2387 4550 (492)
2418 4481 2672 4534 manavit.
2708 4480 2859 4535 Unde
2890 4481 3121 4549 petimus
3164 4483 3476 4559 immensam
3499 4528 3514 4551 ,
3549 4483 3811 4551 Domine,

2234 4570 2487 4638 pietatem
2522 4580 2661 4624 tuam
2685 4610 2701 4636 ,
2746 4580 2804 4625 ut
2843 4573 2929 4640 qui
2970 4587 3091 4627 eum
3132 4582 3210 4628 tot
3246 4576 3551 4630 meritorum
3593 4575 3810 4629 donasti

548 4682 779 4736 scricors
823 4681 994 4744 Deus,
1029 4687 1111 4743 et,
1148 4688 1202 4731 ut
1242 4678 1423 4748 gratim
1472 4691 1572 4734 tum
1614 4679 1869 4735 beneﬁcia
1916 4682 2119 4749 potiora

2233 4661 2641 4731 praerogativis,
2697 4677 2796 4717 nos
2852 4664 2966 4733 eius
3008 4675 3061 4719 et
3113 4665 3365 4721 informes
3413 4666 3704 4735 exemplis,
3753 4676 3817 4722 et

547 4777 826 4844 percipiat,
870 4775 1007 4829 beati
1055 4773 1331 4827 Michaelis
1361 4772 1663 4841 archangeli
1706 4773 1786 4827 fac
1828 4775 2119 4844 supplicem

552 4867 1015 4937 deprecationibus
1044 4866 1329 4920 sublevari.
1366 4865 1469 4920 Per
1501 4866 1782 4921 Dominum
1818 4879 2081 4924 nostrum.

546 4974 698 5015 noms
722 4973 1000 5014 OCTOBBIS.
1026 4988 1096 4998 —
1118 4974 1345 5013 mnus
1371 4972 1553 5013 SANCTI
1578 4958 1729 5030 (490)
1754 4977 1916 5017 unc:
1948 4979 2120 5019 eam.

624 5050 867 5114 Exaudi,
899 5049 1143 5113 Domine,
1176 5064 1503 5117 qnzesumus,
1536 5066 1723 5119 preces
1751 5062 1961 5109 nostras
1984 5094 2000 5119 ,
2034 5064 2118 5124 et,

551 5143 943 5198 interveniente
974 5142 1129 5196 beato
1156 5140 1332 5196 Marco
1362 5142 1671 5198 confessore
1698 5153 1786 5199 tuo
1812 5156 1972 5214 atque
2000 5162 2124 5216 pon-

547 5233 732 5299 tiﬁce,
766 5233 1180 5303 supplicationes
1220 5243 1432 5289 nostras
1471 5236 1711 5304 placatus
1755 5237 1991 5294 intende.
2023 5238 2126 5295 Per

548 5326 829 5381 Dominum
860 5334 1115 5382 nostrum.

619 5492 645 5518 ιι
685 5484 738 5536 1η
766 5482 988 5537 Kalend.
1020 5481 1175 5536 Rom.
1204 5500 1215 5534 :
1257 5480 1524 5551 Dedicatio
1551 5480 1775 5535 ecclesia:
1801 5485 2114 5551 archangeli.

556 5556 613 5609 In
644 5554 739 5608 Ms.
777 5554 1017 5613 Calens..
1047 5555 1208 5605 sancti
1238 5554 1424 5622 angeli.
1460 5550 1516 5603 In
1551 5550 2121 5622 vetaSacramentario

548 5625 732 5678 Gallic.
759 5634 931 5678 exstat
954 5622 1113 5676 Missa
1141 5624 1195 5675 in
1220 5620 1410 5675 honore
1436 5624 1600 5673 sancti
1632 5620 1894 5691 Michael.,
1930 5627 1996 5678 ab
2023 5627 2121 5680 hac

548 5696 705 5765 longe
731 5696 1073 5763 discrepans,
1113 5697 1175 5765 in,
1206 5694 1360 5763 cuius
1407 5692 1723 5747 l’rmfalione
1762 5709 1856 5749 seu
1899 5697 2121 5751 Coales-

550 5764 747 5821 tatibne
774 5765 1120 5820 dedicationis
1150 5764 1208 5817 ﬁt
1236 5765 1460 5818 mentio.

621 5834 646 5873 ι)
689 5837 1118 5894 Benedictionem
1149 5836 1283 5891 hanc
1310 5837 1558 5892 nesciunt
1584 5836 1673 5891 alii
1704 5836 1824 5893 libri
1854 5838 2044 5894 nostri.

526 5933 591 5959 ,κ

2228 4752 2450 4822 adiuves
2479 4754 2702 4808 meritis.
2734 4754 2837 4809 Per
2865 4754 3151 4811 Christum.

2286 4865 2710 4922 .Benedictionem
2738 4869 2969 4938 require,
2998 4868 3049 4921 in
3080 4869 3240 4922 natali
3267 4867 3426 4939 (Vide
3449 4879 3621 4922 notam
3643 4866 3811 4940 508).

2296 4962 2375 5015 Ad
2419 4960 2804 5033 Complendum.
2836 4961 3165 5032 —Praesta,
3211 4978 3511 5032 quaesumus
3555 4962 3816 5033 omnipo-

2229 5063 2348 5109 tens
2370 5060 2579 5109 aeterne
2607 5055 2782 5121 Deus,
2813 5064 2873 5109 ut
2914 5052 2967 5108 id
3004 5054 3146 5123 quod
3196 5054 3262 5108 de
3293 5063 3480 5109 sancto
3520 5054 3669 5107 altari
3716 5065 3814 5108 tuo

2231 5149 2544 5217 accepimus
2572 5147 2821 5217 precibus
2851 5147 2991 5201 beati
3020 5146 3362 5215 evangelistac
3392 5147 3464 5201 tui
3497 5146 3652 5200 Lucae
3680 5161 3820 5201 san-

2226 5242 2432 5297 ctiﬁcet
2458 5240 2667 5294 animas
2702 5247 2929 5308 nostras,
2951 5254 3045 5308 per
3069 5239 3210 5309 quod
3238 5240 3336 5295 tuti
3365 5254 3484 5296 esse
3513 5238 3813 5309 possimus.

2228 5333 2349 5388 Per.

2301 5496 2322 5523 c
2365 5483 2420 5537 ln
2451 5483 2578 5539 Cod.
2610 5483 2741 5551 Reg.
2773 5484 2932 5541 Suec.
2963 5492 3082 5553 post
3111 5483 3342 5539 ofﬁcium
3374 5486 3441 5542 de
3471 5494 3654 5541 sancto
3682 5485 3814 5541 Cal-

2230 5554 2369 5608 lixto
2399 5559 2575 5609 omnia
2606 5559 2923 5611 omittuntur
2952 5570 3120 5624 usque
3150 5557 3214 5609 ad
3259 5555 3525 5611 Kalendas
3570 5556 3813 5611 Novem-

2228 5626 2371 5694 bris,
2420 5627 2471 5680 in
2502 5628 2692 5695 quibus
2734 5642 2837 5680 non
2882 5628 3116 5679 omnium
3159 5642 3464 5683 sanctorum
3511 5627 3811 5695 festivitas,

2225 5698 2316 5750 sed
2365 5700 2533 5750 solum
2575 5699 2741 5751 sancti
2785 5697 3000 5751 Catsarii
3048 5700 3223 5752 natale
3263 5700 3583 5753 celebratur.
3619 5699 3814 5758 (index

2225 5769 2465 5821 Calensis
2498 5771 2665 5823 nescit
2696 5769 2825 5823 festa
2858 5769 3024 5822 sancti
3071 5768 3260 5835 Lttce,
3289 5782 3597 5826 sanctorum
3629 5771 3809 5827 Simo-

2227 5839 2309 5893 nis
2336 5849 2389 5892 et
2417 5839 2565 5894 Juda-
2593 5881 2609 5906 ,
2639 5851 2689 5895 et
2718 5842 2886 5895 sancti
2918 5839 3160 5894 Thomm.
