4064 6350
293 368 387 429 143

355 496 403 535 τι
442 494 721 535 Κιιεκοιε
758 492 1047 534 NOVEMBBIS
1074 504 1142 517 -
1170 492 1366 533 νιοιιιλ
1405 491 1784 533 Λνοετοιιοιωι

828 563 1032 604 εικοΝιε
1068 565 1131 603 ET
1168 564 1331 602 JUDA‘I.

350 660 632 728 Concede,
665 675 1007 729 quaesumus,
1034 661 1373 729 omnipotens
1414 660 1581 722 Deus,
1627 668 1683 713 ut
1719 659 1858 712 sicut

282 754 655 821 apostolorum
686 760 897 806 tuorum
927 751 1163 805 Simonis
1190 762 1243 806 et
1271 751 1422 807 Juda:
1450 752 1677 820 gloriosa
1706 758 1857 803 nata-

278 844 390 898 litia
438 843 828 913 praevenimus,
880 842 958 895 sic
997 842 1063 896 ad
1092 850 1179 896 tua
1221 843 1477 898 beneﬁcia
1508 842 1858 911 promerenda

276 933 624 1000 maiestatem
656 940 797 984 tuam
829 944 928 998 pro
956 931 1112 984 nobis
1139 931 1237 999 ipsi
1270 933 1616 999 praeveniant.

346 1021 522 1088 Super
553 1022 741 1075 oblata.
764 1033 835 1060 —‘-
860 1021 1165 1076 Muneribus
1193 1021 1421 1088 nostris,
1454 1021 1697 1086 Domine,
1731 1036 1860 1090 apo-

272 1111 535 1166 stolorum
568 1110 805 1163 Simonis
833 1119 888 1164 et
914 1108 1071 1163 Iudae
1100 1109 1237 1164 festa
1268 1112 1654 1180 praecedimus,
1688 1111 1861 1165 humi-

272 1205 398 1261 liter
428 1205 768 1274 postulantes
797 1211 854 1259 ut
880 1220 1001 1273 quae
1029 1204 1373 1261 conscientia:
1416 1214 1616 1261 nostra:
1656 1221 1862 1275 prtepe-

267 1300 497 1353 diuntnr
541 1298 832 1353 obstaculis
880 1297 1093 1353 illorum
1130 1296 1339 1354 meritis
1368 1309 1517 1369 grata
1545 1298 1855 1355 reddantur.

267 1387 395 1444 Per.

341 1502 624 1574 Praefatio.
656 1533 729 1548 -—
755 1503 896 1561 Vere
932 1506 1147 1577 dignum
1178 1516 1232 1562 et
1256 1506 1458 1577 justum
1488 1516 1606 1577 est,
1643 1522 1857 1579 aequum

275 1603 334 1651 et
356 1596 623 1662 salutare,
655 1611 755 1652 nos
780 1598 871 1652 tibi
903 1612 1118 1667 semper
1146 1608 1202 1653 et
1227 1599 1422 1667 ubique
1450 1598 1647 1668 gratias
1675 1613 1856 1672 agere,

277 1685 511 1742 Domine
550 1697 771 1754 sancte,
817 1688 976 1743 Pater
1018 1690 1388 1757 omnipotens,
1429 1700 1627 1745 aeterne
1667 1691 1808 1745 Deus
1838 1732 1855 1759 ,

271 1779 398 1848 quia
427 1786 485 1833 tu
514 1793 575 1835 es
605 1779 865 1835 mirabilis
903 1781 957 1835 in
1004 1783 1251 1838 omnibus
1289 1784 1491 1838 sanctis
1535 1783 1671 1853 tuis,
1716 1799 1853 1853 quos

1485 363 1689 420 LIBER
1727 359 2352 419 SACRA-MENTORUM.

1881 482 1936 536 Α
1961 476 2028 528 tis
2043 477 2298 540 apostolis
2321 473 2444 539 tuis,
2470 488 2590 544 qua:
2615 490 2710 546 pro
2734 476 2945 531 illorum
2967 476 3268 530 veneranda
3291 477 3532 547 gerimus

3428 368 3536 423 ιω

1963 568 2227 635 passione,
2253 568 2407 623 nobis
2436 569 2712 636 proticraut
2735 570 2801 624 ad
2832 570 3112 625 medelam.
3149 569 3269 624 Per.

2031 656 2167 712 Alia.
2207 688 2268 697 —
2292 659 2495 713 Exaudi
2523 676 2642 727 nos,
2670 663 2805 715 Deus
2830 659 3076 714 salutaris
3105 671 3307 728 noster,
3333 669 3387 715 et
3407 674 3535 730 apo-

1959 749 2217 803 stolorum
2251 758 2460 803 tuorum
2492 766 2588 805 nos
2620 760 2769 807 tuere
2799 752 3084 821 praesidiis,
3114 766 3338 820 quorum
3366 752 3536 806 dona-
3568 800 3573 809 .

1959 837 2028 892 eti
2054 838 2240 894 fideles
2269 854 2388 895 esse
2416 842 2695 897 doctrinis.
2740 843 2861 898 Per.
3574 840 3575 843 “

2066 966 2537 1023 PRlDlE-KALENDAS
2559 970 2871 1010 NOVEMBRIS.
2902 987 2974 999 -—
2998 971 3199 1013 VIGILIA
3218 970 3421 1013 OMNIUII

2576 1041 2910 1082 SANGTORUII.

2035 1132 2253 1187 Domine
2294 1133 2435 1189 Deus
2479 1144 2684 1201 noster,
2738 1136 3032 1204 multiplica
3076 1151 3236 1206 super
3284 1150 3381 1189 nos
3410 1150 3531 1204 gra-

1962 1222 2086 1277 tiam
2139 1232 2302 1292 tuam,
2353 1235 2408 1279 et
2457 1242 2688 1295 quorum
2750 1228 3103 1295 praevenimus
3161 1228 3391 1297 gloriosa
3442 1242 3531 1281 so-

1959 1313 2174 1383 lemnia,
2221 1317 2398 1372 tribue
2443 1319 2702 1389 subsequi
2732 1320 2787 1375 in
2818 1328 2998 1374 sancta
3028 1318 3359 1390 professione
3397 1320 3533 1374 laeti-

1960 1408 2109 1463 tiam.
2147 1408 2271 1465 Per.

2030 1500 2201 1569 Super
2242 1502 2431 1558 oblata.
2457 1533 2528 1545 ——
2547 1504 2731 1559 Altare
2760 1512 2933 1571 tuum,
2978 1504 3202 1559 Domine
3230 1504 3388 1570 Deus,
3418 1520 3535 1557 mu-

1960 1594 2178 1651 neribus
2206 1598 2557 1653 cumulamus
2602 1596 2838 1653 oblatis:
2869 1597 2959 1664 da,
3006 1611 3332 1668 quaesumus,
3375 1607 3433 1651 ut
3469 1598 3535 1651 ad

1959 1684 2186 1739 salutem
2235 1697 2472 1742 nostram
2518 1689 2757 1743 omnium
2809 1698 3115 1743 sanctorum
3156 1698 3366 1741 tuorum
3415 1702 3537 1755 pre-

1959 1777 2167 1831 catione
2198 1778 2496 1846 proﬁciant,
2551 1793 2781 1848 quorum
2833 1779 3095 1835 solemnia
3135 1787 3355 1835 ventura
3395 1787 3537 1847 prae-

266 1879 326 1925 et
368 1871 609 1925 nominis
652 1871 728 1926 tui
766 1872 1109 1929 conlessnone
1150 1874 1472 1942 praeclaros,
1515 1886 1570 1931 et
1609 1885 1858 1946 suscepta
1886 1888 1935 1948 Β
1961 1870 2249 1924 currimus.
2286 1872 2405 1927 Per.

273 1975 374 2030 pro
406 1972 459 2017 te
490 1963 661 2018 fecisti
694 1964 941 2032 passione
970 1966 1255 2036 gloriosos.
1290 1967 1445 2023 Unde
1481 1969 1620 2023 sicut
1660 1968 1736 2023 illi
1771 1968 1855 2037 je-

267 2050 521 2119 junando
566 2053 877 2122 orandoque
921 2066 1303 2124 certaverunt,
1355 2067 1411 2112 ut
1457 2059 1594 2113 hanc
1642 2072 1859 2129 possent

270 2143 529 2201 obtinere
568 2146 881 2214 victoriam,
923 2149 996 2204 ita
1037 2165 1135 2206 nos
1181 2150 1333 2221 (495)
1371 2166 1557 2206 eorum
1598 2153 1856 2222 exemplis

268 2234 629 2293 informemur
659 2249 715 2294 ut
741 2240 809 2295 ad
839 2241 1164 2298 celebranda
1209 2243 1489 2311 praesentia
1517 2242 1653 2298 festa
1679 2242 1856 2301 idonei

266 2325 639 2395 inveniamur,
664 2339 718 2384 et
758 2331 822 2384 ad
864 2342 1066 2387 teterna
1110 2333 1450 2402 percipienda
1476 2348 1661 2390 eorum
1692 2336 1863 2391 inter-

257 2428 426 2473 ventu
456 2418 601 2487 digni
629 2419 954 2490 judicemnr.
985 2423 1090 2481 Per
1120 2425 1412 2481 Christum.

334 2534 421 2586 Ad
466 2533 861 2604 Complendum.
892 2566 963 2577 —
991 2538 1235 2605 Sumpto,
1270 2540 1515 2608 Domine,
1549 2555 1855 2597 sacramen-

256 2631 336 2689 to,
360 2624 683 2694 suppliciter
710 2628 1061 2698 deprecamur
1093 2632 1244 2703 137
1276 2639 1332 2688 ut
1355 2675 1369 2698 ,
1398 2634 1855 2691 intercedentibus

262 2713 447 2768 beatis
475 2717 744 2785 apostolis
764 2758 780 2783 ,
808 2721 949 2788 quod
986 2725 1348 2791 temporaliter
1374 2728 1611 2794 gerimus
1633 2768 1649 2793 ,
1682 2726 1749 2781 ad
1773 2727 1855 2781 vi-

266 2812 378 2860 tam
408 2807 689 2876 capiamus
716 2819 991 2866 aeternam.
1030 2812 1155 2868 Per.

334 2918 417 2971 Ad
487 2917 757 2983 Vesperos.
802 2950 872 2961 —
914 2921 1264 2994 Omnipotens
1306 2929 1627 2995 sempiterne
1679 2929 1849 2996 Deus,

258 3007 447 3061 mundi
474 3006 709 3064 Creator
730 3024 784 3064 et
809 3021 1008 3079 rector,
1036 3015 1127 3084 qui
1155 3015 1344 3071 beatos
1374 3019 1644 3085 apostolos
1669 3023 1848 3074 nomi-

258 3099 339 3152 nis
386 3100 465 3153 tui
520 3100 696 3169 gloria
739 3100 1064 3171 sublimasti,
1112 3106 1326 3173 exaudi,
1373 3122 1698 3177 quaesumus,
1741 3110 1850 3165 Do-

257 3191 422 3255 mine,
476 3193 732 3260 populum
782 3202 931 3251 tuuln
977 3211 1099 3251 cum
1146 3208 1450 3253 sanctorum
1499 3210 1708 3256 tuorum
1754 3204 1849 3258 tibi

2038 1960 2116 2014 Ad
2150 1959 2537 2031 Comptendum.
2560 1992 2631 2003 —
2650 1964 3032 2029 Sacramentis,
3062 1964 3303 2031 Domine,
3334 1973 3388 2019 et
3411 1979 3539 2035 gau-

1960 2048 2062 2104 utis
2090 2061 2268 2120 optata
2312 2054 2622 2111 celebritate
2649 2056 2827 2127 t138
2872 2057 3119 2126 expletis,
3149 2070 3454 2124 qutesumus
3483 2063 3539 2111 ut

1962 2156 2147 2198 eorum
2198 2146 2447 2212 precibus
2492 2148 2823 2217 adjuvemur,
2874 2162 3102 2218 quorum
3148 2146 3536 2203 recordationi~

1957 2232 2056 2288 bus
2083 2235 2420 2292 exhibentur.
2454 2237 2577 2295 Per.

2028 2327 2200 2398 Super
2244 2332 2510 2399 papulum.
2548 2359 2620 2373 -—
2656 2332 2843 2399 Erudi,
2896 2345 3229 2401 quaesumus,
3284 2330 3534 2398 Domine,

1958 2421 2211 2489 populum
2252 2431 2404 2477 tuum
2453 2423 2782 2492 spiritalibus
2818 2423 3208 2493 instrumentis,
3233 2432 3287 2478 et
3311 2437 3536 2492 quorum

1957 2522 2181 2581 praistas
2227 2516 2487 2572 solemnia
2531 2518 2847 2587 praevenire,
2885 2517 2968 2573 fac
2997 2532 3180 2573 eorum
3208 2528 3263 2574 et
3289 2518 3533 2573 conside-

1955 2607 2163 2663 ratione
2189 2608 2438 2664 devotum
2470 2619 2526 2665 et
2549 2610 2862 2667 defensione
2890 2627 3161 2667 securum.
3192 2612 3313 2666 Per.

1956 2719 2110 2791 (495)
2140 2737 2395 2779 κλιεκυιε
2420 2738 3042 2780 Νονειωιιιε.-Νιτλιιε
3058 2733 3086 2761 α
3106 2740 3293 2780 sane“
3313 2738 3535 2779 casum

2604 2811 2891 2853 MARTYRIS.

2027 2905 2181 2975 (496)
2236 2906 2401 2972 Deus,
2458 2908 2549 2977 qui
2595 2922 2694 2962 nos
2720 2908 2862 2963 beati
2904 2907 3153 2977 martyris
3197 2907 3269 2961 tui
3315 2906 3531 2961 Caesarii

1962 3011 2137 3051 annua
2186 2998 2527 3053 solemnitate
2562 2999 2802 3053 laetiﬁcas
2829 3041 2843 3064 ,
2897 3000 3133 3054 concede
3180 2999 3436 3069 pr0pitius
3481 3008 3534 3055 ut

1967 3092 2119 3163 cujus
2165 3093 2407 3147 natalitia
2457 3092 2705 3161 colimus,
2751 3094 2911 3148 etiam
2971 3096 3206 3148 actiones
3245 3092 3534 3149 imitemur.

1952 3185 2075 3243 Per.

258 3282 575 3350 patrociniis
618 3284 1031 3353 snpplicantem,
1075 3298 1134 3341 ut
1186 3289 1340 3343 nobis
1382 3300 1438 3345 et
1468 3295 1614 3362 pacis
1650 3293 1848 3350 donum

2030 3278 2197 3349 Super
2225 3278 2416 3333 oblata.
2444 3308 2513 3319 —
2542 3279 2753 3335 Hostias
2791 3280 2910 3344 tibi,
2940 3279 3187 3345 Domine,
3231 3279 3372 3334 beati
3410 3279 3530 3335 Cte—

261 3374 485 3438 tribuas,
516 3383 575 3429 et
604 3376 970 3432 continuatum
1002 3378 1245 3448 proficiat
1274 3381 1339 3434 ad
1371 3381 1496 3438 ﬁdei
1522 3392 1577 3439 et
1612 3385 1848 3441 Charita-

265 3462 332 3517 tis
351 3476 723 3534 augmentum.
750 3466 854 3523 Per
884 3468 1165 3525 Dominum
1187 3481 1444 3528 nostrum.

263 3591 611 3641 [KALENDAS
658 3593 973 3635 NOVEMBBIS.
996 3611 1066 3620 -—
1095 3597 1319 3638 NA'I‘ALIS
1359 3599 1675 3643 SANCTORUM
1717 3605 1847 3645 APO-

655 3664 933 3706 ετοιοιιωιι
963 3667 1169 3708 SIMONIS
1200 3669 1267 3708 ΕΤ
1296 3670 1457 3710 ιυυίε.

331 3756 490 3824 Deus,
530 3759 625 3827 qui
658 3775 757 3815 nos
795 3777 891 3831 per
922 3762 1110 3818 beatos
1150 3767 1424 3835 apostolos
1456 3775 1575 3822 tuos
1604 3768 1669 3822 ad
1701 3771 1851 3838 agni-

263 3850 454 3904 tionem
487 3852 568 3905 tui
597 3855 829 3907 nominis
853 3856 1038 3911 venire
1060 3856 1316 3920 tribuisti,
1348 3860 1411 3912 da
1440 3859 1594 3914 nobis
1627 3863 1848 3929 gloriam

261 3944 647 4011 sempiternam
693 3946 1023 4015 proﬁciendo
1072 3949 1380 4012 celebrare,
1425 3961 1480 4005 et
1527 3953 1849 4010 celebrando

264 4038 536 4102 prolicere.
574 4038 692 4092 Per.

330 4128 498 4197 Super
554 4130 744 4183 oblata.
775 4159 846 4171 —
879 4131 1155 4201 Gloriam,
1211 4134 1466 4201 Domine,
1520 4147 1830 4194 sanctorum

263 4220 631 4285 apostolorum
686 4231 999 4290 perpetuam
1041 4234 1393 4292 venerantes,
1438 4243 1746 4297 quaesumus
1793 4238 1850 4284 ut

261 4322 393 4374 eam,
436 4310 609 4364 sacris
651 4310 921 4382 mysteriis
966 4315 1191 4384 expiati,
1239 4317 1449 4385 dignius
1491 4318 1847 4375 celebremus.

259 4398 377 4458 Per.

327 4489 606 4559 Praefatio.
634 4520 705 4531 -—
733 4492 875 4548 Vere
904 4495 1120 4564 dignum
1157 4503 1215 4550 et
1238 4499 1438 4565 ]ustum
1486 4506 1591 4566 est,
1635 4514 1847 4569 aequum

257 4592 312 4637 et
334 4585 595 4651 salutare,
636 4600 734 4639 nos
767 4586 862 4640 tibi
893 4601 1108 4657 semper
1136 4598 1193 4643 et
1217 4590 1415 4660 ubique
1440 4591 1635 4661 gratias
1662 4607 1841 4661 agere,

1956 3371 2084 3427 Sarii
2114 3373 2371 3443 martyris
2416 3372 2489 3426 tui
2531 3371 2734 3427 dicatas
2762 3371 2968 3427 meritis
2994 3371 3255 3441 benignus
3283 3385 3522 3437 assume,

1956 3473 2009 3516 et
2037 3463 2102 3517 ad
2135 3474 2447 3533 perpetuum
2485 3464 2640 3519 nobis
2684 3465 2859 3521 tribue
2907 3464 3189 3533 provenire
3218 3463 3531 3519 subsidium.

1952 3554 2077 3612 Per.

2028 3647 2109 3701 Ad
2133 3647 2524 3715 Complendum.
2549 3678 2618 3688 —
2645 3650 2979 3716 Quaesumus,
3004 3652 3346 3718 omnipotens
3368 3647 3531 3711 Deus,

1957 3752 2035 3807 ut,
2079 3741 2168 3810 qui
2211 3742 2454 3796 coelestia
2495 3742 2748 3796 alirnema
2780 3741 3134 3811 percepimus,
3170 3739 3532 3809 intercedente

1953 3833 2113 3887 beato
2155 3830 2389 3886 Czesario
2431 3842 2668 3901 martyre
2713 3842 2823 3895 tuo,
2872 3847 2966 3900 per
3005 3836 3117 3884 haec
3143 3840 3324 3885 contra
3354 3832 3529 3884 omnia

1953 3923 2178 3978 adversa
2208 3923 2531 3978 muniamur.
2565 3922 2665 3977 Per
2699 3922 2998 3977 Dominum.

1954 4031 2131 4072 EODEM
2159 4032 2264 4071 DIE.
2302 4045 2373 4055 ——
2410 4013 2560 4088 (497)
2608 4028 2832 4069 NATALIS
2877 4012 2903 4051 δ
2948 4026 3149 4067 onumu
3195 4026 3529 4067 sucronem.

2024 4112 2376 4179 Omnipotens
2424 4109 2749 4177 sempiterne
2797 4108 2959 4171 Deus,
3011 4107 3100 4176 qui
3153 4120 3249 4160 nos
3292 4106 3529 4159 omnium

1952 4212 2264 4258 sanctorum
2296 4203 2487 4257 merita
2519 4202 2618 4256 sub
2646 4218 2747 4256 una
2776 4201 3006 4256 tribuisti
3034 4199 3341 4255 celebritate
3369 4214 3526 4253 vene-

1952 4297 2085 4361 rari,
2126 4309 2430 4365 quaesumus
2484 4304 2541 4348 ut
2569 4293 2921 4349 desideratam
2952 4292 3105 4347 nobis
3132 4301 3238 4345 tua:
3272 4289 3530 4358 pr0pitia-

1951 4387 2111 4442 tionis
2163 4387 2563 4454 abundantiam,
2625 4386 2989 4455 multiplicatis
3032 4382 3527 4448 intercessionibus,

1951 4480 2213 4547 largiaris.
2238 4482 2359 4537 Per.

2024 4595 2194 4663 Super
2241 4596 2433 4648 oblata.
2468 4620 2539 4636 -—
2568 4593 2783 4648 Munera
2842 4592 2959 4655 tibi,
3015 4591 3270 4653 Domine,
3333 4599 3527 4643 nostra:

261 4674 490 4732 Domine
517 4686 726 4743 sancte,
761 4677 919 4733 Pater
946 4679 1310 4747 omnipotens,
1358 4690 1556 4735 aeterne
1586 4681 1761 4737 Deus:
1791 4695 1842 4738 te
1871 4654 1927 4714 D
1951 4685 2252 4739 devotionis
2299 4685 2599 4751 ollerimus,
2652 4700 2770 4754 quae
2816 4693 2871 4739 et
2932 4699 3026 4751 pro
3073 4692 3381 4736 cunctorum
3436 4681 3525 4734 tibi

257 4771 310 4824 in
343 4783 559 4825 tuorum
598 4774 965 4841 apostolorum
999 4774 1362 4843 gloriﬁcantes
1400 4777 1626 4838 honore,
1667 4776 1755 4844 qni
1789 4786 1843 4830 et

252 4861 361 4917 illis
408 4863 644 4917 tribuisti
679 4864 1063 4920 beatitudinem
1094 4867 1494 4934 sempiternam,
1526 4875 1582 4920 et
1614 4867 1840 4920 inﬁrmi-

253 4953 347 5007 tati
373 4963 575 5008 nostra:
606 4955 726 5008 talia
761 4957 1053 5023 praestitisti
1083 4958 1332 5026 sullragia
1352 5001 1367 5025 ,
1418 4973 1508 5025 per
1542 4957 1689 5027 (494)
1722 4974 1840 5028 qua

257 5058 348 5101 tua
374 5050 644 5118 possimus
666 5048 888 5117 adipisci
921 5048 1179 5117 subsidia,
1223 5061 1277 5104 et
1317 5051 1596 5119 pervenire
1616 5050 1683 5105 ad
1707 5065 1842 5120 prte-

257 5142 358 5192 mia
383 5142 733 5207 repromissa.
770 5141 877 5205 Per
903 5143 1198 5199 Christum.

260 5228 682 5285 Benedictianem
714 5232 780 5286 R.
813 5233 878 5297 Ω.
912 5233 990 5301 (Id
1021 5243 1103 5288 est
1136 5235 1359 5304 Require
1385 5252 1497 5304 quae
1522 5238 1723 5308 supra.)

332 5325 409 5374 Ad
433 5322 830 5390 Complendum.
858 5353 928 5364 —
956 5326 1249 5395 Perceptis,
1275 5329 1516 5392 Domine,
1547 5342 1845 5385 sacramen-

258 5413 348 5479 tis,
383 5415 699 5483 suppliciter
725 5426 775 5471 te
805 5432 1075 5482 rogamus,
1127 5428 1203 5484 ut,
1238 5419 1690 5475 intercedentibus
1722 5422 1845 5476 bea-

329 5608 351 5632 δ
388 5600 577 5652 Exstat
601 5600 651 5651 in
676 5599 962 5654 Codicibus
986 5602 1183 5655 nostris
1207 5602 1340 5655 etin
1371 5601 1495 5655 Mss.
1523 5599 1655 5668 Reg.
1678 5602 1835 5656 Suec.

260 5670 763 5751 qui'solentnilatis
812 5671 1049 5725 omnium
1097 5682 1400 5727 sanctorum
1453 5672 1672 5726 minime
1727 5689 1838 5725 me-

259 5752 427 5793 lllttlil.

330 5810 355 5848 ι
392 5812 648 5867 Miramur
688 5814 774 5869 hic
812 5822 1123 5869 annotatum
1150 5828 1179 5869 a
1204 5813 1445 5870 Pamelio
1478 5813 1640 5884 (quod
1672 5813 1832 5868 etiam

1949 4784 2099 4844 grata
2156 4775 2263 4829 siut
2304 4775 2506 4830 honore
2550 4786 2875 4838 sanctorum,
2905 4783 2959 4828 et
2982 4773 3133 4827 nobis
3162 4774 3432 4836 salutaria,
3478 4783 3527 4826 Ie

1949 4869 2256 4931 miserante,
2284 4869 2594 4923 reddantur.
2630 4870 2751 4923 Per.

2028 4961 2299 5030 I‘rwfatio.
2324 4961 2555 5016 —Vere
2577 4961 2795 5029 dignum
2836 4968 2889 5014 et
2920 4958 3124 5029 justum
3169 4969 3271 5024 est,
3322 4975 3525 5025 (Pquttut

1950 5062 2004 5106 et
2029 5054 2286 5118 salutare,
2320 5067 2416 5107 nos
2442 5053 2536 5108 tibi
2560 5066 2779 5119 semper
2812 5060 2866 5104 et
2894 5051 3085 5119 ubique
3112 5050 3310 5118 gratias
3346 5067 3524 5117 :tgett',

1954 5145 2176 5199 Domine
2218 5155 2427 5208 sancte,
2458 5143 2619 5197 Pater
2645 5143 3001 5212 omnipotens,
3035 5154 3235 5197 aeterne
3263 5143 3440 5195 Deus:
3473 5153 3523 5191 et

1950 5235 2288 5289 clementiam
2328 5244 2471 5287 tuam
2516 5234 2830 5303 suppliciter
2857 5234 3159 5299 obsecrare,
3193 5244 3247 5285 ut
3278 5248 3397 5285 cum
3427 5248 3517 5283 ex-

1952 5327 2276 5383 sultantibus
2302 5326 2502 5380 sanctis
2529 5326 2580 5380 in
2612 5325 2849 5379 cmleStis
2875 5325 3021 5393 regni
3045 5324 3303 5378 cubilibus
3331 5323 3520 5388 gaudio

1952 5429 2137 5476 nostra
2181 5417 2493 5487 subiungas.
2541 5416 2609 5471 Et
2644 5430 2777 5485 quos
2816 5416 3025 5470 virtutis
3066 5415 3362 5471 imitatione
3412 5426 3517 5463 non

1948 5601 2000 5655 in
2050 5601 2188 5654 Edit.
2233 5600 2535 5655 Gussanvil.
2588 5599 2799 5667 legitur)
2843 5598 2996 5665 hujus
3043 5594 3146 5649 diei
3190 5591 3418 5667 ofﬁcium
3463 5597 3511 5649 iu

1949 5673 2198 5725 oinihihus
2237 5672 2456 5740 reperiri
2490 5672 2613 5725 Mss.
2642 5665 2805 5725 Certe
2841 5670 2907 5740 de
2946 5668 3059 5740 ipso
3098 5667 3279 5740 siletur
3302 5665 3350 5740 in
3380 5668 3487 5721 ϐοά

1948 5742 2080 5812 Reg.
2114 5736 2311 5809 Suec;
2332 5744 2382 5796 in
2408 5742 2614 5796 duobus
2643 5741 2759 5795 aliis
2790 5756 2816 5791 a
2848 5736 3099 5793 Menardo
3132 5736 3215 5789 hic
3240 5737 3507 5805 indicatis,

1942 5824 1995 5870 ct
2022 5816 2073 5869 in
2104 5813 2326 5868 Kalend.
2364 5815 2516 5867 ltom.
