4064 6350
521 335 611 392 M7
1723 332 1968 398 SANCTI
2007 332 2337 392 CREGORII
2377 335 2595 393 MAGNI

3681 339 3781 395 M8

516 465 796 524 possumus
840 450 1012 520 sequi,
1064 449 1258 508 debitae
1305 449 1666 514 venerationis
1715 447 2087 518 contingamus
2111 445 2166 508 Δ
2198 446 2354 520 ιω
2383 463 2440 505 ut
2482 465 2600 508 mus
2637 464 2950 508 noverimus.
2979 482 3048 492 —
3076 465 3300 508 uncus
3341 465 3528 510 SANCTI
3586 466 3780 510 lentu

514 543 728 599 affectu.
762 542 864 600 Per
891 545 1184 600 Christum.

587 635 900 694 Benedictio.
926 669 995 678 -—
1023 637 1342 692 Sanctorum
1381 651 1600 693 suorum
1630 636 1838 692 meritis
1864 649 1962 690 vos
1991 636 2093 692 Do-

511 729 689 786 minus
731 727 894 784 faciat
932 729 1199 790 benedici,
1231 739 1283 784 et
1313 737 1496 784 contra
1525 729 1748 783 adversa
1789 729 1965 782 omnia
2004 742 2096 783 eo-

511 832 631 874 rum
671 819 1056 874 intercessione
1102 820 1320 874 muniri.
1376 823 1567 876 Am‘cn.
1615 819 1814 874 Eorum
1858 819 2096 875 e’ﬁciant

433 897 438 978 ί
510 907 761 986 suﬂragia
802 913 1006 979 felices,
1058 929 1279 982 quorum
1319 912 1622 966 festivitatis
1647 912 1785 965 diem
1812 911 2095 966 celebratis

434 996 439 1018 ¹
507 1013 749 1061 ovantes.
796 1004 989 1059 Arnen.
1033 1007 1149 1070 Quo
1187 1019 1374 1062 eorum
1417 1005 1686 1062 imitantes
1716 1005 1980 1073 exempla,
2023 1004 2089 1058 ad

507 1096 747 1150 caelestia
793 1097 1015 1166 possitis
1058 1099 1337 1166 pervenire
1384 1100 1670 1169 promissa.
1707 1098 1898 1155 Amen.
1939 1099 2092 1166 Quod

507 1185 620 1257 ipse
643 1197 901 1261 prmstare
929 1190 1193 1260 dignetur.

577 1283 658 1336 Ad
689 1282 1078 1354 Complendum.
1117 1283 1528 1338 —Sanctorum
1574 1282 1814 1338 omnium
1859 1283 2092 1354 gloriosa

505 1372 798 1440 confessio,
832 1374 993 1437 Deus,
1030 1375 1186 1445 139
1219 1376 1391 1430 tribue
1432 1375 1604 1444 nobis,
1653 1391 1979 1445 quaesumus,
2011 1387 2090 1444 ut,

505 1479 600 1536 per
639 1465 754 1522 inec
798 1476 977 1522 sancta
1027 1484 1146 1537 quae
1193 1470 1561 1536 sumpsimus,
1617 1481 1828 1526 tuorum
1879 1471 2090 1528 admisti

503 1557 777 1624 conciliis,
808 1559 1188 1616 misericordia:
1218 1569 1322 1616 tua:
1345 1559 1572 1630 dapibus
1603 1562 1931 1628 saginemur.
1967 1562 2091 1620 i’er.

578 1651 714 1704 Alia.
744 1681 814 1692 —
847 1651 942 1715 Da,
977 1669 1306 1720 qumsnmus,
1339 1655 1585 1723 Domine,
1615 1656 1858 1714 ﬁdelibus
1882 1657 2091 1727 populis

502 1741 739 1798 omnium
764 1754 1070 1798 sanctorum
1102 1761 1312 1809 semper
1335 1749 1676 1803 veneratione
1702 1749 1892 1813 ltetari,
1923 1758 1977 1809 et
1999 1763 2090 1804 co-

501 1847 618 1889 rum
649 1845 900 1904 perpetua
929 1835 1322 1903 supplicatione
1353 1839 1565 1890 rntmiri.
1595 1838 1697 1892 Per

575 1927 728 2000 (198)
763 1929 992 1996 Quatuor
1023 1929 1397 1984 Coronatorum
1425 1933 1636 1990 nomina
1669 1932 1773 1986 [uec
1803 1941 1918 1986 sunt
1944 1948 1962 1988 :
1993 1931 2091 1986 Se-

499 2035 663 2088 verus,
713 2020 1042 2091 Severianus,
1099 2021 1410 2090 Victorinus,
1450 2023 1907 2093 ctCarpopltorus,
1937 2025 2090 2098 (€99)

498 2127 717 2180 quorum
759 2113 869 2166 dies
911 2111 1103 2170 natalis
1145 2130 1235 2184 per
1281 2115 1532 2170 incuriam
1583 2117 1842 2186 neglectus
1888 2117 2092 2174 minime

498 2203 710 2274 reperiri
746 2213 973 2273 poterat;
1019 2207 1131 2260 ideo
1163 2216 1406 2260 sta'utum
1439 2218 1508 2261 cst
1542 2219 1598 2264 ut
1636 2210 1691 2262 in
1720 2226 1895 2264 eorum
1933 2216 2094 2265 cccle-

499 2294 601 2360 δὶα,
625 2293 807 2352 horum
830 2296 1048 2367 quinque
1076 2307 1391 2364 sanctorum,
1418 2300 1503 2364 qui
1532 2300 1584 2352 in
1616 2302 1766 2354 missa
1791 2302 2089 2366 recitantur,

498 2383 691 2438 natalis
722 2381 1016 2462 celebretur,
1050 2398 1105 2440 ut
1136 2405 1248 2443 cum
1276 2390 1384 2444 istis
1419 2406 1591 2446 eorum
1619 2407 1820 2460 quoque
1849 2394 2092 2447 memoria

498 2479 696 2548 pariter
732 2479 847 2549 ﬁat.

496 2578 546 2624 Vl
587 2583 702 2624 lDUS
746 2585 1060 2630 NOVEMBBIS.
1109 2601 1178 2614 -
1210 2589 1433 2632 NATAUS
1481 2591 1795 2634 SANCTORUII
1839 2596 2087 2644 QLATUOB

1090 2658 1498 2700 CORONATURUM.

571 2729 796 2798 Praua,
826 2747 1151 2801 quaerimus,
1183 2737 1530 2807 omnipotens
1571 2740 1738 2806 Deus,
1771 2753 1830 2797 ut
1855 2747 1944 2812 qni
1977 2747 2092 2814 gie-

497 2823 673 2882 riosos
697 2835 981 2898 martyres,
1015 2827 1167 2898 (500)
1196 2830 1497 2898 Claudium,
1532 2831 1909 2900 Nico-tratum,
1940 2837 2090 2911 (501)

497 2916 982 2989 Symphoniaum,
1011 2921 1314 2976 Castorium
1345 2933 1507 2992 atque
1529 2923 1884 2994 Simplicium,
1922 2927 2091 2983 fortes

495 3012 554 3068 in
587 3027 680 3066 sua
708 3013 1048 3070 confessione
1071 3015 1447 3082 cognovimus,
1494 3016 1611 3085 pios
1651 3018 1790 3085 apud
1820 3029 1871 3071 te
1902 3022 1954 3074 in
1996 3035 2094 3074 no-

496 3113 607 3161 stra
632 3106 1018 3162 intercessione
1042 3108 1352 3164 sentiamus.
1379 3109 1503 3166 Per.

2852 538 3134 580 IABTYRIS.

2274 611 2507 680 Praesta,
2566 626 2909 684 quaesumus,
2967 615 3304 683 omnipotens
3359 615 3530 680 Deus,
3589 622 3651 668 ut
3696 619 3781 685 qui

2199 702 2348 758 beati
2396 704 2598 760 Menum
2643 707 2896 778 martyris
2946 708 3018 760 tui
3069 707 3305 764 natalitia
3337 707 3580 770 colimus,
3616 706 3777 762 inter-

2199 797 2443 852 cessione
2472 798 2589 868 ejus
2621 800 2673 853 in
2708 801 2781 854 tui
2832 801 3064 854 nominis
3089 815 3271 855 amore
3293 800 3626 854 roborentur.
3661 799 3777 854 i‘er.

2272 889 2442 960 Super
2482 891 2674 946 oblata.
2705 922 2773 934 —
2805 892 2950 948 Beati
2999 892 3204 948 Munna:
3254 893 3506 960 martyris
3545 892 3640 956 tui,
3681 890 3783 942 Do-

2200 982 2366 1052 mine,
2421 983 2680 1045 solemnia
2734 993 3117 1053 recensentes,
3161 999 3469 1056 quaesumus
3544 994 3602 1040 ut
3669 983 3782 1050 ejus

2199 1075 2402 1130 auxilio
2431 1085 2518 1130 tua
2551 1075 2812 1132 beneﬁcia
2862 1078 3158 1148 capiamus,
3193 1091 3288 1148 pro
3313 1093 3419 1147 quo
3444 1076 3536 1132 tibi
3572 1075 3782 1134 Hostias

2199 1167 2375 1225 laudis
2407 1169 2705 1226 offerimus.
2737 1168 2860 1226 Per.

2286 1261 2350 1319 td
2379 1259 2772 1332 Comptendum.
2799 1293 2868 1303 —
2893 1261 3200 1326 Benedictio
3232 1271 3340 1329 trra,
3373 1261 3532 1324 Deus,
3567 1259 3784 1331 impleat

2197 1350 2361 1403 corda
2401 1350 2658 1416 fidelium,
2713 1351 2954 1421 talesque
3009 1351 3264 1420 perficiat,
3291 1351 3381 1420 qui
3412 1362 3461 1404 et
3492 1359 3782 1421 martyrum

2197 1439 2554 1496 honoriﬁcent
2597 1443 2895 1518 passiones,
2947 1451 3001 1497 et
3045 1443 3281 1498 remedia
3315 1443 3501 1496 salutis
3543 1453 3782 1510 aeternae,

2197 1531 2399 1586 eisdem
2432 1533 2906 1601 patrocinantibus,
2949 1544 3317 1604 assequamur.
3349 1533 3474 1589 Per.

2195 1639 2374 1677 nonest
2405 1640 2512 1678 DIE.
2543 1654 2613 1665 —
2640 1641 2862 1678 mnus
2891 1633 2915 1660 δ
2943 1640 3132 1680 εΑισρτῐ
3162 1641 3380 1680 MARTIM
3408 1637 3775 1680 coxrassoms.

2276 1715 2436 1781 Deus,
2472 1717 2563 1786 qui
2595 1718 2862 1785 conspicis
2899 1719 3020 1786 quia
3051 1732 3115 1771 ex
3164 1717 3306 1771 nulla
3353 1729 3533 1772 nosrra
3583 1718 3780 1772 virtute

2120 1811 2575 1886 Bsubsistimns,
2634 1811 2870 1866 concede
2948 1811 3204 1880 propitius
3274 1817 3330 1864 ut
3397 1810 3779 1865 intercessione

2197 1903 2336 1958 beati
2378 1904 2586 1957 Martini
2622 1901 2951 1960 confessoris
2980 1904 3054 1958 tui
3085 1913 3242 1972 atque
3282 1903 3547 1972 pontiﬁcis
3591 1914 3776 1957 contra

2196 1998 2374 2050 omnia
2420 1997 2641 2051 adversa
2685 1998 3006 2055 muniamur.
3053 1997 3155 2051 Per
3199 1995 3475 2051 Dominum
3521 2003 3783 2052 nostrum.

2271 2088 2440 2158 Super
2489 2088 2679 2140 oblata.
2707 2087 2948 2142 —Beati
2997 2087 3212 2142 Martini
3249 2085 3538 2155 pontiﬁcis,
3572 2102 3783 2156 quaten-

2197 2193 2342 2246 mus,
2394 2178 2640 2247 Domine,
2692 2179 2849 2233 nobis
2878 2175 3104 2248 pia'non
3148 2178 3289 2234 desit
3329 2179 3524 2241 oratio,
3573 2193 3694 2247 quas
3734 2187 3785 2232 et

2200 2283 2425 2325 munera
2459 2277 2640 2324 nostra
2663 2269 2942 2335 conciliet,
2967 2277 3022 2324 et
3049 2280 3191 2322 tuam
3224 2267 3375 2322 nobis
3404 2267 3783 2338 indulgentiam

2198 2379 2420 2434 sempr-r
2449 2362 2715 2418 obtineat.
2750 2363 2852 2418 Per
2881 2363 3168 2418 Dominum
3196 2372 3454 2417 nostrum.

2273 2455 2546 2526 Pnrfatio.
2576 2485 2648 2496 —
2678 2455 2813 2511 Vere
2844 2455 3068 2524 dignum
3113 2463 3168 2510 et
3211 2455 3410 2524 justum
3442 2462 3546 2518 est,
3575 2467 3782 2523 requum

2199 2560 2256 2607 et
2287 2551 2540 2616 salutare,
2575 2565 2674 2604 nos
2703 2551 2794 2604 tibi
2827 2564 3041 2620 semper
3076 2560 3125 2600 et
3153 2548 3353 2618 ubique
3383 2549 3580 2617 gratias
3603 2563 3782 2616 agere,

2197 2641 2424 2696 Dom-ine
2474 2650 2683 2704 sancte,
2725 2640 2884 2695 Pater
2929 2648 3292 2708 omrnpeteus,
3341 2649 3540 2692 aeterne
3591 2639 3777 2692 Deus:

2198 2735 2354 2801 cujus
2389 2733 2537 2803 (502)
2581 2746 2803 2788 munere
2831 2733 3018 2788 beatus
3049 2731 3308 2785 Martinus
3337 2730 3616 2785 confessor
3643 2729 3783 2798 pari-

2198 2834 2280 2881 ter
2318 2835 2372 2880 et
2417 2825 2703 2890 sacerdos,
2752 2832 2806 2879 et
2859 2825 3122 2879 bonorum
3171 2838 3392 2893 operum
3441 2822 3788 2878 incrementis

2198 2917 2467 2982 excrevit,
2497 2927 2554 2973 et
2583 2917 2748 2972 variis
2771 2918 3028 2972 virtutum
3057 2916 3210 2970 donis
3235 2917 3570 2980 exuberavit,
3603 2928 3658 2970 et
3685 2914 3790 2969 uti-

2198 3011 2396 3066 raculis
2443 3008 2749 3064 coruscavit
2777 3025 2792 3062 :
2823 3009 2936 3076 qui,
2977 3007 3120 3078 quod
3171 3007 3347 3062 verbis
3398 3005 3600 3070 decuit,
3651 3019 3782 3075 opo-

2197 3120 2316 3160 rutn
2364 3103 2695 3160 exhibitione
2739 3102 3051 3172 complevit,
3094 3111 3151 3155 et
3193 3101 3516 3155 documento
3545 3101 3700 3155 simul
3733 3108 3786 3154 et

494 3249 498 3254 .
574 3199 745 3267 Super
795 3200 981 3253 oblata.
1015 3228 1086 3241 —
1116 3201 1426 3257 Benedictio
1477 3211 1596 3270 tua,
1650 3206 1894 3277 Domine,
1944 3209 2089 3281 larga
2117 3223 2163 3292 ο
2197 3197 2447 3266 θιειηριο
2493 3196 2724 3292 summi“
2771 3194 2839 3292 ῥά
2887 3194 3123 3292 cale-“iii
3157 3210 3317 3264 ηειδελ
3347 3195 3598 3292 ιιετςεηίξί
3627 3194 3789 3248 (1³⁸0³⁸

496 3290 812 3355 descendat,
869 3307 989 3361 qua
1038 3303 1093 3346 et
1144 3310 1361 3348 munera
1417 3308 1624 3364 nostra,
1676 3299 2088 3369 deprecantibus

497 3383 702 3438 sanctis
729 3379 855 3447 «tie,
887 3383 984 3438 tibi
1016 3383 1204 3438 reddat
1225 3396 1462 3455 accepta,
1494 3400 1548 3444 et
1582 3389 1734 3446 nobis
1779 3406 2091 3451 sacramen~

497 3479 610 3527 tum
639 3472 1025 3543 redemptionis
1051 3474 1268 3530 efﬁciat.
1301 3477 1422 3532 Per.

572 3567 845 3638 Praefatio.
877 3598 947 3610 —
972 3567 1113 3624 Vere
1147 3570 1365 3640 dignum
1397 3581 1451 3628 et
1477 3575 1676 3643 justum
1721 3587 1823 3642 est,
1875 3570 2084 3650 :équurn

499 3670 559 3718 et
583 3662 843 3728 salutare,
877 3677 978 3718 nos
1009 3663 1101 3717 tibi
1139 3678 1356 3734 semper
1382 3675 1434 3720 et
1466 3668 1660 3737 ubique
1682 3670 1880 3739 gratias
1903 3688 2083 3739 agere,

497 3753 726 3810 Domine
751 3763 956 3818 sancte,
1012 3755 1167 3812 Pater
1219 3760 1583 3827 omnipotens,
1644 3773 1843 3817 aeterne
1896 3765 2078 3822 Deus:

496 3847 833 3904 celebrantes
875 3856 1183 3903 sanctorum
1229 3851 1470 3906 natalitia
1511 3854 1898 3909 Coronatorum
1925 3876 1939 3913 :
1967 3860 2085 3927 quia

495 3939 624 3994 dum
674 3941 746 3995 tui
798 3943 1032 3997 nominis
1082 3957 1178 4012 per
1227 3959 1319 3999 eos
1377 3945 1596 4014 gloriam
1649 3948 2084 4019 frequentamus,

501 4033 560 4088 in
589 4040 786 4088 nostra
811 4034 940 4088 tidei
977 4044 1270 4104 augmento
1311 4038 1723 4093 succrescimus.
1775 4039 1880 4095 Per
1926 4042 2087 4098 Cirri-

496 4134 661 4179 stum.

569 4215 651 4269 Ad
683 4204 1074 4283 Complendttm.
1100 4247 1169 4260 —-
1193 4218 1516 4274 Coelestibus
1559 4221 1742 4276 refecti
1781 4237 2086 4281 sacramen-

500 4308 569 4362 tis
596 4318 646 4362 et
675 4308 905 4378 gaudiis,
938 4310 1206 4377 supplices
1237 4318 1310 4374 te,
1347 4311 1590 4380 Domine,
1624 4313 1998 4382 deprecamur,
2031 4329 2089 4374 ut.

499 4413 729 4466 quorum
771 4397 1063 4468 gloriemur
1114 4399 1419 4469 triumphis.
1472 4412 1812 4468 nrotegamur
1851 4411 2081 4468 auxiliis.

495 4489 620 4546 Per.

581 4599 615 4638 ν
651 4598 768 4641 IDUS
803 4597 1119 4642 NOVIIDIIS.
1151 4611 1223 4630 *η
1245 4600 1469 4642 ΝΑτΛιιι
1508 4604 1690 4645 SANCTI
1734 4606 1999 4651 TBEODOBI

1144 4671 1429 4714 MAB'IYBIS.

575 4757 738 4827 Deus,
786 4756 874 4827 qui
921 4772 1018 4814 nos
1064 4758 1205 4814 beati
1257 4759 1523 4818 Theodori
1575 4764 1831 4835 martyris
1860 4767 2087 4823 tuicon—

494 4849 740 4906 fessione
765 4848 998 4917 gloriosa
1023 4851 1324 4906 circumdas
1350 4864 1402 4907 ct
1432 4858 1683 4924 protegis,
1709 4871 1900 4928 praesta
1934 4860 2088 4916 nobis

499 4941 616 5009 ejus
648 4941 944 4998 imitatione
974 4944 1253 5009 prolicere,
1287 4955 1337 4998 et
1371 4948 1616 5002 oratione
1646 4951 1842 5007 fulciri.
1879 4951 1998 5006 Per.

573 5033 742 5103 Super
770 5033 960 5090 oblata.
992 5066 1062 5080 —-
1086 5035 1332 5107 Suscipe,
1363 5040 1604 5109 Domine,
1631 5043 1863 5098 ﬁdelium
1898 5059 2082 5112 preces

499 5141 620 5181 cum
661 5127 1020 5189 oblationibus
1065 5131 1388 5200 Hostiarum,
1425 5143 1500 5199 et,
1531 5136 1899 5192 intercedente
1929 5138 2084 5190 beato

499 5217 784 5275 'l'heodoro
836 5232 1071 5290 martyre
1101 5235 1212 5289 tuo,
1246 5241 1340 5294 per
1369 5225 1480 5280 haec
1508 5227 1607 5294 piae
1633 5227 1937 5282 devotionis
1965 5228 2084 5284 ofﬁ-

504 5309 587 5363 cia
613 5310 677 5364 ad
703 5311 978 5368 caelestem
1003 5315 1225 5382 gloriam
1259 5328 1616 5374 transeamus.
1648 5321 1769 5375 Per.

579 5401 660 5454 Ad
706 5402 1097 5475 complendum.
1124 5438 1194 5450 -ο
1225 5409 1424 5464 Praesta
1455 5412 1630 5474 nobis,
1659 5411 1906 5481 Domine,
1937 5431 2084 5483 quar-

499 5508 708 5562 sumus,
739 5501 1104 5555 intercedente
1133 5502 1288 5554 beato
1323 5501 1603 5555 Theodoro
1635 5517 1865 5576 martyre
1891 5518 2000 5574 tuo,
2027 5520 2082 5563 ttt

496 5601 621 5654 quae
648 5607 743 5647 ore
770 5592 1114 5660 contigimus,
1148 5607 1279 5660 pura
1305 5603 1487 5648 mente
1514 5595 1808 5664 capiamus.
1839 5599 1960 5653 Per.

567 5745 590 5769 ιι
635 5736 688 5788 ιιι
737 5729 945 5786 Thcod.
989 5728 1155 5784 sancti
1190 5727 1398 5800 Martini
1443 5728 1634 5784 festum
1687 5735 1902 5800 ponitur
1946 5746 2070 5792 ante

493 5816 605 5860 nat.
635 5806 798 5859 sancti
828 5800 1055 5861 Menum,
1088 5808 1140 5852 et
1165 5799 1337 5868 vigilia
1366 5801 1590 5856 solemni
1623 5799 1961 5873 pracvmtitur.

2113 4605 2166 4674 D

2200 3298 2311 3344 tum
2361 3289 2610 3358 prabuit.
2667 3285 2821 3344 Unde
2880 3298 3024 3342 tuam
3073 3287 3418 3342 clementiam
3469 3287 3700 3355 petimus
3730 3295 3790 3341 ut

2196 3383 2339 3454 eius,
2391 3383 2482 3451 qui
2536 3381 2629 3436 tibi
2681 3380 2902 3450 placuit,
2959 3381 3316 3450 exernplisad
3357 3381 3498 3435 bene
3525 3381 3788 3448 agendum

2192 3477 2592 3540 int‘ormernur,
2656 3475 2864 3530 meritis
2917 3473 3252 3539 muniamur.
3315 3473 3790 3528 intercessionibus

2191 3567 2527 3636 adiuventur,
2572 3566 2805 3634 qualiter
2831 3564 2897 3620 ad
2932 3566 3153 3620 cozfcste
3200 3579 3446 3634 regnum,
3499 3563 3590 3616 illo
3620 3564 3791 3617 interv

2193 3660 2465 3728 veniente,
2522 3667 2574 3714 te
2617 3659 2932 3729 opitulante,
2990 3657 3268 3729 pervenire
3311 3671 3632 3712 mereamur.
3688 3655 3792 3709 i’er

2190 3753 2497 3807 Christum.

2263 3842 2344 3898 Ad
2375 3841 2774 3913 Contptendum.
2815 3870 2885 3882 —
2913 3839 3049 3907 Tua,
3083 3841 3328 3906 Domine,
3361 3851 3543 3896 sancta
3572 3854 3794 3894 sumen-

2194 3941 2294 4000 ωε,
2341 3934 2658 4002 suppliciter
2708 3934 3080 3999 deprecamur,
3124 3943 3184 3988 ut
3211 3949 3436 4003 quorum
3476 3947 3797 3988 veneramur

2194 4027 2612 4090 cnnfessionem,
2645 4026 2889 4095 praesidia
2919 4029 3237 4081 sentiamus.
3276 4026 3392 4081 Per.

2266 4118 2439 4188 Super
2478 4118 2749 4190 papulum.
2799 4151 2873 4162 —
2916 4119 3160 4185 Exaudi,
3218 4119 3478 4184 heroine,
3537 4119 3794 4188 populum

2195 4218 2344 4266 tuum
2391 4221 2502 4268 tota
2551 4213 2644 4268 tibi
2696 4220 2875 4267 mente
2920 4212 3238 4279 subjecutm,
3292 4222 3346 4266 et
3388 4211 3524 4266 beati
3571 4211 3792 4267 Martini

2192 4305 2466 4376 pontiﬁcis
2496 4305 2889 4374 supplicatione
2917 4305 3150 4367 custodi,
3183 4316 3262 4370 ut,
3291 4319 3518 4374 corpore
3539 4317 3595 4359 et
3621 4305 3792 4361 corde

2191 4407 2496 4469 protectus,
2528 4398 2672 4468 quod
2725 4399 2808 4467 pic
2855 4398 3026 4453 credit
3077 4407 3314 4465 appetat.
3369 4407 3424 4452 et
3467 4399 3608 4467 quod
3644 4397 3797 4468 justo

2191 4502 2379 4562 sperat
2406 4493 2669 4546 obtineat.
2703 4489 2826 4546 Per.

2323 4624 2360 4663 κ
2388 4622 2660 4662 ausurus
2683 4619 2993 4661 ascensura.
3023 4635 3096 4648 —
3117 4604 3148 4642 δ
3180 4621 3400 4661 manus
3430 4619 3648 4661 sucus

2861 4693 3125 4733 εεειιιι.

2270 4769 2448 4834 Deus,
2503 4769 2595 4838 qui
2647 4783 2743 4824 nos
2790 4784 2965 4823 annua
3021 4770 3195 4824 beata
3253 4769 3481 4826 Caecilia
3535 4773 3798 4842 martyris

2194 4870 2298 4917 tuae
2327 4862 2670 4918 solemnitate
2705 4859 2858 4933 141
2890 4859 3151 4923 lmtificas,
3199 4859 3265 4914 da
3313 4870 3374 4914 ut
3417 4876 3575 4930 quam
3618 4878 3796 4917 vene-

2197 4968 2384 5008 remur
2429 4952 2628 5018 ofﬁcio,
2682 4954 2841 5008 etiam
2893 4952 2992 5019 piae
3030 4952 3456 5006 conversationis
3500 4967 3800 5009 nouantur

2195 5044 2461 5112 exemplo.
2497 5043 2619 5097 Per.

2267 5137 2434 5207 Super
2456 5137 2647 5188 oblata.
2677 5165 2744 5176 —
2766 5136 2890 5191 llaec
2921 5137 3124 5200 Hostia,
3165 5132 3412 5202 Domine,
3464 5138 3793 5206 praestionis

2194 5238 2246 5284 et
2271 5228 2440 5282 laudis
2459 5244 2765 5295 quaisumus
2791 5239 2867 5297 ut,
2914 5229 3310 5284 interveniente
3365 5230 3517 5284 licata
3561 5228 3792 5288 Caecilia

2197 5333 2434 5391 martyre
2458 5332 2569 5387 tua,
2601 5339 2698 5376 nos
2723 5333 2807 5376 tua
2836 5323 3214 5392 propitiatioue
3242 5325 3433 5393 dignos
3461 5341 3680 5388 semper
3707 5328 3791 5380 cf—

2197 5414 2358 5470 ficiat.
2393 5413 2512 5468 Per.

2264 5505 2533 5576 Prw/ario.
2565 5537 2632 5548 —
2657 5507 2795 5563 Vere
2826 5518 3042 5578 dignum
3065 5518 3115 5564 et
3155 5509 3358 5579 justum
3413 5523 3519 5576 est,
3571 5527 3790 5583 acquum

2193 5610 2249 5656 et
2277 5601 2530 5667 salutare,
2566 5615 2666 5655 nos
2695 5602 2786 5654 tibi
2820 5616 3033 5670 semper
3061 5612 3113 5657 et
3147 5602 3340 5671 ubique
3365 5604 3563 5674 gratias
3592 5620 3786 5679 agere,

2183 5808 2218 5863 ι)
2252 5736 2277 5772 ι)
2315 5740 2387 5792 Ex
2422 5741 2585 5810 priori
2619 5740 2822 5795 Theod.
2873 5742 2974 5793 hoc
3015 5739 3204 5795 festum
3239 5756 3357 5796 cum
3402 5747 3577 5814 vigilia
3627 5749 3787 5803 cele-

2224 5819 2383 5863 ratur.

2224 5819 2383 5864 ratur.
