4064 6350
249 384 350 446 149

1447 369 1649 432 LIBER
1690 361 2059 422 SACliABleN
2081 360 2322 415 l'citUil.

3388 371 3490 430 {50

249 499 472 556 Domine
501 507 714 561 sancte,
738 495 896 550 Pater
931 493 1286 560 omnipotens,
1305 501 1504 546 aeterne
1523 491 1666 547 Deus
1691 505 1708 544 :
1731 489 1818 558 qui
1848 491 1906 556 Α,
1930 487 2071 548 beati
2101 486 2434 558 Chrysogoni
2463 487 2718 558 martyris
2746 487 2822 554 ιιιί
2869 488 3253 558 ἰηιθτοεβεὶοηθ
3300 489 3490 546 ιῖδθτθ·

248 592 298 645 in
345 589 650 643 inﬁrmitate
687 589 936 641 virtutem
986 578 1218 653 perﬁcis,
1265 594 1317 640 et
1348 584 1560 638 humani
1607 584 1818 654 generis

241 681 518 738 inimicum
549 694 656 732 non
679 679 849 730 solum
881 692 972 745 per
1002 677 1165 735 viros,
1217 675 1308 728 sed
1340 675 1498 728 etiam
1542 689 1636 743 per
1664 676 1819 740 lenti-

240 791 336 830 uas
365 773 576 834 vin’cis;
609 770 762 839 cujus
787 784 1006 835 munere
1035 769 1187 823 beata
1232 767 1465 830 (Iarcilia,
1499 776 1550 826 et
1579 767 1629 820 in
1654 765 1818 834 virgi-

237 866 426 922 nitatis
457 863 749 930 proposito,
778 872 830 916 et
859 862 911 916 in
935 858 1271 913 confessione
1296 858 1417 912 ﬁdei
1441 858 1686 912 roborata
1715 865 1819 924 est,

240 961 420 1008 utnec
452 947 630 1002 relatis
659 945 868 1005 lubrico
916 946 983 998 ab
1031 943 1329 1002 intentione
1379 952 1689 1008 mutaretur,
1723 955 1822 996 nec

238 1040 628 1097 blandimentis
672 1035 972 1091 carnalibus
1024 1036 1458 1099 demulceretur,
1511 1048 1609 1094 nec
1657 1049 1823 1090 sexus

238 1133 538 1200 fragilitate
569 1129 954 1194 deterreretur,
1003 1143 1100 1183 nec
1150 1137 1533 1190 tormentorum
1565 1129 1822 1184 immani-

239 1232 350 1277 tate
385 1223 714 1286 vinceretur,
737 1220 832 1276 sed
865 1220 1132 1282 servando
1161 1220 1400 1284 corporis
1425 1235 1489 1274 ac
1524 1219 1713 1273 mentis
1743 1220 1824 1274 in-

239 1314 573 1382 tegritatem,
605 1327 725 1372 cum
752 1309 1067 1378 virginitatis
1095 1319 1150 1364 et
1181 1311 1418 1382 martyrii
1457 1311 1627 1379 palma
1662 1319 1822 1364 mter-

239 1419 366 1458 naru
400 1411 703 1458 mereretur
731 1401 952 1467 adipisci
981 1401 1378 1461 beatitudinem.
1402 1400 1506 1455 Per
1525 1400 1818 1454 Christum.

314 1495 396 1547 Ad
423 1491 824 1561 Complendum.
851 1491 1029 1545 .-—Sic
1066 1506 1184 1557 nos,
1219 1493 1461 1554 Domine,
1493 1493 1661 1560 gratia
1712 1502 1819 1560 tua,

240 1596 579 1652 quasumus,
608 1595 822 1649 semper
847 1591 1114 1647 exerceat,
1139 1590 1192 1634 ut
1239 1592 1293 1637 et
1338 1582 1531 1636 divinis
1560 1582 1821 1636 instauret

243 1683 433 1744 nostra
463 1671 625 1737 corda
660 1672 955 1742 mysteriis,
1007 1681 1060 1726 et
1088 1681 1286 1736 sanctae
1314 1674 1540 1730 Caecilia:
1569 1673 1822 1744 martyris

249 1773 356 1818 tua:
383 1763 896 1830 commemoratione
925 1762 1178 1820 laetiﬁcet.
1230 1765 1333 1821 Per
1379 1765 1662 1834 Dominum
1717 1780 1818 1836 nos

236 1862 434 1909 strum.

235 1985 292 2026 Π
347 1985 621 2026 κλιεκυλε
672 1984 986 2025 DECEIDRIS.
1036 1985 1107 2010 ὲ-
1159 1985 1378 2026 ΕΔΤΔῙΛΞ
1433 1985 1623 2026 εΛΝοτι
1687 1987 1818 2027 ειπε-

925 2055 1137 2098 NENTIS.

310 2154 668 2221 Omnipotens
701 2154 1026 2223 sempiterne
1055 2154 1216 2221 Deus,
1239 2154 1325 2222 qui
1350 2154 1402 2210 in
1430 2156 1665 2209 omnium
1698 2171 1823 2232 san-

232 2252 458 2300 ctorum
492 2255 697 2298 tuorum
749 2261 809 2300 es
864 2246 1060 2299 virtute
1107 2246 1403 2313 mirabilis,
1453 2247 1515 2300 da
1565 2248 1721 2303 nobis
1768 2250 1823 2304 in

238 2334 390 2389 beati
421 2335 707 2389 Clementis
729 2349 906 2389 annua
937 2335 1278 2390 solemnitate
1333 2339 1520 2400 la-tari,
1565 2342 1657 2408 qui
1704 2341 1823 2397 Filii

236 2426 316 2480 tui
346 2433 561 2496 martyr
587 2436 642 2480 et
669 2426 903 2494 pontifex
925 2426 1065 2496 quod
1109 2427 1405 2483 ministerio
1455 2432 1621 2498 gessit
1669 2434 1823 2487 testi-

237 2517 423 2572 monio
451 2517 854 2586 comprobavit,
884 2528 939 2574 et
985 2520 1123 2589 quod
1169 2521 1477 2590 praedicavit
1506 2537 1598 2578 ore
1627 2525 1825 2580 conﬁr-

236 2611 404 2664 mavit
428 2612 704 2680 exemplo.
738 2612 858 2666 Per.

309 2702 480 2772 Super
509 2702 708 2758 oblam.
742 2733 811 2744 —
840 2703 1174 2759 Sacriﬁcium
1201 2706 1317 2770 tibi,
1369 2706 1617 2775 Domine,
1651 2710 1827 2765 laudis

242 2793 542 2863 oderimus,
575 2811 676 2865 pro
702 2799 872 2852 sancti
895 2798 1206 2853 celebritate
1230 2800 1544 2866 Clementis,
1567 2813 1626 2856 ut
1649 2803 1828 2872 prapi-

241 2887 522 2942 tiationem
556 2897 728 2951 tuam,
756 2905 912 2958 quam
963 2890 1161 2952 nostris
1206 2892 1459 2959 operibus
1499 2908 1606 2948 non
1651 2907 1830 2949 mere-

239 2992 386 3046 ntur,
432 2979 504 3045 pii
539 2979 914 3050 suﬂ'ragatoris
945 2980 1420 3040 intercessionibus
1452 2997 1822 3050 assequamur.

236 3069 355 3126 Per.

304 3163 591 3234 Prcefdtio.
609 3191 682 3210 -ι
701 3163 842 3219 Vere
863 3164 1077 3234 dignum
1093 3174 1146 3220 et
1172 3166 1369 3234 justum
1397 3175 1498 3234 est,
1539 3184 1747 3237 :equum
1771 3178 1827 3226 et

237 3231 499 3322 salutare,
543 3274 645 3314 nos
678 3259 769 3314 tibi
819 3231 1032 3328 semiper
1079 3271 1133 3317 et
1170 3231 1364 3333 ubique
1405 3231 1616 3332 gratias.
1642 3282 1823 3336 agere,
1854 3231 1901 3304 Ω

240 3351 466 3407 Domine
491 3361 704 3417 sancte,
732 3351 888 3406 Pater
913 3356 1267 3422 omnipotens,
1301 3366 1502 3411 a-terne
1552 3357 1691 3412 Deus
1718 3377 1731 3410 :
1765 3369 1816 3412 et

242 3443 297 3498 in
326 3444 424 3496 hac
445 3443 560 3506 die,
583 3459 743 3510 quam
774 3443 915 3498 beati
945 3444 1234 3499 Clementis
1264 3447 1438 3513 passio
1461 3453 1816 3518 consecravit,

243 3546 296 3592 et
327 3537 484 3590 nobis
518 3535 880 3590 venerabilem
926 3537 1171 3592 exhibuit
1201 3555 1212 3589 :
1246 3538 1334 3606 qui
1363 3541 1655 3607 apostolica
1689 3559 1822 3610 pra:-

240 3626 511 3682 dicatione
563 3625 834 3692 imbutus,
878 3625 1135 3682 doctrinis
1185 3628 1494 3689 ccelestibus
1542 3631 1820 3699 educatus,

244 3723 606 3777 successionis
635 3722 892 3791 dignitate
913 3725 1251 3792 conspicuus,
1277 3732 1332 3778 et
1366 3733 1568 3796 martyr
1599 3723 1824 3794 indignis

244 3821 296 3866 et
313 3813 574 3868 sacerdos
601 3812 810 3868 refulsit
831 3814 1095 3883 egregius.
1119 3813 1222 3870 Per
1239 3814 1504 3872 Christum
1536 3813 1820 3872 Dominum

245 3913 504 3958 nostrum.

314 3996 390 4047 Ad
424 3994 819 4064 Complmdum.
845 4025 913 4034 —
943 3995 1039 4062 Da,
1065 4009 1386 4066 quaesumus,
1431 3998 1653 4060 Domine
1685 3997 1824 4052 Deus

250 4093 454 4148 noster,
486 4092 544 4136 ut
572 4082 711 4138 sicut
740 4092 947 4140 tuorum
979 4088 1489 4142 commemoratione
1519 4097 1824 4155 sanctorum

250 4175 527 4244 temporali
553 4175 887 4242 gratulamur
914 4175 1114 4244 ofﬁcio,
1165 4179 1236 4238 ita
1269 4189 1529 4250 perpetuo
1584 4182 1827 4256 laetentur

249 4275 482 4337 aspectu.
512 4267 634 4322 Per.
1729 4259 1759 4316 ’ἴ

350 4397 532 4436 EODEI
573 4397 680 4435 DIE.
726 4411 797 4422 -
851 4397 1075 4439 Μτιιιε
1113 4400 1326 4442 SANCTE
1362 4400 1718 4444 FELICITATIS.

319 4495 549 4559 Prassta,
599 4509 928 4562 quaesumus,
971 4500 1308 4569 omnipotens
1362 4501 1516 4566 Deus,
1565 4512 1620 4556 ut
1673 4504 1827 4576 142

1849 1864 1902 1930 Β

1924 594 2068 639 mur.
2098 579 2217 634 Per.

1999 669 2171 736 Super
2201 668 2393 722 oblata.
2416 698 2486 708 —
2511 669 2730 734 Oblatis,
2759 682 3080 738 qumsumus,
3109 661 3354 738 Domine,
3379 686 3494 742 pta-

1925 774 2051 814 care
2081 761 2420 826 muneribus,
2449 763 2526 825 et,
2553 761 2914 826 intercedente
2963 763 3118 818 beato
3145 762 3496 836 Chrysogono

1925 859 2165 919 martyre
2197 861 2305 912 tuo,
2345 865 2374 903 a
2406 851 2608 908 cunctis
2641 867 2736 905 nos
2782 853 3008 908 defende
3049 857 3320 924 periculis.
3374 857 3496 915 Per.

2003 941 2276 1012 Praefatio.
2303 973 2374 985 —
2406 943 2541 1008 Vere
2566 944 2776 1012 dignum
2825 954 2878 998 et
2916 946 3115 1015 justum
3147 957 3249 1016 est,
3284 965 3490 1018 tequum

1931 1043 1982 1089 et
2005 1035 2260 1102 salutare,
2289 1051 2385 1112 nos
2410 1037 2498 1090 tibi
2526 1053 2736 1106 semper
2779 1048 2831 1092 et
2869 1040 3059 1110 ubique
3086 1031 3283 1111 gratias
3310 1058 3493 1111 agere,

1931 1127 2154 1182 Domine
2198 1139 2401 1196 sancte,
2457 1130 2613 1186 Pater
2661 1131 3016 1200 omnipotens,
3067 1146 3266 1204 aeterne
3313 1136 3494 1192 Deus:

1927 1222 2142 1290 quinos
2173 1220 2403 1282 assiduis
2451 1232 2739 1291 martyrum
2792 1227 3126 1298 passionibus
3175 1231 3493 1297 consolaris,

1932 1319 1984 1363 et
2013 1325 2198 1364 eorum
2229 1313 2540 1381 sanguinem
2572 1312 2964 1384 triumphalem,
2991 1333 3143 1390 quem
3179 1335 3273 1388 pro
3302 1321 3498 1392 profes-

1927 1401 2078 1454 sione
2107 1401 2338 1457 nominis
2370 1404 2440 1456 tni
2473 1403 2774 1460 inﬁdelibus
2824 1409 3099 1476 pra-buere
3146 1411 3491 1484 fumiendum,

1928 1492 1995 1545 ad
2029 1503 2235 1547 tuorum
2268 1495 2396 1550 facis
2426 1497 2682 1550 auxilium
2708 1500 2932 1564 transire
2956 1501 3216 1556 ﬁdelium.

1999 1584 2080 1637 Ad
2101 1584 2488 1654 Complendum.
2519 1619 2589 1628 —
2614 1589 2734 1659 Tui,
2761 1591 3000 1657 Domine,
3031 1596 3374 1666 perceptione
3413 1612 3502 1662 sn.

1928 1677 2212 1752 eramenti,
2265 1688 2315 1731 et
2362 1693 2391 1731 a
2442 1680 2641 1734 nostris
2698 1684 3016 1740 mundemur
3058 1686 3303 1760 occultis,
3350 1689 3500 1744 etab

1931 1767 2166 1824 hostium
2192 1769 2479 1826 liberemur
2508 1773 2736 1828 insidiis.
2781 1775 2898 1831 Per.

1932 1901 1990 1954 in
2030 1899 2180 1970 (505)
2209 1916 2480 1966 sapt-zonas
2520 1912 2831 1961 DECEHBRIS.
2857 1935 2929 1946 -—
2952 1922 3170 1965 uanus
3196 1923 3380 1966 SANCTI
3415 1926 3508 1996 μ

2464 1989 2676 2029 τυιιωκι
2695 1993 2973 2033 ιιΑιιτΥιιιε.

2003 2085 2169 2152 Deus,
2195 2087 2281 2156 qui
2305 2102 2402 2142 nos
2432 2088 2570 2143 beati
2595 2090 2864 2146 Saturnini
2888 2095 3136 2165 martyris
3157 2094 3228 2150 tui
3250 2097 3501 2152 concedis

1925 2177 2175 2231 natalitio
2205 2178 2425 2246 perfrui,
2460 2179 2575 2248 ejus
2629 2197 2728 2240 nos
2760 2186 2931 2241 tribue
2985 2187 3189 2242 meritis
3235 2188 3499 2256 adjuvari.

1925 2265 2032 2321 Per

2004 2357 2173 2425 Super
2196 2359 2385 2412 oblata.
2415 2390 2482 2436 -τ
2507 2362 2724 2420 Munera
2756 2367 2871 2429 tibi,
2903 2368 3149 2435 Domine,
3181 2371 3352 2426 dicata
3379 2387 3505 2428 san-

1923 2451 2140 2512 ctiﬁca;
2177 2463 2261 2516 et,
2316 2438 2682 2513 intercedente
2739 2460 2892 2514 beato
2932 2462 3224 2518 Saturnino
3269 2476 3502 2536 martyre

1931 2551 2042 2605 tuo,
2075 2559 2168 2612 per
2197 2545 2382 2600 eadem
2427 2562 2524 2602 nos
2554 2549 2790 2618 placatus
2819 2553 3056 2610 intende.
3091 2557 3191 2611 Per
3219 2560 3500 2614 Dominum

1929 2643 2198 2693 nostrum.

1999 2729 2082 2784 Ad
2111 2729 2499 2800 Compleudum.
2523 2764 2591 2775 —
2617 2736 2918 2793 Sanctiﬁcet
2944 2755 3060 2820 nos,
3095 2741 3501 2814 Domine,qua:-

1931 2832 2142 2883 sumus,
2178 2824 2253 2876 tui
2309 2827 2576 2893 perceptio
2623 2836 2962 2893 sacramenti,
3016 2841 3070 2887 et
3114 2833 3504 2892 intercessione

1927 2923 2238 2969 sanctorum
2267 2915 2362 2969 tibi
2387 2917 2577 2973 reddat
2605 2931 2874 2991 acceptos.
2909 2923 3031 2978 Per.

2133 3039 2306 3080 EODEI
2345 3042 2454 3082 DIE.
2495 3057 2564 3070 --
2600 3045 2794 3086 νιοιιη
2834 3047 3019 3088 SANCTI
3058 3050 3298 3092 uouere.

2003 3125 2341 3195 Qumsumns,
2373 3133 2710 3201 omnipotens
2741 3136 2879 3190 Deus
2904 3177 2918 3201 ,
2958 3146 3016 3192 ut
3048 3138 3233 3194 beatus
3268 3140 3508 3201 Andreas

1934 3221 2208 3288 apostolus
2243 3233 2387 3276 tuum
2421 3225 2570 3280 nobis
2602 3226 2846 3295 imploret
2885 3230 3163 3298 auxilium,
3211 3243 3286 3297 ut,
3335 3249 3361 3285 a
3412 3250 3504 3291 uo-

1930 3314 2058 3365 stris
2110 3314 2347 3370 reatibns
2402 3318 2658 3382 absoluti,
2715 3335 2744 3372 a
2799 3325 3005 3379 eunetis
3057 3326 3212 3380 etiam
3257 3328 3503 3382 articulis

1928 3417 2214 3458 exuamur.
2248 3405 2348 3459 Per
2375 3407 2652 3463 Dominum
2683 3423 2943 3468 nostrum.

2007 3497 2162 3567 143
2193 3498 2362 3569 Super
2383 3501 2575 3558 oblata.
2602 3532 2672 3542 —
2701 3505 2852 3577 (3.04)
2886 3507 3209 3564 Sacrandum
3244 3510 3356 3578 tibi,
3398 3512 3504 3568 Do-

1932 3591 2096 3657 mine,
2132 3606 2323 3646 munus
2352 3592 2648 3661 offerimus,
2672 3613 2797 3665 quo,
2829 3600 2964 3654 beati
2993 3599 3220 3658 Andreae
3243 3605 3500 3659 solemnia

1931 3682 2249 3747 recolentes,
2286 3686 2714 3752 puriﬁcationem
2757 3705 2968 3763 quoque
2995 3697 3189 3748 nostris
3234 3698 3503 3752 mentibus

1929 3772 2001 3825 im
2009 3774 2301 3840 ploramus.
2336 3775 2456 3830 Per.

2005 3864 2277 3933 Prwfatio.
2301 3895 2371 3908 —
2398 3867 2539 3923 Vere
2574 3871 2790 3940 dignum
2843 3882 2898 3926 et
2920 3876 3123 3941 justum
3160 3886 3262 3942 est,
3293 3892 3500 3947 teququ

1929 3964 1985 4010 et
2011 3957 2264 4026 salutare,
2303 3973 2399 4014 nos
2422 3961 2514 4014 tibi
2541 3977 2755 4031 semper
2789 3976 2841 4018 et
2875 3953 3067 4035 ubique
3096 3969 3290 4037 gratias
3318 3986 3494 4040 agere,

1929 4050 2159 4107 Domine
2189 4061 2392 4119 sancte,
2425 4055 2581 4110 Pater
2611 4057 2981 4130 omnipotens,
3015 4069 3212 4116 :rterne
3245 4062 3379 4115 Dens
3406 4081 3420 4117 :
3449 4074 3503 4120 et

1931 4144 2086 4218 (505)
2113 4146 2443 4216 Majcstatem
2474 4156 2615 4203 tuam
2662 4151 2972 4220 suppliritcr
3016 4168 3271 4220 exorare;
3320 4166 3374 4209 ut
3412 4158 3500 4226 qui

1931 4235 2074 4291 beati
2119 4239 2349 4292 Andreae
2383 4241 2611 4308 apostoli
2666 4240 2859 4296 festum
2915 4245 3238 4300 solemnibus
3288 4247 3502 4316 jejuniis

1931 4337 1985 4382 et
2005 4329 2212 4382 devotis
2234 4333 2589 4399 praevenimus
2607 4334 2976 4400 ofﬁciis,‘illitrs
2996 4337 3135 4406 apud
3170 4337 3496 4406 Majestatem

1931 4428 2097 4486 tuam,
2128 4431 2181 4476 et
2208 4422 2522 4492 atljovemur
2548 4427 2772 4494 meritis,
2801 4439 2853 4485 et
2880 4430 3201 4486 instruamur
3219 4433 3496 4501 exemplis.

1932 4511 2034 4567 Per
2059 4512 2348 4568 Christum.
2959 4523 3066 4566 μιν.

251 4587 413 4643 beatae
448 4587 744 4641 Felicitatis
767 4592 1018 4658 martyris
1055 4600 1158 4644 tua-
1187 4593 1443 4647 solemnia
1482 4609 1828 4653 recensentes
1856 4607 1906 4666 ι)
2004 4603 2083 4656 Ad
2135 4604 2524 4675 Complendum.
2563 4638 2634 4648 —
2675 4608 2978 4677 Perceptis,
3029 4612 3266 4680 Domine,
3316 4628 3499 4670 sacra-

253 4679 450 4732 meritis
481 4679 652 4747 ipsius
681 4687 1018 4748 protegantur
1048 4691 1100 4734 et
1123 4682 1391 4750 precibus.
1423 4685 1544 4738 Per.

319 4769 491 4842 Super
517 4770 711 4824 oblata.
744 4800 815 4810 —
847 4771 1068 4840 Suscipe
1117 4783 1238 4826 vota
1285 4783 1517 4844 tuorum,
1578 4776 1821 4842 Domine,

252 4861 596 4929 famulorum,
650 4870 703 4916 et
751 4862 988 4918 oblatum
1042 4863 1132 4918 tibi
1177 4880 1272 4936 pro
1315 4870 1826 4932 commemoratione

253 4953 415 5010 beata:
445 4954 745 5009 Felicitatis
773 4955 980 5022 paciﬁci
1032 4955 1296 5012 libaminis
1335 4959 1654 5016 sacriﬁcium
1701 4977 1826 5032 pro-

251 5046 465 5115 pitiatus
488 5046 726 5100 intende.
761 5046 880 5101 Per.

319 5139 398 5190 Ad
427 5137 818 5205 Complendum.
849 5164 921 5178 οι-
951 5137 1229 5208 Supplices
1255 5147 1311 5196 te
1339 5155 1608 5211 rogamus,
1644 5144 1826 5198 omni-

255 5239 434 5294 potens
468 5231 629 5293 Deus,
662 5239 738 5295 ut,
763 5229 1234 5286 intervenientibus
1255 5234 1456 5290 sanctis
1481 5234 1605 5302 tuis,
1634 5245 1689 5290 et
1737 5247 1823 5291 tua

258 5315 306 5369 in
335 5319 488 5373 nobis
515 5319 658 5374 dona
681 5321 1022 5390 multiplices,
1057 5333 1110 5378 et
1149 5332 1386 5394 tempora
1420 5339 1599 5383 nostra
1637 5328 1822 5399 dispo-

258 5426 365 5467 nas.
393 5414 514 5469 Per.

257 5537 345 5578 ῑιιι
381 5540 652 5580 KALENDAB
690 5540 1000 5581 υεοεκωιῐς.
1032 5543 1344 5600 -ΝΑτΑιιε
1380 5544 1564 5587 ευπετι
1605 5547 1820 5590 CHRYSO-

806 5611 929 5652 GONI
977 5615 1250 5653 IARTYRIS.

322 5712 543 5780 Adesto,
581 5710 828 5776 Domine,
858 5712 1331 5782 supplicationibus
1365 5717 1580 5782 nostris,
1615 5726 1691 5782 ut,
1729 5701 1821 5787 qui

264 5815 325 5856 ex
379 5805 660 5875 iniquitate
697 5815 881 5860 nostra
923 5820 1044 5860 reos
1097 5822 1193 5862 nos
1248 5820 1371 5865 esse
1409 5810 1818 5879 cognoscimus,

1929 4697 2145 4762 mentis,
2174 4699 2488 4766 suppliciter
2507 4714 2812 4766 exoramus,
2841 4711 2915 4764 ut,
2952 4704 3313 4761 intercedente
3343 4707 3500 4764 beato

1928 4787 2141 4844 Andrea
2174 4792 2414 4858 apostolo
2449 4800 2556 4855 tuo,
2588 4808 2708 4862 quge
2761 4809 2853 4861 pro
2883 4795 3024 4850 illius
3058 4797 3360 4854 veneranda
3399 4814 3498 4870 ge-

1929 4879 2100 4935 rimus
2130 4882 2396 4948 passione,
2422 4884 2574 4937 nobis
2607 4885 2884 4951 proﬁciant
2911 4887 2976 4939 ad
2999 4887 3281 4943 medelam.
3307 4889 3425 4945 Per.

2002 4971 2140 5027 Alia.
2171 5002 2241 5013 —-
2271 4975 2445 5034 Tnere
2475 4976 2589 5039 nos,
2640 4978 2946 5037 misericors
2975 4981 3134 5047 Dens,
3189 4991 3242 5037 et
3271 4986 3500 5042 Andreae

1931 5064 2157 5130 apostoli
2188 5065 2282 5129 tui,
2305 5066 2456 5134 cujus
2488 5067 2721 5122 natalitia
2755 5057 3129 5139 prtevenimus,
3163 5089 3373 5145 semper
3405 5093 3501 5146 gu-

1929 5151 2095 5206 berna
2120 5154 2405 5220 prresidiis.
2434 5154 2539 5211 Per
2572 5158 2848 5214 Dominum
2882 5170 3149 5223 nostrtun.

1998 5245 2080 5297 Ad
2108 5243 2373 5316 Vesperos.
2403 5275 2474 5287 —
2502 5248 2729 5319 Adjuvet
2760 5250 3050 5312 Ecclesium
3082 5261 3222 5307 tuam
3248 5249 3362 5318 ﬂbi,
3394 5253 3500 5308 Do-

1929 5334 2095 5400 mine,
2138 5337 2506 5408 supplicando,
2565 5340 2753 5396 beatus
2803 5345 3044 5401 Andreas
3093 5346 3388 5417 apostolus,
3443 5346 3498 5404 o’.

1931 5429 2048 5497 pius
2076 5429 2403 5486 interventor
2431 5432 2724 5506 efﬁciatur,
2765 5439 2856 5508 qui
2905 5441 2980 5512 tui
3032 5456 3260 5502 nummis
3287 5443 3494 5502 exstitit

1929 5524 2264 5591 praedicator.
2302 5526 2402 5581 Per
2424 5528 2722 5585 Dominum.

2001 5616 2080 5668 Ad
2111 5616 2408 5673 Matutinus.
2442 5650 2506 5662 —-
2541 5623 2696 5689 Deus,
2721 5627 2811 5694 qui
2859 5641 2917 5680 es
2945 5635 3246 5686 sanctorum
3281 5636 3486 5686 tuorum

1928 5714 2180 5782 splendor
2227 5717 2503 5793 mirabiﬁ,
2528 5723 2721 5790 quique
2749 5722 2887 5776 hunc
2912 5723 3050 5776 diem
3081 5722 3219 5776 beati
3262 5725 3488 5783 Audreze

1931 5813 2184 5880 martyrio
2205 5816 2546 5878 consecrasti,
2575 5816 2636 5869 da
2670 5816 2917 5872 Ecclesia:
2960 5825 3058 5870 tute
3087 5815 3152 5871 de
3179 5817 3295 5886 ejus
3341 5829 3485 5875 nata-
