4064 6350
570 391 664 445 151

1784 378 2025 437 SANCTI
2061 376 2384 435 GREGORII
2421 377 2635 435 MAGNI

3729 379 3827 437 152

567 509 683 563 litio
711 520 925 577 semper
969 504 1224 575 gaudere,
1273 509 1329 557 ut
1356 499 1495 572 apud
1537 496 1957 555 misericordiam
2006 503 2149 550 tuam
2176 494 2229 555 Α
2254 492 2424 550 beatae
2451 495 2627 550 Luciae
2658 495 2940 551 festivitate
2967 495 3283 566 gaudemus,
3308 493 3383 550 ita
3405 493 3506 566 pia:
3527 494 3825 554 devotionis

567 604 832 674 exemplis
859 603 975 672 ejus
1006 610 1347 671 protegantur
1374 606 1428 655 et
1456 595 1682 652 meritis.
1706 593 1828 649 Per.

566 733 744 776 PRIDIE
802 731 1073 774 KALENDAS
1139 727 1449 770 DECEMBRIS.
1506 739 1576 752 --
1625 723 1836 763 NATALE
1888 715 1915 744 ⁸
1962 720 2147 761 SANCTI

1238 799 1483 839 ANDREE.

640 881 971 949 Majestatem
1004 887 1151 932 tuam
1194 876 1482 944 supplices,
1530 871 1795 937 Domine,
1841 883 2144 934 exoramus,

568 982 627 1028 ut
658 974 793 1027 sicut
824 970 1083 1026 Ecclesia
1112 979 1214 1024 tuac
1258 968 1445 1022 beatus
1469 964 1711 1020 Andreas
1759 963 2029 1033 apostolus
2057 976 2151 1016 ex-

567 1066 705 1122 stitit
729 1065 1046 1135 prccdicator
1069 1072 1124 1117 et
1162 1070 1358 1125 rector,
1399 1058 1472 1113 ita
1499 1056 1639 1128 apud
1681 1066 1733 1112 te
1782 1058 1969 1125 sitpro
1997 1053 2150 1110 nobis

566 1167 857 1229 perpetuus
887 1160 1228 1212 intercessor.
1264 1152 1385 1209 Per.

640 1251 811 1320 Super
828 1251 1019 1305 oblata.
1049 1279 1117 1288 —
1144 1245 1470 1301 Sacriﬁcium
1496 1252 1736 1299 nostrum
1763 1242 1877 1309 tibi,
1906 1242 2147 1310 Domine,

570 1357 900 1412 quaesumus,
926 1340 1068 1396 beati
1088 1339 1317 1394 Andreae
1349 1340 1581 1408 precatio
1630 1345 1812 1391 sancta
1868 1335 2140 1403 conciliet,

569 1446 629 1490 ut
648 1438 799 1505 cujus
818 1439 1023 1491 honore
1069 1432 1383 1489 solemniter
1411 1430 1696 1486 exhibetur
1717 1428 1923 1485 meritis
1952 1428 2153 1483 efﬁcia-

568 1537 655 1582 tur
682 1536 979 1594 acceptum.
1011 1526 1112 1580 l’er
1136 1524 1422 1579 Dominum
1455 1532 1718 1577 nostrmn.
1864 1509 1867 1512 ⁴

637 1617 912 1687 Prwfatio.
936 1646 1006 1656 --
1029 1616 1170 1671 Vere
1189 1617 1405 1685 dignum
1428 1625 1481 1670 et
1500 1614 1700 1684 justum
1731 1622 1833 1678 est,
1868 1627 2075 1682 aequum
2098 1621 2154 1665 et

570 1712 838 1779 salutare,
886 1726 984 1765 nos
1038 1710 1132 1764 tibi
1173 1725 1386 1780 semper
1428 1720 1482 1764 et
1508 1708 1703 1779 ubique
1744 1708 1938 1776 gratias
1972 1722 2149 1775 agere,

566 1802 789 1859 Domine
836 1814 1039 1867 sancte,
1094 1802 1253 1858 Pater
1301 1802 1661 1870 omnipotens,
1712 1809 1913 1855 aeterne
1973 1799 2148 1854 Deus:

2251 587 2559 642 erudiamur
2585 586 2797 642 effectu.
2830 586 2952 642 Per.

2324 680 2493 752 Super
2519 680 2713 735 oblata.
2743 710 2813 721 --
2851 680 3193 745 Quzesumus,
3237 678 3495 732 virtutum
3527 679 3827 738 caelestium

2253 772 2413 837 Deus,
2448 781 2504 826 ut
2524 772 2785 827 sacriﬁcia
2814 785 2913 841 pro
2936 781 3134 825 sancta:
3164 779 3268 824 tuae
3291 769 3467 825 Lucite
3488 772 3829 830 solemnitate

2252 865 2423 921 delata
2454 866 2775 921 desiderium
2797 879 2893 920 nos
2926 864 3216 934 temporale
3236 862 3463 920 doceant
3487 866 3690 922 habere
3709 880 3833 921 con-

2254 967 2537 1026 temptum,
2569 966 2624 1014 et
2651 955 2857 1012 ambire
2882 957 3022 1012 dona
3064 956 3263 1012 faciant
3285 952 3833 1030 cmlestium'gaudio-

2253 1064 2391 1104 rum.
2430 1050 2550 1104 Per.

2329 1142 2406 1196 Ad
2438 1137 2828 1211 Complendum.
2858 1171 2929 1187 ——
2950 1142 3102 1208 Laeti,
3126 1140 3372 1210 Domine,
3403 1145 3731 1221 sumpsimus
3756 1158 3835 1200 sa-

2252 1247 2524 1293 cramenta
2555 1236 2810 1301 cmlestia,
2841 1251 2979 1305 quae,
3014 1236 3375 1291 intercedente
3404 1251 3501 1306 pro
3531 1237 3685 1292 nobis
3708 1236 3833 1292 bea-

2255 1340 2306 1386 ta
2329 1330 2489 1386 Lucia
2520 1317 2754 1402 riiartyre
2791 1339 2897 1395 tua,
2924 1328 2990 1383 ad
3016 1330 3179 1384 vitam
3205 1328 3359 1384 nobis
3389 1328 3673 1400 proficiant
3698 1345 3836 1385 sem-

2254 1426 2538 1495 piternam.
2567 1422 2671 1479 Per
2703 1422 3005 1477 Dominum.

2327 1517 2462 1570 Alia.
2523 1546 2592 1556 —
2636 1515 2954 1571 Intercessio
3010 1530 3143 1583 nos,
3204 1515 3467 1581 Domine,
3509 1530 3837 1585 quaesumus,

2255 1618 2458 1662 saneta:
2488 1608 2663 1662 Lucize
2688 1608 2936 1679 martyris
2967 1615 3071 1663 tute
3100 1609 3277 1663 votiva
3306 1607 3609 1674 confoveat,
3638 1615 3698 1663 ut
3728 1609 3842 1679 ejus

2256 1710 2464 1756 sacrata
2494 1701 2735 1755 natalitia
2796 1709 2850 1756 et
2903 1700 3269 1770 temporaliter
3312 1700 3734 1768 frequentemus,
3790 1707 3843 1756 et

2257 1793 2649 1862 conspiciam'us
2670 1804 2895 1848 aeterna.
2918 1792 3022 1847 Per
3053 1793 3336 1847 Dominum
3365 1800 3629 1848 nostrum.

564 1893 991 1964 (506)quoniam
1018 1896 1169 1951 adest
1190 1896 1344 1950 nobis
1374 1895 1487 1950 dies
1516 1893 1777 1963 magnifici
1804 1892 1977 1947 votiva
2007 1907 2149 1962 mys-
2178 1888 2224 1947 Β
2253 1902 2331 1943 xn
2376 1888 2647 1944 Kansnoas
2694 1902 2956 1942 JANUARII.
3000 1916 3068 1926 —
3108 1902 3328 1941 manus
3386 1896 3409 1925 ο
3461 1900 3649 1941 SANCTI
3706 1899 3843 1940 'ruo-

566 1988 688 2043 terii
717 2004 821 2058 qua
852 1990 1185 2044 venerandus
1234 1989 1473 2043 Andreas
1516 1988 1789 2058 apostolus
1831 2001 2143 2056 germanum

566 2095 626 2134 se
651 2080 870 2149 gloriosi
899 2080 1127 2150 apostoli
1152 2080 1226 2135 tui
1256 2079 1397 2135 Petri
1422 2088 1529 2135 tam
1555 2078 1934 2147 praedicatione
1954 2075 2154 2131 Christi

566 2183 644 2227 tut
671 2190 831 2244 quam
856 2176 1263 2229 conversatione
1294 2175 1634 2240 monstravit,
1673 2184 1729 2227 ut
1759 2172 1809 2226 id
1840 2170 1868 2209 ι)
1904 2169 2046 2240 quod
2093 2168 2157 2223 li-

564 2261 697 2317 hera
722 2264 1105 2330 prazdicaverat
1133 2280 1267 2319 voce
1298 2264 1446 2334 (507)
1480 2278 1579 2318 nec.
1611 2263 1850 2332 pendens
1887 2260 2152 2332 1441³-

569 2364 718 2409 ceret
748 2355 801 2410 in
848 2371 1028 2424 cruce,
1077 2361 1473 2425 Auctoremque
1506 2357 1629 2409 vita:
1662 2355 1908 2423 perennis
1950 2364 2054 2405 tam
2101 2351 2156 2406 in

569 2447 673 2499 hac
699 2450 805 2500 vita
834 2448 983 2515 sequi
1006 2462 1164 2516 quam
1197 2448 1250 2501 in
1275 2447 1463 2500 mortis
1487 2461 1683 2516 genere
1707 2443 1900 2499 meruit
1930 2442 2151 2507 imitari,

568 2546 651 2597 ut,
679 2538 830 2607 cujus
855 2549 1123 2607 prmeepto
1178 2549 1389 2594 terrena
1418 2539 1472 2593 in
1501 2540 1791 2603 semetipso
1816 2535 2157 2591 cruciﬁxerat

566 2628 881 2696 desideria,
940 2630 1058 2699 ejus
1109 2632 1359 2697 exemplo
1404 2630 1519 2699 ipse
1585 2629 1820 2698 patibulo
1875 2628 2151 2696 ﬁgeretur.

567 2718 795 2788 Utrique
821 2719 980 2790 igitur
1009 2721 1247 2790 germani
1277 2721 1592 2789 piscatores,
1623 2719 1782 2774 ambo
1835 2733 1995 2774 cruce
2047 2720 2155 2774 ele-

568 2822 766 2867 vantur
796 2813 862 2867 ad
883 2813 1099 2870 ccelum.
1134 2822 1192 2867 ut
1220 2826 1353 2881 quos
1382 2812 1435 2867 in
1470 2812 1627 2882 hujus
1656 2815 1779 2866 vitae
1798 2827 1955 2864 cursu
1984 2810 2154 2880 gratia

564 2914 653 2958 tua
681 2914 756 2957 tot
787 2905 1016 2961 vinculis
1049 2906 1258 2974 pictatis
1302 2905 1707 2970 obstrinxerat,
1741 2904 2156 2973 hos_immarce-

564 2995 770 3050 scibilis
794 2997 843 3050 in
876 3013 1045 3069 regno
1072 2998 1333 3053 ccelorum
1364 3005 1606 3053 necteret
1626 3010 1846 3050 corona.
1874 2995 1939 3049 Et
1966 2995 2156 3064 quibus

565 3099 682 3143 erat
705 3105 805 3144 una
840 3105 1000 3144 causa
1032 3091 1365 3155 certaminis,
1424 3106 1527 3144 una
1580 3089 1861 3144 retributio
1912 3097 2059 3143 esset
2100 3094 2157 3143 et

563 3182 794 3247 prmmii.
827 3182 926 3234 l’er
956 3196 1112 3249 quem
1143 3182 1469 3249 Majestatem
1505 3191 1665 3233 tuam.

638 3272 1047 3328 Benedictionem
1069 3274 1283 3343 require,
1317 3273 1466 3343 (508)
1500 3275 1553 3326 in
1578 3274 1757 3326 natali.

636 3363 716 3414 Ad
748 3361 1135 3428 Complendum.
1168 3392 1237 3407 -ι-
1287 3364 1642 3431 Sumpsimus,
1676 3364 1932 3428 Domine,
1970 3363 2153 3420 divina

566 3457 843 3524 mysteria,
876 3457 1019 3511 beati
1050 3458 1276 3512 Andrea:
1301 3457 1588 3511 festivitate
1608 3458 1869 3522 lactantes,
1904 3474 2019 3527 qua:
2050 3462 2154 3512 sic-

565 3556 623 3601 ut
675 3551 777 3602 tuis
816 3551 1014 3603 sanctis
1045 3550 1109 3603 ad
1138 3549 1382 3619 gloriam,
1418 3550 1487 3603 ita
1520 3549 1691 3613 nobis,
1726 3566 2055 3619 queesumus,
2085 3550 2151 3605 ad

565 3642 775 3695 veniam
811 3644 1067 3709 prodesse
1097 3644 1357 3709 perﬁcias.
1386 3644 1489 3698 Per
1527 3643 1832 3698 Dominum.

635 3734 715 3785 Ad
777 3732 1044 3803 Vesperos.
1099 3764 1169 3776 —
1218 3736 1291 3789 Da
1348 3735 1521 3800 nobis,
1555 3750 1882 3805 quaesumus,
1930 3736 2153 3790 Domine

566 3823 708 3879 Deus
739 3833 940 3890 noster,
974 3826 1117 3881 beati
1150 3829 1378 3896 apostoli
1419 3828 1495 3882 tui
1544 3828 1775 3885 Andreae
1806 3830 2151 3884 intercessio-

567 3917 725 3970 nibus
757 3918 1046 3986 sublcvari,
1080 3930 1137 3973 ut
1166 3920 1318 3991 (509)
1350 3936 1445 3990 per
1474 3937 1607 3990 quos
1635 3920 1890 3977 Ecclesiae
1922 3932 2030 3977 tua:
2062 3938 2153 3977 su-

565 4010 718 4077 perni
771 4013 1010 4066 muneris
1041 4012 1345 4068 rudimenta
1377 4013 1615 4077 donasti,
1664 4029 1761 4081 per
1790 4029 1887 4069 eos
1914 4016 2147 4073 subsidia

566 4111 840 4168 perpetuae
870 4104 1062 4157 salutis
1089 4104 1389 4173 impendas.
1436 4106 1541 4159 Per
1573 4107 1852 4159 Dominum
1884 4116 2146 4162 nostrum.

639 4194 778 4247 Alia.
837 4222 905 4234 ——
956 4196 1186 4261 Exaudi,
1243 4198 1489 4264 Domine,
1536 4200 1786 4268 populum
1840 4210 1985 4254 tuum
2029 4217 2151 4257 cum

565 4285 739 4338 sancti
767 4287 994 4353 apostoli
1026 4288 1099 4339 tui
1127 4287 1356 4341 Andreae
1401 4290 1697 4353 patrocinio
1742 4294 2149 4361 supplicantem,

567 4388 626 4434 ut
664 4388 756 4435 tuo
785 4394 998 4448 semper
1026 4380 1223 4434 auxilio
1274 4395 1459 4436 secura
1514 4385 1608 4436 tibi
1664 4386 1828 4449 possit
1868 4387 2153 4445 devotione

564 4472 789 4526 servire.
824 4469 943 4524 Pcr.

564 4578 732 4619 IDJBUS
760 4579 1072 4620 DECEHBRIS.
1104 4596 1173 4605 --
1202 4580 1424 4621 NATALIS
1446 4582 1662 4623 εΑΝετιε
1702 4585 1875 4626 ωριτε
1902 4588 2146 4630 VIRGINIS.

637 4655 844 4711 Exaudi
876 4672 994 4723 nos,
1048 4657 1188 4713 Deus
1237 4657 1485 4712 salutaris
1534 4670 1739 4729 noster,
1793 4674 1849 4717 ut
1895 4666 2036 4721 sicut
2080 4667 2148 4722 de

640 4800 665 4826 τι
697 4793 751 4867 In
784 4794 1008 4849 Kalend.
1040 4793 1195 4848 Rom.
1239 4796 1600 4863 praascribitur
1660 4798 1911 4867 Evangel.
1954 4801 2149 4854 Ambu-
2178 4805 2227 4864 D

565 4864 676 4916 laus
702 4863 737 4917 J
742 4882 853 4919 esus
872 4869 1025 4935 juxta
1046 4882 1204 4930 mare,
1252 4869 1303 4920 in
1331 4867 1471 4935 quod
1505 4867 1724 4923 homilia
1752 4870 1785 4924 5
1813 4863 1983 4925 sancti
2015 4872 2148 4926 Gre-

564 4935 698 5003 gorii
732 4937 924 5003 legitur
956 4936 1153 4991 habita.

637 5001 664 5039 1’
699 5001 888 5059 lix—his
917 5007 1331 5061 corroborantur
1358 5020 1474 5063 acta
1506 5012 1673 5064 sancti
1702 5011 1931 5065 Andreae
1958 5012 2145 5077 proba-

566 5084 889 5149 turquenun
912 5078 980 5130 ita
1016 5091 1284 5133 recentem
1308 5080 1472 5133 fuisse
1495 5096 1676 5134 eorum
1704 5083 2143 5149 publicationem.

646 5158 666 5183 ε
693 5147 835 5200 Nihil
870 5149 1094 5222 habetur
1116 5152 1181 5204 de
1210 5160 1397 5204 sancto
1427 5151 1629 5203 Thema
1674 5147 1723 5205 in
1772 5152 1967 5207 Codice
2009 5153 2140 5222 Reg.

564 5217 1079 5293 Suec.,in_Calensi,
1116 5233 1169 5275 et
1193 5223 1243 5275 in
1268 5222 1501 5293 halent}.
1538 5222 1717 5288 Rom.,
1753 5223 1835 5276 ubi
1867 5217 2143 5293 assignan-

508 5318 511 5323 ι
566 5299 649 5341 tur
678 5301 791 5354 post
824 5291 1011 5344 festum
1036 5304 1236 5345 sancta:
1265 5292 1441 5346 Luciae
1464 5303 1681 5354 quatuor
1713 5291 1998 5346 Dominicai
2024 5306 2141 5350 ante

568 5358 754 5411 Natale
786 5360 1014 5415 Domini.
1049 5364 1201 5431 Apud
1251 5363 1571 5426 Patuelium,
1625 5366 1992 5419 consentiente
2040 5367 2136 5419 Ms.

562 5431 798 5494 Calensi,
824 5433 1014 5501 legitur
1042 5453 1053 5485 :
1102 5434 1175 5485 De
1206 5434 1429 5484 adventu
1453 5434 1678 5494 Domini,
1714 5434 1978 5488 Dominica
2010 5439 2056 5499 l,
2086 5448 2141 5491 et

508 5506 511 5509 ’
562 5514 954 5569 eonseqttenter
985 5502 1259 5557 Dominica
1305 5502 1373 5570 9.,
1426 5515 1527 5557 etc.
1582 5504 1704 5558 Post
1748 5506 2036 5560 Sabhatum
2086 5510 2139 5562 in

562 5571 832 5625 duodecim
864 5576 1179 5631 lectionibus.
1214 5588 1304 5627 seu
1356 5584 1580 5641 quatuor
1634 5586 1819 5641 temp.,
1870 5580 2008 5644 apud
2036 5579 2137 5632 Pa-

564 5645 781 5696 mclium
828 5646 1082 5699 inseritur
1128 5644 1360 5714 officium
1418 5645 1484 5697 de
1534 5656 1717 5697 sancto
1771 5648 1992 5714 'l'ltoma,
2045 5650 2137 5703 sed

566 5713 700 5766 intra
726 5716 947 5769 uncinos
977 5712 1466 5783 comprehenditur.
1505 5716 1575 5768 De
1606 5716 1892 5773 Dominicis
1922 5712 2137 5775 Adven-

565 5793 648 5858 tus
681 5786 812 5858 intra
839 5786 1062 5858 habetur
1103 5784 1341 5858 ofﬁciunt
1398 5786 1450 5838 in
1489 5787 1584 5840 Ed.
1633 5792 1821 5858 Augeli
1854 5790 2040 5848 “occa:
2085 5801 2139 5847 et

565 5855 619 5912 in
649 5855 819 5911 altera
849 5856 1082 5926 ilugonis
1100 5856 1359 5927 Menardi,
1392 5873 1548 5928 quam
1574 5855 1864 5929 sequimur.

2844 1974 2932 2013 ME
2972 1972 3241 2013 APOSTOLI.

2332 2054 2406 2108 Da
2430 2052 2607 2119 nobis,
2647 2066 2973 2121 quaesumus,
3009 2051 3256 2116 Domine,
3310 2049 3451 2104 beati
3504 2049 3733 2118 apostoli
3765 2058 3840 2105 tut

2258 2145 2481 2202 Thomze
2510 2143 2937 2199 solemnitatibus
2958 2141 3202 2211 gloriari,
3221 2149 3279 2195 ut
3303 2140 3423 2211 ejus
3443 2155 3658 2211 semper
3688 2141 3845 2213 145

2258 2249 2312 2295 et
2342 2236 2655 2308 patrociniis
2704 2235 3070 2303 sublevemur,
3102 2242 3157 2290 ct
3185 2232 3347 2289 ﬁdem
3392 2246 3631 2303 congrua
3681 2233 3847 2289 devo-

2258 2331 2405 2385 tione
2436 2338 2725 2384 sectemur.
2756 2327 2882 2383 Per.

2328 2423 2499 2493 Super
2518 2421 2712 2475 oblata.
2733 2449 2804 2461 —
2834 2420 3101 2485 Debitum,
3135 2418 3378 2484 Domine,
3411 2426 3612 2473 nostra:
3660 2417 3844 2474 reddi-

2259 2529 2379 2568 mus
2426 2510 2718 2578 servitutis,
2768 2511 3078 2582 suppliciter
3126 2522 3434 2578 exorantes,
3478 2521 3537 2565 ut
3580 2511 3849 2581 suffragiis

2258 2603 2399 2659 beati
2451 2604 2670 2657 Thomas
2710 2601 2938 2670 apostoli
2968 2602 3020 2656 in
3050 2600 3203 2656 nobis
3235 2611 3323 2655 tua
3370 2616 3589 2655 munera
3626 2602 3849 2671 tuearis,

2259 2695 2411 2765 cujus
2457 2693 2774 2750 honorando
2812 2692 3227 2758 confessionem,
3280 2691 3451 2747 laudis
3502 2692 3597 2746 tibi
3641 2692 3847 2747 hostias

2262 2787 2622 2844 immolemus.
2657 2785 2758 2839 Per
2788 2784 3072 2839 Dominum
3104 2791 3366 2837 nostrum.

2335 2878 2602 2950 Prwfatio.
2633 2906 2704 2919 —-
2736 2877 2874 2932 Vere
2905 2877 3120 2945 dignum
3151 2886 3205 2931 et
3229 2875 3430 2946 justum
3479 2884 3581 2940 est,
3633 2891 3850 2945 {equum

2261 2983 2314 3030 et
2340 2975 2594 3041 salutare,
2642 2988 2739 3028 nos
2778 2970 2871 3026 tibi
2910 2984 3125 3038 semper
3152 2977 3205 3023 et
3232 2969 3428 3037 ubique
3446 2966 3643 3036 gratias
3664 2958 3872 3036 agere,‘

2261 3066 2485 3121 Domine
2527 3074 2731 3130 sancte,
2781 3063 2940 3117 Pater
2974 3061 3345 3129 omnipotens,
3404 3067 3605 3114 teterue
3653 3060 3848 3113 Deus:

2261 3163 2355 3231 qui
2385 3162 2679 3216 Ecclesiam
2708 3168 2853 3213 tuam
2885 3161 2935 3212 in
2964 3156 3269 3227 apostolicis
3296 3155 3523 3211 tribuisti
3551 3157 3851 3213 consistere

2183 3264 2233 3327 ο
2261 3256 2642 3319 fundamentis,
2676 3254 2743 3310 de
2767 3268 2994 3323 quorum
3039 3250 3268 3322 collegio
3294 3250 3434 3305 beati
3467 3249 3688 3305 Thomaa
3718 3264 3851 3318 apo-

2258 3350 2384 3405 stoli
2414 3351 2488 3404 tui
2524 3349 2784 3403 solemnia
2814 3346 3169 3407 celebrantes,
3202 3352 3312 3408 tua,
3354 3341 3597 3407 Domine,
3642 3356 3851 3413 praeco-

2262 3442 2347 3496 nia
2381 3456 2485 3495 non
2519 3452 2807 3494 taceamus.
2842 3438 2941 3493 Per
2966 3436 3253 3490 Dominum
3285 3445 3547 3489 nostrum.

2333 3534 2397 3588 R.
2422 3534 2485 3598 ρ.
2518 3531 2717 3586 Bened.
2741 3531 2798 3585 in
2823 3529 3007 3583 natali.

2329 3627 2409 3681 Ad
2442 3624 2828 3697 Complendum.
2858 3652 2927 3663 —
2956 3620 3247 3685 Conserva,
3300 3620 3543 3685 Domine,
3588 3618 3851 3689 populum

2265 3730 2435 3786 tuum,
2469 3729 2523 3773 et
2545 3732 2701 3787 quem
2735 3723 3043 3770 sanctorum
3077 3725 3286 3767 tuorum
3324 3711 3581 3782 praesidiis
3619 3726 3725 3765 non
3755 3710 3852 3766 de-

2259 3815 2393 3870 sinis
2434 3812 2709 3883 adjuvare,
2765 3809 3034 3880 perpetuis
3078 3807 3254 3863 tribue
3300 3806 3533 3877 gaudere
3570 3804 3851 3861 remediis.

2260 3907 2382 3963 Per.

2332 4009 2503 4078 Super
2533 4005 2996 4079 populum—Da,
3025 4017 3348 4075 quaesumus,
3375 4000 3619 4069 Domine,
3649 4001 3852 4069 p0pulo

2263 4110 2373 4163 tuo,
2415 4100 2671 4166 Spiritum
2706 4098 2947 4153 veritatis
2991 4107 3044 4151 et
3099 4096 3280 4164 pacis,
3338 4103 3420 4159 et,
3478 4093 3853 4147 intercedente

2257 4192 2413 4247 beato
2434 4191 2639 4245 Tlioma
2664 4191 2904 4259 apostolo
2925 4200 3037 4253 tuo,
3060 4196 3115 4244 et
3132 4198 3184 4243 te
3206 4195 3312 4241 tota
3337 4195 3511 4241 mente
3528 4194 3846 4255 cognoscat,

2257 4298 2310 4343 et
2340 4303 2459 4357 qua:
2489 4285 2583 4341 tibi
2610 4294 2735 4340 sunt
2756 4285 2944 4354 placita
2975 4293 3086 4338 toto
3116 4282 3277 4337 corde
3306 4289 3564 4337 sectetur.
3606 4279 3708 4335 Per
3736 4279 3850 4334 Do-

2258 4381 2464 4435 minum
2492 4387 2733 4434 nostrum
2765 4376 2947 4433 Jesum
2975 4372 3265 4431 Christum.

2298 4480 2450 4553 (510)
2496 4494 2693 4535 INCIPIT
2733 4478 2759 4516 ά
2797 4492 2936 4533 onno
2982 4493 3050 4532 an
3105 4490 3397 4531 accessum
3448 4488 3804 4530 DEDICANDAII.

2332 4573 2581 4627 Primitus
2609 4575 2742 4628 enim
2765 4582 3037 4641 antequam
3060 4571 3290 4641 pontifex
3313 4572 3531 4624 introeat
3553 4570 3849 4638 ecclesiam,

2256 4664 2411 4735 (5H)
2438 4666 2789 4719 illuminentur
2809 4679 2883 4717 xu
2910 4662 3138 4717 candelae
3160 4678 3250 4732 per
3275 4662 3542 4715 circuitum
3578 4660 3807 4716 ecclesite
3832 4677 3850 4715 :

2326 4800 2350 4839 ἀ
2376 4801 2449 4855 De
2470 4800 2713 4855 ecclesiae
2744 4799 3079 4855 dedicatione
3111 4815 3214 4854 non
3241 4809 3402 4870 agunt
3435 4802 3534 4855 hoc
3556 4800 3676 4854 loco
3708 4801 3846 4858 Mss.

2252 4873 2444 4938 nostri,
2464 4872 2557 4926 sed
2580 4871 2705 4925 alibi
2730 4870 3022 4934 fusissime,
3048 4872 3531 4934 maxime'Gemet.,
3560 4871 3649 4924 ubi
3673 4874 3846 4927 etiam

2253 4942 2577 4997 describitur
2605 4952 2768 4995 totum
2791 4940 3026 4995 ofﬁcium
3051 4950 3366 4997 nocturnum
3390 4944 3456 4996 de
3478 4942 3847 5010 dedicatione,

2251 5016 2538 5082 assignatis
2564 5013 2846 5068 duodecim
2872 5012 3097 5067 Psnlmis
3120 5028 3239 5067 cum
3268 5014 3489 5083 singulis
3518 5012 3849 5082 Antiphonis

2251 5099 2315 5137 ex
2350 5086 2661 5153 prtescripto
2691 5100 2804 5154 reg.
2852 5085 3018 5137 saneti
3073 5084 3361 5138 Benedicti.
3414 5084 3603 5137 Psalmi
3660 5093 3847 5138 autem

2250 5168 2356 5208 non
2385 5166 2667 5211 sumuntur
2696 5153 2772 5209 de
2794 5153 2945 5220 feria,
2991 5155 3083 5207 sed
3126 5170 3191 5208 ex
3222 5155 3552 5208 diversarum
3584 5154 3843 5208 feriarum

2250 5224 2477 5279 Psalmis
2504 5226 2695 5281 delecti
2740 5235 2884 5279 sunt.
2935 5225 3084 5280 Unde
3115 5225 3569 5293 liquetquomodo
3599 5236 3726 5277 tunc
3762 5228 3850 5279 in-

2250 5298 2573 5365 telligeretur
2594 5296 2733 5364 quod
2762 5296 3069 5351 decernitur
3088 5309 3206 5361 cap.
3240 5296 3300 5348 lli
3330 5311 3441 5360 reg.
3466 5296 3637 5348 sancti
3666 5297 3846 5351 liene-

2246 5366 2369 5420 dicti
2408 5385 2418 5417 :
2452 5366 2519 5421 In
2552 5376 2841 5420 sanctorum
2868 5366 3242 5435 festivitatibus,
3274 5368 3346 5420 rel
3376 5368 3609 5422 omnibus
3650 5367 3849 5420 solent-

2247 5438 2508 5501 nitatibus,
2551 5440 2680 5490 sicut
2719 5438 2941 5491 diximus
2993 5436 3264 5490 Dominico
3312 5441 3393 5489 die
3441 5438 3715 5508 agendum,
3773 5438 3849 5490 ita

2245 5517 2446 5577 agatur,
2473 5518 2678 5577 excepto
2699 5509 2834 5577 quod
2863 5508 3055 5560 Psalmi
3075 5519 3161 5561 aut
3178 5509 3484 5578 Antiphonta
3500 5509 3577 5561 vel
3596 5508 3851 5562 lectiones

2246 5580 2313 5630 ad
2344 5581 2507 5645 ipsum
2538 5580 2672 5633 diem
2707 5580 3015 5647 pertinentes
3056 5579 3312 5632 dicantur.
3362 5580 3415 5631 lu
3451 5579 3590 5632 Edit.
3633 5578 3843 5631 Patnel.

2247 5652 2572 5704 centractius
2629 5660 2710 5701 est
2757 5650 2989 5703 ofﬁcium
3034 5650 3086 5702 in
3120 5649 3487 5714 dedicatione,
3513 5649 3849 5715 omninoque

2247 5721 2537 5775 diversum.
2589 5720 2842 5774 Pauciora
2890 5721 3066 5774 adhuc
3097 5720 3257 5775 habet
3282 5722 3462 5775 Codex
3506 5720 3636 5790 lteg.
3671 5720 3844 5773 Suec.

2245 5794 2317 5848 At
2344 5802 2565 5858 uterque
2593 5791 2797 5845 Theud.
2846 5793 3000 5860 longe
3049 5793 3197 5859 plura
3240 5801 3296 5846 et
3337 5793 3596 5860 longiora.
3647 5791 3701 5844 In
3756 5792 3844 5844 his

2247 5862 2442 5933 legitur
2470 5864 2771 5923 benedictio
2800 5865 2868 5918 ad
2909 5864 3113 5935 signum
3153 5865 3409 5932 ecclesiis,
3460 5863 3602 5933 quod
3653 5863 3839 5933 appel—
