4064 6350
271 376 383 437 158

1482 368 1686 425 LIBER
1723 366 2365 431 SACRAMENTORUM.

3445 387 3553 438 151

269 504 320 551 et
352 494 566 550 induant
595 505 652 545 se
680 489 987 545 vestimentis
1026 488 1206 543 sacris.
1248 485 1319 542 Et
1354 502 1470 541 cum
1514 488 1742 541 venerint
1788 487 1855 538 ad
1878 487 1933 549 Α
1960 486 2223 545 braeorum
2255 492 2308 545 in
2338 490 2492 563 (59.5)
2547 492 2742 547 molem
2795 493 2981 549 durata
3030 492 3441 564 constringeris,
3486 504 3548 554 tu

270 586 460 641 ostium
507 582 752 647 ecclesia,
798 580 1047 651 percutiat
1084 578 1316 648 pontifex
1354 587 1429 632 ter
1472 578 1865 648 superliminare

266 679 330 731 de
356 674 513 746 (512)
535 675 799 727 cambutta
827 690 942 738 sua,
969 672 1141 725 dicens
1161 680 1278 724 ante
1300 678 1499 738 portam
1522 669 1865 741 Antiphonam

263 768 424 836 (515)
450 766 647 821 Tollite
665 774 849 835 portas
875 764 1141 833 principes
1155 772 1381 818 vestras.
1402 761 1470 815 Et
1490 771 1674 815 canant
1696 763 1866 831 ipsum

262 862 530 930 psalmum
571 868 729 914 totum
769 867 886 913 ante
927 859 1131 923 ostium,
1162 854 1318 927 (514)
1348 866 1596 927 etaperto
1628 857 1755 909 ostio
1781 856 1865 909 in-

263 965 467 1009 trantes
502 955 694 1021 dicant,
728 953 840 1008 Pax
862 952 985 1007 huic
1012 951 1213 1007 domui.
1240 949 1439 1004 Deinde
1466 951 1678 1019 incipiat
1699 950 1866 1004 clerus

264 1046 535 1101 litaniam.
568 1045 637 1100 Et
667 1062 786 1100 cum
812 1046 1034 1100 venerint
1060 1045 1366 1113 sacerdotes,
1399 1043 1548 1115 (515)
1586 1044 1663 1098 vel
1704 1044 1868 1119 levita:

257 1148 375 1193 ante
412 1145 602 1204 altare,
639 1146 964 1209 prosternant
993 1154 1045 1192 se
1075 1136 1226 1207 (516)
1255 1154 1410 1207 super
1438 1145 1722 1192 stramenta
1750 1154 1866 1190 cum

264 1232 521 1302 pontiﬁce
546 1247 705 1298 usque
734 1230 858 1284 dum
877 1231 1079 1283 dicatur
1108 1235 1287 1299 Agnus
1316 1229 1430 1285 Dei.
1471 1228 1537 1283 Ut
1559 1236 1728 1282 autem
1752 1244 1867 1282 sur-

258 1322 494 1375 rexerint
524 1321 589 1375 ab
620 1322 868 1384 oratione,
898 1337 998 1374 non
1027 1321 1163 1375 dicat
1190 1321 1420 1390 pontifex
1476 1320 1733 1374 Dominus
1762 1334 1867 1374 vo-

257 1412 497 1478 biscum,
528 1413 620 1466 sed
645 1412 874 1468 Oremus
899 1420 1117 1465 tantum.
1167 1410 1234 1464 Et
1264 1412 1517 1464 diaconus
1562 1410 1701 1464 dicat
1744 1410 1868 1465 Fle-

258 1514 477 1560 ctamus
506 1519 723 1572 genua;
759 1514 1024 1574 postquam
1057 1503 1332 1569 oraverint,
1363 1502 1502 1556 dicat
1532 1501 1749 1558 Levate.
1796 1500 1867 1555 Et

258 1597 499 1667 sequitur
532 1595 735 1652 Oratio.

337 1691 711 1761 Magniﬁcam,
746 1690 967 1744 Domine
1014 1687 1158 1744 Deus
1185 1695 1391 1754 noster,
1424 1687 1477 1741 in
1506 1684 1705 1741 sanctis
1736 1685 1863 1752 tuis,

266 1792 322 1839 et
346 1784 402 1838 in
427 1788 529 1839 hoc
558 1783 762 1852 templo
789 1782 1160 1837 aedilicationis
1185 1792 1286 1835 tuae
1307 1794 1525 1850 appare,
1559 1789 1615 1834 ut
1639 1780 1728 1850 qui
1750 1793 1866 1833 om-

1971 599 2180 638 rursum
2211 584 2368 639 salsis
2398 585 2631 640 resoluta
2664 586 2956 643 verticibus
2978 587 3079 641 Nili
3114 587 3322 642 accolas
3350 587 3552 656 perdis,

1970 683 2025 729 et
2056 676 2300 731 hostilem
2330 677 2550 746 globum
2585 676 2721 733 freto
2748 678 3005 734 smviente
3036 679 3396 748 persequeris.
3439 676 3559 734 Una

1971 769 2266 838 eademque
2288 784 2345 824 es
2376 769 2518 823 salus
2549 769 2814 837 fidelibus,
2865 780 2919 826 et
2948 772 3077 827 ultio
3108 772 3428 826 criminosis.
3475 769 3557 826 Te

1972 875 2067 928 per
2094 860 2329 931 Moysen:
2356 876 2612 931 percussa
2633 877 2790 932 rupes
2819 864 3072 931 evomuit,
3104 880 3202 920 nec
3224 864 3401 918 abdita
3426 878 3559 918 cau-

1974 951 2114 1007 tibus
2147 952 2313 1008 latere
2344 954 2580 1022 potuisti,
2626 969 2746 1010 cum
2781 955 3074 1027 Majestatis
3126 957 3353 1026 imperio
3407 954 3561 1026 jussa

1972 1044 2238 1112 prodires.
2273 1045 2353 1101 Tu
2403 1056 2609 1132 gestata
2654 1048 2888 1104 nubibus
2929 1048 3101 1104 imbre
3153 1047 3389 1119 jucundo
3431 1061 3560 1102 arva

1970 1136 2247 1193 fecundas.

2044 1228 2193 1299 (526)
2238 1229 2338 1284 Per
2367 1238 2418 1285 te
2447 1230 2608 1285 aridis
2637 1239 2770 1285 aestu
2795 1232 3112 1301 corporibus
3145 1231 3317 1286 dulcis
3344 1230 3408 1284 ad
3434 1246 3557 1300 gra-

1972 1320 2121 1389 tiam,
2150 1321 2396 1376 salutaris
2426 1321 2491 1375 ad
2530 1322 2690 1376 vitam
2721 1332 2875 1393 potus
2902 1322 3217 1378 infunditur.
3247 1323 3328 1376 Tu
3352 1322 3558 1377 intimis

1969 1413 2269 1468 scaturiens
2310 1413 2479 1480 venis,
2537 1424 2629 1469 aut
2674 1414 2917 1483 spiritum
2968 1416 3167 1470 inclusa
3196 1415 3433 1481 vitalem,
3467 1422 3563 1469 aut

1969 1520 2186 1560 succum
2218 1504 2446 1561 fertilem
2480 1517 2724 1574 praestas,
2753 1523 2843 1573 ne,
2871 1508 3085 1563 siccatis
3115 1507 3420 1563 examinata
3452 1506 3565 1560 vis-

1970 1598 2204 1663 ceribus,
2234 1598 2501 1654 solemnes
2534 1608 2692 1669 neget
2732 1610 2873 1655 terra
2903 1608 3214 1669 proventus.
3246 1598 3349 1653 Per
3381 1608 3430 1653 te
3461 1598 3563 1652 ini-

1970 1692 2125 1755 tium,
2158 1706 2251 1759 per
2278 1700 2329 1745 te
2357 1692 2476 1747 linis
2526 1692 2783 1759 exsultat,
2830 1692 2917 1748 vel
2964 1694 3142 1762 potius
3174 1708 3240 1747 ex
3271 1693 3381 1747 Deo
3410 1700 3563 1748 tuum

1970 1795 2070 1852 est,
2102 1793 2161 1839 ut
2182 1784 2467 1839 terminum
2500 1784 2823 1840 nesciamus.
2853 1784 2923 1841 At
2952 1795 3027 1853 tu,
3052 1777 3280 1839 Domine
3315 1784 3563 1851 omnipo-

260 1877 346 1931 πίε
379 1876 437 1931 in
476 1875 606 1931 ﬁliis
633 1875 935 1943 adoptionis
964 1874 1232 1943 OPBPaPiS.
1281 1874 1394 1942 ἰρεε
1430 1886 1643 1938 semper
1687 1872 1739 1926 in
1775 1880 1863 1925 ιυει
1897 1878 1942 1938 Β
1971 1887 2089 1933 tens
2118 1877 2283 1943 Deus,
2305 1877 2477 1947 cujus,
2511 1878 2763 1932 virtutum
2791 1894 2897 1933 non
2931 1877 3123 1943 nescii,
3153 1876 3279 1930 dum
3302 1889 3565 1945 aquarum

256 1968 588 2025 haereditate
620 1968 872 2024 lauderis.
923 1967 1025 2022 Per
1069 1965 1355 2022 Dominum
1384 1974 1628 2020 nostrum
1671 1964 1863 2020 Jesum

255 2060 546 2116 Christum
578 2059 775 2114 Filium
810 2068 977 2114 tuum.

326 2152 493 2225 (517)
520 2151 716 2208 Deinde
741 2153 953 2223 incipiat
996 2149 1227 2220 pontifex
1256 2149 1319 2204 de
1348 2149 1556 2204 sinistro
1585 2149 1772 2219 angulo
1802 2148 1866 2202 ab

256 2243 485 2298 Oriente
524 2244 743 2297 scribens
791 2260 884 2313 per
924 2243 1269 2314 pavimentum
1309 2257 1425 2295 cum
1463 2241 1719 2295 cambutta
1744 2258 1863 2306 sua,

250 2335 418 2407 (518)
455 2337 529 2401 Α,
558 2335 620 2402 Β,
654 2333 712 2399 C,
737 2350 896 2403 usque
925 2336 981 2387 in
1000 2336 1235 2389 dextrum
1261 2334 1507 2405 angulum
1531 2334 1825 2388 Occidentis
1847 2350 1868 2400 ,°

250 2430 519 2501 incipiens
543 2430 727 2483 iterum
751 2429 984 2483 similiter
1011 2445 1041 2481 a
1063 2428 1244 2482 dextro
1271 2428 1462 2497 angulo
1496 2427 1653 2499 146
1681 2425 1868 2482 Orien-

256 2524 341 2586 tis,
371 2525 442 2587 A,
481 2522 547 2586 Β,
579 2522 645 2587 C,
671 2523 843 2576 scribit
871 2536 1029 2591 usque
1055 2520 1110 2574 in
1140 2520 1407 2574 sinistrum
1438 2520 1687 2589 angulum
1717 2518 1867 2573 Occi-

253 2619 424 2673 dentis
446 2618 716 2672 Basilicas.

250 2746 284 2775 ο
328 2710 538 2764 Deinde
562 2707 716 2780 (519)
747 2710 949 2763 veniens
979 2714 1098 2761 ante
1125 2706 1291 2759 altare
1316 2704 1451 2757 dicat
1483 2718 1504 2758 :
1528 2703 1670 2758 Deus
1696 2703 1749 2757 in
1775 2702 1871 2758 ad-

251 2801 512 2871 iutorium
533 2815 715 2854 meum
745 2797 981 2865 intende,
1018 2797 1268 2864 Domine,
1296 2796 1362 2850 ad
1393 2794 1750 2864 adjuvandum
1782 2810 1869 2851 me

253 2891 471 2946 festina.
506 2891 691 2946 Gloria
710 2887 875 2955 Patri,
904 2897 959 2943 et
982 2888 1139 2957 Filio,
1165 2898 1219 2942 et
1242 2885 1463 2955 Spiritui
1484 2893 1690 2940 sancto.
1718 2884 1871 2941 Sicut

250 2992 369 3036 erat
404 2983 457 3036 in
501 2980 783 3050 principio,
834 2988 888 3034 et
923 2992 1062 3033 nunc
1106 2986 1162 3033 et
1205 2992 1443 3046 semper,
1489 2985 1545 3031 et
1583 2977 1634 3029 in
1667 2976 1866 3032 saecula

249 3075 609 3131 saeculorum.
664 3076 856 3139 Amen,
909 3069 1058 3141 (5'20)
1102 3070 1311 3140 absque,
1358 3067 1611 3123 Alleluia.
1662 3066 1866 3122 Deinde

252 3164 404 3237 (521)
429 3165 663 3236 sequitur
684 3164 992 3217 erorcismus
1013 3177 1182 3231 aqucc.

1976 1969 2168 2024 merita
2200 1969 2515 2038 promimus,
2546 1970 2725 2035 operis
2753 1968 2978 2039 insignia
3004 1968 3374 2037 praedicamus,
3400 1966 3564 2020 bene-

1968 2059 2218 2115 dictionis
2247 2068 2457 2126 auctor,
2485 2061 2675 2114 salutis
2706 2060 2875 2129 origo,
2909 2069 2959 2115 te
3000 2059 3270 2129 supplices
3298 2058 3562 2126 depreca-

1969 2167 2089 2207 mur
2113 2162 2165 2206 et
2194 2166 2521 2220 quatsumus,
2553 2161 2611 2204 ut
2636 2150 2862 2205 imbrem
2889 2151 3073 2221 gratia:
3102 2160 3209 2205 tuae
3237 2164 3398 2218 super
3422 2147 3562 2202 hanc

1969 2244 2185 2299 domum
2213 2258 2335 2321 cum
2367 2241 2690 2297 abundantia
2724 2254 2827 2295 tua:
2858 2241 3247 2298 benedictionis
3291 2239 3563 2305 infundas,

1968 2336 2108 2393 bona
2136 2340 2314 2393 omnia
2345 2339 2611 2410 largiaris,
2664 2355 2919 2408 prospera
2974 2340 3199 2405 tribuas,
3226 2338 3448 2393 adversa
3479 2351 3564 2391 re-

1968 2428 2156 2498 pellas.
2188 2428 2451 2484 Malorum
2483 2430 2743 2486 fautorem
2769 2432 3067 2487 dmmonem
3099 2430 3368 2495 destruas,
3402 2444 3565 2497 ange<

1970 2520 2079 2574 lum
2127 2520 2262 2576 lueis
2306 2523 2559 2591 amicum,
2628 2524 2886 2579 bonorum
2935 2525 3261 2592 provisorem
3317 2524 3567 2579 defenso-

1969 2626 2191 2681 remque
2231 2616 2543 2670 constituas.
2594 2616 2821 2677 Domum
2854 2617 2906 2671 in
2937 2625 3028 2671 tuo
3055 2616 3270 2670 nomine
3305 2624 3561 2683 emptam,

1971 2710 2025 2756 te
2077 2702 2345 2771 adjutore,
2390 2705 2681 2774 perfectam
2740 2706 3041 2761 benedictio
3084 2716 3173 2760 tua
3232 2708 3283 2760 in
3347 2708 3565 2774 longum

1971 2808 2221 2848 mansura
2273 2797 2575 2851 conlirmet.
2617 2798 2788 2853 Tuum
2831 2797 2947 2852 haec
2986 2799 3331 2853 fundamenta
3378 2799 3566 2865 praesi-

1971 2884 2144 2952 dium,
2186 2886 2421 2941 eulmina
2460 2888 2614 2961 147
2650 2898 3036 2959 tegumentum,
3082 2891 3217 2943 ostia
3265 2889 3565 2956 introitum,

1974 2980 2263 3049 penetralia
2290 2991 2600 3037 mereantur
2628 2997 2927 3038 accessum.
2961 2982 3043 3038 Sit
3067 2998 3160 3050 per
3192 2981 3566 3036 lustrationem

1977 3071 2160 3125 vultus
2193 3073 2267 3126 tui
2298 3074 2501 3128 utilitas
2524 3073 2823 3140 hominum,
2855 3073 3117 3128 stabilitas
3162 3072 3463 3143 parietum;
3496 3072 3566 3127 sit

1972 3161 2163 3230 positis
2189 3175 2319 3216 crux
2343 3162 2535 3217 invicta
2593 3163 2901 3227 liminibus;
2953 3162 3164 3231 utrique
3203 3169 3395 3231 postes
3439 3175 3566 3230 gra-

319 3258 480 3330 (522)
510 3255 760 3323 Discede,
803 3254 1075 3309 immunde
1101 3254 1345 3322 spiritus,
1375 3251 1441 3304 ab
1466 3251 1712 3306 omnibus
1738 3251 1857 3322 qui-
1888 3252 1935 3315 C
1967 3253 2053 3308 tia:
2100 3261 2205 3308 tua:
2255 3254 2608 3324 inscriptione
2644 3253 2957 3325 signentur,
3017 3268 3080 3308 ac
3118 3269 3215 3323 per
3274 3252 3567 3307 multitudi-

254 3354 352 3409 bus
384 3353 530 3407 fides
564 3359 749 3405 nostra
780 3363 938 3402 usura
967 3355 1051 3401 est
1078 3344 1314 3415 religiosi
1346 3343 1507 3397 ollieii
1564 3342 1716 3415 (525)
1774 3358 1862 3398 sa-

256 3445 581 3501 cramentis.
643 3440 750 3497 Nec
801 3439 1105 3509 prtetendas
1162 3436 1374 3505 culpam
1431 3436 1711 3502 criminis,
1767 3437 1859 3504 qui

256 3538 510 3609 agnoscis
557 3533 856 3604 potentiam
887 3532 1200 3587 Salvatorts.
1234 3527 1351 3581 Non
1378 3536 1460 3580 est
1489 3526 1666 3581 meriti
1696 3526 1861 3581 conli-

255 3632 458 3696 dentis,
486 3627 586 3684 sed
610 3624 885 3696 praecepti,
938 3622 1063 3677 licet
1110 3622 1224 3690 ipsa
1278 3628 1515 3690 potestas
1567 3615 1860 3672 ministerii

258 3725 491 3796 dignitas
520 3723 594 3778 sit
617 3720 865 3775 ministri.
897 3716 974 3773 Te
995 3716 1155 3788 igitur
1180 3731 1274 3785 per
1302 3726 1640 3769 communem
1670 3712 1860 3777 Deum,

263 3831 413 3886 aqua:
445 3822 722 3878 creatura,
744 3811 1026 3873 convenio,
1058 3817 1133 3873 ut,
1165 3816 1487 3862 conservato
1517 3814 1665 3860 motu
1688 3804 1864 3860 sensi-

267 3910 509 3975 bilitatis,
547 3906 855 3975 intelligens
889 3903 1085 3974 subjici
1114 3901 1355 3967 servitio,
1389 3914 1495 3970 quo
1513 3899 1723 3968 placere
1753 3897 1865 3954 Deo

266 4002 514 4066 nitimur,
548 4014 656 4054 non
700 4011 939 4053 recuses.
994 3992 1219 4050 Omnem
1271 4006 1302 4045 a
1341 3999 1393 4045 te
1435 3990 1865 4046 communionem

262 4096 621 4158 dmmonum,
680 4106 841 4146 omne
892 4088 1181 4157 collegium
1229 4084 1522 4155 iniquitatis
1577 4098 1865 4151 expurges.

265 4186 453 4242 Totam
505 4180 895 4253 phantasmatis
936 4177 1109 4233 labem
1138 4190 1305 4244 capax
1351 4174 1632 4229 dominicae
1688 4183 1866 4242 prote-

269 4276 463 4333 ctiouis
487 4273 838 4338 extermines,
864 4280 942 4337 ut,
971 4268 1142 4339 gratia
1162 4265 1602 4322 sanctificationis
1628 4264 1865 4333 indepta,

268 4378 362 4424 tuo
388 4375 688 4436 nostroque
715 4364 918 4435 pariter
963 4361 1205 4418 Creatori
1250 4359 1431 4414 debito
1463 4356 1723 4411 famulatu
1771 4356 1869 4409 de-

269 4461 560 4525 serviens,
620 4472 834 4513 omnem
903 4453 1184 4524 spirituum
1244 4464 1525 4521 pravorum
1582 4448 1871 4517 nequitiam

271 4563 591 4620 quocunque
640 4549 762 4604 loco
816 4546 981 4600 lueris
1012 4558 1229 4615 aspersa
1280 4540 1520 4608 dejicias,
1577 4546 1633 4592 et
1669 4551 1871 4593 sanetae

1970 3359 2092 3400 nem
2120 3347 2514 3415 propitiationis
2548 3358 2651 3402 tua:
2681 3347 3049 3403 visitatoribus
3080 3347 3270 3401 domus
3302 3346 3457 3415 hujus
3500 3347 3566 3401 sit

1969 3451 2071 3508 pax
2105 3452 2226 3492 cum
2252 3438 2602 3507 abundantia,
2628 3438 2893 3494 sobrietas
2914 3452 3036 3492 cum
3062 3436 3342 3504 modestia,
3368 3436 3567 3491 redun-

1971 3532 2154 3586 dantia
2188 3546 2309 3587 cum
2333 3534 2727 3590 misericordia.
2781 3532 3097 3600 lnquietudo
3126 3532 3303 3586 omnis
3342 3540 3399 3586 et
3427 3532 3567 3585 calaa

1972 3624 2133 3678 mitas
2157 3623 2312 3693 longe
2335 3626 2571 3690 recedat,
2604 3624 2806 3693 inopia,
2836 3626 3024 3694 pestis,
3054 3624 3294 3689 morbus,
3323 3623 3566 3692 languor,

1971 3713 2326 3781 incursusque
2355 3714 2615 3768 malorum
2644 3714 2928 3783 spirituum
2962 3724 3047 3768 tua
3076 3729 3290 3783 semper
3307 3713 3567 3768 visitatio-

1973 3820 2044 3861 ne
2072 3806 2336 3860 discedat.
2367 3806 2431 3859 Et
2460 3806 2534 3860 ita
2565 3807 2679 3861 fusa
2711 3807 2765 3861 in
2795 3807 2897 3861 hoc
2925 3809 3043 3861 loco
3071 3818 3267 3862 nosuae
3297 3806 3565 3875 supplica-

1972 3898 2132 3953 tionis
2163 3897 2339 3953 oratio
2367 3906 2616 3954 extensos
2638 3898 2756 3967 ejus
2791 3899 3052 3953 terminos
3077 3908 3129 3952 et
3156 3897 3287 3950 atria
3337 3900 3567 3950 circum-

1967 3991 2109 4063 jecta
2140 4000 2449 4063 percurrat;
2479 3991 2665 4063 sicque
2687 4006 2782 4059 per
2803 3998 3023 4045 cunctos
3051 3988 3271 4057 angulos
3302 4002 3363 4041 ac
3388 4001 3566 4041 reces-

1971 4099 2064 4139 sus
2091 4084 2212 4138 data
2242 4083 2542 4139 benedictio
2575 4082 2732 4152 hujus
2772 4080 2997 4150 gurgitis
3039 4078 3411 4149 purificatione
3440 4091 3564 4145 per-

1973 4177 2203 4240 labatur,
2234 4184 2293 4230 ut
2315 4191 2529 4245 semper
2558 4175 2646 4229 hic
2678 4173 2858 4229 laetitia
2885 4171 3100 4242 quietis,
3131 4172 3296 4240 gratia
3329 4169 3567 4238 hospita-

1975 4274 2163 4339 litatis,
2193 4271 2519 4325 abundantia
2544 4270 2732 4340 frugis,
2767 4269 3064 4324 reverentia
3089 4266 3379 4335 religionis,
3412 4263 3566 4331 copia

1975 4367 2047 4422 sit
2074 4365 2285 4421 salutis.
2337 4364 2408 4419 Et
2454 4364 2543 4419 ubi
2590 4364 2865 4419 invocatur
2892 4372 3135 4417 sanctum
3167 4368 3316 4413 tuum
3345 4372 3566 4423 nomen,

1974 4456 2239 4512 bonorum
2263 4456 2514 4513 succedat
2534 4458 2712 4525 copia,
2740 4456 3004 4511 malorum
3032 4460 3359 4509 tentamenta
3378 4450 3567 4522 procul

1979 4548 2253 4618 effugiant.
2286 4548 2352 4603 Et
2381 4562 2686 4603 mereamur
2715 4547 2960 4616 angelum
2993 4545 3161 4614 pacis,
3200 4543 3482 4608 castitatis,
3513 4550 3567 4597 et

272 4642 480 4712 copiam
496 4636 891 4695 benedictionis
907 4634 1176 4691 infundas.
1200 4632 1303 4688 Per
1318 4630 1597 4685 Dominum
1622 4639 1864 4685 nostrum

1973 4643 2235 4709 veritatis,
2268 4643 2357 4711 qui
2382 4656 2479 4696 nos
2507 4655 2721 4709 semper
2738 4640 2806 4693 ab
2826 4637 3074 4694 omnibus
3104 4637 3257 4691 malis
3279 4635 3567 4702 custodiat,

268 4734 447 4790 Jesum
503 4732 803 4795 Christum,
846 4730 939 4799 qui
968 4738 1226 4783 venturus
1254 4734 1340 4782 est
1364 4724 1610 4794 judicare
1638 4725 1788 4779 vivos
1817 4731 1872 4779 et

270 4836 537 4890 mortuos,
562 4832 618 4877 et
639 4821 894 4877 saeculum
924 4834 1021 4889 per
1041 4819 1239 4888 ignem.

343 4918 547 4973 Deinde
574 4918 713 4969 dicat
742 4914 877 4967 hanc
906 4912 1207 4967 orationem.

340 5012 495 5084 (524)
539 5009 884 5067 Sanctiﬁeare
911 5023 1004 5076 per
1034 5007 1262 5061 verbum
1294 5003 1409 5071 Dei,
1442 5000 1582 5058 unda
1612 5002 1868 5069 etelestis,

274 5103 640 5168 sanctificare,
673 5116 809 5170 aqua
835 5099 1033 5155 Christi
1061 5098 1263 5153 calcata
1284 5096 1541 5164 vestigiis.
1566 5094 1694 5161 Quae
1719 5111 1873 5150 mon-

277 5197 415 5251 tibus
454 5208 647 5265 pressa
691 5207 800 5248 non
852 5190 1141 5253 clauderis,
1188 5204 1307 5259 qua:
1336 5188 1571 5257 sc0pulis
1600 5187 1737 5241 illisa
1767 5203 1875 5243 non

275 5288 562 5357 lrangeris,
588 5301 707 5356 quae
740 5284 897 5340 terris
922 5282 1113 5338 diliusa
1137 5297 1245 5336 non
1271 5279 1477 5334 delicis.
1529 5279 1608 5333 Tu
1640 5281 1875 5334 sustines

281 5380 506 5445 aridam,
552 5388 735 5447 portas
766 5377 1026 5431 montium
1071 5373 1330 5444 pondera,
1370 5387 1467 5426 nec
1489 5371 1761 5440 dimergis.
1797 5369 1875 5426 Tu

279 5472 542 5526 caelorum
585 5470 790 5525 vertice
839 5468 1157 5534 contineris,
1205 5464 1521 5521 circumfusa
1569 5480 1663 5534 per
1704 5473 1874 5519 totum

278 5572 421 5618 iavas
454 5562 661 5625 omnia,
686 5576 784 5616 nec
810 5559 1137 5615 lavarisuTu
1172 5557 1494 5627 fugientibus
1526 5555 1737 5624 populis
1768 5555 1878 5613 He-

280 5687 417 5732 latur
446 5678 713 5731 vasculum
752 5675 820 5729 ad
852 5674 1138 5727 invitandos
1168 5673 1305 5741 ﬁlios
1334 5669 1579 5723 Ecclesia:
1607 5686 1869 5740 praepara-

286 5758 421 5812 tum;
453 5760 505 5802 et
539 5757 597 5800 ut
624 5748 910 5815 ubicunque
953 5747 1175 5797 sonuerit
1220 5745 1329 5809 eius
1359 5741 1691 5815 tinnibnlunt,
1711 5742 1872 5815 longe

285 5821 484 5874 recedat
512 5819 675 5871 virtus
704 5812 1046 5869 inimicorum.
1096 5814 1256 5878 Infra,
1288 5815 1497 5882 signum
1528 5814 1665 5881 quod
1709 5812 1871 5868 bene-

286 5891 481 5948 dicitur
510 5888 814 5969 appellatur
843 5887 1169 5943 tinnibulum.
1221 5885 1423 5941 Similia
1465 5899 1569 5941 non
1609 5883 1873 5947 habentur

1978 4744 2224 4805 protegat
2252 4744 2409 4804 atque
2435 4732 2707 4788 defendat.
2739 4730 2841 4785 Per
2866 4730 3171 4785 Dominum.

2050 4825 2345 4881 Benedictio
2396 4840 2561 4893 aqum.
2608 4852 2681 4863 —
2719 4820 2868 4893 (5‘27)
2926 4820 3148 4874 Domine
3195 4818 3357 4882 Deus,
3414 4818 3567 4872 Pater

1978 4920 2337 4988 omnipotens,
2370 4923 2601 4972 statutor
2629 4925 2681 4970 et
2711 4914 2958 4969 conditor
3006 4913 3243 4966 omnium
3267 4912 3568 4967 elemento-

1978 5029 2121 5081 rum,
2150 5012 2238 5083 qui
2270 5026 2363 5081 per
2389 5010 2571 5065 Jesum
2593 5007 2865 5064 Christum
2892 5006 3081 5061 Filium
3110 5016 3259 5061 tuum
3286 5005 3567 5059 Dominum

1980 5114 2222 5160 nostrum
2252 5104 2577 5159 elementum
2625 5103 2725 5156 hoc
2771 5116 2920 5169 aqua:
2971 5099 3025 5154 in
3073 5100 3301 5154 salutem
3351 5096 3567 5150 humani

1979 5195 2193 5265 generis
2216 5210 2335 5250 esse
2365 5194 2601 5260 voluisti,
2637 5203 2687 5249 te
2729 5193 2997 5262 supplices
3053 5191 3427 5260 deprecamur,
3488 5198 3567 5254 ut,

1981 5285 2245 5340 exauditis
2274 5285 2609 5339 orationibus
2641 5284 2859 5349 nostris,
2904 5298 3021 5338 eam
3053 5291 3160 5337 tua:
3190 5281 3399 5352 pietatis
3448 5294 3566 5333 res-

1981 5386 2137 5446 pectu
2164 5374 2503 5439 sanctiﬁces;
2561 5386 2721 5443 atque
2757 5371 2827 5427 ita
2866 5374 3107 5433 omnium
3139 5371 3417 5439 spirituum
3468 5368 3567 5423 itu-

1982 5467 2299 5523 mundorum
2332 5468 2399 5521 ab
2424 5480 2487 5521 ea
2518 5464 2734 5521 recedat
2763 5464 3017 5531 incursio,
3052 5472 3106 5517 ut
3129 5461 3426 5527 ubicunque
3450 5458 3567 5514 lue-

1981 5563 2051 5615 rit
2080 5561 2131 5614 in
2160 5560 2375 5615 nomine
2404 5567 2495 5612 tuo
2523 5571 2761 5627 aspersa,
2801 5557 2971 5626 gratia
3025 5566 3129 5609 tua:
3178 5550 3566 5607 benedictionis

1980 5680 2031 5730 in
2063 5675 2436 5730 Benedictione
2477 5674 2613 5745 signi
2646 5687 2804 5742 quam
2845 5689 2908 5728 ex
2951 5672 3098 5745 Cod.
3137 5670 3564 5745 Gemettnoster

1979 5748 2287 5802 Edmundus
2338 5741 2576 5800 Marten'e
2620 5748 2733 5800 suis
2770 5745 3016 5806 Antiquis
3062 5741 3317 5799 Ecclesiae
3352 5744 3563 5799 Ritibus

1976 5819 2202 5877 inseruit
2228 5826 2361 5874 tom.
2383 5816 2473 5885 lll,
2501 5817 2596 5873 lib.
2626 5832 2688 5885 ιι,
2720 5829 2837 5886 pag.
2864 5811 2990 5869 2.69.
