4064 6350
529 329 626 388 ltili

1752 325 1992 382 SANCTI
2031 325 2355 390 GREGORII
2395 328 2609 387 MAGNI

3661 338 3758 396 156

525 440 785 507 adveniat,
817 447 868 494 ct
897 439 1031 504 mala
1057 438 1262 504 omnia,
1281 445 1333 494 te
1364 437 1705 508 prepitiante,
1733 435 1914 503 procul
1939 449 2087 490 reee-
2111 438 2169 502 Α
2192 437 2500 510 angelorum
2529 439 2768 496 custodia
2799 454 3011 511 semper
3046 443 3176 498 inibi
3205 459 3446 498 mansura
3480 457 3754 505 eonsxstat.

527 533 669 590 dant.
721 532 823 587 Per
869 529 1114 586 eumdem
1145 530 1426 586 Dominum
1451 537 1690 585 nostrum
1717 525 1900 581 Jesum
1931 526 2090 582 Chri-

527 634 686 682 stum.

596 727 621 754 ει
649 715 978 772 Exercismus
997 716 1138 771 satis.
1167 745 1238 758 ——
1259 713 1410 787 (59.8)
1443 715 1700 770 Exorcizo
1746 723 1816 779 te,
1848 720 2088 768 creatura

525 807 668 873 salis,
694 808 746 862 in
775 810 988 863 nomine
1014 807 1205 874 Patris,
1233 813 1287 860 et
1309 806 1451 874 Filii,
1475 814 1528 858 et
1548 804 1777 876 Spiritus
1790 803 1983 866 sancti,
2004 800 2086 871 qui

525 905 575 953 te
605 913 697 968 per
726 897 957 952 Eliseum
986 899 1038 951 in
1083 912 1218 965 aqua
1267 897 1402 951 mitti
1447 895 1625 964 jussit,
1676 902 1732 947 ut
1777 901 2093 948 sanarentur

525 1001 671 1057 aqua
700 986 945 1051 steriles;
995 984 1145 1056 (529)
1176 985 1259 1053 qui
1284 984 1455 1038 divina
1482 983 1589 1037 oris
1610 983 1690 1036 sui
1721 997 1852 1037 voce
1877 985 1950 1036 ait
1977 981 2092 1036 dis-

525 1077 708 1147 cipulis
733 1077 842 1131 suis
867 1095 880 1129 :
915 1077 1020 1131 Vos
1041 1077 1167 1130 estis
1194 1075 1269 1129 sal
1297 1084 1480 1138 terrm;
1510 1081 1564 1127 et
1589 1073 1737 1143 (550)
1763 1088 1855 1142 per
1881 1082 2093 1141 aposto-

526 1168 634 1224 lum
657 1184 810 1224 suum
843 1167 943 1222 Vas
970 1166 1244 1222 electionis
1270 1183 1282 1218 :
1307 1164 1496 1218 Sermo
1526 1172 1700 1218 vester
1729 1163 1840 1217 sale
1863 1163 1931 1216 sit
1963 1177 2092 1217 eon-

524 1259 686 1314 ditus.
739 1258 965 1325 ldquue
1017 1257 1231 1311 efﬁcere
1285 1255 1360 1308 sal
1408 1255 1787 1317 exoreizatum,
1835 1265 1892 1306 ut
1933 1252 2004 1306 sis
2035 1251 2088 1306 in

524 1347 895 1406 remissionem
929 1354 1286 1416 peccaturum,
1319 1353 1373 1399 et
1399 1344 1678 1399 sanitatem
1723 1343 2004 1407 mentium,
2035 1342 2088 1395 in

524 1441 904 1510 protectioncm
935 1437 1125 1490 anima:
1150 1443 1309 1502 atque
1337 1435 1596 1501 corporis,
1641 1433 1692 1486 in
1735 1433 2085 1487 conﬁrmatio-

523 1548 642 1588 nem
671 1533 873 1595 salutis,
906 1530 971 1584 ad
1014 1528 1355 1598 expellendas
1405 1537 1458 1581 et
1514 1526 1873 1580 excludendas
1903 1539 2091 1580 omnes

524 1623 819 1678 daemonum
853 1619 1191 1684 tentationes,
1223 1623 1272 1671 in
1306 1618 1518 1671 nomine
1566 1618 1657 1672 Dei
1701 1615 1870 1671 Patris
1915 1615 2090 1670 omni-

521 1715 774 1786 potentis,
804 1722 856 1768 et
884 1711 1008 1768 Jesu
1038 1711 1234 1765 Christi
1263 1709 1379 1765 Filii
1411 1709 1546 1779 ejus,
1579 1716 1631 1765 et
1658 1709 1884 1778 Spiritus
1923 1709 2091 1763 sancti

521 1809 746 1878 viventis
774 1810 823 1862 in
855 1807 1048 1862 saueiila
1078 1805 1415 1859 saeculorum.

586 1897 878 1953 Benedictio
903 1899 1048 1951 satis.
1078 1926 1148 1939 —
1177 1895 1399 1950 Virtutis
1450 1904 1551 1949 tuae
1591 1894 1837 1948 invictam
1875 1893 2092 1946 fortitu-

521 1991 696 2047 dinem
726 1991 1092 2061 deprecamur,
1135 1987 1358 2042 Domine
1396 1994 1598 2051 sanete,
1646 1986 1801 2040 Pater
1841 1985 2088 2053 omnipo-

521 2089 659 2151 tens,
685 2092 882 2137 aeterne
930 2082 1087 2144 Deus,
1121 2083 1206 2150 qui
1241 2080 1374 2134 inter
1401 2082 1578 2132 omnia
1618 2078 1913 2132 necessaria
1972 2090 2089 2144 qua:

522 2189 616 2245 per
669 2173 850 2228 Jesum
897 2172 1162 2227 Christum
1211 2169 1492 2224 Dnminum
1543 2167 2089 2250 nostrumfprocreari

521 2263 744 2337 Iussisti,
777 2280 881 2318 non
912 2263 1181 2318 minimam
1214 2263 1434 2328 gratiam
1469 2261 1714 2313 conferre
1754 2257 2001 2326 dignatus
2031 2269 2090 2309 es

523 2357 640 2422 sali,
674 2365 726 2410 ut
747 2371 810 2409 ex
841 2354 932 2408 illo
956 2353 1158 2423 possint
1183 2351 1424 2405 universa
1450 2349 1656 2402 condiri
1703 2362 1820 2415 qua:
1841 2349 2089 2400 omnibus

523 2441 592 2505 ad
619 2463 794 2503 escam
840 2461 932 2515 per
974 2444 1218 2501 eumdem
1256 2453 1398 2498 tuum
1432 2443 1621 2497 Filium
1664 2441 1942 2496 Dominum
1995 2455 2094 2493 no-

523 2550 690 2598 strum
725 2539 1037 2608 procreasti.
1071 2537 1296 2607 Ideoque
1329 2547 1377 2591 te
1405 2535 1672 2605 supplices
1701 2549 2006 2599 exoramus,
2034 2543 2093 2588 ut

523 2637 624 2696 hoc
645 2639 720 2694 sal
753 2637 985 2708 digneris
1013 2637 1270 2705 aSpicere,
1301 2645 1560 2705 quatenus
1583 2649 1649 2689 ex
1676 2632 1963 2702 Majestatis
1990 2640 2093 2687 tua:

525 2733 717 2789 virtute
759 2740 943 2788 contra
999 2745 1182 2784 onines
1223 2729 1442 2798 spiritus
1498 2727 1821 2781 immundos‘
1857 2725 2093 2779 valerem

525 2824 692 2895 pussit
716 2824 978 2893 accipere.
1013 2821 1254 2894 Expellat
1279 2820 1345 2874 ab
1366 2821 1509 2875 omni
1537 2818 1677 2884 loco,
1702 2817 1789 2872 ubi
1825 2827 1910 2871 tua
1939 2816 2096 2870 fuerit

525 2914 858 2971 invocatione
887 2928 1186 2986 aspersum,
1223 2911 1477 2982 quidquid
1522 2917 1699 2979 potest
1726 2923 1844 2964 esse
1873 2906 2094 2978 pestife-

527 3023 666 3075 rum,
699 3017 758 3063 ut
785 3006 1030 3062 exhibeat
1053 3006 1264 3076 plenum
1287 3003 1473 3058 salutis
1503 3001 1770 3057 eﬁ'ectum.
1819 2999 2099 3053 Deterreat

525 3099 1035 3172 omnes-praestigias
1067 3091 1290 3160 inimici,
1322 3104 1373 3148 et
1413 3093 1590 3147 omnia
1639 3099 2095 3144 monstruosorum

525 3205 719 3261 genera
751 3189 958 3259 longius
988 3187 1143 3241 faciat
1171 3183 1413 3256 effugari.
1447 3183 1593 3255 (551)
1627 3181 1952 3238 Gravedines
1979 3195 2095 3233 nm-
2125 3181 2171 3245 C

527 3297 620 3338 nes
651 3281 808 3354 148
848 3281 1252 3350 phantasiasque
1282 3285 1604 3345 compescat,
1657 3282 1713 3328 et
1756 3288 1851 3344 per
1891 3275 2097 3341 signum

526 3376 699 3432 crucis
746 3373 864 3429 Filii
906 3374 978 3428 tui
1030 3371 1238 3426 Domini
1279 3370 1442 3424 nostri
1481 3367 1606 3423 Iesu
1655 3366 1849 3421 Christi
1883 3367 2098 3420 tutelam

528 3470 888 3526 fidelissimam
922 3467 1353 3524 desiderantibus
1381 3474 1616 3536 praestet.
1648 3464 1746 3531 Qui
1778 3472 1951 3518 tecum
1977 3463 2104 3518 vivit

527 3574 581 3621 et
613 3575 794 3633 regnat
827 3565 987 3621 Deus.

601 3657 751 3729 (552)
812 3655 876 3710 Et
931 3655 1167 3709 miscetur
1223 3654 1302 3707 sal
1349 3661 1397 3708 et
1458 3651 1621 3717 cinis;
1687 3651 1975 3720 faciemque
2030 3655 2104 3701 ter

529 3749 648 3804 inde
685 3765 880 3802 crucem
922 3762 1076 3801 suuer
1117 3747 1282 3815 ipsam
1315 3760 1502 3815 aquam
1533 3785 1549 3814 ,
1609 3743 1746 3796 dicat
1791 3743 1920 3795 hanc
1972 3738 2106 3792 Ora-

532 3847 736 3899 tionem.

607 3931 1101 4005 Oremus—(553)
1151 3930 1370 3988 Atterne
1421 3929 1760 4000 omnipotens
1807 3926 1968 3990 Deus,
2016 3923 2106 3994 qui

531 4031 687 4091 nobis
712 4044 742 4085 a
774 4039 824 4084 te
851 4027 1117 4084 conditam
1145 4035 1441 4081 creaturam
1471 4038 1622 4094 aqua;
1659 4024 1709 4076 in
1743 4022 1844 4077 ﬁde
1864 4019 2111 4076 distinxi-

529 4125 624 4187 sti,
657 4133 712 4176 ut
741 4122 1001 4190 liquorem
1032 4119 1326 4188 simplicem
1353 4117 1417 4172 ad
1450 4117 1734 4179 lavacrum,
1763 4115 1958 4168 salsam
1981 4115 2112 4168 soli-

535 4215 755 4269 ditatem
791 4214 1053 4281 praaberes
1093 4212 1156 4263 ad
1190 4209 1608 4273 condimentum,
1639 4218 1899 4276 quatenus
1919 4217 1971 4260 et
1993 4221 2112 4259 sor-

535 4307 656 4362 dida
683 4313 900 4375 possent
926 4303 1088 4368 ablui,
1120 4314 1170 4357 et
1196 4301 1334 4355 fatua
1366 4300 1550 4364 imbui,
1583 4315 1686 4368 quo
1713 4307 1766 4352 et
1793 4313 1933 4352 nnxa
1957 4299 2112 4352 tolle-

536 4410 688 4454 retur
717 4395 1010 4467 originalis,
1033 4403 1089 4450 et
1109 4394 1463 4462 corrigeretur
1487 4405 1636 4443 error
1652 4390 1715 4442 ad
1743 4392 1881 4443 viam
1905 4390 2109 4454 salutis,

535 4497 590 4546 te
619 4489 780 4546 ofﬁcii
829 4488 997 4542 nostri
1047 4486 1318 4539 iunctione
1369 4478 1619 4535 immeriti
1662 4479 2010 4548 deprecamur
2057 4488 2114 4531 ut

2193 527 2316 584 Per.

2263 619 2463 676 Deinde
2489 623 2722 678 miscetur
2741 626 2910 680 vinum
2937 641 3053 679 cum
3071 641 3226 697 aqua,
3253 634 3303 682 et
3330 627 3452 684 dicit
3475 626 3609 684 hanc
3632 627 3762 686 Ora-

2192 714 2397 766 tionem.

2269 804 2504 858 Oremus.
2543 834 2614 845 ——
2838 805 3060 863 Creatnr
3088 818 3140 864 et
3168 819 3515 866 conservator
3545 811 3759 866 humani

2193 899 2421 965 generis,
2449 899 2602 954 dator
2622 902 2803 967 gratim
2834 902 3106 969 Spiritalis,
3139 904 3350 973 largitor
3379 913 3594 960 :eternie
3619 905 3756 959 salu-

2193 990 2280 1056 tis,
2330 1000 2406 1056 ω,
2448 991 2690 1062 Domine,
2734 992 2878 1062 (556)
2927 993 3169 1062 permitte
3217 996 3472 1064 Spiritum
3522 1006 3758 1052 sanctum

2193 1087 2339 1134 tuum
2371 1097 2529 1152 super
2552 1084 2730 1137 vinum
2758 1084 2856 1138 hoc
2877 1100 3011 1155 aqua
3042 1089 3278 1158 mistum,
3304 1096 3361 1141 ut
3381 1087 3532 1160 (557)
3560 1100 3759 1144 armata

2192 1172 2386 1227 virtute
2409 1175 2639 1228 (mlestis
2668 1175 2994 1230 delensionis
3023 1175 3088 1231 ad
3119 1180 3571 1235 consecrationem
3604 1181 3761 1251 hujus

2194 1267 2435 1321 ecclesia)
2462 1267 2542 1319 Vt‘i
2566 1268 2746 1324 altaris
2769 1269 3064 1338 proﬁciant.
3090 1271 3191 1326 Per
3214 1272 3493 1328 Dominum
3521 1285 3760 1330 nostrum

2194 1357 2374 1413 Jesum
2405 1359 2694 1414 Christum.

2263 1450 2416 1521 (558)
2458 1449 2588 1504 lude
2634 1453 2755 1522 facit
2796 1467 2994 1508 crucem
3034 1457 3097 1508 de
3136 1455 3300 1525 digito
3347 1473 3442 1510 suo
3484 1473 3597 1509 cum
3647 1458 3765 1524 ipsa

2195 1559 2326 1609 aqua
2353 1545 2401 1595 in
2427 1544 2605 1597 dextra
2631 1554 2794 1615 parte,
2822 1545 2971 1617 (559)
3000 1564 3086 1615 per
3111 1557 3326 1616 quatuor
3351 1565 3540 1606 cornua
3559 1550 3762 1604 altaris.

2194 1632 2327 1688 Inde
2364 1637 2562 1689 veniens
2601 1645 2718 1689 ante
2755 1638 2916 1690 altare
2961 1639 3109 1706 (δίο)
3143 1654 3259 1693 cum
3289 1639 3506 1718 Ityssopo
3544 1642 3769 1718 aspergit

2194 1726 2360 1796 ipsum
2388 1727 2547 1780 altare
2586 1738 2773 1796 septem
2802 1730 2989 1782 vicibus
3025 1730 3252 1783 canendo
3290 1730 3627 1802 Antiphonem
3667 1735 3771 1786 As-

2121 1803 2170 1863 Β
2199 1833 2387 1888 perges
2418 1834 2520 1884 me,
2551 1819 2791 1886 Domine,
2819 1821 3046 1894 hyssopo
3067 1831 3120 1876 et
3140 1823 3453 1892 mundabor,
3479 1823 3627 1894 (541)
3651 1841 3770 1882 cum

2195 1915 2306 1981 ipso
2348 1909 2576 1965 Psalmo.
2621 1911 2686 1965 Et
2731 1915 2868 1966 vadit
2916 1915 2968 1966 in
3006 1915 3217 1968 circuitu
3247 1914 3426 1968 altaris
3458 1917 3768 1992 spargendo.

2197 2003 2394 2057 Deinde
2436 2005 2488 2055 in
2537 2005 2714 2058 dextra
2740 2015 2884 2073 parte
2933 2023 3020 2074 per
3061 2008 3274 2074 parietes
3321 2008 3565 2071 ecclesia',
3615 2005 3770 2080 (542)

2196 2111 2350 2164 usque
2379 2096 2494 2146 dum
2525 2097 2722 2148 veniens
2753 2105 2867 2148 ante
2912 2097 3094 2160 altare,
3124 2098 3320 2166 spargit
3343 2097 3525 2149 iterant
3555 2096 3774 2166 desaper

2195 2187 2249 2239 in
2293 2188 2507 2239 circuitu
2554 2187 2731 2238 altaris
2788 2185 2939 2256 (545)
2970 2187 3046 2239 rel
3079 2187 3319 2252 ecclesia},
3357 2187 3584 2242 canendo
3631 2187 3773 2240 Anti-

2196 2280 2417 2349 phonam
2445 2280 2707 2348 Exsiirgat
2735 2281 2893 2346 Deus,
2929 2297 3040 2333 cum
3068 2281 3178 2348 ipso
3215 2280 3443 2346 Psalmo;
3470 2295 3624 2349 usque
3653 2281 3777 2334 dum

2196 2374 2399 2428 veniens
2445 2373 2625 2434 iterum
2655 2381 2771 2425 ante
2797 2373 2961 2426 altare
2987 2373 3209 2442 aspergit
3252 2373 3487 2442 desuper,
3519 2379 3566 2426 et
3592 2372 3644 2423 in
3673 2373 3780 2424 eir-

2196 2465 2338 2516 cuitu
2362 2464 2584 2515 ecclesim
2614 2461 2762 2534 (544)
2796 2463 3024 2515 cauendo
3049 2461 3389 2528 Antiphonem
3413 2461 3780 2516 Sauctilicavit

2199 2551 2456 2606 Dominus
2477 2551 2868 2607 tabernaculum
2887 2567 3061 2620 suum,
3084 2553 3204 2623 quia
3231 2554 3341 2605 haec
3358 2564 3466 2618 est;
3491 2551 3777 2618 Psalmum,

2201 2643 2344 2699 Deus
2373 2645 2512 2699 Deus
2545 2654 2748 2713 noster,
2792 2657 2854 2711 et,
2890 2646 3028 2700 Ecce
3060 2663 3218 2701 nunc.
3272 2646 3340 2699 Et
3369 2648 3520 2698 mittit
3542 2664 3603 2700 ea:
3625 2649 3781 2700 mini-

2199 2726 2317 2789 stris
2363 2742 2449 2788 aut
2495 2735 2692 2788 clericis
2740 2735 2869 2788 duos
2897 2735 2974 2789 vel
3011 2744 3107 2789 tres
3151 2735 3306 2805 (545)
3344 2739 3428 2812 qui
3470 2737 3784 2791 extrinsecus

2201 2828 2424 2880 ecclesia:
2480 2828 2698 2897 parietes
2755 2844 2858 2880 una
2928 2843 3046 2881 voce
3095 2829 3336 2896 psallunt.
3413 2826 3624 2881 Interim
3668 2829 3785 2897 ipse

2201 2919 2429 2989 pontifex
2456 2919 2591 2972 vadit
2635 2920 2696 2971 de
2742 2918 2852 2992 ipso
2898 2919 3054 2970 altari
3097 2919 3380 2987 spargendo
3407 2935 3506 2988 per
3557 2922 3784 2973 medium

2204 3013 2426 3066 ecclesia:
2466 3013 2520 3064 in
2563 3012 2767 3079 longum
2815 3021 2862 3065 et
2907 3013 3087 3075 latmn,
3121 3011 3267 3078 (546)
3316 3012 3548 3080 faciendo
3579 3029 3782 3067 crucem

2203 3121 2353 3174 super
2391 3106 2733 3173 pavimentum
2762 3120 2877 3156 cum
2905 3104 3196 3172 Antiphonti
3225 3104 3421 3157 Domus
3443 3119 3556 3157 mea
3581 3103 3781 3159 domus

2203 3197 2462 3252 orationis
2475 3197 2773 3260 vocabitur,
2797 3213 2906 3248 cum
2940 3195 3119 3264 Versu,
3145 3197 3378 3250 Narrabo
3405 3212 3596 3250 nomen
3627 3206 3781 3252 tuum

2201 3289 2454 3344 fratribus
2481 3290 2634 3344 meis.
2673 3288 2796 3342 Item
2830 3287 3034 3350 Versus,
3063 3289 3280 3343 Domine
3304 3288 3490 3354 dilexi,
3514 3305 3628 3342 cum
3657 3289 3788 3344 Glo-

2203 3383 2281 3436 ria
2317 3398 2329 3434 :
2362 3391 2408 3434 et
2451 3382 2648 3435 veniens
2690 3382 2743 3434 in
2774 3382 2937 3434 medio
2985 3383 3212 3435 ecclesia:
3243 3382 3364 3434 dicit
3395 3381 3681 3437 :Oremus.
3718 3381 3789 3435 Et

2206 3475 2333 3528 dicit
2371 3476 2617 3528 diaconus
2648 3489 2664 3526 :
2696 3474 2994 3530 Flectamus
3044 3490 3235 3544 genua,
3281 3485 3453 3546 postea
3482 3477 3605 3528 dicit
3643 3493 3662 3529 :
3685 3475 3792 3530 Le-

2205 3579 2344 3620 vate.
2382 3564 2448 3617 Et
2479 3567 2603 3618 dicit
2629 3564 2944 3620 Orationem.

2279 3658 2433 3726 (3:47)
2476 3658 2637 3724 Deus,
2663 3660 2750 3729 qui
2779 3659 2889 3712 loca
2917 3658 3112 3712 nomini
3137 3665 3229 3712 tuo
3262 3658 3433 3712 dicata
3463 3657 3792 3725 sanctiﬁcas,

2210 3752 2421 3808 eﬁunde
2449 3753 2678 3824 desuper
2703 3754 2836 3806 hanc
2864 3751 3296 3806 sanctiﬁcationis
3317 3751 3530 3806 domum
3563 3751 3794 3822 gratiam

2211 3855 2376 3912 tuam,
2418 3845 2572 3917 11,9
2604 3855 2658 3898 ut
2686 3846 2751 3898 ab
2782 3845 3030 3898 omnibus
3063 3846 3144 3898 hic
3166 3843 3534 3897 invocantibus
3564 3852 3614 3898 te
3636 3845 3796 3897 auxi-

2212 3937 2339 3992 lium
2373 3935 2494 3989 tuae
2515 3936 2892 3989 misericordia:
2925 3934 3202 3992 sentiatur.
3250 3934 3351 3988 Per
3379 3934 3658 3988 Dominum
3689 3949 3798 3989 no-

2213 4037 2383 4080 strum
2410 4024 2594 4078 Jesum
2623 4024 2916 4078 Christum.

2289 4117 2483 4171 Iterum
2523 4117 2682 4170 dicit:
2709 4118 2950 4183 Oremus,
2985 4126 3031 4171 et
3052 4117 3295 4171 diaconus
3318 4133 3333 4171 :
3358 4117 3662 4172 Flectamus
3695 4130 3793 4186 ge-

2215 4228 2346 4277 nua;
2379 4222 2551 4279 postea
2579 4210 2698 4263 dicit
2722 4227 2740 4264 .·
2765 4209 2976 4264 Levate.
3011 4209 3160 4282 (3:38)
3189 4210 3253 4263 Et
3280 4211 3502 4280 sequitur
3528 4209 3715 4262 oratio.

2286 4300 2425 4355 Deus
2448 4300 2946 4365 sanctiﬁcatiniium,
2979 4299 3317 4367 omnipotens
3345 4301 3667 4360 dominator,
3698 4314 3799 4353 eu-

2213 4396 2299 4464 jus
2329 4393 2496 4463 pietas
2526 4393 2639 4446 sine
2657 4391 2761 4445 ﬁne
2782 4391 3041 4456 sentitur;
3079 4390 3234 4452 Deus,
3259 4389 3348 4457 qui
3370 4390 3604 4444 coelestia
3631 4389 3798 4443 simul

2219 4497 2270 4540 et
2300 4486 2566 4540 terrestria
2603 4483 2916 4549 moderaris,
2944 4497 3164 4537 servans
3192 4484 3607 4536 misericordiam
3641 4491 3792 4536 tuam

535 4583 652 4642 haec
681 4583 808 4637 salis
834 4590 888 4637 et
913 4595 1062 4650 aqua:
1093 4579 1142 4631 in
1177 4585 1267 4630 tuo
1297 4573 1511 4628 nomine
1545 4572 1678 4625 facta
1705 4573 1978 4638 permistio
2008 4573 2114 4627 cle-
2145 4566 2193 4625 D
2219 4578 2414 4648 populo
2457 4586 2544 4630 tuo
2580 4575 2870 4632 ambulanti
2911 4584 3033 4628 ante
3059 4584 3400 4642 conspectum
3434 4575 3620 4643 gloria:
3652 4583 3797 4638 tum;

537 4672 750 4730 ruentia:
778 4683 880 4726 tuac
903 4668 1264 4724 sanctilicetur
1291 4664 1498 4720 obtutu.
1546 4661 1804 4727 Quodque
1833 4664 2112 4730 mysteria-

538 4765 663 4821 liter
690 4763 951 4834 baptismo
992 4755 1352 4823 commodum,
1393 4753 1563 4822 eulpze
1593 4750 1742 4820 (554)
1775 4752 1976 4805 traduci
2004 4753 2111 4806 ini-

539 4855 762 4920 micum,
793 4849 1068 4919 sapientia:
1096 4858 1298 4916 aptum,
1353 4842 1522 4897 errori
1561 4852 1780 4911 praestas
1808 4841 2108 4910 adversum,

540 4948 709 5003 sancti
758 4943 984 5012 Spiritus
1035 4939 1106 4992 tui
1143 4933 1417 4992 sanctitate
1458 4934 1650 4988 reddas
1680 4933 2064 4988 sanctiﬁcatum
2095 4951 2110 4998 ;

541 5051 644 5094 nec
673 5034 778 5088 ullo
802 5030 1046 5101 contagio
1075 5027 1326 5082 reddatur
1352 5025 1680 5079 immundum
1711 5024 1849 5094 quod
1884 5033 1968 5078 tua
2001 5024 2115 5079 ﬁeri

543 5126 810 5185 credimus
859 5121 1134 5192 majestate
1173 5119 1405 5172 beatum.
1453 5118 1556 5171 Sed
1588 5117 1656 5170 ita
1689 5131 1785 5187 per
1813 5127 1861 5171 te
1887 5115 2122 5185 praebeat

544 5223 760 5295 plenum
790 5215 1224 5271 sanctiﬁcationis
1252 5211 1518 5275 effectura,
1552 5220 1608 5264 ut
1638 5211 1934 5279 ubicunque
1965 5209 2117 5263 invo-

548 5322 670 5367 cato
697 5309 911 5364 nomine
955 5318 1044 5361 tuo
1083 5304 1244 5360 fuerit
1273 5319 1430 5358 manu
1459 5304 1732 5368 emissum,
1765 5303 1846 5354 vel
1880 5301 2123 5371 quolibet

549 5403 709 5460 modo
739 5405 1090 5467 assumptum,
1117 5396 1353 5465 expulsis
1383 5404 1435 5450 et
1465 5393 1698 5461 explesis
1717 5393 1960 5448 omnibus
1989 5392 2122 5446 insi-

552 5496 654 5551 diis
683 5492 960 5548 enutrarizn
985 5491 1282 5562 potestatis,
1315 5498 1369 5543 et
1390 5498 1577 5542 cuncta
1599 5487 1897 5538 dmumnum
1923 5485 2123 5538 machi-

553 5594 800 5644 namenta
824 5602 886 5640 ex
909 5583 1094 5640 eodem
1118 5584 1234 5639 loco
1257 5583 1432 5652 fugata
1456 5578 1724 5646 deﬁciant,
1749 5589 1799 5632 et
1816 5586 2119 5632 sanctorum

626 5739 648 5766 ι
674 5726 769 5781 Hic
798 5724 1125 5780 exorcismus
1154 5737 1273 5778 eum
1301 5720 1676 5778 Benedictione
1701 5732 1817 5788 seq.
1841 5718 2032 5788 legitur
2056 5719 2128 5789 in.
2149 5725 2256 5775 vet.
2290 5719 2528 5774 Sacram.
2561 5713 2750 5770 Gallic.
2813 5711 3249 5783 praemittiturque
3300 5730 3311 5765 :

558 5801 678 5855 satis
701 5813 932 5863 sparsum
963 5794 1277 5861 faciendum.

2221 4669 2409 4725 exaudi
2461 4683 2645 4736 preces
2691 4683 2964 4720 servorum
3014 4675 3245 4730 tuorum,
3297 4675 3353 4719 ut
3400 4666 3505 4719 sint
3547 4651 3685 4718 oculi
3722 4665 3798 4718 tui

2221 4761 2391 4828 aperti
2431 4772 2591 4827 super
2635 4759 2849 4811 domum
2896 4757 3048 4809 istam
3090 4756 3178 4822 die
3220 4771 3280 4809 ac
3323 4766 3498 4810 nocte.
3544 4755 3804 4824 llancque

2223 4849 2494 4904 basilicam
2515 4891 2530 4915 ,
2571 4850 2624 4902 in
2657 4849 2861 4902 honore
2889 4849 3054 4900 sancti
3091 4845 3184 4900 Ill.
3215 4848 3378 4901 sacris
3411 4845 3680 4915 mysteriis
3712 4847 3800 4900 in-

2223 4943 2484 5009 stitutam,
2516 4941 2960 4996 clementissimus
2990 4939 3171 4992 dedica
3194 4980 3207 5004 ,
3242 4940 3524 4992 miseratus
3571 4939 3802 5005 illustra,

2225 5034 2438 5103 proprio
2459 5031 2738 5102 splendore
2768 5029 3018 5084 clariﬁca.
3045 5029 3372 5097 Omnemque
3404 5029 3672 5081 hominem
3696 5043 3801 5083 ve-

2226 5128 2455 5179 nientem
2489 5125 2708 5177 adorare
2757 5123 2807 5176 in
2839 5123 2954 5175 loco
2985 5123 3083 5174 hoc
3111 5121 3348 5190 placatus
3383 5119 3623 5183 admitte,
3671 5134 3803 5186 pro-

2225 5214 2398 5284 pitius
2448 5214 2664 5282 dignare
2712 5213 3006 5280 respicere,
3045 5220 3097 5264 et
3146 5220 3362 5279 propter
3406 5225 3596 5262 umnen
3649 5220 3803 5264 tuum

2229 5323 2498 5378 magnum,
2531 5317 2583 5358 et
2614 5320 2826 5359 manum
2860 5315 3001 5358 tuam
3036 5305 3220 5356 fortem
3245 5311 3297 5355 et
3322 5301 3594 5355 brachium
3619 5301 3808 5354 excel-

2231 5414 2346 5452 sum
2398 5401 2446 5450 in
2486 5397 2788 5450 habitaculo
2831 5397 2931 5450 hoc
2961 5396 3317 5462 supplicantes
3359 5393 3528 5446 libens
3557 5403 3804 5460 protr-ge.

2225 5489 2505 5559 dignanter
2548 5489 2769 5555 exaudi,
2815 5498 3008 5542 aeterna
3057 5487 3366 5540 defensione
3410 5498 3686 5547 conserva,
3746 5493 3810 5539 ut

2226 5595 2439 5651 semper
2486 5580 2688 5646 felices,
2735 5595 2943 5647 semper
2970 5588 3057 5631 tua
3103 5578 3356 5645 religione
3388 5578 3627 5629 laetantes
3666 5591 3808 5629 con-

3361 5710 3689 5766 Exorcismus
3736 5725 3808 5764 aa
