4064 6350
269 331 366 390 157

1481 326 1680 388 LIBER
1719 326 2354 399 SACRAMENTORUM.

3429 335 3538 390 158
3591 365 3593 368 -

266 451 471 500 sunter
495 436 547 495 in
565 446 766 494 sancta:
779 437 1056 504 Trinitatis
1079 437 1180 494 ﬁde
1195 436 1457 496 catholica
1480 448 1842 507 perseverent.
1874 450 1926 512 Α
1955 446 2043 495 cto
2070 450 2157 494 tuo
2189 439 2354 496 dicari
2381 449 2588 511 tuisque
2611 442 2951 502 habitationis
2971 445 3082 500 loca
3101 449 3280 502 vocari
3304 449 3534 519 voluisti,

272 538 368 594 Per
391 534 672 591 Dominum
703 542 944 587 nostrum
966 531 1144 587 Iesum
1167 530 1435 598 Christum
1464 532 1652 588 Filium
1679 541 1848 600 tuum,

266 631 353 702 qui
385 639 560 683 tecum
592 629 726 682 vivit
749 636 803 682 et
824 637 1005 698 regnat
1032 629 1169 684 Deus
1199 628 1249 682 in
1283 629 1486 684 unitate
1515 627 1774 698 ejusdem.

333 721 490 793 (549)
533 717 660 790 Ipsa
687 721 909 789 expleta,
938 721 1118 790 incipit
1142 720 1490 790 Antiphonam
1532 720 1762 776 lntroihn
1784 719 1851 776 ad

266 815 429 867 altare
472 812 568 866 Dei
608 813 738 880 mei,
783 813 946 882 ipsam
991 813 1238 877 canendo,
1291 829 1405 866 cum
1455 811 1567 881 ipso
1613 811 1849 868 Psalmo.

270 903 428 957 Vadit
471 915 590 958 ante
620 904 815 970 altare,
866 903 1018 972 (550)
1054 911 1099 962 et
1133 903 1305 970 fundit
1333 905 1469 974 quod
1505 905 1746 962 rernrtnsit
1793 904 1854 958 de

265 997 374 1066 ipsa
399 1013 538 1066 aqua
565 996 634 1049 ad
660 997 816 1049 basim
846 995 1047 1050 altaris.
1080 995 1148 1056 Et
1179 999 1452 1065 emergitur
1474 998 1636 1054 altare
1660 1001 1720 1054 de
1749 999 1851 1053 lin-

269 1097 380 1150 teo;
413 1085 570 1157 (551)
600 1097 772 1156 postea
808 1085 955 1154 oﬂ'ert
983 1087 1266 1151 incensum,
1295 1097 1342 1142 et
1384 1087 1538 1142 mittit
1569 1089 1734 1143 oleum
1762 1105 1852 1142 su-

269 1198 355 1249 per
381 1180 570 1246 altare,
625 1175 774 1248 (552)
807 1179 860 1231 in
889 1178 1050 1232 medio
1090 1193 1288 1236 crucem
1335 1178 1551 1246 faciens,
1606 1187 1651 1232 et
1704 1195 1854 1248 super

270 1281 486 1340 quatuor
517 1271 731 1342 angulos
748 1287 858 1326 cum
882 1269 1180 1336 Antipltona
1206 1272 1436 1325 canendo
1461 1271 1642 1326 Erexit
1667 1271 1854 1336 Iacob,

269 1381 386 1418 cum
410 1361 629 1416 Psalmo
655 1361 815 1429 (55-3)
843 1362 1204 1416 Fundamenta
1236 1362 1382 1430 ejus;
1416 1361 1567 1434 (554)
1598 1370 1644 1415 et
1675 1362 1856 1433 unguit

269 1470 384 1506 cum
415 1471 572 1506 manu
603 1470 696 1508 sua
739 1454 905 1522 ipsum
955 1452 1196 1522 lapidem,
1250 1470 1447 1521 semper
1496 1455 1756 1510 incensum
1805 1455 1857 1509 in

270 1545 486 1598 circuitu
533 1545 692 1614 ipsius
742 1545 920 1598 altaris
968 1544 1072 1598 alio
1119 1546 1378 1598 sacerdote
1413 1545 1651 1616 faciente.
1705 1543 1854 1613 Ροει,

271 1635 423 1707 (555)
454 1639 653 1706 expleto
705 1633 932 1701 Psalmo,
984 1636 1139 1689 mittit
1187 1638 1373 1694 iterum
1413 1637 1577 1694 oleum
1625 1637 1858 1692 similiter

276 1731 406 1784 sicut
453 1729 587 1793 prius
638 1727 866 1781 canendo
891 1727 1237 1796 Antiphonem
1265 1728 1415 1796 (556)
1443 1729 1594 1784 Mane
1636 1742 1857 1797 surgens

1954 531 2148 600 quique
2179 545 2272 600 per
2303 531 2556 587 famulum
2587 541 2733 588 tuum
2768 535 2980 606 Moysen
3012 539 3329 592 vestimenta
3358 541 3530 608 ponti-

1956 625 2130 679 ﬁcalia
2162 635 2216 680 et
2257 626 2632 693 sacerdotalia,
2681 644 2774 684 seu
2801 630 3058 694 Levitica,
3103 641 3155 685 et
3182 633 3284 684 alia
3308 646 3538 700 quaeque

1957 717 2154 773 diversi
2187 719 2398 784 generis
2426 730 2733 774 ornamenta
2766 722 2831 775 ad
2863 723 3061 778 cultum
3094 731 3146 777 et
3175 722 3424 777 decorem
3458 733 3532 776 ta-

1956 810 2229 866 bernaculi
2261 822 2311 866 et
2340 812 2520 867 altaris
2551 813 2622 866 tui
2663 813 2778 868 ﬁeri
2829 816 3140 878 decrevisti;
3171 815 3363 868 exaudi
3415 831 3539 883 pro-

1955 902 2120 971 pitius
2148 918 2338 972 preces
2371 915 2604 970 nostras,
2632 914 2683 959 et
2709 905 2886 960 omnia
2920 907 3032 960 haec
3055 906 3384 961 diversarum
3415 921 3540 975 spe-

1955 994 2155 1048 cierum
2188 1003 2526 1057 ornamenta,
2557 994 2610 1049 in
2659 1011 2814 1050 usum
2850 1006 2951 1052 tute
2981 996 3138 1066 hujus
3173 998 3411 1052 basilicas
3457 997 3538 1052 vel

1955 1085 2139 1139 altaris
2165 1085 2229 1139 ad
2264 1086 2519 1140 honorem
2552 1095 2603 1141 et
2623 1088 2846 1155 gloriam
2877 1097 3016 1143 tuam
3045 1101 3358 1158 preparato,
3385 1089 3540 1161 (ὅθι)

1957 1178 2237 1249 puriﬁcare
2254 1191 2306 1233 et
2329 1181 2685 1245 sanctiﬁcata,
2705 1181 3020 1238 benedicere
3037 1193 3092 1238 et
3107 1199 3426 1238 consecrare
3445 1199 3541 1252 per

1961 1280 2157 1324 nostrae
2190 1270 2501 1325 humilitatis
2539 1273 2844 1327 servitutem
2877 1273 3134 1343 digneris,
3166 1285 3222 1332 ut
3266 1284 3322 1328 et
3347 1275 3542 1330 divinis

1956 1363 2185 1425 cultibus
2227 1364 2503 1432 sacrisque
2549 1365 2858 1420 ministeriis
2888 1375 3009 1434 apta
3057 1369 3324 1433 existant,
3356 1375 3413 1422 et
3453 1368 3540 1422 his

1958 1453 2275 1508 conlectioni
2319 1455 2561 1524 corporis
2590 1464 2641 1508 et
2667 1457 2939 1524 sanguinis
2987 1456 3110 1510 Jesu
3166 1458 3367 1512 Christl-
3413 1458 3534 1513 Filii

1961 1546 2034 1599 tui
2070 1545 2278 1600 Domini
2327 1547 2492 1600 nostri
2521 1546 2694 1616 dignis
2726 1558 2970 1617 pareatur
3020 1549 3380 1605 fainulatibus.
3438 1552 3542 1618 Qui

1960 1644 2130 1692 tecum
2163 1637 2290 1692 vivit
2310 1648 2363 1691 et
2387 1647 2593 1708 regnat.

2029 1728 2164 1782 Alia.
2195 1756 2264 1768 —
2288 1726 2438 1797 (565)
2468 1725 2814 1796 Omnipotens
2845 1729 3166 1797 sempiterne
3197 1730 3336 1784 Deus
3355 1769 3370 1795 ,
3396 1745 3546 1801 aquo

272 1815 457 1885 Iacob,
484 1836 594 1871 cum
625 1816 834 1872 Psalmo
860 1818 1062 1872 Bonum
1089 1826 1171 1874 est
1193 1820 1430 1878 conﬁteri
1454 1820 1692 1874 Domino.
1727 1818 1848 1890 Ipso
1879 1824 1929 1890 Β
1953 1820 2126 1876 omnia
2151 1821 2421 1876 immunda
2446 1831 2757 1890 purgantur,
2789 1831 2842 1876 et
2873 1822 2923 1874 in
2963 1839 3067 1889 quo
3103 1824 3278 1877 omnia
3324 1834 3544 1893 purgata

271 1915 469 1986 expleto
519 1912 671 1985 (557)
729 1913 880 1966 mittit
934 1913 1152 1966 chrisma
1205 1913 1435 1966 similiter
1457 1913 1685 1970 canendo
1713 1914 1858 1970 Anti-

270 2009 497 2077 phonam
531 2007 666 2060 Ecce
693 2005 823 2059 odor
855 2005 977 2060 Filii
1009 2007 1134 2070 mei,
1166 2021 1280 2068 cum
1305 2003 1515 2068 Psalmo
1545 2005 1742 2071 Lauda,
1772 2005 1860 2060 Je-

268 2103 538 2170 rusalem,
588 2102 896 2166 Dominum.
933 2100 1065 2154 Item
1095 2100 1442 2168 Antiphonem
1478 2099 1636 2155 Unxit
1677 2109 1726 2154 te
1759 2102 1856 2156 Do-

267 2195 477 2261 minus,
507 2193 766 2262 Psalmum
794 2195 1063 2251 Eructavit
1093 2209 1186 2248 cor
1221 2208 1418 2248 meum.
1465 2192 1658 2247 Defnde
1684 2193 1737 2248 in
1765 2193 1860 2246 cir-

268 2289 420 2341 cuitu
475 2289 692 2344 ecclesia:
721 2305 811 2356 per
846 2288 1062 2356 parietes
1092 2286 1243 2358 (558)
1282 2287 1460 2341 dextro
1492 2287 1541 2340 in
1573 2287 1750 2342 dextro
1781 2285 1860 2354 fa-

264 2381 412 2436 ciens
443 2397 640 2434 crucem
677 2396 797 2434 cum
826 2379 1010 2448 pollice
1039 2378 1101 2432 de
1126 2379 1237 2446 ipso
1270 2377 1544 2431 chrismate
1571 2393 1682 2430 cum
1709 2375 1858 2430 Anti-

267 2475 444 2543 phona
476 2471 836 2536 Szinctiﬁcavit
869 2471 1144 2536 Dominus,
1180 2469 1449 2526 Psalmum
1499 2470 1717 2538 Magnus
1750 2469 1856 2523 Do-

269 2567 470 2633 minus,
497 2577 545 2620 et
574 2566 713 2622 Ecce
745 2581 904 2619 nunc.
939 2563 1067 2618 Item
1100 2564 1220 2618 dicit
1251 2563 1602 2632 Antipttonam
1631 2561 1861 2631 Lapides

269 2661 521 2730 pretiosi,
576 2660 840 2714 Psalmum
896 2659 1096 2724 Lauda,
1130 2658 1448 2714 Jerusalem.
1509 2657 1663 2727 (559)
1725 2655 1858 2714 Inde

271 2755 471 2826 [aciem
523 2771 727 2813 crucem
773 2753 963 2810 incensi
1010 2769 1161 2822 super
1214 2752 1377 2806 altare
1431 2749 1857 2806 dicit:0remus.

271 2846 557 2912 Diaconos,
590 2856 646 2906 ut
690 2863 870 2918 supra.
898 2844 964 2902 Et
992 2846 1116 2900 dicit
1165 2845 1456 2900 Orationem
1481 2860 1636 2911 super
1676 2843 1856 2898 altare.

347 2939 441 2993 Dei
471 2939 647 2996 Patris
681 2937 1062 3007 omnipotentis
1102 2934 1547 3001 misericordiam,
1574 2933 1860 2988 dilectissi-

268 3030 345 3086 mi
378 3029 591 3094 lratres,
624 3029 996 3097 deprecemur,
1030 3039 1083 3083 ut
1116 3028 1217 3082 hoc
1249 3027 1416 3080 altare
1443 3025 1717 3092 sacriﬁciis
1747 3025 1862 3094 spi-

269 3122 556 3178 ritualibus
585 3121 1008 3176 consecrandum
1053 3120 1201 3174 vocis
1231 3128 1428 3174 nostra:
1451 3127 1702 3174 exoratus
1731 3117 1858 3172 ofﬁ-

1963 1913 2282 1978 clarescunt,
2317 1913 2585 1980 supplices
2617 1913 2796 1968 famuli
2827 1914 2902 1968 tui
2936 1924 3077 1968 tuam
3106 1917 3544 1986 omnipotentiam

1969 2004 2300 2067 invocamus,
2325 2012 2382 2055 ut
2409 2003 2475 2056 ab
2506 2003 2606 2056 hoc
2636 2019 2780 2069 vase,
2813 2005 2895 2058 vel
2926 2007 3263 2070 vestimento,
3297 2024 3416 2075 qtue
3450 2008 3544 2062 tibi

1961 2093 2195 2156 oll'erunt
2234 2095 2413 2152 famuli
2461 2097 2530 2149 tui
2585 2094 2700 2159 ΙΙΙ..
2751 2097 2924 2150 omnis
2972 2097 3189 2162 spiritus
3237 2097 3542 2153 immundus

1963 2186 2214 2244 confusus
2246 2187 2402 2258 longe
2429 2188 2688 2252 discedat,
2725 2197 2778 2243 et
2809 2204 2902 2256 per
2951 2190 3068 2242 ﬁdei
3119 2189 3546 2247 benedictionem

1966 2281 2089 2335 huic
2121 2291 2304 2334 sancto
2332 2281 2485 2335 altari
2515 2287 2603 2334 tuo
2631 2282 2737 2335 sint
2759 2281 3018 2348 perlecta,
3049 2288 3102 2334 et
3131 2281 3280 2335 utilia
3312 2282 3380 2335 ad
3409 2297 3546 2349 opus

1971 2373 2249 2428 ministerii
2280 2373 2386 2437 tui,
2421 2382 2473 2428 te
2506 2373 2762 2442 juvante,
2793 2374 3118 2429 sanctiﬁcata
3167 2385 3546 2443 permaneant.

1964 2464 2064 2518 Per
2095 2465 2372 2520 Dominum
2397 2471 2636 2519 nostrum
2659 2463 2868 2520 Jesum.

2037 2559 2186 2631 (566)
2216 2569 2241 2596 α
2281 2558 2576 2614 Benedictio
2604 2575 2755 2629 super
2777 2575 2964 2613 munus
2991 2561 3127 2628 quod
3163 2561 3275 2629 quis
3309 2558 3550 2614 Ecclesiae

1964 2651 2376 2717 o/Iert.—Deus,
2391 2651 2538 2718 cujus
2556 2651 2718 2704 verbo
2729 2658 2782 2704 et
2796 2651 3025 2718 potentia
3043 2651 3174 2705 iacta
3192 2660 3317 2704 sunt
3335 2651 3538 2715 omnia,

1964 2743 2118 2814 cujus
2140 2743 2282 2800 dono
2327 2742 2645 2812 percipimus
2677 2757 2794 2811 quin
2826 2741 2890 2795 ad
2913 2743 3035 2796 vita:
3059 2740 3352 2796 remedium
3382 2741 3550 2810 possi-

1964 2839 2172 2903 demus,
2207 2849 2258 2892 te
2280 2837 2548 2906 supplices
2585 2836 2731 2890 nixis
2773 2835 3020 2904 precibus
3059 2849 3366 2899 exoramus,
3400 2844 3454 2887 ut
3483 2834 3550 2888 de

1965 2934 2093 2990 sede
2117 2930 2409 3001 Majestatis
2438 2941 2542 2984 tua:
2587 2928 2711 2983 huic
2734 2927 2986 2982 oblationi
3037 2927 3272 2982 ﬁdelium
3315 2927 3550 2980 sanctiﬁ-

1965 3034 2114 3080 cator
2141 3023 2382 3080 accedas.
2433 3021 2656 3092 Suscipe
2687 3022 2754 3076 de
2790 3036 2950 3076 manu
3000 3021 3318 3075 famulorum
3344 3028 3550 3075 tuorum

1966 3117 2062 3174 Ill.
2089 3133 2280 3174 nonius
2298 3117 2559 3184 oblatum,
2582 3113 2726 3184 quod
2750 3130 2779 3169 a
2798 3123 2884 3168 tua
2907 3114 3190 3169 clementia
3215 3112 3551 3169 benedictum

268 3214 359 3270 eio
381 3214 633 3281 praesenti
664 3213 1038 3269 benedictione
1057 3211 1374 3278 sanctiﬁcat,
1406 3220 1460 3265 ut
1486 3211 1625 3264 ineo
1645 3225 1857 3278 semper
1887 3215 1932 3278 C
1967 3213 2018 3268 in
2052 3212 2209 3282 hujus
2257 3209 2544 3264 sanctuarii
2574 3208 2646 3263 tui
2692 3222 2844 3262 usum
2897 3215 3108 3262 maneat
3157 3216 3550 3262 consecratum.

272 3303 583 3364 oblationes
633 3305 949 3362 famulorum
975 3319 1191 3359 suorum
1220 3303 1399 3358 studio
1427 3318 1538 3358 sua:
1563 3302 1862 3356 devotionis

273 3399 556 3468 impositas
612 3397 933 3453 benedicere
987 3405 1042 3452 et
1089 3395 1427 3452 sanctiﬁcare
1478 3395 1746 3464 dignetur,
1809 3404 1862 3449 et

268 3489 498 3558 spiritali
528 3488 766 3559 placatus
795 3491 1015 3542 incenso
1035 3487 1271 3556 precanti
1298 3485 1513 3540 familize
1536 3499 1648 3540 suae
1677 3499 1860 3552 prom-

269 3590 400 3652 ptus
428 3579 709 3636 exauditor
733 3579 970 3633 assisutt.
1021 3578 1116 3634 Per
1163 3577 1446 3637 Dominum
1487 3583 1728 3630 nostrum
1769 3574 1860 3628 Je-

269 3683 396 3725 sum
423 3666 692 3722 Christum
723 3666 918 3722 Filium
947 3674 1092 3722 tuum
1125 3665 1211 3734 qui
1241 3675 1520 3722 venturus.
1553 3662 1751 3718 Iterum
1781 3663 1864 3719 di-

269 3762 388 3816 cit:
416 3759 662 3816 Oremus.
688 3758 953 3814 Diaconos
980 3767 1034 3812 ut
1057 3774 1235 3827 supra.

353 3852 598 3917 Sequitur
622 3851 940 3907 Benedictio.
973 3882 1037 3893 —
1065 3853 1206 3908 Deus
1237 3852 1599 3920 omnipotens,
1631 3850 1684 3904 in
1711 3851 1862 3919 cujus

270 3946 484 4002 honore
495 3945 666 4000 altare
686 3944 786 3999 hoc
809 3944 962 4015 (560)
977 3943 1079 4002 sub
1099 3945 1432 4000 inuocatione
1452 3944 1524 3998 tui
1541 3943 1773 3998 nominis
1795 3945 1867 3997 in-

267 4036 420 4105 digni
431 4049 832 4101 consecramus,
846 4035 1081 4091 clemens
1101 4043 1155 4090 et
1179 4036 1439 4104 propitius
1453 4049 1639 4105 preces
1665 4044 1866 4090 nostra

268 4130 595 4186 humilitatis
614 4127 830 4194 exaudi,
852 4137 903 4184 et
927 4139 1117 4198 praesta
1148 4127 1282 4183 utin
1308 4128 1404 4183 hac
1429 4142 1610 4182 mensa
1635 4128 1740 4183 sint
1769 4127 1864 4184 tibi

268 4223 529 4279 libamina
559 4222 717 4295 150
731 4232 974 4290 accepta,
988 4221 1094 4274 sint
1112 4229 1284 4291 grata,
1300 4219 1408 4275 sint
1429 4220 1662 4289 pinguia,
1682 4219 1865 4288 etSpi-

266 4320 411 4377 ritus
423 4321 594 4374 sancti
613 4319 689 4372 tui
707 4333 917 4387 semper
936 4333 1057 4372 rore
1077 4317 1307 4384 perfusa,
1326 4325 1381 4370 ut
1397 4319 1539 4370 omni
1557 4327 1794 4387 tempore
1810 4319 1864 4372 in

269 4411 382 4469 hoc
399 4411 517 4466 loco
539 4409 888 4478 supplicantis
915 4409 1007 4464 tibi
1031 4409 1240 4466 lamilite
1261 4418 1365 4464 tum
1397 4408 1698 4464 anxietates
1729 4411 1866 4464 rele-

270 4519 397 4572 ves,
429 4502 772 4572 aegritudines
818 4517 994 4566 cures,
1026 4516 1213 4571 preces
1247 4500 1520 4565 exaudias,
1552 4510 1670 4556 vota
1693 4502 1866 4557 susci-

270 4599 422 4668 pias,
449 4596 752 4652 desiderata
782 4593 1104 4660 conﬁrmes,
1135 4593 1415 4668 postulata
1437 4593 1721 4649 concedas.
1767 4593 1867 4650 Per

266 4691 582 4748 Dominum.

343 4781 549 4840 Deinde
573 4779 699 4838 dicit
723 4778 1070 4850 Antiphonem
1105 4777 1375 4836 Conﬁrma
1402 4778 1507 4835 hoc
1536 4779 1676 4835 Deus
1698 4819 1712 4845 ,
1746 4795 1866 4833 cum

343 4887 482 4927 0112.

343 4888 375 4926 o
410 4887 482 4927 ta.

269 4873 506 5035 Gl(£61)
542 4963 771 5028 Deinde,
819 4961 1102 5017 tenentibus
1141 4961 1467 5016 subdiaconis
1511 4960 1586 5014 uel
1611 4960 1865 5030 acolytltis

269 5058 596 5119 linteamina,
618 5057 696 5109 vel
719 5056 890 5109 omnia
910 5062 1210 5108 ornamenta
1253 5053 1496 5115 ecclesiae,
1524 5069 1611 5105 seu
1635 5068 1757 5105 vasa
1779 5069 1866 5106 sa—

271 5168 366 5205 cra
385 5165 698 5220 quacunque
720 5147 789 5201 ad
814 5147 1010 5204 cultum
1038 5145 1134 5200 Dei
1159 5155 1209 5199 et
1242 5145 1462 5200 ecclesia:
1490 5145 1742 5215 pertinere
1782 5143 1862 5197 vi-

270 5245 482 5310 dentur,
513 5241 759 5296 benedirit
783 5256 842 5295 ea
863 5240 1108 5310 pontifex.

347 5333 642 5388 Benedictio
671 5331 823 5400 (562)
867 5332 936 5384 ad
981 5330 1311 5395 linteamina,
1364 5330 1440 5382 vel
1484 5330 1552 5382 ad
1606 5328 1778 5382 omnia
1810 5329 1863 5382 in

273 5442 426 5478 usum
475 5424 722 5478 basilicae.
765 5420 1010 5494 —(565)
1058 5420 1404 5488 Omnipotens
1456 5429 1509 5473 et
1560 5419 1864 5473 misericors

276 5515 446 5582 Deus,
491 5516 581 5586 qui
625 5518 693 5568 ab
743 5513 896 5569 initio
943 5513 1091 5566 utilia
1124 5521 1177 5568 et
1221 5510 1524 5566 necessaria
1559 5510 1865 5564 hominibus

273 5608 493 5673 creasti,
517 5609 821 5678 templaque
851 5621 1010 5661 manu
1043 5605 1319 5660 hominum
1347 5604 1481 5658 facta
1522 5603 1720 5656 nomini
1753 5615 1868 5656 san-

353 5758 376 5783 “
399 5749 524 5804 Haec
545 5747 849 5804 benedictio
880 5744 1068 5802 iisdem
1099 5755 1236 5813 pene
1257 5739 1437 5797 verbis
1455 5719 1719 5806 legitur'in
1743 5742 1853 5790 vet.

273 5822 517 5878 Sacram.
541 5821 679 5877 Gali.

1969 3306 2085 3362 Sint
2127 3305 2238 3359 hmc
2279 3305 2332 3359 in
2359 3311 2646 3372 conspectu
2700 3313 2788 3358 tuo
2837 3302 3065 3356 libenter
3113 3313 3352 3368 accepta,
3403 3300 3544 3355 sicut

1965 3399 2234 3469 quondam
2268 3399 2398 3455 Abel
2426 3399 2626 3454 alumni
2659 3397 2755 3460 tui,
2788 3397 2869 3450 vel
2902 3394 3303 3450 Melchisedech
3333 3409 3552 3448 munera

1966 3493 2060 3547 tibi
2093 3494 2403 3561 placuerunt
2430 3491 2628 3544 oblata.
2667 3489 2734 3544 Et
2754 3488 2874 3558 quia
2903 3487 2974 3542 ob
3011 3488 3267 3539 honorem
3304 3486 3376 3538 tui
3407 3500 3545 3539 amo-

1965 3583 2042 3640 ris
2070 3585 2352 3638 ecclesiam
2385 3591 2525 3636 luam
2555 3579 2778 3635 summis
2819 3579 3060 3633 nituntur
3086 3575 3346 3632 decorare
3391 3577 3551 3630 obse-

1967 3676 2126 3744 quiis,
2162 3687 2214 3728 tu
2243 3680 2340 3738 eis,
2370 3674 2611 3737 Domine,
2643 3686 2832 3740 magna
2860 3686 2957 3740 pro
2976 3670 3153 3738 parvis
3177 3681 3550 3736 recompensa,

1967 3777 2046 3833 ut,
2091 3769 2428 3822 devotionem
2469 3781 2652 3824 eorum
2693 3765 2983 3832 accipiens,
3034 3771 3250 3832 peccata
3294 3762 3554 3826 dimittas,

1968 3861 2074 3916 ﬁde
2095 3876 2192 3918 eos
2213 3860 2444 3926 replens,
2471 3857 2794 3926 indulgentia
2820 3857 3018 3917 foveas,
3044 3854 3407 3907 misericordia
3433 3866 3552 3918 pro-

1969 3963 2134 4022 tegas,
2163 3953 2385 4006 adversa
2415 3949 2683 4010 destruas,
2715 3960 2966 4016 pr05pera
2992 3945 3274 3998 concedas.
3313 3943 3552 3998 [labeant

1968 4047 2020 4102 in
2052 4046 2151 4100 hoc
2176 4044 2373 4099 saeculo
2401 4043 2552 4097 home
2581 4039 2804 4096 actionis
2829 4036 3214 4093 documentum
3231 4076 3248 4099 ,
3272 4034 3552 4088 charitatis

1969 4141 2236 4206 studium,
2302 4138 2472 4196 sancti
2511 4138 2718 4192 amoris
2746 4135 2993 4190 eﬁ'ectum
3013 4175 3027 4199 ,
3059 4142 3113 4188 et
3142 4134 3192 4187 in
3227 4132 3402 4186 futuro
3431 4147 3551 4186 cum

1969 4233 2166 4289 sanctis
2196 4233 2400 4302 angelis
2419 4229 2784 4299 adipiscantur
2826 4235 3136 4296 perpetuum
3170 4240 3414 4295 regnum.
3451 4223 3553 4278 Per

1971 4328 2274 4383 Dominum.

2048 4418 2200 4489 151
2242 4416 2379 4470 Alia.
2410 4442 2480 4456 --
2509 4413 2714 4469 Exaudi
2760 4427 2881 4477 nos,
2913 4413 3171 4489 Domine,
3220 4424 3550 4478 quaesumus,

1968 4521 2027 4568 ut
2071 4512 2185 4567 hinc
2229 4507 2558 4576 linteamina,
2605 4507 2814 4575 aliaque
2859 4503 3189 4570 indumenta,
3241 4516 3450 4557 necnon
3500 4509 3554 4555 et

1891 4620 1950 4682 D
1972 4617 2097 4659 vasa
2129 4611 2314 4657 sancto
2355 4601 2504 4655 altari
2535 4609 2627 4654 tuo
2655 4609 2812 4668 atque
2839 4597 3082 4652 ecclesiis
3121 4605 3225 4650 tua;
3251 4603 3553 4664 cunctaque

1971 4694 2110 4750 sacri
2132 4692 2410 4748 ministerii
2445 4691 2566 4745 usui
2595 4699 2910 4759 praeparata,
2940 4687 3259 4744 benedicere
3279 4695 3334 4742 et
3356 4686 3553 4741 sancti-

1971 4790 2134 4845 ﬁcare
2157 4787 2415 4859 digneris.
2447 4785 2550 4840 Per
2585 4782 2874 4838 Dominum
2915 4789 3154 4836 nostrum
3182 4779 3372 4836 Iesum
3399 4778 3556 4834 (ibri-

1968 4891 2291 5042 su:::i(567)
2318 4973 2718 5022 consecrandam
2748 4971 3010 5034 patenum.
3050 4992 3122 5007 --
3153 4959 3300 5030 (568)
3347 4961 3554 5016 Conse-

1966 5079 2176 5119 cramus
2208 5069 2265 5116 et
2287 5059 2682 5114 sanctiﬁeamus
2730 5055 2867 5112 hanc
2907 5063 3187 5123 patenam,
3236 5051 3263 5092 δ
3289 5053 3356 5108 ad
3387 5055 3554 5109 conli-

1972 5158 2223 5212 ciendum
2268 5155 2320 5208 in
2355 5168 2415 5207 ea
2464 5165 2659 5219 corpus
2707 5149 2917 5204 Domini
2970 5150 3137 5203 nostri
3179 5146 3306 5203 Jesu
3353 5146 3553 5202 Christi

1972 5247 2223 5321 patientis
2251 5260 2467 5300 erucem
2499 5259 2592 5312 pro
2621 5244 2794 5298 salute
2824 5256 3003 5296 nostra
3025 5242 3283 5304 omnium,
3314 5241 3402 5310 qui
3426 5254 3547 5292 cum

1972 5338 2129 5395 Patre
2159 5347 2208 5391 et
2233 5335 2431 5405 Spiritu
2458 5343 2643 5388 sancto
2668 5333 2799 5387 vivit
2827 5341 2880 5388 et
2907 5342 3092 5402 regnat
3115 5349 3206 5403 per
3235 5337 3426 5385 cuncta
3451 5344 3552 5383 s2-

1971 5434 2087 5490 cula
2113 5431 2449 5488 saeculorum.
2478 5432 2665 5484 Amen.

2040 5525 2190 5598 (5'63)
2231 5525 2361 5578 Inde
2390 5525 2580 5593 faciens
2610 5523 2809 5593 signum
2833 5521 2998 5576 crucis
3037 5521 3101 5574 de
3125 5519 3235 5572 aleo
3257 5525 3433 5569 sancto
3463 5532 3549 5570 su-

1970 5633 2061 5688 per
2083 5626 2342 5685 patenum,
2365 5598 2508 5667 didit.

2036 5727 2062 5766 δ
2093 5727 2383 5854 Ιιιῑιιιιοὺιιε
2411 5727 2617 5784 Theod.
2651 5744 2664 5782 :
2696 5726 2776 5780 Ad
2809 5721 3238 5792 confringendum
3277 5721 3330 5774 in
3354 5739 3414 5777 ea
3436 5740 3541 5786 cor-

2038 5817 2084 5854 s.
2118 5816 2148 5854 e
2173 5814 2222 5854 c.

1969 5817 2084 5875 pus,
2118 5814 2222 5856 etc.
