4064 6350
530 336 635 395 159

1702 340 1945 397 SANCTI
1986 338 2315 398 GREGORII
2353 341 2573 399 MAGNI

3689 351 3788 408 160

598 450 928 505 Consecrare
954 456 1009 505 et
1037 450 1374 506 sanctiﬁcare
1401 450 1664 520 digneris,
1715 451 1960 516 Domine,
2015 466 2109 522 pa-
2136 457 2189 516 Α
2287 452 2519 510 Oremus.
2570 482 2639 493 ——
2675 452 2827 524 (578)
2854 453 3081 510 Domum
3110 464 3281 526 tuam,
3311 473 3635 527 quaesumus.
3683 461 3789 517 Do-

529 549 706 596 tenam
721 542 859 595 hanc
872 557 965 611 per
977 543 1131 596 istam
1146 542 1450 597 unctionem
1466 552 1520 599 et
1537 552 1769 597 nostram
1787 542 2108 598 benedictio-

528 648 671 699 nem,
702 634 753 688 in
796 634 1013 688 Christo
1044 634 1169 689 Jesu
1213 635 1439 690 Domino
1467 646 1669 699 nostro,
1695 636 1783 704 qui
1817 637 1980 702 vivis,
2002 645 2105 690 etc.

599 724 748 796 (570)
791 725 1086 780 Benedictio
1135 738 1353 797 patente.
1384 758 1456 769 —
1488 729 1728 795 Domine,
1766 730 1908 783 Deus
1937 728 2111 783 omni-

529 825 739 883 potens,
788 818 875 886 qui
906 832 1001 886 per
1042 817 1256 887 Moysen
1288 819 1540 873 famulum
1592 828 1737 873 tuum
1784 821 2112 875 tabernaculi

531 909 602 962 tui
631 908 797 963 altare
818 947 835 975 ,
866 917 921 963 et
948 924 1076 963 vasa
1106 910 1285 964 omnia
1331 910 1509 965 divino
1550 912 1715 966 cultui
1759 912 2106 981 mancipasti,

526 999 863 1054 clementiam
897 1010 1043 1057 tuam
1076 1004 1348 1072 supplices
1377 1004 1764 1073 deprecamur,
1799 1015 1856 1060 ut
1893 1007 1994 1063 hoc
2021 1022 2114 1063 vas

456 1162 461 1167 ἢ
531 1097 708 1157 aptum
741 1091 968 1147 cultibus
1006 1093 1133 1158 tuis,
1165 1093 1487 1162 dignumque
1536 1095 1789 1151 altaribus
1817 1097 2029 1163 reddas,
2057 1106 2115 1153 ut

528 1182 918 1237 sanctiﬁcatum
949 1184 1001 1237 in
1036 1184 1251 1237 nomine
1280 1193 1396 1250 tuo,
1423 1187 1664 1253 corporis
1695 1187 1769 1240 tui
1819 1191 2111 1257 pretiosum

528 1271 786 1325 {erculum
818 1274 1127 1343 deputetur.
1161 1272 1260 1338 Qui
1303 1276 1441 1329 vivis
1484 1285 1538 1330 et
1578 1291 1770 1345 regnas
1798 1292 1918 1332 cum
1958 1279 2115 1336 Patre

534 1364 588 1419 in
622 1367 823 1422 unitate
854 1366 1079 1436 Spiritus
1123 1368 1312 1435 sancti,
1346 1384 1440 1437 per
1467 1372 1646 1426 omnia
1674 1373 1865 1429 saecula
1892 1375 2116 1430 saeculo-

532 1470 677 1512 rum.
710 1461 896 1513 Amen.

603 1550 751 1620 (571)
775 1552 853 1603 Ad
884 1561 909 1588 ἰ
937 1552 1149 1606 calicem
1179 1544 1592 1609 benedicendum.
1622 1554 1956 1622 -—Oremus,
1984 1557 2116 1614 dile-

534 1642 759 1696 ctissimi
792 1644 1001 1707 fratres,
1032 1654 1086 1697 ut
1120 1646 1374 1701 Dominus
1424 1647 1563 1701 Deus
1607 1659 1788 1704 noster
1815 1650 2033 1706 calicem
2064 1653 2115 1707 in

535 1749 685 1787 usum
732 1735 811 1788 sui
858 1736 1141 1791 ministerii
1169 1738 1594 1793 consecrandum
1646 1741 1879 1795 caelestis
1932 1745 2115 1811 gratiae

2209 546 2376 607 mine,
2408 545 2701 601 clementer
2732 547 3044 618 ingredere,
3075 558 3129 604 et
3156 549 3208 603 in
3241 560 3455 605 tuorum
3496 550 3589 606 tibi
3616 554 3789 609 cordi-

2210 636 2308 690 bus
2340 634 2572 691 fldelium
2595 647 2901 706 perpetuam
2924 638 3189 695 constitue
3222 642 3579 709 mansionem,
3613 651 3673 698 ut
3694 660 3788 701 cu-

2205 726 2294 797 jus
2322 726 2675 782 aedificatione
2697 728 2963 798 subsistit,
2989 729 3148 800 hujus
3179 730 3272 786 ﬁat
3296 731 3624 791 habitatione
3654 749 3792 806 pra:-

2216 819 2379 873 clara.
2407 819 2511 874 Per
2533 817 2835 875 Dominum.

2273 913 2410 966 Alia.
2436 942 2509 952 —
2533 912 2763 969 Oremus.
2788 915 2952 979 Deus,
2993 917 3087 985 qui
3127 908 3508 974 sacrandorum
3558 921 3656 975 tibi
3693 937 3791 976 au-

2213 1013 2329 1059 ctor
2357 1019 2415 1059 es
2447 1020 2729 1061 munerum
2749 1046 2764 1070 ,
2795 1005 3010 1061 effunde
3037 1022 3199 1075 super
3249 1010 3384 1063 hanc
3413 1010 3671 1066 orationis
3698 1013 3795 1068 do-

2213 1110 2358 1152 mum
2389 1096 2819 1155 benedictionem
2846 1108 3013 1164 tuam,
3044 1109 3102 1155 ut
3130 1102 3197 1154 ab
3242 1102 3490 1159 omnibus
3516 1104 3602 1158 hic
3649 1105 3798 1160 invo-

2213 1189 2453 1244 cantibus
2482 1204 2674 1246 nomen
2714 1198 2863 1246 tuum
2887 1192 3213 1248 defensionis
3243 1203 3349 1249 tuae
3378 1196 3636 1251 auxilium
3664 1212 3794 1253 seu-

2218 1280 2405 1335 tiatur.
2438 1281 2540 1337 Per
2569 1282 2855 1339 Dominum
2901 1294 3141 1339 nostrum
3179 1285 3361 1340 Jesum
3405 1286 3676 1343 Christum
3712 1290 3800 1345 Fi-

2212 1372 2365 1425 lium.

2292 1462 2487 1519 Deinde
2532 1476 2746 1538 pergant
2790 1469 2858 1521 ad
2897 1468 3062 1523 altare
3083 1510 3098 1535 ,
3129 1469 3219 1524 ubi
3269 1472 3548 1527 condenda:
3575 1481 3729 1540 sunt,
3758 1484 3805 1529 et

2217 1554 2373 1626 (579)
2401 1568 2609 1612 extenso
2651 1560 2760 1614 velo
2781 1560 2913 1615 inter
2941 1576 3025 1614 eos
3047 1570 3094 1614 et
3138 1562 3414 1633 papulum,
3458 1570 3510 1618 et
3554 1569 3805 1621 recondat

2220 1650 2448 1718 pontifex
2491 1652 2702 1719 propria
2749 1668 2905 1706 manu
2951 1656 3091 1721 ipsas
3132 1655 3377 1724 reliquias
3408 1654 3563 1725 (580)
3607 1659 3805 1713 inloco

2219 1736 2416 1803 altaris,
2468 1742 2698 1795 canendo
2757 1743 3102 1812 Antiphonam
3152 1745 3477 1802 Exultabunt
3525 1749 3698 1804 sancti
3754 1750 3807 1806 in

534 1824 881 1892 inspiratione
907 1826 1200 1881 sanctilicet
1221 1868 1236 1893 ,
1281 1838 1333 1882 et
1375 1829 1437 1882 ad
1472 1830 1751 1885 humanam
1784 1833 2110 1889 benedictio—
2145 1833 2196 1894 B
2219 1830 2406 1899 gloria.
2435 1829 2585 1901 (581)
2612 1849 2729 1886 cum
2753 1833 2964 1889 Psalmo
2984 1836 3220 1893 Laudato
3238 1838 3520 1894 Dominum
3542 1840 3609 1895 de
3632 1842 3807 1897 ccelis.

534 1935 651 1972 nem
684 1920 1067 1986 plenitudinem
1113 1921 1276 1974 divini
1323 1920 1522 1978 favoris
1572 1927 1960 1982 accommodet.
2016 1928 2117 1985 Per

534 2007 833 2064 Dominum.

603 2100 736 2154 Item
766 2103 891 2155 alia.
924 2132 994 2142 —
1022 2102 1258 2159 Oremus.
1307 2105 1555 2175 Dignare,
1596 2110 1849 2177 Domine,
1894 2114 2114 2168 calicem

471 2229 477 2235 ο
538 2193 691 2248 istum
722 2196 773 2248 in
804 2212 957 2249 usum
985 2197 1266 2251 ministerii
1296 2200 1390 2265 tui,
1422 2199 1571 2272 (572)
1600 2204 1684 2269 pia
1713 2202 1892 2257 famuli
1918 2206 1988 2257 tui
2021 2202 2114 2260 Ill.

536 2284 817 2339 devotione
849 2286 1172 2353 formatum,
1225 2304 1287 2342 ea
1332 2292 1757 2347 sanctificatione
1806 2296 2118 2361 perfundere

536 2394 640 2446 qua
668 2378 1059 2434 Melchisedech
1108 2380 1292 2434 famuli
1336 2383 1413 2436 tui
1441 2396 1705 2439 sacratum
1753 2388 1971 2442 calicem
2002 2404 2120 2457 per-

536 2472 736 2527 fodisti.
762 2472 824 2527 Et
848 2472 989 2542 quod
1018 2483 1151 2539 arte,
1182 2473 1263 2527 vel
1287 2476 1501 2529 metallo
1523 2477 1665 2531 efﬁci
1696 2494 1801 2532 non
1834 2489 2011 2547 potest
2039 2483 2118 2535 al-

536 2564 739 2619 taribus
772 2562 873 2619 tuis
900 2564 1134 2634 dignum,
1176 2565 1265 2619 ﬁat
1287 2572 1375 2619 tua
1406 2566 1777 2623 benedictione
1801 2572 2114 2638 pretiosum.

538 2655 660 2708 Per.

606 2748 739 2800 Item
771 2747 797 2786 b
820 2750 945 2803 alia.
976 2778 1048 2789 -—
1080 2750 1230 2822 (575)
1272 2751 1433 2817 Deus,
1477 2753 1567 2822 qui
1600 2753 1766 2823 Moysi
1798 2754 1996 2808 famulo
2029 2765 2119 2811 tuo

540 2838 587 2890 in
621 2840 795 2894 lloreb
835 2850 1016 2896 monte
1045 2845 1310 2899 servanda
1355 2847 1551 2913 populo
1598 2854 1687 2901 tuo
1720 2859 1983 2917 praecepta
2009 2850 2120 2904 dis-

540 2942 738 2993 ponens
791 2931 1048 3000 templum
1093 2945 1336 2990 sanctum
1372 2946 1514 2989 tuum
1565 2938 1792 3006 qualiter
1832 2940 2120 2998 aediﬁcaret

542 3021 839 3092 instituisti,
881 3041 1029 3079 sacra
1056 3043 1265 3096 quoque
1304 3044 1429 3082 vasa
1460 3044 1577 3098 quae
1627 3031 1811 3086 inferri
1842 3033 1995 3087 altari
2026 3042 2118 3089 tuo

543 3110 798 3167 deberent
820 3115 884 3168 ad
914 3117 1080 3171 instar
1107 3134 1354 3173 vasorum
1387 3121 1681 3175 caelestium
1706 3125 1953 3188 docuisti,
1992 3141 2114 3195 pre-

2222 1922 2354 1979 ]tem
2401 1926 2751 1998 Antiphonem
2774 1928 3000 1984 Cautate
3026 1929 3254 1985 Domino
3277 1932 3542 1987 canticum
3571 1948 3772 1989 novum
3792 1973 3808 2001 ,

2222 2013 2489 2070 Psalmum
2520 2019 2708 2089 ipsum.
2758 2019 2896 2075 Item
2948 2020 3296 2089 Antiphonam
3344 2022 3456 2077 Sub
3500 2023 3668 2078 altare
3710 2025 3810 2081 Dei

2219 2108 2375 2162 sedes
2424 2110 2744 2178 accepistis,
2806 2110 3079 2166 Psatmum
3126 2113 3367 2168 Laudate
3413 2113 3701 2170 Dominum
3751 2117 3808 2171 in

2219 2200 2421 2255 sanctis
2442 2202 2578 2271 ejus.
2611 2202 2790 2258 Finito
2817 2208 2911 2258 hoc
2939 2204 3074 2258 dicat
3100 2204 3234 2259 hanc
3257 2207 3555 2260 orationem.

2298 2292 2533 2347 Oremus.
2567 2319 2633 2333 —-
2657 2295 2820 2363 Deus,
2845 2297 2935 2363 qui
2959 2312 3024 2351 ex
3055 2300 3199 2351 omni
3225 2298 3568 2367 coaptatione
3590 2308 3811 2353 sancto-

2223 2397 2343 2438 rum
2365 2394 2623 2439 a‘ternum
2650 2386 2744 2440 tibi
2771 2386 2958 2442 condis
2979 2386 3362 2451 habitaculum,
3384 2387 3450 2441 da
3473 2387 3813 2443 aediﬁcationi

2225 2486 2329 2531 tuae
2383 2477 2713 2533 incrementa
2760 2479 3023 2545 coelesﬁa,
3079 2488 3135 2533 ut
3164 2493 3389 2548 quorum
3435 2479 3523 2534 hic
3550 2480 3810 2551 reliquias

2224 2569 2316 2637 pio
2346 2583 2530 2624 amore
2572 2570 2997 2638 complectimur,
3023 2585 3212 2625 eorum
3244 2586 3458 2640 semper
3481 2571 3691 2629 meritis
3719 2572 3814 2628 ad-

2216 2658 2483 2727 juvemur.
2515 2659 2617 2713 Per
2644 2660 2935 2715 Dominum

2294 2750 2451 2819 (582)
2493 2749 2622 2804 Post
2655 2753 2763 2806 Ιιωο
2815 2754 3057 2807 vestiatur
3102 2754 3264 2809 altare
3309 2753 3460 2825 (585)
3504 2772 3624 2811 cum
3661 2758 3817 2811 Anti-

2221 2842 2467 2913 phonaln
2489 2844 2790 2900 velamento
2826 2845 3031 2899 alarum
3067 2831 3298 2912 tuarum,
3328 2845 3596 2901 Psalmum
3639 2847 3818 2915 Deus,

2233 2936 2376 2991 Deus
2437 2951 2631 3003 meus,
2679 2936 2747 2992 ad
2801 2947 2853 2993 te
2906 2937 3025 2993 luce
3078 2938 3259 3008 vigilo.
3320 2937 3391 2991 Et
3450 2939 3651 2993 dicatur
3704 2940 3820 2996 hac

2225 3026 2405 3081 Oratio
2434 3043 2456 3082 :

2295 3119 2531 3173 Oremus.
2561 3149 2632 3161 --
2661 3120 2978 3187 Descendat,
3008 3112 3331 3190 quaesumus,
3367 3120 3622 3187 Domine,
3667 3120 3819 3177 Deus

543 3216 723 3257 camur
753 3214 809 3258 ut
855 3205 994 3262 hunc
1021 3208 1260 3275 calicem,
1320 3212 1373 3263 in
1406 3226 1510 3279 quo
1564 3214 1888 3269 celebraturi
1937 3233 2117 3271 sumus

2224 3223 2429 3276 noster,
2464 3212 2699 3282 Spiritus
2728 3222 2946 3266 sanctus
2994 3222 3117 3265 tuus
3164 3226 3323 3280 super
3352 3211 3454 3265 hoc
3499 3212 3689 3279 altare,
3726 3196 3820 3282 qui

544 3308 878 3353 sacrosancta
909 3302 1186 3371 mysteria,
1218 3304 1509 3359 emissione
1548 3311 1718 3362 sancti
1769 3310 2002 3379 Spiritus
2046 3313 2121 3367 tui

543 3389 746 3444 emlesti
776 3391 1149 3448 benedictione
1179 3395 1504 3463 sanctiﬁces,
1536 3409 1856 3470 gratumque
1878 3412 1934 3457 et
1970 3418 2126 3458 acce-

545 3480 800 3547 ptabilem
826 3482 1046 3551 habeas,
1071 3496 1231 3555 atque
1256 3487 1564 3555 benedicas,
1597 3505 1659 3544 ac
1682 3492 1840 3561 digne
1867 3495 2123 3549 sociatum

546 3573 773 3627 vasculis
804 3576 927 3641 tuis,
956 3587 1009 3630 et
1038 3580 1420 3647 acceptabilem
1467 3582 1670 3637 deferat
1700 3584 2032 3654 famulatum,
2067 3597 2123 3643 et

546 3663 703 3733 digne
730 3666 830 3719 tuis
859 3669 1128 3737 mysteriis
1166 3680 1530 3727 consecretur.
1576 3673 1679 3730 Per
1711 3676 1992 3731 Dominum
2023 3694 2125 3732 no-

546 3765 711 3811 strum
735 3758 914 3814 Jesum
938 3761 1204 3817 Christum
1240 3763 1431 3820 Filium
1455 3776 1624 3821 tuum.

613 3848 762 3921 (574)
802 3851 998 3907 Deinde
1024 3856 1212 3911 vadunt
1233 3858 1303 3909 ad
1322 3875 1440 3912 eum
1467 3861 1635 3913 locant
1678 3863 1731 3915 in
1767 3879 1867 3927 quo
1896 3864 2127 3934 reliquid:

546 3945 800 4009 pra'terita
823 3958 966 4001 nocte
987 3964 1101 4001 cum
1122 3950 1307 4021 vigiliis
1333 3953 1560 4022 fuerunt,
1587 3961 1635 4006 et
1655 3954 1845 4006 elevent
1875 3970 1981 4009 eas.

620 4037 774 4108 152
818 4037 996 4093 Oratio
1025 4043 1231 4108 quando
1255 4044 1515 4096 elevantur
1544 4045 1793 4113 reliquiae.

620 4128 857 4183 Oremus.
888 4158 959 4170 -—
985 4129 1136 4199 (575)
1179 4133 1346 4187 Aufer
1368 4149 1396 4186 a
1428 4134 1604 4201 nobis,
1646 4148 1975 4204 quaesumus,
2024 4138 2129 4192 Do-

546 4222 710 4283 mine,
765 4221 1072 4290 iniquitates
1100 4234 1335 4289 nostras,
1392 4235 1445 4280 ut
1490 4226 1555 4279 ad
1598 4236 1778 4282 sancta
1822 4240 2125 4286 sanctorum

547 4312 691 4381 puris
717 4326 1020 4367 mereamur
1047 4314 1314 4369 mentibus
1343 4318 1582 4373 introire.
1617 4319 1718 4374 Per
1750 4321 2053 4377 Dominum.

614 4402 754 4456 Alia.
778 4431 847 4442 —
878 4402 982 4457 Fac
1012 4418 1129 4465 nos,
1164 4404 1409 4471 Domine,
1434 4418 1737 4463 sanctorum
1766 4420 1975 4467 tuorum
2006 4430 2129 4483 spc-

546 4495 751 4550 cialiter
776 4494 949 4549 dicata
980 4498 1220 4551 membra
1248 4497 1577 4567 contingere,
1631 4514 1855 4567 quorum
1884 4504 2128 4572 cupimus

547 4588 844 4657 patrocinia
870 4588 1197 4641 incessanter
1225 4587 1440 4643 habere.
1476 4588 1576 4643 Per
1602 4590 1907 4645 Dominum.

613 4677 793 4733 Finita
811 4680 905 4732 hac
929 4680 1159 4732 oratione
1186 4678 1376 4732 elevent
1405 4695 1487 4732 eas
1514 4696 1630 4733 cum
1676 4681 1884 4749 feretro,
1914 4693 1963 4737 et
2006 4701 2123 4739 cum

548 4791 731 4847 magno
752 4775 945 4828 honore
967 4772 1329 4830 cantandoltas
1346 4772 1665 4835 Antipltonas
1690 4791 1708 4827 :
1742 4773 1890 4846 (576)
1922 4777 2125 4830 Ambu—

547 4867 672 4935 late,
721 4868 885 4921 sancti
923 4867 1036 4933 Dei,
1094 4867 1437 4929 Antiphonam
1480 4866 1552 4920 De
1597 4866 1915 4935 Jerusalem,
1974 4872 2121 4923 Anti-

548 4960 771 5030 phonam
820 4959 959 5013 Ecce
1003 4958 1260 5028 populus,
1310 4957 1655 5023 Antiphonem
1702 4957 1836 5011 Cum
1875 4960 2125 5027 jucundi-

550 5061 689 5117 tate,
722 5050 873 5121 (577)
896 5066 1009 5103 cum
1033 5049 1296 5114 crucibus,
1327 5056 1372 5101 et
1410 5048 1704 5110 (lauribulis,
1735 5059 1780 5102 et
1804 5050 2121 5104 candelabris

549 5146 817 5211 multisque
873 5144 1228 5197 luminaribus.
1278 5140 1346 5195 Et
1387 5143 1589 5196 veniant
1636 5142 1703 5195 ad
1757 5143 2018 5197 basilicam
2069 5145 2123 5197 in

550 5254 649 5307 qua
678 5237 984 5305 deponendae
1011 5243 1153 5297 sunt,
1177 5242 1223 5287 et
1246 5249 1363 5286 mox
1383 5243 1437 5287 ut
1478 5234 1610 5287 intro
1633 5234 1811 5303 pedem
1831 5235 2119 5303 intulerint,

555 5330 689 5382 dicat
713 5327 846 5380 hanc
876 5326 1168 5380 Orationem
1192 5342 1210 5379 :

623 5453 647 5479 ιι
681 5443 803 5512 llaec
827 5442 1009 5496 Oratio
1053 5456 1172 5496 cum
1218 5439 1422 5495 duabus
1464 5441 1808 5511 sequentibus
1839 5441 2034 5510 legitur
2063 5442 2115 5495 in

552 5524 773 5579 utroque
803 5512 1008 5569 Theod.

623 5584 647 5619 ¹>
677 5585 727 5636 In
772 5595 878 5639 vet.
929 5587 1161 5639 Sacram.
1218 5582 1404 5637 Gallic.
1456 5583 1568 5635 lucc
1614 5581 1814 5640 Oratio.
1849 5581 2118 5635 nonnullis

490 5664 495 5667 ’
553 5660 861 5723 immutatis,
884 5656 1159 5709 adhibetur
1189 5656 1255 5707 ad
1288 5654 1682 5707 benedictionem
1707 5652 1883 5723 calieis
1902 5661 1948 5704 et
1972 5664 2113 5715 pate-

554 5742 652 5783 πα»,
686 5738 728 5779 et
757 5731 908 5780 turris
936 5729 1105 5780 simul.
1140 5726 1324 5780 Turris
1356 5728 1511 5790 hujus
1536 5737 1661 5777 usus
1682 5731 1796 5775 erat
1824 5722 1888 5774 ad
1913 5737 2121 5776 sacrum

556 5797 903 5854 ministerium
952 5798 1317 5853 deferendum.
1366 5797 1538 5864 Ipsum
1587 5792 1788 5848 Christi
1830 5807 2023 5864 corpus
2064 5793 2116 5848 in

2228 3311 2283 3356 et
2314 3304 2489 3370 populi
2530 3303 2605 3356 tui
2654 3304 2792 3357 dona
2836 3302 3152 3366 sanctiﬁcet,
3204 3315 3258 3357 et
3283 3304 3603 3357 sumentium
3647 3304 3817 3359 corda

2230 3394 2512 3462 dignanter
2540 3393 2813 3448 emundet.
2845 3393 2946 3448 Per
2971 3394 3273 3447 Dominum.

2301 3482 2435 3537 Inde
2481 3482 2633 3555 (584)
2681 3493 2957 3537 revertatur
2999 3484 3229 3553 pontifex
3278 3484 3332 3536 in
3381 3487 3661 3538 sacrarium
3696 3502 3822 3541 cum

2230 3574 2493 3627 ordinibus
2518 3574 2646 3641 suis,
2674 3585 2719 3627 et
2761 3574 2979 3627 induant
3007 3588 3061 3627 se
3091 3574 3397 3627 vestimentis
3425 3577 3542 3628 aliis
3564 3575 3823 3630 solemni-

2230 3666 2339 3720 bus.
2366 3663 2580 3718 Interim
2605 3674 2812 3719 ornetur
2839 3666 3074 3729 ecclesia,
3106 3674 3153 3718 et
3183 3664 3517 3718 accendantur
3538 3665 3825 3721 luminaria

2229 3757 2422 3822 multa;
2452 3765 2499 3809 et
2522 3757 2733 3826 incipiat
2785 3765 2965 3808 cantor
3003 3755 3353 3825 Antiphonam
3397 3755 3466 3807 ad
3501 3756 3779 3810 introitum
3802 3775 3824 3813 :

2230 3847 2510 3903 Terribilis
2538 3858 2617 3903 est
2650 3848 2800 3902 locus
2828 3848 2951 3901 iste.
3006 3847 3072 3901 Et
3116 3849 3356 3916 procedat
3402 3848 3554 3919 153
3585 3852 3825 3920 pontifex

2230 3937 2293 3988 de
2316 3938 2547 3990 sacrario
2588 3952 2707 3988 cum
2747 3936 3009 3990 ordinibus
3050 3937 3178 4003 suis,
3219 3938 3353 3990 sicut
3392 3939 3703 3992 consuetudo
3750 3948 3826 3994 est

2230 4027 2282 4080 in
2310 4027 2686 4095 festivitatibus.
2736 4025 2886 4097 (585)
2917 4028 3204 4083 Celebretur
3232 4028 3303 4081 ibi
3332 4028 3622 4083 solemniter
3650 4031 3822 4085 missa

2228 4140 2370 4177 more
2397 4124 2571 4191 solito,
2603 4126 2779 4179 ordine
2807 4142 2921 4194 suo,
2955 4143 3072 4180 cum
3098 4128 3279 4182 Gloria
3322 4127 3376 4181 in
3403 4126 3637 4183 excelsis
3667 4125 3813 4182 Deo.

2230 4214 2386 4286 (586)
2436 4214 2565 4269 Tota
2587 4232 2700 4270 vero
2730 4217 3051 4271 liebdomada
3079 4216 3256 4272 Missa:
3286 4218 3504 4286 publica:
3523 4217 3576 4271 in
3599 4217 3825 4272 ecclesia

2230 4310 2374 4377 ﬁent.

2305 4403 2571 4457 Orationes
2627 4403 2698 4456 ad
2754 4401 2943 4458 Missas
3012 4404 3065 4457 in
3116 4403 3432 4457 dedicatione
3467 4403 3715 4458 ecclesia.
3751 4432 3825 4444 —

2230 4494 2371 4548 Deus
2399 4496 2489 4564 qui
2521 4495 2857 4549 invrsibiliter
2885 4496 3065 4549 omnia
3091 4495 3351 4561 contines,
3400 4503 3453 4548 et
3492 4502 3669 4548 tamen
3716 4508 3825 4563 pro

2151 4590 2202 4649 υ
2228 4588 2401 4639 salute
2425 4585 2632 4653 generis
2661 4584 2878 4638 humani
2909 4586 3059 4654 signa
3092 4594 3197 4639 tum
3242 4586 3492 4655 potentias
3538 4584 3825 4641 visibiliter

2231 4677 2490 4743 ostendis,
2525 4680 2781 4744 templum
2812 4676 2912 4731 hoc
2942 4677 3217 4744 Maiestate
3266 4687 3368 4731 tuas
3413 4675 3824 4733 inbabitationis

2233 4775 2461 4841 illustra,
2491 4781 2547 4827 ut
2588 4787 2774 4827 omnes
2805 4773 3105 4841 quicunque
3128 4772 3229 4825 huc
3255 4771 3590 4840 deprecaturi
3613 4785 3826 4827 conve-

2230 4865 2425 4930 nerint,
2456 4879 2526 4918 ex
2552 4877 2864 4932 quacunque
2893 4861 2957 4914 ad
3006 4870 3056 4915 te
3085 4860 3420 4916 tribulatione
3444 4861 3822 4928 clamaverint,

2229 4955 2612 5014 consolationis
2659 4965 2764 5009 tua:
2812 4953 3071 5008 beneﬁcia
3109 4965 3516 5014 consequamur.
3566 4949 3668 5006 Per
3709 4952 3821 5006 Do-

2231 5054 2456 5107 minum.

2300 5144 2471 5213 Super
2495 5143 2682 5196 oblata.
2704 5169 2775 5181 —
2801 5138 3150 5208 Omnipotens
3188 5136 3512 5203 sempiterne
3541 5136 3704 5200 Deus,
3742 5136 3820 5189 al-

2232 5244 2343 5289 tare
2368 5234 2570 5288 nomini
2597 5242 2686 5287 tuo
2732 5232 2962 5286 dicatum
3007 5227 3240 5285 caelestis
3294 5227 3507 5281 virtutis
3551 5226 3815 5281 benedic-

2231 5328 2374 5383 tione
2403 5325 2694 5393 sanctiﬁca,
2718 5333 2772 5379 et
2800 5323 3047 5378 omnibus
3088 5322 3139 5375 in
3172 5329 3223 5373 te
3248 5318 3587 5387 sperantibus
3618 5318 3818 5375 auxilii

2225 5454 2371 5497 turre
2394 5442 2588 5511 gestari
2619 5441 2844 5513 solitum
2867 5433 3318 5513 docet‘blabillniu
3345 5431 3814 5513 Liturgi‘a‘Gallic.

2227 5524 2279 5568 et
2328 5501 2791 5566 invcommentario
2834 5510 2887 5562 in
2934 5506 3187 5561 Ordinem
3248 5504 3425 5568 liom.,
3476 5501 3622 5571 §20,
3655 5503 3818 5572 cujus

2226 5585 2484 5637 sententia
2529 5582 2873 5635 conﬁrmatur
2919 5593 2985 5630 cx
3023 5576 3279 5643 Gregorio
3343 5573 3579 5637 Turon.,
3644 5574 3682 5627 l.
3742 5575 3817 5631 de

2229 5654 2404 5709 Gloria
2458 5653 2634 5714 Mart.,
2686 5666 2803 5715 cap.
2856 5648 2958 5700 86:
2994 5649 3307 5715 Acceptaque
3358 5653 3514 5707 turre,
3561 5644 3813 5700 diaconus

2228 5728 2283 5781 in
2307 5741 2406 5795 qua
2432 5724 2731 5793 mysterium
2760 5719 3004 5775 dominici
3031 5718 3259 5787 corporis
3287 5715 3585 5770 habebatur.
