  <div class='ocr_page' id='page_1' title='image "/cluster/home/n/w/nwhite01/storage/ocr_20150623/78/hvd.32044015469406/088.png"; bbox 0 0 4064 6350; ppageno 0'>
   <div class='ocr_carea' id='block_1_1' title="bbox 226 328 255 351">
    <p class='ocr_par' dir='ltr' id='par_1_1' title="bbox 226 328 255 351">
     <span class='ocr_line' id='line_1_1' title="bbox 226 328 255 351; baseline 0 -8"><span class='ocrx_word' id='word_1_1' title='bbox 226 328 255 351; x_wconf 53' lang='grc' dir='ltr'>χ</span> 
     </span>
    </p>
   </div>
   <div class='ocr_carea' id='block_1_2' title="bbox 280 382 386 448">
    <p class='ocr_par' dir='ltr' id='par_1_2' title="bbox 280 382 386 448">
     <span class='ocr_line' id='line_1_2' title="bbox 280 382 386 448; baseline 0.009 -1"><span class='ocrx_word' id='word_1_2' title='bbox 280 382 386 448; x_wconf 74' lang='grc'><strong>101</strong></span> 
     </span>
    </p>
   </div>
   <div class='ocr_carea' id='block_1_3' title="bbox 1484 391 2358 459">
    <p class='ocr_par' dir='ltr' id='par_1_3' title="bbox 1484 391 2358 459">
     <span class='ocr_line' id='line_1_3' title="bbox 1484 391 2358 459; baseline 0.011 -9"><span class='ocrx_word' id='word_1_3' title='bbox 1484 391 1691 452; x_wconf 75' lang='lat' dir='ltr'><strong>LIBER</strong></span> <span class='ocrx_word' id='word_1_4' title='bbox 1727 392 2358 459; x_wconf 79' lang='lat' dir='ltr'><strong>SACRAMENTORUM.</strong></span> 
     </span>
    </p>
   </div>
   <div class='ocr_carea' id='block_1_4' title="bbox 3458 420 3563 481">
    <p class='ocr_par' dir='ltr' id='par_1_4' title="bbox 3458 420 3563 481">
     <span class='ocr_line' id='line_1_4' title="bbox 3458 420 3563 481; baseline 0.038 -4"><span class='ocrx_word' id='word_1_5' title='bbox 3458 420 3563 481; x_wconf 70' lang='grc'><strong>162</strong></span> 
     </span>
    </p>
   </div>
   <div class='ocr_carea' id='block_1_5' title="bbox 281 506 3563 599">
    <p class='ocr_par' dir='ltr' id='par_1_5' title="bbox 281 506 3563 599">
     <span class='ocr_line' id='line_1_5' title="bbox 281 506 3563 599; baseline 0.009 -37"><span class='ocrx_word' id='word_1_6' title='bbox 281 509 356 562; x_wconf 72' lang='lat' dir='ltr'><strong>cui</strong></span> <span class='ocrx_word' id='word_1_7' title='bbox 391 522 578 561; x_wconf 66' lang='lat' dir='ltr'><strong>unum;</strong></span> <span class='ocrx_word' id='word_1_8' title='bbox 623 507 874 575; x_wconf 90' lang='lat' dir='ltr'><strong>ostende,</strong></span> <span class='ocrx_word' id='word_1_9' title='bbox 904 514 963 562; x_wconf 87' lang='lat' dir='ltr'><strong>ut</strong></span> <span class='ocrx_word' id='word_1_10' title='bbox 992 506 1082 564; x_wconf 86' lang='lat' dir='ltr'><strong>hic</strong></span> <span class='ocrx_word' id='word_1_11' title='bbox 1107 516 1568 565; x_wconf 84' lang='lat' dir='ltr'><strong>sacramentorum</strong></span> <span class='ocrx_word' id='word_1_12' title='bbox 1599 511 1788 577; x_wconf 87' lang='lat' dir='ltr'><strong>virtus,</strong></span> <span class='ocrx_word' id='word_1_13' title='bbox 1819 520 1873 566; x_wconf 91' lang='lat' dir='ltr'><strong>et</strong></span> <span class='ocrx_word' id='word_1_14' title='bbox 1896 513 1954 574; x_wconf 73' lang='grc' dir='ltr'><strong>Α</strong></span> <span class='ocrx_word' id='word_1_15' title='bbox 1979 516 2159 583; x_wconf 88' lang='lat' dir='ltr'><strong>populi</strong></span> <span class='ocrx_word' id='word_1_16' title='bbox 2186 517 2259 571; x_wconf 92' lang='lat' dir='ltr'><strong>tui</strong></span> <span class='ocrx_word' id='word_1_17' title='bbox 2280 559 2295 585; x_wconf 95' lang='lat'><strong>,</strong></span> <span class='ocrx_word' id='word_1_18' title='bbox 2329 525 2383 573; x_wconf 92' lang='lat' dir='ltr'><strong>et</strong></span> <span class='ocrx_word' id='word_1_19' title='bbox 2411 527 2601 587; x_wconf 67' lang='lat' dir='ltr'><strong>praesta</strong></span> <span class='ocrx_word' id='word_1_20' title='bbox 2628 526 2690 575; x_wconf 90' lang='lat' dir='ltr'><strong>ut</strong></span> <span class='ocrx_word' id='word_1_21' title='bbox 2714 521 2955 594; x_wconf 79' lang='lat' dir='ltr'><strong>quisquis</strong></span> <span class='ocrx_word' id='word_1_22' title='bbox 2983 522 3085 581; x_wconf 85' lang='lat' dir='ltr'><strong>hoc</strong></span> <span class='ocrx_word' id='word_1_23' title='bbox 3111 528 3365 599; x_wconf 76' lang='lat' dir='ltr'><strong>templum</strong></span> <span class='ocrx_word' id='word_1_24' title='bbox 3402 534 3563 590; x_wconf 71' lang='lat' dir='ltr'><strong>liene-</strong></span> 
     </span>
    </p>
   </div>
   <div class='ocr_carea' id='block_1_6' title="bbox 277 598 1869 659">
    <p class='ocr_par' dir='ltr' id='par_1_6' title="bbox 277 598 1869 659">
     <span class='ocr_line' id='line_1_6' title="bbox 277 598 1869 659; baseline 0.006 -9"><span class='ocrx_word' id='word_1_25' title='bbox 277 607 521 653; x_wconf 85' lang='lat' dir='ltr'><strong>votorum</strong></span> <span class='ocrx_word' id='word_1_26' title='bbox 551 598 858 656; x_wconf 90' lang='lat' dir='ltr'><strong>obtineatur</strong></span> <span class='ocrx_word' id='word_1_27' title='bbox 886 600 1131 655; x_wconf 69' lang='lat' dir='ltr'><strong>etiectus.</strong></span> <span class='ocrx_word' id='word_1_28' title='bbox 1155 598 1260 656; x_wconf 88' lang='lat' dir='ltr'><strong>Per</strong></span> <span class='ocrx_word' id='word_1_29' title='bbox 1290 600 1572 657; x_wconf 90' lang='lat' dir='ltr'><strong>Dominum</strong></span> <span class='ocrx_word' id='word_1_30' title='bbox 1602 614 1869 659; x_wconf 90' lang='lat' dir='ltr'><strong>nostrum.</strong></span> 
     </span>
    </p>
   </div>
   <div class='ocr_carea' id='block_1_7' title="bbox 346 691 1875 765">
    <p class='ocr_par' dir='ltr' id='par_1_7' title="bbox 346 691 1875 765">
     <span class='ocr_line' id='line_1_7' title="bbox 346 691 1875 765; baseline 0.005 -21"><span class='ocrx_word' id='word_1_31' title='bbox 346 691 624 762; x_wconf 69' lang='lat' dir='ltr'><strong>Prwfatio.</strong></span> <span class='ocrx_word' id='word_1_32' title='bbox 648 722 720 734; x_wconf 91' lang='lat'><strong>—</strong></span> <span class='ocrx_word' id='word_1_33' title='bbox 741 692 881 748; x_wconf 87' lang='lat' dir='ltr'><strong>Vere</strong></span> <span class='ocrx_word' id='word_1_34' title='bbox 906 693 1121 762; x_wconf 88' lang='lat' dir='ltr'><strong>dignum</strong></span> <span class='ocrx_word' id='word_1_35' title='bbox 1148 702 1203 748; x_wconf 89' lang='lat' dir='ltr'><strong>et</strong></span> <span class='ocrx_word' id='word_1_36' title='bbox 1229 693 1430 764; x_wconf 89' lang='lat' dir='ltr'><strong>justum</strong></span> <span class='ocrx_word' id='word_1_37' title='bbox 1453 703 1555 765; x_wconf 86' lang='lat' dir='ltr'><strong>est,</strong></span> <span class='ocrx_word' id='word_1_38' title='bbox 1586 711 1794 764; x_wconf 89' lang='lat' dir='ltr'><strong>aequum</strong></span> <span class='ocrx_word' id='word_1_39' title='bbox 1819 706 1875 752; x_wconf 86' lang='lat' dir='ltr'><strong>et</strong></span> 
     </span>
    </p>
   </div>
   <div class='ocr_carea' id='block_1_8' title="bbox 268 784 1870 860">
    <p class='ocr_par' dir='ltr' id='par_1_8' title="bbox 268 784 1870 860">
     <span class='ocr_line' id='line_1_8' title="bbox 268 784 1870 860; baseline 0.006 -24"><span class='ocrx_word' id='word_1_40' title='bbox 268 784 541 852; x_wconf 87' lang='lat' dir='ltr'><strong>salutare,</strong></span> <span class='ocrx_word' id='word_1_41' title='bbox 573 800 674 841; x_wconf 91' lang='lat' dir='ltr'><strong>nos</strong></span> <span class='ocrx_word' id='word_1_42' title='bbox 704 786 801 841; x_wconf 91' lang='lat' dir='ltr'><strong>tibi</strong></span> <span class='ocrx_word' id='word_1_43' title='bbox 842 802 1055 857; x_wconf 86' lang='lat' dir='ltr'><strong>semper</strong></span> <span class='ocrx_word' id='word_1_44' title='bbox 1102 796 1158 843; x_wconf 86' lang='lat' dir='ltr'><strong>et</strong></span> <span class='ocrx_word' id='word_1_45' title='bbox 1206 789 1405 859; x_wconf 89' lang='lat' dir='ltr'><strong>ubique</strong></span> <span class='ocrx_word' id='word_1_46' title='bbox 1454 794 1653 859; x_wconf 79' lang='lat' dir='ltr'><strong>gratias</strong></span> <span class='ocrx_word' id='word_1_47' title='bbox 1691 806 1870 860; x_wconf 88' lang='lat' dir='ltr'><strong>agere,</strong></span> 
     </span>
    </p>
   </div>
   <div class='ocr_carea' id='block_1_9' title="bbox 272 875 1873 951">
    <p class='ocr_par' dir='ltr' id='par_1_9' title="bbox 272 875 1873 951">
     <span class='ocr_line' id='line_1_9' title="bbox 272 875 1873 951; baseline 0.006 -22"><span class='ocrx_word' id='word_1_48' title='bbox 272 875 500 932; x_wconf 85' lang='lat' dir='ltr'><strong>Domine</strong></span> <span class='ocrx_word' id='word_1_49' title='bbox 520 888 725 941; x_wconf 86' lang='lat' dir='ltr'><strong>sancte,</strong></span> <span class='ocrx_word' id='word_1_50' title='bbox 750 879 907 935; x_wconf 80' lang='lat' dir='ltr'><strong>Pater</strong></span> <span class='ocrx_word' id='word_1_51' title='bbox 927 881 1269 949; x_wconf 90' lang='lat' dir='ltr'><strong>omnipotens</strong></span> <span class='ocrx_word' id='word_1_52' title='bbox 1292 921 1307 947; x_wconf 92' lang='lat'><strong>,</strong></span> <span class='ocrx_word' id='word_1_53' title='bbox 1339 892 1539 937; x_wconf 72' lang='lat' dir='ltr'><strong>aeterne</strong></span> <span class='ocrx_word' id='word_1_54' title='bbox 1568 883 1747 939; x_wconf 91' lang='lat' dir='ltr'><strong>Deus:</strong></span> <span class='ocrx_word' id='word_1_55' title='bbox 1777 899 1873 951; x_wconf 81' lang='lat' dir='ltr'><strong>per</strong></span> 
     </span>
    </p>
   </div>
   <div class='ocr_carea' id='block_1_10' title="bbox 265 970 1873 1040">
    <p class='ocr_par' dir='ltr' id='par_1_10' title="bbox 265 970 1873 1040">
     <span class='ocr_line' id='line_1_10' title="bbox 265 970 1873 1040; baseline 0.007 -22"><span class='ocrx_word' id='word_1_56' title='bbox 265 981 431 1035; x_wconf 86' lang='lat' dir='ltr'><strong>quem</strong></span> <span class='ocrx_word' id='word_1_57' title='bbox 462 975 516 1021; x_wconf 90' lang='lat' dir='ltr'><strong>te</strong></span> <span class='ocrx_word' id='word_1_58' title='bbox 543 970 814 1037; x_wconf 85' lang='lat' dir='ltr'><strong>supplices</strong></span> <span class='ocrx_word' id='word_1_59' title='bbox 840 970 1216 1040; x_wconf 85' lang='lat' dir='ltr'><strong>deprecamur,</strong></span> <span class='ocrx_word' id='word_1_60' title='bbox 1251 982 1308 1026; x_wconf 93' lang='lat' dir='ltr'><strong>ut</strong></span> <span class='ocrx_word' id='word_1_61' title='bbox 1340 974 1507 1028; x_wconf 88' lang='lat' dir='ltr'><strong>altare</strong></span> <span class='ocrx_word' id='word_1_62' title='bbox 1542 972 1644 1029; x_wconf 92' lang='lat' dir='ltr'><strong>hoc</strong></span> <span class='ocrx_word' id='word_1_63' title='bbox 1671 974 1873 1029; x_wconf 84' lang='lat' dir='ltr'><strong>sanctis</strong></span> 
     </span>
    </p>
   </div>
   <div class='ocr_carea' id='block_1_11' title="bbox 269 1058 1874 1127">
    <p class='ocr_par' dir='ltr' id='par_1_11' title="bbox 269 1058 1874 1127">
     <span class='ocr_line' id='line_1_11' title="bbox 269 1058 1874 1127; baseline 0.009 -21"><span class='ocrx_word' id='word_1_64' title='bbox 269 1058 457 1110; x_wconf 83' lang='lat' dir='ltr'><strong>usibus</strong></span> <span class='ocrx_word' id='word_1_65' title='bbox 478 1071 832 1127; x_wconf 77' lang='lat' dir='ltr'><strong>praeparatum</strong></span> <span class='ocrx_word' id='word_1_66' title='bbox 860 1063 1066 1117; x_wconf 65' lang='lat' dir='ltr'><strong>caelesti</strong></span> <span class='ocrx_word' id='word_1_67' title='bbox 1095 1062 1435 1119; x_wconf 84' lang='lat' dir='ltr'><strong>dedicatione</strong></span> <span class='ocrx_word' id='word_1_68' title='bbox 1456 1065 1777 1120; x_wconf 87' lang='lat' dir='ltr'><strong>sanctifices.</strong></span> <span class='ocrx_word' id='word_1_69' title='bbox 1805 1067 1874 1121; x_wconf 83' lang='lat' dir='ltr'><strong>Et</strong></span> 
     </span>
    </p>
   </div>
   <div class='ocr_carea' id='block_1_12' title="bbox 267 1146 1868 1225">
    <p class='ocr_par' dir='ltr' id='par_1_12' title="bbox 267 1146 1868 1225">
     <span class='ocr_line' id='line_1_12' title="bbox 267 1146 1868 1225; baseline 0.009 -28"><span class='ocrx_word' id='word_1_70' title='bbox 267 1146 416 1199; x_wconf 77' lang='lat' dir='ltr'><strong>sit-ut</strong></span> <span class='ocrx_word' id='word_1_71' title='bbox 463 1148 857 1205; x_wconf 82' lang='lat' dir='ltr'><strong>Melchisedech</strong></span> <span class='ocrx_word' id='word_1_72' title='bbox 908 1154 1202 1209; x_wconf 88' lang='lat' dir='ltr'><strong>sacerdotis</strong></span> <span class='ocrx_word' id='word_1_73' title='bbox 1244 1156 1496 1225; x_wconf 79' lang='lat' dir='ltr'><strong>przecipui</strong></span> <span class='ocrx_word' id='word_1_74' title='bbox 1541 1157 1868 1212; x_wconf 82' lang='lat' dir='ltr'><strong>oblationem</strong></span> 
     </span>
    </p>
   </div>
   <div class='ocr_carea' id='block_1_13' title="bbox 268 1238 1871 1315">
    <p class='ocr_par' dir='ltr' id='par_1_13' title="bbox 268 1238 1871 1315">
     <span class='ocr_line' id='line_1_13' title="bbox 268 1238 1871 1315; baseline 0.009 -25"><span class='ocrx_word' id='word_1_75' title='bbox 268 1238 580 1305; x_wconf 91' lang='lat' dir='ltr'><strong>dignatione</strong></span> <span class='ocrx_word' id='word_1_76' title='bbox 609 1241 838 1295; x_wconf 83' lang='lat' dir='ltr'><strong>mirabili</strong></span> <span class='ocrx_word' id='word_1_77' title='bbox 872 1245 1174 1313; x_wconf 88' lang='lat' dir='ltr'><strong>suscepisti,</strong></span> <span class='ocrx_word' id='word_1_78' title='bbox 1204 1246 1273 1298; x_wconf 88' lang='lat' dir='ltr'><strong>ita</strong></span> <span class='ocrx_word' id='word_1_79' title='bbox 1308 1248 1558 1315; x_wconf 89' lang='lat' dir='ltr'><strong>imposita</strong></span> <span class='ocrx_word' id='word_1_80' title='bbox 1586 1248 1707 1302; x_wconf 89' lang='lat' dir='ltr'><strong>huic</strong></span> <span class='ocrx_word' id='word_1_81' title='bbox 1731 1264 1871 1304; x_wconf 90' lang='lat' dir='ltr'><strong>novo</strong></span> 
     </span>
    </p>
   </div>
   <div class='ocr_carea' id='block_1_14' title="bbox 269 1330 1873 1411">
    <p class='ocr_par' dir='ltr' id='par_1_14' title="bbox 269 1330 1873 1411">
     <span class='ocr_line' id='line_1_14' title="bbox 269 1330 1873 1411; baseline 0.011 -31"><span class='ocrx_word' id='word_1_82' title='bbox 269 1330 429 1382; x_wconf 85' lang='lat' dir='ltr'><strong>altari</strong></span> <span class='ocrx_word' id='word_1_83' title='bbox 458 1345 681 1386; x_wconf 89' lang='lat' dir='ltr'><strong>munera</strong></span> <span class='ocrx_word' id='word_1_84' title='bbox 708 1348 922 1403; x_wconf 89' lang='lat' dir='ltr'><strong>semper</strong></span> <span class='ocrx_word' id='word_1_85' title='bbox 944 1346 1160 1405; x_wconf 86' lang='lat' dir='ltr'><strong>accepta</strong></span> <span class='ocrx_word' id='word_1_86' title='bbox 1183 1337 1326 1393; x_wconf 83' lang='lat' dir='ltr'><strong>ferre</strong></span> <span class='ocrx_word' id='word_1_87' title='bbox 1352 1339 1608 1410; x_wconf 88' lang='lat' dir='ltr'><strong>digneris,</strong></span> <span class='ocrx_word' id='word_1_88' title='bbox 1634 1350 1690 1395; x_wconf 92' lang='lat' dir='ltr'><strong>ut</strong></span> <span class='ocrx_word' id='word_1_89' title='bbox 1708 1357 1873 1411; x_wconf 58' lang='lat' dir='ltr'><strong>poliu-</strong></span> 
     </span>
    </p>
   </div>
   <div class='ocr_carea' id='block_1_15' title="bbox 263 1418 1860 1499">
    <p class='ocr_par' dir='ltr' id='par_1_15' title="bbox 263 1418 1860 1499">
     <span class='ocr_line' id='line_1_15' title="bbox 263 1418 1860 1499; baseline 0.009 -29"><span class='ocrx_word' id='word_1_90' title='bbox 263 1418 350 1471; x_wconf 88' lang='lat' dir='ltr'><strong>lus</strong></span> <span class='ocrx_word' id='word_1_91' title='bbox 380 1420 475 1489; x_wconf 87' lang='lat' dir='ltr'><strong>qui</strong></span> <span class='ocrx_word' id='word_1_92' title='bbox 502 1421 556 1474; x_wconf 93' lang='lat' dir='ltr'><strong>in</strong></span> <span class='ocrx_word' id='word_1_93' title='bbox 583 1421 722 1475; x_wconf 91' lang='lat' dir='ltr'><strong>hanc</strong></span> <span class='ocrx_word' id='word_1_94' title='bbox 747 1423 1000 1479; x_wconf 74' lang='lat' dir='ltr'><strong>Ecclesia:</strong></span> <span class='ocrx_word' id='word_1_95' title='bbox 1021 1428 1234 1480; x_wconf 92' lang='lat' dir='ltr'><strong>domum</strong></span> <span class='ocrx_word' id='word_1_96' title='bbox 1263 1440 1500 1484; x_wconf 87' lang='lat' dir='ltr'><strong>sanctam</strong></span> <span class='ocrx_word' id='word_1_97' title='bbox 1526 1433 1860 1499; x_wconf 90' lang='lat' dir='ltr'><strong>convenerit,</strong></span> 
     </span>
    </p>
   </div>
   <div class='ocr_carea' id='block_1_16' title="bbox 266 1509 1867 1591">
    <p class='ocr_par' dir='ltr' id='par_1_16' title="bbox 266 1509 1867 1591">
     <span class='ocr_line' id='line_1_16' title="bbox 266 1509 1867 1591; baseline 0.009 -29"><span class='ocrx_word' id='word_1_98' title='bbox 266 1522 365 1577; x_wconf 89' lang='lat' dir='ltr'><strong>per</strong></span> <span class='ocrx_word' id='word_1_99' title='bbox 406 1509 524 1564; x_wconf 68' lang='lat' dir='ltr'><strong>haec</strong></span> <span class='ocrx_word' id='word_1_100' title='bbox 568 1511 824 1567; x_wconf 83' lang='lat' dir='ltr'><strong>libamina</strong></span> <span class='ocrx_word' id='word_1_101' title='bbox 878 1517 1083 1570; x_wconf 81' lang='lat' dir='ltr'><strong>caelesti</strong></span> <span class='ocrx_word' id='word_1_102' title='bbox 1136 1520 1556 1576; x_wconf 85' lang='lat' dir='ltr'><strong>sanetificatione</strong></span> <span class='ocrx_word' id='word_1_103' title='bbox 1607 1525 1867 1591; x_wconf 84' lang='lat' dir='ltr'><strong>salvatus,</strong></span> 
     </span>
    </p>
   </div>
   <div class='ocr_carea' id='block_1_17' title="bbox 263 1603 1871 1681">
    <p class='ocr_par' dir='ltr' id='par_1_17' title="bbox 263 1603 1871 1681">
     <span class='ocr_line' id='line_1_17' title="bbox 263 1603 1871 1681; baseline 0.011 -29"><span class='ocrx_word' id='word_1_104' title='bbox 263 1603 567 1656; x_wconf 86' lang='lat' dir='ltr'><strong>animarum</strong></span> <span class='ocrx_word' id='word_1_105' title='bbox 597 1617 816 1673; x_wconf 90' lang='lat' dir='ltr'><strong>quoque</strong></span> <span class='ocrx_word' id='word_1_106' title='bbox 862 1618 1079 1661; x_wconf 89' lang='lat' dir='ltr'><strong>suarum</strong></span> <span class='ocrx_word' id='word_1_107' title='bbox 1111 1610 1339 1664; x_wconf 87' lang='lat' dir='ltr'><strong>salutem</strong></span> <span class='ocrx_word' id='word_1_108' title='bbox 1384 1623 1692 1681; x_wconf 88' lang='lat' dir='ltr'><strong>perpetuam</strong></span> <span class='ocrx_word' id='word_1_109' title='bbox 1739 1628 1871 1669; x_wconf 90' lang='lat' dir='ltr'><strong>con-</strong></span> 
     </span>
    </p>
   </div>
   <div class='ocr_carea' id='block_1_18' title="bbox 268 1696 1222 1768">
    <p class='ocr_par' dir='ltr' id='par_1_18' title="bbox 268 1696 1222 1768">
     <span class='ocr_line' id='line_1_18' title="bbox 268 1696 1222 1768; baseline 0.013 -25"><span class='ocrx_word' id='word_1_110' title='bbox 268 1704 541 1760; x_wconf 82' lang='lat' dir='ltr'><strong>sequatur.</strong></span> <span class='ocrx_word' id='word_1_111' title='bbox 572 1696 678 1750; x_wconf 89' lang='lat' dir='ltr'><strong>Per</strong></span> <span class='ocrx_word' id='word_1_112' title='bbox 705 1711 862 1766; x_wconf 91' lang='lat' dir='ltr'><strong>quem</strong></span> <span class='ocrx_word' id='word_1_113' title='bbox 896 1698 1222 1768; x_wconf 82' lang='lat' dir='ltr'><strong>Majestatem</strong></span> 
     </span>
    </p>
   </div>
   <div class='ocr_carea' id='block_1_19' title="bbox 342 1782 1863 1866">
    <p class='ocr_par' dir='ltr' id='par_1_19' title="bbox 342 1782 1863 1866">
     <span class='ocr_line' id='line_1_19' title="bbox 342 1782 1863 1866; baseline 0.011 -30"><span class='ocrx_word' id='word_1_114' title='bbox 342 1782 471 1837; x_wconf 83' lang='lat' dir='ltr'><strong>Item</strong></span> <span class='ocrx_word' id='word_1_115' title='bbox 511 1785 783 1857; x_wconf 73' lang='lat' dir='ltr'><strong>Praefatio.</strong></span> <span class='ocrx_word' id='word_1_116' title='bbox 824 1820 893 1829; x_wconf 97' lang='lat'>—</span> <span class='ocrx_word' id='word_1_117' title='bbox 929 1789 1068 1846; x_wconf 91' lang='lat' dir='ltr'><strong>Vere</strong></span> <span class='ocrx_word' id='word_1_118' title='bbox 1106 1792 1325 1861; x_wconf 88' lang='lat' dir='ltr'><strong>dignum</strong></span> <span class='ocrx_word' id='word_1_119' title='bbox 1366 1803 1421 1850; x_wconf 89' lang='lat' dir='ltr'><strong>et</strong></span> <span class='ocrx_word' id='word_1_120' title='bbox 1474 1796 1679 1865; x_wconf 88' lang='lat' dir='ltr'><strong>justum</strong></span> <span class='ocrx_word' id='word_1_121' title='bbox 1741 1807 1863 1866; x_wconf 90' lang='lat' dir='ltr'><strong>est,</strong></span> 
     </span>
    </p>
   </div>
   <div class='ocr_carea' id='block_1_20' title="bbox 1977 606 3560 690">
    <p class='ocr_par' dir='ltr' id='par_1_20' title="bbox 1977 606 3560 690">
     <span class='ocr_line' id='line_1_20' title="bbox 1977 606 3560 690; baseline 0.016 -32"><span class='ocrx_word' id='word_1_122' title='bbox 1977 606 2093 661; x_wconf 79' lang='lat' dir='ltr'><strong>ficia</strong></span> <span class='ocrx_word' id='word_1_123' title='bbox 2110 609 2373 677; x_wconf 87' lang='lat' dir='ltr'><strong>petiturus</strong></span> <span class='ocrx_word' id='word_1_124' title='bbox 2394 612 2689 683; x_wconf 84' lang='lat' dir='ltr'><strong>ingreditur</strong></span> <span class='ocrx_word' id='word_1_125' title='bbox 2704 626 2893 672; x_wconf 84' lang='lat' dir='ltr'><strong>cuncta</strong></span> <span class='ocrx_word' id='word_1_126' title='bbox 2916 634 2974 673; x_wconf 91' lang='lat' dir='ltr'><strong>se</strong></span> <span class='ocrx_word' id='word_1_127' title='bbox 2996 620 3310 690; x_wconf 88' lang='lat' dir='ltr'><strong>impetrasse</strong></span> <span class='ocrx_word' id='word_1_128' title='bbox 3331 625 3560 683; x_wconf 85' lang='lat' dir='ltr'><strong>laetetur.</strong></span> 
     </span>
    </p>
   </div>
   <div class='ocr_carea' id='block_1_21' title="bbox 1976 697 2415 759">
    <p class='ocr_par' dir='ltr' id='par_1_21' title="bbox 1976 697 2415 759">
     <span class='ocr_line' id='line_1_21' title="bbox 1976 697 2415 759; baseline 0.018 -8"><span class='ocrx_word' id='word_1_129' title='bbox 1976 697 2078 752; x_wconf 88' lang='lat' dir='ltr'><strong>Per</strong></span> <span class='ocrx_word' id='word_1_130' title='bbox 2111 700 2415 759; x_wconf 88' lang='lat' dir='ltr'><strong>Dominum.</strong></span> 
     </span>
    </p>
   </div>
   <div class='ocr_carea' id='block_1_22' title="bbox 2047 790 3563 880">
    <p class='ocr_par' dir='ltr' id='par_1_22' title="bbox 2047 790 3563 880">
     <span class='ocr_line' id='line_1_22' title="bbox 2047 790 3563 880; baseline 0.015 -34"><span class='ocrx_word' id='word_1_131' title='bbox 2047 790 2217 861; x_wconf 84' lang='lat' dir='ltr'><strong>Super</strong></span> <span class='ocrx_word' id='word_1_132' title='bbox 2244 795 2432 850; x_wconf 86' lang='lat' dir='ltr'><strong>oblata.</strong></span> <span class='ocrx_word' id='word_1_133' title='bbox 2463 823 2534 840; x_wconf 83' lang='lat'><strong>—-</strong></span> <span class='ocrx_word' id='word_1_134' title='bbox 2563 800 2772 869; x_wconf 81' lang='lat' dir='ltr'><strong>Annue,</strong></span> <span class='ocrx_word' id='word_1_135' title='bbox 2796 818 3119 873; x_wconf 79' lang='lat' dir='ltr'><strong>quaesumus,</strong></span> <span class='ocrx_word' id='word_1_136' title='bbox 3150 807 3395 876; x_wconf 89' lang='lat' dir='ltr'><strong>Domine,</strong></span> <span class='ocrx_word' id='word_1_137' title='bbox 3438 826 3563 880; x_wconf 84' lang='lat' dir='ltr'><strong>pre-</strong></span> 
     </span>
    </p>
   </div>
   <div class='ocr_carea' id='block_1_23' title="bbox 1976 881 3565 972">
    <p class='ocr_par' dir='ltr' id='par_1_23' title="bbox 1976 881 3565 972">
     <span class='ocr_line' id='line_1_23' title="bbox 1976 881 3565 972; baseline 0.016 -38"><span class='ocrx_word' id='word_1_138' title='bbox 1976 881 2128 936; x_wconf 88' lang='lat' dir='ltr'><strong>cibus</strong></span> <span class='ocrx_word' id='word_1_139' title='bbox 2157 887 2373 952; x_wconf 89' lang='lat' dir='ltr'><strong>nostris,</strong></span> <span class='ocrx_word' id='word_1_140' title='bbox 2403 896 2461 941; x_wconf 85' lang='lat' dir='ltr'><strong>ut</strong></span> <span class='ocrx_word' id='word_1_141' title='bbox 2490 890 2791 963; x_wconf 89' lang='lat' dir='ltr'><strong>quicunque</strong></span> <span class='ocrx_word' id='word_1_142' title='bbox 2822 896 2957 950; x_wconf 91' lang='lat' dir='ltr'><strong>intra</strong></span> <span class='ocrx_word' id='word_1_143' title='bbox 2989 898 3169 967; x_wconf 88' lang='lat' dir='ltr'><strong>templi</strong></span> <span class='ocrx_word' id='word_1_144' title='bbox 3195 899 3372 970; x_wconf 85' lang='lat' dir='ltr'><strong>hujus,</strong></span> <span class='ocrx_word' id='word_1_145' title='bbox 3405 903 3565 972; x_wconf 82' lang='lat' dir='ltr'><strong>cujus</strong></span> 
     </span>
    </p>
   </div>
   <div class='ocr_carea' id='block_1_24' title="bbox 1975 974 3568 1059">
    <p class='ocr_par' dir='ltr' id='par_1_24' title="bbox 1975 974 3568 1059">
     <span class='ocr_line' id='line_1_24' title="bbox 1975 974 3568 1059; baseline 0.016 -34"><span class='ocrx_word' id='word_1_146' title='bbox 1975 974 2395 1031; x_wconf 88' lang='lat' dir='ltr'><strong>anniversarium</strong></span> <span class='ocrx_word' id='word_1_147' title='bbox 2435 978 2783 1039; x_wconf 85' lang='lat' dir='ltr'><strong>dedicationis</strong></span> <span class='ocrx_word' id='word_1_148' title='bbox 2807 985 2947 1042; x_wconf 90' lang='lat' dir='ltr'><strong>diem</strong></span> <span class='ocrx_word' id='word_1_149' title='bbox 2993 989 3347 1059; x_wconf 86' lang='lat' dir='ltr'><strong>celebramus,</strong></span> <span class='ocrx_word' id='word_1_150' title='bbox 3390 995 3568 1050; x_wconf 84' lang='lat' dir='ltr'><strong>ambi-</strong></span> 
     </span>
    </p>
   </div>
   <div class='ocr_carea' id='block_1_25' title="bbox 1974 1071 3559 1156">
    <p class='ocr_par' dir='ltr' id='par_1_25' title="bbox 1974 1071 3559 1156">
     <span class='ocr_line' id='line_1_25' title="bbox 1974 1071 3559 1156; baseline 0.016 -36"><span class='ocrx_word' id='word_1_151' title='bbox 1974 1076 2086 1120; x_wconf 91' lang='lat' dir='ltr'><strong>tum</strong></span> <span class='ocrx_word' id='word_1_152' title='bbox 2104 1071 2459 1137; x_wconf 86' lang='lat' dir='ltr'><strong>continemur,</strong></span> <span class='ocrx_word' id='word_1_153' title='bbox 2491 1075 2641 1141; x_wconf 89' lang='lat' dir='ltr'><strong>plena</strong></span> <span class='ocrx_word' id='word_1_154' title='bbox 2668 1079 2760 1132; x_wconf 85' lang='lat' dir='ltr'><strong>tibi</strong></span> <span class='ocrx_word' id='word_1_155' title='bbox 2791 1090 2950 1151; x_wconf 87' lang='lat' dir='ltr'><strong>atque</strong></span> <span class='ocrx_word' id='word_1_156' title='bbox 2975 1083 3206 1152; x_wconf 85' lang='lat' dir='ltr'><strong>perfecta</strong></span> <span class='ocrx_word' id='word_1_157' title='bbox 3235 1089 3478 1156; x_wconf 85' lang='lat' dir='ltr'><strong>corporis</strong></span> <span class='ocrx_word' id='word_1_158' title='bbox 3502 1099 3559 1144; x_wconf 84' lang='lat' dir='ltr'><strong>et</strong></span> 
     </span>
    </p>
   </div>
   <div class='ocr_carea' id='block_1_26' title="bbox 1972 1163 3615 1249">
    <p class='ocr_par' dir='ltr' id='par_1_26' title="bbox 1972 1163 3615 1249">
     <span class='ocr_line' id='line_1_26' title="bbox 1972 1163 3615 1249; baseline 0.013 -34"><span class='ocrx_word' id='word_1_159' title='bbox 1972 1163 2165 1216; x_wconf 67' lang='lat' dir='ltr'><strong>anima:</strong></span> <span class='ocrx_word' id='word_1_160' title='bbox 2194 1164 2475 1223; x_wconf 89' lang='lat' dir='ltr'><strong>devotione</strong></span> <span class='ocrx_word' id='word_1_161' title='bbox 2504 1171 2824 1241; x_wconf 87' lang='lat' dir='ltr'><strong>placeamus,</strong></span> <span class='ocrx_word' id='word_1_162' title='bbox 2857 1184 2935 1242; x_wconf 84' lang='lat' dir='ltr'><strong>ut,</strong></span> <span class='ocrx_word' id='word_1_163' title='bbox 2974 1177 3098 1231; x_wconf 93' lang='lat' dir='ltr'><strong>dum</strong></span> <span class='ocrx_word' id='word_1_164' title='bbox 3130 1179 3244 1235; x_wconf 82' lang='lat' dir='ltr'><strong>haec</strong></span> <span class='ocrx_word' id='word_1_165' title='bbox 3274 1181 3561 1249; x_wconf 65' lang='lat' dir='ltr'><strong>praesentia</strong></span> <span class='ocrx_word' id='word_1_166' title='bbox 3614 1204 3615 1207; x_wconf 48' lang='grc' dir='ltr'><strong>η</strong></span> 
     </span>
    </p>
   </div>
   <div class='ocr_carea' id='block_1_27' title="bbox 1973 1257 3564 1344">
    <p class='ocr_par' dir='ltr' id='par_1_27' title="bbox 1973 1257 3564 1344">
     <span class='ocr_line' id='line_1_27' title="bbox 1973 1257 3564 1344; baseline 0.015 -37"><span class='ocrx_word' id='word_1_167' title='bbox 1973 1262 2095 1308; x_wconf 91' lang='lat' dir='ltr'><strong>vota</strong></span> <span class='ocrx_word' id='word_1_168' title='bbox 2136 1257 2428 1330; x_wconf 90' lang='lat' dir='ltr'><strong>reddimus,</strong></span> <span class='ocrx_word' id='word_1_169' title='bbox 2462 1264 2525 1315; x_wconf 88' lang='lat' dir='ltr'><strong>ad</strong></span> <span class='ocrx_word' id='word_1_170' title='bbox 2559 1272 2755 1320; x_wconf 66' lang='lat' dir='ltr'><strong>(eterna</strong></span> <span class='ocrx_word' id='word_1_171' title='bbox 2786 1270 2999 1335; x_wconf 62' lang='lat' dir='ltr'><strong>praemia</strong></span> <span class='ocrx_word' id='word_1_172' title='bbox 3031 1280 3083 1326; x_wconf 91' lang='lat' dir='ltr'><strong>te</strong></span> <span class='ocrx_word' id='word_1_173' title='bbox 3111 1272 3397 1341; x_wconf 85' lang='lat' dir='ltr'><strong>adjuvante</strong></span> <span class='ocrx_word' id='word_1_174' title='bbox 3438 1289 3564 1344; x_wconf 88' lang='lat' dir='ltr'><strong>per-</strong></span> 
     </span>
    </p>
   </div>
   <div class='ocr_carea' id='block_1_28' title="bbox 1972 1348 2670 1410">
    <p class='ocr_par' dir='ltr' id='par_1_28' title="bbox 1972 1348 2670 1410">
     <span class='ocr_line' id='line_1_28' title="bbox 1972 1348 2670 1410; baseline 0.017 -12"><span class='ocrx_word' id='word_1_175' title='bbox 1972 1348 2157 1402; x_wconf 87' lang='lat' dir='ltr'><strong>venire</strong></span> <span class='ocrx_word' id='word_1_176' title='bbox 2188 1365 2512 1408; x_wconf 91' lang='lat' dir='ltr'><strong>mereamur.</strong></span> <span class='ocrx_word' id='word_1_177' title='bbox 2549 1355 2670 1410; x_wconf 90' lang='lat' dir='ltr'><strong>Per.</strong></span> 
     </span>
    </p>
   </div>
   <div class='ocr_carea' id='block_1_29' title="bbox 2043 1438 3556 1529">
    <p class='ocr_par' dir='ltr' id='par_1_29' title="bbox 2043 1438 3556 1529">
     <span class='ocr_line' id='line_1_29' title="bbox 2043 1438 3556 1529; baseline 0.016 -38"><span class='ocrx_word' id='word_1_178' title='bbox 2043 1438 2316 1511; x_wconf 75' lang='lat' dir='ltr'><strong>Prwfatio.</strong></span> <span class='ocrx_word' id='word_1_179' title='bbox 2343 1474 2410 1486; x_wconf 88' lang='lat'><strong>—-</strong></span> <span class='ocrx_word' id='word_1_180' title='bbox 2448 1445 2580 1502; x_wconf 86' lang='lat' dir='ltr'><strong>Vere</strong></span> <span class='ocrx_word' id='word_1_181' title='bbox 2611 1449 2824 1517; x_wconf 83' lang='lat' dir='ltr'><strong>dignum</strong></span> <span class='ocrx_word' id='word_1_182' title='bbox 2852 1459 2907 1507; x_wconf 91' lang='lat' dir='ltr'><strong>et</strong></span> <span class='ocrx_word' id='word_1_183' title='bbox 2948 1452 3150 1523; x_wconf 89' lang='lat' dir='ltr'><strong>justum</strong></span> <span class='ocrx_word' id='word_1_184' title='bbox 3191 1466 3304 1523; x_wconf 90' lang='lat' dir='ltr'><strong>est,</strong></span> <span class='ocrx_word' id='word_1_185' title='bbox 3347 1472 3556 1529; x_wconf 86' lang='lat' dir='ltr'><strong>aequum</strong></span> 
     </span>
    </p>
   </div>
   <div class='ocr_carea' id='block_1_30' title="bbox 1971 1534 3556 1622">
    <p class='ocr_par' dir='ltr' id='par_1_30' title="bbox 1971 1534 3556 1622">
     <span class='ocr_line' id='line_1_30' title="bbox 1971 1534 3556 1622; baseline 0.014 -36"><span class='ocrx_word' id='word_1_186' title='bbox 1971 1539 2024 1586; x_wconf 90' lang='lat' dir='ltr'><strong>et</strong></span> <span class='ocrx_word' id='word_1_187' title='bbox 2052 1534 2304 1601; x_wconf 89' lang='lat' dir='ltr'><strong>salutare,</strong></span> <span class='ocrx_word' id='word_1_188' title='bbox 2349 1552 2446 1591; x_wconf 89' lang='lat' dir='ltr'><strong>nos</strong></span> <span class='ocrx_word' id='word_1_189' title='bbox 2479 1539 2570 1593; x_wconf 94' lang='lat' dir='ltr'><strong>tibi</strong></span> <span class='ocrx_word' id='word_1_190' title='bbox 2600 1554 2812 1611; x_wconf 91' lang='lat' dir='ltr'><strong>semper</strong></span> <span class='ocrx_word' id='word_1_191' title='bbox 2840 1554 2893 1599; x_wconf 89' lang='lat' dir='ltr'><strong>et</strong></span> <span class='ocrx_word' id='word_1_192' title='bbox 2919 1546 3112 1616; x_wconf 89' lang='lat' dir='ltr'><strong>ubique</strong></span> <span class='ocrx_word' id='word_1_193' title='bbox 3141 1550 3336 1617; x_wconf 80' lang='lat' dir='ltr'><strong>gratias</strong></span> <span class='ocrx_word' id='word_1_194' title='bbox 3365 1566 3556 1622; x_wconf 89' lang='lat' dir='ltr'><strong>agere,</strong></span> 
     </span>
    </p>
   </div>
   <div class='ocr_carea' id='block_1_31' title="bbox 1972 1625 3561 1706">
    <p class='ocr_par' dir='ltr' id='par_1_31' title="bbox 1972 1625 3561 1706">
     <span class='ocr_line' id='line_1_31' title="bbox 1972 1625 3561 1706; baseline 0.014 -28"><span class='ocrx_word' id='word_1_195' title='bbox 1972 1625 2193 1682; x_wconf 91' lang='lat' dir='ltr'><strong>Domine</strong></span> <span class='ocrx_word' id='word_1_196' title='bbox 2233 1639 2447 1695; x_wconf 86' lang='lat' dir='ltr'><strong>sancte,</strong></span> <span class='ocrx_word' id='word_1_197' title='bbox 2480 1632 2637 1687; x_wconf 87' lang='lat' dir='ltr'><strong>Pater</strong></span> <span class='ocrx_word' id='word_1_198' title='bbox 2666 1638 3027 1706; x_wconf 87' lang='lat' dir='ltr'><strong>omnipotens,</strong></span> <span class='ocrx_word' id='word_1_199' title='bbox 3055 1651 3257 1696; x_wconf 67' lang='lat' dir='ltr'><strong>relerne</strong></span> <span class='ocrx_word' id='word_1_200' title='bbox 3287 1644 3426 1699; x_wconf 90' lang='lat' dir='ltr'><strong>Deus</strong></span> <span class='ocrx_word' id='word_1_201' title='bbox 3459 1663 3471 1698; x_wconf 88' lang='lat'><strong>:</strong></span> <span class='ocrx_word' id='word_1_202' title='bbox 3503 1656 3561 1700; x_wconf 83' lang='lat' dir='ltr'><strong>et</strong></span> 
     </span>
    </p>
   </div>
   <div class='ocr_carea' id='block_1_32' title="bbox 1970 1722 3557 1800">
    <p class='ocr_par' dir='ltr' id='par_1_32' title="bbox 1970 1722 3557 1800">
     <span class='ocr_line' id='line_1_32' title="bbox 1970 1722 3557 1800; baseline 0.014 -32"><span class='ocrx_word' id='word_1_203' title='bbox 1970 1732 2068 1786; x_wconf 90' lang='lat' dir='ltr'><strong>pro</strong></span> <span class='ocrx_word' id='word_1_204' title='bbox 2096 1733 2269 1772; x_wconf 89' lang='lat' dir='ltr'><strong>annua</strong></span> <span class='ocrx_word' id='word_1_205' title='bbox 2297 1722 2581 1779; x_wconf 87' lang='lat' dir='ltr'><strong>devotione</strong></span> <span class='ocrx_word' id='word_1_206' title='bbox 2614 1726 2936 1783; x_wconf 86' lang='lat' dir='ltr'><strong>tabernaculi</strong></span> <span class='ocrx_word' id='word_1_207' title='bbox 2970 1730 3124 1800; x_wconf 88' lang='lat' dir='ltr'><strong>hujus</strong></span> <span class='ocrx_word' id='word_1_208' title='bbox 3173 1733 3428 1789; x_wconf 83' lang='lat' dir='ltr'><strong>honorem</strong></span> <span class='ocrx_word' id='word_1_209' title='bbox 3460 1738 3557 1791; x_wconf 87' lang='lat' dir='ltr'><strong>tibi</strong></span> 
     </span>
    </p>
   </div>
   <div class='ocr_carea' id='block_1_33' title="bbox 1970 1808 3556 1895">
    <p class='ocr_par' dir='ltr' id='par_1_33' title="bbox 1970 1808 3556 1895">
     <span class='ocr_line' id='line_1_33' title="bbox 1970 1808 3556 1895; baseline 0.011 -33"><span class='ocrx_word' id='word_1_210' title='bbox 1970 1808 2203 1865; x_wconf 89' lang='lat' dir='ltr'><strong>debitum</strong></span> <span class='ocrx_word' id='word_1_211' title='bbox 2236 1813 2454 1880; x_wconf 84' lang='lat' dir='ltr'><strong>referre,</strong></span> <span class='ocrx_word' id='word_1_212' title='bbox 2501 1831 2594 1884; x_wconf 86' lang='lat' dir='ltr'><strong>per</strong></span> <span class='ocrx_word' id='word_1_213' title='bbox 2637 1817 2907 1874; x_wconf 87' lang='lat' dir='ltr'><strong>Christum</strong></span> <span class='ocrx_word' id='word_1_214' title='bbox 2942 1821 3223 1877; x_wconf 88' lang='lat' dir='ltr'><strong>Dominum</strong></span> <span class='ocrx_word' id='word_1_215' title='bbox 3277 1836 3556 1895; x_wconf 85' lang='lat' dir='ltr'><strong>nostrum;</strong></span> 
     </span>
    </p>
   </div>
   <div class='ocr_carea' id='block_1_34' title="bbox 262 1881 3555 1987">
    <p class='ocr_par' dir='ltr' id='par_1_34' title="bbox 262 1881 3555 1987">
     <span class='ocr_line' id='line_1_34' title="bbox 262 1881 3555 1987; baseline 0.009 -57"><span class='ocrx_word' id='word_1_216' title='bbox 262 1892 472 1945; x_wconf 63' lang='lat' dir='ltr'><strong>aequum</strong></span> <span class='ocrx_word' id='word_1_217' title='bbox 499 1887 558 1933; x_wconf 89' lang='lat' dir='ltr'><strong>et</strong></span> <span class='ocrx_word' id='word_1_218' title='bbox 580 1881 836 1947; x_wconf 87' lang='lat' dir='ltr'><strong>salutare,</strong></span> <span class='ocrx_word' id='word_1_219' title='bbox 870 1897 967 1937; x_wconf 91' lang='lat' dir='ltr'><strong>nos</strong></span> <span class='ocrx_word' id='word_1_220' title='bbox 996 1884 1093 1939; x_wconf 90' lang='lat' dir='ltr'><strong>tibi</strong></span> <span class='ocrx_word' id='word_1_221' title='bbox 1121 1900 1336 1956; x_wconf 80' lang='lat' dir='ltr'><strong>semper</strong></span> <span class='ocrx_word' id='word_1_222' title='bbox 1362 1898 1415 1943; x_wconf 88' lang='lat' dir='ltr'><strong>et</strong></span> <span class='ocrx_word' id='word_1_223' title='bbox 1443 1890 1640 1960; x_wconf 90' lang='lat' dir='ltr'><strong>ubique</strong></span> <span class='ocrx_word' id='word_1_224' title='bbox 1667 1892 1865 1961; x_wconf 85' lang='lat' dir='ltr'><strong>gratias</strong></span> <span class='ocrx_word' id='word_1_225' title='bbox 1893 1893 1942 1954; x_wconf 89' lang='lat' dir='ltr'><strong>B</strong></span> <span class='ocrx_word' id='word_1_226' title='bbox 1972 1901 2126 1971; x_wconf 83' lang='lat' dir='ltr'><strong>cujus</strong></span> <span class='ocrx_word' id='word_1_227' title='bbox 2157 1904 2323 1961; x_wconf 90' lang='lat' dir='ltr'><strong>virtus</strong></span> <span class='ocrx_word' id='word_1_228' title='bbox 2350 1922 2560 1978; x_wconf 86' lang='lat' dir='ltr'><strong>magna,</strong></span> <span class='ocrx_word' id='word_1_229' title='bbox 2594 1910 2760 1978; x_wconf 88' lang='lat' dir='ltr'><strong>pietas</strong></span> <span class='ocrx_word' id='word_1_230' title='bbox 2789 1914 3025 1982; x_wconf 91' lang='lat' dir='ltr'><strong>copiosa.</strong></span> <span class='ocrx_word' id='word_1_231' title='bbox 3056 1916 3305 1985; x_wconf 81' lang='lat' dir='ltr'><strong>Respice,</strong></span> <span class='ocrx_word' id='word_1_232' title='bbox 3338 1935 3555 1987; x_wconf 70' lang='grc' dir='ltr'><strong>(μιωειι-</strong></span> 
     </span>
    </p>
   </div>
   <div class='ocr_carea' id='block_1_35' title="bbox 260 1970 1861 2049">
    <p class='ocr_par' dir='ltr' id='par_1_35' title="bbox 260 1970 1861 2049">
     <span class='ocr_line' id='line_1_35' title="bbox 260 1970 1861 2049; baseline 0.012 -28"><span class='ocrx_word' id='word_1_233' title='bbox 260 1982 446 2037; x_wconf 84' lang='lat' dir='ltr'><strong>agere,</strong></span> <span class='ocrx_word' id='word_1_234' title='bbox 498 1970 723 2027; x_wconf 88' lang='lat' dir='ltr'><strong>Domine</strong></span> <span class='ocrx_word' id='word_1_235' title='bbox 776 1984 981 2045; x_wconf 88' lang='lat' dir='ltr'><strong>sancte,</strong></span> <span class='ocrx_word' id='word_1_236' title='bbox 1042 1977 1201 2032; x_wconf 86' lang='lat' dir='ltr'><strong>Pater</strong></span> <span class='ocrx_word' id='word_1_237' title='bbox 1248 1984 1604 2049; x_wconf 90' lang='lat' dir='ltr'><strong>omnipotens,</strong></span> <span class='ocrx_word' id='word_1_238' title='bbox 1661 1994 1861 2041; x_wconf 87' lang='lat' dir='ltr'><strong>aeterne</strong></span> 
     </span>
    </p>
   </div>
   <div class='ocr_carea' id='block_1_36' title="bbox 260 2058 1859 2139">
    <p class='ocr_par' dir='ltr' id='par_1_36' title="bbox 260 2058 1859 2139">
     <span class='ocr_line' id='line_1_36' title="bbox 260 2058 1859 2139; baseline 0.012 -27"><span class='ocrx_word' id='word_1_239' title='bbox 260 2058 406 2113; x_wconf 89' lang='lat' dir='ltr'><strong>Deus</strong></span> <span class='ocrx_word' id='word_1_240' title='bbox 440 2078 457 2115; x_wconf 86' lang='lat'><strong>:</strong></span> <span class='ocrx_word' id='word_1_241' title='bbox 487 2065 576 2130; x_wconf 91' lang='lat' dir='ltr'><strong>qui</strong></span> <span class='ocrx_word' id='word_1_242' title='bbox 624 2078 745 2119; x_wconf 92' lang='lat' dir='ltr'><strong>cum</strong></span> <span class='ocrx_word' id='word_1_243' title='bbox 798 2066 996 2135; x_wconf 90' lang='lat' dir='ltr'><strong>ubique</strong></span> <span class='ocrx_word' id='word_1_244' title='bbox 1041 2069 1117 2123; x_wconf 90' lang='lat' dir='ltr'><strong>sis</strong></span> <span class='ocrx_word' id='word_1_245' title='bbox 1149 2079 1311 2139; x_wconf 92' lang='lat' dir='ltr'><strong>totus,</strong></span> <span class='ocrx_word' id='word_1_246' title='bbox 1346 2083 1400 2127; x_wconf 92' lang='lat' dir='ltr'><strong>et</strong></span> <span class='ocrx_word' id='word_1_247' title='bbox 1439 2088 1559 2127; x_wconf 91' lang='lat' dir='ltr'><strong>cum</strong></span> <span class='ocrx_word' id='word_1_248' title='bbox 1609 2078 1859 2131; x_wconf 86' lang='lat' dir='ltr'><strong>universa</strong></span> 
     </span>
    </p>
   </div>
   <div class='ocr_carea' id='block_1_37' title="bbox 260 2148 1859 2223">
    <p class='ocr_par' dir='ltr' id='par_1_37' title="bbox 260 2148 1859 2223">
     <span class='ocr_line' id='line_1_37' title="bbox 260 2148 1859 2223; baseline 0.012 -22"><span class='ocrx_word' id='word_1_249' title='bbox 260 2157 352 2202; x_wconf 91' lang='lat' dir='ltr'><strong>tua</strong></span> <span class='ocrx_word' id='word_1_250' title='bbox 380 2148 657 2220; x_wconf 74' lang='lat' dir='ltr'><strong>Maiestate</strong></span> <span class='ocrx_word' id='word_1_251' title='bbox 684 2154 1000 2223; x_wconf 86' lang='lat' dir='ltr'><strong>contineas,</strong></span> <span class='ocrx_word' id='word_1_252' title='bbox 1031 2160 1235 2213; x_wconf 86' lang='lat' dir='ltr'><strong>sacrari</strong></span> <span class='ocrx_word' id='word_1_253' title='bbox 1265 2169 1442 2216; x_wconf 89' lang='lat' dir='ltr'><strong>tamen</strong></span> <span class='ocrx_word' id='word_1_254' title='bbox 1474 2163 1571 2217; x_wconf 91' lang='lat' dir='ltr'><strong>tibi</strong></span> <span class='ocrx_word' id='word_1_255' title='bbox 1604 2165 1721 2218; x_wconf 88' lang='lat' dir='ltr'><strong>loca</strong></span> <span class='ocrx_word' id='word_1_256' title='bbox 1754 2166 1859 2221; x_wconf 91' lang='lat' dir='ltr'><strong>tuis</strong></span> 
     </span>
    </p>
   </div>
   <div class='ocr_carea' id='block_1_38' title="bbox 260 2243 1861 2322">
    <p class='ocr_par' dir='ltr' id='par_1_38' title="bbox 260 2243 1861 2322">
     <span class='ocr_line' id='line_1_38' title="bbox 260 2243 1861 2322; baseline 0.012 -28"><span class='ocrx_word' id='word_1_257' title='bbox 260 2243 549 2312; x_wconf 79' lang='lat' dir='ltr'><strong>mysteriis</strong></span> <span class='ocrx_word' id='word_1_258' title='bbox 595 2254 708 2314; x_wconf 90' lang='lat' dir='ltr'><strong>apta</strong></span> <span class='ocrx_word' id='word_1_259' title='bbox 755 2248 1004 2315; x_wconf 86' lang='lat' dir='ltr'><strong>voluisti,</strong></span> <span class='ocrx_word' id='word_1_260' title='bbox 1054 2257 1112 2304; x_wconf 81' lang='lat' dir='ltr'><strong>ut</strong></span> <span class='ocrx_word' id='word_1_261' title='bbox 1154 2251 1285 2322; x_wconf 69' lang='lat' dir='ltr'><strong>ipsae</strong></span> <span class='ocrx_word' id='word_1_262' title='bbox 1328 2255 1628 2309; x_wconf 89' lang='lat' dir='ltr'><strong>orationum</strong></span> <span class='ocrx_word' id='word_1_263' title='bbox 1668 2257 1861 2315; x_wconf 91' lang='lat' dir='ltr'><strong>domus</strong></span> 
     </span>
    </p>
   </div>
   <div class='ocr_carea' id='block_1_39' title="bbox 260 2334 1861 2406">
    <p class='ocr_par' dir='ltr' id='par_1_39' title="bbox 260 2334 1861 2406">
     <span class='ocr_line' id='line_1_39' title="bbox 260 2334 1861 2406; baseline 0.012 -20"><span class='ocrx_word' id='word_1_264' title='bbox 260 2334 574 2403; x_wconf 84' lang='lat' dir='ltr'><strong>supplicum</strong></span> <span class='ocrx_word' id='word_1_265' title='bbox 606 2347 809 2393; x_wconf 91' lang='lat' dir='ltr'><strong>mentes</strong></span> <span class='ocrx_word' id='word_1_266' title='bbox 832 2339 900 2393; x_wconf 90' lang='lat' dir='ltr'><strong>ad</strong></span> <span class='ocrx_word' id='word_1_267' title='bbox 941 2341 1331 2406; x_wconf 85' lang='lat' dir='ltr'><strong>invocationem</strong></span> <span class='ocrx_word' id='word_1_268' title='bbox 1364 2348 1436 2400; x_wconf 90' lang='lat' dir='ltr'><strong>tui</strong></span> <span class='ocrx_word' id='word_1_269' title='bbox 1469 2348 1699 2403; x_wconf 78' lang='lat' dir='ltr'><strong>nominis</strong></span> <span class='ocrx_word' id='word_1_270' title='bbox 1726 2350 1861 2405; x_wconf 90' lang='lat' dir='ltr'><strong>inei-</strong></span> 
     </span>
    </p>
   </div>
   <div class='ocr_carea' id='block_1_40' title="bbox 256 2426 1861 2510">
    <p class='ocr_par' dir='ltr' id='par_1_40' title="bbox 256 2426 1861 2510">
     <span class='ocr_line' id='line_1_40' title="bbox 256 2426 1861 2510; baseline 0.012 -33"><span class='ocrx_word' id='word_1_271' title='bbox 256 2432 460 2481; x_wconf 87' lang='lat' dir='ltr'><strong>tarent.</strong></span> <span class='ocrx_word' id='word_1_272' title='bbox 490 2426 739 2496; x_wconf 79' lang='lat' dir='ltr'><strong>Eﬂ&#39;unde,</strong></span> <span class='ocrx_word' id='word_1_273' title='bbox 773 2446 1103 2500; x_wconf 64' lang='lat' dir='ltr'><strong>quaesumus,</strong></span> <span class='ocrx_word' id='word_1_274' title='bbox 1133 2449 1296 2504; x_wconf 90' lang='lat' dir='ltr'><strong>super</strong></span> <span class='ocrx_word' id='word_1_275' title='bbox 1325 2436 1469 2492; x_wconf 89' lang='lat' dir='ltr'><strong>hunc</strong></span> <span class='ocrx_word' id='word_1_276' title='bbox 1515 2438 1691 2494; x_wconf 90' lang='lat' dir='ltr'><strong>locum</strong></span> <span class='ocrx_word' id='word_1_277' title='bbox 1738 2455 1861 2510; x_wconf 89' lang='lat' dir='ltr'><strong>gra-</strong></span> 
     </span>
    </p>
   </div>
   <div class='ocr_carea' id='block_1_41' title="bbox 259 2518 1859 2590">
    <p class='ocr_par' dir='ltr' id='par_1_41' title="bbox 259 2518 1859 2590">
     <span class='ocr_line' id='line_1_41' title="bbox 259 2518 1859 2590; baseline 0.011 -19"><span class='ocrx_word' id='word_1_278' title='bbox 259 2518 387 2573; x_wconf 84' lang='lat' dir='ltr'><strong>tiam</strong></span> <span class='ocrx_word' id='word_1_279' title='bbox 418 2528 598 2587; x_wconf 89' lang='lat' dir='ltr'><strong>tuam,</strong></span> <span class='ocrx_word' id='word_1_280' title='bbox 646 2530 702 2578; x_wconf 92' lang='lat' dir='ltr'><strong>et</strong></span> <span class='ocrx_word' id='word_1_281' title='bbox 748 2523 998 2581; x_wconf 89' lang='lat' dir='ltr'><strong>omnibus</strong></span> <span class='ocrx_word' id='word_1_282' title='bbox 1046 2535 1100 2582; x_wconf 91' lang='lat' dir='ltr'><strong>te</strong></span> <span class='ocrx_word' id='word_1_283' title='bbox 1144 2529 1515 2586; x_wconf 87' lang='lat' dir='ltr'><strong>invocantibus</strong></span> <span class='ocrx_word' id='word_1_284' title='bbox 1558 2533 1741 2588; x_wconf 82' lang='lat' dir='ltr'><strong>auxilii</strong></span> <span class='ocrx_word' id='word_1_285' title='bbox 1785 2536 1859 2590; x_wconf 90' lang='lat' dir='ltr'><strong>tui</strong></span> 
     </span>
    </p>
   </div>
   <div class='ocr_carea' id='block_1_42' title="bbox 258 2613 1857 2681">
    <p class='ocr_par' dir='ltr' id='par_1_42' title="bbox 258 2613 1857 2681">
     <span class='ocr_line' id='line_1_42' title="bbox 258 2613 1857 2681; baseline 0.011 -18"><span class='ocrx_word' id='word_1_286' title='bbox 258 2623 450 2665; x_wconf 88' lang='lat' dir='ltr'><strong>munus</strong></span> <span class='ocrx_word' id='word_1_287' title='bbox 469 2613 719 2681; x_wconf 87' lang='lat' dir='ltr'><strong>ostende,</strong></span> <span class='ocrx_word' id='word_1_288' title='bbox 744 2624 805 2669; x_wconf 90' lang='lat' dir='ltr'><strong>ut</strong></span> <span class='ocrx_word' id='word_1_289' title='bbox 835 2616 921 2671; x_wconf 92' lang='lat' dir='ltr'><strong>hic</strong></span> <span class='ocrx_word' id='word_1_290' title='bbox 944 2630 1402 2675; x_wconf 88' lang='lat' dir='ltr'><strong>sacramentorum</strong></span> <span class='ocrx_word' id='word_1_291' title='bbox 1432 2624 1598 2678; x_wconf 89' lang='lat' dir='ltr'><strong>virtus</strong></span> <span class='ocrx_word' id='word_1_292' title='bbox 1618 2623 1857 2681; x_wconf 91' lang='lat' dir='ltr'><strong>omnium</strong></span> 
     </span>
    </p>
   </div>
   <div class='ocr_carea' id='block_1_43' title="bbox 259 2701 1767 2772">
    <p class='ocr_par' dir='ltr' id='par_1_43' title="bbox 259 2701 1767 2772">
     <span class='ocr_line' id='line_1_43' title="bbox 259 2701 1767 2772; baseline 0.011 -17"><span class='ocrx_word' id='word_1_293' title='bbox 259 2701 497 2757; x_wconf 81' lang='lat' dir='ltr'><strong>ﬁdelium</strong></span> <span class='ocrx_word' id='word_1_294' title='bbox 527 2706 692 2761; x_wconf 88' lang='lat' dir='ltr'><strong>corda</strong></span> <span class='ocrx_word' id='word_1_295' title='bbox 722 2707 1023 2763; x_wconf 86' lang='lat' dir='ltr'><strong>confirmet.</strong></span> <span class='ocrx_word' id='word_1_296' title='bbox 1056 2708 1161 2764; x_wconf 92' lang='lat' dir='ltr'><strong>Per</strong></span> <span class='ocrx_word' id='word_1_297' title='bbox 1184 2711 1431 2766; x_wconf 86' lang='lat' dir='ltr'><strong>eumdem</strong></span> <span class='ocrx_word' id='word_1_298' title='bbox 1464 2713 1767 2772; x_wconf 92' lang='lat' dir='ltr'><strong>Dominum.</strong></span> 
     </span>
    </p>
   </div>
   <div class='ocr_carea' id='block_1_44' title="bbox 329 2794 1854 2865">
    <p class='ocr_par' dir='ltr' id='par_1_44' title="bbox 329 2794 1854 2865">
     <span class='ocr_line' id='line_1_44' title="bbox 329 2794 1854 2865; baseline 0.01 -16"><span class='ocrx_word' id='word_1_299' title='bbox 329 2802 353 2829; x_wconf 74' lang='grc' dir='ltr'><strong>ει</strong></span> <span class='ocrx_word' id='word_1_300' title='bbox 382 2794 710 2854; x_wconf 80' lang='lat' dir='ltr'><strong>Benedictio.</strong></span> <span class='ocrx_word' id='word_1_301' title='bbox 730 2829 803 2839; x_wconf 93' lang='lat'><strong>—</strong></span> <span class='ocrx_word' id='word_1_302' title='bbox 828 2800 1117 2857; x_wconf 88' lang='lat' dir='ltr'><strong>Benedicat</strong></span> <span class='ocrx_word' id='word_1_303' title='bbox 1140 2814 1190 2858; x_wconf 90' lang='lat' dir='ltr'><strong>el</strong></span> <span class='ocrx_word' id='word_1_304' title='bbox 1220 2804 1485 2860; x_wconf 85' lang='lat' dir='ltr'><strong>custodiat</strong></span> <span class='ocrx_word' id='word_1_305' title='bbox 1531 2822 1626 2862; x_wconf 90' lang='lat' dir='ltr'><strong>vos</strong></span> <span class='ocrx_word' id='word_1_306' title='bbox 1677 2811 1854 2865; x_wconf 93' lang='lat' dir='ltr'><strong>omni-</strong></span> 
     </span>
    </p>
   </div>
   <div class='ocr_carea' id='block_1_45' title="bbox 258 2890 1846 2970">
    <p class='ocr_par' dir='ltr' id='par_1_45' title="bbox 258 2890 1846 2970">
     <span class='ocr_line' id='line_1_45' title="bbox 258 2890 1846 2970; baseline 0.011 -32"><span class='ocrx_word' id='word_1_307' title='bbox 258 2896 449 2956; x_wconf 83' lang='lat' dir='ltr'><strong>potens</strong></span> <span class='ocrx_word' id='word_1_308' title='bbox 485 2890 779 2957; x_wconf 88' lang='lat' dir='ltr'><strong>Dominus,</strong></span> <span class='ocrx_word' id='word_1_309' title='bbox 810 2893 1136 2963; x_wconf 88' lang='lat' dir='ltr'><strong>domumque</strong></span> <span class='ocrx_word' id='word_1_310' title='bbox 1167 2896 1303 2951; x_wconf 88' lang='lat' dir='ltr'><strong>banc</strong></span> <span class='ocrx_word' id='word_1_311' title='bbox 1325 2898 1408 2952; x_wconf 90' lang='lat' dir='ltr'><strong>sui</strong></span> <span class='ocrx_word' id='word_1_312' title='bbox 1438 2900 1674 2955; x_wconf 87' lang='lat' dir='ltr'><strong>muneris</strong></span> <span class='ocrx_word' id='word_1_313' title='bbox 1706 2916 1846 2970; x_wconf 80' lang='lat' dir='ltr'><strong>prae-</strong></span> 
     </span>
    </p>
   </div>
   <div class='ocr_carea' id='block_1_46' title="bbox 256 2982 1856 3063">
    <p class='ocr_par' dir='ltr' id='par_1_46' title="bbox 256 2982 1856 3063">
     <span class='ocr_line' id='line_1_46' title="bbox 256 2982 1856 3063; baseline 0.01 -28"><span class='ocrx_word' id='word_1_314' title='bbox 256 2982 430 3036; x_wconf 84' lang='lat' dir='ltr'><strong>sentia</strong></span> <span class='ocrx_word' id='word_1_315' title='bbox 460 2982 755 3052; x_wconf 85' lang='lat' dir='ltr'><strong>illustrare,</strong></span> <span class='ocrx_word' id='word_1_316' title='bbox 782 2994 944 3055; x_wconf 91' lang='lat' dir='ltr'><strong>atque</strong></span> <span class='ocrx_word' id='word_1_317' title='bbox 971 3001 1083 3041; x_wconf 75' lang='lat' dir='ltr'><strong>suae</strong></span> <span class='ocrx_word' id='word_1_318' title='bbox 1113 2990 1326 3058; x_wconf 89' lang='lat' dir='ltr'><strong>pietatis</strong></span> <span class='ocrx_word' id='word_1_319' title='bbox 1349 2993 1534 3046; x_wconf 90' lang='lat' dir='ltr'><strong>oculos</strong></span> <span class='ocrx_word' id='word_1_320' title='bbox 1556 3007 1718 3063; x_wconf 87' lang='lat' dir='ltr'><strong>super</strong></span> <span class='ocrx_word' id='word_1_321' title='bbox 1737 3009 1856 3051; x_wconf 90' lang='lat' dir='ltr'><strong>eam</strong></span> 
     </span>
    </p>
   </div>
   <div class='ocr_carea' id='block_1_47' title="bbox 251 3073 1854 3157">
    <p class='ocr_par' dir='ltr' id='par_1_47' title="bbox 251 3073 1854 3157">
     <span class='ocr_line' id='line_1_47' title="bbox 251 3073 1854 3157; baseline 0.011 -32"><span class='ocrx_word' id='word_1_322' title='bbox 251 3073 334 3127; x_wconf 90' lang='lat' dir='ltr'><strong>die</strong></span> <span class='ocrx_word' id='word_1_323' title='bbox 361 3089 429 3130; x_wconf 87' lang='lat' dir='ltr'><strong>ac</strong></span> <span class='ocrx_word' id='word_1_324' title='bbox 459 3084 621 3131; x_wconf 90' lang='lat' dir='ltr'><strong>nocte</strong></span> <span class='ocrx_word' id='word_1_325' title='bbox 664 3077 909 3147; x_wconf 84' lang='lat' dir='ltr'><strong>dignetur</strong></span> <span class='ocrx_word' id='word_1_326' title='bbox 947 3078 1181 3148; x_wconf 89' lang='lat' dir='ltr'><strong>aperire.</strong></span> <span class='ocrx_word' id='word_1_327' title='bbox 1232 3082 1430 3137; x_wconf 87' lang='lat' dir='ltr'><strong>Amen.</strong></span> <span class='ocrx_word' id='word_1_328' title='bbox 1478 3084 1854 3157; x_wconf 86' lang='lat' dir='ltr'><strong>Coneedatque</strong></span> 
     </span>
    </p>
   </div>
   <div class='ocr_carea' id='block_1_48' title="bbox 251 3165 1855 3246">
    <p class='ocr_par' dir='ltr' id='par_1_48' title="bbox 251 3165 1855 3246">
     <span class='ocr_line' id='line_1_48' title="bbox 251 3165 1855 3246; baseline 0.01 -29"><span class='ocrx_word' id='word_1_329' title='bbox 251 3165 518 3235; x_wconf 84' lang='lat' dir='ltr'><strong>prepitius</strong></span> <span class='ocrx_word' id='word_1_330' title='bbox 546 3176 607 3221; x_wconf 91' lang='lat' dir='ltr'><strong>ut</strong></span> <span class='ocrx_word' id='word_1_331' title='bbox 637 3181 826 3224; x_wconf 91' lang='lat' dir='ltr'><strong>omnes</strong></span> <span class='ocrx_word' id='word_1_332' title='bbox 852 3169 941 3239; x_wconf 91' lang='lat' dir='ltr'><strong>qui</strong></span> <span class='ocrx_word' id='word_1_333' title='bbox 973 3172 1041 3227; x_wconf 92' lang='lat' dir='ltr'><strong>ad</strong></span> <span class='ocrx_word' id='word_1_334' title='bbox 1070 3170 1462 3229; x_wconf 87' lang='lat' dir='ltr'><strong>dedicationem</strong></span> <span class='ocrx_word' id='word_1_335' title='bbox 1507 3176 1664 3246; x_wconf 89' lang='lat' dir='ltr'><strong>hujus</strong></span> <span class='ocrx_word' id='word_1_336' title='bbox 1709 3177 1855 3233; x_wconf 86' lang='lat' dir='ltr'><strong>basi-</strong></span> 
     </span>
    </p>
   </div>
   <div class='ocr_carea' id='block_1_49' title="bbox 250 3256 2201 3351">
    <p class='ocr_par' dir='ltr' id='par_1_49' title="bbox 250 3256 2201 3351">
     <span class='ocr_line' id='line_1_49' title="bbox 250 3256 2201 3351; baseline 0.012 -42"><span class='ocrx_word' id='word_1_337' title='bbox 250 3256 363 3311; x_wconf 67' lang='lat' dir='ltr'><strong>licae</strong></span> <span class='ocrx_word' id='word_1_338' title='bbox 394 3257 597 3312; x_wconf 87' lang='lat' dir='ltr'><strong>devote</strong></span> <span class='ocrx_word' id='word_1_339' title='bbox 640 3260 1003 3330; x_wconf 88' lang='lat' dir='ltr'><strong>convenistis,</strong></span> <span class='ocrx_word' id='word_1_340' title='bbox 1048 3264 1411 3320; x_wconf 86' lang='lat' dir='ltr'><strong>intercedente</strong></span> <span class='ocrx_word' id='word_1_341' title='bbox 1457 3266 1613 3323; x_wconf 89' lang='lat' dir='ltr'><strong>beato</strong></span> <span class='ocrx_word' id='word_1_342' title='bbox 1662 3265 1755 3322; x_wconf 85' lang='lat' dir='ltr'><strong>Ill.</strong></span> <span class='ocrx_word' id='word_1_343' title='bbox 1801 3276 1928 3342; x_wconf 80' lang='lat' dir='ltr'><strong>etc</strong></span> <span class='ocrx_word' id='word_1_344' title='bbox 1958 3256 2201 3351; x_wconf 59' lang='grc' dir='ltr'><strong>ίηθηίδυε</strong></span> 
     </span>
    </p>
   </div>
   <div class='ocr_carea' id='block_1_50' title="bbox 252 3350 1855 3428">
    <p class='ocr_par' dir='ltr' id='par_1_50' title="bbox 252 3350 1855 3428">
     <span class='ocr_line' id='line_1_50' title="bbox 252 3350 1855 3428; baseline 0.008 -26"><span class='ocrx_word' id='word_1_345' title='bbox 252 3350 465 3403; x_wconf 63' lang='lat' dir='ltr'><strong>caeteris</strong></span> <span class='ocrx_word' id='word_1_346' title='bbox 494 3351 703 3406; x_wconf 85' lang='lat' dir='ltr'><strong>sanctis</strong></span> <span class='ocrx_word' id='word_1_347' title='bbox 732 3351 866 3418; x_wconf 90' lang='lat' dir='ltr'><strong>suis,</strong></span> <span class='ocrx_word' id='word_1_348' title='bbox 912 3368 1137 3423; x_wconf 90' lang='lat' dir='ltr'><strong>quorum</strong></span> <span class='ocrx_word' id='word_1_349' title='bbox 1169 3355 1411 3426; x_wconf 67' lang='lat' dir='ltr'><strong>reliquiae</strong></span> <span class='ocrx_word' id='word_1_350' title='bbox 1441 3356 1530 3411; x_wconf 87' lang='lat' dir='ltr'><strong>hic</strong></span> <span class='ocrx_word' id='word_1_351' title='bbox 1578 3359 1664 3428; x_wconf 89' lang='lat' dir='ltr'><strong>pio</strong></span> <span class='ocrx_word' id='word_1_352' title='bbox 1693 3374 1855 3415; x_wconf 89' lang='lat' dir='ltr'><strong>vene-</strong></span> 
     </span>
    </p>
   </div>
   <div class='ocr_carea' id='block_1_51' title="bbox 253 3446 1853 3521">
    <p class='ocr_par' dir='ltr' id='par_1_51' title="bbox 253 3446 1853 3521">
     <span class='ocr_line' id='line_1_51' title="bbox 253 3446 1853 3521; baseline 0.009 -25"><span class='ocrx_word' id='word_1_353' title='bbox 253 3452 441 3497; x_wconf 83' lang='lat' dir='ltr'><strong>rantur</strong></span> <span class='ocrx_word' id='word_1_354' title='bbox 488 3459 682 3500; x_wconf 79' lang='lat' dir='ltr'><strong>amore</strong></span> <span class='ocrx_word' id='word_1_355' title='bbox 733 3446 1041 3515; x_wconf 88' lang='lat' dir='ltr'><strong>vobiscum,</strong></span> <span class='ocrx_word' id='word_1_356' title='bbox 1092 3448 1214 3505; x_wconf 89' lang='lat' dir='ltr'><strong>hinc</strong></span> <span class='ocrx_word' id='word_1_357' title='bbox 1264 3452 1471 3506; x_wconf 84' lang='lat' dir='ltr'><strong>veniam</strong></span> <span class='ocrx_word' id='word_1_358' title='bbox 1514 3463 1853 3521; x_wconf 85' lang='lat' dir='ltr'><strong>peccatorum</strong></span> 
     </span>
    </p>
   </div>
   <div class='ocr_carea' id='block_1_52' title="bbox 250 3543 1854 3613">
    <p class='ocr_par' dir='ltr' id='par_1_52' title="bbox 250 3543 1854 3613">
     <span class='ocr_line' id='line_1_52' title="bbox 250 3543 1854 3613; baseline 0.01 -24"><span class='ocrx_word' id='word_1_359' title='bbox 250 3546 555 3593; x_wconf 83' lang='lat' dir='ltr'><strong>vestrorum</strong></span> <span class='ocrx_word' id='word_1_360' title='bbox 580 3549 859 3608; x_wconf 90' lang='lat' dir='ltr'><strong>reportare</strong></span> <span class='ocrx_word' id='word_1_361' title='bbox 879 3543 1123 3599; x_wconf 88' lang='lat' dir='ltr'><strong>valeatis.</strong></span> <span class='ocrx_word' id='word_1_362' title='bbox 1151 3544 1343 3601; x_wconf 86' lang='lat' dir='ltr'><strong>Amen.</strong></span> <span class='ocrx_word' id='word_1_363' title='bbox 1375 3546 1644 3613; x_wconf 86' lang='lat' dir='ltr'><strong>Quatenus</strong></span> <span class='ocrx_word' id='word_1_364' title='bbox 1667 3564 1854 3605; x_wconf 87' lang='lat' dir='ltr'><strong>eorum</strong></span> 
     </span>
    </p>
   </div>
   <div class='ocr_carea' id='block_1_53' title="bbox 252 3629 1848 3708">
    <p class='ocr_par' dir='ltr' id='par_1_53' title="bbox 252 3629 1848 3708">
     <span class='ocr_line' id='line_1_53' title="bbox 252 3629 1848 3708; baseline 0.009 -27"><span class='ocrx_word' id='word_1_365' title='bbox 252 3629 570 3685; x_wconf 85' lang='lat' dir='ltr'><strong>interventu</strong></span> <span class='ocrx_word' id='word_1_366' title='bbox 602 3633 704 3701; x_wconf 88' lang='lat' dir='ltr'><strong>ipsi</strong></span> <span class='ocrx_word' id='word_1_367' title='bbox 732 3635 984 3703; x_wconf 91' lang='lat' dir='ltr'><strong>templum</strong></span> <span class='ocrx_word' id='word_1_368' title='bbox 1015 3638 1185 3691; x_wconf 89' lang='lat' dir='ltr'><strong>sancti</strong></span> <span class='ocrx_word' id='word_1_369' title='bbox 1218 3637 1479 3706; x_wconf 89' lang='lat' dir='ltr'><strong>Spiritus,</strong></span> <span class='ocrx_word' id='word_1_370' title='bbox 1510 3640 1563 3693; x_wconf 92' lang='lat' dir='ltr'><strong>in</strong></span> <span class='ocrx_word' id='word_1_371' title='bbox 1591 3655 1696 3708; x_wconf 91' lang='lat' dir='ltr'><strong>quo</strong></span> <span class='ocrx_word' id='word_1_372' title='bbox 1721 3656 1848 3695; x_wconf 86' lang='lat' dir='ltr'><strong>san-</strong></span> 
     </span>
    </p>
   </div>
   <div class='ocr_carea' id='block_1_54' title="bbox 254 3722 1827 3799">
    <p class='ocr_par' dir='ltr' id='par_1_54' title="bbox 254 3722 1827 3799">
     <span class='ocr_line' id='line_1_54' title="bbox 254 3722 1827 3799; baseline 0.007 -23"><span class='ocrx_word' id='word_1_373' title='bbox 254 3730 334 3775; x_wconf 85' lang='lat' dir='ltr'><strong>cta</strong></span> <span class='ocrx_word' id='word_1_374' title='bbox 365 3722 508 3779; x_wconf 85' lang='lat' dir='ltr'><strong>Deus</strong></span> <span class='ocrx_word' id='word_1_375' title='bbox 537 3724 774 3781; x_wconf 87' lang='lat' dir='ltr'><strong>Trinitas</strong></span> <span class='ocrx_word' id='word_1_376' title='bbox 799 3726 997 3797; x_wconf 88' lang='lat' dir='ltr'><strong>jugiter</strong></span> <span class='ocrx_word' id='word_1_377' title='bbox 1044 3729 1287 3784; x_wconf 88' lang='lat' dir='ltr'><strong>habitare</strong></span> <span class='ocrx_word' id='word_1_378' title='bbox 1335 3730 1602 3799; x_wconf 80' lang='lat' dir='ltr'><strong>dignetur,</strong></span> <span class='ocrx_word' id='word_1_379' title='bbox 1651 3733 1827 3787; x_wconf 83' lang='lat' dir='ltr'><strong>efﬁcia</strong></span> 
     </span>
    </p>
   </div>
   <div class='ocr_carea' id='block_1_55' title="bbox 258 3815 1852 3893">
    <p class='ocr_par' dir='ltr' id='par_1_55' title="bbox 258 3815 1852 3893">
     <span class='ocr_line' id='line_1_55' title="bbox 258 3815 1852 3893; baseline 0.006 -24"><span class='ocrx_word' id='word_1_380' title='bbox 258 3815 409 3883; x_wconf 88' lang='lat' dir='ltr'><strong>mini,</strong></span> <span class='ocrx_word' id='word_1_381' title='bbox 442 3824 500 3871; x_wconf 86' lang='lat' dir='ltr'><strong>et</strong></span> <span class='ocrx_word' id='word_1_382' title='bbox 521 3825 648 3885; x_wconf 88' lang='lat' dir='ltr'><strong>post</strong></span> <span class='ocrx_word' id='word_1_383' title='bbox 673 3817 830 3888; x_wconf 88' lang='lat' dir='ltr'><strong>hujus</strong></span> <span class='ocrx_word' id='word_1_384' title='bbox 854 3820 974 3875; x_wconf 69' lang='lat' dir='ltr'><strong>vitm</strong></span> <span class='ocrx_word' id='word_1_385' title='bbox 1002 3819 1232 3876; x_wconf 86' lang='lat' dir='ltr'><strong>labentis</strong></span> <span class='ocrx_word' id='word_1_386' title='bbox 1263 3837 1546 3877; x_wconf 79' lang='lat' dir='ltr'><strong>excursum</strong></span> <span class='ocrx_word' id='word_1_387' title='bbox 1572 3822 1638 3877; x_wconf 89' lang='lat' dir='ltr'><strong>ad</strong></span> <span class='ocrx_word' id='word_1_388' title='bbox 1665 3825 1852 3893; x_wconf 85' lang='lat' dir='ltr'><strong>gaudia</strong></span> 
     </span>
    </p>
   </div>
   <div class='ocr_carea' id='block_1_56' title="bbox 258 3909 1853 3982">
    <p class='ocr_par' dir='ltr' id='par_1_56' title="bbox 258 3909 1853 3982">
     <span class='ocr_line' id='line_1_56' title="bbox 258 3909 1853 3982; baseline 0.006 -20"><span class='ocrx_word' id='word_1_389' title='bbox 258 3919 458 3964; x_wconf 61' lang='lat' dir='ltr'><strong>eterna</strong></span> <span class='ocrx_word' id='word_1_390' title='bbox 486 3909 717 3965; x_wconf 83' lang='lat' dir='ltr'><strong>feliciter</strong></span> <span class='ocrx_word' id='word_1_391' title='bbox 749 3914 1025 3978; x_wconf 90' lang='lat' dir='ltr'><strong>pervenire</strong></span> <span class='ocrx_word' id='word_1_392' title='bbox 1078 3913 1413 3969; x_wconf 87' lang='lat' dir='ltr'><strong>mereamini.</strong></span> <span class='ocrx_word' id='word_1_393' title='bbox 1456 3915 1647 3971; x_wconf 86' lang='lat' dir='ltr'><strong>Amen.</strong></span> <span class='ocrx_word' id='word_1_394' title='bbox 1700 3916 1853 3982; x_wconf 86' lang='lat' dir='ltr'><strong>Quod</strong></span> 
     </span>
    </p>
   </div>
   <div class='ocr_carea' id='block_1_57' title="bbox 257 3999 962 4072">
    <p class='ocr_par' dir='ltr' id='par_1_57' title="bbox 257 3999 962 4072">
     <span class='ocr_line' id='line_1_57' title="bbox 257 3999 962 4072; baseline 0.006 -18"><span class='ocrx_word' id='word_1_395' title='bbox 257 3999 369 4069; x_wconf 86' lang='lat' dir='ltr'><strong>ipse</strong></span> <span class='ocrx_word' id='word_1_396' title='bbox 402 4010 666 4069; x_wconf 72' lang='lat' dir='ltr'><strong>przestare</strong></span> <span class='ocrx_word' id='word_1_397' title='bbox 693 4001 962 4072; x_wconf 78' lang='lat' dir='ltr'><strong>dignetur.</strong></span> 
     </span>
    </p>
   </div>
   <div class='ocr_carea' id='block_1_58' title="bbox 332 4090 1853 4171">
    <p class='ocr_par' dir='ltr' id='par_1_58' title="bbox 332 4090 1853 4171">
     <span class='ocr_line' id='line_1_58' title="bbox 332 4090 1853 4171; baseline 0.009 -27"><span class='ocrx_word' id='word_1_398' title='bbox 332 4090 496 4164; x_wconf 66' lang='grc'><strong>154</strong></span> <span class='ocrx_word' id='word_1_399' title='bbox 522 4093 606 4146; x_wconf 82' lang='lat' dir='ltr'><strong>Ad</strong></span> <span class='ocrx_word' id='word_1_400' title='bbox 635 4092 1023 4164; x_wconf 74' lang='lat' dir='ltr'><strong>Complendum.</strong></span> <span class='ocrx_word' id='word_1_401' title='bbox 1052 4126 1126 4137; x_wconf 91' lang='lat'><em>—</em></span> <span class='ocrx_word' id='word_1_402' title='bbox 1148 4097 1488 4169; x_wconf 86' lang='lat' dir='ltr'><strong>Quaesumus,</strong></span> <span class='ocrx_word' id='word_1_403' title='bbox 1518 4101 1853 4171; x_wconf 85' lang='lat' dir='ltr'><strong>omnipotens</strong></span> 
     </span>
    </p>
   </div>
   <div class='ocr_carea' id='block_1_59' title="bbox 260 4184 1853 4261">
    <p class='ocr_par' dir='ltr' id='par_1_59' title="bbox 260 4184 1853 4261">
     <span class='ocr_line' id='line_1_59' title="bbox 260 4184 1853 4261; baseline 0.006 -23"><span class='ocrx_word' id='word_1_404' title='bbox 260 4184 419 4250; x_wconf 90' lang='lat' dir='ltr'><strong>Deus,</strong></span> <span class='ocrx_word' id='word_1_405' title='bbox 457 4192 515 4238; x_wconf 85' lang='lat' dir='ltr'><strong>ut</strong></span> <span class='ocrx_word' id='word_1_406' title='bbox 544 4184 599 4239; x_wconf 88' lang='lat' dir='ltr'><strong>in</strong></span> <span class='ocrx_word' id='word_1_407' title='bbox 629 4185 732 4240; x_wconf 88' lang='lat' dir='ltr'><strong>hoc</strong></span> <span class='ocrx_word' id='word_1_408' title='bbox 762 4187 913 4254; x_wconf 90' lang='lat' dir='ltr'><strong>loco,</strong></span> <span class='ocrx_word' id='word_1_409' title='bbox 944 4204 1100 4256; x_wconf 84' lang='lat' dir='ltr'><strong>quem</strong></span> <span class='ocrx_word' id='word_1_410' title='bbox 1134 4191 1333 4244; x_wconf 90' lang='lat' dir='ltr'><strong>nomini</strong></span> <span class='ocrx_word' id='word_1_411' title='bbox 1362 4199 1452 4246; x_wconf 90' lang='lat' dir='ltr'><strong>tuo</strong></span> <span class='ocrx_word' id='word_1_412' title='bbox 1478 4191 1678 4261; x_wconf 82' lang='lat' dir='ltr'><strong>indigni</strong></span> <span class='ocrx_word' id='word_1_413' title='bbox 1707 4192 1853 4247; x_wconf 80' lang='lat' dir='ltr'><strong>dica-</strong></span> 
     </span>
    </p>
   </div>
   <div class='ocr_carea' id='block_1_60' title="bbox 260 4277 1852 4351">
    <p class='ocr_par' dir='ltr' id='par_1_60' title="bbox 260 4277 1852 4351">
     <span class='ocr_line' id='line_1_60' title="bbox 260 4277 1852 4351; baseline 0.006 -24"><span class='ocrx_word' id='word_1_414' title='bbox 260 4277 457 4345; x_wconf 78' lang='lat' dir='ltr'><strong>vimus,</strong></span> <span class='ocrx_word' id='word_1_415' title='bbox 485 4278 694 4334; x_wconf 88' lang='lat' dir='ltr'><strong>cunctis</strong></span> <span class='ocrx_word' id='word_1_416' title='bbox 722 4280 1027 4348; x_wconf 85' lang='lat' dir='ltr'><strong>petentibus</strong></span> <span class='ocrx_word' id='word_1_417' title='bbox 1066 4294 1225 4335; x_wconf 91' lang='lat' dir='ltr'><strong>aures</strong></span> <span class='ocrx_word' id='word_1_418' title='bbox 1268 4292 1370 4337; x_wconf 87' lang='lat' dir='ltr'><strong>tuae</strong></span> <span class='ocrx_word' id='word_1_419' title='bbox 1399 4283 1611 4351; x_wconf 89' lang='lat' dir='ltr'><strong>pietatis</strong></span> <span class='ocrx_word' id='word_1_420' title='bbox 1639 4298 1852 4339; x_wconf 86' lang='lat' dir='ltr'><strong>accom-</strong></span> 
     </span>
    </p>
   </div>
   <div class='ocr_carea' id='block_1_61' title="bbox 258 4367 619 4424">
    <p class='ocr_par' dir='ltr' id='par_1_61' title="bbox 258 4367 619 4424">
     <span class='ocr_line' id='line_1_61' title="bbox 258 4367 619 4424; baseline 0.008 -3"><span class='ocrx_word' id='word_1_421' title='bbox 258 4368 463 4423; x_wconf 83' lang='lat' dir='ltr'><strong>rnodes.</strong></span> <span class='ocrx_word' id='word_1_422' title='bbox 494 4367 619 4424; x_wconf 82' lang='lat' dir='ltr'><strong>Per.</strong></span> 
     </span>
    </p>
   </div>
   <div class='ocr_carea' id='block_1_62' title="bbox 326 4462 1851 4535">
    <p class='ocr_par' dir='ltr' id='par_1_62' title="bbox 326 4462 1851 4535">
     <span class='ocr_line' id='line_1_62' title="bbox 326 4462 1851 4535; baseline 0.004 -19"><span class='ocrx_word' id='word_1_423' title='bbox 326 4464 469 4517; x_wconf 83' lang='lat' dir='ltr'><strong>Alia.</strong></span> <span class='ocrx_word' id='word_1_424' title='bbox 500 4492 576 4503; x_wconf 91' lang='lat'>—</span> <span class='ocrx_word' id='word_1_425' title='bbox 603 4462 921 4519; x_wconf 90' lang='lat' dir='ltr'><strong>Sanctorum</strong></span> <span class='ocrx_word' id='word_1_426' title='bbox 980 4474 1189 4519; x_wconf 91' lang='lat' dir='ltr'><strong>tuorum</strong></span> <span class='ocrx_word' id='word_1_427' title='bbox 1217 4506 1231 4531; x_wconf 93' lang='lat'><strong>,</strong></span> <span class='ocrx_word' id='word_1_428' title='bbox 1287 4465 1511 4520; x_wconf 80' lang='lat' dir='ltr'><strong>Domine</strong></span> <span class='ocrx_word' id='word_1_429' title='bbox 1532 4508 1545 4532; x_wconf 92' lang='lat'><strong>,</strong></span> <span class='ocrx_word' id='word_1_430' title='bbox 1605 4467 1851 4535; x_wconf 91' lang='lat' dir='ltr'><strong>precibus</strong></span> 
     </span>
    </p>
   </div>
   <div class='ocr_carea' id='block_1_63' title="bbox 259 4555 1851 4627">
    <p class='ocr_par' dir='ltr' id='par_1_63' title="bbox 259 4555 1851 4627">
     <span class='ocr_line' id='line_1_63' title="bbox 259 4555 1851 4627; baseline 0.003 -17"><span class='ocrx_word' id='word_1_431' title='bbox 259 4555 613 4621; x_wconf 85' lang='lat' dir='ltr'><strong>confidentes,</strong></span> <span class='ocrx_word' id='word_1_432' title='bbox 643 4570 976 4626; x_wconf 62' lang='lat' dir='ltr'><strong>quaesumus,</strong></span> <span class='ocrx_word' id='word_1_433' title='bbox 1024 4565 1082 4610; x_wconf 94' lang='lat' dir='ltr'><strong>ut</strong></span> <span class='ocrx_word' id='word_1_434' title='bbox 1108 4570 1204 4625; x_wconf 89' lang='lat' dir='ltr'><strong>per</strong></span> <span class='ocrx_word' id='word_1_435' title='bbox 1252 4572 1313 4611; x_wconf 90' lang='lat' dir='ltr'><strong>ea</strong></span> <span class='ocrx_word' id='word_1_436' title='bbox 1361 4572 1481 4626; x_wconf 84' lang='lat' dir='ltr'><strong>quae</strong></span> <span class='ocrx_word' id='word_1_437' title='bbox 1525 4557 1851 4627; x_wconf 89' lang='lat' dir='ltr'><strong>sumpsimus</strong></span> 
     </span>
    </p>
   </div>
   <div class='ocr_carea' id='block_1_64' title="bbox 258 4646 1198 4716">
    <p class='ocr_par' dir='ltr' id='par_1_64' title="bbox 258 4646 1198 4716">
     <span class='ocr_line' id='line_1_64' title="bbox 258 4646 1198 4716; baseline -0.002 -15"><span class='ocrx_word' id='word_1_438' title='bbox 258 4656 457 4703; x_wconf 77' lang='lat' dir='ltr'><strong>aeterna</strong></span> <span class='ocrx_word' id='word_1_439' title='bbox 484 4646 723 4702; x_wconf 86' lang='lat' dir='ltr'><strong>remedia</strong></span> <span class='ocrx_word' id='word_1_440' title='bbox 748 4647 1040 4716; x_wconf 89' lang='lat' dir='ltr'><strong>capiamus.</strong></span> <span class='ocrx_word' id='word_1_441' title='bbox 1076 4646 1198 4702; x_wconf 90' lang='lat' dir='ltr'><strong>Per.</strong></span> 
     </span>
    </p>
   </div>
   <div class='ocr_carea' id='block_1_65' title="bbox 324 4742 1848 4815">
    <p class='ocr_par' dir='ltr' id='par_1_65' title="bbox 324 4742 1848 4815">
     <span class='ocr_line' id='line_1_65' title="bbox 324 4742 1848 4815; baseline 0.003 -19"><span class='ocrx_word' id='word_1_442' title='bbox 324 4742 503 4811; x_wconf 76' lang='lat' dir='ltr'><strong>Super</strong></span> <span class='ocrx_word' id='word_1_443' title='bbox 542 4743 1151 4811; x_wconf 83' lang='lat' dir='ltr'><strong>populum.—Copiosa</strong></span> <span class='ocrx_word' id='word_1_444' title='bbox 1204 4742 1480 4810; x_wconf 89' lang='lat' dir='ltr'><strong>beneficia,</strong></span> <span class='ocrx_word' id='word_1_445' title='bbox 1522 4758 1848 4815; x_wconf 76' lang='lat' dir='ltr'><strong>quzesumus,</strong></span> 
     </span>
    </p>
   </div>
   <div class='ocr_carea' id='block_1_66' title="bbox 258 4834 1859 4907">
    <p class='ocr_par' dir='ltr' id='par_1_66' title="bbox 258 4834 1859 4907">
     <span class='ocr_line' id='line_1_66' title="bbox 258 4834 1859 4907; baseline 0.001 -16"><span class='ocrx_word' id='word_1_446' title='bbox 258 4835 506 4899; x_wconf 88' lang='lat' dir='ltr'><strong>Domine,</strong></span> <span class='ocrx_word' id='word_1_447' title='bbox 519 4834 856 4890; x_wconf 87' lang='lat' dir='ltr'><strong>Christianus</strong></span> <span class='ocrx_word' id='word_1_448' title='bbox 868 4835 1092 4906; x_wconf 86' lang='lat' dir='ltr'><strong>populus</strong></span> <span class='ocrx_word' id='word_1_449' title='bbox 1104 4844 1439 4904; x_wconf 87' lang='lat' dir='ltr'><strong>assequatur,</strong></span> <span class='ocrx_word' id='word_1_450' title='bbox 1457 4838 1614 4907; x_wconf 90' lang='lat' dir='ltr'><strong>utqui</strong></span> <span class='ocrx_word' id='word_1_451' title='bbox 1630 4838 1679 4892; x_wconf 90' lang='lat' dir='ltr'><strong>in</strong></span> <span class='ocrx_word' id='word_1_452' title='bbox 1697 4838 1859 4893; x_wconf 86' lang='lat' dir='ltr'><strong>hono-</strong></span> 
     </span>
    </p>
   </div>
   <div class='ocr_carea' id='block_1_67' title="bbox 262 4927 1847 4985">
    <p class='ocr_par' dir='ltr' id='par_1_67' title="bbox 262 4927 1847 4985">
     <span class='ocr_line' id='line_1_67' title="bbox 262 4927 1847 4985; baseline 0.001 -2"><span class='ocrx_word' id='word_1_453' title='bbox 262 4944 373 4983; x_wconf 88' lang='lat' dir='ltr'><strong>rem</strong></span> <span class='ocrx_word' id='word_1_454' title='bbox 390 4935 701 4983; x_wconf 86' lang='lat' dir='ltr'><strong>sanctorum</strong></span> <span class='ocrx_word' id='word_1_455' title='bbox 719 4935 927 4984; x_wconf 89' lang='lat' dir='ltr'><strong>tuorum</strong></span> <span class='ocrx_word' id='word_1_456' title='bbox 941 4927 1213 4985; x_wconf 80' lang='lat' dir='ltr'><strong>sacrandis</strong></span> <span class='ocrx_word' id='word_1_457' title='bbox 1231 4928 1323 4983; x_wconf 92' lang='lat' dir='ltr'><strong>tibi</strong></span> <span class='ocrx_word' id='word_1_458' title='bbox 1340 4927 1608 4983; x_wconf 90' lang='lat' dir='ltr'><strong>liminibus</strong></span> <span class='ocrx_word' id='word_1_459' title='bbox 1622 4930 1847 4985; x_wconf 90' lang='lat' dir='ltr'><strong>devotus</strong></span> 
     </span>
    </p>
   </div>
   <div class='ocr_carea' id='block_1_68' title="bbox 261 5019 1849 5092">
    <p class='ocr_par' dir='ltr' id='par_1_68' title="bbox 261 5019 1849 5092">
     <span class='ocr_line' id='line_1_68' title="bbox 261 5019 1849 5092; baseline 0.001 -18"><span class='ocrx_word' id='word_1_460' title='bbox 261 5020 517 5087; x_wconf 90' lang='lat' dir='ltr'><strong>occurrit,</strong></span> <span class='ocrx_word' id='word_1_461' title='bbox 557 5028 612 5075; x_wconf 86' lang='lat' dir='ltr'><strong>et</strong></span> <span class='ocrx_word' id='word_1_462' title='bbox 641 5021 764 5073; x_wconf 61' lang='lat' dir='ltr'><strong>vitae</strong></span> <span class='ocrx_word' id='word_1_463' title='bbox 786 5019 1019 5075; x_wconf 82' lang='lat' dir='ltr'><strong>subsidia</strong></span> <span class='ocrx_word' id='word_1_464' title='bbox 1048 5021 1329 5089; x_wconf 68' lang='lat' dir='ltr'><strong>prmsentis</strong></span> <span class='ocrx_word' id='word_1_465' title='bbox 1353 5020 1599 5088; x_wconf 87' lang='lat' dir='ltr'><strong>accipiat,</strong></span> <span class='ocrx_word' id='word_1_466' title='bbox 1632 5030 1687 5075; x_wconf 87' lang='lat' dir='ltr'><strong>et</strong></span> <span class='ocrx_word' id='word_1_467' title='bbox 1730 5036 1849 5092; x_wconf 68' lang='lat' dir='ltr'><strong>gra~</strong></span> 
     </span>
    </p>
   </div>
   <div class='ocr_carea' id='block_1_69' title="bbox 263 5112 1599 5182">
    <p class='ocr_par' dir='ltr' id='par_1_69' title="bbox 263 5112 1599 5182">
     <span class='ocr_line' id='line_1_69' title="bbox 263 5112 1599 5182; baseline 0 -15"><span class='ocrx_word' id='word_1_468' title='bbox 263 5114 387 5167; x_wconf 88' lang='lat' dir='ltr'><strong>tiam</strong></span> <span class='ocrx_word' id='word_1_469' title='bbox 417 5114 762 5182; x_wconf 67' lang='lat' dir='ltr'><strong>sempiterna:</strong></span> <span class='ocrx_word' id='word_1_470' title='bbox 786 5113 1167 5182; x_wconf 86' lang='lat' dir='ltr'><strong>redemptionis</strong></span> <span class='ocrx_word' id='word_1_471' title='bbox 1196 5113 1447 5167; x_wconf 90' lang='lat' dir='ltr'><strong>inveniat.</strong></span> <span class='ocrx_word' id='word_1_472' title='bbox 1478 5112 1599 5168; x_wconf 87' lang='lat' dir='ltr'><strong>Per.</strong></span> 
     </span>
    </p>
   </div>
   <div class='ocr_carea' id='block_1_70' title="bbox 329 5206 1849 5277">
    <p class='ocr_par' dir='ltr' id='par_1_70' title="bbox 329 5206 1849 5277">
     <span class='ocr_line' id='line_1_70' title="bbox 329 5206 1849 5277; baseline 0.001 -17"><span class='ocrx_word' id='word_1_473' title='bbox 329 5207 472 5262; x_wconf 80' lang='lat' dir='ltr'><strong>Alia.</strong></span> <span class='ocrx_word' id='word_1_474' title='bbox 493 5237 567 5246; x_wconf 96' lang='lat'><strong>—</strong></span> <span class='ocrx_word' id='word_1_475' title='bbox 588 5206 757 5275; x_wconf 82' lang='lat' dir='ltr'><strong>Dona,</strong></span> <span class='ocrx_word' id='word_1_476' title='bbox 790 5207 1032 5275; x_wconf 90' lang='lat' dir='ltr'><strong>Domine,</strong></span> <span class='ocrx_word' id='word_1_477' title='bbox 1061 5209 1306 5263; x_wconf 83' lang='lat' dir='ltr'><strong>virtutem</strong></span> <span class='ocrx_word' id='word_1_478' title='bbox 1334 5206 1528 5277; x_wconf 90' lang='lat' dir='ltr'><strong>populo</strong></span> <span class='ocrx_word' id='word_1_479' title='bbox 1554 5214 1667 5277; x_wconf 90' lang='lat' dir='ltr'><strong>tuo,</strong></span> <span class='ocrx_word' id='word_1_480' title='bbox 1689 5216 1746 5265; x_wconf 88' lang='lat' dir='ltr'><strong>et</strong></span> <span class='ocrx_word' id='word_1_481' title='bbox 1771 5207 1849 5264; x_wconf 78' lang='lat' dir='ltr'><strong>ef-</strong></span> 
     </span>
    </p>
   </div>
   <div class='ocr_carea' id='block_1_71' title="bbox 267 5299 1851 5370">
    <p class='ocr_par' dir='ltr' id='par_1_71' title="bbox 267 5299 1851 5370">
     <span class='ocr_line' id='line_1_71' title="bbox 267 5299 1851 5370; baseline 0.003 -15"><span class='ocrx_word' id='word_1_482' title='bbox 267 5299 359 5356; x_wconf 81' lang='lat' dir='ltr'><strong>fice</strong></span> <span class='ocrx_word' id='word_1_483' title='bbox 386 5316 486 5356; x_wconf 85' lang='lat' dir='ltr'><strong>nos</strong></span> <span class='ocrx_word' id='word_1_484' title='bbox 518 5301 773 5370; x_wconf 89' lang='lat' dir='ltr'><strong>templum</strong></span> <span class='ocrx_word' id='word_1_485' title='bbox 805 5301 1037 5370; x_wconf 90' lang='lat' dir='ltr'><strong>Spiritus</strong></span> <span class='ocrx_word' id='word_1_486' title='bbox 1084 5310 1274 5369; x_wconf 79' lang='lat' dir='ltr'><strong>sancti,</strong></span> <span class='ocrx_word' id='word_1_487' title='bbox 1323 5310 1381 5355; x_wconf 91' lang='lat' dir='ltr'><strong>ut</strong></span> <span class='ocrx_word' id='word_1_488' title='bbox 1430 5301 1523 5357; x_wconf 91' lang='lat' dir='ltr'><strong>tibi</strong></span> <span class='ocrx_word' id='word_1_489' title='bbox 1573 5301 1642 5356; x_wconf 92' lang='lat' dir='ltr'><strong>de</strong></span> <span class='ocrx_word' id='word_1_490' title='bbox 1687 5302 1851 5359; x_wconf 90' lang='lat' dir='ltr'><strong>corde</strong></span> 
     </span>
    </p>
   </div>
   <div class='ocr_carea' id='block_1_72' title="bbox 265 5392 1717 5463">
    <p class='ocr_par' dir='ltr' id='par_1_72' title="bbox 265 5392 1717 5463">
     <span class='ocr_line' id='line_1_72' title="bbox 265 5392 1717 5463; baseline -0.001 -15"><span class='ocrx_word' id='word_1_491' title='bbox 265 5407 395 5462; x_wconf 86' lang='lat' dir='ltr'><strong>puro</strong></span> <span class='ocrx_word' id='word_1_492' title='bbox 427 5394 800 5449; x_wconf 89' lang='lat' dir='ltr'><strong>holocaustum</strong></span> <span class='ocrx_word' id='word_1_493' title='bbox 833 5392 1158 5463; x_wconf 88' lang='lat' dir='ltr'><strong>acceptabile</strong></span> <span class='ocrx_word' id='word_1_494' title='bbox 1186 5407 1569 5463; x_wconf 69' lang='lat' dir='ltr'><strong>praeparemus.</strong></span> <span class='ocrx_word' id='word_1_495' title='bbox 1596 5392 1717 5447; x_wconf 70' lang='lat' dir='ltr'><strong>Per,</strong></span> 
     </span>
    </p>
   </div>
   <div class='ocr_carea' id='block_1_73' title="bbox 378 5485 1719 5556">
    <p class='ocr_par' dir='ltr' id='par_1_73' title="bbox 378 5485 1719 5556">
     <span class='ocr_line' id='line_1_73' title="bbox 378 5485 1719 5556; baseline -0.002 -14"><span class='ocrx_word' id='word_1_496' title='bbox 378 5485 533 5556; x_wconf 89' lang='lat'><strong>(587)</strong></span> <span class='ocrx_word' id='word_1_497' title='bbox 563 5502 617 5540; x_wconf 78' lang='lat' dir='ltr'><strong>ut</strong></span> <span class='ocrx_word' id='word_1_498' title='bbox 643 5501 1028 5541; x_wconf 66' lang='lat' dir='ltr'><strong>ANNIVERSARIO</strong></span> <span class='ocrx_word' id='word_1_499' title='bbox 1055 5499 1422 5542; x_wconf 78' lang='lat' dir='ltr'><strong>DBDICATIONIS</strong></span> <span class='ocrx_word' id='word_1_500' title='bbox 1446 5501 1719 5541; x_wconf 56' lang='lat' dir='ltr'><strong>omnem.</strong></span> 
     </span>
    </p>
   </div>
   <div class='ocr_carea' id='block_1_74' title="bbox 331 5578 1849 5649">
    <p class='ocr_par' dir='ltr' id='par_1_74' title="bbox 331 5578 1849 5649">
     <span class='ocr_line' id='line_1_74' title="bbox 331 5578 1849 5649; baseline 0.001 -16"><span class='ocrx_word' id='word_1_501' title='bbox 331 5578 492 5646; x_wconf 88' lang='lat' dir='ltr'><strong>Deus,</strong></span> <span class='ocrx_word' id='word_1_502' title='bbox 526 5579 619 5649; x_wconf 92' lang='lat' dir='ltr'><strong>qui</strong></span> <span class='ocrx_word' id='word_1_503' title='bbox 650 5580 803 5635; x_wconf 90' lang='lat' dir='ltr'><strong>nobis</strong></span> <span class='ocrx_word' id='word_1_504' title='bbox 852 5596 945 5648; x_wconf 91' lang='lat' dir='ltr'><strong>per</strong></span> <span class='ocrx_word' id='word_1_505' title='bbox 982 5580 1218 5649; x_wconf 89' lang='lat' dir='ltr'><strong>singulos</strong></span> <span class='ocrx_word' id='word_1_506' title='bbox 1263 5595 1432 5635; x_wconf 90' lang='lat' dir='ltr'><strong>annos</strong></span> <span class='ocrx_word' id='word_1_507' title='bbox 1479 5580 1634 5649; x_wconf 88' lang='lat' dir='ltr'><strong>hujus</strong></span> <span class='ocrx_word' id='word_1_508' title='bbox 1680 5580 1849 5636; x_wconf 87' lang='lat' dir='ltr'><strong>sancti</strong></span> 
     </span>
    </p>
   </div>
   <div class='ocr_carea' id='block_1_75' title="bbox 266 5672 1851 5741">
    <p class='ocr_par' dir='ltr' id='par_1_75' title="bbox 266 5672 1851 5741">
     <span class='ocr_line' id='line_1_75' title="bbox 266 5672 1851 5741; baseline 0.003 -18"><span class='ocrx_word' id='word_1_509' title='bbox 266 5672 438 5739; x_wconf 84' lang='lat' dir='ltr'><strong>templi</strong></span> <span class='ocrx_word' id='word_1_510' title='bbox 464 5672 538 5727; x_wconf 90' lang='lat' dir='ltr'><strong>tui</strong></span> <span class='ocrx_word' id='word_1_511' title='bbox 570 5672 989 5727; x_wconf 86' lang='lat' dir='ltr'><strong>consecrationis</strong></span> <span class='ocrx_word' id='word_1_512' title='bbox 1013 5687 1231 5741; x_wconf 83' lang='lat' dir='ltr'><strong>reparas</strong></span> <span class='ocrx_word' id='word_1_513' title='bbox 1250 5672 1414 5737; x_wconf 91' lang='lat' dir='ltr'><strong>diem,</strong></span> <span class='ocrx_word' id='word_1_514' title='bbox 1439 5681 1491 5727; x_wconf 91' lang='lat' dir='ltr'><strong>et</strong></span> <span class='ocrx_word' id='word_1_515' title='bbox 1517 5674 1682 5727; x_wconf 87' lang='lat' dir='ltr'><strong>sacris</strong></span> <span class='ocrx_word' id='word_1_516' title='bbox 1708 5688 1851 5727; x_wconf 88' lang='lat' dir='ltr'><strong>sem-</strong></span> 
     </span>
    </p>
   </div>
   <div class='ocr_carea' id='block_1_76' title="bbox 263 5764 1848 5835">
    <p class='ocr_par' dir='ltr' id='par_1_76' title="bbox 263 5764 1848 5835">
     <span class='ocr_line' id='line_1_76' title="bbox 263 5764 1848 5835; baseline 0.003 -18"><span class='ocrx_word' id='word_1_517' title='bbox 263 5775 353 5830; x_wconf 85' lang='lat' dir='ltr'><strong>per</strong></span> <span class='ocrx_word' id='word_1_518' title='bbox 380 5764 652 5835; x_wconf 86' lang='lat' dir='ltr'><strong>mysteriis</strong></span> <span class='ocrx_word' id='word_1_519' title='bbox 682 5774 1035 5835; x_wconf 82' lang='lat' dir='ltr'><strong>reprtesentas</strong></span> <span class='ocrx_word' id='word_1_520' title='bbox 1065 5766 1356 5820; x_wconf 88' lang='lat' dir='ltr'><strong>incolumes</strong></span> <span class='ocrx_word' id='word_1_521' title='bbox 1377 5806 1392 5832; x_wconf 94' lang='lat'><strong>,</strong></span> <span class='ocrx_word' id='word_1_522' title='bbox 1424 5765 1613 5819; x_wconf 82' lang='lat' dir='ltr'><strong>exaudi</strong></span> <span class='ocrx_word' id='word_1_523' title='bbox 1663 5779 1848 5834; x_wconf 89' lang='lat' dir='ltr'><strong>preces</strong></span> 
     </span>
    </p>
   </div>
   <div class='ocr_carea' id='block_1_77' title="bbox 329 5901 1777 5961">
    <p class='ocr_par' dir='ltr' id='par_1_77' title="bbox 329 5901 1777 5961">
     <span class='ocr_line' id='line_1_77' title="bbox 329 5901 1777 5961; baseline 0.001 -1"><span class='ocrx_word' id='word_1_524' title='bbox 329 5909 356 5941; x_wconf 79' lang='grc' dir='ltr'>ι</span> <span class='ocrx_word' id='word_1_525' title='bbox 383 5901 823 5961; x_wconf 86' lang='lat' dir='ltr'><strong>Benedictionem</strong></span> <span class='ocrx_word' id='word_1_526' title='bbox 847 5902 987 5959; x_wconf 89' lang='lat' dir='ltr'><strong>bane</strong></span> <span class='ocrx_word' id='word_1_527' title='bbox 1010 5918 1116 5960; x_wconf 92' lang='lat' dir='ltr'><strong>non</strong></span> <span class='ocrx_word' id='word_1_528' title='bbox 1142 5905 1303 5960; x_wconf 85' lang='lat' dir='ltr'><strong>habet</strong></span> <span class='ocrx_word' id='word_1_529' title='bbox 1327 5904 1777 5961; x_wconf 74' lang='lat' dir='ltr'><strong>Benedictionale.</strong></span> 
     </span>
    </p>
   </div>
   <div class='ocr_carea' id='block_1_78' title="bbox 1967 1996 3563 2079">
    <p class='ocr_par' dir='ltr' id='par_1_78' title="bbox 1967 1996 3563 2079">
     <span class='ocr_line' id='line_1_78' title="bbox 1967 1996 3563 2079; baseline 0.013 -32"><span class='ocrx_word' id='word_1_530' title='bbox 1967 2009 2106 2065; x_wconf 89' lang='lat' dir='ltr'><strong>mus,</strong></span> <span class='ocrx_word' id='word_1_531' title='bbox 2135 1996 2201 2052; x_wconf 91' lang='lat' dir='ltr'><strong>de</strong></span> <span class='ocrx_word' id='word_1_532' title='bbox 2228 1999 2386 2066; x_wconf 67' lang='lat' dir='ltr'><strong>caelo,</strong></span> <span class='ocrx_word' id='word_1_533' title='bbox 2415 2014 2465 2054; x_wconf 90' lang='lat' dir='ltr'><strong>et</strong></span> <span class='ocrx_word' id='word_1_534' title='bbox 2494 2003 2632 2068; x_wconf 86' lang='lat' dir='ltr'><strong>vide,</strong></span> <span class='ocrx_word' id='word_1_535' title='bbox 2663 2015 2715 2058; x_wconf 90' lang='lat' dir='ltr'><strong>et</strong></span> <span class='ocrx_word' id='word_1_536' title='bbox 2744 2006 2898 2060; x_wconf 89' lang='lat' dir='ltr'><strong>visita</strong></span> <span class='ocrx_word' id='word_1_537' title='bbox 2940 2009 3154 2063; x_wconf 90' lang='lat' dir='ltr'><strong>domum</strong></span> <span class='ocrx_word' id='word_1_538' title='bbox 3202 2013 3380 2079; x_wconf 88' lang='lat' dir='ltr'><strong>istam,</strong></span> <span class='ocrx_word' id='word_1_539' title='bbox 3427 2023 3483 2067; x_wconf 89' lang='lat' dir='ltr'><strong>ut</strong></span> <span class='ocrx_word' id='word_1_540' title='bbox 3509 2013 3563 2068; x_wconf 84' lang='lat' dir='ltr'><strong>si</strong></span> 
     </span>
    </p>
   </div>
   <div class='ocr_carea' id='block_1_79' title="bbox 1965 2088 3562 2165">
    <p class='ocr_par' dir='ltr' id='par_1_79' title="bbox 1965 2088 3562 2165">
     <span class='ocr_line' id='line_1_79' title="bbox 1965 2088 3562 2165; baseline 0.011 -25"><span class='ocrx_word' id='word_1_541' title='bbox 1965 2088 2085 2157; x_wconf 91' lang='lat' dir='ltr'><strong>quis</strong></span> <span class='ocrx_word' id='word_1_542' title='bbox 2126 2090 2271 2146; x_wconf 91' lang='lat' dir='ltr'><strong>inea</strong></span> <span class='ocrx_word' id='word_1_543' title='bbox 2302 2094 2503 2147; x_wconf 90' lang='lat' dir='ltr'><strong>nomini</strong></span> <span class='ocrx_word' id='word_1_544' title='bbox 2557 2104 2645 2149; x_wconf 92' lang='lat' dir='ltr'><strong>tuo</strong></span> <span class='ocrx_word' id='word_1_545' title='bbox 2673 2098 3071 2165; x_wconf 89' lang='lat' dir='ltr'><strong>supplicaverit,</strong></span> <span class='ocrx_word' id='word_1_546' title='bbox 3121 2100 3351 2156; x_wconf 89' lang='lat' dir='ltr'><strong>libenter</strong></span> <span class='ocrx_word' id='word_1_547' title='bbox 3389 2118 3562 2157; x_wconf 84' lang='lat' dir='ltr'><strong>exau-</strong></span> 
     </span>
    </p>
   </div>
   <div class='ocr_carea' id='block_1_80' title="bbox 1962 2179 3559 2259">
    <p class='ocr_par' dir='ltr' id='par_1_80' title="bbox 1962 2179 3559 2259">
     <span class='ocr_line' id='line_1_80' title="bbox 1962 2179 3559 2259; baseline 0.01 -26"><span class='ocrx_word' id='word_1_548' title='bbox 1962 2179 2110 2245; x_wconf 90' lang='lat' dir='ltr'><strong>dias,</strong></span> <span class='ocrx_word' id='word_1_549' title='bbox 2141 2190 2195 2236; x_wconf 90' lang='lat' dir='ltr'><strong>et</strong></span> <span class='ocrx_word' id='word_1_550' title='bbox 2220 2184 2662 2241; x_wconf 82' lang='lat' dir='ltr'><strong>satisfacienlibus</strong></span> <span class='ocrx_word' id='word_1_551' title='bbox 2719 2187 2947 2244; x_wconf 85' lang='lat' dir='ltr'><strong>libenter</strong></span> <span class='ocrx_word' id='word_1_552' title='bbox 2992 2191 3255 2259; x_wconf 89' lang='lat' dir='ltr'><strong>ignoscas.</strong></span> <span class='ocrx_word' id='word_1_553' title='bbox 3314 2193 3406 2248; x_wconf 88' lang='lat' dir='ltr'><strong>Hie</strong></span> <span class='ocrx_word' id='word_1_554' title='bbox 3459 2196 3559 2249; x_wconf 76' lang='lat' dir='ltr'><strong>tibi</strong></span> 
     </span>
    </p>
   </div>
   <div class='ocr_carea' id='block_1_81' title="bbox 1964 2274 3563 2352">
    <p class='ocr_par' dir='ltr' id='par_1_81' title="bbox 1964 2274 3563 2352">
     <span class='ocr_line' id='line_1_81' title="bbox 1964 2274 3563 2352; baseline 0.009 -24"><span class='ocrx_word' id='word_1_555' title='bbox 1964 2274 2271 2332; x_wconf 88' lang='lat' dir='ltr'><strong>sacerdotes</strong></span> <span class='ocrx_word' id='word_1_556' title='bbox 2301 2280 2374 2331; x_wconf 93' lang='lat' dir='ltr'><strong>tui</strong></span> <span class='ocrx_word' id='word_1_557' title='bbox 2404 2279 2724 2335; x_wconf 76' lang='lat' dir='ltr'><strong>sacrificium</strong></span> <span class='ocrx_word' id='word_1_558' title='bbox 2758 2282 2927 2338; x_wconf 85' lang='lat' dir='ltr'><strong>laudis</strong></span> <span class='ocrx_word' id='word_1_559' title='bbox 2967 2284 3229 2352; x_wconf 74' lang='lat' dir='ltr'><strong>offerant,</strong></span> <span class='ocrx_word' id='word_1_560' title='bbox 3260 2285 3348 2340; x_wconf 91' lang='lat' dir='ltr'><strong>hic</strong></span> <span class='ocrx_word' id='word_1_561' title='bbox 3381 2287 3563 2345; x_wconf 77' lang='lat' dir='ltr'><strong>fidelis</strong></span> 
     </span>
    </p>
   </div>
   <div class='ocr_carea' id='block_1_82' title="bbox 1964 2368 3557 2449">
    <p class='ocr_par' dir='ltr' id='par_1_82' title="bbox 1964 2368 3557 2449">
     <span class='ocr_line' id='line_1_82' title="bbox 1964 2368 3557 2449; baseline 0.01 -29"><span class='ocrx_word' id='word_1_562' title='bbox 1964 2368 2189 2435; x_wconf 89' lang='lat' dir='ltr'><strong>populus</strong></span> <span class='ocrx_word' id='word_1_563' title='bbox 2238 2380 2356 2423; x_wconf 88' lang='lat' dir='ltr'><strong>vota</strong></span> <span class='ocrx_word' id='word_1_564' title='bbox 2387 2372 2677 2439; x_wconf 89' lang='lat' dir='ltr'><strong>persolvat,</strong></span> <span class='ocrx_word' id='word_1_565' title='bbox 2708 2372 2795 2427; x_wconf 88' lang='lat' dir='ltr'><strong>hic</strong></span> <span class='ocrx_word' id='word_1_566' title='bbox 2827 2384 3163 2443; x_wconf 90' lang='lat' dir='ltr'><strong>peccatorum</strong></span> <span class='ocrx_word' id='word_1_567' title='bbox 3196 2394 3360 2434; x_wconf 89' lang='lat' dir='ltr'><strong>onera</strong></span> <span class='ocrx_word' id='word_1_568' title='bbox 3391 2381 3557 2449; x_wconf 81' lang='lat' dir='ltr'><strong>depu-</strong></span> 
     </span>
    </p>
   </div>
   <div class='ocr_carea' id='block_1_83' title="bbox 1964 2461 3556 2539">
    <p class='ocr_par' dir='ltr' id='par_1_83' title="bbox 1964 2461 3556 2539">
     <span class='ocr_line' id='line_1_83' title="bbox 1964 2461 3556 2539; baseline 0.009 -26"><span class='ocrx_word' id='word_1_569' title='bbox 1964 2470 2178 2528; x_wconf 88' lang='lat' dir='ltr'><strong>nantur,</strong></span> <span class='ocrx_word' id='word_1_570' title='bbox 2214 2461 2299 2517; x_wconf 89' lang='lat' dir='ltr'><strong>hic</strong></span> <span class='ocrx_word' id='word_1_571' title='bbox 2327 2462 2459 2518; x_wconf 86' lang='lat' dir='ltr'><strong>ﬁdes</strong></span> <span class='ocrx_word' id='word_1_572' title='bbox 2489 2474 2671 2519; x_wconf 85' lang='lat' dir='ltr'><strong>sancta</strong></span> <span class='ocrx_word' id='word_1_573' title='bbox 2714 2466 3033 2535; x_wconf 88' lang='lat' dir='ltr'><strong>stabiliatur,</strong></span> <span class='ocrx_word' id='word_1_574' title='bbox 3065 2468 3149 2524; x_wconf 90' lang='lat' dir='ltr'><strong>hic</strong></span> <span class='ocrx_word' id='word_1_575' title='bbox 3198 2471 3371 2539; x_wconf 89' lang='lat' dir='ltr'><strong>pietas</strong></span> <span class='ocrx_word' id='word_1_576' title='bbox 3396 2473 3556 2529; x_wconf 80' lang='lat' dir='ltr'><strong>abso—</strong></span> 
     </span>
    </p>
   </div>
   <div class='ocr_carea' id='block_1_84' title="bbox 1963 2553 3556 2627">
    <p class='ocr_par' dir='ltr' id='par_1_84' title="bbox 1963 2553 3556 2627">
     <span class='ocr_line' id='line_1_84' title="bbox 1963 2553 3556 2627; baseline 0.009 -22"><span class='ocrx_word' id='word_1_577' title='bbox 1963 2553 2074 2607; x_wconf 89' lang='lat' dir='ltr'><strong>luta</strong></span> <span class='ocrx_word' id='word_1_578' title='bbox 2103 2555 2308 2620; x_wconf 89' lang='lat' dir='ltr'><strong>redeat,</strong></span> <span class='ocrx_word' id='word_1_579' title='bbox 2342 2556 2429 2610; x_wconf 80' lang='lat' dir='ltr'><strong>hic</strong></span> <span class='ocrx_word' id='word_1_580' title='bbox 2474 2558 2730 2627; x_wconf 86' lang='lat' dir='ltr'><strong>iniquitas</strong></span> <span class='ocrx_word' id='word_1_581' title='bbox 2759 2561 3043 2617; x_wconf 89' lang='lat' dir='ltr'><strong>emendata</strong></span> <span class='ocrx_word' id='word_1_582' title='bbox 3090 2562 3350 2619; x_wconf 77' lang='lat' dir='ltr'><strong>discedat.</strong></span> <span class='ocrx_word' id='word_1_583' title='bbox 3401 2565 3556 2619; x_wconf 85' lang='lat' dir='ltr'><strong>luve-</strong></span> 
     </span>
    </p>
   </div>
   <div class='ocr_carea' id='block_1_85' title="bbox 1962 2643 3554 2727">
    <p class='ocr_par' dir='ltr' id='par_1_85' title="bbox 1962 2643 3554 2727">
     <span class='ocr_line' id='line_1_85' title="bbox 1962 2643 3554 2727; baseline 0.011 -31"><span class='ocrx_word' id='word_1_584' title='bbox 1962 2643 2076 2697; x_wconf 88' lang='lat' dir='ltr'><strong>niat</strong></span> <span class='ocrx_word' id='word_1_585' title='bbox 2103 2645 2242 2714; x_wconf 93' lang='lat' dir='ltr'><strong>apud</strong></span> <span class='ocrx_word' id='word_1_586' title='bbox 2275 2653 2343 2711; x_wconf 79' lang='lat' dir='ltr'><strong>te,</strong></span> <span class='ocrx_word' id='word_1_587' title='bbox 2380 2646 2625 2713; x_wconf 90' lang='lat' dir='ltr'><strong>Domine,</strong></span> <span class='ocrx_word' id='word_1_588' title='bbox 2652 2650 2824 2705; x_wconf 92' lang='lat' dir='ltr'><strong>locum</strong></span> <span class='ocrx_word' id='word_1_589' title='bbox 2850 2653 3041 2721; x_wconf 70' lang='lat' dir='ltr'><strong>venite,</strong></span> <span class='ocrx_word' id='word_1_590' title='bbox 3068 2657 3370 2727; x_wconf 85' lang='lat' dir='ltr'><strong>quicunque</strong></span> <span class='ocrx_word' id='word_1_591' title='bbox 3395 2658 3554 2713; x_wconf 90' lang='lat' dir='ltr'><strong>satis-</strong></span> 
     </span>
    </p>
   </div>
   <div class='ocr_carea' id='block_1_86' title="bbox 1964 2738 3553 2809">
    <p class='ocr_par' dir='ltr' id='par_1_86' title="bbox 1964 2738 3553 2809">
     <span class='ocr_line' id='line_1_86' title="bbox 1964 2738 3553 2809; baseline 0.01 -20"><span class='ocrx_word' id='word_1_592' title='bbox 1964 2738 2164 2792; x_wconf 80' lang='lat' dir='ltr'><strong>faciens</strong></span> <span class='ocrx_word' id='word_1_593' title='bbox 2191 2739 2293 2793; x_wconf 91' lang='lat' dir='ltr'><strong>buc</strong></span> <span class='ocrx_word' id='word_1_594' title='bbox 2313 2739 2629 2809; x_wconf 83' lang='lat' dir='ltr'><strong>confugerit,</strong></span> <span class='ocrx_word' id='word_1_595' title='bbox 2655 2751 2710 2797; x_wconf 92' lang='lat' dir='ltr'><strong>et</strong></span> <span class='ocrx_word' id='word_1_596' title='bbox 2729 2745 2946 2799; x_wconf 90' lang='lat' dir='ltr'><strong>conscio</strong></span> <span class='ocrx_word' id='word_1_597' title='bbox 2972 2746 3157 2802; x_wconf 90' lang='lat' dir='ltr'><strong>dolore</strong></span> <span class='ocrx_word' id='word_1_598' title='bbox 3174 2748 3343 2804; x_wconf 85' lang='lat' dir='ltr'><strong>victus</strong></span> <span class='ocrx_word' id='word_1_599' title='bbox 3364 2750 3553 2805; x_wconf 87' lang='lat' dir='ltr'><strong>altaria</strong></span> 
     </span>
    </p>
   </div>
   <div class='ocr_carea' id='block_1_87' title="bbox 1962 2829 3553 2910">
    <p class='ocr_par' dir='ltr' id='par_1_87' title="bbox 1962 2829 3553 2910">
     <span class='ocr_line' id='line_1_87' title="bbox 1962 2829 3553 2910; baseline 0.009 -27"><span class='ocrx_word' id='word_1_600' title='bbox 1962 2838 2048 2883; x_wconf 88' lang='lat' dir='ltr'><strong>tua</strong></span> <span class='ocrx_word' id='word_1_601' title='bbox 2085 2829 2213 2885; x_wconf 89' lang='lat' dir='ltr'><strong>rivis</strong></span> <span class='ocrx_word' id='word_1_602' title='bbox 2241 2846 2454 2885; x_wconf 88' lang='lat' dir='ltr'><strong>suarum</strong></span> <span class='ocrx_word' id='word_1_603' title='bbox 2477 2832 2670 2887; x_wconf 88' lang='lat' dir='ltr'><strong>eluerit</strong></span> <span class='ocrx_word' id='word_1_604' title='bbox 2699 2836 3075 2906; x_wconf 85' lang='lat' dir='ltr'><strong>lacrymarum.</strong></span> <span class='ocrx_word' id='word_1_605' title='bbox 3107 2837 3223 2903; x_wconf 84' lang='lat' dir='ltr'><strong>Hie,</strong></span> <span class='ocrx_word' id='word_1_606' title='bbox 3254 2840 3301 2895; x_wconf 89' lang='lat' dir='ltr'><strong>si</strong></span> <span class='ocrx_word' id='word_1_607' title='bbox 3339 2843 3553 2910; x_wconf 82' lang='lat' dir='ltr'><strong>quando</strong></span> 
     </span>
    </p>
   </div>
   <div class='ocr_carea' id='block_1_88' title="bbox 1962 2924 3552 3002">
    <p class='ocr_par' dir='ltr' id='par_1_88' title="bbox 1962 2924 3552 3002">
     <span class='ocr_line' id='line_1_88' title="bbox 1962 2924 3552 3002; baseline 0.008 -25"><span class='ocrx_word' id='word_1_608' title='bbox 1962 2924 2188 2991; x_wconf 90' lang='lat' dir='ltr'><strong>populus</strong></span> <span class='ocrx_word' id='word_1_609' title='bbox 2216 2931 2336 2978; x_wconf 89' lang='lat' dir='ltr'><strong>tuus</strong></span> <span class='ocrx_word' id='word_1_610' title='bbox 2366 2925 2533 2979; x_wconf 89' lang='lat' dir='ltr'><strong>tristis</strong></span> <span class='ocrx_word' id='word_1_611' title='bbox 2563 2936 2893 2997; x_wconf 58' lang='lat' dir='ltr'><strong>maestusque</strong></span> <span class='ocrx_word' id='word_1_612' title='bbox 2916 2931 3248 2999; x_wconf 89' lang='lat' dir='ltr'><strong>convenerit,</strong></span> <span class='ocrx_word' id='word_1_613' title='bbox 3274 2935 3552 3002; x_wconf 86' lang='lat' dir='ltr'><strong>acquiesce</strong></span> 
     </span>
    </p>
   </div>
   <div class='ocr_carea' id='block_1_89' title="bbox 1960 3017 3422 3093">
    <p class='ocr_par' dir='ltr' id='par_1_89' title="bbox 1960 3017 3422 3093">
     <span class='ocr_line' id='line_1_89' title="bbox 1960 3017 3422 3093; baseline 0.005 -23"><span class='ocrx_word' id='word_1_614' title='bbox 1960 3017 2157 3086; x_wconf 87' lang='lat' dir='ltr'><strong>rogari,</strong></span> <span class='ocrx_word' id='word_1_615' title='bbox 2191 3026 2244 3071; x_wconf 90' lang='lat' dir='ltr'><strong>et</strong></span> <span class='ocrx_word' id='word_1_616' title='bbox 2271 3026 2488 3087; x_wconf 87' lang='lat' dir='ltr'><strong>rogatus</strong></span> <span class='ocrx_word' id='word_1_617' title='bbox 2517 3018 2731 3087; x_wconf 85' lang='lat' dir='ltr'><strong>indulge</strong></span> <span class='ocrx_word' id='word_1_618' title='bbox 2761 3022 3080 3088; x_wconf 88' lang='lat' dir='ltr'><strong>petentibus.</strong></span> <span class='ocrx_word' id='word_1_619' title='bbox 3114 3021 3217 3077; x_wconf 89' lang='lat' dir='ltr'><strong>Per</strong></span> <span class='ocrx_word' id='word_1_620' title='bbox 3245 3040 3422 3093; x_wconf 87' lang='lat' dir='ltr'><strong>quem.</strong></span> 
     </span>
    </p>
   </div>
   <div class='ocr_carea' id='block_1_90' title="bbox 2034 3104 3549 3187">
    <p class='ocr_par' dir='ltr' id='par_1_90' title="bbox 2034 3104 3549 3187">
     <span class='ocr_line' id='line_1_90' title="bbox 2034 3104 3549 3187; baseline 0.009 -28"><span class='ocrx_word' id='word_1_621' title='bbox 2034 3107 2116 3160; x_wconf 88' lang='lat' dir='ltr'><strong>Ad</strong></span> <span class='ocrx_word' id='word_1_622' title='bbox 2138 3107 2931 3182; x_wconf 83' lang='lat' dir='ltr'><strong>Complendum.—-lllttltiplica,</strong></span> <span class='ocrx_word' id='word_1_623' title='bbox 2956 3114 3199 3181; x_wconf 90' lang='lat' dir='ltr'><strong>Domine,</strong></span> <span class='ocrx_word' id='word_1_624' title='bbox 3223 3104 3549 3187; x_wconf 66' lang='lat' dir='ltr'><strong>quaesumus,</strong></span> 
     </span>
    </p>
   </div>
   <div class='ocr_carea' id='block_1_91' title="bbox 1962 3200 3557 3274">
    <p class='ocr_par' dir='ltr' id='par_1_91' title="bbox 1962 3200 3557 3274">
     <span class='ocr_line' id='line_1_91' title="bbox 1962 3200 3557 3274; baseline 0.007 -20"><span class='ocrx_word' id='word_1_625' title='bbox 1962 3213 2058 3269; x_wconf 90' lang='lat' dir='ltr'><strong>per</strong></span> <span class='ocrx_word' id='word_1_626' title='bbox 2088 3200 2204 3256; x_wconf 85' lang='lat' dir='ltr'><strong>haec</strong></span> <span class='ocrx_word' id='word_1_627' title='bbox 2232 3212 2438 3269; x_wconf 84' lang='lat' dir='ltr'><strong>saneta,</strong></span> <span class='ocrx_word' id='word_1_628' title='bbox 2471 3219 2588 3273; x_wconf 69' lang='lat' dir='ltr'><strong>quae</strong></span> <span class='ocrx_word' id='word_1_629' title='bbox 2617 3206 2964 3274; x_wconf 89' lang='lat' dir='ltr'><strong>sumpsimus,</strong></span> <span class='ocrx_word' id='word_1_630' title='bbox 2997 3207 3276 3264; x_wconf 86' lang='lat' dir='ltr'><strong>veritatem</strong></span> <span class='ocrx_word' id='word_1_631' title='bbox 3324 3221 3464 3264; x_wconf 89' lang='lat' dir='ltr'><strong>tuam</strong></span> <span class='ocrx_word' id='word_1_632' title='bbox 3494 3209 3557 3265; x_wconf 82' lang='lat' dir='ltr'><strong>in</strong></span> 
     </span>
    </p>
   </div>
   <div class='ocr_carea' id='block_1_92' title="bbox 2240 3297 3557 3372">
    <p class='ocr_par' dir='ltr' id='par_1_92' title="bbox 2240 3297 3557 3372">
     <span class='ocr_line' id='line_1_92' title="bbox 2240 3297 3557 3372; baseline 0.005 -22"><span class='ocrx_word' id='word_1_633' title='bbox 2240 3297 2466 3363; x_wconf 89' lang='lat' dir='ltr'><strong>nostris,</strong></span> <span class='ocrx_word' id='word_1_634' title='bbox 2497 3307 2554 3351; x_wconf 88' lang='lat' dir='ltr'><strong>ut</strong></span> <span class='ocrx_word' id='word_1_635' title='bbox 2583 3308 2637 3352; x_wconf 90' lang='lat' dir='ltr'><strong>te</strong></span> <span class='ocrx_word' id='word_1_636' title='bbox 2666 3299 2717 3353; x_wconf 92' lang='lat' dir='ltr'><strong>in</strong></span> <span class='ocrx_word' id='word_1_637' title='bbox 2748 3302 2944 3367; x_wconf 89' lang='lat' dir='ltr'><strong>templo</strong></span> <span class='ocrx_word' id='word_1_638' title='bbox 2970 3312 3154 3356; x_wconf 82' lang='lat' dir='ltr'><strong>sancto</strong></span> <span class='ocrx_word' id='word_1_639' title='bbox 3194 3302 3392 3372; x_wconf 86' lang='lat' dir='ltr'><strong>jugiter</strong></span> <span class='ocrx_word' id='word_1_640' title='bbox 3420 3302 3557 3357; x_wconf 84' lang='lat' dir='ltr'><strong>ado-</strong></span> 
     </span>
    </p>
   </div>
   <div class='ocr_carea' id='block_1_93' title="bbox 1960 3391 3558 3465">
    <p class='ocr_par' dir='ltr' id='par_1_93' title="bbox 1960 3391 3558 3465">
     <span class='ocr_line' id='line_1_93' title="bbox 1960 3391 3558 3465; baseline 0.004 -21"><span class='ocrx_word' id='word_1_641' title='bbox 1960 3404 2159 3457; x_wconf 89' lang='lat' dir='ltr'><strong>remus,</strong></span> <span class='ocrx_word' id='word_1_642' title='bbox 2194 3401 2247 3445; x_wconf 90' lang='lat' dir='ltr'><strong>et</strong></span> <span class='ocrx_word' id='word_1_643' title='bbox 2276 3391 2329 3445; x_wconf 92' lang='lat' dir='ltr'><strong>in</strong></span> <span class='ocrx_word' id='word_1_644' title='bbox 2360 3399 2645 3461; x_wconf 89' lang='lat' dir='ltr'><strong>conspectu</strong></span> <span class='ocrx_word' id='word_1_645' title='bbox 2674 3402 2769 3447; x_wconf 88' lang='lat' dir='ltr'><strong>tuo</strong></span> <span class='ocrx_word' id='word_1_646' title='bbox 2794 3406 2913 3448; x_wconf 91' lang='lat' dir='ltr'><strong>cum</strong></span> <span class='ocrx_word' id='word_1_647' title='bbox 2957 3392 3157 3448; x_wconf 88' lang='lat' dir='ltr'><strong>sanctis</strong></span> <span class='ocrx_word' id='word_1_648' title='bbox 3184 3394 3389 3465; x_wconf 86' lang='lat' dir='ltr'><strong>angelis</strong></span> <span class='ocrx_word' id='word_1_649' title='bbox 3432 3396 3558 3464; x_wconf 52' lang='lat' dir='ltr'><strong>glo.</strong></span> 
     </span>
    </p>
   </div>
   <div class='ocr_carea' id='block_1_94' title="bbox 1961 3483 2331 3541">
    <p class='ocr_par' dir='ltr' id='par_1_94' title="bbox 1961 3483 2331 3541">
     <span class='ocr_line' id='line_1_94' title="bbox 1961 3483 2331 3541; baseline 0.011 -4"><span class='ocrx_word' id='word_1_650' title='bbox 1961 3483 2180 3538; x_wconf 81' lang='lat' dir='ltr'><strong>riemur.</strong></span> <span class='ocrx_word' id='word_1_651' title='bbox 2208 3484 2331 3541; x_wconf 89' lang='lat' dir='ltr'><strong>Per.</strong></span> 
     </span>
    </p>
   </div>
   <div class='ocr_carea' id='block_1_95' title="bbox 2036 3575 3547 3648">
    <p class='ocr_par' dir='ltr' id='par_1_95' title="bbox 2036 3575 3547 3648">
     <span class='ocr_line' id='line_1_95' title="bbox 2036 3575 3547 3648; baseline 0.001 -15"><span class='ocrx_word' id='word_1_652' title='bbox 2036 3575 2189 3646; x_wconf 85' lang='lat'><strong>155</strong></span> <span class='ocrx_word' id='word_1_653' title='bbox 2220 3575 2391 3641; x_wconf 86' lang='lat' dir='ltr'><strong>Super</strong></span> <span class='ocrx_word' id='word_1_654' title='bbox 2429 3577 2619 3633; x_wconf 84' lang='lat' dir='ltr'><strong>oblata.</strong></span> <span class='ocrx_word' id='word_1_655' title='bbox 2648 3607 2719 3619; x_wconf 89' lang='lat'><strong>--</strong></span> <span class='ocrx_word' id='word_1_656' title='bbox 2750 3579 2923 3645; x_wconf 89' lang='lat' dir='ltr'><strong>Deus,</strong></span> <span class='ocrx_word' id='word_1_657' title='bbox 2953 3579 3043 3648; x_wconf 91' lang='lat' dir='ltr'><strong>qui</strong></span> <span class='ocrx_word' id='word_1_658' title='bbox 3074 3579 3366 3635; x_wconf 88' lang='lat' dir='ltr'><strong>Ecclesiam</strong></span> <span class='ocrx_word' id='word_1_659' title='bbox 3399 3587 3547 3635; x_wconf 85' lang='lat' dir='ltr'><strong>tuam</strong></span> 
     </span>
    </p>
   </div>
   <div class='ocr_carea' id='block_1_96' title="bbox 1960 3666 3546 3742">
    <p class='ocr_par' dir='ltr' id='par_1_96' title="bbox 1960 3666 3546 3742">
     <span class='ocr_line' id='line_1_96' title="bbox 1960 3666 3546 3742; baseline 0.003 -20"><span class='ocrx_word' id='word_1_660' title='bbox 1960 3666 2229 3736; x_wconf 78' lang='lat' dir='ltr'><strong>Unigeniti</strong></span> <span class='ocrx_word' id='word_1_661' title='bbox 2264 3669 2337 3723; x_wconf 92' lang='lat' dir='ltr'><strong>tui</strong></span> <span class='ocrx_word' id='word_1_662' title='bbox 2367 3685 2615 3737; x_wconf 90' lang='lat' dir='ltr'><strong>sponsam</strong></span> <span class='ocrx_word' id='word_1_663' title='bbox 2654 3686 2847 3726; x_wconf 89' lang='lat' dir='ltr'><strong>vocare</strong></span> <span class='ocrx_word' id='word_1_664' title='bbox 2873 3671 3119 3741; x_wconf 84' lang='lat' dir='ltr'><strong>dignatus</strong></span> <span class='ocrx_word' id='word_1_665' title='bbox 3144 3686 3225 3735; x_wconf 88' lang='lat' dir='ltr'><strong>es,</strong></span> <span class='ocrx_word' id='word_1_666' title='bbox 3258 3680 3419 3742; x_wconf 91' lang='lat' dir='ltr'><strong>utque</strong></span> <span class='ocrx_word' id='word_1_667' title='bbox 3449 3676 3546 3727; x_wconf 81' lang='lat' dir='ltr'><strong>ha-</strong></span> 
     </span>
    </p>
   </div>
   <div class='ocr_carea' id='block_1_97' title="bbox 1959 3762 3547 3831">
    <p class='ocr_par' dir='ltr' id='par_1_97' title="bbox 1959 3762 3547 3831">
     <span class='ocr_line' id='line_1_97' title="bbox 1959 3762 3547 3831; baseline 0.002 -15"><span class='ocrx_word' id='word_1_668' title='bbox 1959 3762 2108 3816; x_wconf 90' lang='lat' dir='ltr'><strong>beret</strong></span> <span class='ocrx_word' id='word_1_669' title='bbox 2131 3762 2350 3830; x_wconf 86' lang='lat' dir='ltr'><strong>gratiam</strong></span> <span class='ocrx_word' id='word_1_670' title='bbox 2379 3778 2471 3831; x_wconf 91' lang='lat' dir='ltr'><strong>per</strong></span> <span class='ocrx_word' id='word_1_671' title='bbox 2502 3762 2622 3818; x_wconf 81' lang='lat' dir='ltr'><strong>fidei</strong></span> <span class='ocrx_word' id='word_1_672' title='bbox 2651 3764 3012 3831; x_wconf 75' lang='lat' dir='ltr'><strong>develionem,</strong></span> <span class='ocrx_word' id='word_1_673' title='bbox 3044 3763 3261 3819; x_wconf 88' lang='lat' dir='ltr'><strong>haberet</strong></span> <span class='ocrx_word' id='word_1_674' title='bbox 3286 3765 3445 3819; x_wconf 89' lang='lat' dir='ltr'><strong>etiam</strong></span> <span class='ocrx_word' id='word_1_675' title='bbox 3478 3779 3547 3819; x_wconf 80' lang='lat' dir='ltr'><strong>ex</strong></span> 
     </span>
    </p>
   </div>
   <div class='ocr_carea' id='block_1_98' title="bbox 1959 3853 3543 3922">
    <p class='ocr_par' dir='ltr' id='par_1_98' title="bbox 1959 3853 3543 3922">
     <span class='ocr_line' id='line_1_98' title="bbox 1959 3853 3543 3922; baseline 0.002 -16"><span class='ocrx_word' id='word_1_676' title='bbox 1959 3853 2176 3906; x_wconf 90' lang='lat' dir='ltr'><strong>nomine</strong></span> <span class='ocrx_word' id='word_1_677' title='bbox 2208 3854 2477 3920; x_wconf 87' lang='lat' dir='ltr'><strong>pietatem,</strong></span> <span class='ocrx_word' id='word_1_678' title='bbox 2511 3853 2577 3907; x_wconf 89' lang='lat' dir='ltr'><strong>da</strong></span> <span class='ocrx_word' id='word_1_679' title='bbox 2607 3862 2662 3907; x_wconf 91' lang='lat' dir='ltr'><strong>ut</strong></span> <span class='ocrx_word' id='word_1_680' title='bbox 2687 3854 2861 3908; x_wconf 92' lang='lat' dir='ltr'><strong>omnis</strong></span> <span class='ocrx_word' id='word_1_681' title='bbox 2888 3855 3002 3908; x_wconf 87' lang='lat' dir='ltr'><strong>haec</strong></span> <span class='ocrx_word' id='word_1_682' title='bbox 3032 3854 3181 3922; x_wconf 89' lang='lat' dir='ltr'><strong>plebs</strong></span> <span class='ocrx_word' id='word_1_683' title='bbox 3225 3855 3425 3907; x_wconf 87' lang='lat' dir='ltr'><strong>nomini</strong></span> <span class='ocrx_word' id='word_1_684' title='bbox 3454 3865 3543 3909; x_wconf 91' lang='lat' dir='ltr'><strong>tuo</strong></span> 
     </span>
    </p>
   </div>
   <div class='ocr_carea' id='block_1_99' title="bbox 1960 3942 3545 4013">
    <p class='ocr_par' dir='ltr' id='par_1_99' title="bbox 1960 3942 3545 4013">
     <span class='ocr_line' id='line_1_99' title="bbox 1960 3942 3545 4013; baseline 0.003 -16"><span class='ocrx_word' id='word_1_685' title='bbox 1960 3944 2199 3998; x_wconf 89' lang='lat' dir='ltr'><strong>serviens</strong></span> <span class='ocrx_word' id='word_1_686' title='bbox 2239 3942 2395 4012; x_wconf 90' lang='lat' dir='ltr'><strong>hujus</strong></span> <span class='ocrx_word' id='word_1_687' title='bbox 2427 3943 2671 3997; x_wconf 88' lang='lat' dir='ltr'><strong>vocabuli</strong></span> <span class='ocrx_word' id='word_1_688' title='bbox 2700 3942 2970 3998; x_wconf 87' lang='lat' dir='ltr'><strong>consortio</strong></span> <span class='ocrx_word' id='word_1_689' title='bbox 2998 3943 3153 4013; x_wconf 84' lang='lat' dir='ltr'><strong>digna</strong></span> <span class='ocrx_word' id='word_1_690' title='bbox 3186 3958 3305 3999; x_wconf 90' lang='lat' dir='ltr'><strong>esse</strong></span> <span class='ocrx_word' id='word_1_691' title='bbox 3335 3960 3545 4001; x_wconf 86' lang='lat' dir='ltr'><strong>merea-</strong></span> 
     </span>
    </p>
   </div>
   <div class='ocr_carea' id='block_1_100' title="bbox 1960 4033 3547 4104">
    <p class='ocr_par' dir='ltr' id='par_1_100' title="bbox 1960 4033 3547 4104">
     <span class='ocr_line' id='line_1_100' title="bbox 1960 4033 3547 4104; baseline 0.004 -16"><span class='ocrx_word' id='word_1_692' title='bbox 1960 4044 2065 4089; x_wconf 91' lang='lat' dir='ltr'><strong>tur.</strong></span> <span class='ocrx_word' id='word_1_693' title='bbox 2116 4034 2183 4089; x_wconf 84' lang='lat' dir='ltr'><strong>Et</strong></span> <span class='ocrx_word' id='word_1_694' title='bbox 2205 4033 2443 4089; x_wconf 87' lang='lat' dir='ltr'><strong>Ecclesia</strong></span> <span class='ocrx_word' id='word_1_695' title='bbox 2483 4041 2569 4088; x_wconf 81' lang='lat' dir='ltr'><strong>tua</strong></span> <span class='ocrx_word' id='word_1_696' title='bbox 2600 4034 2653 4089; x_wconf 89' lang='lat' dir='ltr'><strong>in</strong></span> <span class='ocrx_word' id='word_1_697' title='bbox 2686 4034 2905 4104; x_wconf 89' lang='lat' dir='ltr'><strong>templo,</strong></span> <span class='ocrx_word' id='word_1_698' title='bbox 2951 4035 3101 4103; x_wconf 89' lang='lat' dir='ltr'><strong>cujus</strong></span> <span class='ocrx_word' id='word_1_699' title='bbox 3150 4038 3547 4096; x_wconf 83' lang='lat' dir='ltr'><strong>anniversarius</strong></span> 
     </span>
    </p>
   </div>
   <div class='ocr_carea' id='block_1_101' title="bbox 1959 4128 3547 4200">
    <p class='ocr_par' dir='ltr' id='par_1_101' title="bbox 1959 4128 3547 4200">
     <span class='ocr_line' id='line_1_101' title="bbox 1959 4128 3547 4200; baseline 0.001 -16"><span class='ocrx_word' id='word_1_700' title='bbox 1959 4128 2308 4184; x_wconf 89' lang='lat' dir='ltr'><strong>dedicationis</strong></span> <span class='ocrx_word' id='word_1_701' title='bbox 2336 4128 2452 4183; x_wconf 91' lang='lat' dir='ltr'><strong>dies</strong></span> <span class='ocrx_word' id='word_1_702' title='bbox 2477 4128 2810 4192; x_wconf 89' lang='lat' dir='ltr'><strong>celebratur,</strong></span> <span class='ocrx_word' id='word_1_703' title='bbox 2841 4128 2936 4182; x_wconf 91' lang='lat' dir='ltr'><strong>tibi</strong></span> <span class='ocrx_word' id='word_1_704' title='bbox 2966 4128 3210 4199; x_wconf 88' lang='lat' dir='ltr'><strong>collecta,</strong></span> <span class='ocrx_word' id='word_1_705' title='bbox 3245 4139 3295 4185; x_wconf 89' lang='lat' dir='ltr'><strong>te</strong></span> <span class='ocrx_word' id='word_1_706' title='bbox 3339 4132 3547 4200; x_wconf 86' lang='lat' dir='ltr'><strong>timeat,</strong></span> 
     </span>
    </p>
   </div>
   <div class='ocr_carea' id='block_1_102' title="bbox 1961 4220 3553 4294">
    <p class='ocr_par' dir='ltr' id='par_1_102' title="bbox 1961 4220 3553 4294">
     <span class='ocr_line' id='line_1_102' title="bbox 1961 4220 3553 4294; baseline 0.003 -18"><span class='ocrx_word' id='word_1_707' title='bbox 1961 4230 2013 4276; x_wconf 90' lang='lat' dir='ltr'><strong>te</strong></span> <span class='ocrx_word' id='word_1_708' title='bbox 2041 4222 2240 4291; x_wconf 89' lang='lat' dir='ltr'><strong>diligat,</strong></span> <span class='ocrx_word' id='word_1_709' title='bbox 2274 4230 2324 4276; x_wconf 92' lang='lat' dir='ltr'><strong>te</strong></span> <span class='ocrx_word' id='word_1_710' title='bbox 2350 4230 2603 4290; x_wconf 73' lang='lat' dir='ltr'><strong>sequatur</strong></span> <span class='ocrx_word' id='word_1_711' title='bbox 2624 4261 2638 4285; x_wconf 97' lang='lat'><strong>,</strong></span> <span class='ocrx_word' id='word_1_712' title='bbox 2668 4231 2727 4275; x_wconf 91' lang='lat' dir='ltr'><strong>ut</strong></span> <span class='ocrx_word' id='word_1_713' title='bbox 2748 4220 2872 4274; x_wconf 91' lang='lat' dir='ltr'><strong>dum</strong></span> <span class='ocrx_word' id='word_1_714' title='bbox 2899 4220 3096 4291; x_wconf 86' lang='lat' dir='ltr'><strong>jugiter</strong></span> <span class='ocrx_word' id='word_1_715' title='bbox 3122 4237 3215 4291; x_wconf 88' lang='lat' dir='ltr'><strong>per</strong></span> <span class='ocrx_word' id='word_1_716' title='bbox 3241 4223 3356 4294; x_wconf 86' lang='lat' dir='ltr'><strong>ejus</strong></span> <span class='ocrx_word' id='word_1_717' title='bbox 3381 4226 3553 4281; x_wconf 88' lang='lat' dir='ltr'><strong>vesti-</strong></span> 
     </span>
    </p>
   </div>
   <div class='ocr_carea' id='block_1_103' title="bbox 1958 4313 3547 4386">
    <p class='ocr_par' dir='ltr' id='par_1_103' title="bbox 1958 4313 3547 4386">
     <span class='ocr_line' id='line_1_103' title="bbox 1958 4313 3547 4386; baseline 0.004 -19"><span class='ocrx_word' id='word_1_718' title='bbox 1958 4315 2042 4384; x_wconf 86' lang='lat' dir='ltr'><strong>gia</strong></span> <span class='ocrx_word' id='word_1_719' title='bbox 2072 4313 2341 4384; x_wconf 87' lang='lat' dir='ltr'><strong>graditur,</strong></span> <span class='ocrx_word' id='word_1_720' title='bbox 2388 4314 2453 4368; x_wconf 91' lang='lat' dir='ltr'><strong>ad</strong></span> <span class='ocrx_word' id='word_1_721' title='bbox 2504 4314 2743 4371; x_wconf 78' lang='lat' dir='ltr'><strong>etelestia</strong></span> <span class='ocrx_word' id='word_1_722' title='bbox 2793 4316 3072 4384; x_wconf 90' lang='lat' dir='ltr'><strong>promissa,</strong></span> <span class='ocrx_word' id='word_1_723' title='bbox 3130 4316 3246 4385; x_wconf 92' lang='lat' dir='ltr'><strong>ipso</strong></span> <span class='ocrx_word' id='word_1_724' title='bbox 3289 4317 3547 4386; x_wconf 60' lang='lat' dir='ltr'><strong>ducente,</strong></span> 
     </span>
    </p>
   </div>
   <div class='ocr_carea' id='block_1_104' title="bbox 1959 4406 2902 4477">
    <p class='ocr_par' dir='ltr' id='par_1_104' title="bbox 1959 4406 2902 4477">
     <span class='ocr_line' id='line_1_104' title="bbox 1959 4406 2902 4477; baseline -0.002 -14"><span class='ocrx_word' id='word_1_725' title='bbox 1959 4407 2238 4477; x_wconf 88' lang='lat' dir='ltr'><strong>pervenire</strong></span> <span class='ocrx_word' id='word_1_726' title='bbox 2262 4415 2547 4461; x_wconf 88' lang='lat' dir='ltr'><strong>mereatur.</strong></span> <span class='ocrx_word' id='word_1_727' title='bbox 2576 4406 2676 4475; x_wconf 86' lang='lat' dir='ltr'><strong>Qui</strong></span> <span class='ocrx_word' id='word_1_728' title='bbox 2707 4417 2902 4463; x_wconf 90' lang='lat' dir='ltr'><strong>tecum.</strong></span> 
     </span>
    </p>
   </div>
   <div class='ocr_carea' id='block_1_105' title="bbox 2304 4524 3183 4596">
    <p class='ocr_par' dir='ltr' id='par_1_105' title="bbox 2304 4524 3183 4596">
     <span class='ocr_line' id='line_1_105' title="bbox 2304 4524 3183 4596; baseline 0 -16"><span class='ocrx_word' id='word_1_729' title='bbox 2304 4524 2455 4596; x_wconf 82' lang='lat'><strong>(588)</strong></span> <span class='ocrx_word' id='word_1_730' title='bbox 2484 4540 2536 4579; x_wconf 63' lang='grc' dir='ltr'><strong>ιη</strong></span> <span class='ocrx_word' id='word_1_731' title='bbox 2564 4540 2758 4581; x_wconf 74' lang='grc' dir='ltr'><strong>νιοιιιΑ</strong></span> <span class='ocrx_word' id='word_1_732' title='bbox 2786 4540 3183 4583; x_wconf 68' lang='grc' dir='ltr'><strong>Αροετοιοειυιι.</strong></span> 
     </span>
    </p>
   </div>
   <div class='ocr_carea' id='block_1_106' title="bbox 1876 4640 3548 4741">
    <p class='ocr_par' dir='ltr' id='par_1_106' title="bbox 1876 4640 3548 4741">
     <span class='ocr_line' id='line_1_106' title="bbox 1876 4640 3548 4741; baseline 0.002 -44"><span class='ocrx_word' id='word_1_733' title='bbox 1876 4676 1936 4741; x_wconf 60' lang='grc'><strong>⁵</strong></span> <span class='ocrx_word' id='word_1_734' title='bbox 2033 4640 2280 4697; x_wconf 89' lang='lat' dir='ltr'><strong>Concede</strong></span> <span class='ocrx_word' id='word_1_735' title='bbox 2306 4642 2480 4704; x_wconf 91' lang='lat' dir='ltr'><strong>nobis,</strong></span> <span class='ocrx_word' id='word_1_736' title='bbox 2509 4656 2834 4711; x_wconf 67' lang='lat' dir='ltr'><strong>quaesumus,</strong></span> <span class='ocrx_word' id='word_1_737' title='bbox 2870 4642 3209 4712; x_wconf 85' lang='lat' dir='ltr'><strong>omnipotens</strong></span> <span class='ocrx_word' id='word_1_738' title='bbox 3238 4643 3399 4709; x_wconf 89' lang='lat' dir='ltr'><strong>Deus,</strong></span> <span class='ocrx_word' id='word_1_739' title='bbox 3422 4660 3548 4700; x_wconf 87' lang='lat' dir='ltr'><strong>ven-</strong></span> 
     </span>
    </p>
   </div>
   <div class='ocr_carea' id='block_1_107' title="bbox 1959 4732 3555 4803">
    <p class='ocr_par' dir='ltr' id='par_1_107' title="bbox 1959 4732 3555 4803">
     <span class='ocr_line' id='line_1_107' title="bbox 1959 4732 3555 4803; baseline 0 -14"><span class='ocrx_word' id='word_1_740' title='bbox 1959 4744 2130 4789; x_wconf 91' lang='lat' dir='ltr'><strong>turam</strong></span> <span class='ocrx_word' id='word_1_741' title='bbox 2159 4734 2382 4803; x_wconf 87' lang='lat' dir='ltr'><strong>apostoli</strong></span> <span class='ocrx_word' id='word_1_742' title='bbox 2424 4732 2502 4785; x_wconf 90' lang='lat' dir='ltr'><strong>tui</strong></span> <span class='ocrx_word' id='word_1_743' title='bbox 2529 4732 2624 4785; x_wconf 85' lang='lat' dir='ltr'><strong>Ill.</strong></span> <span class='ocrx_word' id='word_1_744' title='bbox 2654 4732 3043 4786; x_wconf 89' lang='lat' dir='ltr'><strong>solemnitatem</strong></span> <span class='ocrx_word' id='word_1_745' title='bbox 3075 4748 3310 4803; x_wconf 84' lang='lat' dir='ltr'><strong>congruo</strong></span> <span class='ocrx_word' id='word_1_746' title='bbox 3337 4750 3555 4803; x_wconf 69' lang='lat' dir='ltr'><strong>praeve-</strong></span> 
     </span>
    </p>
   </div>
   <div class='ocr_carea' id='block_1_108' title="bbox 1958 4824 3550 4894">
    <p class='ocr_par' dir='ltr' id='par_1_108' title="bbox 1958 4824 3550 4894">
     <span class='ocr_line' id='line_1_108' title="bbox 1958 4824 3550 4894; baseline 0.001 -12"><span class='ocrx_word' id='word_1_747' title='bbox 1958 4830 2074 4883; x_wconf 90' lang='lat' dir='ltr'><strong>nire</strong></span> <span class='ocrx_word' id='word_1_748' title='bbox 2103 4828 2323 4891; x_wconf 91' lang='lat' dir='ltr'><strong>honore,</strong></span> <span class='ocrx_word' id='word_1_749' title='bbox 2348 4834 2402 4881; x_wconf 87' lang='lat' dir='ltr'><strong>et</strong></span> <span class='ocrx_word' id='word_1_750' title='bbox 2425 4825 2726 4881; x_wconf 90' lang='lat' dir='ltr'><strong>venientem</strong></span> <span class='ocrx_word' id='word_1_751' title='bbox 2755 4825 2914 4894; x_wconf 89' lang='lat' dir='ltr'><strong>digna</strong></span> <span class='ocrx_word' id='word_1_752' title='bbox 2936 4824 3212 4880; x_wconf 85' lang='lat' dir='ltr'><strong>celebrare</strong></span> <span class='ocrx_word' id='word_1_753' title='bbox 3234 4824 3550 4884; x_wconf 70' lang='lat' dir='ltr'><strong>devotione-</strong></span> 
     </span>
    </p>
   </div>
   <div class='ocr_carea' id='block_1_109' title="bbox 1958 4921 2079 4978">
    <p class='ocr_par' dir='ltr' id='par_1_109' title="bbox 1958 4921 2079 4978">
     <span class='ocr_line' id='line_1_109' title="bbox 1958 4921 2079 4978; baseline -0.008 -1"><span class='ocrx_word' id='word_1_754' title='bbox 1958 4921 2079 4978; x_wconf 90' lang='lat' dir='ltr'><strong>Per.</strong></span> 
     </span>
    </p>
   </div>
   <div class='ocr_carea' id='block_1_110' title="bbox 2031 5009 3553 5085">
    <p class='ocr_par' dir='ltr' id='par_1_110' title="bbox 2031 5009 3553 5085">
     <span class='ocr_line' id='line_1_110' title="bbox 2031 5009 3553 5085; baseline -0.001 -14"><span class='ocrx_word' id='word_1_755' title='bbox 2031 5016 2198 5085; x_wconf 86' lang='lat' dir='ltr'><strong>Super</strong></span> <span class='ocrx_word' id='word_1_756' title='bbox 2228 5013 2417 5067; x_wconf 87' lang='lat' dir='ltr'><strong>oblata.</strong></span> <span class='ocrx_word' id='word_1_757' title='bbox 2448 5038 2513 5051; x_wconf 89' lang='lat'><strong>—-</strong></span> <span class='ocrx_word' id='word_1_758' title='bbox 2542 5012 2774 5079; x_wconf 83' lang='lat' dir='ltr'><strong>Accepta</strong></span> <span class='ocrx_word' id='word_1_759' title='bbox 2804 5009 2896 5065; x_wconf 92' lang='lat' dir='ltr'><strong>tibi</strong></span> <span class='ocrx_word' id='word_1_760' title='bbox 2927 5013 3025 5079; x_wconf 89' lang='lat' dir='ltr'><strong>sit,</strong></span> <span class='ocrx_word' id='word_1_761' title='bbox 3057 5011 3312 5081; x_wconf 88' lang='lat' dir='ltr'><strong>Domine,</strong></span> <span class='ocrx_word' id='word_1_762' title='bbox 3343 5022 3553 5069; x_wconf 81' lang='lat' dir='ltr'><strong>nostrae</strong></span> 
     </span>
    </p>
   </div>
   <div class='ocr_carea' id='block_1_111' title="bbox 1958 5101 3555 5177">
    <p class='ocr_par' dir='ltr' id='par_1_111' title="bbox 1958 5101 3555 5177">
     <span class='ocr_line' id='line_1_111' title="bbox 1958 5101 3555 5177; baseline -0.004 -11"><span class='ocrx_word' id='word_1_763' title='bbox 1958 5109 2256 5166; x_wconf 86' lang='lat' dir='ltr'><strong>devotionis</strong></span> <span class='ocrx_word' id='word_1_764' title='bbox 2285 5105 2501 5174; x_wconf 91' lang='lat' dir='ltr'><strong>oblatio,</strong></span> <span class='ocrx_word' id='word_1_765' title='bbox 2534 5112 2589 5177; x_wconf 82' lang='lat' dir='ltr'><strong>et</strong></span> <span class='ocrx_word' id='word_1_766' title='bbox 2627 5103 2691 5158; x_wconf 91' lang='lat' dir='ltr'><strong>ad</strong></span> <span class='ocrx_word' id='word_1_767' title='bbox 2721 5101 3065 5171; x_wconf 89' lang='lat' dir='ltr'><strong>apostolicam</strong></span> <span class='ocrx_word' id='word_1_768' title='bbox 3090 5105 3338 5170; x_wconf 80' lang='lat' dir='ltr'><strong>puriores</strong></span> <span class='ocrx_word' id='word_1_769' title='bbox 3381 5105 3555 5160; x_wconf 72' lang='lat' dir='ltr'><strong>iaciat.</strong></span> 
     </span>
    </p>
   </div>
   <div class='ocr_carea' id='block_1_112' title="bbox 1959 5195 2809 5258">
    <p class='ocr_par' dir='ltr' id='par_1_112' title="bbox 1959 5195 2809 5258">
     <span class='ocr_line' id='line_1_112' title="bbox 1959 5195 2809 5258; baseline -0.009 0"><span class='ocrx_word' id='word_1_770' title='bbox 1959 5218 2057 5258; x_wconf 89' lang='lat' dir='ltr'><strong>nos</strong></span> <span class='ocrx_word' id='word_1_771' title='bbox 2076 5202 2260 5256; x_wconf 86' lang='lat' dir='ltr'><strong>venire</strong></span> <span class='ocrx_word' id='word_1_772' title='bbox 2290 5198 2653 5253; x_wconf 86' lang='lat' dir='ltr'><strong>festivitatem.</strong></span> <span class='ocrx_word' id='word_1_773' title='bbox 2686 5195 2809 5252; x_wconf 91' lang='lat' dir='ltr'><strong>Per.</strong></span> 
     </span>
    </p>
   </div>
   <div class='ocr_carea' id='block_1_113' title="bbox 2029 5289 3548 5363">
    <p class='ocr_par' dir='ltr' id='par_1_113' title="bbox 2029 5289 3548 5363">
     <span class='ocr_line' id='line_1_113' title="bbox 2029 5289 3548 5363; baseline -0.003 -17"><span class='ocrx_word' id='word_1_774' title='bbox 2029 5291 2301 5363; x_wconf 68' lang='lat' dir='ltr'><strong>Praelatio.</strong></span> <span class='ocrx_word' id='word_1_775' title='bbox 2322 5320 2394 5331; x_wconf 93' lang='lat'>—</span> <span class='ocrx_word' id='word_1_776' title='bbox 2420 5290 2557 5346; x_wconf 83' lang='lat' dir='ltr'><strong>Vere</strong></span> <span class='ocrx_word' id='word_1_777' title='bbox 2582 5289 2801 5359; x_wconf 89' lang='lat' dir='ltr'><strong>dignum</strong></span> <span class='ocrx_word' id='word_1_778' title='bbox 2827 5298 2880 5346; x_wconf 90' lang='lat' dir='ltr'><strong>et</strong></span> <span class='ocrx_word' id='word_1_779' title='bbox 2899 5289 3101 5361; x_wconf 90' lang='lat' dir='ltr'><strong>justum</strong></span> <span class='ocrx_word' id='word_1_780' title='bbox 3128 5299 3232 5357; x_wconf 89' lang='lat' dir='ltr'><strong>est,</strong></span> <span class='ocrx_word' id='word_1_781' title='bbox 3255 5304 3468 5359; x_wconf 88' lang='lat' dir='ltr'><strong>aequum</strong></span> <span class='ocrx_word' id='word_1_782' title='bbox 3487 5298 3548 5343; x_wconf 83' lang='lat' dir='ltr'><strong>et</strong></span> 
     </span>
    </p>
   </div>
   <div class='ocr_carea' id='block_1_114' title="bbox 1958 5381 3547 5453">
    <p class='ocr_par' dir='ltr' id='par_1_114' title="bbox 1958 5381 3547 5453">
     <span class='ocr_line' id='line_1_114' title="bbox 1958 5381 3547 5453; baseline -0.007 -10"><span class='ocrx_word' id='word_1_783' title='bbox 1958 5388 2210 5451; x_wconf 89' lang='lat' dir='ltr'><strong>salutare,</strong></span> <span class='ocrx_word' id='word_1_784' title='bbox 2241 5398 2338 5440; x_wconf 90' lang='lat' dir='ltr'><strong>nos</strong></span> <span class='ocrx_word' id='word_1_785' title='bbox 2388 5382 2481 5439; x_wconf 89' lang='lat' dir='ltr'><strong>tibi</strong></span> <span class='ocrx_word' id='word_1_786' title='bbox 2518 5397 2729 5451; x_wconf 91' lang='lat' dir='ltr'><strong>semper</strong></span> <span class='ocrx_word' id='word_1_787' title='bbox 2766 5391 2821 5437; x_wconf 85' lang='lat' dir='ltr'><strong>et</strong></span> <span class='ocrx_word' id='word_1_788' title='bbox 2868 5381 3066 5453; x_wconf 91' lang='lat' dir='ltr'><strong>ubique</strong></span> <span class='ocrx_word' id='word_1_789' title='bbox 3113 5382 3308 5451; x_wconf 89' lang='lat' dir='ltr'><strong>gratias</strong></span> <span class='ocrx_word' id='word_1_790' title='bbox 3359 5394 3547 5448; x_wconf 82' lang='lat' dir='ltr'><strong>agere,</strong></span> 
     </span>
    </p>
   </div>
   <div class='ocr_carea' id='block_1_115' title="bbox 1960 5475 3553 5546">
    <p class='ocr_par' dir='ltr' id='par_1_115' title="bbox 1960 5475 3553 5546">
     <span class='ocr_line' id='line_1_115' title="bbox 1960 5475 3553 5546; baseline -0.007 -8"><span class='ocrx_word' id='word_1_791' title='bbox 1960 5482 2185 5539; x_wconf 90' lang='lat' dir='ltr'><strong>Domine</strong></span> <span class='ocrx_word' id='word_1_792' title='bbox 2227 5489 2428 5545; x_wconf 91' lang='lat' dir='ltr'><strong>sancte,</strong></span> <span class='ocrx_word' id='word_1_793' title='bbox 2470 5478 2626 5533; x_wconf 83' lang='lat' dir='ltr'><strong>Pater</strong></span> <span class='ocrx_word' id='word_1_794' title='bbox 2653 5478 3013 5546; x_wconf 88' lang='lat' dir='ltr'><strong>omnipotens,</strong></span> <span class='ocrx_word' id='word_1_795' title='bbox 3045 5485 3243 5531; x_wconf 88' lang='lat' dir='ltr'><strong>aeterne</strong></span> <span class='ocrx_word' id='word_1_796' title='bbox 3272 5475 3411 5529; x_wconf 86' lang='lat' dir='ltr'><strong>Deus</strong></span> <span class='ocrx_word' id='word_1_797' title='bbox 3444 5491 3462 5526; x_wconf 67' lang='grc' dir='ltr'><strong>ι</strong></span> <span class='ocrx_word' id='word_1_798' title='bbox 3490 5485 3553 5527; x_wconf 72' lang='lat' dir='ltr'><strong>et</strong></span> 
     </span>
    </p>
   </div>
   <div class='ocr_carea' id='block_1_116' title="bbox 1956 5566 3548 5639">
    <p class='ocr_par' dir='ltr' id='par_1_116' title="bbox 1956 5566 3548 5639">
     <span class='ocr_line' id='line_1_116' title="bbox 1956 5566 3548 5639; baseline -0.004 -9"><span class='ocrx_word' id='word_1_799' title='bbox 1956 5576 2256 5631; x_wconf 89' lang='lat' dir='ltr'><strong>venientem</strong></span> <span class='ocrx_word' id='word_1_800' title='bbox 2290 5574 2519 5628; x_wconf 89' lang='lat' dir='ltr'><strong>natalem</strong></span> <span class='ocrx_word' id='word_1_801' title='bbox 2553 5572 2692 5626; x_wconf 90' lang='lat' dir='ltr'><strong>beati</strong></span> <span class='ocrx_word' id='word_1_802' title='bbox 2730 5571 2955 5639; x_wconf 89' lang='lat' dir='ltr'><strong>apostoli</strong></span> <span class='ocrx_word' id='word_1_803' title='bbox 2994 5570 3065 5621; x_wconf 91' lang='lat' dir='ltr'><strong>tui</strong></span> <span class='ocrx_word' id='word_1_804' title='bbox 3098 5566 3188 5620; x_wconf 87' lang='lat' dir='ltr'><strong>Ill.</strong></span> <span class='ocrx_word' id='word_1_805' title='bbox 3222 5567 3397 5621; x_wconf 88' lang='lat' dir='ltr'><strong>debita</strong></span> <span class='ocrx_word' id='word_1_806' title='bbox 3426 5582 3548 5623; x_wconf 83' lang='lat' dir='ltr'><strong>scr-</strong></span> 
     </span>
    </p>
   </div>
   <div class='ocr_carea' id='block_1_117' title="bbox 1956 5660 3541 5739">
    <p class='ocr_par' dir='ltr' id='par_1_117' title="bbox 1956 5660 3541 5739">
     <span class='ocr_line' id='line_1_117' title="bbox 1956 5660 3541 5739; baseline -0.005 -14"><span class='ocrx_word' id='word_1_807' title='bbox 1956 5674 2124 5725; x_wconf 87' lang='lat' dir='ltr'><strong>vittttc</strong></span> <span class='ocrx_word' id='word_1_808' title='bbox 2168 5668 2481 5739; x_wconf 68' lang='lat' dir='ltr'><strong>praevenire,</strong></span> <span class='ocrx_word' id='word_1_809' title='bbox 2516 5665 2830 5734; x_wconf 86' lang='lat' dir='ltr'><strong>suppliciter</strong></span> <span class='ocrx_word' id='word_1_810' title='bbox 2873 5663 3218 5717; x_wconf 87' lang='lat' dir='ltr'><strong>obsecrantes</strong></span> <span class='ocrx_word' id='word_1_811' title='bbox 3267 5669 3324 5713; x_wconf 89' lang='lat' dir='ltr'><strong>ttt</strong></span> <span class='ocrx_word' id='word_1_812' title='bbox 3362 5660 3541 5731; x_wconf 78' lang='lat' dir='ltr'><strong>ipsum</strong></span> 
     </span>
    </p>
   </div>
   <div class='ocr_carea' id='block_1_118' title="bbox 1959 5752 3540 5833">
    <p class='ocr_par' dir='ltr' id='par_1_118' title="bbox 1959 5752 3540 5833">
     <span class='ocr_line' id='line_1_118' title="bbox 1959 5752 3540 5833; baseline -0.004 -16"><span class='ocrx_word' id='word_1_813' title='bbox 1959 5780 2054 5819; x_wconf 90' lang='lat' dir='ltr'><strong>nos</strong></span> <span class='ocrx_word' id='word_1_814' title='bbox 2088 5761 2228 5833; x_wconf 87' lang='lat' dir='ltr'><strong>apud</strong></span> <span class='ocrx_word' id='word_1_815' title='bbox 2271 5768 2413 5814; x_wconf 88' lang='lat' dir='ltr'><strong>tuam</strong></span> <span class='ocrx_word' id='word_1_816' title='bbox 2444 5758 2782 5812; x_wconf 86' lang='lat' dir='ltr'><strong>clementiam</strong></span> <span class='ocrx_word' id='word_1_817' title='bbox 2814 5754 3106 5810; x_wconf 87' lang='lat' dir='ltr'><strong>sentiamus</strong></span> <span class='ocrx_word' id='word_1_818' title='bbox 3138 5752 3335 5809; x_wconf 80' lang='lat' dir='ltr'><strong>habere</strong></span> <span class='ocrx_word' id='word_1_819' title='bbox 3362 5765 3540 5825; x_wconf 60' lang='lat' dir='ltr'><strong>patro.</strong></span> 
     </span>
    </p>
   </div>
  </div>
