4064 6350
509 375 611 436 £63

1721 387 1965 445 SANGTI
2005 385 2330 446 GREGORII
2366 385 2580 445 IAGNI

3664 387 3764 449 164

507 502 653 552 num,
681 504 860 560 quem,
906 497 996 546 tua
1023 493 1196 562 gratia
1221 493 1498 565 largiente,
1531 495 1823 552 meruimus
1864 506 2081 554 aeternae
2104 502 2161 564 Α
2184 513 2291 553 non
2335 500 2638 567 praesumit,
2672 500 3055 557 intercessione
3085 501 3225 557 beati
3267 505 3516 576 ntartyris
3547 507 3623 561 tui
3669 507 3760 565 Ill;

504 581 688 636 salutis
717 583 988 650 suscipere
1018 584 1339 640 ministrum.
1378 586 1478 641 Per
1507 587 1794 643 Christum.

575 671 655 723 Ad
685 671 1161 741 Complendum.—
1181 677 1381 732 Prtesta
1413 679 1583 744 nobis,
1614 689 1812 738 πίει-ηε
1841 679 2077 751 largitor,

504 767 622 839 ejus
657 769 850 839 ubique
892 774 1097 842 protegi
1125 774 1367 830 oratione
1402 775 1554 845 cujus
1581 776 1817 830 natalitia
1846 793 1939 845 per
1969 777 2081 832 haec

504 871 711 925 sancta,
739 878 857 931 quze
899 866 1244 934 sumpsimus,
1297 868 1474 921 votivo
1521 869 1875 936 prmvenimus
1925 867 2080 923 obse-

503 952 646 1019 quio.
682 952 801 1006 Per.

577 1042 656 1092 Ad
684 1041 1218 1111 νίφεται-8³ηωὶ
1245 1045 1317 1099 tui
1347 1059 1462 1110 nos,
1486 1060 1806 1116 quaesumus,
1838 1047 2075 1114 Domine,

502 1129 599 1184 Ill.
635 1134 859 1200 apostoli
887 1135 1215 1201 solemnitas,
1250 1152 1408 1204 quam
1441 1138 1812 1205 prtevenirnus,
1850 1147 2078 1204 tueatur,

504 1224 627 1292 quia
659 1234 803 1280 tanto
824 1225 1116 1280 lidncialius
1146 1238 1233 1280 tuo
1256 1229 1454 1281 nomini
1480 1229 1855 1298 supplicamus,
1883 1241 2080 1299 quanto

501 1314 827 1384 frequentius
893 1319 1251 1386 apostolorum
1307 1321 1774 1378 intercessionibus
1825 1321 2078 1379 confove-

500 1420 640 1464 tuur.
675 1410 772 1463 Per
804 1411 1081 1465 Dominum
1113 1423 1370 1466 nosuum.

574 1497 1008 1568 Alia.——Dcus,
1058 1509 1266 1556 tuorum
1321 1503 1485 1574 gloria
1529 1505 1816 1572 justorum,
1867 1513 2078 1574 praesta,

500 1596 801 1658 quwsumu‘s
826 1631 840 1655 ,
873 1601 928 1646 ut
959 1593 1131 1647 sancti
1171 1593 1244 1647 tui
1285 1592 1404 1659 111.,
1435 1593 1586 1663 cujus
1633 1595 1772 1648 diem
1822 1597 2081 1666 passionis

499 1684 818 1739 celebrando
848 1688 1230 1755 prmvenimus,
1259 1690 1548 1743 sentiamus
1579 1689 1853 1744 auxilium.
1886 1691 2005 1745 Per.

569 1777 648 1829 Ad
677 1775 981 1831 Matutinus.
1013 1808 1083 1818 —
1104 1779 1266 1846 Deus,
1297 1780 1389 1850 qui
1420 1795 1478 1834 es
1506 1781 1740 1834 omnium
1773 1790 2079 1837 sanctorum

2185 593 2397 660 assequi
2425 600 2713 646 mereatur.
2746 593 2849 648 Per
2878 593 3160 650 Dominum
3189 605 3450 651 nostrum.

2258 682 2391 735 Atia.
2423 711 2491 721 —
2521 683 2677 749 Deus,
2709 685 2890 739 mundi
2921 685 3147 741 Creator
3174 696 3227 742 et
3265 695 3464 754 rector,"
3505 690 3592 757 qui
3627 691 3766 748 hunc

2181 770 2322 827 diem
2354 773 2406 827 in
2438 773 2578 829 beati
2610 775 2696 829 lii.
2731 781 2985 847 martyrio
3011 781 3354 844 consecrasti.
3379 783 3613 837 concede
3645 799 3766 852 pro-

2184 861 2363 930 pitius,
2403 873 2459 918 ut
2487 881 2673 920 omnes
2691 869 2781 937 qui
2808 872 3047 940 martyrii
3075 871 3192 942 ejus
3229 874 3418 928 merita
3443 884 3768 932 venerantur

2180 950 2653 1010 intercessionibus
2704 956 2820 1026 ejus
2865 958 2934 1012 ab
2961 961 3178 1016 aeternis
3219 964 3478 1032 gehennae
3507 966 3765 1022 incendiis

2181 1041 2498 1102 liberentur.
2528 1046 2648 1103 Per.

2500 1176 2645 1215 MISSA
2674 1175 2728 1216 IN
2756 1178 2948 1219 NATALI
2978 1180 3134 1221 UNIUS
3162 1179 3442 1224 MARTYRIS.

2255 1269 2403 1340 (592)
2435 1271 2669 1340 Votiros,
2703 1275 2924 1331 Domine
2945 1318 2960 1344 ,
2993 1293 3319 1348 quaesumus,
3348 1280 3487 1337 beati
3517 1284 3765 1355 martyris

2184 1359 2258 1413 tui
2301 1359 2392 1416 Ill.
2425 1365 2609 1419 natalis
2640 1382 2736 1420 nos
2791 1384 3003 1438 semper
3049 1372 3319 1441 excipiat,
3359 1373 3451 1446 qui
3499 1387 3552 1432 et
3577 1377 3768 1446 jucun-

2183 1451 2399 1507 ditatetn
2427 1455 2579 1510 nobis
2605 1474 2718 1510 sua:
2745 1457 3143 1528 glorificatiunis
3173 1465 3436 1534 infundat,
3467 1478 3522 1524 et
3547 1468 3638 1526 tibi
3667 1486 3768 1530 nos

2184 1545 2374 1600 reddat
2402 1558 2672 1618 acceptos.
2707 1549 2809 1605 Per
2839 1551 3121 1610 Dominum
3150 1567 3410 1616 nostrum.

2256 1661 2428 1733 Super
2461 1663 2651 1718 oblata.
2679 1696 2748 1706 —
2774 1667 3066 1725 Praisentia
3115 1687 3370 1740 munera,
3420 1690 3724 1745 qnzesuus
3746 1716 3768 1743 ,

2188 1751 2430 1818 Domine,
2461 1756 2531 1810 ita
2559 1771 2748 1812 serena
2779 1760 2973 1828 pietate
2999 1763 3228 1832 intuere,
3260 1777 3317 1821 ut
3341 1770 3506 1823 sancti
3540 1771 3771 1840 Spiritus

499 1869 708 1924 tuorum
740 1872 992 1939 Splendor
1023 1844 1280 1927 mirabilis
1301 1844 1328 1938 ί
1348 1874 1548 1942 quique
1587 1874 1729 1928 hunc
1755 1874 1896 1928 diem
1940 1874 2083 1929 beati
2113 1885 2158 1946 ﬁ
2189 1844 2568 1946 Ιξέτίυθὼηωτ
2588 1849 2982 1946 ι’ξπδίθέίθηθι
3004 1865 3059 1910 et
3078 1856 3131 1910 ί¹³
3157 1859 3352 1914 ¹¹⁰⁸¹¹ί⁵
3372 1861 3620 1916 cordibus
3647 1877 3770 1919 eam

497 1963 723 2030 apostoli
754 1962 828 2016 tui
872 1963 964 2018 Ill.
1012 1970 1268 2036 martyrio
1316 1968 1659 2033 consecrasti,
1713 1967 1779 2021 da
1832 1968 2084 2024 Ecclesiae

499 2060 603 2106 tuae
633 2053 697 2106 de
742 2053 982 2108 natalitio
1033 2066 1192 2110 tanta:
1240 2055 1543 2111 festivitatis
1591 2057 1791 2123 lmtari,
1838 2068 1917 2124 ut,
1965 2073 2086 2125 qua

497 2147 861 2214 apostolorum
922 2157 1130 2203 tuorum
1187 2149 1562 2217 praidicatione
1620 2152 1835 2218 timuit,
1897 2168 2082 2208 eorum

498 2243 761 2309 exemplis
781 2242 1055 2298 muniatur
1076 2243 1613 2298 etintercessionibus
1661 2246 1960 2314 adjuvetur.
1984 2246 2087 2302 Per

499 2331 780 2405 Dominum
816 2343 862 2385 “.

647 2402 652 2407 '
803 2437 950 2477 MISSA
979 2438 1029 2476 IN
1059 2438 1257 2478 VlGlLM
1289 2438 1438 2478 UNIUS
1466 2440 1742 2478 MARTYBIS.

568 2514 900 2579 Quarsuntus,
934 2516 1270 2583 omnipotens
1323 2516 1485 2581 Deus,
1532 2527 1588 2570 ut
1633 2527 1816 2570 nostra
1847 2516 2081 2583 devotio,

501 2622 621 2676 qua:
646 2608 879 2662 natalitia
913 2609 1048 2662 beati
1077 2607 1170 2662 ιιι.
1213 2607 1365 2678 (589)
1397 2612 1642 2680 martyris
1679 2610 1966 2675 antecedit,
1998 2626 2087 2679 pa-

502 2703 726 2757 trocinia
760 2704 908 2756 nobis
941 2703 1056 2773 ejus
1085 2706 1403 2758 accutnulet.
1442 2704 1561 2759 Per.

579 2798 734 2868 156
761 2797 929 2866 Super
957 2799 1142 2850 oblata.
1179 2828 1247 2838 —
1277 2797 1582 2867 Magnifica,
1637 2798 1888 2863 Domine,
1941 2795 2086 2852 beati

501 2882 613 2944 ια..
640 2887 899 2943 solemnia
927 2902 1298 2953 recensemus,
1327 2903 1447 2958 quae
1471 2929 1486 2953 ,
1532 2887 1787 2957 promptis
1834 2885 2086 2943 cordibus

498 2980 815 3046 ambientes,
849 2979 1038 3034 oblatis
1067 2979 1371 3034 muneribus
1400 2989 1454 3034 et
1481 2981 1799 3048 suscipimus
1830 2985 1885 3033 et.
1927 2977 2086 3048 prati-3

497 3086 635 3127 mus.
669 3071 767 3126 l’er
798 3071 1078 3124 Dominum
1105 3082 1368 3125 nostrum.

573 3160 843 3230 Praefatio.
867 3190 937 3199 -—
964 3160 1098 3214 Vere
1126 3161 1340 3230 dignum
1368 3170 1420 3216 et
1439 3162 1639 3230 justum
1662 3172 1766 3231 est,
1797 3178 2005 3233 aequum
2029 3175 2086 3222 et

2188 1938 2524 1995 dilectionem
2562 1943 2713 2013 157
2741 1944 2963 2002 validius
2993 1949 3295 2016 infundant,
3343 1968 3438 2022 per
3462 1970 3618 2024 quam
3643 1971 3771 2012 san-

2186 2036 2302 2082 ctus
2326 2040 2526 2100 martyr
2546 2028 2639 2087 Ill.
2661 2035 2838 2088 omnia
2859 2040 3101 2105 corporis
3119 2048 3382 2098 tormenta
3405 2045 3616 2101 devicit.
3645 2047 3770 2102 Per.

2258 2142 2526 2212 Praefatio.
2550 2174 2620 2188 —
2648 2147 2782 2204 Vere
2809 2149 3023 2220 dignum
3069 2163 3121 2207 et
3155 2153 3354 2222 justum
3395 2167 3494 2223 est,
3542 2171 3767 2229 mquurn

2188 2241 2244 2290 et
2270 2234 2526 2299 salutare,
2556 2252 2654 2292 nos
2679 2238 2771 2292 tibi
2797 2255 3011 2310 semper
3033 2251 3088 2296 et
3134 2243 3328 2314 ubique
3358 2249 3555 2316 gratias
3584 2265 3770 2319 agere,

2189 2327 2414 2382 Domine
2445 2340 2652 2395 sancte,
2685 2331 2844 2386 Pater
2870 2336 3228 2405 otnnipotens,
3276 2349 3478 2396 aeterne
3514 2343 3650 2398 Deus
3674 2363 3687 2397 :
3710 2354 3770 2400 et

2189 2416 2243 2472 in
2289 2421 2538 2489 praesenti
2583 2424 2871 2480 festivitate
2919 2427 3088 2480 sancti
3144 2433 3392 2499 martyris
3423 2432 3497 2488 tul
3548 2433 3636 2489 Ill.
3669 2437 3769 2493 tibi

2188 2512 2495 2569 confitendo
2527 2515 2701 2570 laudis
2741 2517 2954 2573 Hostias
3003 2522 3312 2590 immolare;
3366 2537 3613 2596 tuamque
3659 2529 3771 2583 im-

2188 2620 2427 2660 mensam
2456 2608 2706 2675 pietatem
2743 2612 3049 2679 implorare,
3071 2617 3294 2671 utsicut
3325 2618 3396 2672 illi
3425 2620 3619 2676 dedisti
3639 2633 3762 2678 coe-

2189 2696 2337 2750 lestis
2371 2699 2596 2763 palmam
2641 2701 2917 2772 triumphi,
2963 2706 3060 2772 sic,
3109 2721 3176 2762 eo
3227 2711 3569 2782 suffragante,
3603 2715 3765 2768 nobis

2188 2789 2612 2845 emendationem
2645 2807 2706 2847 ac
2740 2800 2944 2849 veniam
2973 2799 3238 2854 concedas
3268 2804 3469 2868 peccati
3495 2819 3512 2869 ;
3535 2812 3594 2857 ut
3625 2804 3679 2858 in
3711 2815 3774 2861 te

2189 2881 2513 2937 exsultemus
2560 2885 2612 2939 in
2659 2885 3044 2958 misericordia,
3087 2893 3141 2947 in
3179 2908 3286 2964 quo
3315 2894 3406 2951 ille
3450 2897 3668 2953 laetatur
3703 2898 3770 2954 in

2186 2973 2376 3042 gloria.
2412 2974 2516 3029 Per
2544 2974 2838 3032 Christum.
3526 2999 3534 3006 ‘

2258 3061 2392 3116 Item
2415 3065 2522 3118 alia
2545 3064 2820 3138 Prwfatio.
2849 3098 2920 3110 -—
2944 3069 3080 3128 Vere
3113 3072 3328 3143 dignum
3351 3083 3406 3130 et
3428 3074 3630 3146 justum
3655 3088 3776 3149 est,

2189 3170 2400 3225 aequum
2428 3167 2484 3212 et
2511 3159 2766 3223 salutare,
2823 3175 2921 3216 nos
2949 3162 3040 3216 tibi
3080 3177 3296 3233 semper
3323 3175 3378 3221 et
3411 3167 3606 3238 ubique
3631 3183 3771 3239 gra-

499 3256 768 3320 salutare,
798 3271 894 3310 nos
926 3257 1014 3312 tibi
1047 3273 1259 3328 semper
1303 3269 1357 3313 et
1406 3257 1598 3328 ubique
1649 3259 1846 3329 gratias
1899 3277 2077 3331 agere,

2191 3248 2291 3301 tias
2346 3263 2547 3317 agere,
2617 3251 2842 3306 Domine
2901 3263 3115 3321 sancte,
3171 3255 3326 3311 Pater
3389 3259 3772 3330 omnipotens,

501 3346 724 3402 Domine
763 3359 967 3412 sancte,
998 3350 1154 3406 Pater
1182 3353 1541 3422 omnipotens,
1592 3365 1788 3408 mterne
1820 3355 1956 3410 Dens
1986 3372 2001 3408 :
2030 3366 2084 3410 et

498 3439 713 3507 gloriosi
745 3439 838 3494 Ill.
889 3443 1137 3512 martyris
1190 3445 1273 3512 pia
1326 3446 1617 3499 certamina
1670 3449 2080 3515 prazcurrendo,

501 3529 652 3598 cujus
703 3531 1027 3588 honorabilis
1071 3551 1242 3589 annua
1296 3537 1606 3592 recursione
1660 3539 1988 3608 solemnitas,
2028 3554 2081 3596 et

497 3629 751 3689 perpetua
779 3638 988 3694 semper
1018 3634 1071 3680 et
1111 3641 1246 3682 nova
1290 3636 1401 3693 est,
1434 3631 1557 3699 quia
1608 3639 1662 3685 et
1701 3632 1752 3684 in
1793 3643 2080 3704 conspectu

497 3721 602 3768 tua:
631 3715 923 3786 Mojestatis
951 3732 1229 3788 permanet
1265 3739 1409 3780 mors
1455 3735 1665 3781 tuorum
1717 3731 1945 3797 pretiosa
1967 3730 2084 3800 jus-

496 3813 666 3861 torum
696 3821 747 3864 et
777 3810 926 3882 (590)
957 3824 1324 3873 restaurantur
1354 3820 1678 3875 incrementa
1712 3823 1925 3890 lmtitim,
1959 3843 2081 3882 cum

493 3896 758 3955 felicitatis
799 3911 1013 3960 acterna:
1041 3908 1353 3964 recoluntur
1381 3914 1620 3967 exordia.
1654 3914 1756 3969 Per
1782 3917 2076 3975 Christum.

564 3990 644 4043 Ad
669 3989 1055 4060 Complendum.
1084 4027 1155 4038 -—
1183 3999 1376 4055 Sancta
1408 4011 1492 4056 tua
1511 4043 1526 4069 ,
1558 4004 1776 4060 Domine
1797 4048 1812 4071 ,
1856 4008 1906 4062 in
1939 4009 2080 4065 beati

490 4079 584 4137 Ill.
619 4090 864 4158 martyris
893 4089 1042 4161 (59f)
1071 4095 1304 4161 pretiosa
1329 4099 1595 4165 passione,
1620 4113 1776 4164 quam
1805 4101 2074 4169 prximus,

494 4187 592 4228 nos
621 4175 928 4245 refoveant,
958 4181 1147 4248 quibus
1175 4193 1228 4238 et
1252 4186 1450 4256 jugiter
1480 4189 1756 4255 satiantur,
1787 4201 1838 4246 et
1867 4206 2078 4264 semper

493 4265 860 4323 desideramus
889 4273 1110 4338 expleri.
1146 4276 1246 4330 Per
1270 4279 1572 4336 Dominum.

565 4359 732 4431 Super
760 4363 1025 4433 populum.
1051 4396 1119 4407 -—
1144 4368 1363 4433 Prursra,
1391 4390 1713 4441 quaesumus,
1737 4379 2076 4448 omnipotens

493 4452 653 4522 Deus,
690 4463 746 4508 ut
777 4456 864 4524 qui
895 4459 1063 4512 sancti
1097 4463 1345 4530 martyris
1372 4464 1445 4516 tui
1475 4463 1569 4519 III.
1613 4469 1872 4524 solemnia
1922 4474 2048 4541 przci

492 4559 630 4609 mus,
665 4543 780 4614 ijus
808 4546 964 4601 etiam
996 4549 1216 4605 virtutes
1243 4549 1530 4607 imitemur.
1566 4555 1684 4610 Per.

2189 3347 2388 3392 aeterne
2417 3339 2559 3394 Deus
2585 3358 2597 3392 :
2624 3351 2678 3395 et
2703 3353 2754 3396 te
2797 3344 2848 3397 in
2893 3347 3130 3400 omnium
3158 3355 3447 3417 martyrum
3477 3351 3775 3422 triumphis

2190 3429 2429 3484 laudare.
2454 3433 2715 3496 Quoniam
2757 3436 2860 3489 tuis
2888 3436 3043 3490 donis
3081 3447 3240 3508 atque
3283 3443 3591 3497 muneribus
3620 3444 3773 3501 beati

2191 3525 2444 3592 martyris
2475 3525 2550 3581 tui
2575 3524 2670 3580 Ill.
2707 3529 3002 3596 passionem
3027 3529 3282 3587 hodierna
3309 3535 3643 3590 solemnitate
3659 3553 3771 3608 _ve-

2189 3634 2455 3685 neramnr,
2492 3621 2582 3690 qui
2614 3637 2709 3690 pro
2751 3621 3090 3680 confessione
3135 3625 3260 3680 Iesu
3291 3628 3487 3683 Christi
3535 3629 3656 3684 Filii
3695 3632 3772 3687 tui

2188 3711 2396 3781 Domini
2425 3715 2589 3768 nostri
2623 3714 2830 3770 diversa
2862 3718 3120 3785 supplicia
3153 3719 3425 3789 sustinuit,
3469 3730 3542 3788 et,
3573 3725 3771 3779 eadem

2186 3805 2423 3871 vincens,
2451 3822 2702 3860 coronam
2728 3809 3098 3876 perpetuitatis
3121 3813 3433 3879 promeruit.
3459 3813 3559 3868 Per
3577 3829 3770 3883 quem.

2209 3930 2212 3934 -
2255 3898 2406 3968 (595)
2435 3898 2566 3952 Item
2610 3899 2716 3952 alia
2754 3899 3119 3971 Prwfatio.—
3147 3904 3280 3958 Vere
3323 3905 3540 3974 dignum
3584 3913 3636 3960 et
3676 3906 3771 3975 ju-

2182 3995 2320 4040 stum
2343 3998 2442 4050 est,
2475 4005 2681 4059 mqunm
2715 3999 2768 4044 ct
2794 3994 3049 4058 salutare,
3087 4009 3183 4048 nos
3215 3994 3306 4049 tibi
3334 4009 3546 4064 semper
3567 4004 3624 4050 et
3653 3999 3773 4053 ubi~

2182 4091 2284 4144 que
2303 4077 2499 4146 gratias
2527 4094 2706 4148 agere,
2741 4079 2962 4135 Domine
2984 4093 3188 4148 sancte,
3215 4083 3371 4138 Pater
3391 4087 3765 4168 omnipotens,

2182 4179 2382 4226 aeterne
2412 4171 2572 4239 Deus,
2615 4188 2708 4242 per
2738 4174 3005 4230 Christum
3037 4178 3316 4233 Dominum
3358 4188 3596 4234 nostrum
3624 4199 3639 4234 :
3663 4196 3770 4236 cu-

2176 4261 2263 4331 jus
2285 4264 2454 4332 gratia
2483 4265 2693 4318 beatum
2725 4263 2816 4319 Ill.
2845 4267 2896 4320 in
2919 4269 3274 4322 sacerdotium
3301 4270 3480 4340 elegit,
3513 4269 3768 4327 doctrina

2177 4359 2242 4412 ad
2276 4360 2666 4428 praedicandum
2698 4361 2910 4428 erudiit,
2944 4365 3174 4432 potentia
3208 4365 3272 4418 ad
3302 4366 3761 4434 perseverandum

2178 4450 2532 4518 confirmavit,
2561 4461 2619 4505 ut
2649 4467 2743 4521 per
2767 4453 3152 4509 sacerdotalem
3186 4457 3404 4510 infolam
3451 4458 3765 4524 perveniret

2185 4543 2251 4596 ad
2282 4545 2524 4613 martyrii
2555 4545 2806 4613 palmam.
2837 4546 3151 4616 Decensqne
3191 4549 3458 4616 subditos,
3489 4549 3766 4605 instrudhs

559 4635 638 4687 Ad
681 4635 942 4708 papam...
967 4669 1036 4681 _
1059 4643 1218 4711 Deus,
1247 4648 1333 4712 qui
1364 4646 1516 4700 nobis
1539 4649 1673 4702 “eali
1705 4647 1797 4706 ιιι,
1831 4657 2077 4724 martyris
2103 4657 2158 4719 D
2182 4634 2400 4688 vivendi
2445 4635 2710 4704 exemplo,
2745 4637 3067 4691 confirmans
3095 4637 3363 4707 patiendo,
3413 4639 3478 4693 ad
3505 4649 3557 4694 te
3594 4653 3762 4693 coro-

490 4725 565 4778 tui
615 4726 847 4790 natalitia
878 4731 1110 4800 gloriosa
1144 4736 1333 4804 prteire
1367 4737 1639 4809 concedis,
1692 4741 1887 4809 tribue,
1933 4760 2076 4813 qua:-

489 4832 692 4884 sumus,
723 4821 840 4890 ejus
888 4839 985 4878 nos
1008 4841 1220 4894 semper
1248 4838 1300 4883 et
1349 4829 1623 4888 beneficiis
1676 4837 1975 4901 DI‘J‘Venlli,
2021 4850 2073 4895 et

489 4911 817 4968 orationibus
844 4915 1104 4984 adjuvari.
1140 4920 1258 4973 Per.

562 5005 700 5058 Alia.
727 5034 798 5048 —-
824 5006 985 5075 Deus,
1016 5010 1103 5076 qui
1135 5023 1231 5066 nos
1261 5011 1400 5066 beati
1432 5016 1679 5084 martyris
1711 5016 1786 5070 tui
1819 5015 1911 5072 ιιι.
1943 5033 2071 5074 con-

489 5094 636 5150 cedis
664 5098 903 5154 natalitia
933 5104 1247 5170 prevenire,
1277 5103 1395 5170 ejus
1425 5119 1522 5161 nos
1548 5108 1722 5164 tribue
1745 5109 1951 5166 meritis
1975 5111 2070 5167 ad-

483 5186 678 5256 juvari.
707 5189 829 5244 Per.

555 5278 638 5330 Ad
688 5277 990 5335 Matutinus.
1019 5280 1461 5354 --0mnipotens
1507 5292 1831 5360 sempiterne
1881 5295 2023 5352 Deus
2049 5337 2064 5365 ,

489 5367 737 5422 fortitudo
766 5374 1107 5442 certantium,
1139 5387 1190 5430 et
1219 5389 1508 5448 martyrum
1539 5381 1728 5448 palma,
1762 5385 2071 5442 solemnita-

487 5467 593 5514 tem
627 5461 895 5519 liodierna
923 5465 1026 5521 diei
1082 5470 1342 5539 propitius
1393 5472 1620 5538 intuere,
1672 5485 1725 5529 et
1769 5477 2064 5534 Ecclesiam

489 5561 627 5608 tuam
657 5555 906 5612 continua
933 5557 1016 5614 fac
1045 5562 1353 5618 celebritate
1381 5564 1569 5631 laetari,
1603 5577 1657 5621 ut
1688 5567 1828 5638 quod
1861 5573 2063 5630 meritis

557 5707 578 5734 υ
611 5695 759 5782 Nulla
794 5699 877 5782 hic
911 5702 1058 5757 Missa
1086 5703 1445 5782 de‘commoni
1478 5709 1839 5782 apostolorum
1871 5712 2061 5782 legitur

2183 4727 2391 4780 nandus
2421 4729 2751 4796 perveniret,
2791 4732 2877 4800 qui
2907 4740 3304 4800 persecuturum
3334 4731 3505 4787 minas
3535 4732 3765 4802 intrepi-

2179 4819 2279 4875 dus
2309 4831 2631 4889 superasset.
2665 4823 2828 4892 Cujus
2856 4825 3184 4880 interventus
3211 4841 3328 4893 nos,
3357 4841 3688 4896 quaesumus,
3729 4843 3766 4883 a

2178 4913 2377 4966 nostris
2403 4914 2625 4968 mundet
2655 4914 2883 4981 delictis,
2915 4917 3001 4984 qui
3035 4917 3130 4971 tibi
3157 4918 3353 4986 placuit
3383 4927 3459 4972 tot
3485 4918 3760 4974 donorum

2175 5005 2564 5074 praerogativis.
2598 5006 2699 5061 Per
2727 5023 2884 5076 quem
2915 5009 3266 5078 Majestatem.

2241 5095 2268 5136 ι)
2295 5098 2608 5153 Benedictio.
2641 5101 2872 5156 —Bcati
2915 5103 3165 5172 martyris
3211 5103 3296 5159 sui
3344 5101 3436 5158 lu.
3483 5105 3762 5160 interces-

2172 5192 2326 5246 sione
2354 5207 2449 5247 vos
2480 5194 2736 5248 Dominus
2783 5194 3083 5263 benedicat,
3114 5205 3170 5252 et
3205 5196 3274 5250 ab
3303 5197 3446 5251 omni
3493 5197 3635 5250 male
3661 5197 3759 5254 de-

2171 5281 2369 5337 fendat.
2397 5284 2586 5338 Amen.
2621 5285 2888 5340 Extendat
2917 5288 2970 5341 in
3001 5303 3095 5343 vos
3122 5288 3399 5344 dexteram
3429 5303 3540 5344 suae
3567 5289 3758 5358 prepi-

2171 5376 2432 5440 tiationis,
2480 5377 2568 5446 qui
2611 5393 2735 5433 eum
2777 5382 3013 5450 suscepit
3040 5396 3136 5451 per
3165 5383 3421 5453 supplicia
3457 5382 3755 5451 VBSSitmiS.

2171 5473 2365 5526 Amen.
2407 5473 2523 5537 Quo
2546 5470 2666 5540 ejus
2693 5471 2750 5525 in
2780 5473 2918 5527 casio
2945 5474 3261 5529 mereamini
3286 5476 3486 5529 trabem
3528 5489 3756 5528 consor-

2172 5565 2327 5624 tim,
2381 5562 2530 5630 cujus
2591 5563 2800 5620 devotis
2847 5565 3117 5620 mentibus
3168 5565 3220 5620 in
3273 5575 3416 5621 terra
3459 5567 3754 5623 celebratis

2238 5713 2264 5794 ξ’
2292 5716 2503 5796 Legitur
2533 5717 2587 5773 in
2623 5719 3060 5796 Benedictionali,
3091 5721 3179 5778 ubi
3210 5721 3530 5796 assignatur,
3571 5724 3623 5781 in
3646 5741 3750 5781 na-

483 5769 622 5854 sicnt
652 5768 782 5825 infra
803 5768 1526 5861 Ide‘eommulni.martyrum,-
1546 5778 1769 5860 ffirtassc
1793 5768 2066 5851 quodvorn-
2163 5768 2813 5861 tivitaieuanius—iitartyris.

485 5841 581 5895 ttés
610 5842 830 5910 apostoli
865 5843 1076 5902 Missam
1111 5841 1367 5906 baberent
1401 5847 1693 5921 prepriam-
