4064 6350
287 360 393 423 105

1500 353 1703 409 LIBER
1742 348 2378 415 SACRAMENTORUM.

3449 354 3557 419 ιω

287 474 638 545 triumphum.
691 472 888 532 Amen.
933 472 1088 542 Quod
1135 472 1251 543 ipse
1290 480 1548 544 praestare
1596 470 1864 540 dignetur,
1894 474 1943 531 Α
2042 469 2183 526 Alia.
2213 499 2281 512 —-
2312 471 2425 527 Sint
2459 471 2575 537 tibi,
2600 470 2844 539 Domine,
2871 473 3209 541 qumsuu'tus,
3242 474 3407 530 nostri
3444 492 3551 530 mu-

285 570 437 639 cujus
458 582 703 637 regnum.

354 662 436 716 Ad
479 658 875 730 Complendum.
907 658 1353 728 —Sumpsrmus,
1404 658 1648 723 Domine,
1696 655 1869 712 sancti

282 753 376 808 Ill.
412 754 662 823 martyris
691 752 1031 807 solemnitate
1059 753 1298 807 etelestia
1327 760 1686 817 sacramenta,
1717 750 1871 818 cujus

281 847 573 913 suffragiis,
610 858 934 913 quaesumus,
966 844 1207 911 largioris
1239 853 1293 897 ut
1322 842 1462 912 quod
1508 841 1872 911 temporalitrr

280 938 543 1008 gerimus,
573 934 788 988 internis
811 934 1018 1003 gaudiis
1047 948 1459 1003 consequamur.
1485 932 1604 986 Per.

357 1032 533 1097 Saper
565 1028 833 1100 populum.
865 1058 935 1067 —-—-
965 1027 1092 1089 Fac,
1122 1041 1450 1096 quaesumus,
1482 1025 1701 1079 Domine
1732 1022 1869 1077 Deus

285 1136 491 1189 noster,
519 1120 881 1175 intercedente
903 1120 1057 1173 beato
1081 1127 1318 1189 martyre
1346 1129 1435 1173 tuo
1471 1116 1587 1182 111.,
1618 1115 1869 1185 populum

284 1225 433 1268 tuuut
466 1215 520 1268 in
553 1224 637 1267 tua
661 1212 946 1267 devotione
975 1211 1229 1281 gaudere,
1260 1212 1383 1281 quia
1418 1218 1670 1279 perpetua
1708 1214 1871 1263 estet

284 1309 443 1377 plena
475 1305 719 1370 felicitas,
770 1307 816 1359 si
849 1308 1107 1359 bonorum
1154 1306 1393 1359 omnium
1436 1305 1729 1360 serviamus
1762 1304 1870 1357 Au-

285 1401 447 1455 ctori.
484 1400 584 1453 Per
618 1399 898 1452 Dominum
927 1407 1166 1451 nostrum
1192 1398 1375 1451 Jesum
1398 1396 1688 1452 Christum.

354 1496 488 1549 Aliae
542 1495 831 1547 Orationes.
862 1519 933 1533 -—
962 1492 1145 1547 Sancti
1195 1489 1286 1545 Ill.
1331 1491 1583 1558 martyris
1628 1489 1722 1555 tui,
1767 1488 1871 1541 Do-

281 1587 447 1651 mine,
480 1600 578 1639 uos
606 1586 779 1639 oratio
805 1592 986 1638 sancta
1017 1583 1287 1647 conciliet,
1322 1597 1439 1651 qua:
1466 1581 1632 1636 sacris
1660 1578 1871 1634 virtuti-

284 1676 387 1731 bus
420 1677 727 1741 veneranda
755 1675 998 1743 refulget.
1032 1674 1133 1729 l‘er
1164 1674 1444 1727 Dominum
1480 1682 1739 1727 nostrum.

302 1790 323 1810 ι
367 1770 521 1840 158
548 1770 687 1824 Alia.
718 1797 790 1810 ——
820 1770 965 1823 Beati
1014 1770 1263 1839 martyris
1300 1768 1373 1823 tui
1413 1766 1508 1823 Ill.
1539 1778 1837 1835 quaisumut

1975 577 2100 615 nera
2133 571 2279 633 grata
2322 563 2530 631 jejunii,
2576 565 2697 632 quia
2733 573 2858 620 tunc
2906 565 3089 620 eadem
3137 566 3190 621 in
3236 573 3544 624 sanctorum

1975 654 2067 710 Ill.
2116 656 2271 725 digna
2319 660 2826 715 commemoratione
2867 660 3181 734 deferimus,
3228 664 3273 719 si
3303 673 3356 719 et
3399 674 3551 721 actus

1977 750 2186 803 illorum
2218 752 2415 819 pariter
2444 753 2852 821 subsequamur.
2887 754 3008 807 Per.

2051 845 2210 917 159
2256 845 2392 899 Alia.
2418 875 2486 883 ——
2516 844 2718 900 Prtesia
2744 888 2761 915 ,
2813 862 3118 915 qumsnmus
3142 890 3157 913 ,
3213 848 3554 911 omnipotens

1973 933 2137 1000 Deus,
2170 945 2225 988 ut
2256 936 2484 1004 populus
2519 946 2641 990 tuus
2669 936 2733 990 ad
2776 937 2944 1005 plena:
2975 939 3273 993 devotionis
3304 938 3553 996 affectum

1972 1027 2247 1081 beatorum
2276 1039 2567 1098 martyrum
2601 1028 2693 1083 Ill.
2718 1031 2971 1084 natalitiis
2998 1041 3343 1100 praeparetur,
3369 1040 3421 1087 et
3453 1046 3552 1086 eo-

1973 1133 2090 1172 rum
2122 1120 2415 1188 patrocinio
2442 1130 2799 1188 promerente,
2831 1126 3001 1192 plena:
3046 1125 3220 1195 capiat
3248 1123 3554 1179 securitatis

1972 1222 2338 1279 augmentum.
2368 1212 2467 1265 l’er
2500 1212 2807 1267 Dominum.

2044 1301 2183 1356 Alia.
2214 1330 2283 1341 --
2313 1303 2472 1369 Deus,
2498 1305 2589 1375 qui
2626 1320 2723 1360 nos
2749 1320 2922 1360 annua
2951 1307 3226 1362 beatorum
3258 1317 3554 1378 martyrum

1976 1404 2182 1449 tuorum
2220 1394 2310 1449 ιιι.
2357 1397 2610 1452 solemnia
2638 1397 2976 1467 frequentare
3017 1400 3290 1467 concedis,
3336 1412 3550 1469 praesta,

1974 1501 2307 1555 qumsumus,
2359 1498 2415 1541 ιιι
2445 1498 2499 1542 et
2540 1490 2745 1543 devotis
2786 1491 2971 1545 eadem
3017 1492 3284 1546 mentibus
3320 1494 3558 1547 celebre-

1974 1596 2111 1644 mus,
2142 1591 2195 1634 et
2226 1596 2409 1635 eurum
2443 1583 2923 1640 intercessionibus
2950 1583 3283 1653 adjuvemur.
3316 1586 3419 1642 Per
3450 1586 3557 1641 Do-

1973 1671 2174 1725 minuta
2211 1682 2469 1727 nostrum.

2042 1763 2122 1814 Ad
2155 1764 2453 1819 Matutinos.
2480 1795 2549 1804 ——
2576 1766 2736 1833 Deus,
2769 1766 2857 1835 qui
2890 1766 3200 1821 hodiernam
3232 1768 3371 1822 diem
3416 1782 3552 1822 san-

284 1860 531 1926 Domine,
562 1862 806 1930 precibus
833 1862 1167 1931 adjuvemur,
1192 1871 1247 1916 et
1273 1860 1392 1931 ejus
1415 1862 1577 1931 digne
1606 1860 1867 1916 solemnia
1900 1864 1948 1925 Β
1972 1861 2176 1908 ctorum
2209 1866 2421 1910 tuorum
2455 1856 2547 1911 Ill.
2602 1859 2859 1929 martyrio
2905 1860 3254 1925 consecrasti,
3302 1859 3366 1914 da
3398 1859 3555 1914 nobis

278 1955 618 2010 celebrantes
663 1963 755 2010 tuo
804 1954 1003 2013 nomini
1046 1955 1129 2011 fac
1168 1970 1266 2012 nos
1311 1970 1528 2025 semper
1557 1970 1678 2011 esse
1707 1954 1867 2009 devo-

280 2058 388 2104 tos.
417 2047 543 2104 Per.

350 2142 763 2198 Alia.—Beati
814 2147 1063 2216 martyris
1118 2146 1333 2214 tuilu.,
1380 2160 1704 2218 quaesumus,
1763 2146 1870 2202 Do-

280 2236 459 2301 mine,
494 2252 591 2291 nos
630 2234 976 2306 patrocinium
1025 2242 1274 2297 collatum
1308 2258 1412 2298 non
1456 2246 1690 2309 deserat,
1723 2244 1864 2312 quod

279 2327 627 2397 fragilitatem
656 2339 888 2385 nostram
931 2342 986 2387 et
1018 2336 1265 2402 precibus
1294 2344 1505 2391 tueatur
1535 2346 1589 2392 et
1633 2338 1865 2393 meritis.

280 2418 405 2474 Per.

352 2512 493 2565 Alia.
518 2542 591 2555 —-
619 2514 778 2579 Deus,
812 2518 900 2585 qui
941 2526 1177 2572 sanctam
1218 2519 1371 2575 nobis
1422 2519 1582 2590 hujus
1621 2520 1727 2574 diei
1773 2534 1866 2575 so-

286 2602 618 2660 lemnitatem
654 2623 751 2675 pro
787 2612 1300 2665 contuiernnratioue
1338 2612 1477 2665 beati
1508 2613 1761 2683 martyris
1788 2612 1865 2667 tui

282 2694 375 2750 ΙΙΙ.
404 2697 599 2763 fecisti,
646 2702 835 2754 adesto
880 2701 1095 2757 familiae
1142 2713 1249 2757 tua:
1278 2704 1543 2771 precibus,
1596 2716 1647 2760 et
1698 2705 1764 2759 da
1809 2714 1867 2760 ut

280 2792 433 2861 eujus
464 2792 625 2848 hodie
658 2796 789 2849 festa
822 2795 1177 2864 celebramus,
1212 2796 1331 2866 ejus
1368 2799 1573 2853 meritis
1598 2808 1652 2854 et
1702 2800 1865 2855 inter-

272 2885 617 2941 cessionibus
648 2886 980 2956 adjuvemur.
1016 2888 1119 2943 Per
1144 2888 1428 2944 Dominum
1458 2900 1716 2945 uestrum.

351 2975 585 3029 Aiie.—
618 2976 772 3031 Plebs
815 2986 924 3043 tua,
970 2978 1221 3046 Domine,
1270 2979 1438 3035 sancti
1489 2981 1740 3052 martyris
1787 2980 1863 3036 tui

276 3064 373 3120 lu.
411 3079 461 3122 te
508 3069 900 3137 glorificatione
947 3070 1267 3138 magnificet,
1316 3082 1369 3127 et
1414 3073 1602 3127 eodem
1647 3087 1862 3142 semper

272 3171 556 3229 precante,
584 3172 637 3215 te
668 3177 969 3218 mereamur
996 3162 1196 3219 habere
1225 3174 1511 3221 rectorem.
1541 3165 1643 3221 Per
1676 3165 1856 3221 Domi-

276 3269 404 3307 tium
432 3263 695 3309 nostrum.

350 3361 499 3401 mssa
535 3348 690 3417 (594)
737 3363 789 3402 ιω
839 3364 1030 3404 νιςιιιΑ
1080 3364 1421 3406 ριοιιιιοιιυι
1475 3368 1785 3407 ιλιιηιιωι.

354 3438 639 3492 Remorum
686 3448 977 3509 martyrum
1028 3440 1122 3498 Ill.
1175 3454 1221 3495 et
1271 3442 1362 3497 Ill.
1415 3444 1650 3497 natalitia
1695 3460 1861 3500 vene-

278 3528 469 3591 randa,
502 3546 833 3599 quaerimus,
864 3532 1110 3599 Domine,
1145 3534 1380 3589 Ecclesia
1430 3543 1516 3588 tua
1556 3536 1748 3588 devota
1781 3550 1864 3589 su-

274 3622 493 3691 scipiat,
521 3631 579 3678 et
602 3622 695 3679 fiat
720 3640 923 3695 magnae
949 3626 1352 3696 glorificatiouis
1379 3642 1564 3687 arnore
1590 3628 1858 3684 devotior.

277 3713 405 3768 Per.

352 3806 526 3875 Super
547 3809 743 3861 oblata.
770 3838 839 3850 -—
868 3808 992 3865 Haec
1023 3810 1228 3876 Hostia,
1260 3810 1502 3876 Domine,
1531 3823 1859 3879 qumsumus,

278 3901 537 3954 emundet
582 3911 764 3956 nostra
800 3904 1018 3969 delicta,
1067 3913 1122 3960 et
1174 3906 1239 3958 ad
1289 3916 1563 3960 venturam
1606 3904 1864 3959 festivita-

278 4002 388 4045 tem
419 4000 447 4028 ⁸
480 4004 740 4048 tantorum
783 4005 1072 4066 martyrunt
1106 4007 1313 4051 tuorutn
1356 3996 1447 4053 tu.
1486 3998 1862 4054 celebrandam

276 4084 615 4138 Subditomut
647 4086 751 4140 sibi
780 4101 1004 4154 corpora
1036 4100 1351 4157 menteque
1381 4089 1699 4143 sanctificet.
1737 4086 1859 4145 Per.

357 4172 624 4242 Prcefatio.
661 4204 731 4214 —
760 4176 894 4231 Vere
924 4177 1139 4247 diguutn
1189 4188 1241 4232 et
1268 4184 1466 4244 justum
1509 4187 1610 4244 est,
1648 4193 1861 4247 arquum

274 4275 337 4320 et
360 4266 617 4331 salutare,
654 4282 750 4321 uos
782 4269 871 4322 tibi
892 4284 1112 4337 semper
1136 4278 1190 4323 et
1215 4268 1409 4338 ubique
1442 4272 1641 4339 gratias
1673 4285 1857 4336 agere,

276 4357 512 4413 Domine
560 4369 763 4425 sancte,
817 4359 972 4414 Pater
1021 4362 1379 4428 omnipotens,
1431 4374 1631 4416 aeterne
1674 4364 1859 4422 Deus:

274 4452 663 4507 misericordia:
708 4453 885 4521 dator,
936 4464 989 4509 et
1030 4456 1191 4510 totius
1223 4455 1476 4509 bonitatis
1517 4465 1719 4521 auctor,
1772 4459 1861 4527 qui

274 4546 535 4614 jejuniis,
590 4546 918 4601 orationibus
970 4558 1021 4603 et
1078 4548 1451 4618 eleemo-ynis,
1521 4558 1858 4616 peccatorum

1971 1946 2194 2002 salutent
2242 1949 2433 2003 utentis
2458 1960 2511 2006 et
2549 1953 2821 2021 corporis,
2875 1963 2933 2006 ut
2980 1961 3034 2008 et
3072 1953 3280 2008 illorum
3323 1954 3555 2023 pa~sioni

1970 2039 2040 2093 sit
2068 2044 2342 2097 veneratio
2368 2058 2432 2097 ex
2465 2053 2648 2098 nostra
2689 2044 2998 2110 devotione,
3031 2054 3083 2100 et
3114 2046 3267 2101 nobis
3292 2045 3551 2101 auxilium

1979 2137 2257 2205 proveniat
2289 2135 2355 2192 de
2384 2152 2568 2192 eorum
2618 2138 2951 2191 sanctiSsima
2984 2139 3384 2193 intercessione.
3428 2138 3554 2195 Per.

2264 2242 2315 2281 IN
2346 2240 2544 2283 NATALI
2569 2238 2910 2283 Ριυιίιδιοκωι
2940 2244 3251 2285 ΗᾹΗΤἹΜΙΜ.

2038 2321 2389 2388 Omnipotens
2437 2323 2763 2391 sempiterne
2814 2322 2984 2388 Deus,
3032 2324 3123 2393 qui
3177 2338 3269 2392 per
3322 2322 3545 2392 gloriosi

1971 2411 2108 2468 bella
2137 2414 2443 2469 certaminis
2473 2414 2538 2468 ad
2587 2416 2915 2469 immortales
2944 2414 3245 2485 triumphos
3287 2426 3551 2485 martyres

1974 2505 2228 2572 extulisti,
2288 2505 2355 2561 da
2407 2506 2657 2561 cordibus
2707 2507 2905 2563 nostris
2954 2508 3166 2577 dignam
3224 2522 3317 2576 pro
3364 2523 3550 2562 eorum

1968 2600 2473 2653 commemoratione
2529 2598 2796 2666 iretitiam,
2856 2609 2913 2654 ut
2958 2614 3181 2669 quorum
3237 2600 3553 2656 memoriam

1971 2690 2056 2745 nio
2098 2703 2278 2743 amore
2309 2690 2705 2759 amplectimur,
2728 2704 2912 2746 eorum
2941 2691 3189 2761 precibus
3215 2692 3553 2760 adjuvemur.

2042 2782 2210 2852 Super
2240 2784 2431 2837 oblata.
2461 2814 2530 2823 —
2561 2783 2776 2839 Munera
2808 2784 2925 2849 tibi,
2963 2783 3205 2850 Domine,
3238 2794 3434 2839 nostra:
3461 2785 3556 2840 ded

1966 2873 2199 2928 votiouis
2232 2873 2527 2939 offerimus,
2561 2888 2678 2943 qua:
2698 2883 2751 2929 et
2784 2886 2879 2943 pro
2904 2883 3113 2928 tuorum
3143 2875 3234 2929 tibi
3259 2884 3408 2944 grata
3440 2877 3551 2929 sint

1968 2964 2171 3020 hunore
2199 2964 2488 3034 iustorum,
2532 2971 2588 3021 et
2627 2966 2780 3021 nobis
2830 2966 3081 3021 salutaria
3139 2975 3189 3020 te
3234 2966 3550 3034 miserante,

1967 3057 2283 3113 reddantur.
2321 3057 2444 3114 Per.
2790 3052 2793 3055 ⁷

2039 3149 2316 3222 Prwfatio.
2348 3180 2420 3191 —-
2452 3149 2588 3208 Vere
2618 3150 2838 3223 dignum
2881 3160 2933 3207 et
2965 3152 3166 3222 justum
3195 3160 3296 3219 est,
3333 3166 3547 3223 teun

1892 3248 1936 3311 C
1968 3258 2023 3301 et
2052 3244 2306 3311 salutare,
2343 3256 2440 3300 nos
2472 3245 2565 3299 tibi
2595 3258 2807 3315 semper
2837 3254 2891 3301 et
2922 3245 3113 3315 ubique
3138 3246 3336 3315 gratias
3363 3259 3547 3315 agere,

1965 3338 2189 3393 Domine
2238 3346 2446 3405 sancte,
2495 3336 2655 3391 Pater
2707 3338 3067 3404 omnipotens,
3118 3347 3321 3390 aeterne
3353 3337 3542 3391 Deus:

1964 3432 2053 3502 qui
2087 3442 2394 3487 sanctarum
2442 3440 2737 3502 martyrum
2772 3442 2983 3486 tuorum
3016 3434 3101 3499 pia
3140 3431 3436 3487 certamina
3473 3429 3543 3487 ad

1965 3526 2239 3596 copiosam
2291 3527 2538 3595 perducis
2568 3527 2867 3595 victoriam,
2915 3536 3074 3596 atque
3123 3536 3433 3596 perpetuum
3468 3526 3551 3581 eis

1969 3618 2179 3688 largiris
2212 3619 2557 3687 triumphum,
2589 3626 2647 3674 ut
2686 3619 2941 3674 Ecclesia!
2974 3628 3076 3673 tum
3109 3634 3322 3687 semper
3353 3620 3461 3673 sint
3487 3618 3545 3675 in

1965 3712 2310 3780 exemplum;
2352 3721 2545 3779 praista
2581 3711 2755 3779 nobis,
2790 3726 3117 3781 quaesumus,
3143 3722 3201 3765 ut
3242 3726 3333 3779 per
3360 3723 3547 3766 eorum

1967 3805 2430 3868 intercessionem,
2488 3818 2713 3873 quorum
2758 3803 2888 3858 festa
2936 3803 3294 3869 celebramus,
3333 3803 3545 3872 pietatis

1968 3902 2069 3947 tua:
2100 3907 2315 3946 munera
2340 3893 2637 3961 capiamus.
2666 3893 2768 3947 Per
2800 3891 3092 3947 Christum.

2042 3984 2355 4039 Benedictio.
2380 4014 2449 4024 —
2490 3994 2507 4017 '~
2552 3984 2837 4039 Benedicat
2882 3984 3033 4038 vobis
3064 3983 3317 4038 Dominus
3361 3982 3547 4037 beato-

1966 4094 2086 4132 rutn
2122 4090 2413 4147 martyrum
2449 4091 2664 4131 suorum
2695 4074 2787 4129 ιςι.
2822 4076 3114 4143 suffragiis,
3159 4082 3215 4129 et
3260 4076 3449 4128 liberet
3478 4074 3547 4130 ab

1966 4168 2379 4225 adversiuttibus
2426 4170 2654 4224 cunctis.
2688 4171 2879 4223 Amen.
2934 4166 3289 4222 Commendet
3320 4182 3414 4220 vos
3451 4181 3544 4222 eo-

1966 4278 2082 4318 ruut
2115 4263 2427 4318 intercessio
2456 4262 2710 4331 gloriosa,
2740 4274 2965 4330 quorum
3013 4260 3065 4313 in
3106 4270 3397 4329 conspectu
3426 4257 3545 4327 ejus

1967 4365 2050 4412 est
2080 4371 2225 4410 mors
2272 4356 2526 4424 pretiosa.
2570 4356 2765 4409 Amen.
2802 4354 2871 4409 Ut
2918 4354 3057 4406 sicut
3102 4353 3176 4406 illi
3209 4368 3303 4420 per
3331 4352 3543 4407 diversa

1965 4463 2162 4517 genera
2190 4458 2577 4503 tormentorum
2608 4447 2841 4503 etefestis
2886 4445 3034 4516 regni
3075 4456 3197 4500 sunt
3227 4445 3397 4500 sortiti
3432 4444 3540 4499 haz-

1964 4542 2267 4607 reditatem,
2300 4540 2369 4594 ita
2399 4556 2493 4596 vos
2519 4556 2703 4595 eorum
2738 4539 3051 4593 mereantiui
3081 4540 3408 4593 coasortiutn
3444 4552 3537 4607 per

277 4640 521 4693 remedia
552 4649 605 4693 et
632 4639 883 4694 virtutum
915 4640 1154 4695 omnium
1187 4642 1376 4696 tribuis
1408 4644 1772 4709 incrementa;
1806 4654 1857 4699 te

1968 4634 2225 4687 bonorum
2280 4647 2501 4702 operum
2552 4631 2957 4695 exhibitionent.
2997 4628 3189 4686 Amen.
3238 4628 3388 4699 Quod
3427 4630 3543 4699 ipse

274 4730 469 4783 itu-iiii
515 4730 801 4787 devotione
846 4746 1128 4800 precamur
1159 4742 1215 4786 ut
1245 4734 1333 4803 qui
1374 4735 1571 4788 sanctis
1604 4737 1705 4790 tuis
1737 4735 1854 4803 ΙΙΙ..

270 4836 510 4890 quorum
558 4824 687 4876 festa
732 4822 1122 4891 prtcveuimus,
1179 4826 1423 4895 martyrii
1465 4827 1656 4881 dedisti
1704 4842 1857 4882 coro-

272 4926 427 4978 nam,
460 4912 934 4969 intercessionibus
981 4930 1164 4969 eorum
1208 4916 1272 4969 ad
1305 4916 1420 4971 haec
1456 4920 1657 4988 agenda
1703 4920 1859 4977 nobis

274 5006 480 5059 tribuas
510 5006 829 5060 indefessim
874 5006 1186 5063 efficaciam.
1220 5007 1320 5063 Per
1350 5010 1641 5069 Christum.

347 5099 430 5155 Ad
461 5098 848 5168 Compleudum.
872 5128 941 5139 -—
967 5099 1136 5156 Pasce
1182 5116 1303 5168 nos,
1352 5102 1598 5167 Domine,
1647 5112 1855 5158 tuorum

268 5192 485 5260 gaudiis
516 5194 714 5260 ubique
742 5202 1076 5258 saucuiruut,
1123 5193 1244 5260 quia
1291 5203 1488 5246 nostrae
1528 5194 1717 5249 salutis
1763 5210 1862 5250 au-

280 5300 493 5355 gmenta
526 5294 675 5350 sunt,
705 5288 913 5354 quoties
948 5286 1051 5339 illis
1083 5286 1251 5341 honor
1278 5287 1623 5356 impenditur,
1655 5288 1710 5343 in
1740 5289 1858 5360 qui-

276 5380 379 5431 bus
408 5389 465 5430 tu
496 5377 756 5433 mirabilis
796 5378 1124 5447 praedicaris.
1170 5379 1292 5432 Per.

348 5469 517 5539 Super
580 5472 848 5539 populant.
889 5500 957 5509 —-—
1000 5470 1263 5538 Protege,
1326 5472 1591 5541 Domine,
1648 5475 1856 5541 plebem

276 5572 449 5627 tuam,
478 5572 531 5617 et
560 5578 720 5631 quam
771 5572 1062 5632 martyrum
1109 5572 1317 5616 inurunt
1363 5561 1454 5618 Ill.
1496 5567 1707 5619 as~iilua
1757 5570 1855 5622 tri—

274 5655 435 5708 buisti
480 5655 764 5708 festivitate
793 5654 1061 5719 devotam,
1091 5655 1183 5707 tibi
1225 5672 1435 5723 semper
1465 5656 1706 5725 placitam
1741 5659 1856 5715 ﬁeri

278 5747 525 5814 precibus
553 5746 787 5801 concede
810 5740 1099 5815 justorum.
1131 5743 1254 5800 Per.

350 5870 376 5900 ⁸
397 5860 458 5922 lii
484 5862 657 5920 Vatia.
688 5868 744 5921 et
775 5865 1038 5923 Gusunr.
1071 5865 1211 5923 Edit.
1248 5866 1437 5937 legitur
1463 5877 1775 5926 sanctorum.

1963 4733 2217 4795 praestare
2248 4726 2510 4795 dignetur.

2032 4820 2112 4871 Ad
2156 4818 2544 4887 Conipfendunt.
2573 4846 2639 4858 -—
2660 4815 3072 4883 Praestamoliis,
3104 4816 3347 4882 Domine,
3392 4832 3538 4887 qua:-

1961 4926 2165 4979 sumus,
2200 4920 2257 4965 ut
2282 4928 2401 4982 quae
2429 4928 2524 4980 pro
2549 4922 2844 4983 martyrum
2874 4920 3081 4966 tuorum
3110 4909 3205 4967 Ill.
3231 4912 3387 4966 beata
3417 4929 3538 4983 pas-

1963 5008 2114 5061 sione
2144 5007 2469 5075 peregimus,
2518 5006 2758 5073 ipsorum
2790 5005 2943 5059 nobis
2985 5004 3112 5059 fiant
3153 5005 3535 5061 intercessione

1922 5165 1936 5180 _
1966 5099 2240 5163 salutaria,
2272 5098 2323 5152 in
2353 5112 2578 5166 quorum
2620 5097 2875 5151 natalitiis
2906 5106 3031 5153 sunt
3068 5098 3400 5155 exsultanter
3439 5100 3536 5152 im-

1965 5192 2125 5261 pleta.
2158 5191 2259 5245 l’cr
2287 5191 2566 5245 Dominum
2604 5198 2864 5244 ucstrum.

2036 5284 2174 5338 Alia.
2201 5313 2270 5325 —
2297 5284 2645 5354 Omnipotens
2669 5285 2991 5353 sempiterne
3020 5284 3181 5351 Deus,
3213 5284 3301 5356 qui
3326 5281 3380 5336 iu
3411 5297 3539 5336 san-

1964 5388 2169 5433 ctoruut
2221 5388 2427 5430 tuormu
2476 5377 2724 5432 cordibus
2767 5378 3031 5431 flammant
3087 5391 3187 5431 tum
3237 5375 3541 5431 dilectionis

1968 5469 2234 5533 accendis,
2271 5469 2425 5539 160
2453 5468 2517 5523 da
2547 5468 2812 5524 mentibus
2846 5470 3043 5524 nosuis
3072 5468 3309 5524 eamdem
3337 5466 3457 5520 fidei
3488 5460 3541 5521 et

1969 5565 2247 5617 cbaritatis
2278 5565 2551 5627 virtutem,
2584 5572 2639 5617 ut
2662 5580 2885 5633 quorum
2917 5564 3207 5634 gaudemus
3238 5560 3540 5630 triumphis,

1960 5658 2297 5725 proficiamus
2331 5655 2610 5724 exemplis.
2654 5655 2775 5710 Per.

2031 5750 2170 5803 Atia.
2192 5780 2262 5790 —
2293 5749 2371 5804 Ad
2420 5748 2784 5805 defensionem
2815 5746 3070 5813 fidelium,
3105 5746 3347 5814 Domine,
3386 5762 3537 5819 qua:-

2026 5865 2055 5906 δ
2080 5865 2136 5922 in
2160 5862 2599 5933 Benedictionali,
2622 5864 2712 5919 ubi
2735 5860 2851 5919 inec
2868 5859 3133 5931 leguntur,
3154 5858 3413 5919 benedicat
3429 5874 3537 5922 me
