4064 6350
522 358 621 428 167

519 499 725 551 smnus,
749 485 1027 541 dexteram
1048 483 1157 537 tuae
1184 474 1478 552 Maiestatis
1507 480 1757 544 extende,
1790 490 1864 549 et,
1892 488 1954 535 ut
1976 496 2099 551 per—
2129 491 2177 548 Α

521 590 681 648 petua
710 578 921 648 pietatis
943 585 1047 631 tua:
1074 576 1405 644 protectione
1426 573 1755 640 muniantur,
1788 572 2101 627 intercessio

520 684 623 742 pro
650 672 732 726 his
763 686 869 726 non
912 669 1054 725 desit
1088 676 1383 739 martyrum
1410 667 1721 723 continuata
1768 674 2099 721 sanctorum.

519 762 560 818 P
629 804 642 818 .

448 856 484 895 ἀ
564 779 727 909 e:llia.
757 884 826 894 —
849 852 1199 924 Omnipotens
1226 858 1283 908 et
1309 852 1615 907 misericors
1654 851 1817 917 Dens,
1868 848 2101 905 fidelium

519 949 703 1004 lumen
751 948 1079 1015 animarum,
1105 946 1291 1001 adesto
1328 944 1466 1000 votis
1499 944 1851 998 solemnitatis
1886 942 2103 996 hodier-

520 1059 627 1112 nae,
662 1054 715 1099 et
744 1042 999 1099 Ecclesiae
1028 1050 1134 1095 tua:
1160 1038 1363 1111 gaudiis
1388 1038 1457 1093 de
1484 1038 1762 1092 beatorum
1806 1043 2101 1105 martyrum

448 1194 457 1203 λ
527 1132 625 1191 Ill.
674 1134 846 1206 gloria
892 1134 1163 1201 conceptis
1212 1132 1472 1199 benignus
1502 1129 1699 1196 aspira,
1738 1137 1796 1181 ut
1840 1135 1895 1181 et
1940 1124 2102 1180 corda

521 1236 706 1283 nostra
760 1228 1007 1296 passione
1058 1226 1292 1294 ipsorum
1332 1223 1482 1295 (595)
1515 1223 1805 1292 igniantur,
1862 1228 1916 1275 et
1963 1218 2103 1289 apud

520 1316 942 1375 misericordiam
966 1325 1110 1370 tuam
1134 1329 1317 1369 eorum
1337 1314 1588 1383 juvemur
1615 1310 1844 1378 meritis,
1864 1324 2101 1381 quorum

520 1403 817 1472 gaudemus
845 1402 1122 1470 exemplis.
1153 1400 1253 1455 Per
1280 1400 1564 1454 Dominum
1590 1407 1850 1452 nostrum.

595 1498 732 1551 Alia.
759 1525 830 1535 —
853 1493 1123 1562 Concede,
1168 1505 1497 1561 quaesumus,
1561 1489 1900 1557 omnipotens
1936 1489 2101 1554 Deus,

520 1598 578 1643 ut
616 1595 919 1643 sanctorum
952 1592 1245 1655 martyrum
1296 1592 1534 1645 tuorum,
1587 1594 1817 1650 quorum
1865 1579 2107 1635 celebra-

521 1696 644 1737 mus
672 1680 946 1745 victorias,
978 1677 1356 1748 participemus
1392 1684 1447 1731 et
1495 1674 1752 1744 praemiis.
1784 1673 1885 1729 Per
1913 1671 2104 1728 Domi-

520 1789 646 1829 num
671 1782 934 1828 nostrum.

777 1900 829 1939 nv
872 1897 1071 1939 VIGILIA
1112 1895 1267 1937 UNIUS
1298 1879 1451 1953 (596)
1484 1894 1851 1936 CONI‘ESSORIS.

594 1995 841 2052 Concede
869 1995 1045 2059 nobis,
1071 2008 1398 2063 quaesumus,
1427 1993 1767 2061 omnipotens
1788 1990 1951 2055 Deus,
1981 2004 2110 2044 vcn-

519 2101 698 2147 turam
742 2091 883 2145 beati
925 2087 1251 2145 confessoris
1283 2087 1358 2143 tui
1403 2086 1501 2142 Ill.
1556 2087 1948 2143 solemnitatem
1980 2099 2109 2139 con-

519 2204 657 2259 gruo
701 2186 999 2258 praevenire
1049 2186 1273 2249 honore,
1321 2192 1376 2238 et
1415 2183 1721 2238 venientem
1764 2182 1923 2249 digna
1972 2179 2112 2235 cele-

519 2282 677 2337 brare
706 2280 1012 2335 devotione.
1042 2277 1147 2334 Per
1172 2276 1455 2330 Dominum
1484 2286 1749 2329 n05trum.

597 2373 769 2441 Super
799 2371 989 2426 oblata.
1019 2399 1091 2410 —
1117 2371 1350 2438 Accepta
1381 2367 1477 2421 tibi
1506 2368 1593 2430 sit,
1626 2364 1871 2429 Domine,
1901 2372 2103 2418 nostra!

522 2463 825 2519 devotionis
871 2462 1092 2527 oblatio,
1122 2468 1189 2527 ,et
1229 2460 1295 2513 ad
1334 2458 1504 2513 sancti
1543 2456 1866 2512 confessoris
1898 2455 1972 2509 tui
2014 2452 2103 2508 Ill.

519 2553 765 2627 puriores
790 2553 949 2608 faciat
979 2566 1079 2607 nos
1108 2550 1291 2605 venire
1331 2548 1698 2604 festivitatem.
1731 2546 1854 2603 Per.

589 2647 863 2716 Praefatio.
886 2642 1116 2699 -—Vere
1161 2642 1383 2714 dignum
1431 2648 1489 2696 et
1511 2640 1713 2710 justum
1758 2646 1860 2703 est,
1894 2651 2105 2707 aequum

517 2749 575 2799 et
608 2740 863 2806 salutare,
895 2753 995 2794 nos
1024 2736 1119 2793 tibi
1147 2750 1360 2806 semper
1387 2742 1441 2790 et
1470 2734 1667 2803 ubique
1693 2733 1892 2803 gratias
1916 2744 2097 2802 agere,

518 2836 746 2897 Domine
771 2844 974 2901 sancte,
1016 2831 1174 2888 Pater
1204 2827 1568 2899 omnipotens,
1608 2836 1810 2880 aeterne
1840 2823 1981 2878 Deus
2011 2840 2023 2876 :
2054 2830 2110 2877 et

518 2930 853 3002 Majestatem
893 2936 1039 2982 tuam
1095 2922 1407 2994 suppliciter
1448 2932 1697 2986 exorare,
1731 2926 1789 2972 ut
1834 2914 1923 2987 qui
1965 2914 2108 2969 beati

518 3023 609 3079 Ill.
640 3022 965 3079 confessoris
1004 3018 1081 3073 tui
1109 3018 1300 3073 festum
1331 3013 1659 3070 solemnibus
1684 3008 1904 3081 jejuniis
1930 3017 1986 3065 et
2013 3007 2109 3062 de-

517 3120 659 3177 votis
710 3115 1068 3188 praevenimus
1122 3110 1355 3177 officiis,
1396 3108 1536 3164 illius
1585 3106 1726 3178 apud
1773 3105 2108 3176 Majestatem

516 3219 662 3266 tuam
706 3218 764 3263 et
810 3208 1123 3275 adjuvemur
1165 3200 1391 3265 meritis,
1440 3208 1495 3256 et
1539 3198 1871 3254 instruamur
1928 3210 2108 3251 exem-

518 3301 645 3371 plis.
676 3299 798 3354 Per.

588 3420 669 3472 Ad
698 3414 1089 3487 Complendum.
1119 3440 1186 3456 --
1210 3411 1358 3468 Beati
1384 3408 1709 3467 confessoris
1735 3405 1813 3462 tui
1841 3404 1961 3474 Ill.,
1995 3405 2105 3461 Do-

518 3512 688 3575 mine,
734 3507 1001 3577 suffragiis
1039 3512 1316 3569 exoratus,
1349 3509 1597 3573 percepta
1644 3514 1743 3555 nos
1781 3500 2104 3556 sacramenti

518 3604 597 3658 tui
622 3603 822 3656 virtute
850 3599 1097 3654 defende.
1132 3596 1237 3652 Per
1264 3595 1549 3651 Dominum
1588 3601 1853 3648 nostrum.

590 3694 775 3791 Super.
810 3715 1077 3787 pupulum.
1113 3741 1181 3760 ρ·-
1219 3710 1617 3768 Benedictionis
1664 3718 1789 3775 tute,
1833 3708 2056 3763 Domine
2080 3746 2095 3769 ,

514 3814 763 3885 gratiam,
792 3809 1157 3864 intercedente
1183 3814 1370 3861 sancto
1396 3802 1709 3859 confessore
1727 3810 1819 3858 tuo
1844 3800 1961 3869 ιιι..
1986 3816 2105 3855 sus-

520 3907 781 3977 cipiamus
808 3944 824 3969 ,
869 3912 926 3957 ut
969 3900 1120 3971 cujus
1167 3897 1545 3969 praeveniendo
1582 3896 1803 3968 gloriam
1858 3894 2102 3950 celebra-

515 4014 659 4063 mus,
692 3999 809 4067 ejus
845 3991 1193 4063 snpplicando
1219 3990 1477 4047 auxilium
1522 3990 1837 4045 sentiamus.
1870 3987 1973 4041 Per
1998 3986 2103 4041 Do-

513 4091 719 4146 minum
748 4094 1011 4141 nostrum.

492 4208 496 4217 ι
588 4179 669 4234 Ad
697 4176 967 4246 Vesperos.
990 4200 1060 4216 --
1086 4174 1355 4241 Concede,
1386 4186 1715 4245 quaesumus,
1756 4170 2101 4240 omnipotens

512 4273 684 4336 Deus,
716 4276 780 4323 ut
817 4267 884 4321 ad
933 4266 1210 4321 meliorem
1251 4266 1414 4320 vitam
1454 4264 1623 4319 sancti
1654 4260 1980 4318 confessoris
2025 4261 2100 4317 tui

514 4366 611 4427 Ill.
636 4364 877 4435 exempla
902 4376 1000 4418 nos
1024 4368 1332 4431 provocent,
1362 4369 1625 4429 quatenus
1654 4360 1808 4427 cujus
1836 4357 2100 4413 solemnia

514 4463 896 4534 praavenimus,
924 4453 1085 4511 etiam
1118 4462 1266 4508 actus
1294 4451 1583 4518 imitemur,
1624 4456 1680 4505 et
1706 4450 2102 4505 intercessioni-

515 4554 613 4611 bus
642 4552 974 4622 adjuvemur.
1006 4548 1129 4603 Per.

1732 360 1973 426 SANCTl
2010 364 2338 427 GREGORII
2374 365 2591 427 MAGNI

3686 370 3786 432 168

2454 496 2605 537 IISSA
2646 495 2697 536 IN
2735 495 2928 537 ΝΔτΑιι
2977 491 3131 537 υκιυε
3170 493 3538 539 οοκιτεεοιιιε.

2280 574 2698 630 Misericordiam
2731 583 2875 629 tuam
2899 616 2914 641 ,
2959 590 3298 646 quaesumus,
3331 577 3579 643 Domine,
3611 578 3783 647 nobis,

2209 666 2595 723 interveniente
2637 668 2793 723 beato
2844 668 3150 723 confessore
3194 677 3285 723 tuo
3322 668 3444 737 Ill.,
3496 670 3790 727 clementer

2209 759 2485 828 impende,
2512 770 2564 815 et
2592 760 2746 815 nobis
2774 760 3142 830 peccatoribus
3168 760 3335 831 ipsius
3364 761 3652 833 propitiare
3682 765 3791 820 suf-

2209 852 2413 923 fragiis.
2445 855 2566 909 Per.

2282 948 2452 1019 Super
2482 947 2673 1001 oblata.
2701 978 2771 987 —
2797 946 3093 1017 Propitiare
3115 990 3129 1016 ,
3162 960 3487 1016 qumsumus,
3544 948 3788 1013 Domine,

2209 1039 2693 1109 supplicationibus
2722 1039 2942 1106 nostris,
2966 1048 3039 1105 et,
3070 1039 3460 1095 interveniente
3500 1055 3599 1110 pro
3638 1041 3792 1094 nobis

2214 1139 2401 1185 sancto
2432 1130 2521 1184 Ill.
2568 1131 2875 1187 confessore
2917 1142 3025 1197 tuo,
3062 1130 3145 1185 bis
3164 1120 3514 1187 sacramentis
3542 1133 3792 1188 caelesti-

2209 1222 2309 1276 dus
2333 1222 2654 1287 servientes,
2685 1222 2754 1276 ab
2793 1224 2936 1275 omni
2968 1222 3124 1291 culpa
3154 1221 3354 1276 liberos
3387 1237 3507 1277 esse
3534 1222 3793 1287 concede,

2210 1324 2267 1369 ut
2291 1313 2608 1384 purificante
2639 1329 2736 1368 nos
2777 1314 2947 1382 gratia
2980 1324 3088 1377 tua,
3128 1313 3314 1368 iisdem
3341 1315 3532 1383 quibus
3560 1312 3800 1369 famula-

2208 1422 2330 1461 mur
2354 1408 2626 1477 mysteriis
2654 1406 3025 1461 emundcmur.
3060 1405 3181 1460 Per.

2283 1495 2559 1566 Prwfatio.
2588 1524 2659 1536 —
2681 1495 2820 1550 Vere
2862 1494 3079 1563 dignum
3111 1503 3166 1549 et
3203 1494 3406 1565 justum
3435 1505 3553 1565 est,
3581 1512 3796 1569 aetrnum

2209 1597 2264 1643 et
2284 1589 2547 1654 salutare,
2578 1603 2676 1643 nos
2706 1588 2798 1642 tibi
2834 1601 3046 1656 semper
3068 1595 3122 1641 et
3151 1587 3351 1658 ubique
3387 1592 3585 1659 gratias
3613 1606 3799 1659 agere,

2217 1682 2444 1738 Domine
2474 1690 2679 1747 sancte,
2710 1681 2871 1735 Pater
2904 1681 3262 1750 omnipotens,
3291 1690 3491 1737 aeterne
3522 1683 3663 1736 Deus
3697 1698 3708 1732 :
3742 1691 3805 1735 et

2216 1774 2273 1828 in
2316 1774 2414 1827 hac
2451 1774 2558 1839 die,
2591 1788 2752 1844 quam
2804 1775 3033 1828 transitu
3077 1788 3233 1829 sacro
3280 1760 3419 1830 beati
3472 1772 3803 1830 confessoris

2139 1886 2189 1948 Β
2218 1866 2293 1922 tui
2339 1866 2434 1921 Ill.
2491 1866 2852 1933 consecrasti;
2916 1880 3223 1936 quaesumus
3271 1882 3398 1937 ergo
3458 1865 3802 1922 clementiam

2212 1969 2379 2026 tuam,
2410 1968 2465 2015 ut
2508 1962 2602 2016 des
2633 1961 2791 2016 nobis
2822 1961 2965 2016 illam
2996 1962 3144 2031 sequi
3185 1961 3482 2016 doctrinam
3507 1976 3664 2031 quam
3705 1962 3803 2019 ille

2211 2062 2265 2109 et
2290 2055 2456 2109 verbo
2483 2055 2680 2122 docuit,
2708 2064 2763 2109 et
2786 2069 2951 2124 opere
2971 2053 3282 2123 complevit,
3305 2063 3564 2124 quatenus
3590 2068 3687 2108 nos
3705 2055 3807 2108 ad-

2218 2146 2392 2216 juvari
2443 2147 2580 2216 apud
2621 2146 3042 2201 misericordiam
3092 2155 3235 2200 tuam
3280 2154 3335 2201 et
3377 2146 3639 2215 exemplis
3681 2146 3808 2216 ejus

2218 2238 2513 2293 sentiamus
2560 2247 2617 2293 et
2660 2238 2889 2293 meritis.
2934 2237 3037 2293 Per
3064 2236 3336 2292 Christum
3367 2236 3650 2293 Dominum
3695 2252 3804 2293 no-

2209 2337 2379 2383 strum
3122 2372 3133 2381 .

2283 2417 2402 2472 Alia
2454 2416 2990 2486 Prwfalio.—Vere
3042 2418 3260 2489 dignum
3312 2427 3369 2475 et
3417 2418 3621 2486 justum
3674 2428 3804 2490 est,

2211 2524 2421 2579 aquom
2450 2520 2504 2565 et
2528 2511 2783 2578 salutare,
2811 2525 2910 2565 nos
2942 2511 3035 2565 tibi
3059 2526 3273 2581 semper
3293 2519 3348 2567 et
3375 2511 3571 2582 ubique
3596 2513 3802 2582 gratias

2211 2616 2397 2673 agere,
2452 2602 2676 2658 Domine
2723 2614 2946 2671 sancte,
2992 2604 3153 2660 Pater
3189 2605 3548 2675 omnipotens,
3598 2615 3808 2662 aeterne

2220 2676 2363 2752 Deus
2393 2711 2409 2750 :
2442 2706 2496 2751 et
2540 2705 2592 2751 te
2628 2696 2686 2751 in
2731 2705 3039 2752 sanctorum
3070 2705 3285 2753 tuorum
3323 2700 3519 2755 virtute
3560 2698 3807 2769 laudare,

2224 2789 2421 2858 quibus
2449 2802 2547 2858 pro
2577 2788 2781 2844 meritis
2826 2790 2938 2845 suis
2970 2789 3320 2845 beatitudinis
3350 2792 3567 2861 praemia
3608 2801 3810 2847 contu-

2213 2882 2340 2937 listi.
2367 2883 2628 2948 Quoniam
2660 2896 2873 2952 semper
2902 2884 2954 2938 in
2985 2898 3146 2939 manu
3177 2892 3263 2940 tua
3295 2894 3441 2950 sunt,
3471 2895 3529 2941 et
3556 2901 3661 2941 non
3688 2896 3810 2944 tan-

2210 2983 2299 3042 get
2316 2972 2437 3027 illos
2463 2981 2784 3029 tormentum
2806 2974 3014 3041 mortis,
3047 2990 3199 3045 quos,
3230 2984 3281 3031 te
3302 2977 3658 3046 custodiente,
3684 2979 3812 3034 bea-

2212 3063 2457 3119 titudinis
2478 3064 2627 3119 sinus
2649 3064 2978 3131 intercludit,
3001 3067 3090 3121 ubi
3115 3077 3367 3138 perpetua
3387 3083 3601 3139 semper
3620 3085 3752 3125 exsu
3764 3072 3811 3127 l-

2215 3155 2413 3210 tatione
2435 3156 2704 3224 leuantur,
2736 3157 2825 3212 ubi
2853 3159 3016 3215 etiam
3044 3159 3232 3216 beatus
3259 3159 3539 3218 confessor
3562 3172 3685 3218 tuus
3707 3161 3810 3219 Ill.

2132 3264 2180 3326 ο
2212 3245 2445 3302 sociatus
2476 3249 2729 3304 exsultat.
2772 3249 3008 3306 Petimus
3048 3267 3178 3321 ergo
3209 3262 3264 3307 ut
3294 3268 3500 3309 memor
3537 3255 3607 3309 sit
3636 3256 3811 3311 mise-

2212 3341 2410 3396 riarum
2433 3349 2760 3410 nostrarum,
2794 3350 2851 3399 et
2878 3344 2948 3401 de
2991 3353 3081 3399 tua
3104 3346 3466 3401 misericordia
3499 3349 3653 3403 nobis
3686 3349 3810 3404 im-

2212 3442 2387 3504 petret
2414 3433 2761 3491 beatitudinis
2798 3452 2912 3492 suae
2951 3436 3301 3493 consortium.
3330 3437 3435 3495 Per
3462 3438 3763 3498 Christum.

2286 3527 3060 3601 Benedictio.—0mnipotens
3104 3531 3247 3587 Deus
3278 3531 3371 3587 det
3398 3532 3549 3589 vobis
3587 3537 3805 3604 copiam

2210 3620 2620 3690 benedictionis,
2644 3623 2735 3693 qui
2760 3623 2973 3679 beatum
2999 3621 3093 3678 Ill.
3117 3622 3216 3679 sibi
3245 3625 3436 3680 ascivit
3454 3624 3651 3680 virtute
3670 3639 3807 3682 con-

2210 3713 2479 3769 fessionis.
2508 3713 2701 3770 Amen.
2731 3714 2801 3768 Et
2826 3714 2916 3783 qui
2938 3714 3086 3769 illum
3109 3714 3232 3769 fecit
3257 3728 3542 3770 coruscare
3565 3716 3805 3771 miracu-

2208 3803 2295 3868 lis,
2321 3819 2416 3859 vos
2434 3813 2659 3859 exornet
2679 3804 2939 3861 bonorum
2960 3819 3183 3875 operum
3206 3805 3575 3862 incrementis.
3606 3808 3806 3865 Arnen.

2208 3896 2326 3964 Quo
2344 3897 2462 3967 ejus
2485 3906 2539 3953 et
2562 3899 2825 3969 exemplis
2843 3899 3061 3966 eruditi,
3087 3908 3143 3955 et
3169 3900 3550 3957 intercessione
3578 3903 3805 3972 muniti,

2206 3988 2362 4054 cujus
2391 3989 2743 4057 depositionis
2770 3989 2912 4045 diem
2934 3990 3237 4059 celebratis,
3268 3992 3348 4048 illi
3377 3993 3589 4061 possitis
3615 3993 3670 4047 in
3693 4006 3810 4049 caa-

2206 4080 2329 4135 lesti
2376 4082 2598 4152 regione
2645 4081 2887 4152 adiungi.
2939 4084 3132 4139 Amen.
3182 4083 3336 4153 Quod
3384 4084 3501 4154 ipse
3542 4092 3812 4156 praestare

2206 4173 2481 4246 dignetur.

2284 4266 2439 4338 162
2464 4266 2545 4320 Ad
2573 4265 2962 4337 Complendum.
2981 4296 3053 4310 -
3080 4268 3301 4335 Praesta,
3330 4282 3806 4339 quiesumus,om-

2206 4356 2453 4428 nipotens
2499 4357 2673 4428 Deus,
2717 4366 2803 4423 ut,
2857 4358 2925 4413 de
2971 4360 3236 4429 perceptis
3263 4357 3573 4413 muneribus
3598 4360 3807 4427 gratias

2206 4450 2538 4516 exhibentes,
2592 4449 2953 4507 intercedente
3008 4449 3167 4506 beato
3203 4448 3512 4508 confessore
3558 4458 3649 4506 tuo
3676 4449 3803 4518 ιιι..

2207 4542 2462 4599 beneficia
2495 4545 2697 4613 potiora
2735 4558 3029 4599 sumamus.
3060 4543 3181 4599 Per.

587 4648 725 4701 Attia.
751 4672 822 4685 --
848 4639 1119 4704 Concede,
1168 4639 1494 4707 quaesumus,
1545 4633 1887 4704 omnipotens
1930 4634 2092 4702 Deus,
2125 4651 2183 4712 ι)
2280 4636 2450 4705 Super
2471 4637 2736 4705 populum.
2760 4663 2832 4678 -
2864 4636 3035 4692 Aures
3063 4638 3276 4707 pietatis
3306 4647 3429 4704 tuae,
3457 4652 3800 4708 quaesumus,

518 4750 583 4798 ut
623 4740 762 4795 sicut
798 4736 951 4808 131
984 4730 1307 4789 confessoris
1348 4728 1421 4782 tui
1449 4726 1545 4784 Ill.
1594 4726 1823 4797 gloriosa
1868 4726 2103 4781 natalitia

516 4831 895 4904 prmvenimus,
927 4828 1005 4881 sic
1044 4824 1112 4878 ad
1144 4835 1230 4877 tua
1259 4820 1517 4877 beneficia
1540 4818 1897 4891 promerenda
1938 4817 2103 4888 Maje-

518 4936 715 4983 statem
741 4934 883 4977 tuam
910 4934 1005 4990 pro
1027 4916 1182 4973 nobis
1210 4916 1323 4985 ipse
1353 4912 1661 4983 praeveniat.
1695 4912 1816 4968 Per.

587 5019 667 5073 Ad
702 5015 998 5071 Matutinos.
1021 5040 1093 5052 —
1117 5008 1336 5072 Adesto,
1372 5006 1617 5071 Domine.
1653 5005 1849 5076 populo
1874 5013 1984 5069 tuo,
2016 5014 2100 5071 ut,

522 5110 663 5168 bea‘ti
694 5104 1020 5164 confessoris
1050 5102 1123 5157 tui
1154 5100 1250 5161 Ill.
1276 5101 1463 5156 merita
1493 5099 1749 5170 praeclara
1775 5097 2092 5167 suscipiens,

514 5204 582 5260 ad
607 5199 996 5271 impetrandam
1019 5194 1435 5252 misericordiam
1461 5202 1604 5247 tuam
1629 5207 1844 5263 semper
1865 5192 1980 5261 ejus
2007 5206 2100 5261 pa-

512 5294 761 5352 trociniis
804 5293 1085 5365 adjuvetur
1128 5296 1183 5345 et
1227 5286 1452 5344 meritis.
1494 5286 1600 5343 Per
1643 5284 1924 5341 Dominum
1972 5299 2100 5339 nos-

511 5396 680 5446 trum.

591 5484 731 5539 Alia.
759 5513 831 5524 —
853 5480 1105 5551 Absolve,
1137 5493 1463 5551 quaesumus,
1493 5477 1739 5541 Domine,
1768 5485 1974 5530 tuorum
2000 5474 2097 5529 de-

511 5576 638 5633 licta
668 5575 1008 5647 populorum,
1052 5584 1106 5628 et
1134 5589 1163 5627 a
1198 5580 1535 5643 peccatorum
1570 5567 1815 5632 nexibus,
1846 5582 1963 5635 quae
1996 5579 2092 5634 pro

512 5678 696 5721 nostra
746 5666 1028 5736 fragilitate
1072 5662 1476 5724 contraximus,
1524 5658 1887 5713 intercedente
1936 5657 2094 5711 beato

512 5758 822 5815 confessore
869 5768 958 5814 tuo
994 5755 1122 5825 Ill.,
1160 5754 1471 5811 liberemur.
1513 5752 1619 5808 Per
1668 5749 1948 5806 Dominum
1995 5764 2095 5806 no-

513 5860 707 5911 suum.

2210 4730 2455 4798 Domine,
2489 4730 2736 4800 precibus
2766 4732 2966 4787 nostris
2994 4731 3220 4804 inclina,
3252 4740 3310 4787 ut
3336 4732 3426 4802 qui
3451 4739 3806 4803 peccatorum

2208 4833 2514 4880 nostrorum
2566 4822 2790 4894 flagellis
2839 4825 3187 4894 percutimur,
3222 4825 3583 4880 intercedente
3630 4824 3800 4879 beato

2206 4916 2517 4973 confessore
2552 4925 2643 4971 tuo
2691 4916 2809 4983 Ill.,
2858 4917 3217 4972 miserationis
3257 4926 3359 4971 tute
3403 4916 3571 4988 gratia
3600 4916 3804 4972 libere-

2206 5025 2345 5065 mur.
2378 5010 2498 5065 Per.

2276 5102 2419 5158 Alia.
2441 5130 2512 5143 —
2532 5101 2713 5157 Sancti
2745 5101 3070 5158 confessoris
3090 5102 3165 5157 tui
3195 5099 3289 5155 Ill.
3314 5114 3435 5167 nos,
3459 5114 3798 5171 quaesumus,

2206 5192 2451 5255 Domine,
2486 5202 2636 5248 tuere
2666 5193 2952 5263 prasidiis,
2980 5201 3039 5249 ut
3063 5194 3181 5264 ejus
3208 5207 3421 5263 semper
3447 5192 3801 5248 intercessio-

2205 5285 2359 5340 nibus
2386 5283 2725 5355 adjuvemur.
2750 5286 2869 5342 Per.

2276 5380 2509 5432 Alia.—
2537 5378 2739 5435 Adesto
2763 5419 2781 5447 ,
2831 5392 3139 5449 quaesumus
3164 5418 3183 5446 ,
3236 5376 3487 5443 Domine,
3538 5374 3800 5447 precibus

2202 5471 2421 5536 nostris,
2452 5485 2585 5539 quas
2604 5471 2657 5526 in
2684 5472 2853 5526 sancti
2882 5471 3204 5526 confessoris
3227 5472 3302 5527 tui
3325 5469 3416 5525 Ill.
3452 5482 3797 5525 commemo-

2202 5563 2414 5617 ratione
2456 5563 2778 5629 deferimus,
2817 5572 2874 5618 ut
2915 5563 3003 5629 qui
3044 5573 3241 5618 nostra:
3274 5562 3498 5633 iustitiae
3538 5559 3795 5616 fiduciam

2202 5669 2308 5710 non
2337 5656 2624 5719 habemus,
2654 5655 2769 5723 ejus
2794 5656 2881 5722 qui
2913 5652 3006 5708 tibi
3043 5654 3242 5723 placuit
3288 5652 3534 5724 precibus
3564 5650 3786 5720 adjuve-

2201 5762 2343 5805 mur.
2371 5748 2472 5803 Per
2501 5747 2781 5801 Dominum
2818 5754 3080 5801 nostrum.

2272 5840 2893 5907 Alia.—Exsultetnus,
2947 5854 3286 5911 quaesumus,
3339 5840 3583 5907 Domine,
3638 5837 3786 5897 De!!!
