4064 6350
250 382 356 440 169

1467 369 1674 429 LIBER
1710 364 2337 432 SACRAMENTORUM.

3421 377 3526 436 I70

253 501 434 549 noster
461 488 513 545 in
557 486 901 544 solemnitate
941 485 1085 543 beati
1125 483 1452 541 confessoris
1504 484 1579 538 tui
1624 481 1740 549 Ill.,
1781 490 1839 538 ut
1865 483 1916 542 Δ
1943 494 2152 554 runtur,
2203 488 2443 560 ipsorum
2475 489 2635 562 digna
2678 490 3021 563 perﬁciantur
3065 499 3120 551 et
3163 495 3391 553 meritis.
3421 497 3527 556 Per

251 587 369 655 ejus
395 599 548 640 sacra
579 583 815 638 natalitia
846 582 1201 650 celebrantes,
1232 582 1300 636 ad
1324 577 1714 650 impetrandam
1739 578 1839 631 mi-

247 674 604 734 sericordiam
630 682 774 730 tuam
796 688 1012 746 semper
1030 674 1148 745 ejus
1170 673 1478 745 patrociniis
1503 671 1833 740 adjuvemur.

249 768 374 825 Per.

319 859 462 914 Alia.
485 889 556 900 —
577 858 930 928 Omnipotens
955 857 1283 926 sempiterne
1324 856 1462 911 Deus
1482 896 1495 920 ,
1531 855 1616 910 cui
1646 862 1840 911 cuncta

249 951 582 1006 famulantur
607 949 899 1014 elementa,
935 949 1125 1004 exaudi
1159 948 1442 1018 propitius,
1473 946 1841 1003 intercedente

251 1057 351 1111 pro
378 1040 535 1096 nobis
560 1041 871 1094 conlessore
900 1048 992 1093 tuo
1022 1037 1140 1104 Ill.,
1172 1040 1466 1093 orationem
1499 1047 1763 1104 nostram,
1787 1043 1842 1091 et

249 1133 431 1187 tribue
488 1130 642 1186 nobis
697 1129 1121 1186 misericordiam
1175 1139 1349 1196 tuam;
1407 1137 1460 1184 et
1513 1141 1844 1199 quaecunque

251 1224 504 1294 praecipis
537 1233 593 1277 ut
620 1237 860 1294 agamus,
880 1221 994 1292 ipse
1015 1222 1208 1291 adjuva
1229 1231 1286 1277 ut
1306 1221 1530 1293 implere
1549 1221 1840 1291 possimus.

253 1320 359 1374 Per
388 1319 673 1372 Dominum
704 1326 965 1372 nostrum.

327 1410 468 1465 Alia.
494 1439 566 1451 —
587 1409 776 1466 Sancti
799 1408 1121 1463 confessoris
1152 1407 1226 1462 tui
1253 1405 1345 1463 Ill.
1377 1407 1554 1462 tribue
1584 1420 1704 1469 nos,
1728 1406 1846 1460 Do-

255 1503 422 1566 mine,
456 1500 940 1570 supplicationibus
966 1500 1156 1565 foveri,
1189 1509 1242 1553 ut
1271 1498 1426 1566 cujus
1452 1496 1844 1566 depositionem

257 1606 436 1648 annuo
456 1592 794 1647 celebramus
821 1591 1100 1660 obsequio,
1127 1590 1243 1658 ejus
1268 1588 1405 1657 apud
1432 1596 1483 1644 te
1507 1587 1846 1643 intercessio-

258 1687 416 1742 nibus
437 1696 491 1742 et
514 1686 724 1742 meritis
753 1685 1089 1754 adjuvemur.
1117 1683 1238 1738 Per.

405 1794 547 1834 IISSA
587 1794 642 1833 IN
685 1794 886 1834 νωιιυι
925 1793 1272 1833 PLURIMORUH
1311 1790 1705 1833 CONFESSORUH.

1943 579 2227 636 Dominum
2252 593 2514 640 nostrum.

2015 670 2286 744 Prw/alio.
2308 704 2380 716 —-
2399 675 2539 732 Vere
2568 675 2783 747 dignum
2807 685 2859 733 et
2886 678 3087 749 justum
3117 690 3218 746 est,
3243 697 3453 752 aequum
3473 689 3530 738 et

1943 765 2197 831 salutare,
2222 781 2317 821 nos
2337 767 2430 823 tibi
2461 782 2672 838 semper
2693 779 2747 824 et
2773 769 2970 840 ubique
2988 772 3186 840 gratias
3215 788 3395 844 agere,
3423 775 3531 830 Do-

1943 859 2089 913 mine
2110 868 2314 925 sancte,
2341 860 2496 916 Pater
2519 863 2876 932 omnipotens,
2902 874 3101 920 aeterne
3129 865 3268 921 Deus
3301 887 3315 922 :
3341 875 3396 924 et
3419 868 3533 924 Ma-

1939 949 2190 1018 jestatem
2225 961 2368 1008 tuam
2393 954 2617 1022 supplici
2645 955 2932 1012 devotione
2971 972 3213 1027 exorare,
3258 967 3316 1014 ut
3338 960 3532 1018 beato-

1944 1054 2062 1096 rum
2104 1043 2469 1098 confessorum
2517 1055 2726 1100 tuorum
2771 1046 2894 1115 Ill.,
2937 1065 3160 1119 quorum
3210 1051 3370 1107 hodie
3396 1052 3532 1109 festa

1945 1133 2308 1197 celebramus,
2335 1136 2556 1190 obtentu
2588 1151 2890 1194 mereamur
2919 1148 3068 1194 tuum
3096 1140 3341 1198 obtinere
3367 1143 3534 1200 auxi-

1945 1225 2097 1283 lium.
2127 1227 2229 1284 Per
2259 1228 2552 1284 Christum.

2019 1319 2140 1372 Alia
2197 1319 2723 1390 Pramum—Vere
2773 1322 2989 1394 dignum
3048 1335 3102 1380 et
3149 1326 3352 1395 justum
3407 1333 3533 1397 cst,

1948 1427 2160 1481 aequum
2183 1420 2237 1467 et
2266 1413 2522 1480 salutare,
2557 1429 2654 1469 nos
2682 1415 2776 1470 tibi
2802 1431 3015 1484 semper
3038 1425 3093 1472 et
3121 1419 3314 1486 ubique
3336 1418 3537 1491 gratias

1949 1518 2133 1571 agere,
2182 1503 2406 1558 Domine
2462 1516 2664 1568 sancte.
2721 1508 2879 1562 Pater
2918 1510 3276 1579 omnipotens,
3331 1521 3534 1568 aeterne

1949 1594 2092 1649 Deus
2121 1612 2134 1647 :
2167 1603 2219 1650 et
2251 1605 2300 1650 te
2328 1595 2379 1650 in
2409 1604 2621 1651 tuorum
2652 1598 2856 1653 honore
2878 1608 3181 1654 sanctorum
3211 1600 3304 1654 Ill.
3338 1602 3539 1669 gloriﬁ-

1951 1700 2095 1752 care,
2134 1687 2222 1756 qui
2254 1696 2307 1740 et
2331 1687 2435 1742 illis
2458 1703 2553 1756 pro
2580 1691 2888 1744 certaminis
2918 1691 3216 1745 constantia
3247 1691 3538 1746 beatitudi4

1955 1793 2078 1832 nem
2108 1778 2345 1833 tribuisti
2375 1781 2784 1848 sempiternam,
2818 1789 2872 1836 et
2911 1781 3203 1836 inﬁrmitati
3233 1789 3430 1836 nostrae
3458 1790 3538 1837 ta-

330 1874 618 1927 Beatorum
649 1873 1016 1928 confessorum
1050 1881 1263 1927 tuorum
1285 1913 1300 1937 ,
1335 1871 1578 1938 Domine,
1610 1871 1703 1925 Ill.
1749 1884 1846 1925 na-
1873 1874 1922 1935 B
1950 1869 2023 1924 lia
2050 1871 2341 1939 praestitisti
2366 1871 2641 1942 suffragia,
2668 1889 2786 1942 quae
2810 1889 2904 1942 pro
2926 1889 3112 1929 eorum
3133 1875 3339 1929 meritis
3363 1873 3539 1943 possis

255 1964 424 2018 talitia
455 1975 778 2032 praeeuntes,
807 1965 1080 2034 supplices
1110 1973 1163 2019 te
1190 1978 1462 2033 rogamus,
1497 1972 1551 2018 ut
1572 1976 1705 2029 quos
1731 1977 1843 2018 cce-

251 2057 376 2111 lesti
402 2057 574 2127 gloria
601 2056 922 2127 sublimasti,
943 2058 1045 2112 tuis
1069 2057 1258 2114 adesse
1283 2057 1548 2113 concedas
1572 2056 1843 2112 ﬁdelibus.

249 2148 381 2204 Per.

335 2240 512 2309 Super
555 2239 1206 2308 oblata.—Sacriﬁcium,
1251 2239 1499 2307 Domine,
1558 2239 1699 2310 quod
1750 2253 1850 2310 pro

252 2331 437 2386 beatis
476 2331 872 2386 confessoribus
917 2331 1021 2387 tuis
1066 2332 1163 2388 Ill.
1213 2331 1368 2388 offert
1397 2338 1579 2386 nostra
1608 2331 1846 2400 devotio,

253 2439 450 2478 eorum
481 2424 690 2479 meritis
717 2434 911 2495 augeat
939 2425 1118 2490 nobis,
1161 2433 1214 2482 te
1241 2424 1496 2491 donante,
1518 2423 1848 2493 suffragium.

256 2517 382 2572 Per.

336 2613 871 2686 Prwfatio.—-Vere
899 2617 1116 2687 dignum
1146 2626 1202 2673 et
1239 2617 1444 2688 justum
1488 2626 1605 2684 est,
1643 2632 1853 2686 aequum

259 2715 318 2761 et
345 2706 608 2771 salutare,
641 2721 742 2762 nos
773 2707 864 2763 tibi
893 2721 1105 2778 semper
1135 2716 1188 2762 et
1209 2708 1404 2777 ubique
1429 2709 1632 2777 gratias
1669 2722 1853 2778 agere,

261 2798 490 2852 Domine
540 2807 746 2865 sancte,
798 2799 958 2854 Pater
1003 2797 1364 2867 omnipotens,
1412 2806 1613 2852 aeterne
1666 2797 1850 2851 Deus:

258 2897 576 2942 sanctorum
624 2898 838 2943 tuorum
865 2887 960 2942 Ill.
991 2889 1386 2944 solemnitatem
1417 2888 1812 2957 praevenientes
1832 2928 1850 2956 ,

259 2983 506 3038 concede
557 2983 837 3051 propitius,
870 2991 929 3038 ut
957 2982 1048 3053 qui
1077 2982 1238 3038 donis
1266 2982 1372 3036 tuis
1419 2982 1490 3036 ita
1527 2982 1858 3036 exstiterunt

259 3073 515 3144 gloriosi,
553 3074 693 3142 apud
735 3082 788 3130 te
815 3074 1015 3130 nostris
1053 3074 1294 3129 existant
1330 3072 1638 3129 nominibus
1679 3072 1859 3127 idonei

261 3166 683 3224 interventores.
717 3168 822 3224 Per
848 3166 1140 3224 Christum.

1947 1960 2132 2017 audire
2156 1962 2459 2032 dignanter.
2490 1963 2593 2018 Per
2621 1964 2912 2022 Christum.

2021 2061 2046 2087 ιι
2076 2051 2793 2111 Benedictio.—Snnctorum
2815 2071 3036 2112 suorum
3054 2073 3152 2112 con
3163 2059 3422 2114 fessorum
3443 2056 3540 2116 Ill.

1951 2146 2158 2201 meritis
2187 2162 2282 2202 vos
2314 2148 2568 2205 Dominus
2610 2151 2770 2205 faciat
2811 2151 3087 2217 benedici,
3122 2160 3177 2207 et
3216 2161 3402 2206 contra
3443 2149 3543 2206 ad-

1950 2251 2102 2292 versa
2134 2239 2312 2293 omnia
2343 2255 2527 2294 eorum
2558 2241 2941 2296 intercessione
2967 2241 3185 2297 muniri.
3209 2242 3403 2296 Amen.
3435 2239 3542 2295 Eo-

1952 2345 2072 2386 rum
2096 2331 2294 2386 efﬁciat
2315 2331 2565 2402 sulfragio
2593 2333 2794 2402 felices,
2819 2349 3045 2404 quorum
3071 2333 3376 2389 festivitatis
3396 2333 3542 2388 diem

1953 2420 2236 2476 celebratis
2298 2430 2540 2488 ovantes.
2600 2425 2793 2479 Amen.
2859 2425 2975 2491 Quo
3027 2440 3212 2479 eorum
3272 2425 3545 2480 imitantes

1962 2512 2208 2582 exempla
2234 2553 2251 2578 ,
2286 2514 2354 2567 ad
2386 2515 2624 2570 coelestia
2671 2515 2955 2585 pervenire
2992 2516 3210 2586 possitis
3255 2516 3543 2586 promissa.

1956 2603 2151 2657 Amen.
2183 2602 2333 2669 Quod
2363 2605 2478 2672 ipse
2508 2613 2763 2674 praestare
2792 2606 3064 2676 dignetur.

2037 2693 2195 2764 164
2221 2695 2301 2747 Ad
2333 2693 2723 2762 Complendum.
2747 2726 2819 2738 —
2841 2698 2910 2752 Et
2935 2697 3185 2752 natalitiis
3207 2705 3536 2769 sanctorum,

1959 2783 2207 2848 Domine,
2233 2793 2285 2838 et
2304 2787 2626 2840 sacramenti
2649 2802 2869 2842 munere
2892 2789 3140 2857 vegetati,
3158 2801 3463 2857 quaesumus
3484 2796 3545 2841 ut

1959 2871 2116 2927 bonis
2145 2874 2334 2944 quibus
2384 2889 2479 2943 per
2523 2884 2664 2930 tuam
2707 2878 2930 2946 gratiam
2961 2893 3103 2932 nunc
3146 2876 3392 2932 fovemur
3417 2891 3542 2946 per-

1963 2966 2204 3020 fruamur
2229 2965 2465 3020 teternis.
2501 2964 2604 3021 Per
2634 2967 2915 3022 Dominum
2956 2977 3222 3022 nostrum.

2035 3060 2205 3131 Super
2239 3061 2506 3130 papulum.
2528 3089 2599 3100 ——
2619 3053 2843 3124 'Adesto,
2892 3061 3134 3127 Domine,
3179 3062 3426 3130 precibus
3455 3077 3551 3132 po-

1963 3151 2074 3220 puli
2105 3152 2180 3205 tui
2221 3165 2342 3205 cum
2373 3161 2677 3207 sanctorum
2709 3152 2801 3205 Ill.
2835 3152 3133 3222 patrocinio
3171 3152 3549 3224 supplicantis,

344 3259 502 3329 163
533 3260 611 3312 Ad
642 3258 1035 3330 Complendum.
1057 3260 1480 3328 —-Qutesumus,
1503 3257 1749 3323 Domine,
1779 3269 1855 3312 sa-

1968 3251 2028 3297 ut
2055 3242 2197 3313 quod
2226 3243 2436 3312 propria
2470 3244 2660 3299 ﬁducia
2693 3258 2796 3298 non
2828 3243 3108 3319 praesumit
3142 3244 3553 3314 suffragantium

263 3351 532 3406 lularibus
581 3352 774 3422 repleti
802 3353 1090 3424 mysteriis,
1124 3362 1182 3407 ut
1209 3367 1435 3422 quorum
1465 3351 1862 3409 solemnitatem

266 3442 546 3511 praeimus.
576 3457 760 3498 eorum
790 3443 1122 3498 orationibus
1149 3444 1488 3513 adjuvemur.
1517 3443 1640 3499 Per.

344 3535 519 3602 Super
545 3535 814 3604 populum.
837 3565 908 3576 —
929 3535 1220 3602 Conserva,
1252 3549 1583 3604 quaesumus,
1613 3535 1859 3602 Domine,

269 3623 530 3678 familiam
561 3635 736 3689 tuam,
781 3633 837 3679 et
866 3624 1301 3679 benedictionum
1351 3633 1563 3678 tuarum
1595 3623 1861 3694 propitius

267 3718 521 3774 ubertate
565 3717 807 3785 puriﬁca,
854 3724 914 3771 ut
956 3730 1052 3786 per
1095 3716 1538 3771 intercessionem
1580 3716 1862 3770 beatorum

267 3811 650 3865 confessorum
693 3817 904 3864 tuorum
943 3807 1037 3863 Ill.
1079 3817 1132 3863 et
1159 3809 1554 3864 "eruditionibus
1585 3808 1689 3862 tuis
1716 3823 1863 3862 sem-

271 3919 372 3974 per
397 3903 803 3972 multiplicetur,
834 3911 885 3956 et
918 3901 1092 3957 donis.
1118 3901 1221 3957 Per
1243 3903 1527 3957 Dominum
1559 3913 1822 3957 nostrum.

347 3997 488 4051 Alia.
507 4025 580 4037 —
604 3994 930 4065 Propitiare,
962 3995 1271 4050 misericors
1302 3995 1443 4050 Deus
1466 4036 1482 4061 ,
1515 3996 1863 4064 supplicatio-

271 4087 433 4143 nibus
466 4086 687 4153 nostris,
713 4095 770 4142 et
790 4086 1040 4155 populum
1076 4094 1222 4140 tuum
1255 4085 1498 4156 pervigili
1529 4088 1864 4156 protectioue

267 4183 522 4249 custodi,
552 4191 612 4237 ut
657 4182 750 4252 qui
788 4182 1067 4238 beatorum
1108 4181 1478 4238 confessorum
1526 4191 1738 4238 tuorum
1769 4183 1862 4239 Ill.

269 4273 537 4327 solemnia
570 4274 943 4340 praevenimus,
965 4273 1171 4328 tribuas
1199 4273 1354 4328 nobis
1377 4289 1442 4328 ex
1473 4288 1658 4328 eorum
1691 4275 1870 4329 imita-

271 4363 426 4417 tione
470 4376 726 4432 prospera
766 4363 949 4417 mundi
990 4362 1301 4433 despicere,
1345 4371 1400 4418 et
1441 4361 1582 4416 nulla
1623 4363 1739 4432 ejus
1770 4365 1868 4418 ad-

273 4466 435 4507 versa
469 4451 784 4508 formidare.
814 4452 939 4508 Per.

352 4546 785 4613 Alia.-—Deus,
835 4546 927 4616 qui
983 4546 1168 4602 beatos
1213 4544 1552 4602 confessores
1600 4557 1720 4601 tuos
1773 4544 1865 4602 Ill.

1966 3335 2175 3390 meritis
2198 3343 2574 3403 consequatur.
2605 3334 2731 3391 Per.

2035 3426 2270 3480 Alia.——
2326 3427 2754 3496 Magniﬁcantes,
2809 3427 3076 3495 Domine,
3126 3428 3552 3485 misericordiam

1964 3522 2108 3569 tuam
2135 3514 2447 3584 suppliciter
2469 3531 2754 3571 exoramus
2780 3525 2836 3570 ut
2858 3517 2946 3586 qui
2976 3531 3072 3571 nos
3094 3527 3402 3572 sanctorum
3433 3526 3554 3574 tuo-

1964 3622 2082 3662 rum
2110 3606 2478 3675 frequentibus
2508 3606 2637 3661 facis
2669 3607 2922 3662 natalitiis
2965 3609 3245 3675 interesse,
3279 3612 3550 3680 perpetuis

1966 3697 2170 3751 tribuas
2197 3696 2460 3752 interesse
2487 3699 2791 3753 consortiis.
2825 3699 2950 3753 Per.

2035 3788 2174 3841 Alia.
2199 3816 2270 3828 —
2292 3787 2364 3842 Da
2396 3787 2570 3852 nobis,
2602 3788 2941 3858 omnipotens
2963 3789 3127 3856 Deus,
3161 3791 3213 3844 in
3243 3798 3550 3844 sanctorum

1966 3890 2180 3937 tuorum
2228 3889 2283 3937 te
2329 3896 2542 3949 semper
2589 3885 3099 3937 commemoratione
3145 3883 3384 3947 laudare,
3427 3881 3555 3952 quia

1966 3973 2209 4028 refovere
2253 3970 2465 4027 curabis
2512 3984 2647 4039 quos
2696 3973 2749 4025 in
2797 3972 3000 4026 honore
3052 3980 3144 4026 tuo
3196 3986 3550 4043 perseverare

1966 4067 2237 4122 concedis.
2272 4066 2373 4120 Per
2404 4065 2684 4119 Dominum
2717 4073 2979 4118 nostrum.

2043 4159 2178 4213 Alia.
2206 4187 2273 4201 -—
2297 4158 2614 4214 Sanctorum
2636 4166 2846 4211 tuorum
2872 4156 2988 4223 Ill.,
3019 4156 3262 4223 Domine,
3289 4157 3556 4230 suffragiis

1970 4249 2344 4319 imploramus,
2373 4258 2431 4303 ut
2456 4263 2485 4302 a
2514 4249 2717 4303 cunctis
2746 4248 3037 4304 liberemur
3059 4249 3297 4304 offensis.
3319 4250 3422 4305 Per
3444 4251 3552 4306 Do-

1971 4343 2173 4395 minum
2205 4351 2470 4395 nostrum.

2041 4433 2178 4487 Alia.
2213 4463 2280 4472 ——
2313 4431 2516 4486 Exaudi
2571 4445 2700 4494 nos,
2760 4433 3098 4500 omnipotens
3147 4442 3202 4487 et
3249 4432 3555 4488 misericors

1976 4527 2136 4591 Deus,
2165 4534 2216 4580 et
2246 4535 2551 4581 sanctorum
2585 4533 2794 4579 tuorum
2823 4539 2921 4580 nos
2955 4524 3151 4595 ubique
3181 4533 3333 4581 tuere
3364 4527 3552 4596 praesi-

276 4646 591 4693 sanctorum
622 4646 835 4692 tuorum
861 4615 1071 4692 meritis
1092 4636 1404 4706 coaequasti,
1431 4637 1496 4690 da
1524 4637 1675 4692 nobis
1699 4638 1752 4692 in
1778 4653 1868 4692 eo-
1897 4622 1951 4681 D
1973 4615 2094 4670 ἀίίε·
2127 4616 2248 4670 Per-

277 4745 400 4785 rum
429 4729 742 4784 celebritate
771 4729 1026 4798 gaudere,
1059 4739 1116 4783 ut
1142 4743 1367 4798 quorum
1399 4728 1869 4784 commemoratio-

279 4837 404 4877 nem
435 4822 664 4891 agimus,
695 4834 880 4875 eorum
907 4819 1208 4874 imitatione
1239 4818 1597 4886 proﬁciamus,
1621 4827 1678 4873 et
1706 4819 1874 4873 inter-

279 4913 624 4968 cessionibus
651 4911 1012 4966 sublevemur.
1045 4911 1147 4965 Per
1176 4909 1460 4965 Dominum
1505 4919 1745 4964 nostrum
1773 4909 1876 4967 Je-

284 5020 406 5059 sum
437 5004 736 5058 Christum.

533 5133 586 5172 tu
622 5117 816 5172 NA'I'ALi
854 5130 1196 5172 rLuntuonuu
1234 5129 1628 5171 consessonuu.

366 5235 604 5299 Praesta,
650 5233 893 5300 Domino,
923 5247 1252 5307 quaesumus,
1281 5244 1340 5287 ut
1384 5234 1523 5287 sicut
1564 5239 1874 5288 sanctorum

293 5337 508 5382 tuorum
532 5323 626 5378 Ill.
656 5339 753 5379 nos
773 5325 1010 5379 natalitia
1030 5324 1351 5379 celebranda
1375 5338 1480 5378 non
1505 5323 1777 5389 deserunt,
1806 5325 1878 5379 ita

289 5419 490 5488 jugiter
518 5417 784 5487 suffragiis
805 5420 1144 5472 comitentur.
1177 5418 1299 5472 Per.

369 5507 540 5575 Super
561 5509 751 5562 oblata.
775 5537 844 5547 —
864 5507 1101 5574 Munera,
1126 5507 1370 5572 Domine,
1394 5506 1563 5576 plebis
1585 5516 1711 5575 tua),
1737 5524 1881 5578 qua:-

294 5615 503 5664 sumus,
527 5601 801 5656 beatorum
830 5601 1196 5656 confessorum
1221 5608 1430 5656 tuorum
1459 5601 1552 5657 Ill.
1586 5603 1713 5657 ﬁant
1732 5613 1880 5672 grata

296 5690 590 5761 suffragiis,
623 5703 676 5746 et
707 5707 804 5761 pro
825 5706 1049 5762 quorum
1083 5692 1369 5762 triumphis
1401 5703 1491 5748 tuo
1520 5695 1718 5747 nomini
1750 5693 1879 5748 offe-

2050 4730 2188 4783 Alia.
2212 4757 2280 4768 -—
2305 4728 2520 4794 Tribue,
2551 4743 2883 4798 quaesumus,
2919 4727 3162 4793 Domine,
3197 4737 3409 4783 sanctos
3438 4736 3563 4787 tuos

1977 4823 2175 4892 jugiter
2204 4836 2362 4876 orare
2405 4837 2500 4889 pro
2548 4822 2734 4888 nobis;
2782 4832 2839 4876 et
2886 4836 3099 4890 semper
3127 4836 3220 4876 eos
3264 4823 3561 4881 clementer

1982 4912 2218 4982 digneris
2242 4913 2447 4966 audire.
2474 4912 2578 4967 Per
2609 4912 2890 4967 Dominum
2916 4920 3178 4966 nostrum.

2052 5002 2286 5056 Alia.—
2311 5000 2492 5058 Sancti
2537 5001 2648 5066 tui,
2689 5015 3024 5070 quaesumus,
3071 5003 3324 5070 Domine,
3367 5007 3562 5076 jugiter

1980 5097 2137 5154 nobis
2167 5111 2199 5152 a
2227 5104 2278 5151 te
2307 5105 2358 5150 et
2389 5095 2598 5150 veniam
2629 5095 2919 5163 postulent,
2947 5105 2998 5151 et
3031 5096 3350 5164 profectum.
3384 5102 3503 5155 Per.

2473 5224 2527 5264 IN
2564 5223 2762 5265 VIGILIA
2799 5224 3074 5265 VIRGINUM.

2057 5326 2267 5383 Sanctae
2298 5323 2553 5394 martyris
2577 5332 2680 5379 tua:
2708 5322 2802 5380 Ill.
2825 5362 2841 5390 ,
2872 5324 3132 5394 Domine,
3165 5322 3563 5396 supplicationi-

1984 5420 2084 5476 bus
2112 5418 2285 5473 tribue
2305 5431 2403 5472 nos
2427 5416 2621 5486 foveri,
2648 5424 2709 5471 ut
2733 5417 2894 5488 cujus
2922 5419 3286 5475 venerabilem
3313 5413 3564 5470 solemni.

1986 5521 2146 5566 tatem
2180 5511 2540 5580 praevenimus
2579 5509 2869 5580 obsequio,
2925 5511 3045 5579 ejus
3095 5505 3563 5565 intercessionibus

1988 5601 2425 5658 commendemur
2453 5610 2508 5657 et
2532 5602 2753 5658 meritis.
2785 5603 2887 5657 Per
2916 5602 3208 5657 Christum.

2059 5693 2228 5763 Super
2299 5693 2590 5747 oblata.-—-
2631 5694 2940 5748 Muneribus
3001 5692 3236 5758 nostris,
3303 5687 3565 5758 Domine,

375 5837 396 5863 ο
422 5827 615 5882 Iisdem
642 5825 822 5880 verbis
852 5828 1077 5882 habetur
1101 5827 1156 5881 in
1186 5828 1607 5886 Benedictionali
1652 5846 1749 5903 pro
1784 5835 2063 5892 nativitate
2095 5834 2446 5905 plurimorum
2480 5833 2872 5890 confessorum.

631 5923 903 5983 PATBOL.
949 5921 1292 5984 LXXVI“.

3171 5926 3211 5983 6
