  <div class='ocr_page' id='page_1' title='image "/cluster/home/n/w/nwhite01/storage/ocr_20150623/78/hvd.32044015469406/093.png"; bbox 0 0 4064 6350; ppageno 0'>
   <div class='ocr_carea' id='block_1_1' title="bbox 539 402 637 463">
    <p class='ocr_par' dir='ltr' id='par_1_1' title="bbox 539 402 637 463">
     <span class='ocr_line' id='line_1_1' title="bbox 539 402 637 463; baseline -0.041 -1"><span class='ocrx_word' id='word_1_1' title='bbox 539 402 637 463; x_wconf 74' lang='grc'><strong>171</strong></span> 
     </span>
    </p>
   </div>
   <div class='ocr_carea' id='block_1_2' title="bbox 1737 386 2598 453">
    <p class='ocr_par' dir='ltr' id='par_1_2' title="bbox 1737 386 2598 453">
     <span class='ocr_line' id='line_1_2' title="bbox 1737 386 2598 453; baseline -0.002 -1"><span class='ocrx_word' id='word_1_2' title='bbox 1737 391 1981 453; x_wconf 75' lang='lat' dir='ltr'><strong>SANC&#39;l‘l</strong></span> <span class='ocrx_word' id='word_1_3' title='bbox 2021 386 2350 449; x_wconf 70' lang='lat' dir='ltr'><strong>GREGORH</strong></span> <span class='ocrx_word' id='word_1_4' title='bbox 2382 392 2598 450; x_wconf 72' lang='lat' dir='ltr'><strong>MAGNI</strong></span> 
     </span>
    </p>
   </div>
   <div class='ocr_carea' id='block_1_3' title="bbox 3690 404 3789 463">
    <p class='ocr_par' dir='ltr' id='par_1_3' title="bbox 3690 404 3789 463">
     <span class='ocr_line' id='line_1_3' title="bbox 3690 404 3789 463; baseline 0 0"><span class='ocrx_word' id='word_1_5' title='bbox 3690 404 3789 463; x_wconf 75' lang='grc' dir='ltr'><strong>ιη</strong></span> 
     </span>
    </p>
   </div>
   <div class='ocr_carea' id='block_1_4' title="bbox 541 499 3791 587">
    <p class='ocr_par' dir='ltr' id='par_1_4' title="bbox 541 499 3791 587">
     <span class='ocr_line' id='line_1_4' title="bbox 541 499 3791 587; baseline 0.003 -17"><span class='ocrx_word' id='word_1_6' title='bbox 541 521 741 572; x_wconf 76' lang='lat' dir='ltr'><strong>sancite</strong></span> <span class='ocrx_word' id='word_1_7' title='bbox 784 512 877 568; x_wconf 87' lang='lat' dir='ltr'><strong>Ill.</strong></span> <span class='ocrx_word' id='word_1_8' title='bbox 907 499 1160 583; x_wconf 73' lang='lat' dir='ltr'><strong>martyris</strong></span> <span class='ocrx_word' id='word_1_9' title='bbox 1200 516 1305 566; x_wconf 69' lang='lat' dir='ltr'><strong>tuae</strong></span> <span class='ocrx_word' id='word_1_10' title='bbox 1334 509 1466 566; x_wconf 81' lang='lat' dir='ltr'><strong>festa</strong></span> <span class='ocrx_word' id='word_1_11' title='bbox 1496 507 1866 581; x_wconf 79' lang='lat' dir='ltr'><strong>praecedimus,</strong></span> <span class='ocrx_word' id='word_1_12' title='bbox 1915 517 2107 580; x_wconf 65' lang='lat' dir='ltr'><strong>praesta</strong></span> <span class='ocrx_word' id='word_1_13' title='bbox 2137 508 2404 571; x_wconf 72' lang='lat' dir='ltr'><strong>Amundi</strong></span> <span class='ocrx_word' id='word_1_14' title='bbox 2445 510 2602 579; x_wconf 83' lang='lat' dir='ltr'><strong>hujus</strong></span> <span class='ocrx_word' id='word_1_15' title='bbox 2650 510 2873 568; x_wconf 86' lang='lat' dir='ltr'><strong>adversa</strong></span> <span class='ocrx_word' id='word_1_16' title='bbox 2923 513 3075 571; x_wconf 87' lang='lat' dir='ltr'><strong>nobis</strong></span> <span class='ocrx_word' id='word_1_17' title='bbox 3123 523 3339 587; x_wconf 78' lang='lat' dir='ltr'><strong>praestet</strong></span> <span class='ocrx_word' id='word_1_18' title='bbox 3368 518 3640 576; x_wconf 83' lang='lat' dir='ltr'><strong>auxilium.</strong></span> <span class='ocrx_word' id='word_1_19' title='bbox 3690 522 3791 579; x_wconf 86' lang='lat' dir='ltr'><strong>Per</strong></span> 
     </span>
    </p>
   </div>
   <div class='ocr_carea' id='block_1_5' title="bbox 542 610 2112 675">
    <p class='ocr_par' dir='ltr' id='par_1_5' title="bbox 542 610 2112 675">
     <span class='ocr_line' id='line_1_5' title="bbox 542 610 2112 675; baseline -0.002 -18"><span class='ocrx_word' id='word_1_20' title='bbox 542 618 848 675; x_wconf 71' lang='lat' dir='ltr'><strong>quaesumus</strong></span> <span class='ocrx_word' id='word_1_21' title='bbox 898 610 955 656; x_wconf 93' lang='lat' dir='ltr'><strong>ut</strong></span> <span class='ocrx_word' id='word_1_22' title='bbox 1009 617 1126 671; x_wconf 85' lang='lat' dir='ltr'><strong>quae</strong></span> <span class='ocrx_word' id='word_1_23' title='bbox 1167 611 1509 670; x_wconf 82' lang='lat' dir='ltr'><strong>peccatorum</strong></span> <span class='ocrx_word' id='word_1_24' title='bbox 1557 610 1859 656; x_wconf 80' lang='lat' dir='ltr'><strong>nostrorum</strong></span> <span class='ocrx_word' id='word_1_25' title='bbox 1909 616 2112 669; x_wconf 67' lang='lat' dir='ltr'><strong>praepe-</strong></span> 
     </span>
    </p>
   </div>
   <div class='ocr_carea' id='block_1_6' title="bbox 541 690 2109 760">
    <p class='ocr_par' dir='ltr' id='par_1_6' title="bbox 541 690 2109 760">
     <span class='ocr_line' id='line_1_6' title="bbox 541 690 2109 760; baseline -0.001 -12"><span class='ocrx_word' id='word_1_26' title='bbox 541 695 761 749; x_wconf 88' lang='lat' dir='ltr'><strong>diuntur</strong></span> <span class='ocrx_word' id='word_1_27' title='bbox 797 691 1088 747; x_wconf 75' lang='lat' dir='ltr'><strong>obstaculis</strong></span> <span class='ocrx_word' id='word_1_28' title='bbox 1126 690 1267 746; x_wconf 85' lang='lat' dir='ltr'><strong>illius</strong></span> <span class='ocrx_word' id='word_1_29' title='bbox 1305 691 1511 747; x_wconf 89' lang='lat' dir='ltr'><strong>meritis</strong></span> <span class='ocrx_word' id='word_1_30' title='bbox 1552 691 1843 747; x_wconf 77' lang='lat' dir='ltr'><strong>reddantur</strong></span> <span class='ocrx_word' id='word_1_31' title='bbox 1870 701 2109 760; x_wconf 86' lang='lat' dir='ltr'><strong>accepta.</strong></span> 
     </span>
    </p>
   </div>
   <div class='ocr_carea' id='block_1_7' title="bbox 542 784 1255 840">
    <p class='ocr_par' dir='ltr' id='par_1_7' title="bbox 542 784 1255 840">
     <span class='ocr_line' id='line_1_7' title="bbox 542 784 1255 840; baseline -0.007 0"><span class='ocrx_word' id='word_1_32' title='bbox 542 784 646 840; x_wconf 86' lang='lat' dir='ltr'><strong>Per</strong></span> <span class='ocrx_word' id='word_1_33' title='bbox 671 784 951 838; x_wconf 90' lang='lat' dir='ltr'><strong>Dominum</strong></span> <span class='ocrx_word' id='word_1_34' title='bbox 991 789 1255 837; x_wconf 90' lang='lat' dir='ltr'><strong>nostrum.</strong></span> 
     </span>
    </p>
   </div>
   <div class='ocr_carea' id='block_1_8' title="bbox 613 870 2114 943">
    <p class='ocr_par' dir='ltr' id='par_1_8' title="bbox 613 870 2114 943">
     <span class='ocr_line' id='line_1_8' title="bbox 613 870 2114 943; baseline -0.001 -16"><span class='ocrx_word' id='word_1_35' title='bbox 613 873 880 943; x_wconf 77' lang='lat' dir='ltr'><strong>Prwfalio.</strong></span> <span class='ocrx_word' id='word_1_36' title='bbox 904 901 974 913; x_wconf 89' lang='lat'><strong>-—</strong></span> <span class='ocrx_word' id='word_1_37' title='bbox 1000 871 1138 926; x_wconf 77' lang='lat' dir='ltr'><strong>Vere</strong></span> <span class='ocrx_word' id='word_1_38' title='bbox 1165 870 1379 940; x_wconf 87' lang='lat' dir='ltr'><strong>dignum</strong></span> <span class='ocrx_word' id='word_1_39' title='bbox 1401 878 1457 925; x_wconf 91' lang='lat' dir='ltr'><strong>et</strong></span> <span class='ocrx_word' id='word_1_40' title='bbox 1477 870 1678 938; x_wconf 86' lang='lat' dir='ltr'><strong>justum</strong></span> <span class='ocrx_word' id='word_1_41' title='bbox 1697 878 1798 936; x_wconf 86' lang='lat' dir='ltr'><strong>est,</strong></span> <span class='ocrx_word' id='word_1_42' title='bbox 1831 884 2037 939; x_wconf 86' lang='lat' dir='ltr'><strong>acquum</strong></span> <span class='ocrx_word' id='word_1_43' title='bbox 2061 880 2114 926; x_wconf 88' lang='lat' dir='ltr'><strong>et</strong></span> 
     </span>
    </p>
   </div>
   <div class='ocr_carea' id='block_1_9' title="bbox 538 966 2108 1039">
    <p class='ocr_par' dir='ltr' id='par_1_9' title="bbox 538 966 2108 1039">
     <span class='ocr_line' id='line_1_9' title="bbox 538 966 2108 1039; baseline -0.002 -13"><span class='ocrx_word' id='word_1_44' title='bbox 538 970 796 1035; x_wconf 86' lang='lat' dir='ltr'><strong>salutare,</strong></span> <span class='ocrx_word' id='word_1_45' title='bbox 839 984 937 1024; x_wconf 90' lang='lat' dir='ltr'><strong>nos</strong></span> <span class='ocrx_word' id='word_1_46' title='bbox 975 968 1071 1023; x_wconf 91' lang='lat' dir='ltr'><strong>tibi</strong></span> <span class='ocrx_word' id='word_1_47' title='bbox 1118 981 1329 1037; x_wconf 82' lang='lat' dir='ltr'><strong>semper</strong></span> <span class='ocrx_word' id='word_1_48' title='bbox 1362 978 1417 1022; x_wconf 89' lang='lat' dir='ltr'><strong>et</strong></span> <span class='ocrx_word' id='word_1_49' title='bbox 1457 966 1655 1036; x_wconf 88' lang='lat' dir='ltr'><strong>ubique</strong></span> <span class='ocrx_word' id='word_1_50' title='bbox 1693 968 1889 1037; x_wconf 78' lang='lat' dir='ltr'><strong>gratias</strong></span> <span class='ocrx_word' id='word_1_51' title='bbox 1931 983 2108 1039; x_wconf 89' lang='lat' dir='ltr'><strong>agere,</strong></span> 
     </span>
    </p>
   </div>
   <div class='ocr_carea' id='block_1_10' title="bbox 538 1058 2113 1125">
    <p class='ocr_par' dir='ltr' id='par_1_10' title="bbox 538 1058 2113 1125">
     <span class='ocr_line' id='line_1_10' title="bbox 538 1058 2113 1125; baseline -0.003 -8"><span class='ocrx_word' id='word_1_52' title='bbox 538 1061 766 1117; x_wconf 85' lang='lat' dir='ltr'><strong>Domine</strong></span> <span class='ocrx_word' id='word_1_53' title='bbox 794 1068 997 1125; x_wconf 82' lang='lat' dir='ltr'><strong>sancte,</strong></span> <span class='ocrx_word' id='word_1_54' title='bbox 1050 1058 1206 1113; x_wconf 86' lang='lat' dir='ltr'><strong>Pater</strong></span> <span class='ocrx_word' id='word_1_55' title='bbox 1233 1058 1587 1125; x_wconf 88' lang='lat' dir='ltr'><strong>omnipotens,</strong></span> <span class='ocrx_word' id='word_1_56' title='bbox 1619 1068 1817 1113; x_wconf 70' lang='lat' dir='ltr'><strong>aeterne</strong></span> <span class='ocrx_word' id='word_1_57' title='bbox 1844 1059 1987 1114; x_wconf 89' lang='lat' dir='ltr'><strong>Deus</strong></span> <span class='ocrx_word' id='word_1_58' title='bbox 2016 1076 2029 1112; x_wconf 91' lang='lat'><strong>:</strong></span> <span class='ocrx_word' id='word_1_59' title='bbox 2058 1068 2113 1115; x_wconf 88' lang='lat' dir='ltr'><strong>et</strong></span> 
     </span>
    </p>
   </div>
   <div class='ocr_carea' id='block_1_11' title="bbox 541 1151 2113 1222">
    <p class='ocr_par' dir='ltr' id='par_1_11' title="bbox 541 1151 2113 1222">
     <span class='ocr_line' id='line_1_11' title="bbox 541 1151 2113 1222; baseline -0.003 -11"><span class='ocrx_word' id='word_1_60' title='bbox 541 1163 595 1211; x_wconf 89' lang='lat' dir='ltr'><strong>te</strong></span> <span class='ocrx_word' id='word_1_61' title='bbox 635 1157 803 1210; x_wconf 75' lang='lat' dir='ltr'><strong>beatae</strong></span> <span class='ocrx_word' id='word_1_62' title='bbox 832 1153 927 1207; x_wconf 90' lang='lat' dir='ltr'><strong>Ill.</strong></span> <span class='ocrx_word' id='word_1_63' title='bbox 968 1152 1210 1207; x_wconf 87' lang='lat' dir='ltr'><strong>natalitia</strong></span> <span class='ocrx_word' id='word_1_64' title='bbox 1243 1152 1619 1219; x_wconf 68' lang='lat' dir='ltr'><strong>praeveniendo</strong></span> <span class='ocrx_word' id='word_1_65' title='bbox 1647 1151 1885 1214; x_wconf 89' lang='lat' dir='ltr'><strong>laudare,</strong></span> <span class='ocrx_word' id='word_1_66' title='bbox 1918 1153 2113 1222; x_wconf 69' lang='lat' dir='ltr'><strong>praedi-</strong></span> 
     </span>
    </p>
   </div>
   <div class='ocr_carea' id='block_1_12' title="bbox 539 1244 2115 1314">
    <p class='ocr_par' dir='ltr' id='par_1_12' title="bbox 539 1244 2115 1314">
     <span class='ocr_line' id='line_1_12' title="bbox 539 1244 2115 1314; baseline -0.004 -10"><span class='ocrx_word' id='word_1_67' title='bbox 539 1264 662 1304; x_wconf 87' lang='lat' dir='ltr'><strong>care</strong></span> <span class='ocrx_word' id='word_1_68' title='bbox 682 1258 734 1303; x_wconf 90' lang='lat' dir='ltr'><strong>et</strong></span> <span class='ocrx_word' id='word_1_69' title='bbox 759 1248 1090 1311; x_wconf 86' lang='lat' dir='ltr'><strong>benedicere,</strong></span> <span class='ocrx_word' id='word_1_70' title='bbox 1118 1260 1275 1314; x_wconf 85' lang='lat' dir='ltr'><strong>quam</strong></span> <span class='ocrx_word' id='word_1_71' title='bbox 1300 1253 1447 1299; x_wconf 91' lang='lat' dir='ltr'><strong>tanto</strong></span> <span class='ocrx_word' id='word_1_72' title='bbox 1466 1259 1686 1299; x_wconf 90' lang='lat' dir='ltr'><strong>munere</strong></span> <span class='ocrx_word' id='word_1_73' title='bbox 1707 1244 2027 1309; x_wconf 85' lang='lat' dir='ltr'><strong>sublimasti,</strong></span> <span class='ocrx_word' id='word_1_74' title='bbox 2056 1255 2115 1299; x_wconf 90' lang='lat' dir='ltr'><strong>ut</strong></span> 
     </span>
    </p>
   </div>
   <div class='ocr_carea' id='block_1_13' title="bbox 538 1331 2110 1401">
    <p class='ocr_par' dir='ltr' id='par_1_13' title="bbox 538 1331 2110 1401">
     <span class='ocr_line' id='line_1_13' title="bbox 538 1331 2110 1401; baseline -0.003 -11"><span class='ocrx_word' id='word_1_75' title='bbox 538 1335 589 1390; x_wconf 90' lang='lat' dir='ltr'><strong>ei</strong></span> <span class='ocrx_word' id='word_1_76' title='bbox 615 1335 887 1390; x_wconf 82' lang='lat' dir='ltr'><strong>conferres</strong></span> <span class='ocrx_word' id='word_1_77' title='bbox 914 1344 967 1388; x_wconf 91' lang='lat' dir='ltr'><strong>et</strong></span> <span class='ocrx_word' id='word_1_78' title='bbox 994 1331 1314 1401; x_wconf 75' lang='lat' dir='ltr'><strong>virginitatis</strong></span> <span class='ocrx_word' id='word_1_79' title='bbox 1353 1345 1603 1385; x_wconf 85' lang='lat' dir='ltr'><strong>coronam</strong></span> <span class='ocrx_word' id='word_1_80' title='bbox 1633 1340 1686 1385; x_wconf 91' lang='lat' dir='ltr'><strong>et</strong></span> <span class='ocrx_word' id='word_1_81' title='bbox 1714 1332 1951 1401; x_wconf 85' lang='lat' dir='ltr'><strong>martyrii</strong></span> <span class='ocrx_word' id='word_1_82' title='bbox 1998 1331 2110 1401; x_wconf 87' lang='lat' dir='ltr'><strong>pal-</strong></span> 
     </span>
    </p>
   </div>
   <div class='ocr_carea' id='block_1_14' title="bbox 538 1424 2113 1495">
    <p class='ocr_par' dir='ltr' id='par_1_14' title="bbox 538 1424 2113 1495">
     <span class='ocr_line' id='line_1_14' title="bbox 538 1424 2113 1495; baseline -0.001 -15"><span class='ocrx_word' id='word_1_83' title='bbox 538 1441 702 1480; x_wconf 89' lang='lat' dir='ltr'><strong>mam.</strong></span> <span class='ocrx_word' id='word_1_84' title='bbox 736 1424 901 1495; x_wconf 88' lang='lat' dir='ltr'><strong>Cujus</strong></span> <span class='ocrx_word' id='word_1_85' title='bbox 931 1426 1261 1479; x_wconf 88' lang='lat' dir='ltr'><strong>interventus</strong></span> <span class='ocrx_word' id='word_1_86' title='bbox 1305 1439 1430 1489; x_wconf 90' lang='lat' dir='ltr'><strong>nos,</strong></span> <span class='ocrx_word' id='word_1_87' title='bbox 1464 1438 1803 1493; x_wconf 65' lang='lat' dir='ltr'><strong>quaesumus,</strong></span> <span class='ocrx_word' id='word_1_88' title='bbox 1836 1439 1866 1477; x_wconf 89' lang='lat' dir='ltr'><strong>a</strong></span> <span class='ocrx_word' id='word_1_89' title='bbox 1909 1424 2113 1479; x_wconf 86' lang='lat' dir='ltr'><strong>nostris</strong></span> 
     </span>
    </p>
   </div>
   <div class='ocr_carea' id='block_1_15' title="bbox 536 1515 2110 1584">
    <p class='ocr_par' dir='ltr' id='par_1_15' title="bbox 536 1515 2110 1584">
     <span class='ocr_line' id='line_1_15' title="bbox 536 1515 2110 1584; baseline -0.003 -11"><span class='ocrx_word' id='word_1_90' title='bbox 536 1518 762 1573; x_wconf 89' lang='lat' dir='ltr'><strong>mundet</strong></span> <span class='ocrx_word' id='word_1_91' title='bbox 792 1517 1021 1581; x_wconf 86' lang='lat' dir='ltr'><strong>delictis,</strong></span> <span class='ocrx_word' id='word_1_92' title='bbox 1051 1525 1104 1571; x_wconf 91' lang='lat' dir='ltr'><strong>et</strong></span> <span class='ocrx_word' id='word_1_93' title='bbox 1131 1531 1483 1584; x_wconf 86' lang='lat' dir='ltr'><strong>supernorum</strong></span> <span class='ocrx_word' id='word_1_94' title='bbox 1512 1516 1709 1571; x_wconf 81' lang='lat' dir='ltr'><strong>civium</strong></span> <span class='ocrx_word' id='word_1_95' title='bbox 1732 1516 1888 1571; x_wconf 81' lang='lat' dir='ltr'><strong>faciat</strong></span> <span class='ocrx_word' id='word_1_96' title='bbox 1918 1515 2110 1571; x_wconf 87' lang='lat' dir='ltr'><strong>ascisci</strong></span> 
     </span>
    </p>
   </div>
   <div class='ocr_carea' id='block_1_16' title="bbox 537 1606 1296 1662">
    <p class='ocr_par' dir='ltr' id='par_1_16' title="bbox 537 1606 1296 1662">
     <span class='ocr_line' id='line_1_16' title="bbox 537 1606 1296 1662; baseline -0.004 0"><span class='ocrx_word' id='word_1_97' title='bbox 537 1606 845 1662; x_wconf 85' lang='lat' dir='ltr'><strong>consortiis.</strong></span> <span class='ocrx_word' id='word_1_98' title='bbox 874 1607 977 1662; x_wconf 88' lang='lat' dir='ltr'><strong>Per</strong></span> <span class='ocrx_word' id='word_1_99' title='bbox 1005 1606 1296 1662; x_wconf 89' lang='lat' dir='ltr'><strong>Christum.</strong></span> 
     </span>
    </p>
   </div>
   <div class='ocr_carea' id='block_1_17' title="bbox 612 1717 2107 1789">
    <p class='ocr_par' dir='ltr' id='par_1_17' title="bbox 612 1717 2107 1789">
     <span class='ocr_line' id='line_1_17' title="bbox 612 1717 2107 1789; baseline 0.001 -17"><span class='ocrx_word' id='word_1_100' title='bbox 612 1718 763 1789; x_wconf 76' lang='lat'><strong>165</strong></span> <span class='ocrx_word' id='word_1_101' title='bbox 793 1717 912 1772; x_wconf 82' lang='lat' dir='ltr'><strong>Alia</strong></span> <span class='ocrx_word' id='word_1_102' title='bbox 933 1718 1280 1788; x_wconf 69' lang='lat' dir='ltr'><strong>Prisfatio.—</strong></span> <span class='ocrx_word' id='word_1_103' title='bbox 1298 1718 1434 1773; x_wconf 83' lang='lat' dir='ltr'><strong>Vere</strong></span> <span class='ocrx_word' id='word_1_104' title='bbox 1454 1719 1666 1787; x_wconf 80' lang='lat' dir='ltr'><strong>dignum</strong></span> <span class='ocrx_word' id='word_1_105' title='bbox 1711 1727 1763 1773; x_wconf 90' lang='lat' dir='ltr'><strong>et</strong></span> <span class='ocrx_word' id='word_1_106' title='bbox 1786 1719 1983 1787; x_wconf 84' lang='lat' dir='ltr'><strong>justum</strong></span> <span class='ocrx_word' id='word_1_107' title='bbox 2005 1728 2107 1786; x_wconf 88' lang='lat' dir='ltr'><strong>est,</strong></span> 
     </span>
    </p>
   </div>
   <div class='ocr_carea' id='block_1_18' title="bbox 535 1809 2111 1880">
    <p class='ocr_par' dir='ltr' id='par_1_18' title="bbox 535 1809 2111 1880">
     <span class='ocr_line' id='line_1_18' title="bbox 535 1809 2111 1880; baseline 0.001 -17"><span class='ocrx_word' id='word_1_108' title='bbox 535 1825 742 1879; x_wconf 67' lang='lat' dir='ltr'><strong>aequum</strong></span> <span class='ocrx_word' id='word_1_109' title='bbox 768 1819 820 1865; x_wconf 91' lang='lat' dir='ltr'><strong>et</strong></span> <span class='ocrx_word' id='word_1_110' title='bbox 848 1810 1098 1874; x_wconf 87' lang='lat' dir='ltr'><strong>salutare,</strong></span> <span class='ocrx_word' id='word_1_111' title='bbox 1132 1823 1227 1862; x_wconf 91' lang='lat' dir='ltr'><strong>nos</strong></span> <span class='ocrx_word' id='word_1_112' title='bbox 1258 1809 1347 1863; x_wconf 87' lang='lat' dir='ltr'><strong>tibi</strong></span> <span class='ocrx_word' id='word_1_113' title='bbox 1381 1824 1591 1877; x_wconf 86' lang='lat' dir='ltr'><strong>semper</strong></span> <span class='ocrx_word' id='word_1_114' title='bbox 1611 1819 1663 1864; x_wconf 91' lang='lat' dir='ltr'><strong>et</strong></span> <span class='ocrx_word' id='word_1_115' title='bbox 1694 1809 1885 1879; x_wconf 87' lang='lat' dir='ltr'><strong>ubique</strong></span> <span class='ocrx_word' id='word_1_116' title='bbox 1912 1811 2111 1880; x_wconf 76' lang='lat' dir='ltr'><strong>gratias</strong></span> 
     </span>
    </p>
   </div>
   <div class='ocr_carea' id='block_1_19' title="bbox 2219 598 2920 670">
    <p class='ocr_par' dir='ltr' id='par_1_19' title="bbox 2219 598 2920 670">
     <span class='ocr_line' id='line_1_19' title="bbox 2219 598 2920 670; baseline 0.011 -19"><span class='ocrx_word' id='word_1_117' title='bbox 2219 612 2375 668; x_wconf 85' lang='lat' dir='ltr'><strong>quem</strong></span> <span class='ocrx_word' id='word_1_118' title='bbox 2404 598 2728 670; x_wconf 73' lang='lat' dir='ltr'><strong>Maiestatem</strong></span> <span class='ocrx_word' id='word_1_119' title='bbox 2755 612 2920 660; x_wconf 88' lang='lat' dir='ltr'><strong>tuam.</strong></span> 
     </span>
    </p>
   </div>
   <div class='ocr_carea' id='block_1_20' title="bbox 2290 690 3791 770">
    <p class='ocr_par' dir='ltr' id='par_1_20' title="bbox 2290 690 3791 770">
     <span class='ocr_line' id='line_1_20' title="bbox 2290 690 3791 770; baseline 0.009 -26"><span class='ocrx_word' id='word_1_120' title='bbox 2290 691 2406 745; x_wconf 84' lang='lat' dir='ltr'><strong>Alia</strong></span> <span class='ocrx_word' id='word_1_121' title='bbox 2466 690 2714 761; x_wconf 72' lang='lat' dir='ltr'><strong>Prmfatio</strong></span> <span class='ocrx_word' id='word_1_122' title='bbox 2755 725 2821 734; x_wconf 92' lang='lat'><strong>—</strong></span> <span class='ocrx_word' id='word_1_123' title='bbox 2864 695 3001 751; x_wconf 85' lang='lat' dir='ltr'><strong>Vere</strong></span> <span class='ocrx_word' id='word_1_124' title='bbox 3064 696 3277 766; x_wconf 90' lang='lat' dir='ltr'><strong>dignum</strong></span> <span class='ocrx_word' id='word_1_125' title='bbox 3329 707 3383 754; x_wconf 90' lang='lat' dir='ltr'><strong>et</strong></span> <span class='ocrx_word' id='word_1_126' title='bbox 3440 700 3639 769; x_wconf 87' lang='lat' dir='ltr'><strong>justum</strong></span> <span class='ocrx_word' id='word_1_127' title='bbox 3690 713 3791 770; x_wconf 89' lang='lat' dir='ltr'><strong>est,</strong></span> 
     </span>
    </p>
   </div>
   <div class='ocr_carea' id='block_1_21' title="bbox 2218 784 3790 865">
    <p class='ocr_par' dir='ltr' id='par_1_21' title="bbox 2218 784 3790 865">
     <span class='ocr_line' id='line_1_21' title="bbox 2218 784 3790 865; baseline 0.008 -29"><span class='ocrx_word' id='word_1_128' title='bbox 2218 797 2425 852; x_wconf 63' lang='lat' dir='ltr'><strong>aequum</strong></span> <span class='ocrx_word' id='word_1_129' title='bbox 2465 791 2519 838; x_wconf 90' lang='lat' dir='ltr'><strong>et</strong></span> <span class='ocrx_word' id='word_1_130' title='bbox 2545 784 2793 854; x_wconf 89' lang='lat' dir='ltr'><strong>salutare,</strong></span> <span class='ocrx_word' id='word_1_131' title='bbox 2835 800 2931 840; x_wconf 92' lang='lat' dir='ltr'><strong>nos</strong></span> <span class='ocrx_word' id='word_1_132' title='bbox 2962 786 3055 841; x_wconf 92' lang='lat' dir='ltr'><strong>tibi</strong></span> <span class='ocrx_word' id='word_1_133' title='bbox 3101 801 3313 857; x_wconf 89' lang='lat' dir='ltr'><strong>semper</strong></span> <span class='ocrx_word' id='word_1_134' title='bbox 3341 798 3396 845; x_wconf 92' lang='lat' dir='ltr'><strong>et</strong></span> <span class='ocrx_word' id='word_1_135' title='bbox 3425 792 3619 860; x_wconf 90' lang='lat' dir='ltr'><strong>ubique</strong></span> <span class='ocrx_word' id='word_1_136' title='bbox 3661 809 3790 865; x_wconf 84' lang='lat' dir='ltr'><strong>gra-</strong></span> 
     </span>
    </p>
   </div>
   <div class='ocr_carea' id='block_1_22' title="bbox 2218 874 3793 951">
    <p class='ocr_par' dir='ltr' id='par_1_22' title="bbox 2218 874 3793 951">
     <span class='ocr_line' id='line_1_22' title="bbox 2218 874 3793 951; baseline 0.008 -22"><span class='ocrx_word' id='word_1_137' title='bbox 2218 874 2319 929; x_wconf 87' lang='lat' dir='ltr'><strong>tias</strong></span> <span class='ocrx_word' id='word_1_138' title='bbox 2341 888 2520 945; x_wconf 86' lang='lat' dir='ltr'><strong>agere,</strong></span> <span class='ocrx_word' id='word_1_139' title='bbox 2546 876 2769 932; x_wconf 91' lang='lat' dir='ltr'><strong>Domine</strong></span> <span class='ocrx_word' id='word_1_140' title='bbox 2797 887 3003 943; x_wconf 87' lang='lat' dir='ltr'><strong>sancte,</strong></span> <span class='ocrx_word' id='word_1_141' title='bbox 3032 878 3191 934; x_wconf 87' lang='lat' dir='ltr'><strong>Pater</strong></span> <span class='ocrx_word' id='word_1_142' title='bbox 3212 882 3567 951; x_wconf 86' lang='lat' dir='ltr'><strong>omnipotens,</strong></span> <span class='ocrx_word' id='word_1_143' title='bbox 3594 896 3793 942; x_wconf 71' lang='lat' dir='ltr'><strong>teterne</strong></span> 
     </span>
    </p>
   </div>
   <div class='ocr_carea' id='block_1_23' title="bbox 2217 965 3790 1044">
    <p class='ocr_par' dir='ltr' id='par_1_23' title="bbox 2217 965 3790 1044">
     <span class='ocr_line' id='line_1_23' title="bbox 2217 965 3790 1044; baseline 0.009 -25"><span class='ocrx_word' id='word_1_144' title='bbox 2217 965 2381 1035; x_wconf 86' lang='lat' dir='ltr'><strong>Deus,</strong></span> <span class='ocrx_word' id='word_1_145' title='bbox 2410 981 2503 1035; x_wconf 90' lang='lat' dir='ltr'><strong>per</strong></span> <span class='ocrx_word' id='word_1_146' title='bbox 2530 967 2798 1023; x_wconf 89' lang='lat' dir='ltr'><strong>Christum</strong></span> <span class='ocrx_word' id='word_1_147' title='bbox 2846 970 3126 1025; x_wconf 85' lang='lat' dir='ltr'><strong>Dominum</strong></span> <span class='ocrx_word' id='word_1_148' title='bbox 3161 982 3399 1027; x_wconf 84' lang='lat' dir='ltr'><strong>nostrum</strong></span> <span class='ocrx_word' id='word_1_149' title='bbox 3430 990 3447 1027; x_wconf 90' lang='lat'><strong>:</strong></span> <span class='ocrx_word' id='word_1_150' title='bbox 3475 976 3630 1044; x_wconf 88' lang='lat' dir='ltr'><strong>cujus</strong></span> <span class='ocrx_word' id='word_1_151' title='bbox 3661 978 3790 1033; x_wconf 87' lang='lat' dir='ltr'><strong>cha-</strong></span> 
     </span>
    </p>
   </div>
   <div class='ocr_carea' id='block_1_24' title="bbox 2216 1058 3791 1136">
    <p class='ocr_par' dir='ltr' id='par_1_24' title="bbox 2216 1058 3791 1136">
     <span class='ocr_line' id='line_1_24' title="bbox 2216 1058 3791 1136; baseline 0.008 -24"><span class='ocrx_word' id='word_1_152' title='bbox 2216 1058 2391 1113; x_wconf 85' lang='lat' dir='ltr'><strong>ritatis</strong></span> <span class='ocrx_word' id='word_1_153' title='bbox 2416 1059 2607 1115; x_wconf 89' lang='lat' dir='ltr'><strong>ardore</strong></span> <span class='ocrx_word' id='word_1_154' title='bbox 2637 1060 2756 1125; x_wconf 90' lang='lat' dir='ltr'><strong>ista,</strong></span> <span class='ocrx_word' id='word_1_155' title='bbox 2789 1070 2842 1115; x_wconf 91' lang='lat' dir='ltr'><strong>et</strong></span> <span class='ocrx_word' id='word_1_156' title='bbox 2870 1078 3057 1117; x_wconf 83' lang='lat' dir='ltr'><strong>omnes</strong></span> <span class='ocrx_word' id='word_1_157' title='bbox 3080 1072 3277 1119; x_wconf 68' lang='lat' dir='ltr'><strong>sanctae</strong></span> <span class='ocrx_word' id='word_1_158' title='bbox 3297 1066 3549 1136; x_wconf 79' lang='lat' dir='ltr'><strong>virgines,</strong></span> <span class='ocrx_word' id='word_1_159' title='bbox 3579 1082 3608 1122; x_wconf 91' lang='lat' dir='ltr'><strong>a</strong></span> <span class='ocrx_word' id='word_1_160' title='bbox 3640 1069 3791 1125; x_wconf 87' lang='lat' dir='ltr'><strong>beata</strong></span> 
     </span>
    </p>
   </div>
   <div class='ocr_carea' id='block_1_25' title="bbox 2217 1148 3794 1226">
    <p class='ocr_par' dir='ltr' id='par_1_25' title="bbox 2217 1148 3794 1226">
     <span class='ocr_line' id='line_1_25' title="bbox 2217 1148 3794 1226; baseline 0.008 -23"><span class='ocrx_word' id='word_1_161' title='bbox 2217 1148 2379 1204; x_wconf 74' lang='lat' dir='ltr'><strong>Maria</strong></span> <span class='ocrx_word' id='word_1_162' title='bbox 2418 1150 2720 1220; x_wconf 88' lang='lat' dir='ltr'><strong>exemplum</strong></span> <span class='ocrx_word' id='word_1_163' title='bbox 2760 1152 3077 1221; x_wconf 82' lang='lat' dir='ltr'><strong>virginitatis</strong></span> <span class='ocrx_word' id='word_1_164' title='bbox 3125 1155 3465 1224; x_wconf 87' lang='lat' dir='ltr'><strong>accipientes,</strong></span> <span class='ocrx_word' id='word_1_165' title='bbox 3516 1163 3794 1226; x_wconf 67' lang='lat' dir='ltr'><strong>praesentis</strong></span> 
     </span>
    </p>
   </div>
   <div class='ocr_carea' id='block_1_26' title="bbox 2217 1241 3796 1320">
    <p class='ocr_par' dir='ltr' id='par_1_26' title="bbox 2217 1241 3796 1320">
     <span class='ocr_line' id='line_1_26' title="bbox 2217 1241 3796 1320; baseline 0.006 -25"><span class='ocrx_word' id='word_1_166' title='bbox 2217 1241 2401 1296; x_wconf 66' lang='lat' dir='ltr'><strong>saeculi</strong></span> <span class='ocrx_word' id='word_1_167' title='bbox 2440 1241 2741 1311; x_wconf 88' lang='lat' dir='ltr'><strong>voluptates</strong></span> <span class='ocrx_word' id='word_1_168' title='bbox 2780 1258 2841 1297; x_wconf 90' lang='lat' dir='ltr'><strong>ac</strong></span> <span class='ocrx_word' id='word_1_169' title='bbox 2887 1243 3103 1299; x_wconf 86' lang='lat' dir='ltr'><strong>delicias</strong></span> <span class='ocrx_word' id='word_1_170' title='bbox 3150 1256 3601 1318; x_wconf 90' lang='lat' dir='ltr'><strong>contempserunt.</strong></span> <span class='ocrx_word' id='word_1_171' title='bbox 3653 1254 3796 1320; x_wconf 84' lang='lat' dir='ltr'><strong>Quo-</strong></span> 
     </span>
    </p>
   </div>
   <div class='ocr_carea' id='block_1_27' title="bbox 2215 1331 3793 1413">
    <p class='ocr_par' dir='ltr' id='par_1_27' title="bbox 2215 1331 3793 1413">
     <span class='ocr_line' id='line_1_27' title="bbox 2215 1331 3793 1413; baseline 0.008 -29"><span class='ocrx_word' id='word_1_172' title='bbox 2215 1331 2359 1385; x_wconf 89' lang='lat' dir='ltr'><strong>niam</strong></span> <span class='ocrx_word' id='word_1_173' title='bbox 2390 1338 2482 1386; x_wconf 92' lang='lat' dir='ltr'><strong>tuo</strong></span> <span class='ocrx_word' id='word_1_174' title='bbox 2511 1333 2650 1386; x_wconf 89' lang='lat' dir='ltr'><strong>dono</strong></span> <span class='ocrx_word' id='word_1_175' title='bbox 2677 1340 2851 1387; x_wconf 90' lang='lat' dir='ltr'><strong>actum</strong></span> <span class='ocrx_word' id='word_1_176' title='bbox 2897 1343 2979 1388; x_wconf 90' lang='lat' dir='ltr'><strong>est</strong></span> <span class='ocrx_word' id='word_1_177' title='bbox 3029 1336 3179 1405; x_wconf 80' lang='lat'>(597)</span> <span class='ocrx_word' id='word_1_178' title='bbox 3220 1346 3276 1391; x_wconf 92' lang='lat' dir='ltr'><strong>ut</strong></span> <span class='ocrx_word' id='word_1_179' title='bbox 3324 1348 3598 1409; x_wconf 78' lang='lat' dir='ltr'><strong>postquam</strong></span> <span class='ocrx_word' id='word_1_180' title='bbox 3633 1342 3793 1413; x_wconf 81' lang='lat' dir='ltr'><strong>Virgo</strong></span> 
     </span>
    </p>
   </div>
   <div class='ocr_carea' id='block_1_28' title="bbox 2216 1420 3790 1507">
    <p class='ocr_par' dir='ltr' id='par_1_28' title="bbox 2216 1420 3790 1507">
     <span class='ocr_line' id='line_1_28' title="bbox 2216 1420 3790 1507; baseline 0.007 -31"><span class='ocrx_word' id='word_1_181' title='bbox 2216 1422 2285 1476; x_wconf 89' lang='lat' dir='ltr'><strong>de</strong></span> <span class='ocrx_word' id='word_1_182' title='bbox 2305 1420 2522 1492; x_wconf 72' lang='lat' dir='ltr'><strong>Virgine</strong></span> <span class='ocrx_word' id='word_1_183' title='bbox 2543 1424 2760 1492; x_wconf 88' lang='lat' dir='ltr'><strong>prodiit,</strong></span> <span class='ocrx_word' id='word_1_184' title='bbox 2788 1439 2947 1480; x_wconf 85' lang='lat' dir='ltr'><strong>sexus</strong></span> <span class='ocrx_word' id='word_1_185' title='bbox 2979 1426 3179 1496; x_wconf 81' lang='lat' dir='ltr'><strong>fragilis</strong></span> <span class='ocrx_word' id='word_1_186' title='bbox 3198 1438 3341 1485; x_wconf 87' lang='lat' dir='ltr'><strong>esset</strong></span> <span class='ocrx_word' id='word_1_187' title='bbox 3361 1429 3536 1499; x_wconf 86' lang='lat' dir='ltr'><strong>fortis,</strong></span> <span class='ocrx_word' id='word_1_188' title='bbox 3567 1442 3619 1487; x_wconf 92' lang='lat' dir='ltr'><strong>et</strong></span> <span class='ocrx_word' id='word_1_189' title='bbox 3641 1434 3790 1507; x_wconf 77' lang='lat'><strong>(598)</strong></span> 
     </span>
    </p>
   </div>
   <div class='ocr_carea' id='block_1_29' title="bbox 2216 1511 3793 1585">
    <p class='ocr_par' dir='ltr' id='par_1_29' title="bbox 2216 1511 3793 1585">
     <span class='ocr_line' id='line_1_29' title="bbox 2216 1511 3793 1585; baseline 0.01 -20"><span class='ocrx_word' id='word_1_190' title='bbox 2216 1511 2271 1566; x_wconf 87' lang='lat' dir='ltr'><strong>in</strong></span> <span class='ocrx_word' id='word_1_191' title='bbox 2302 1525 2408 1581; x_wconf 83' lang='lat' dir='ltr'><strong>quo</strong></span> <span class='ocrx_word' id='word_1_192' title='bbox 2442 1514 2597 1583; x_wconf 74' lang='lat'><strong>166</strong></span> <span class='ocrx_word' id='word_1_193' title='bbox 2640 1512 2737 1569; x_wconf 83' lang='lat' dir='ltr'><strong>fuit</strong></span> <span class='ocrx_word' id='word_1_194' title='bbox 2784 1516 3039 1583; x_wconf 87' lang='lat' dir='ltr'><strong>peccandi</strong></span> <span class='ocrx_word' id='word_1_195' title='bbox 3078 1516 3325 1585; x_wconf 79' lang='lat' dir='ltr'><strong>facilitas,</strong></span> <span class='ocrx_word' id='word_1_196' title='bbox 3374 1530 3517 1576; x_wconf 86' lang='lat' dir='ltr'><strong>esset</strong></span> <span class='ocrx_word' id='word_1_197' title='bbox 3544 1522 3793 1580; x_wconf 79' lang='lat' dir='ltr'><strong>vincendi</strong></span> 
     </span>
    </p>
   </div>
   <div class='ocr_carea' id='block_1_30' title="bbox 2214 1601 3794 1685">
    <p class='ocr_par' dir='ltr' id='par_1_30' title="bbox 2214 1601 3794 1685">
     <span class='ocr_line' id='line_1_30' title="bbox 2214 1601 3794 1685; baseline 0.01 -27"><span class='ocrx_word' id='word_1_198' title='bbox 2214 1601 2460 1659; x_wconf 71' lang='lat' dir='ltr'><strong>felicitas.</strong></span> <span class='ocrx_word' id='word_1_199' title='bbox 2493 1605 2863 1677; x_wconf 81' lang='lat' dir='ltr'><strong>Antiquusque</strong></span> <span class='ocrx_word' id='word_1_200' title='bbox 2891 1608 3081 1675; x_wconf 89' lang='lat' dir='ltr'><strong>hostis,</strong></span> <span class='ocrx_word' id='word_1_201' title='bbox 3115 1610 3202 1678; x_wconf 91' lang='lat' dir='ltr'><strong>qui</strong></span> <span class='ocrx_word' id='word_1_202' title='bbox 3234 1626 3330 1681; x_wconf 89' lang='lat' dir='ltr'><strong>per</strong></span> <span class='ocrx_word' id='word_1_203' title='bbox 3375 1616 3643 1685; x_wconf 90' lang='lat' dir='ltr'><strong>antiquam</strong></span> <span class='ocrx_word' id='word_1_204' title='bbox 3685 1620 3794 1673; x_wconf 91' lang='lat' dir='ltr'><strong>vir-</strong></span> 
     </span>
    </p>
   </div>
   <div class='ocr_carea' id='block_1_31' title="bbox 2214 1695 3795 1778">
    <p class='ocr_par' dir='ltr' id='par_1_31' title="bbox 2214 1695 3795 1778">
     <span class='ocr_line' id='line_1_31' title="bbox 2214 1695 3795 1778; baseline 0.01 -30"><span class='ocrx_word' id='word_1_205' title='bbox 2214 1695 2392 1765; x_wconf 90' lang='lat' dir='ltr'><strong>ginem</strong></span> <span class='ocrx_word' id='word_1_206' title='bbox 2423 1711 2589 1767; x_wconf 85' lang='lat' dir='ltr'><strong>genus</strong></span> <span class='ocrx_word' id='word_1_207' title='bbox 2638 1697 2926 1753; x_wconf 90' lang='lat' dir='ltr'><strong>humanum</strong></span> <span class='ocrx_word' id='word_1_208' title='bbox 2965 1716 3025 1755; x_wconf 89' lang='lat' dir='ltr'><strong>se</strong></span> <span class='ocrx_word' id='word_1_209' title='bbox 3070 1702 3264 1758; x_wconf 81' lang='lat' dir='ltr'><strong>vicisse</strong></span> <span class='ocrx_word' id='word_1_210' title='bbox 3302 1704 3647 1775; x_wconf 86' lang='lat' dir='ltr'><strong>gloriabatur,</strong></span> <span class='ocrx_word' id='word_1_211' title='bbox 3693 1724 3795 1778; x_wconf 89' lang='lat' dir='ltr'><strong>per</strong></span> 
     </span>
    </p>
   </div>
   <div class='ocr_carea' id='block_1_32' title="bbox 2215 1790 3793 1872">
    <p class='ocr_par' dir='ltr' id='par_1_32' title="bbox 2215 1790 3793 1872">
     <span class='ocr_line' id='line_1_32' title="bbox 2215 1790 3793 1872; baseline 0.01 -30"><span class='ocrx_word' id='word_1_212' title='bbox 2215 1796 2429 1843; x_wconf 87' lang='lat' dir='ltr'><strong>sanctas</strong></span> <span class='ocrx_word' id='word_1_213' title='bbox 2457 1804 2596 1844; x_wconf 91' lang='lat' dir='ltr'><strong>nunc</strong></span> <span class='ocrx_word' id='word_1_214' title='bbox 2623 1790 2876 1861; x_wconf 82' lang='lat' dir='ltr'><strong>virgines,</strong></span> <span class='ocrx_word' id='word_1_215' title='bbox 2912 1807 3165 1862; x_wconf 86' lang='lat' dir='ltr'><strong>sequaces</strong></span> <span class='ocrx_word' id='word_1_216' title='bbox 3207 1797 3381 1865; x_wconf 90' lang='lat' dir='ltr'><strong>potius</strong></span> <span class='ocrx_word' id='word_1_217' title='bbox 3412 1799 3590 1854; x_wconf 74' lang='lat' dir='ltr'><strong>Maria:</strong></span> <span class='ocrx_word' id='word_1_218' title='bbox 3630 1817 3793 1872; x_wconf 89' lang='lat' dir='ltr'><strong>quam</strong></span> 
     </span>
    </p>
   </div>
   <div class='ocr_carea' id='block_1_33' title="bbox 532 1877 3791 1970">
    <p class='ocr_par' dir='ltr' id='par_1_33' title="bbox 532 1877 3791 1970">
     <span class='ocr_line' id='line_1_33' title="bbox 532 1877 3791 1970; baseline -0.001 -16"><span class='ocrx_word' id='word_1_219' title='bbox 532 1877 725 1970; x_wconf 81' lang='lat' dir='ltr'><strong>agere,</strong></span> <span class='ocrx_word' id='word_1_220' title='bbox 772 1899 993 1955; x_wconf 89' lang='lat' dir='ltr'><strong>Domine</strong></span> <span class='ocrx_word' id='word_1_221' title='bbox 1041 1908 1241 1965; x_wconf 86' lang='lat' dir='ltr'><strong>sancte,</strong></span> <span class='ocrx_word' id='word_1_222' title='bbox 1298 1900 1452 1954; x_wconf 85' lang='lat' dir='ltr'><strong>Pater</strong></span> <span class='ocrx_word' id='word_1_223' title='bbox 1502 1877 1854 1969; x_wconf 82' lang='lat' dir='ltr'><strong>omnipotens,</strong></span> <span class='ocrx_word' id='word_1_224' title='bbox 1912 1908 2110 1955; x_wconf 58' lang='lat' dir='ltr'><strong>aeterne</strong></span> <span class='ocrx_word' id='word_1_225' title='bbox 2138 1883 2188 1945; x_wconf 78' lang='grc' dir='ltr'><strong>Β</strong></span> <span class='ocrx_word' id='word_1_226' title='bbox 2216 1877 2366 1945; x_wconf 58' lang='lat' dir='ltr'><strong>Em:</strong></span> <span class='ocrx_word' id='word_1_227' title='bbox 2400 1881 2660 1935; x_wconf 59' lang='lat' dir='ltr'><strong>Vincam&quot;</strong></span> <span class='ocrx_word' id='word_1_228' title='bbox 2696 1882 2761 1937; x_wconf 61' lang='grc' dir='ltr'><strong>Εἴ</strong></span> <span class='ocrx_word' id='word_1_229' title='bbox 2790 1884 2841 1937; x_wconf 70' lang='lat' dir='ltr'><strong>in</strong></span> <span class='ocrx_word' id='word_1_230' title='bbox 2871 1899 2937 1939; x_wconf 71' lang='grc' dir='ltr'><strong>⁸ο</strong></span> <span class='ocrx_word' id='word_1_231' title='bbox 2985 1885 3157 1953; x_wconf 60' lang='lat' dir='ltr'><strong>mai&quot;?</strong></span> <span class='ocrx_word' id='word_1_232' title='bbox 3200 1891 3248 1941; x_wconf 73' lang='lat' dir='ltr'><strong>ei</strong></span> <span class='ocrx_word' id='word_1_233' title='bbox 3296 1890 3535 1945; x_wconf 65' lang='lat' dir='ltr'><strong>confusio</strong></span> <span class='ocrx_word' id='word_1_234' title='bbox 3562 1905 3791 1963; x_wconf 79' lang='lat' dir='ltr'><strong>crescat,</strong></span> 
     </span>
    </p>
   </div>
   <div class='ocr_carea' id='block_1_34' title="bbox 532 1988 2109 2058">
    <p class='ocr_par' dir='ltr' id='par_1_34' title="bbox 532 1988 2109 2058">
     <span class='ocr_line' id='line_1_34' title="bbox 532 1988 2109 2058; baseline 0.001 -13"><span class='ocrx_word' id='word_1_235' title='bbox 532 1991 673 2045; x_wconf 88' lang='lat' dir='ltr'><strong>Deus</strong></span> <span class='ocrx_word' id='word_1_236' title='bbox 699 2007 713 2043; x_wconf 87' lang='lat'><strong>:</strong></span> <span class='ocrx_word' id='word_1_237' title='bbox 743 1997 796 2044; x_wconf 87' lang='lat' dir='ltr'><strong>et</strong></span> <span class='ocrx_word' id='word_1_238' title='bbox 828 1999 897 2055; x_wconf 85' lang='lat' dir='ltr'><strong>te,</strong></span> <span class='ocrx_word' id='word_1_239' title='bbox 948 1990 1114 2044; x_wconf 76' lang='lat' dir='ltr'><strong>beatae</strong></span> <span class='ocrx_word' id='word_1_240' title='bbox 1146 1988 1236 2042; x_wconf 92' lang='lat' dir='ltr'><strong>Ill.</strong></span> <span class='ocrx_word' id='word_1_241' title='bbox 1270 1988 1501 2043; x_wconf 89' lang='lat' dir='ltr'><strong>natalitia</strong></span> <span class='ocrx_word' id='word_1_242' title='bbox 1549 1990 1946 2058; x_wconf 65' lang='lat' dir='ltr'><strong>praeveniendo,</strong></span> <span class='ocrx_word' id='word_1_243' title='bbox 1992 1992 2109 2046; x_wconf 89' lang='lat' dir='ltr'><strong>lau-</strong></span> 
     </span>
    </p>
   </div>
   <div class='ocr_carea' id='block_1_35' title="bbox 532 2079 2109 2147">
    <p class='ocr_par' dir='ltr' id='par_1_35' title="bbox 532 2079 2109 2147">
     <span class='ocr_line' id='line_1_35' title="bbox 532 2079 2109 2147; baseline 0.001 -12"><span class='ocrx_word' id='word_1_244' title='bbox 532 2081 682 2145; x_wconf 88' lang='lat' dir='ltr'><strong>dare,</strong></span> <span class='ocrx_word' id='word_1_245' title='bbox 711 2080 997 2147; x_wconf 86' lang='lat' dir='ltr'><strong>praedicare</strong></span> <span class='ocrx_word' id='word_1_246' title='bbox 1037 2088 1092 2133; x_wconf 91' lang='lat' dir='ltr'><strong>et</strong></span> <span class='ocrx_word' id='word_1_247' title='bbox 1137 2079 1471 2145; x_wconf 85' lang='lat' dir='ltr'><strong>benedicere,</strong></span> <span class='ocrx_word' id='word_1_248' title='bbox 1504 2094 1658 2147; x_wconf 86' lang='lat' dir='ltr'><strong>quam</strong></span> <span class='ocrx_word' id='word_1_249' title='bbox 1692 2089 1839 2135; x_wconf 89' lang='lat' dir='ltr'><strong>tanto</strong></span> <span class='ocrx_word' id='word_1_250' title='bbox 1886 2096 2109 2137; x_wconf 89' lang='lat' dir='ltr'><strong>munere</strong></span> 
     </span>
    </p>
   </div>
   <div class='ocr_carea' id='block_1_36' title="bbox 530 2172 2111 2241">
    <p class='ocr_par' dir='ltr' id='par_1_36' title="bbox 530 2172 2111 2241">
     <span class='ocr_line' id='line_1_36' title="bbox 530 2172 2111 2241; baseline 0.001 -13"><span class='ocrx_word' id='word_1_251' title='bbox 530 2174 933 2239; x_wconf 86' lang='lat' dir='ltr'><strong>sublimasti,ut</strong></span> <span class='ocrx_word' id='word_1_252' title='bbox 973 2173 1021 2227; x_wconf 90' lang='lat' dir='ltr'><strong>ci</strong></span> <span class='ocrx_word' id='word_1_253' title='bbox 1064 2172 1334 2228; x_wconf 80' lang='lat' dir='ltr'><strong>conferres</strong></span> <span class='ocrx_word' id='word_1_254' title='bbox 1374 2172 1688 2241; x_wconf 82' lang='lat' dir='ltr'><strong>virginitatis</strong></span> <span class='ocrx_word' id='word_1_255' title='bbox 1734 2188 2006 2240; x_wconf 89' lang='lat' dir='ltr'><strong>coronam,</strong></span> <span class='ocrx_word' id='word_1_256' title='bbox 2052 2181 2111 2229; x_wconf 90' lang='lat' dir='ltr'><strong>et</strong></span> 
     </span>
    </p>
   </div>
   <div class='ocr_carea' id='block_1_37' title="bbox 533 2262 2109 2334">
    <p class='ocr_par' dir='ltr' id='par_1_37' title="bbox 533 2262 2109 2334">
     <span class='ocr_line' id='line_1_37' title="bbox 533 2262 2109 2334; baseline -0.001 -15"><span class='ocrx_word' id='word_1_257' title='bbox 533 2264 771 2334; x_wconf 85' lang='lat' dir='ltr'><strong>martyrii</strong></span> <span class='ocrx_word' id='word_1_258' title='bbox 804 2265 1065 2332; x_wconf 88' lang='lat' dir='ltr'><strong>palmam;</strong></span> <span class='ocrx_word' id='word_1_259' title='bbox 1095 2264 1279 2332; x_wconf 88' lang='lat' dir='ltr'><strong>sicque</strong></span> <span class='ocrx_word' id='word_1_260' title='bbox 1307 2264 1497 2316; x_wconf 91' lang='lat' dir='ltr'><strong>virtute</strong></span> <span class='ocrx_word' id='word_1_261' title='bbox 1529 2262 1649 2316; x_wconf 84' lang='lat' dir='ltr'><strong>fidei</strong></span> <span class='ocrx_word' id='word_1_262' title='bbox 1695 2270 1749 2317; x_wconf 89' lang='lat' dir='ltr'><strong>et</strong></span> <span class='ocrx_word' id='word_1_263' title='bbox 1778 2262 1971 2318; x_wconf 90' lang='lat' dir='ltr'><strong>decore</strong></span> <span class='ocrx_word' id='word_1_264' title='bbox 2012 2279 2109 2333; x_wconf 86' lang='lat' dir='ltr'><strong>pu-</strong></span> 
     </span>
    </p>
   </div>
   <div class='ocr_carea' id='block_1_38' title="bbox 532 2351 2111 2421">
    <p class='ocr_par' dir='ltr' id='par_1_38' title="bbox 532 2351 2111 2421">
     <span class='ocr_line' id='line_1_38' title="bbox 532 2351 2111 2421; baseline -0.001 -12"><span class='ocrx_word' id='word_1_265' title='bbox 532 2354 727 2410; x_wconf 69' lang='lat' dir='ltr'><strong>dicitize</strong></span> <span class='ocrx_word' id='word_1_266' title='bbox 760 2353 999 2421; x_wconf 88' lang='lat' dir='ltr'><strong>polleret,</strong></span> <span class='ocrx_word' id='word_1_267' title='bbox 1030 2360 1088 2406; x_wconf 91' lang='lat' dir='ltr'><strong>ut</strong></span> <span class='ocrx_word' id='word_1_268' title='bbox 1110 2352 1173 2407; x_wconf 86' lang='lat' dir='ltr'><strong>ad</strong></span> <span class='ocrx_word' id='word_1_269' title='bbox 1205 2351 1439 2405; x_wconf 87' lang='lat' dir='ltr'><strong>coelestia</strong></span> <span class='ocrx_word' id='word_1_270' title='bbox 1470 2366 1630 2420; x_wconf 88' lang='lat' dir='ltr'><strong>regna</strong></span> <span class='ocrx_word' id='word_1_271' title='bbox 1656 2352 1802 2421; x_wconf 87' lang='lat' dir='ltr'><strong>virgo</strong></span> <span class='ocrx_word' id='word_1_272' title='bbox 1828 2352 2028 2421; x_wconf 86' lang='lat' dir='ltr'><strong>pariter</strong></span> <span class='ocrx_word' id='word_1_273' title='bbox 2053 2361 2111 2409; x_wconf 89' lang='lat' dir='ltr'><strong>et</strong></span> 
     </span>
    </p>
   </div>
   <div class='ocr_carea' id='block_1_39' title="bbox 532 2440 1445 2513">
    <p class='ocr_par' dir='ltr' id='par_1_39' title="bbox 532 2440 1445 2513">
     <span class='ocr_line' id='line_1_39' title="bbox 532 2440 1445 2513; baseline -0.003 -15"><span class='ocrx_word' id='word_1_274' title='bbox 532 2456 734 2513; x_wconf 78' lang='lat' dir='ltr'><strong>martyr</strong></span> <span class='ocrx_word' id='word_1_275' title='bbox 756 2446 995 2498; x_wconf 83' lang='lat' dir='ltr'><strong>intraret.</strong></span> <span class='ocrx_word' id='word_1_276' title='bbox 1028 2443 1129 2497; x_wconf 85' lang='lat' dir='ltr'><strong>Per</strong></span> <span class='ocrx_word' id='word_1_277' title='bbox 1156 2440 1445 2496; x_wconf 87' lang='lat' dir='ltr'><strong>Christum.</strong></span> 
     </span>
    </p>
   </div>
   <div class='ocr_carea' id='block_1_40' title="bbox 602 2553 2102 2625">
    <p class='ocr_par' dir='ltr' id='par_1_40' title="bbox 602 2553 2102 2625">
     <span class='ocr_line' id='line_1_40' title="bbox 602 2553 2102 2625; baseline -0.001 -16"><span class='ocrx_word' id='word_1_278' title='bbox 602 2557 682 2609; x_wconf 81' lang='lat' dir='ltr'><strong>Ad</strong></span> <span class='ocrx_word' id='word_1_279' title='bbox 719 2554 1105 2625; x_wconf 84' lang='lat' dir='ltr'><strong>Complendum.</strong></span> <span class='ocrx_word' id='word_1_280' title='bbox 1126 2555 1549 2620; x_wconf 70' lang='lat' dir='ltr'><strong>—Qutesumus,</strong></span> <span class='ocrx_word' id='word_1_281' title='bbox 1580 2553 1916 2622; x_wconf 82' lang='lat' dir='ltr'><strong>omnipotens</strong></span> <span class='ocrx_word' id='word_1_282' title='bbox 1944 2554 2102 2619; x_wconf 91' lang='lat' dir='ltr'><strong>Deus,</strong></span> 
     </span>
    </p>
   </div>
   <div class='ocr_carea' id='block_1_41' title="bbox 531 2648 2105 2716">
    <p class='ocr_par' dir='ltr' id='par_1_41' title="bbox 531 2648 2105 2716">
     <span class='ocr_line' id='line_1_41' title="bbox 531 2648 2105 2716; baseline 0.001 -15"><span class='ocrx_word' id='word_1_283' title='bbox 531 2655 831 2716; x_wconf 89' lang='lat' dir='ltr'><strong>utqnorum</strong></span> <span class='ocrx_word' id='word_1_284' title='bbox 880 2664 974 2701; x_wconf 90' lang='lat' dir='ltr'><strong>nos</strong></span> <span class='ocrx_word' id='word_1_285' title='bbox 1007 2649 1190 2703; x_wconf 90' lang='lat' dir='ltr'><strong>tribuis</strong></span> <span class='ocrx_word' id='word_1_286' title='bbox 1222 2648 1616 2703; x_wconf 90' lang='lat' dir='ltr'><strong>communicare</strong></span> <span class='ocrx_word' id='word_1_287' title='bbox 1663 2648 1953 2716; x_wconf 87' lang='lat' dir='ltr'><strong>memoriis,</strong></span> <span class='ocrx_word' id='word_1_288' title='bbox 2007 2663 2105 2703; x_wconf 85' lang='lat' dir='ltr'><strong>eo-</strong></span> 
     </span>
    </p>
   </div>
   <div class='ocr_carea' id='block_1_42' title="bbox 530 2739 1638 2795">
    <p class='ocr_par' dir='ltr' id='par_1_42' title="bbox 530 2739 1638 2795">
     <span class='ocr_line' id='line_1_42' title="bbox 530 2739 1638 2795; baseline -0.002 0"><span class='ocrx_word' id='word_1_289' title='bbox 530 2753 648 2795; x_wconf 82' lang='lat' dir='ltr'><strong>rum</strong></span> <span class='ocrx_word' id='word_1_290' title='bbox 680 2739 843 2795; x_wconf 88' lang='lat' dir='ltr'><strong>facias</strong></span> <span class='ocrx_word' id='word_1_291' title='bbox 875 2740 1139 2794; x_wconf 84' lang='lat' dir='ltr'><strong>veraciter</strong></span> <span class='ocrx_word' id='word_1_292' title='bbox 1166 2741 1482 2793; x_wconf 85' lang='lat' dir='ltr'><strong>imitatores.</strong></span> <span class='ocrx_word' id='word_1_293' title='bbox 1516 2739 1638 2793; x_wconf 89' lang='lat' dir='ltr'><strong>Per.</strong></span> 
     </span>
    </p>
   </div>
   <div class='ocr_carea' id='block_1_43' title="bbox 1021 2865 1607 2907">
    <p class='ocr_par' dir='ltr' id='par_1_43' title="bbox 1021 2865 1607 2907">
     <span class='ocr_line' id='line_1_43' title="bbox 1021 2865 1607 2907; baseline -0.002 -3"><span class='ocrx_word' id='word_1_294' title='bbox 1021 2865 1072 2905; x_wconf 81' lang='lat' dir='ltr'><strong>IN</strong></span> <span class='ocrx_word' id='word_1_295' title='bbox 1109 2865 1298 2905; x_wconf 73' lang='lat' dir='ltr'><strong>NATALI</strong></span> <span class='ocrx_word' id='word_1_296' title='bbox 1338 2866 1607 2907; x_wconf 69' lang='lat' dir='ltr'><strong>VIRGINUM.</strong></span> 
     </span>
    </p>
   </div>
   <div class='ocr_carea' id='block_1_44' title="bbox 603 2962 2105 3032">
    <p class='ocr_par' dir='ltr' id='par_1_44' title="bbox 603 2962 2105 3032">
     <span class='ocr_line' id='line_1_44' title="bbox 603 2962 2105 3032; baseline 0.001 -15"><span class='ocrx_word' id='word_1_297' title='bbox 603 2962 762 3030; x_wconf 89' lang='lat' dir='ltr'><strong>Deus,</strong></span> <span class='ocrx_word' id='word_1_298' title='bbox 787 2962 876 3032; x_wconf 90' lang='lat' dir='ltr'><strong>qui</strong></span> <span class='ocrx_word' id='word_1_299' title='bbox 899 2962 1037 3018; x_wconf 91' lang='lat' dir='ltr'><strong>inter</strong></span> <span class='ocrx_word' id='word_1_300' title='bbox 1052 2971 1244 3019; x_wconf 74' lang='lat' dir='ltr'><strong>caetera</strong></span> <span class='ocrx_word' id='word_1_301' title='bbox 1267 2963 1516 3031; x_wconf 86' lang='lat' dir='ltr'><strong>potentiae</strong></span> <span class='ocrx_word' id='word_1_302' title='bbox 1540 2972 1645 3018; x_wconf 67' lang='lat' dir='ltr'><strong>tua:</strong></span> <span class='ocrx_word' id='word_1_303' title='bbox 1667 2962 1920 3019; x_wconf 89' lang='lat' dir='ltr'><strong>miracula</strong></span> <span class='ocrx_word' id='word_1_304' title='bbox 1946 2963 2105 3019; x_wconf 84' lang='lat' dir='ltr'><strong>etiam</strong></span> 
     </span>
    </p>
   </div>
   <div class='ocr_carea' id='block_1_45' title="bbox 532 3053 2107 3125">
    <p class='ocr_par' dir='ltr' id='par_1_45' title="bbox 532 3053 2107 3125">
     <span class='ocr_line' id='line_1_45' title="bbox 532 3053 2107 3125; baseline 0 -16"><span class='ocrx_word' id='word_1_305' title='bbox 532 3054 586 3111; x_wconf 89' lang='lat' dir='ltr'><strong>in</strong></span> <span class='ocrx_word' id='word_1_306' title='bbox 609 3070 737 3109; x_wconf 85' lang='lat' dir='ltr'><strong>sexu</strong></span> <span class='ocrx_word' id='word_1_307' title='bbox 768 3054 939 3123; x_wconf 80' lang='lat' dir='ltr'><strong>fragili</strong></span> <span class='ocrx_word' id='word_1_308' title='bbox 970 3054 1249 3110; x_wconf 80' lang='lat' dir='ltr'><strong>victoriam</strong></span> <span class='ocrx_word' id='word_1_309' title='bbox 1281 3054 1519 3125; x_wconf 89' lang='lat' dir='ltr'><strong>martyrii</strong></span> <span class='ocrx_word' id='word_1_310' title='bbox 1550 3053 1841 3120; x_wconf 88' lang='lat' dir='ltr'><strong>contulisti,</strong></span> <span class='ocrx_word' id='word_1_311' title='bbox 1872 3054 2107 3110; x_wconf 90' lang='lat' dir='ltr'><strong>concede</strong></span> 
     </span>
    </p>
   </div>
   <div class='ocr_carea' id='block_1_46' title="bbox 528 3146 2105 3217">
    <p class='ocr_par' dir='ltr' id='par_1_46' title="bbox 528 3146 2105 3217">
     <span class='ocr_line' id='line_1_46' title="bbox 528 3146 2105 3217; baseline 0.003 -16"><span class='ocrx_word' id='word_1_312' title='bbox 528 3146 787 3216; x_wconf 88' lang='lat' dir='ltr'><strong>propitius</strong></span> <span class='ocrx_word' id='word_1_313' title='bbox 815 3156 871 3200; x_wconf 94' lang='lat' dir='ltr'><strong>ut</strong></span> <span class='ocrx_word' id='word_1_314' title='bbox 916 3146 1064 3217; x_wconf 88' lang='lat' dir='ltr'><strong>cujus</strong></span> <span class='ocrx_word' id='word_1_315' title='bbox 1110 3148 1346 3202; x_wconf 84' lang='lat' dir='ltr'><strong>natalitia</strong></span> <span class='ocrx_word' id='word_1_316' title='bbox 1375 3147 1622 3213; x_wconf 85' lang='lat' dir='ltr'><strong>colimus,</strong></span> <span class='ocrx_word' id='word_1_317' title='bbox 1656 3161 1750 3216; x_wconf 87' lang='lat' dir='ltr'><strong>per</strong></span> <span class='ocrx_word' id='word_1_318' title='bbox 1797 3146 1913 3216; x_wconf 89' lang='lat' dir='ltr'><strong>ejus</strong></span> <span class='ocrx_word' id='word_1_319' title='bbox 1957 3148 2023 3204; x_wconf 88' lang='lat' dir='ltr'><strong>ad</strong></span> <span class='ocrx_word' id='word_1_320' title='bbox 2051 3156 2105 3205; x_wconf 90' lang='lat' dir='ltr'><strong>te</strong></span> 
     </span>
    </p>
   </div>
   <div class='ocr_carea' id='block_1_47' title="bbox 474 3237 1858 3311">
    <p class='ocr_par' dir='ltr' id='par_1_47' title="bbox 474 3237 1858 3311">
     <span class='ocr_line' id='line_1_47' title="bbox 474 3237 1858 3311; baseline -0.003 -12"><span class='ocrx_word' id='word_1_321' title='bbox 474 3304 481 3309; x_wconf 62' lang='grc'><strong><em>,</em></strong></span> <span class='ocrx_word' id='word_1_322' title='bbox 528 3240 774 3311; x_wconf 77' lang='lat' dir='ltr'><strong>exempla</strong></span> <span class='ocrx_word' id='word_1_323' title='bbox 802 3237 1128 3311; x_wconf 81' lang='lat' dir='ltr'><strong>gradiantur.</strong></span> <span class='ocrx_word' id='word_1_324' title='bbox 1158 3240 1260 3295; x_wconf 88' lang='lat' dir='ltr'><strong>Per</strong></span> <span class='ocrx_word' id='word_1_325' title='bbox 1290 3238 1568 3295; x_wconf 87' lang='lat' dir='ltr'><strong>Dominum</strong></span> <span class='ocrx_word' id='word_1_326' title='bbox 1593 3248 1858 3295; x_wconf 89' lang='lat' dir='ltr'><strong>nostrum.</strong></span> 
     </span>
    </p>
   </div>
   <div class='ocr_carea' id='block_1_48' title="bbox 602 3326 2103 3400">
    <p class='ocr_par' dir='ltr' id='par_1_48' title="bbox 602 3326 2103 3400">
     <span class='ocr_line' id='line_1_48' title="bbox 602 3326 2103 3400; baseline 0 -16"><span class='ocrx_word' id='word_1_327' title='bbox 602 3330 774 3400; x_wconf 83' lang='lat' dir='ltr'><strong>Super</strong></span> <span class='ocrx_word' id='word_1_328' title='bbox 801 3328 990 3382; x_wconf 89' lang='lat' dir='ltr'><strong>oblata.</strong></span> <span class='ocrx_word' id='word_1_329' title='bbox 1022 3357 1090 3369; x_wconf 93' lang='lat'><strong><em>—</em></strong></span> <span class='ocrx_word' id='word_1_330' title='bbox 1112 3329 1166 3382; x_wconf 91' lang='lat' dir='ltr'><strong>In</strong></span> <span class='ocrx_word' id='word_1_331' title='bbox 1194 3337 1391 3384; x_wconf 62' lang='lat' dir='ltr'><strong>sanctae</strong></span> <span class='ocrx_word' id='word_1_332' title='bbox 1419 3328 1641 3400; x_wconf 80' lang='lat' dir='ltr'><strong>virginis</strong></span> <span class='ocrx_word' id='word_1_333' title='bbox 1665 3326 1757 3382; x_wconf 87' lang='lat' dir='ltr'><strong>Ill.</strong></span> <span class='ocrx_word' id='word_1_334' title='bbox 1815 3327 2103 3384; x_wconf 86' lang='lat' dir='ltr'><strong>festivitate</strong></span> 
     </span>
    </p>
   </div>
   <div class='ocr_carea' id='block_1_49' title="bbox 529 3420 2106 3495">
    <p class='ocr_par' dir='ltr' id='par_1_49' title="bbox 529 3420 2106 3495">
     <span class='ocr_line' id='line_1_49' title="bbox 529 3420 2106 3495; baseline -0.002 -18"><span class='ocrx_word' id='word_1_335' title='bbox 529 3422 786 3495; x_wconf 88' lang='lat' dir='ltr'><strong>pretiosa,</strong></span> <span class='ocrx_word' id='word_1_336' title='bbox 820 3430 927 3485; x_wconf 88' lang='lat' dir='ltr'><strong>tua,</strong></span> <span class='ocrx_word' id='word_1_337' title='bbox 983 3420 1227 3486; x_wconf 87' lang='lat' dir='ltr'><strong>Domino,</strong></span> <span class='ocrx_word' id='word_1_338' title='bbox 1267 3420 1529 3475; x_wconf 90' lang='lat' dir='ltr'><strong>mirabilia</strong></span> <span class='ocrx_word' id='word_1_339' title='bbox 1577 3420 1944 3489; x_wconf 85' lang='lat' dir='ltr'><strong>praedicantes,</strong></span> <span class='ocrx_word' id='word_1_340' title='bbox 1988 3435 2106 3475; x_wconf 92' lang='lat' dir='ltr'><strong>mu-</strong></span> 
     </span>
    </p>
   </div>
   <div class='ocr_carea' id='block_1_50' title="bbox 2216 1971 3795 2055">
    <p class='ocr_par' dir='ltr' id='par_1_50' title="bbox 2216 1971 3795 2055">
     <span class='ocr_line' id='line_1_50' title="bbox 2216 1971 3795 2055; baseline 0.011 -30"><span class='ocrx_word' id='word_1_341' title='bbox 2216 1971 2355 2040; x_wconf 90' lang='lat' dir='ltr'><strong>quod</strong></span> <span class='ocrx_word' id='word_1_342' title='bbox 2384 1972 2451 2027; x_wconf 91' lang='lat' dir='ltr'><strong>de</strong></span> <span class='ocrx_word' id='word_1_343' title='bbox 2479 1987 2546 2029; x_wconf 91' lang='lat' dir='ltr'><strong>eo</strong></span> <span class='ocrx_word' id='word_1_344' title='bbox 2572 1976 2732 2029; x_wconf 88' lang='lat' dir='ltr'><strong>etiam</strong></span> <span class='ocrx_word' id='word_1_345' title='bbox 2762 1990 2923 2031; x_wconf 84' lang='lat' dir='ltr'><strong>sexus</strong></span> <span class='ocrx_word' id='word_1_346' title='bbox 2950 1978 3149 2048; x_wconf 86' lang='lat' dir='ltr'><strong>fragilis</strong></span> <span class='ocrx_word' id='word_1_347' title='bbox 3174 1978 3282 2049; x_wconf 88' lang='lat' dir='ltr'><strong>jam</strong></span> <span class='ocrx_word' id='word_1_348' title='bbox 3306 1981 3613 2053; x_wconf 83' lang='lat' dir='ltr'><strong>triumphat.</strong></span> <span class='ocrx_word' id='word_1_349' title='bbox 3644 1987 3795 2055; x_wconf 63' lang='lat' dir='ltr'><strong>Qua-</strong></span> 
     </span>
    </p>
   </div>
   <div class='ocr_carea' id='block_1_51' title="bbox 2215 2066 3796 2147">
    <p class='ocr_par' dir='ltr' id='par_1_51' title="bbox 2215 2066 3796 2147">
     <span class='ocr_line' id='line_1_51' title="bbox 2215 2066 3796 2147; baseline 0.009 -29"><span class='ocrx_word' id='word_1_350' title='bbox 2215 2074 2438 2134; x_wconf 90' lang='lat' dir='ltr'><strong>propter</strong></span> <span class='ocrx_word' id='word_1_351' title='bbox 2462 2066 2778 2123; x_wconf 84' lang='lat' dir='ltr'><strong>immensam</strong></span> <span class='ocrx_word' id='word_1_352' title='bbox 2810 2069 3061 2138; x_wconf 81' lang='lat' dir='ltr'><strong>pietatem</strong></span> <span class='ocrx_word' id='word_1_353' title='bbox 3107 2080 3251 2125; x_wconf 87' lang='lat' dir='ltr'><strong>tuam</strong></span> <span class='ocrx_word' id='word_1_354' title='bbox 3283 2074 3555 2130; x_wconf 90' lang='lat' dir='ltr'><strong>humiliter</strong></span> <span class='ocrx_word' id='word_1_355' title='bbox 3597 2092 3796 2147; x_wconf 85' lang='lat' dir='ltr'><strong>expos-</strong></span> 
     </span>
    </p>
   </div>
   <div class='ocr_carea' id='block_1_52' title="bbox 2212 2156 3793 2234">
    <p class='ocr_par' dir='ltr' id='par_1_52' title="bbox 2212 2156 3793 2234">
     <span class='ocr_line' id='line_1_52' title="bbox 2212 2156 3793 2234; baseline 0.007 -23"><span class='ocrx_word' id='word_1_356' title='bbox 2212 2156 2407 2222; x_wconf 89' lang='lat' dir='ltr'><strong>cimus,</strong></span> <span class='ocrx_word' id='word_1_357' title='bbox 2441 2166 2499 2213; x_wconf 93' lang='lat' dir='ltr'><strong>ut</strong></span> <span class='ocrx_word' id='word_1_358' title='bbox 2526 2174 2623 2229; x_wconf 90' lang='lat' dir='ltr'><strong>per</strong></span> <span class='ocrx_word' id='word_1_359' title='bbox 2656 2174 2839 2215; x_wconf 90' lang='lat' dir='ltr'><strong>earum</strong></span> <span class='ocrx_word' id='word_1_360' title='bbox 2882 2161 3335 2233; x_wconf 88' lang='lat' dir='ltr'><strong>intercessionem,</strong></span> <span class='ocrx_word' id='word_1_361' title='bbox 3374 2180 3492 2234; x_wconf 74' lang='lat' dir='ltr'><strong>qnte</strong></span> <span class='ocrx_word' id='word_1_362' title='bbox 3523 2176 3574 2221; x_wconf 91' lang='lat' dir='ltr'><strong>et</strong></span> <span class='ocrx_word' id='word_1_363' title='bbox 3602 2182 3793 2222; x_wconf 81' lang='lat' dir='ltr'><strong>sexum</strong></span> 
     </span>
    </p>
   </div>
   <div class='ocr_carea' id='block_1_53' title="bbox 2212 2254 3799 2331">
    <p class='ocr_par' dir='ltr' id='par_1_53' title="bbox 2212 2254 3799 2331">
     <span class='ocr_line' id='line_1_53' title="bbox 2212 2254 3799 2331; baseline 0.006 -25"><span class='ocrx_word' id='word_1_364' title='bbox 2212 2254 2457 2309; x_wconf 84' lang='lat' dir='ltr'><strong>vicerunt</strong></span> <span class='ocrx_word' id='word_1_365' title='bbox 2483 2262 2537 2309; x_wconf 86' lang='lat' dir='ltr'><strong>et</strong></span> <span class='ocrx_word' id='word_1_366' title='bbox 2580 2255 2868 2322; x_wconf 74' lang='lat' dir='ltr'><strong>saeculum,</strong></span> <span class='ocrx_word' id='word_1_367' title='bbox 2900 2256 3098 2323; x_wconf 86' lang='lat' dir='ltr'><strong>tibique</strong></span> <span class='ocrx_word' id='word_1_368' title='bbox 3142 2257 3456 2326; x_wconf 87' lang='lat' dir='ltr'><strong>placuerunt</strong></span> <span class='ocrx_word' id='word_1_369' title='bbox 3481 2268 3536 2314; x_wconf 89' lang='lat' dir='ltr'><strong>et</strong></span> <span class='ocrx_word' id='word_1_370' title='bbox 3577 2261 3799 2331; x_wconf 85' lang='lat' dir='ltr'><strong>virgini-</strong></span> 
     </span>
    </p>
   </div>
   <div class='ocr_carea' id='block_1_54' title="bbox 2212 2346 3799 2420">
    <p class='ocr_par' dir='ltr' id='par_1_54' title="bbox 2212 2346 3799 2420">
     <span class='ocr_line' id='line_1_54' title="bbox 2212 2346 3799 2420; baseline 0.009 -22"><span class='ocrx_word' id='word_1_371' title='bbox 2212 2346 2336 2400; x_wconf 87' lang='lat' dir='ltr'><strong>tatis</strong></span> <span class='ocrx_word' id='word_1_372' title='bbox 2365 2347 2579 2413; x_wconf 82' lang='lat' dir='ltr'><strong>decore,</strong></span> <span class='ocrx_word' id='word_1_373' title='bbox 2628 2357 2685 2403; x_wconf 89' lang='lat' dir='ltr'><strong>et</strong></span> <span class='ocrx_word' id='word_1_374' title='bbox 2730 2350 2991 2418; x_wconf 82' lang='lat' dir='ltr'><strong>passionis</strong></span> <span class='ocrx_word' id='word_1_375' title='bbox 3021 2349 3222 2420; x_wconf 84' lang='lat' dir='ltr'><strong>vigore,</strong></span> <span class='ocrx_word' id='word_1_376' title='bbox 3269 2367 3367 2407; x_wconf 89' lang='lat' dir='ltr'><strong>nos</strong></span> <span class='ocrx_word' id='word_1_377' title='bbox 3411 2369 3711 2411; x_wconf 89' lang='lat' dir='ltr'><strong>mereamur</strong></span> <span class='ocrx_word' id='word_1_378' title='bbox 3734 2368 3799 2412; x_wconf 89' lang='lat' dir='ltr'><strong>et</strong></span> 
     </span>
    </p>
   </div>
   <div class='ocr_carea' id='block_1_55' title="bbox 2210 2437 3793 2517">
    <p class='ocr_par' dir='ltr' id='par_1_55' title="bbox 2210 2437 3793 2517">
     <span class='ocr_line' id='line_1_55' title="bbox 2210 2437 3793 2517; baseline 0.009 -26"><span class='ocrx_word' id='word_1_379' title='bbox 2210 2437 2536 2493; x_wconf 88' lang='lat' dir='ltr'><strong>invisibilem</strong></span> <span class='ocrx_word' id='word_1_380' title='bbox 2583 2439 2791 2495; x_wconf 88' lang='lat' dir='ltr'><strong>hostem</strong></span> <span class='ocrx_word' id='word_1_381' title='bbox 2840 2456 3113 2511; x_wconf 87' lang='lat' dir='ltr'><strong>superare,</strong></span> <span class='ocrx_word' id='word_1_382' title='bbox 3145 2451 3201 2497; x_wconf 89' lang='lat' dir='ltr'><strong>et</strong></span> <span class='ocrx_word' id='word_1_383' title='bbox 3228 2443 3512 2517; x_wconf 88' lang='lat' dir='ltr'><strong>Unigenito</strong></span> <span class='ocrx_word' id='word_1_384' title='bbox 3542 2456 3632 2503; x_wconf 93' lang='lat' dir='ltr'><strong>tuo</strong></span> <span class='ocrx_word' id='word_1_385' title='bbox 3679 2450 3793 2506; x_wconf 85' lang='lat' dir='ltr'><strong>Do-</strong></span> 
     </span>
    </p>
   </div>
   <div class='ocr_carea' id='block_1_56' title="bbox 2209 2528 3596 2603">
    <p class='ocr_par' dir='ltr' id='par_1_56' title="bbox 2209 2528 3596 2603">
     <span class='ocr_line' id='line_1_56' title="bbox 2209 2528 3596 2603; baseline 0.01 -22"><span class='ocrx_word' id='word_1_386' title='bbox 2209 2528 2356 2583; x_wconf 90' lang='lat' dir='ltr'><strong>mino</strong></span> <span class='ocrx_word' id='word_1_387' title='bbox 2388 2539 2572 2584; x_wconf 89' lang='lat' dir='ltr'><strong>nostro</strong></span> <span class='ocrx_word' id='word_1_388' title='bbox 2603 2530 2896 2586; x_wconf 65' lang='lat' dir='ltr'><strong>adhaerere.</strong></span> <span class='ocrx_word' id='word_1_389' title='bbox 2929 2531 3033 2587; x_wconf 90' lang='lat' dir='ltr'><strong>Per</strong></span> <span class='ocrx_word' id='word_1_390' title='bbox 3056 2548 3212 2601; x_wconf 91' lang='lat' dir='ltr'><strong>quem</strong></span> <span class='ocrx_word' id='word_1_391' title='bbox 3247 2535 3596 2603; x_wconf 81' lang='lat' dir='ltr'><strong>Majestatem.</strong></span> 
     </span>
    </p>
   </div>
   <div class='ocr_carea' id='block_1_57' title="bbox 2282 2617 3799 2697">
    <p class='ocr_par' dir='ltr' id='par_1_57' title="bbox 2282 2617 3799 2697">
     <span class='ocr_line' id='line_1_57' title="bbox 2282 2617 3799 2697; baseline 0.01 -27"><span class='ocrx_word' id='word_1_392' title='bbox 2282 2626 2309 2654; x_wconf 66' lang='grc' dir='ltr'>δι</span> <span class='ocrx_word' id='word_1_393' title='bbox 2345 2617 2661 2674; x_wconf 81' lang='lat' dir='ltr'><strong>Benedictio.</strong></span> <span class='ocrx_word' id='word_1_394' title='bbox 2687 2647 2758 2662; x_wconf 88' lang='lat'><strong>-</strong></span> <span class='ocrx_word' id='word_1_395' title='bbox 2774 2620 3063 2676; x_wconf 86' lang='lat' dir='ltr'><strong>Benedicat</strong></span> <span class='ocrx_word' id='word_1_396' title='bbox 3090 2622 3245 2676; x_wconf 86' lang='lat' dir='ltr'><strong>vobis</strong></span> <span class='ocrx_word' id='word_1_397' title='bbox 3273 2622 3529 2681; x_wconf 89' lang='lat' dir='ltr'><strong>Dominus</strong></span> <span class='ocrx_word' id='word_1_398' title='bbox 3552 2626 3640 2697; x_wconf 86' lang='lat' dir='ltr'><strong>qui</strong></span> <span class='ocrx_word' id='word_1_399' title='bbox 3663 2627 3799 2684; x_wconf 82' lang='lat' dir='ltr'><strong>bea-</strong></span> 
     </span>
    </p>
   </div>
   <div class='ocr_carea' id='block_1_58' title="bbox 2210 2708 3801 2787">
    <p class='ocr_par' dir='ltr' id='par_1_58' title="bbox 2210 2708 3801 2787">
     <span class='ocr_line' id='line_1_58' title="bbox 2210 2708 3801 2787; baseline 0.009 -25"><span class='ocrx_word' id='word_1_400' title='bbox 2210 2717 2278 2763; x_wconf 72' lang='lat' dir='ltr'><strong>ta:</strong></span> <span class='ocrx_word' id='word_1_401' title='bbox 2302 2709 2493 2777; x_wconf 85' lang='lat' dir='ltr'><strong>virgini</strong></span> <span class='ocrx_word' id='word_1_402' title='bbox 2526 2708 2619 2763; x_wconf 86' lang='lat' dir='ltr'><strong>Ill.</strong></span> <span class='ocrx_word' id='word_1_403' title='bbox 2658 2712 2927 2765; x_wconf 85' lang='lat' dir='ltr'><strong>concessit</strong></span> <span class='ocrx_word' id='word_1_404' title='bbox 2973 2721 3026 2767; x_wconf 88' lang='lat' dir='ltr'><strong>et</strong></span> <span class='ocrx_word' id='word_1_405' title='bbox 3074 2713 3318 2769; x_wconf 87' lang='lat' dir='ltr'><strong>decorem</strong></span> <span class='ocrx_word' id='word_1_406' title='bbox 3370 2717 3683 2787; x_wconf 84' lang='lat' dir='ltr'><strong>virginitatis</strong></span> <span class='ocrx_word' id='word_1_407' title='bbox 3734 2732 3801 2779; x_wconf 84' lang='lat' dir='ltr'><strong>et</strong></span> 
     </span>
    </p>
   </div>
   <div class='ocr_carea' id='block_1_59' title="bbox 2209 2802 3795 2878">
    <p class='ocr_par' dir='ltr' id='par_1_59' title="bbox 2209 2802 3795 2878">
     <span class='ocr_line' id='line_1_59' title="bbox 2209 2802 3795 2878; baseline 0.01 -23"><span class='ocrx_word' id='word_1_408' title='bbox 2209 2802 2433 2872; x_wconf 78' lang='lat' dir='ltr'><strong>gloriam</strong></span> <span class='ocrx_word' id='word_1_409' title='bbox 2465 2802 2753 2872; x_wconf 81' lang='lat' dir='ltr'><strong>passionis.</strong></span> <span class='ocrx_word' id='word_1_410' title='bbox 2782 2802 2971 2859; x_wconf 83' lang='lat' dir='ltr'><strong>Amen.</strong></span> <span class='ocrx_word' id='word_1_411' title='bbox 3010 2805 3079 2860; x_wconf 86' lang='lat' dir='ltr'><strong>Et</strong></span> <span class='ocrx_word' id='word_1_412' title='bbox 3107 2806 3260 2877; x_wconf 87' lang='lat' dir='ltr'><strong>cujus</strong></span> <span class='ocrx_word' id='word_1_413' title='bbox 3306 2810 3654 2878; x_wconf 77' lang='lat' dir='ltr'><strong>opitulatidne</strong></span> <span class='ocrx_word' id='word_1_414' title='bbox 3699 2814 3795 2871; x_wconf 89' lang='lat' dir='ltr'><strong>illa</strong></span> 
     </span>
    </p>
   </div>
   <div class='ocr_carea' id='block_1_60' title="bbox 2210 2892 3794 2969">
    <p class='ocr_par' dir='ltr' id='par_1_60' title="bbox 2210 2892 3794 2969">
     <span class='ocr_line' id='line_1_60' title="bbox 2210 2892 3794 2969; baseline 0.008 -20"><span class='ocrx_word' id='word_1_415' title='bbox 2210 2892 2403 2949; x_wconf 86' lang='lat' dir='ltr'><strong>meruit</strong></span> <span class='ocrx_word' id='word_1_416' title='bbox 2430 2901 2485 2948; x_wconf 90' lang='lat' dir='ltr'><strong>et</strong></span> <span class='ocrx_word' id='word_1_417' title='bbox 2512 2907 2672 2949; x_wconf 82' lang='lat' dir='ltr'><strong>sexus</strong></span> <span class='ocrx_word' id='word_1_418' title='bbox 2692 2893 3028 2965; x_wconf 78' lang='lat' dir='ltr'><strong>fragilitatem</strong></span> <span class='ocrx_word' id='word_1_419' title='bbox 3049 2904 3105 2952; x_wconf 87' lang='lat' dir='ltr'><strong>et</strong></span> <span class='ocrx_word' id='word_1_420' title='bbox 3128 2901 3550 2969; x_wconf 84' lang='lat' dir='ltr'><strong>persequentium</strong></span> <span class='ocrx_word' id='word_1_421' title='bbox 3580 2904 3794 2961; x_wconf 89' lang='lat' dir='ltr'><strong>rabiem</strong></span> 
     </span>
    </p>
   </div>
   <div class='ocr_carea' id='block_1_61' title="bbox 2209 2984 3796 3061">
    <p class='ocr_par' dir='ltr' id='par_1_61' title="bbox 2209 2984 3796 3061">
     <span class='ocr_line' id='line_1_61' title="bbox 2209 2984 3796 3061; baseline 0.006 -22"><span class='ocrx_word' id='word_1_422' title='bbox 2209 2984 2515 3051; x_wconf 74' lang='lat' dir='ltr'><strong>devineete,</strong></span> <span class='ocrx_word' id='word_1_423' title='bbox 2543 2998 2641 3040; x_wconf 87' lang='lat' dir='ltr'><strong>vos</strong></span> <span class='ocrx_word' id='word_1_424' title='bbox 2689 2984 2905 3054; x_wconf 84' lang='lat' dir='ltr'><strong>possitis</strong></span> <span class='ocrx_word' id='word_1_425' title='bbox 2931 2993 2985 3041; x_wconf 90' lang='lat' dir='ltr'><strong>et</strong></span> <span class='ocrx_word' id='word_1_426' title='bbox 3010 2994 3311 3043; x_wconf 83' lang='lat' dir='ltr'><strong>vestrorum</strong></span> <span class='ocrx_word' id='word_1_427' title='bbox 3349 3005 3632 3061; x_wconf 84' lang='lat' dir='ltr'><strong>corporum</strong></span> <span class='ocrx_word' id='word_1_428' title='bbox 3663 2994 3796 3049; x_wconf 75' lang='lat' dir='ltr'><strong>ille~</strong></span> 
     </span>
    </p>
   </div>
   <div class='ocr_carea' id='block_1_62' title="bbox 2212 3074 3797 3154">
    <p class='ocr_par' dir='ltr' id='par_1_62' title="bbox 2212 3074 3797 3154">
     <span class='ocr_line' id='line_1_62' title="bbox 2212 3074 3797 3154; baseline 0.007 -23"><span class='ocrx_word' id='word_1_429' title='bbox 2212 3074 2401 3132; x_wconf 87' lang='lat' dir='ltr'><strong>cebras</strong></span> <span class='ocrx_word' id='word_1_430' title='bbox 2448 3085 2505 3131; x_wconf 84' lang='lat' dir='ltr'><strong>et</strong></span> <span class='ocrx_word' id='word_1_431' title='bbox 2566 3076 2766 3145; x_wconf 84' lang='lat' dir='ltr'><strong>antiqui</strong></span> <span class='ocrx_word' id='word_1_432' title='bbox 2819 3076 2987 3133; x_wconf 78' lang='lat' dir='ltr'><strong>hostia</strong></span> <span class='ocrx_word' id='word_1_433' title='bbox 3040 3078 3461 3136; x_wconf 85' lang='lat' dir='ltr'><strong>machinamenta</strong></span> <span class='ocrx_word' id='word_1_434' title='bbox 3513 3082 3797 3154; x_wconf 77' lang='lat' dir='ltr'><strong>superare.</strong></span> 
     </span>
    </p>
   </div>
   <div class='ocr_carea' id='block_1_63' title="bbox 2210 3167 3799 3238">
    <p class='ocr_par' dir='ltr' id='par_1_63' title="bbox 2210 3167 3799 3238">
     <span class='ocr_line' id='line_1_63' title="bbox 2210 3167 3799 3238; baseline 0.007 -17"><span class='ocrx_word' id='word_1_435' title='bbox 2210 3168 2402 3222; x_wconf 81' lang='lat' dir='ltr'><strong>Amen.</strong></span> <span class='ocrx_word' id='word_1_436' title='bbox 2437 3167 2551 3234; x_wconf 86' lang='lat' dir='ltr'><strong>Quo</strong></span> <span class='ocrx_word' id='word_1_437' title='bbox 2578 3171 2713 3221; x_wconf 92' lang='lat' dir='ltr'><strong>sicut</strong></span> <span class='ocrx_word' id='word_1_438' title='bbox 2754 3167 2842 3223; x_wconf 91' lang='lat' dir='ltr'><strong>illa</strong></span> <span class='ocrx_word' id='word_1_439' title='bbox 2870 3182 3003 3224; x_wconf 85' lang='lat' dir='ltr'><strong>sexu</strong></span> <span class='ocrx_word' id='word_1_440' title='bbox 3045 3169 3214 3238; x_wconf 65' lang='lat' dir='ltr'><strong>fragili</strong></span> <span class='ocrx_word' id='word_1_441' title='bbox 3242 3172 3397 3227; x_wconf 90' lang='lat' dir='ltr'><strong>virile</strong></span> <span class='ocrx_word' id='word_1_442' title='bbox 3425 3174 3539 3229; x_wconf 81' lang='lat' dir='ltr'><strong>uisa</strong></span> <span class='ocrx_word' id='word_1_443' title='bbox 3560 3186 3642 3229; x_wconf 86' lang='lat' dir='ltr'><strong>est</strong></span> <span class='ocrx_word' id='word_1_444' title='bbox 3668 3190 3799 3232; x_wconf 82' lang='lat' dir='ltr'><strong>cer-</strong></span> 
     </span>
    </p>
   </div>
   <div class='ocr_carea' id='block_1_64' title="bbox 2125 3250 3797 3328">
    <p class='ocr_par' dir='ltr' id='par_1_64' title="bbox 2125 3250 3797 3328">
     <span class='ocr_line' id='line_1_64' title="bbox 2125 3250 3797 3328; baseline 0.005 -12"><span class='ocrx_word' id='word_1_445' title='bbox 2125 3250 2174 3316; x_wconf 84' lang='lat' dir='ltr'><strong>C</strong></span> <span class='ocrx_word' id='word_1_446' title='bbox 2211 3268 2386 3315; x_wconf 85' lang='lat' dir='ltr'><strong>tamen</strong></span> <span class='ocrx_word' id='word_1_447' title='bbox 2428 3259 2601 3324; x_wconf 82' lang='lat' dir='ltr'><strong>adire,</strong></span> <span class='ocrx_word' id='word_1_448' title='bbox 2641 3267 2698 3314; x_wconf 91' lang='lat' dir='ltr'><strong>et</strong></span> <span class='ocrx_word' id='word_1_449' title='bbox 2738 3269 2858 3328; x_wconf 81' lang='lat' dir='ltr'><strong>post</strong></span> <span class='ocrx_word' id='word_1_450' title='bbox 2900 3271 3171 3318; x_wconf 81' lang='lat' dir='ltr'><strong>certamen</strong></span> <span class='ocrx_word' id='word_1_451' title='bbox 3216 3264 3283 3318; x_wconf 83' lang='lat' dir='ltr'><strong>de</strong></span> <span class='ocrx_word' id='word_1_452' title='bbox 3318 3264 3555 3322; x_wconf 83' lang='lat' dir='ltr'><strong>hostibus</strong></span> <span class='ocrx_word' id='word_1_453' title='bbox 3599 3268 3797 3325; x_wconf 88' lang='lat' dir='ltr'><strong>trium-</strong></span> 
     </span>
    </p>
   </div>
   <div class='ocr_carea' id='block_1_65' title="bbox 2210 3349 3801 3422">
    <p class='ocr_par' dir='ltr' id='par_1_65' title="bbox 2210 3349 3801 3422">
     <span class='ocr_line' id='line_1_65' title="bbox 2210 3349 3801 3422; baseline 0.008 -18"><span class='ocrx_word' id='word_1_454' title='bbox 2210 3350 2399 3422; x_wconf 83' lang='lat' dir='ltr'><strong>phare,</strong></span> <span class='ocrx_word' id='word_1_455' title='bbox 2428 3350 2500 3404; x_wconf 89' lang='lat' dir='ltr'><strong>ita</strong></span> <span class='ocrx_word' id='word_1_456' title='bbox 2521 3363 2619 3406; x_wconf 87' lang='lat' dir='ltr'><strong>vos</strong></span> <span class='ocrx_word' id='word_1_457' title='bbox 2667 3349 2720 3407; x_wconf 91' lang='lat' dir='ltr'><strong>in</strong></span> <span class='ocrx_word' id='word_1_458' title='bbox 2752 3349 2851 3406; x_wconf 86' lang='lat' dir='ltr'><strong>hae</strong></span> <span class='ocrx_word' id='word_1_459' title='bbox 2877 3351 3198 3407; x_wconf 75' lang='lat' dir='ltr'><strong>mortalitate</strong></span> <span class='ocrx_word' id='word_1_460' title='bbox 3218 3354 3458 3411; x_wconf 86' lang='lat' dir='ltr'><strong>viventes</strong></span> <span class='ocrx_word' id='word_1_461' title='bbox 3482 3356 3714 3413; x_wconf 87' lang='lat' dir='ltr'><strong>valeatis</strong></span> <span class='ocrx_word' id='word_1_462' title='bbox 3744 3370 3801 3416; x_wconf 82' lang='lat' dir='ltr'><strong>ct</strong></span> 
     </span>
    </p>
   </div>
   <div class='ocr_carea' id='block_1_66' title="bbox 2211 3442 3798 3517">
    <p class='ocr_par' dir='ltr' id='par_1_66' title="bbox 2211 3442 3798 3517">
     <span class='ocr_line' id='line_1_66' title="bbox 2211 3442 3798 3517; baseline 0.006 -22"><span class='ocrx_word' id='word_1_463' title='bbox 2211 3444 2483 3512; x_wconf 90' lang='lat' dir='ltr'><strong>antiquum</strong></span> <span class='ocrx_word' id='word_1_464' title='bbox 2526 3442 2738 3497; x_wconf 82' lang='lat' dir='ltr'><strong>hostem</strong></span> <span class='ocrx_word' id='word_1_465' title='bbox 2779 3442 3082 3507; x_wconf 73' lang='lat' dir='ltr'><strong>devincam,</strong></span> <span class='ocrx_word' id='word_1_466' title='bbox 3131 3454 3186 3499; x_wconf 87' lang='lat' dir='ltr'><strong>et</strong></span> <span class='ocrx_word' id='word_1_467' title='bbox 3228 3446 3297 3500; x_wconf 89' lang='lat' dir='ltr'><strong>ad</strong></span> <span class='ocrx_word' id='word_1_468' title='bbox 3343 3461 3508 3517; x_wconf 87' lang='lat' dir='ltr'><strong>regna</strong></span> <span class='ocrx_word' id='word_1_469' title='bbox 3550 3450 3798 3505; x_wconf 73' lang='lat' dir='ltr'><strong>cmicstia</strong></span> 
     </span>
    </p>
   </div>
   <div class='ocr_carea' id='block_1_67' title="bbox 529 3510 3361 3604">
    <p class='ocr_par' dir='ltr' id='par_1_67' title="bbox 529 3510 3361 3604">
     <span class='ocr_line' id='line_1_67' title="bbox 529 3510 3361 3604; baseline 0.003 -38"><span class='ocrx_word' id='word_1_470' title='bbox 529 3526 661 3568; x_wconf 90' lang='lat' dir='ltr'><strong>nera</strong></span> <span class='ocrx_word' id='word_1_471' title='bbox 690 3510 863 3567; x_wconf 89' lang='lat' dir='ltr'><strong>votiva</strong></span> <span class='ocrx_word' id='word_1_472' title='bbox 891 3510 1216 3576; x_wconf 87' lang='lat' dir='ltr'><strong>deferimus;</strong></span> <span class='ocrx_word' id='word_1_473' title='bbox 1252 3522 1465 3579; x_wconf 82' lang='lat' dir='ltr'><strong>praesta,</strong></span> <span class='ocrx_word' id='word_1_474' title='bbox 1495 3526 1820 3580; x_wconf 62' lang='lat' dir='ltr'><strong>quaesumus,</strong></span> <span class='ocrx_word' id='word_1_475' title='bbox 1847 3520 1927 3604; x_wconf 90' lang='lat' dir='ltr'><strong>ut</strong></span> <span class='ocrx_word' id='word_1_476' title='bbox 1947 3512 2113 3604; x_wconf 23' lang='lat' dir='ltr'><strong>Asicut</strong></span> <span class='ocrx_word' id='word_1_477' title='bbox 2210 3510 2515 3604; x_wconf 42' lang='lat' dir='ltr'><strong>pergam”.</strong></span> <span class='ocrx_word' id='word_1_478' title='bbox 2543 3534 2738 3588; x_wconf 56' lang='lat' dir='ltr'><strong>Amen.</strong></span> <span class='ocrx_word' id='word_1_479' title='bbox 2759 3531 2914 3600; x_wconf 65' lang='lat' dir='ltr'><strong>Quod</strong></span> <span class='ocrx_word' id='word_1_480' title='bbox 2943 3536 3058 3604; x_wconf 62' lang='lat' dir='ltr'><strong>ipse</strong></span> <span class='ocrx_word' id='word_1_481' title='bbox 3087 3545 3361 3604; x_wconf 48' lang='lat' dir='ltr'><strong>prmum.</strong></span> 
     </span>
    </p>
   </div>
   <div class='ocr_carea' id='block_1_68' title="bbox 529 3600 2109 3670">
    <p class='ocr_par' dir='ltr' id='par_1_68' title="bbox 529 3600 2109 3670">
     <span class='ocr_line' id='line_1_68' title="bbox 529 3600 2109 3670; baseline 0.001 -14"><span class='ocrx_word' id='word_1_482' title='bbox 529 3601 646 3670; x_wconf 88' lang='lat' dir='ltr'><strong>ejus</strong></span> <span class='ocrx_word' id='word_1_483' title='bbox 676 3600 770 3655; x_wconf 89' lang='lat' dir='ltr'><strong>tibi</strong></span> <span class='ocrx_word' id='word_1_484' title='bbox 808 3608 957 3669; x_wconf 85' lang='lat' dir='ltr'><strong>grata</strong></span> <span class='ocrx_word' id='word_1_485' title='bbox 1002 3609 1126 3655; x_wconf 88' lang='lat' dir='ltr'><strong>sunt</strong></span> <span class='ocrx_word' id='word_1_486' title='bbox 1154 3602 1364 3667; x_wconf 86' lang='lat' dir='ltr'><strong>merita,</strong></span> <span class='ocrx_word' id='word_1_487' title='bbox 1397 3601 1473 3656; x_wconf 91' lang='lat' dir='ltr'><strong>sic</strong></span> <span class='ocrx_word' id='word_1_488' title='bbox 1503 3611 1698 3655; x_wconf 67' lang='lat' dir='ltr'><strong>nostrae</strong></span> <span class='ocrx_word' id='word_1_489' title='bbox 1719 3602 1988 3657; x_wconf 79' lang='lat' dir='ltr'><strong>servitutis</strong></span> <span class='ocrx_word' id='word_1_490' title='bbox 2017 3616 2109 3657; x_wconf 85' lang='lat' dir='ltr'><strong>ac-</strong></span> 
     </span>
    </p>
   </div>
   <div class='ocr_carea' id='block_1_69' title="bbox 530 3691 1947 3763">
    <p class='ocr_par' dir='ltr' id='par_1_69' title="bbox 530 3691 1947 3763">
     <span class='ocr_line' id='line_1_69' title="bbox 530 3691 1947 3763; baseline 0.001 -16"><span class='ocrx_word' id='word_1_491' title='bbox 530 3704 682 3763; x_wconf 87' lang='lat' dir='ltr'><strong>cepta</strong></span> <span class='ocrx_word' id='word_1_492' title='bbox 707 3692 994 3747; x_wconf 90' lang='lat' dir='ltr'><strong>reddantur</strong></span> <span class='ocrx_word' id='word_1_493' title='bbox 1015 3691 1214 3750; x_wconf 82' lang='lat' dir='ltr'><strong>officia.</strong></span> <span class='ocrx_word' id='word_1_494' title='bbox 1237 3693 1336 3749; x_wconf 89' lang='lat' dir='ltr'><strong>Per</strong></span> <span class='ocrx_word' id='word_1_495' title='bbox 1368 3692 1652 3749; x_wconf 88' lang='lat' dir='ltr'><strong>Dominum</strong></span> <span class='ocrx_word' id='word_1_496' title='bbox 1685 3704 1947 3750; x_wconf 89' lang='lat' dir='ltr'><strong>nostrum.</strong></span> 
     </span>
    </p>
   </div>
   <div class='ocr_carea' id='block_1_70' title="bbox 600 3782 2105 3855">
    <p class='ocr_par' dir='ltr' id='par_1_70' title="bbox 600 3782 2105 3855">
     <span class='ocr_line' id='line_1_70' title="bbox 600 3782 2105 3855; baseline 0.003 -19"><span class='ocrx_word' id='word_1_497' title='bbox 600 3782 872 3852; x_wconf 75' lang='lat' dir='ltr'><strong>Prwfatio.</strong></span> <span class='ocrx_word' id='word_1_498' title='bbox 898 3813 965 3823; x_wconf 93' lang='lat'><strong><em>—</em></strong></span> <span class='ocrx_word' id='word_1_499' title='bbox 993 3782 1127 3839; x_wconf 84' lang='lat' dir='ltr'><strong>Vere</strong></span> <span class='ocrx_word' id='word_1_500' title='bbox 1148 3784 1361 3855; x_wconf 86' lang='lat' dir='ltr'><strong>dignum</strong></span> <span class='ocrx_word' id='word_1_501' title='bbox 1392 3795 1445 3841; x_wconf 87' lang='lat' dir='ltr'><strong>et</strong></span> <span class='ocrx_word' id='word_1_502' title='bbox 1463 3785 1658 3853; x_wconf 84' lang='lat' dir='ltr'><strong>justum</strong></span> <span class='ocrx_word' id='word_1_503' title='bbox 1681 3795 1785 3853; x_wconf 87' lang='lat' dir='ltr'><strong>est,</strong></span> <span class='ocrx_word' id='word_1_504' title='bbox 1808 3801 2019 3855; x_wconf 68' lang='lat' dir='ltr'><strong>mquam</strong></span> <span class='ocrx_word' id='word_1_505' title='bbox 2048 3795 2105 3841; x_wconf 91' lang='lat' dir='ltr'><strong>et</strong></span> 
     </span>
    </p>
   </div>
   <div class='ocr_carea' id='block_1_71' title="bbox 527 3876 2104 3949">
    <p class='ocr_par' dir='ltr' id='par_1_71' title="bbox 527 3876 2104 3949">
     <span class='ocr_line' id='line_1_71' title="bbox 527 3876 2104 3949; baseline -0.001 -14"><span class='ocrx_word' id='word_1_506' title='bbox 527 3876 782 3943; x_wconf 75' lang='lat' dir='ltr'><strong>salutare,</strong></span> <span class='ocrx_word' id='word_1_507' title='bbox 824 3891 920 3933; x_wconf 89' lang='lat' dir='ltr'><strong>nos</strong></span> <span class='ocrx_word' id='word_1_508' title='bbox 960 3876 1053 3931; x_wconf 88' lang='lat' dir='ltr'><strong>tibi</strong></span> <span class='ocrx_word' id='word_1_509' title='bbox 1099 3891 1309 3946; x_wconf 88' lang='lat' dir='ltr'><strong>semper</strong></span> <span class='ocrx_word' id='word_1_510' title='bbox 1356 3887 1410 3933; x_wconf 91' lang='lat' dir='ltr'><strong>et</strong></span> <span class='ocrx_word' id='word_1_511' title='bbox 1446 3880 1639 3948; x_wconf 89' lang='lat' dir='ltr'><strong>ubique</strong></span> <span class='ocrx_word' id='word_1_512' title='bbox 1684 3881 1878 3947; x_wconf 85' lang='lat' dir='ltr'><strong>gratias</strong></span> <span class='ocrx_word' id='word_1_513' title='bbox 1923 3894 2104 3949; x_wconf 85' lang='lat' dir='ltr'><strong>agere,</strong></span> 
     </span>
    </p>
   </div>
   <div class='ocr_carea' id='block_1_72' title="bbox 528 3968 2105 4041">
    <p class='ocr_par' dir='ltr' id='par_1_72' title="bbox 528 3968 2105 4041">
     <span class='ocr_line' id='line_1_72' title="bbox 528 3968 2105 4041; baseline 0.001 -16"><span class='ocrx_word' id='word_1_514' title='bbox 528 3968 752 4026; x_wconf 91' lang='lat' dir='ltr'><strong>Domine</strong></span> <span class='ocrx_word' id='word_1_515' title='bbox 780 3977 980 4036; x_wconf 87' lang='lat' dir='ltr'><strong>sancte,</strong></span> <span class='ocrx_word' id='word_1_516' title='bbox 1005 3969 1163 4026; x_wconf 89' lang='lat' dir='ltr'><strong>Pater</strong></span> <span class='ocrx_word' id='word_1_517' title='bbox 1188 3971 1545 4039; x_wconf 83' lang='lat' dir='ltr'><strong>omnipotens,</strong></span> <span class='ocrx_word' id='word_1_518' title='bbox 1586 3981 1785 4027; x_wconf 87' lang='lat' dir='ltr'><strong>aeterne</strong></span> <span class='ocrx_word' id='word_1_519' title='bbox 1816 3972 1976 4036; x_wconf 87' lang='lat' dir='ltr'><strong>Deus,</strong></span> <span class='ocrx_word' id='word_1_520' title='bbox 2007 3987 2105 4041; x_wconf 89' lang='lat' dir='ltr'><strong>per</strong></span> 
     </span>
    </p>
   </div>
   <div class='ocr_carea' id='block_1_73' title="bbox 528 4054 2104 4130">
    <p class='ocr_par' dir='ltr' id='par_1_73' title="bbox 528 4054 2104 4130">
     <span class='ocr_line' id='line_1_73' title="bbox 528 4054 2104 4130; baseline 0.004 -20"><span class='ocrx_word' id='word_1_521' title='bbox 528 4054 797 4112; x_wconf 89' lang='lat' dir='ltr'><strong>Christum</strong></span> <span class='ocrx_word' id='word_1_522' title='bbox 828 4058 1109 4113; x_wconf 89' lang='lat' dir='ltr'><strong>Dominum</strong></span> <span class='ocrx_word' id='word_1_523' title='bbox 1140 4068 1403 4115; x_wconf 87' lang='lat' dir='ltr'><strong>nostrum.</strong></span> <span class='ocrx_word' id='word_1_524' title='bbox 1435 4061 1603 4127; x_wconf 87' lang='lat' dir='ltr'><strong>Quem</strong></span> <span class='ocrx_word' id='word_1_525' title='bbox 1633 4060 1783 4115; x_wconf 86' lang='lat' dir='ltr'><strong>beata</strong></span> <span class='ocrx_word' id='word_1_526' title='bbox 1832 4062 1979 4130; x_wconf 85' lang='lat' dir='ltr'><strong>virgo</strong></span> <span class='ocrx_word' id='word_1_527' title='bbox 2009 4076 2104 4129; x_wconf 87' lang='lat' dir='ltr'><strong>pa-</strong></span> 
     </span>
    </p>
   </div>
   <div class='ocr_carea' id='block_1_74' title="bbox 526 4146 2103 4221">
    <p class='ocr_par' dir='ltr' id='par_1_74' title="bbox 526 4146 2103 4221">
     <span class='ocr_line' id='line_1_74' title="bbox 526 4146 2103 4221; baseline 0.004 -21"><span class='ocrx_word' id='word_1_528' title='bbox 526 4146 657 4200; x_wconf 89' lang='lat' dir='ltr'><strong>riter</strong></span> <span class='ocrx_word' id='word_1_529' title='bbox 688 4156 742 4201; x_wconf 89' lang='lat' dir='ltr'><strong>et</strong></span> <span class='ocrx_word' id='word_1_530' title='bbox 769 4158 968 4216; x_wconf 86' lang='lat' dir='ltr'><strong>martyr</strong></span> <span class='ocrx_word' id='word_1_531' title='bbox 997 4147 1091 4202; x_wconf 90' lang='lat' dir='ltr'><strong>Ill.</strong></span> <span class='ocrx_word' id='word_1_532' title='bbox 1124 4159 1178 4204; x_wconf 91' lang='lat' dir='ltr'><strong>et</strong></span> <span class='ocrx_word' id='word_1_533' title='bbox 1222 4150 1495 4221; x_wconf 85' lang='lat' dir='ltr'><strong>diligendo</strong></span> <span class='ocrx_word' id='word_1_534' title='bbox 1536 4150 1726 4217; x_wconf 89' lang='lat' dir='ltr'><strong>timuit,</strong></span> <span class='ocrx_word' id='word_1_535' title='bbox 1772 4158 1827 4206; x_wconf 91' lang='lat' dir='ltr'><strong>et</strong></span> <span class='ocrx_word' id='word_1_536' title='bbox 1870 4153 2103 4208; x_wconf 86' lang='lat' dir='ltr'><strong>timendo</strong></span> 
     </span>
    </p>
   </div>
   <div class='ocr_carea' id='block_1_75' title="bbox 528 4236 2105 4309">
    <p class='ocr_par' dir='ltr' id='par_1_75' title="bbox 528 4236 2105 4309">
     <span class='ocr_line' id='line_1_75' title="bbox 528 4236 2105 4309; baseline 0.006 -20"><span class='ocrx_word' id='word_1_537' title='bbox 528 4236 749 4301; x_wconf 80' lang='lat' dir='ltr'><strong>dilexit;</strong></span> <span class='ocrx_word' id='word_1_538' title='bbox 780 4237 959 4307; x_wconf 90' lang='lat' dir='ltr'><strong>illique</strong></span> <span class='ocrx_word' id='word_1_539' title='bbox 983 4237 1266 4308; x_wconf 87' lang='lat' dir='ltr'><strong>conjuncta</strong></span> <span class='ocrx_word' id='word_1_540' title='bbox 1303 4250 1387 4296; x_wconf 88' lang='lat' dir='ltr'><strong>est</strong></span> <span class='ocrx_word' id='word_1_541' title='bbox 1428 4241 1726 4309; x_wconf 89' lang='lat' dir='ltr'><strong>moriendo,</strong></span> <span class='ocrx_word' id='word_1_542' title='bbox 1757 4244 1842 4298; x_wconf 90' lang='lat' dir='ltr'><strong>cui</strong></span> <span class='ocrx_word' id='word_1_543' title='bbox 1880 4258 1940 4298; x_wconf 91' lang='lat' dir='ltr'><strong>se</strong></span> <span class='ocrx_word' id='word_1_544' title='bbox 1976 4259 2105 4300; x_wconf 64' lang='lat' dir='ltr'><strong>cono</strong></span> 
     </span>
    </p>
   </div>
   <div class='ocr_carea' id='block_1_76' title="bbox 528 4329 2105 4404">
    <p class='ocr_par' dir='ltr' id='par_1_76' title="bbox 528 4329 2105 4404">
     <span class='ocr_line' id='line_1_76' title="bbox 528 4329 2105 4404; baseline 0.007 -25"><span class='ocrx_word' id='word_1_545' title='bbox 528 4335 832 4380; x_wconf 85' lang='lat' dir='ltr'><strong>secraverat</strong></span> <span class='ocrx_word' id='word_1_546' title='bbox 851 4337 997 4382; x_wconf 89' lang='lat' dir='ltr'><strong>caste</strong></span> <span class='ocrx_word' id='word_1_547' title='bbox 1022 4329 1283 4394; x_wconf 89' lang='lat' dir='ltr'><strong>vivendo;</strong></span> <span class='ocrx_word' id='word_1_548' title='bbox 1316 4339 1370 4384; x_wconf 92' lang='lat' dir='ltr'><strong>et</strong></span> <span class='ocrx_word' id='word_1_549' title='bbox 1401 4346 1495 4399; x_wconf 90' lang='lat' dir='ltr'><strong>pro</strong></span> <span class='ocrx_word' id='word_1_550' title='bbox 1532 4346 1597 4387; x_wconf 90' lang='lat' dir='ltr'><strong>eo</strong></span> <span class='ocrx_word' id='word_1_551' title='bbox 1629 4336 1972 4404; x_wconf 88' lang='lat' dir='ltr'><strong>temporalem</strong></span> <span class='ocrx_word' id='word_1_552' title='bbox 1993 4346 2105 4392; x_wconf 88' lang='lat' dir='ltr'><strong>stu-</strong></span> 
     </span>
    </p>
   </div>
   <div class='ocr_carea' id='block_1_77' title="bbox 529 4415 2101 4495">
    <p class='ocr_par' dir='ltr' id='par_1_77' title="bbox 529 4415 2101 4495">
     <span class='ocr_line' id='line_1_77' title="bbox 529 4415 2101 4495; baseline 0.008 -26"><span class='ocrx_word' id='word_1_553' title='bbox 529 4415 641 4470; x_wconf 90' lang='lat' dir='ltr'><strong>duit</strong></span> <span class='ocrx_word' id='word_1_554' title='bbox 670 4416 1194 4486; x_wconf 13' lang='lat' dir='ltr'><strong>sustineretpaanam,</strong></span> <span class='ocrx_word' id='word_1_555' title='bbox 1224 4428 1281 4474; x_wconf 91' lang='lat' dir='ltr'><strong>ut</strong></span> <span class='ocrx_word' id='word_1_556' title='bbox 1325 4420 1393 4474; x_wconf 89' lang='lat' dir='ltr'><strong>ab</strong></span> <span class='ocrx_word' id='word_1_557' title='bbox 1437 4435 1503 4475; x_wconf 91' lang='lat' dir='ltr'><strong>eo</strong></span> <span class='ocrx_word' id='word_1_558' title='bbox 1549 4424 1845 4492; x_wconf 85' lang='lat' dir='ltr'><strong>perciperet</strong></span> <span class='ocrx_word' id='word_1_559' title='bbox 1878 4428 2101 4495; x_wconf 85' lang='lat' dir='ltr'><strong>gloriam</strong></span> 
     </span>
    </p>
   </div>
   <div class='ocr_carea' id='block_1_78' title="bbox 529 4505 2104 4585">
    <p class='ocr_par' dir='ltr' id='par_1_78' title="bbox 529 4505 2104 4585">
     <span class='ocr_line' id='line_1_78' title="bbox 529 4505 2104 4585; baseline 0.008 -28"><span class='ocrx_word' id='word_1_560' title='bbox 529 4505 926 4574; x_wconf 90' lang='lat' dir='ltr'><strong>sempiternam.</strong></span> <span class='ocrx_word' id='word_1_561' title='bbox 959 4506 1107 4574; x_wconf 63' lang='lat' dir='ltr'><strong>Quae,</strong></span> <span class='ocrx_word' id='word_1_562' title='bbox 1141 4506 1266 4563; x_wconf 90' lang='lat' dir='ltr'><strong>dum</strong></span> <span class='ocrx_word' id='word_1_563' title='bbox 1296 4506 1562 4577; x_wconf 88' lang='lat' dir='ltr'><strong>duplicem</strong></span> <span class='ocrx_word' id='word_1_564' title='bbox 1592 4511 1703 4566; x_wconf 91' lang='lat' dir='ltr'><strong>vult</strong></span> <span class='ocrx_word' id='word_1_565' title='bbox 1742 4528 1952 4570; x_wconf 91' lang='lat' dir='ltr'><strong>sumere</strong></span> <span class='ocrx_word' id='word_1_566' title='bbox 1982 4516 2104 4585; x_wconf 87' lang='lat' dir='ltr'><strong>pal-</strong></span> 
     </span>
    </p>
   </div>
   <div class='ocr_carea' id='block_1_79' title="bbox 529 4598 2434 4707">
    <p class='ocr_par' dir='ltr' id='par_1_79' title="bbox 529 4598 2434 4707">
     <span class='ocr_line' id='line_1_79' title="bbox 529 4598 2434 4707; baseline -0.002 -55"><span class='ocrx_word' id='word_1_567' title='bbox 529 4611 670 4651; x_wconf 90' lang='lat' dir='ltr'><strong>mam</strong></span> <span class='ocrx_word' id='word_1_568' title='bbox 703 4598 753 4651; x_wconf 93' lang='lat' dir='ltr'><strong>in</strong></span> <span class='ocrx_word' id='word_1_569' title='bbox 784 4599 922 4652; x_wconf 89' lang='lat' dir='ltr'><strong>sacri</strong></span> <span class='ocrx_word' id='word_1_570' title='bbox 951 4599 1254 4654; x_wconf 90' lang='lat' dir='ltr'><strong>certaminis</strong></span> <span class='ocrx_word' id='word_1_571' title='bbox 1283 4614 1471 4669; x_wconf 83' lang='lat' dir='ltr'><strong>agone,</strong></span> <span class='ocrx_word' id='word_1_572' title='bbox 1502 4611 1556 4657; x_wconf 91' lang='lat' dir='ltr'><strong>et</strong></span> <span class='ocrx_word' id='word_1_573' title='bbox 1580 4602 1647 4657; x_wconf 91' lang='lat' dir='ltr'><strong>de</strong></span> <span class='ocrx_word' id='word_1_574' title='bbox 1674 4608 1915 4673; x_wconf 89' lang='lat' dir='ltr'><strong>corporis</strong></span> <span class='ocrx_word' id='word_1_575' title='bbox 1959 4608 2104 4664; x_wconf 88' lang='lat' dir='ltr'><strong>inte-</strong></span> <span class='ocrx_word' id='word_1_576' title='bbox 2132 4625 2189 4688; x_wconf 67' lang='grc' dir='ltr'>Β</span> <span class='ocrx_word' id='word_1_577' title='bbox 2210 4598 2434 4707; x_wconf 40' lang='grc' dir='ltr'><strong>ὦᾖῶ</strong></span> 
     </span>
    </p>
   </div>
   <div class='ocr_carea' id='block_1_80' title="bbox 527 4689 2103 4771">
    <p class='ocr_par' dir='ltr' id='par_1_80' title="bbox 527 4689 2103 4771">
     <span class='ocr_line' id='line_1_80' title="bbox 527 4689 2103 4771; baseline 0.01 -30"><span class='ocrx_word' id='word_1_578' title='bbox 527 4691 743 4758; x_wconf 89' lang='lat' dir='ltr'><strong>gritate,</strong></span> <span class='ocrx_word' id='word_1_579' title='bbox 775 4698 830 4743; x_wconf 92' lang='lat' dir='ltr'><strong>et</strong></span> <span class='ocrx_word' id='word_1_580' title='bbox 858 4689 923 4744; x_wconf 92' lang='lat' dir='ltr'><strong>de</strong></span> <span class='ocrx_word' id='word_1_581' title='bbox 964 4690 1089 4745; x_wconf 85' lang='lat' dir='ltr'><strong>fidei</strong></span> <span class='ocrx_word' id='word_1_582' title='bbox 1138 4691 1388 4760; x_wconf 87' lang='lat' dir='ltr'><strong>puritate,</strong></span> <span class='ocrx_word' id='word_1_583' title='bbox 1418 4692 1733 4751; x_wconf 90' lang='lat' dir='ltr'><strong>laboriosius</strong></span> <span class='ocrx_word' id='word_1_584' title='bbox 1759 4695 1909 4751; x_wconf 83' lang='lat' dir='ltr'><strong>duxit</strong></span> <span class='ocrx_word' id='word_1_585' title='bbox 1946 4699 2103 4771; x_wconf 85' lang='lat' dir='ltr'><strong>longa</strong></span> 
     </span>
    </p>
   </div>
   <div class='ocr_carea' id='block_1_81' title="bbox 524 4777 2103 4855">
    <p class='ocr_par' dir='ltr' id='par_1_81' title="bbox 524 4777 2103 4855">
     <span class='ocr_line' id='line_1_81' title="bbox 524 4777 2103 4855; baseline 0.01 -26"><span class='ocrx_word' id='word_1_586' title='bbox 524 4777 727 4846; x_wconf 89' lang='lat' dir='ltr'><strong>antiqui</strong></span> <span class='ocrx_word' id='word_1_587' title='bbox 779 4778 947 4833; x_wconf 89' lang='lat' dir='ltr'><strong>hostis</strong></span> <span class='ocrx_word' id='word_1_588' title='bbox 1004 4781 1269 4837; x_wconf 90' lang='lat' dir='ltr'><strong>sustinere</strong></span> <span class='ocrx_word' id='word_1_589' title='bbox 1319 4790 1673 4852; x_wconf 89' lang='lat' dir='ltr'><strong>tentamenta,</strong></span> <span class='ocrx_word' id='word_1_590' title='bbox 1733 4802 1889 4855; x_wconf 88' lang='lat' dir='ltr'><strong>quam</strong></span> <span class='ocrx_word' id='word_1_591' title='bbox 1938 4790 2103 4845; x_wconf 93' lang='lat' dir='ltr'><strong>vitam</strong></span> 
     </span>
    </p>
   </div>
   <div class='ocr_carea' id='block_1_82' title="bbox 526 4869 2103 4944">
    <p class='ocr_par' dir='ltr' id='par_1_82' title="bbox 526 4869 2103 4944">
     <span class='ocr_line' id='line_1_82' title="bbox 526 4869 2103 4944; baseline 0.011 -26"><span class='ocrx_word' id='word_1_592' title='bbox 526 4875 841 4934; x_wconf 66' lang='lat' dir='ltr'><strong>prazsentem</strong></span> <span class='ocrx_word' id='word_1_593' title='bbox 868 4869 974 4923; x_wconf 92' lang='lat' dir='ltr'><strong>cito</strong></span> <span class='ocrx_word' id='word_1_594' title='bbox 1003 4870 1249 4927; x_wconf 89' lang='lat' dir='ltr'><strong>amittere</strong></span> <span class='ocrx_word' id='word_1_595' title='bbox 1278 4886 1371 4942; x_wconf 90' lang='lat' dir='ltr'><strong>per</strong></span> <span class='ocrx_word' id='word_1_596' title='bbox 1390 4881 1670 4929; x_wconf 89' lang='lat' dir='ltr'><strong>tormenta.</strong></span> <span class='ocrx_word' id='word_1_597' title='bbox 1694 4876 1953 4944; x_wconf 87' lang='lat' dir='ltr'><strong>Quoniam</strong></span> <span class='ocrx_word' id='word_1_598' title='bbox 1981 4896 2103 4937; x_wconf 92' lang='lat' dir='ltr'><strong>cum</strong></span> 
     </span>
    </p>
   </div>
   <div class='ocr_carea' id='block_1_83' title="bbox 523 4956 2108 5035">
    <p class='ocr_par' dir='ltr' id='par_1_83' title="bbox 523 4956 2108 5035">
     <span class='ocr_line' id='line_1_83' title="bbox 523 4956 2108 5035; baseline 0.009 -24"><span class='ocrx_word' id='word_1_599' title='bbox 523 4958 578 5011; x_wconf 87' lang='lat' dir='ltr'><strong>in</strong></span> <span class='ocrx_word' id='word_1_600' title='bbox 611 4956 866 5028; x_wconf 83' lang='lat' dir='ltr'><strong>martyrio</strong></span> <span class='ocrx_word' id='word_1_601' title='bbox 896 4969 1257 5029; x_wconf 89' lang='lat' dir='ltr'><strong>proponantur</strong></span> <span class='ocrx_word' id='word_1_602' title='bbox 1286 4976 1348 5018; x_wconf 91' lang='lat' dir='ltr'><strong>ea</strong></span> <span class='ocrx_word' id='word_1_603' title='bbox 1378 4977 1496 5032; x_wconf 80' lang='lat' dir='ltr'><strong>quae</strong></span> <span class='ocrx_word' id='word_1_604' title='bbox 1540 4972 1792 5035; x_wconf 90' lang='lat' dir='ltr'><strong>terreant,</strong></span> <span class='ocrx_word' id='word_1_605' title='bbox 1843 4966 1897 5022; x_wconf 89' lang='lat' dir='ltr'><strong>in</strong></span> <span class='ocrx_word' id='word_1_606' title='bbox 1932 4972 2108 5025; x_wconf 88' lang='lat' dir='ltr'><strong>carnis</strong></span> 
     </span>
    </p>
   </div>
   <div class='ocr_carea' id='block_1_84' title="bbox 522 5049 2103 5123">
    <p class='ocr_par' dir='ltr' id='par_1_84' title="bbox 522 5049 2103 5123">
     <span class='ocr_line' id='line_1_84' title="bbox 522 5049 2103 5123; baseline 0.011 -23"><span class='ocrx_word' id='word_1_607' title='bbox 522 5060 652 5101; x_wconf 91' lang='lat' dir='ltr'><strong>vero</strong></span> <span class='ocrx_word' id='word_1_608' title='bbox 680 5049 1079 5106; x_wconf 85' lang='lat' dir='ltr'><strong>delectamentis</strong></span> <span class='ocrx_word' id='word_1_609' title='bbox 1101 5068 1162 5107; x_wconf 89' lang='lat' dir='ltr'><strong>ca</strong></span> <span class='ocrx_word' id='word_1_610' title='bbox 1184 5067 1301 5123; x_wconf 62' lang='lat' dir='ltr'><strong>qua:</strong></span> <span class='ocrx_word' id='word_1_611' title='bbox 1329 5054 1614 5122; x_wconf 89' lang='lat' dir='ltr'><strong>mulceant,</strong></span> <span class='ocrx_word' id='word_1_612' title='bbox 1640 5059 1913 5116; x_wconf 88' lang='lat' dir='ltr'><strong>molestius</strong></span> <span class='ocrx_word' id='word_1_613' title='bbox 1942 5064 2103 5118; x_wconf 88' lang='lat' dir='ltr'><strong>susti-</strong></span> 
     </span>
    </p>
   </div>
   <div class='ocr_carea' id='block_1_85' title="bbox 519 5138 2096 5217">
    <p class='ocr_par' dir='ltr' id='par_1_85' title="bbox 519 5138 2096 5217">
     <span class='ocr_line' id='line_1_85' title="bbox 519 5138 2096 5217; baseline 0.011 -25"><span class='ocrx_word' id='word_1_614' title='bbox 519 5146 678 5192; x_wconf 91' lang='lat' dir='ltr'><strong>netur</strong></span> <span class='ocrx_word' id='word_1_615' title='bbox 704 5138 869 5194; x_wconf 85' lang='lat' dir='ltr'><strong>hostis</strong></span> <span class='ocrx_word' id='word_1_616' title='bbox 899 5143 1156 5209; x_wconf 91' lang='lat' dir='ltr'><strong>occultus,</strong></span> <span class='ocrx_word' id='word_1_617' title='bbox 1193 5160 1349 5213; x_wconf 90' lang='lat' dir='ltr'><strong>quam</strong></span> <span class='ocrx_word' id='word_1_618' title='bbox 1375 5157 1655 5217; x_wconf 89' lang='lat' dir='ltr'><strong>superatur</strong></span> <span class='ocrx_word' id='word_1_619' title='bbox 1682 5149 1927 5209; x_wconf 89' lang='lat' dir='ltr'><strong>infestus.</strong></span> <span class='ocrx_word' id='word_1_620' title='bbox 1961 5154 2096 5210; x_wconf 91' lang='lat' dir='ltr'><strong>Cum</strong></span> 
     </span>
    </p>
   </div>
   <div class='ocr_carea' id='block_1_86' title="bbox 519 5230 2099 5314">
    <p class='ocr_par' dir='ltr' id='par_1_86' title="bbox 519 5230 2099 5314">
     <span class='ocr_line' id='line_1_86' title="bbox 519 5230 2099 5314; baseline 0.013 -33"><span class='ocrx_word' id='word_1_621' title='bbox 519 5243 645 5297; x_wconf 84' lang='lat' dir='ltr'><strong>ergo</strong></span> <span class='ocrx_word' id='word_1_622' title='bbox 677 5230 727 5283; x_wconf 90' lang='lat' dir='ltr'><strong>in</strong></span> <span class='ocrx_word' id='word_1_623' title='bbox 762 5238 984 5301; x_wconf 88' lang='lat' dir='ltr'><strong>utroque</strong></span> <span class='ocrx_word' id='word_1_624' title='bbox 1017 5235 1090 5287; x_wconf 92' lang='lat' dir='ltr'><strong>tui</strong></span> <span class='ocrx_word' id='word_1_625' title='bbox 1121 5235 1191 5288; x_wconf 89' lang='lat' dir='ltr'><strong>sit</strong></span> <span class='ocrx_word' id='word_1_626' title='bbox 1222 5239 1454 5292; x_wconf 90' lang='lat' dir='ltr'><strong>muneris</strong></span> <span class='ocrx_word' id='word_1_627' title='bbox 1495 5240 1635 5309; x_wconf 90' lang='lat' dir='ltr'><strong>quod</strong></span> <span class='ocrx_word' id='word_1_628' title='bbox 1666 5242 1810 5307; x_wconf 88' lang='lat' dir='ltr'><strong>vicit,</strong></span> <span class='ocrx_word' id='word_1_629' title='bbox 1856 5246 1979 5314; x_wconf 86' lang='lat' dir='ltr'><strong>quia</strong></span> <span class='ocrx_word' id='word_1_630' title='bbox 2008 5248 2099 5301; x_wconf 90' lang='lat' dir='ltr'><strong>ni-</strong></span> 
     </span>
    </p>
   </div>
   <div class='ocr_carea' id='block_1_87' title="bbox 520 5318 2097 5405">
    <p class='ocr_par' dir='ltr' id='par_1_87' title="bbox 520 5318 2097 5405">
     <span class='ocr_line' id='line_1_87' title="bbox 520 5318 2097 5405; baseline 0.014 -34"><span class='ocrx_word' id='word_1_631' title='bbox 520 5318 592 5372; x_wconf 88' lang='lat' dir='ltr'><strong>hil</strong></span> <span class='ocrx_word' id='word_1_632' title='bbox 626 5322 765 5377; x_wconf 81' lang='lat' dir='ltr'><strong>valct</strong></span> <span class='ocrx_word' id='word_1_633' title='bbox 799 5322 1039 5379; x_wconf 70' lang='lat' dir='ltr'><strong>humana</strong></span> <span class='ocrx_word' id='word_1_634' title='bbox 1087 5324 1365 5395; x_wconf 83' lang='lat' dir='ltr'><strong>fragilitas,</strong></span> <span class='ocrx_word' id='word_1_635' title='bbox 1420 5329 1520 5385; x_wconf 86' lang='lat' dir='ltr'><strong>nisi</strong></span> <span class='ocrx_word' id='word_1_636' title='bbox 1563 5338 1651 5387; x_wconf 84' lang='lat' dir='ltr'><strong>tua</strong></span> <span class='ocrx_word' id='word_1_637' title='bbox 1700 5334 1835 5388; x_wconf 90' lang='lat' dir='ltr'><strong>hanc</strong></span> <span class='ocrx_word' id='word_1_638' title='bbox 1882 5336 2097 5405; x_wconf 82' lang='lat' dir='ltr'><strong>adjuvet</strong></span> 
     </span>
    </p>
   </div>
   <div class='ocr_carea' id='block_1_88' title="bbox 514 5412 2095 5496">
    <p class='ocr_par' dir='ltr' id='par_1_88' title="bbox 514 5412 2095 5496">
     <span class='ocr_line' id='line_1_88' title="bbox 514 5412 2095 5496; baseline 0.012 -31"><span class='ocrx_word' id='word_1_639' title='bbox 514 5412 705 5479; x_wconf 88' lang='lat' dir='ltr'><strong>pietas,</strong></span> <span class='ocrx_word' id='word_1_640' title='bbox 736 5429 830 5482; x_wconf 91' lang='lat' dir='ltr'><strong>pro</strong></span> <span class='ocrx_word' id='word_1_641' title='bbox 864 5416 1039 5484; x_wconf 89' lang='lat' dir='ltr'><strong>nobis,</strong></span> <span class='ocrx_word' id='word_1_642' title='bbox 1071 5432 1396 5485; x_wconf 72' lang='lat' dir='ltr'><strong>quaesumus,</strong></span> <span class='ocrx_word' id='word_1_643' title='bbox 1430 5432 1569 5476; x_wconf 85' lang='lat' dir='ltr'><strong>tuam</strong></span> <span class='ocrx_word' id='word_1_644' title='bbox 1609 5424 1859 5492; x_wconf 85' lang='lat' dir='ltr'><strong>pietatem</strong></span> <span class='ocrx_word' id='word_1_645' title='bbox 1883 5441 2095 5496; x_wconf 81' lang='lat' dir='ltr'><strong>exoret,</strong></span> 
     </span>
    </p>
   </div>
   <div class='ocr_carea' id='block_1_89' title="bbox 514 5506 2095 5586">
    <p class='ocr_par' dir='ltr' id='par_1_89' title="bbox 514 5506 2095 5586">
     <span class='ocr_line' id='line_1_89' title="bbox 514 5506 2095 5586; baseline 0.015 -34"><span class='ocrx_word' id='word_1_646' title='bbox 514 5516 634 5570; x_wconf 84' lang='lat' dir='ltr'><strong>quae</strong></span> <span class='ocrx_word' id='word_1_647' title='bbox 663 5518 691 5554; x_wconf 90' lang='lat' dir='ltr'><strong>a</strong></span> <span class='ocrx_word' id='word_1_648' title='bbox 724 5514 774 5560; x_wconf 91' lang='lat' dir='ltr'><strong>te</strong></span> <span class='ocrx_word' id='word_1_649' title='bbox 801 5506 1005 5577; x_wconf 88' lang='lat' dir='ltr'><strong>accepit</strong></span> <span class='ocrx_word' id='word_1_650' title='bbox 1063 5514 1119 5561; x_wconf 93' lang='lat' dir='ltr'><strong>ut</strong></span> <span class='ocrx_word' id='word_1_651' title='bbox 1168 5508 1420 5565; x_wconf 86' lang='lat' dir='ltr'><strong>vinceret.</strong></span> <span class='ocrx_word' id='word_1_652' title='bbox 1455 5512 1516 5567; x_wconf 87' lang='lat' dir='ltr'><strong>Et</strong></span> <span class='ocrx_word' id='word_1_653' title='bbox 1555 5529 1671 5582; x_wconf 83' lang='lat' dir='ltr'><strong>quae</strong></span> <span class='ocrx_word' id='word_1_654' title='bbox 1704 5514 1969 5586; x_wconf 87' lang='lat' dir='ltr'><strong>Unigeniti</strong></span> <span class='ocrx_word' id='word_1_655' title='bbox 2020 5521 2095 5575; x_wconf 89' lang='lat' dir='ltr'><strong>tui</strong></span> 
     </span>
    </p>
   </div>
   <div class='ocr_carea' id='block_1_90' title="bbox 515 5590 2097 5669">
    <p class='ocr_par' dir='ltr' id='par_1_90' title="bbox 515 5590 2097 5669">
     <span class='ocr_line' id='line_1_90' title="bbox 515 5590 2097 5669; baseline 0.014 -25"><span class='ocrx_word' id='word_1_656' title='bbox 515 5590 713 5646; x_wconf 85' lang='lat' dir='ltr'><strong>intrare</strong></span> <span class='ocrx_word' id='word_1_657' title='bbox 766 5597 961 5652; x_wconf 84' lang='lat' dir='ltr'><strong>meruit</strong></span> <span class='ocrx_word' id='word_1_658' title='bbox 1013 5598 1336 5669; x_wconf 87' lang='lat' dir='ltr'><strong>thalamum,</strong></span> <span class='ocrx_word' id='word_1_659' title='bbox 1386 5603 1764 5662; x_wconf 81' lang='lat' dir='ltr'><strong>intercessione</strong></span> <span class='ocrx_word' id='word_1_660' title='bbox 1812 5622 1905 5662; x_wconf 90' lang='lat' dir='ltr'><strong>sua</strong></span> <span class='ocrx_word' id='word_1_661' title='bbox 1955 5610 2097 5666; x_wconf 92' lang='lat' dir='ltr'><strong>inter</strong></span> 
     </span>
    </p>
   </div>
   <div class='ocr_carea' id='block_1_91' title="bbox 2280 3627 3801 3701">
    <p class='ocr_par' dir='ltr' id='par_1_91' title="bbox 2280 3627 3801 3701">
     <span class='ocr_line' id='line_1_91' title="bbox 2280 3627 3801 3701; baseline 0.003 -17"><span class='ocrx_word' id='word_1_662' title='bbox 2280 3629 2401 3684; x_wconf 78' lang='lat' dir='ltr'><strong>Alia</strong></span> <span class='ocrx_word' id='word_1_663' title='bbox 2427 3627 2742 3684; x_wconf 74' lang='lat' dir='ltr'><strong>Benedictio.</strong></span> <span class='ocrx_word' id='word_1_664' title='bbox 2769 3658 2840 3671; x_wconf 92' lang='lat'>-</span> <span class='ocrx_word' id='word_1_665' title='bbox 2866 3629 3217 3701; x_wconf 88' lang='lat' dir='ltr'><strong>Omnipotens</strong></span> <span class='ocrx_word' id='word_1_666' title='bbox 3246 3630 3522 3699; x_wconf 88' lang='lat' dir='ltr'><strong>Dominus,</strong></span> <span class='ocrx_word' id='word_1_667' title='bbox 3565 3633 3801 3689; x_wconf 84' lang='lat' dir='ltr'><strong>interce-</strong></span> 
     </span>
    </p>
   </div>
   <div class='ocr_carea' id='block_1_92' title="bbox 2213 3721 3802 3794">
    <p class='ocr_par' dir='ltr' id='par_1_92' title="bbox 2213 3721 3802 3794">
     <span class='ocr_line' id='line_1_92' title="bbox 2213 3721 3802 3794; baseline 0.001 -16"><span class='ocrx_word' id='word_1_668' title='bbox 2213 3723 2465 3778; x_wconf 84' lang='lat' dir='ltr'><strong>dentibus</strong></span> <span class='ocrx_word' id='word_1_669' title='bbox 2491 3722 2689 3777; x_wconf 86' lang='lat' dir='ltr'><strong>sanctis</strong></span> <span class='ocrx_word' id='word_1_670' title='bbox 2733 3722 3024 3791; x_wconf 89' lang='lat' dir='ltr'><strong>virginibus</strong></span> <span class='ocrx_word' id='word_1_671' title='bbox 3076 3723 3187 3778; x_wconf 89' lang='lat' dir='ltr'><strong>suis</strong></span> <span class='ocrx_word' id='word_1_672' title='bbox 3217 3721 3352 3790; x_wconf 91' lang='lat' dir='ltr'><strong>Ill.,</strong></span> <span class='ocrx_word' id='word_1_673' title='bbox 3400 3740 3493 3779; x_wconf 88' lang='lat' dir='ltr'><strong>vos</strong></span> <span class='ocrx_word' id='word_1_674' title='bbox 3543 3725 3802 3794; x_wconf 86' lang='lat' dir='ltr'><strong>dignetur</strong></span> 
     </span>
    </p>
   </div>
   <div class='ocr_carea' id='block_1_93' title="bbox 2213 3815 3803 3890">
    <p class='ocr_par' dir='ltr' id='par_1_93' title="bbox 2213 3815 3803 3890">
     <span class='ocr_line' id='line_1_93' title="bbox 2213 3815 3803 3890; baseline 0.004 -19"><span class='ocrx_word' id='word_1_675' title='bbox 2213 3815 2553 3880; x_wconf 82' lang='lat' dir='ltr'><strong>benedicere,</strong></span> <span class='ocrx_word' id='word_1_676' title='bbox 2584 3817 2674 3886; x_wconf 92' lang='lat' dir='ltr'><strong>qui</strong></span> <span class='ocrx_word' id='word_1_677' title='bbox 2721 3816 2791 3872; x_wconf 85' lang='lat' dir='ltr'><strong>de</strong></span> <span class='ocrx_word' id='word_1_678' title='bbox 2817 3817 3035 3886; x_wconf 89' lang='lat' dir='ltr'><strong>antiquo</strong></span> <span class='ocrx_word' id='word_1_679' title='bbox 3075 3818 3229 3873; x_wconf 90' lang='lat' dir='ltr'><strong>hoste</strong></span> <span class='ocrx_word' id='word_1_680' title='bbox 3257 3832 3362 3874; x_wconf 87' lang='lat' dir='ltr'><strong>non</strong></span> <span class='ocrx_word' id='word_1_681' title='bbox 3394 3822 3562 3875; x_wconf 90' lang='lat' dir='ltr'><strong>solum</strong></span> <span class='ocrx_word' id='word_1_682' title='bbox 3593 3836 3690 3890; x_wconf 90' lang='lat' dir='ltr'><strong>per</strong></span> <span class='ocrx_word' id='word_1_683' title='bbox 3722 3826 3803 3877; x_wconf 85' lang='lat' dir='ltr'><strong>vi-</strong></span> 
     </span>
    </p>
   </div>
   <div class='ocr_carea' id='block_1_94' title="bbox 2210 3907 3797 3984">
    <p class='ocr_par' dir='ltr' id='par_1_94' title="bbox 2210 3907 3797 3984">
     <span class='ocr_line' id='line_1_94' title="bbox 2210 3907 3797 3984; baseline 0.007 -24"><span class='ocrx_word' id='word_1_684' title='bbox 2210 3919 2323 3973; x_wconf 89' lang='lat' dir='ltr'><strong>ros,</strong></span> <span class='ocrx_word' id='word_1_685' title='bbox 2365 3921 2545 3962; x_wconf 90' lang='lat' dir='ltr'><strong>verum</strong></span> <span class='ocrx_word' id='word_1_686' title='bbox 2597 3907 2756 3961; x_wconf 81' lang='lat' dir='ltr'><strong>etiam</strong></span> <span class='ocrx_word' id='word_1_687' title='bbox 2803 3923 2898 3977; x_wconf 88' lang='lat' dir='ltr'><strong>per</strong></span> <span class='ocrx_word' id='word_1_688' title='bbox 2941 3909 3167 3965; x_wconf 82' lang='lat' dir='ltr'><strong>feminas</strong></span> <span class='ocrx_word' id='word_1_689' title='bbox 3216 3913 3388 3968; x_wconf 86' lang='lat' dir='ltr'><strong>voluit</strong></span> <span class='ocrx_word' id='word_1_690' title='bbox 3437 3915 3797 3984; x_wconf 88' lang='lat' dir='ltr'><strong>triumphare.</strong></span> 
     </span>
    </p>
   </div>
   <div class='ocr_carea' id='block_1_95' title="bbox 2211 3996 3795 4065">
    <p class='ocr_par' dir='ltr' id='par_1_95' title="bbox 2211 3996 3795 4065">
     <span class='ocr_line' id='line_1_95' title="bbox 2211 3996 3795 4065; baseline 0.006 -15"><span class='ocrx_word' id='word_1_691' title='bbox 2211 3997 2406 4051; x_wconf 80' lang='lat' dir='ltr'><strong>Amen.</strong></span> <span class='ocrx_word' id='word_1_692' title='bbox 2444 3996 2513 4050; x_wconf 83' lang='lat' dir='ltr'><strong>Et</strong></span> <span class='ocrx_word' id='word_1_693' title='bbox 2560 3997 2650 4065; x_wconf 92' lang='lat' dir='ltr'><strong>qui</strong></span> <span class='ocrx_word' id='word_1_694' title='bbox 2694 3998 2802 4055; x_wconf 88' lang='lat' dir='ltr'><strong>illis</strong></span> <span class='ocrx_word' id='word_1_695' title='bbox 2829 3998 2998 4054; x_wconf 84' lang='lat' dir='ltr'><strong>voluit</strong></span> <span class='ocrx_word' id='word_1_696' title='bbox 3036 4003 3313 4057; x_wconf 86' lang='lat' dir='ltr'><strong>centesimi</strong></span> <span class='ocrx_word' id='word_1_697' title='bbox 3354 4004 3560 4059; x_wconf 85' lang='lat' dir='ltr'><strong>fructus</strong></span> <span class='ocrx_word' id='word_1_698' title='bbox 3588 4005 3795 4060; x_wconf 88' lang='lat' dir='ltr'><strong>donum</strong></span> 
     </span>
    </p>
   </div>
   <div class='ocr_carea' id='block_1_96' title="bbox 2212 4088 3799 4167">
    <p class='ocr_par' dir='ltr' id='par_1_96' title="bbox 2212 4088 3799 4167">
     <span class='ocr_line' id='line_1_96' title="bbox 2212 4088 3799 4167; baseline 0.006 -24"><span class='ocrx_word' id='word_1_699' title='bbox 2212 4088 2405 4144; x_wconf 77' lang='lat' dir='ltr'><strong>decore</strong></span> <span class='ocrx_word' id='word_1_700' title='bbox 2433 4090 2745 4159; x_wconf 84' lang='lat' dir='ltr'><strong>virginitatis</strong></span> <span class='ocrx_word' id='word_1_701' title='bbox 2800 4101 2852 4149; x_wconf 84' lang='lat' dir='ltr'><strong>et</strong></span> <span class='ocrx_word' id='word_1_702' title='bbox 2896 4107 3067 4163; x_wconf 89' lang='lat' dir='ltr'><strong>agone</strong></span> <span class='ocrx_word' id='word_1_703' title='bbox 3114 4095 3356 4167; x_wconf 84' lang='lat' dir='ltr'><strong>martyrii</strong></span> <span class='ocrx_word' id='word_1_704' title='bbox 3400 4096 3664 4163; x_wconf 85' lang='lat' dir='ltr'><strong>conferre,</strong></span> <span class='ocrx_word' id='word_1_705' title='bbox 3698 4113 3799 4153; x_wconf 85' lang='lat' dir='ltr'><strong>vos</strong></span> 
     </span>
    </p>
   </div>
   <div class='ocr_carea' id='block_1_97' title="bbox 2213 4178 3799 4257">
    <p class='ocr_par' dir='ltr' id='par_1_97' title="bbox 2213 4178 3799 4257">
     <span class='ocr_line' id='line_1_97' title="bbox 2213 4178 3799 4257; baseline 0.005 -22"><span class='ocrx_word' id='word_1_706' title='bbox 2213 4178 2460 4247; x_wconf 84' lang='lat' dir='ltr'><strong>dignetur</strong></span> <span class='ocrx_word' id='word_1_707' title='bbox 2485 4188 2539 4235; x_wconf 90' lang='lat' dir='ltr'><strong>et</strong></span> <span class='ocrx_word' id='word_1_708' title='bbox 2567 4180 2817 4237; x_wconf 80' lang='lat' dir='ltr'><strong>vitiorum</strong></span> <span class='ocrx_word' id='word_1_709' title='bbox 2845 4184 3180 4255; x_wconf 71' lang='lat' dir='ltr'><strong>aquatoribus</strong></span> <span class='ocrx_word' id='word_1_710' title='bbox 3207 4200 3523 4257; x_wconf 80' lang='lat' dir='ltr'><strong>expurgare,</strong></span> <span class='ocrx_word' id='word_1_711' title='bbox 3547 4198 3602 4243; x_wconf 86' lang='lat' dir='ltr'><strong>et</strong></span> <span class='ocrx_word' id='word_1_712' title='bbox 3623 4189 3799 4244; x_wconf 82' lang='lat' dir='ltr'><strong>virtu-</strong></span> 
     </span>
    </p>
   </div>
   <div class='ocr_carea' id='block_1_98' title="bbox 2213 4272 3797 4348">
    <p class='ocr_par' dir='ltr' id='par_1_98' title="bbox 2213 4272 3797 4348">
     <span class='ocr_line' id='line_1_98' title="bbox 2213 4272 3797 4348; baseline 0.005 -22"><span class='ocrx_word' id='word_1_713' title='bbox 2213 4278 2327 4327; x_wconf 89' lang='lat' dir='ltr'><strong>tum</strong></span> <span class='ocrx_word' id='word_1_714' title='bbox 2362 4272 2693 4340; x_wconf 85' lang='lat' dir='ltr'><strong>lampadibus</strong></span> <span class='ocrx_word' id='word_1_715' title='bbox 2714 4288 2997 4330; x_wconf 76' lang='lat' dir='ltr'><strong>exornare.</strong></span> <span class='ocrx_word' id='word_1_716' title='bbox 3021 4279 3215 4332; x_wconf 85' lang='lat' dir='ltr'><strong>Amen.</strong></span> <span class='ocrx_word' id='word_1_717' title='bbox 3235 4278 3508 4344; x_wconf 81' lang='lat' dir='ltr'><strong>Quatenus</strong></span> <span class='ocrx_word' id='word_1_718' title='bbox 3532 4279 3797 4348; x_wconf 80' lang='lat' dir='ltr'><strong>virtutum</strong></span> 
     </span>
    </p>
   </div>
   <div class='ocr_carea' id='block_1_99' title="bbox 2212 4361 3799 4440">
    <p class='ocr_par' dir='ltr' id='par_1_99' title="bbox 2212 4361 3799 4440">
     <span class='ocr_line' id='line_1_99' title="bbox 2212 4361 3799 4440; baseline 0.006 -23"><span class='ocrx_word' id='word_1_719' title='bbox 2212 4361 2331 4419; x_wconf 84' lang='lat' dir='ltr'><strong>oleo</strong></span> <span class='ocrx_word' id='word_1_720' title='bbox 2361 4364 2435 4418; x_wconf 91' lang='lat' dir='ltr'><strong>ita</strong></span> <span class='ocrx_word' id='word_1_721' title='bbox 2475 4372 2749 4433; x_wconf 89' lang='lat' dir='ltr'><strong>pectorum</strong></span> <span class='ocrx_word' id='word_1_722' title='bbox 2801 4375 3101 4422; x_wconf 86' lang='lat' dir='ltr'><strong>vestrorum</strong></span> <span class='ocrx_word' id='word_1_723' title='bbox 3142 4368 3415 4439; x_wconf 86' lang='lat' dir='ltr'><strong>lampades</strong></span> <span class='ocrx_word' id='word_1_724' title='bbox 3456 4375 3658 4440; x_wconf 87' lang='lat' dir='ltr'><strong>possint</strong></span> <span class='ocrx_word' id='word_1_725' title='bbox 3711 4388 3799 4427; x_wconf 83' lang='lat' dir='ltr'><strong>re-</strong></span> 
     </span>
    </p>
   </div>
   <div class='ocr_carea' id='block_1_100' title="bbox 2212 4454 3799 4530">
    <p class='ocr_par' dir='ltr' id='par_1_100' title="bbox 2212 4454 3799 4530">
     <span class='ocr_line' id='line_1_100' title="bbox 2212 4454 3799 4530; baseline 0.006 -22"><span class='ocrx_word' id='word_1_726' title='bbox 2212 4454 2367 4523; x_wconf 90' lang='lat' dir='ltr'><strong>pleri,</strong></span> <span class='ocrx_word' id='word_1_727' title='bbox 2399 4464 2459 4510; x_wconf 93' lang='lat' dir='ltr'><strong>ut</strong></span> <span class='ocrx_word' id='word_1_728' title='bbox 2485 4470 2606 4511; x_wconf 92' lang='lat' dir='ltr'><strong>cum</strong></span> <span class='ocrx_word' id='word_1_729' title='bbox 2655 4457 2735 4513; x_wconf 88' lang='lat' dir='ltr'><strong>eis</strong></span> <span class='ocrx_word' id='word_1_730' title='bbox 2769 4459 3003 4514; x_wconf 63' lang='lat' dir='ltr'><strong>caelestis</strong></span> <span class='ocrx_word' id='word_1_731' title='bbox 3043 4461 3226 4530; x_wconf 87' lang='lat' dir='ltr'><strong>sponsi</strong></span> <span class='ocrx_word' id='word_1_732' title='bbox 3256 4462 3540 4517; x_wconf 84' lang='lat' dir='ltr'><strong>thalamum</strong></span> <span class='ocrx_word' id='word_1_733' title='bbox 3571 4464 3799 4519; x_wconf 87' lang='lat' dir='ltr'><strong>valeatis</strong></span> 
     </span>
    </p>
   </div>
   <div class='ocr_carea' id='block_1_101' title="bbox 2212 4547 3799 4628">
    <p class='ocr_par' dir='ltr' id='par_1_101' title="bbox 2212 4547 3799 4628">
     <span class='ocr_line' id='line_1_101' title="bbox 2212 4547 3799 4628; baseline 0.008 -27"><span class='ocrx_word' id='word_1_734' title='bbox 2212 4547 2437 4617; x_wconf 84' lang='lat' dir='ltr'><strong>ingredi.</strong></span> <span class='ocrx_word' id='word_1_735' title='bbox 2466 4549 2658 4605; x_wconf 82' lang='lat' dir='ltr'><strong>Amen.</strong></span> <span class='ocrx_word' id='word_1_736' title='bbox 2689 4551 2843 4615; x_wconf 81' lang='lat' dir='ltr'><strong>Quod</strong></span> <span class='ocrx_word' id='word_1_737' title='bbox 2886 4553 3003 4622; x_wconf 81' lang='lat' dir='ltr'><strong>ipse</strong></span> <span class='ocrx_word' id='word_1_738' title='bbox 3046 4556 3594 4626; x_wconf 37' lang='lat' dir='ltr'><strong>praestarevdignetur,</strong></span> <span class='ocrx_word' id='word_1_739' title='bbox 3634 4560 3799 4628; x_wconf 89' lang='lat' dir='ltr'><strong>cnjns</strong></span> 
     </span>
    </p>
   </div>
   <div class='ocr_carea' id='block_1_102' title="bbox 2462 4638 2847 4709">
    <p class='ocr_par' dir='ltr' id='par_1_102' title="bbox 2462 4638 2847 4709">
     <span class='ocr_line' id='line_1_102' title="bbox 2462 4638 2847 4709; baseline 0.01 -15"><span class='ocrx_word' id='word_1_740' title='bbox 2462 4648 2518 4694; x_wconf 89' lang='lat' dir='ltr'><strong>et</strong></span> <span class='ocrx_word' id='word_1_741' title='bbox 2543 4638 2847 4709; x_wconf 88' lang='lat' dir='ltr'><strong>imperium.</strong></span> 
     </span>
    </p>
   </div>
   <div class='ocr_carea' id='block_1_103' title="bbox 2279 4750 3793 4831">
    <p class='ocr_par' dir='ltr' id='par_1_103' title="bbox 2279 4750 3793 4831">
     <span class='ocr_line' id='line_1_103' title="bbox 2279 4750 3793 4831; baseline 0.009 -28"><span class='ocrx_word' id='word_1_742' title='bbox 2279 4750 2360 4804; x_wconf 82' lang='lat' dir='ltr'><strong>Ad</strong></span> <span class='ocrx_word' id='word_1_743' title='bbox 2403 4751 2794 4820; x_wconf 81' lang='lat' dir='ltr'><strong>Complendum.</strong></span> <span class='ocrx_word' id='word_1_744' title='bbox 2830 4783 2901 4796; x_wconf 89' lang='lat'><strong><em>—</em></strong></span> <span class='ocrx_word' id='word_1_745' title='bbox 2929 4756 3271 4814; x_wconf 83' lang='lat' dir='ltr'><strong>Auxilientur</strong></span> <span class='ocrx_word' id='word_1_746' title='bbox 3316 4760 3486 4827; x_wconf 86' lang='lat' dir='ltr'><strong>nobis,</strong></span> <span class='ocrx_word' id='word_1_747' title='bbox 3536 4760 3793 4831; x_wconf 84' lang='lat' dir='ltr'><strong>Domine,</strong></span> 
     </span>
    </p>
   </div>
   <div class='ocr_carea' id='block_1_104' title="bbox 2208 4844 3797 4923">
    <p class='ocr_par' dir='ltr' id='par_1_104' title="bbox 2208 4844 3797 4923">
     <span class='ocr_line' id='line_1_104' title="bbox 2208 4844 3797 4923; baseline 0.008 -27"><span class='ocrx_word' id='word_1_748' title='bbox 2208 4849 2414 4909; x_wconf 88' lang='lat' dir='ltr'><strong>sumpta</strong></span> <span class='ocrx_word' id='word_1_749' title='bbox 2443 4844 2716 4912; x_wconf 84' lang='lat' dir='ltr'><strong>mysteria,</strong></span> <span class='ocrx_word' id='word_1_750' title='bbox 2745 4852 2818 4911; x_wconf 89' lang='lat' dir='ltr'><strong>et,</strong></span> <span class='ocrx_word' id='word_1_751' title='bbox 2856 4846 3219 4903; x_wconf 88' lang='lat' dir='ltr'><strong>intercedente</strong></span> <span class='ocrx_word' id='word_1_752' title='bbox 3245 4849 3398 4905; x_wconf 87' lang='lat' dir='ltr'><strong>beata</strong></span> <span class='ocrx_word' id='word_1_753' title='bbox 3425 4850 3517 4905; x_wconf 86' lang='lat' dir='ltr'><strong>Ill.</strong></span> <span class='ocrx_word' id='word_1_754' title='bbox 3550 4862 3797 4923; x_wconf 82' lang='lat' dir='ltr'><strong>martyre</strong></span> 
     </span>
    </p>
   </div>
   <div class='ocr_carea' id='block_1_105' title="bbox 2210 4934 3795 5007">
    <p class='ocr_par' dir='ltr' id='par_1_105' title="bbox 2210 4934 3795 5007">
     <span class='ocr_line' id='line_1_105' title="bbox 2210 4934 3795 5007; baseline 0.009 -21"><span class='ocrx_word' id='word_1_755' title='bbox 2210 4940 2320 4999; x_wconf 89' lang='lat' dir='ltr'><strong>tua,</strong></span> <span class='ocrx_word' id='word_1_756' title='bbox 2351 4934 2673 5002; x_wconf 88' lang='lat' dir='ltr'><strong>sempiterna</strong></span> <span class='ocrx_word' id='word_1_757' title='bbox 2720 4939 3052 5007; x_wconf 84' lang='lat' dir='ltr'><strong>protectione</strong></span> <span class='ocrx_word' id='word_1_758' title='bbox 3088 4942 3423 4999; x_wconf 86' lang='lat' dir='ltr'><strong>confirment.</strong></span> <span class='ocrx_word' id='word_1_759' title='bbox 3456 4944 3556 5000; x_wconf 90' lang='lat' dir='ltr'><strong>Per</strong></span> <span class='ocrx_word' id='word_1_760' title='bbox 3600 4946 3795 5000; x_wconf 89' lang='lat' dir='ltr'><strong>Domi-</strong></span> 
     </span>
    </p>
   </div>
   <div class='ocr_carea' id='block_1_106' title="bbox 2210 5036 2624 5083">
    <p class='ocr_par' dir='ltr' id='par_1_106' title="bbox 2210 5036 2624 5083">
     <span class='ocr_line' id='line_1_106' title="bbox 2210 5036 2624 5083; baseline 0.002 -1"><span class='ocrx_word' id='word_1_761' title='bbox 2210 5040 2338 5082; x_wconf 91' lang='lat' dir='ltr'><strong>num</strong></span> <span class='ocrx_word' id='word_1_762' title='bbox 2367 5036 2624 5083; x_wconf 88' lang='lat' dir='ltr'><strong>nostrum.</strong></span> 
     </span>
    </p>
   </div>
   <div class='ocr_carea' id='block_1_107' title="bbox 2281 5137 3790 5210">
    <p class='ocr_par' dir='ltr' id='par_1_107' title="bbox 2281 5137 3790 5210">
     <span class='ocr_line' id='line_1_107' title="bbox 2281 5137 3790 5210; baseline 0.009 -19"><span class='ocrx_word' id='word_1_763' title='bbox 2281 5137 2914 5208; x_wconf 84' lang='lat' dir='ltr'><strong>Alia.—Indulgentiam</strong></span> <span class='ocrx_word' id='word_1_764' title='bbox 2965 5141 3139 5210; x_wconf 87' lang='lat' dir='ltr'><strong>nobis,</strong></span> <span class='ocrx_word' id='word_1_765' title='bbox 3186 5143 3439 5210; x_wconf 90' lang='lat' dir='ltr'><strong>Domine,</strong></span> <span class='ocrx_word' id='word_1_766' title='bbox 3490 5147 3640 5203; x_wconf 90' lang='lat' dir='ltr'><strong>beata</strong></span> <span class='ocrx_word' id='word_1_767' title='bbox 3690 5149 3790 5205; x_wconf 86' lang='lat' dir='ltr'><strong>Ill.</strong></span> 
     </span>
    </p>
   </div>
   <div class='ocr_carea' id='block_1_108' title="bbox 2210 5228 3795 5304">
    <p class='ocr_par' dir='ltr' id='par_1_108' title="bbox 2210 5228 3795 5304">
     <span class='ocr_line' id='line_1_108' title="bbox 2210 5228 3795 5304; baseline 0.009 -23"><span class='ocrx_word' id='word_1_768' title='bbox 2210 5236 2413 5292; x_wconf 76' lang='lat' dir='ltr'><strong>martyr</strong></span> <span class='ocrx_word' id='word_1_769' title='bbox 2446 5228 2715 5296; x_wconf 86' lang='lat' dir='ltr'><strong>imploret,</strong></span> <span class='ocrx_word' id='word_1_770' title='bbox 2756 5244 2877 5299; x_wconf 80' lang='lat' dir='ltr'><strong>quae</strong></span> <span class='ocrx_word' id='word_1_771' title='bbox 2915 5231 3009 5286; x_wconf 91' lang='lat' dir='ltr'><strong>tibi</strong></span> <span class='ocrx_word' id='word_1_772' title='bbox 3047 5249 3258 5302; x_wconf 87' lang='lat' dir='ltr'><strong>semper</strong></span> <span class='ocrx_word' id='word_1_773' title='bbox 3288 5243 3436 5304; x_wconf 88' lang='lat' dir='ltr'><strong>grata</strong></span> <span class='ocrx_word' id='word_1_774' title='bbox 3476 5240 3698 5301; x_wconf 81' lang='lat' dir='ltr'><strong>exstitit,</strong></span> <span class='ocrx_word' id='word_1_775' title='bbox 3733 5254 3795 5295; x_wconf 87' lang='lat' dir='ltr'><strong>et</strong></span> 
     </span>
    </p>
   </div>
   <div class='ocr_carea' id='block_1_109' title="bbox 2208 5319 3795 5392">
    <p class='ocr_par' dir='ltr' id='par_1_109' title="bbox 2208 5319 3795 5392">
     <span class='ocr_line' id='line_1_109' title="bbox 2208 5319 3795 5392; baseline 0.009 -20"><span class='ocrx_word' id='word_1_776' title='bbox 2208 5321 2399 5374; x_wconf 90' lang='lat' dir='ltr'><strong>merito</strong></span> <span class='ocrx_word' id='word_1_777' title='bbox 2448 5319 2729 5386; x_wconf 85' lang='lat' dir='ltr'><strong>castitatis,</strong></span> <span class='ocrx_word' id='word_1_778' title='bbox 2780 5332 2834 5377; x_wconf 91' lang='lat' dir='ltr'><strong>et</strong></span> <span class='ocrx_word' id='word_1_779' title='bbox 2883 5334 2984 5379; x_wconf 79' lang='lat' dir='ltr'><strong>tuae</strong></span> <span class='ocrx_word' id='word_1_780' title='bbox 3040 5326 3367 5392; x_wconf 85' lang='lat' dir='ltr'><strong>professione</strong></span> <span class='ocrx_word' id='word_1_781' title='bbox 3412 5330 3639 5383; x_wconf 86' lang='lat' dir='ltr'><strong>virtutis.</strong></span> <span class='ocrx_word' id='word_1_782' title='bbox 3685 5332 3795 5386; x_wconf 85' lang='lat' dir='ltr'><strong>Per</strong></span> 
     </span>
    </p>
   </div>
   <div class='ocr_carea' id='block_1_110' title="bbox 2207 5411 3683 5476">
    <p class='ocr_par' dir='ltr' id='par_1_110' title="bbox 2207 5411 3683 5476">
     <span class='ocr_line' id='line_1_110' title="bbox 2207 5411 3683 5476; baseline 0.007 -12"><span class='ocrx_word' id='word_1_783' title='bbox 2207 5411 2490 5466; x_wconf 89' lang='lat' dir='ltr'><strong>Dominum</strong></span> <span class='ocrx_word' id='word_1_784' title='bbox 2520 5422 2756 5468; x_wconf 88' lang='lat' dir='ltr'><strong>nostrum</strong></span> <span class='ocrx_word' id='word_1_785' title='bbox 2787 5415 2969 5470; x_wconf 78' lang='lat' dir='ltr'><strong>.lesum</strong></span> <span class='ocrx_word' id='word_1_786' title='bbox 2996 5418 3261 5473; x_wconf 85' lang='lat' dir='ltr'><strong>Christum</strong></span> <span class='ocrx_word' id='word_1_787' title='bbox 3293 5422 3485 5476; x_wconf 86' lang='lat' dir='ltr'><strong>Filium</strong></span> <span class='ocrx_word' id='word_1_788' title='bbox 3514 5432 3683 5476; x_wconf 86' lang='lat' dir='ltr'><strong>tuum.</strong></span> 
     </span>
    </p>
   </div>
   <div class='ocr_carea' id='block_1_111' title="bbox 2271 5522 3791 5598">
    <p class='ocr_par' dir='ltr' id='par_1_111' title="bbox 2271 5522 3791 5598">
     <span class='ocr_line' id='line_1_111' title="bbox 2271 5522 3791 5598; baseline 0.008 -23"><span class='ocrx_word' id='word_1_789' title='bbox 2271 5523 2417 5592; x_wconf 78' lang='grc'><strong>(599)</strong></span> <span class='ocrx_word' id='word_1_790' title='bbox 2448 5523 2564 5577; x_wconf 78' lang='lat' dir='ltr'><strong>Alia</strong></span> <span class='ocrx_word' id='word_1_791' title='bbox 2604 5522 2784 5579; x_wconf 72' lang='lat' dir='ltr'><strong>Missa.</strong></span> <span class='ocrx_word' id='word_1_792' title='bbox 2817 5554 2886 5565; x_wconf 90' lang='lat'>—</span> <span class='ocrx_word' id='word_1_793' title='bbox 2911 5528 3065 5593; x_wconf 90' lang='lat' dir='ltr'><strong>Deus,</strong></span> <span class='ocrx_word' id='word_1_794' title='bbox 3115 5531 3201 5598; x_wconf 87' lang='lat' dir='ltr'><strong>qui</strong></span> <span class='ocrx_word' id='word_1_795' title='bbox 3242 5546 3339 5585; x_wconf 94' lang='lat' dir='ltr'><strong>nos</strong></span> <span class='ocrx_word' id='word_1_796' title='bbox 3376 5532 3534 5586; x_wconf 89' lang='lat' dir='ltr'><strong>hodie</strong></span> <span class='ocrx_word' id='word_1_797' title='bbox 3582 5544 3791 5587; x_wconf 55' lang='lat' dir='ltr'><strong>sancta:</strong></span> 
     </span>
    </p>
   </div>
   <div class='ocr_carea' id='block_1_112' title="bbox 2200 5612 3791 5689">
    <p class='ocr_par' dir='ltr' id='par_1_112' title="bbox 2200 5612 3791 5689">
     <span class='ocr_line' id='line_1_112' title="bbox 2200 5612 3791 5689; baseline 0.008 -21"><span class='ocrx_word' id='word_1_798' title='bbox 2200 5614 2420 5682; x_wconf 81' lang='lat' dir='ltr'><strong>virginis</strong></span> <span class='ocrx_word' id='word_1_799' title='bbox 2473 5612 2567 5667; x_wconf 88' lang='lat' dir='ltr'><strong>Ill.</strong></span> <span class='ocrx_word' id='word_1_800' title='bbox 2619 5629 2792 5670; x_wconf 90' lang='lat' dir='ltr'><strong>annua</strong></span> <span class='ocrx_word' id='word_1_801' title='bbox 2838 5619 3176 5675; x_wconf 80' lang='lat' dir='ltr'><strong>solemnitate</strong></span> <span class='ocrx_word' id='word_1_802' title='bbox 3218 5620 3480 5689; x_wconf 65' lang='lat' dir='ltr'><strong>laetificas,</strong></span> <span class='ocrx_word' id='word_1_803' title='bbox 3547 5626 3791 5681; x_wconf 82' lang='lat' dir='ltr'><strong>concede</strong></span> 
     </span>
    </p>
   </div>
   <div class='ocr_carea' id='block_1_113' title="bbox 585 5746 3791 5854">
    <p class='ocr_par' dir='ltr' id='par_1_113' title="bbox 585 5746 3791 5854">
     <span class='ocr_line' id='line_1_113' title="bbox 585 5746 3791 5854; baseline 0.012 -53"><span class='ocrx_word' id='word_1_804' title='bbox 585 5746 765 5854; x_wconf 35' lang='lat' dir='ltr'><strong>illaec</strong></span> <span class='ocrx_word' id='word_1_805' title='bbox 792 5748 989 5807; x_wconf 87' lang='lat' dir='ltr'><strong>Bened.</strong></span> <span class='ocrx_word' id='word_1_806' title='bbox 1014 5754 1310 5826; x_wconf 86' lang='lat' dir='ltr'><strong>assignatur</strong></span> <span class='ocrx_word' id='word_1_807' title='bbox 1333 5755 1383 5813; x_wconf 92' lang='lat' dir='ltr'><strong>in</strong></span> <span class='ocrx_word' id='word_1_808' title='bbox 1409 5757 1822 5817; x_wconf 88' lang='lat' dir='ltr'><strong>Benedictionali</strong></span> <span class='ocrx_word' id='word_1_809' title='bbox 1851 5779 1947 5833; x_wconf 92' lang='lat' dir='ltr'><strong>pro</strong></span> <span class='ocrx_word' id='word_1_810' title='bbox 1976 5774 2084 5823; x_wconf 90' lang='lat' dir='ltr'><strong>nat.</strong></span> <span class='ocrx_word' id='word_1_811' title='bbox 2128 5770 2282 5828; x_wconf 88' lang='lat' dir='ltr'><strong>unius</strong></span> <span class='ocrx_word' id='word_1_812' title='bbox 2323 5775 2569 5846; x_wconf 83' lang='lat' dir='ltr'><strong>virginis,</strong></span> <span class='ocrx_word' id='word_1_813' title='bbox 2619 5784 2674 5832; x_wconf 88' lang='lat' dir='ltr'><strong>et</strong></span> <span class='ocrx_word' id='word_1_814' title='bbox 2722 5790 2949 5847; x_wconf 88' lang='lat' dir='ltr'><strong>sequens</strong></span> <span class='ocrx_word' id='word_1_815' title='bbox 2988 5778 3040 5834; x_wconf 91' lang='lat' dir='ltr'><strong>in</strong></span> <span class='ocrx_word' id='word_1_816' title='bbox 3086 5781 3363 5839; x_wconf 88' lang='lat' dir='ltr'><strong>nativitate</strong></span> <span class='ocrx_word' id='word_1_817' title='bbox 3410 5785 3627 5854; x_wconf 89' lang='lat' dir='ltr'><strong>plurim.</strong></span> <span class='ocrx_word' id='word_1_818' title='bbox 3667 5787 3791 5840; x_wconf 86' lang='lat' dir='ltr'><strong>vir-</strong></span> 
     </span>
    </p>
   </div>
   <div class='ocr_carea' id='block_1_114' title="bbox 510 5814 714 5886">
    <p class='ocr_par' dir='ltr' id='par_1_114' title="bbox 510 5814 714 5886">
     <span class='ocr_line' id='line_1_114' title="bbox 510 5814 714 5886; baseline 0.01 -17"><span class='ocrx_word' id='word_1_819' title='bbox 510 5814 714 5886; x_wconf 90' lang='lat' dir='ltr'><strong>ginum.</strong></span> 
     </span>
    </p>
   </div>
  </div>
