4064 6350
240 394 349 452 "5

1448 383 1651 443 LIBER
1693 381 2326 444 SACRAMENTORUM.

3403 399 3509 461 m

240 508 505 581 propitius
532 515 590 562 ut
633 505 751 575 ejus
807 502 1117 574 adjuvemur
1147 500 1373 571 meritis,
1421 500 1572 569 cujus
1604 502 1823 556 castita-
1850 499 1908 562 Α
1931 500 2147 557 strictos
2189 500 2365 558 adhuc
2388 501 2696 561 conditione
2727 508 3030 567 mortalium
3068 511 3180 583 jam
3205 516 3276 572 ad
3320 518 3509 578 simili-

240 607 306 659 tis
340 602 657 656 irradiamur
686 598 963 665 exemplis.
997 595 1099 649 Per
1124 595 1405 651 Dominum
1436 602 1701 651 nostrum.

310 693 484 761 Super
514 690 703 745 oblata.
725 715 800 727 —
825 686 981 741 Grata
1010 684 1082 738 sit
1106 684 1221 749 tibi,
1257 684 1494 746 Domine,
1523 682 1638 738 haec
1666 683 1821 737 obla-

236 789 313 839 tio
362 784 537 854 plebis
592 790 719 846 tuae,
778 792 936 848 quam
982 776 1076 830 tibi
1137 776 1408 832 offerimus
1456 775 1509 829 in
1561 774 1823 830 honorem

233 886 407 931 sant-.2
436 876 531 929 111.
566 873 806 943 virginis,
838 879 897 925 ut
941 870 1149 924 cunctis
1194 868 1435 938 proﬁciat
1463 868 1530 923 ad
1569 870 1822 924 salutem.

235 974 357 1024 l’cr.

307 1064 390 1116 Ad
441 1061 834 1131 Comptendum.
874 1087 946 1100 —
990 1056 1256 1126 Adjuvent
1308 1070 1427 1124 nos,
1496 1068 1820 1123 quaesumus,

238 1153 483 1219 Domine,
517 1160 571 1205 et
592 1150 705 1204 haec
734 1148 982 1219 mysteria
1003 1155 1209 1211 sancta,
1242 1160 1362 1217 qute
1388 1146 1736 1216 sumpsimus,
1766 1153 1824 1200 et

236 1245 403 1297 beatae
434 1241 528 1296 111.
562 1241 782 1312 virginis
814 1238 1127 1295 intercessio
1154 1238 1481 1294 veneranda.
1514 1238 1637 1293 Per.

313 1332 465 1402 ιω
510 1328 808 1383 Benedictio
842 1328 1056 1382 uestium
1089 1327 1319 1398 virginis,
1345 1325 1497 1396 (600)
1523 1326 1600 1381 uel
1635 1326 1819 1381 vidute.

233 1451 305 1464 ——
330 1423 493 1487 Deus,
531 1429 856 1474 memorum
887 1416 1148 1472 bonorum
1172 1414 1483 1472 ﬁdelissime
1502 1416 1819 1485 promissor,

235 1523 291 1568 et
317 1512 624 1568 certissime
662 1509 983 1579 persolutor,
1030 1507 1121 1578 qui
1166 1509 1543 1566 vestimentum
1591 1509 1824 1565 salutare

236 1616 291 1660 et
341 1583 711 1659 indumentum
770 1610 984 1658 aeternae
1028 1600 1378 1669 iucunditatis
1423 1600 1529 1656 tuis
1573 1599 1822 1655 ﬁdelibus

240 1695 555 1765 promisisti,
585 1693 928 1748 clementiam
982 1702 1121 1746 tuam
1152 1692 1466 1761 suppliciter
1513 1706 1817 1757 exoramus,
1854 1684 1861 1691 ’

240 1798 302 1843 ιιι
332 1788 445 1841 haec
472 1784 779 1842 indumenta
801 1781 1157 1837 humilitatem
1178 1781 1356 1837 cordis
1376 1791 1431 1835 et
1456 1790 1821 1851 contemptum

1933 592 2170 647 tudinem
2218 593 2480 662 provehas
2521 597 2860 666 angelorum;
2908 603 3118 670 respice
3161 618 3323 675 super
3370 610 3513 669 hanc

1928 682 2183 738 famulam
2222 691 2368 739 tuam
2395 682 2489 740 111.
2517 684 2669 757 (609)
2696 702 2814 757 quae
2853 689 2950 746 tibi
2978 693 3315 753 devotionem
3354 714 3507 757 suam

1928 772 2107 840 otl‘ert,
2139 788 2168 827 a
2198 790 2302 843 quo
2330 784 2384 830 et
2419 776 2533 845 ipsa
2577 776 2718 834 idem
2769 776 2920 851 (610)
2966 792 3148 840 votum
3194 790 3502 859 assumpsit.

1927 863 2010 920 Sit
2038 864 2092 919 in
2120 879 2207 935 ea,
2238 864 2486 936 Domine,
2516 883 2612 938 per
2632 869 2831 925 donum
2868 871 3098 942 Spiritus
3126 878 3224 943 tui,
3268 881 3503 948 prudens

1926 956 2218 1022 modestia,
2264 959 2478 1026 sapiens
2522 958 2840 1030 benignitas,
2890 966 3071 1033 gravis
3115 966 3324 1036 lenitas,
3354 981 3504 1027 casta

1927 1046 2176 1111 libertas;
2209 1046 2418 1104 ferveat
2468 1049 2523 1105 in
2557 1050 2838 1117 charitate,
2870 1062 2923 1108 et
2952 1056 3084 1112 nihil
3131 1066 3280 1115 extra
3308 1068 3361 1115 te
3384 1061 3507 1117 dili-

1926 1146 2038 1207 gat,
2085 1138 2528 1210 laudabiliterque
2555 1142 2715 1209 vivat,
2749 1151 2805 1201 et
2851 1144 3058 1202 laudari
3117 1162 3224 1206 non
3265 1162 3515 1225 appetat,

1929 1237 1983 1285 te
2008 1228 2218 1297 timeat,
2263 1230 2359 1286 tibi
2396 1246 2579 1287 amore
2621 1234 2854 1302 serviat;
2893 1245 2947 1294 tu
2987 1236 3037 1294 ei
3064 1238 3253 1308 honor,
3300 1252 3353 1299 tu
3380 1258 3509 1313 μιν

1928 1322 2099 1388 dium,
2120 1330 2175 1377 tu
2205 1322 2260 1377 in
2276 1336 2510 1381 mmrore
2541 1325 2813 1397 solatium,
2835 1330 2991 1403 168
3006 1339 3061 1387 tu
3082 1333 3137 1388 in
3156 1335 3504 1406 ambiguitate

1930 1411 2237 1481 consilium,
2264 1422 2318 1468 tu
2345 1413 2397 1468 in
2427 1414 2618 1483 injuria
2650 1417 2911 1486 defensio,
2942 1422 2995 1476 in
3027 1423 3371 1483 tribulatione
3410 1444 3508 1498 pa-

1927 1506 2142 1571 tientia,
2184 1506 2241 1560 in
2278 1517 2591 1576 paupertate
2635 1509 2980 1581 abundantia,
3010 1514 3163 1587 (611)
3210 1517 3264 1571 in
3299 1519 3504 1589 jejunio

1926 1596 2098 1663 c.bus,
2145 1597 2201 1652 in
2228 1596 2539 1656 inﬁrmitate
2564 1599 2639 1656 sis
2669 1603 2967 1672 medicina;
2999 1621 3094 1676 per
3123 1614 3195 1675 te,
3235 1626 3392 1680 quem
3421 1614 3502 1667 di-

1926 1692 2095 1762 ligere
2140 1708 2303 1763 super
2339 1696 2518 1751 omnia
2555 1697 2780 1767 appetit,
2810 1702 2950 1771 quod
2998 1710 3085 1758 est
3124 1704 3363 1775 professa
3408 1722 3505 1763 cu-

1927 1786 2149 1855 stodiat,
2182 1796 2241 1842 ut
2286 1798 2342 1842 et
2388 1791 2594 1845 hostem
2633 1793 2908 1862 antiquum
2951 1794 3216 1867 devincat,
3254 1809 3308 1854 et
3345 1800 3509 1856 vitio-

238 1880 424 1935 mnndi
456 1876 831 1947 signiﬁcantia,
872 1875 1062 1945 quibus
1110 1874 1307 1928 famula
1358 1881 1445 1935 tua
1495 1871 1588 1929 111.
1632 1884 1820 1931 sancto
1852 1887 2044 1947 Brum
2070 1880 2347 1949 squalores
2396 1896 2687 1953 expurget;
2721 1884 2872 1956 (612)
2916 1900 3178 1957 quatenus
3216 1894 3505 1951 centesimi

238 1970 525 2027 visibiliter
550 1977 636 2022 est
664 1966 996 2022 informanda
1027 1966 1328 2035 proposito,
1363 1964 1623 2034 propitius
1652 1966 1819 2021 bene-

234 2063 453 2134 'j-dicas,
486 2070 541 2116 et
570 2062 740 2114 beatae
780 2058 1040 2113 castitatis
1080 2057 1316 2120 habitum
1348 2074 1507 2129 quem
1557 2068 1608 2113 te
1656 2059 1823 2127 inspi-

234 2166 392 2212 rante
426 2152 737 2220 susceperit,
779 2161 831 2206 te
861 2160 1172 2220 protegente
1208 2151 1506 2218 custodiat;
1554 2160 1609 2206 et
1647 2167 1812 2221 quam

234 2246 485 2301 vestibus
507 2242 817 2301 venerande
838 2242 1185 2311 professionis
1210 2242 1388 2299 induis
1430 2243 1818 2312 temporaliter,

233 2337 399 2390 beata
429 2334 593 2390 facias
620 2331 1014 2390 immortalitate
1044 2334 1245 2389 vestiri.
1272 2332 1375 2389 Per
1406 2333 1687 2388 Dominum
1716 2348 1817 2389 no-

234 2435 433 2480 Situm.

311 2516 446 2571 Item
495 2515 899 2584 alta—Deus,
953 2515 1211 2571 bonarum
1260 2514 1515 2571 virtutum
1555 2516 1731 2583 dator,
1763 2527 1821 2575 et

237 2609 480 2665 omnium
507 2607 939 2663 benedictionum
962 2605 1142 2676 largus
1164 2605 1390 2675 infusor,
1421 2606 1609 2661 exaudi
1636 2621 1820 2677 preces

236 2710 469 2764 nostras,
492 2707 548 2755 et
568 2700 703 2754 hanc
732 2706 960 2766 vestem,
984 2713 1084 2768 qua
1113 2697 1307 2753 famula
1330 2708 1419 2752 tua
1446 2694 1539 2752 111.
1570 2713 1665 2767 pro
1691 2714 1822 2755 con-

236 2791 514 2848 servanda
540 2791 800 2847 castitatis
825 2790 977 2859 signo
1006 2804 1065 2845 se
1109 2789 1520 2857 adoperiendam
1554 2792 1813 2860 exposcit,

235 2884 598 2954 bene‘jdicere
628 2892 681 2940 et
712 2882 1047 2938 sanctiﬁcare
1084 2882 1339 2951 digneris.
1382 2882 1482 2938 Per
1512 2882 1819 2939 Dominum.

307 2976 605 3030 Benedictio
636 2975 797 3047 (vestis
848 2974 1081 3044 virginis.
1103 3001 1173 3014 --
1199 2973 1430 3040 Exaudi,
1483 2975 1820 3043 omnipotens

236 3069 402 3135 Deus,
423 3074 868 3137 preces'nostras,
891 3074 946 3121 et
968 3066 1106 3121 hanc
1129 3076 1354 3131 vestem,
1386 3079 1490 3135 qua
1511 3065 1705 3121 famula
1731 3074 1819 3121 tua

236 3162 334 3218 111.
357 3177 419 3220 se
437 3160 854 3232 adoperiendam
877 3161 1138 3229 exposcit,
1166 3159 1447 3214 uberrimas
1491 3158 1825 3215 benedictio-

236 3257 323 3313 nis
350 3255 523 3310 imbre
552 3252 837 3324 perfunde,
880 3252 1019 3308 sicut
1059 3250 1339 3321 perfodisti
1369 3266 1491 3307 oras
1528 3253 1819 3308 vestimen-
1847 3244 1896 3309 Ο

238 3356 419 3402 torum
450 3348 630 3400 Aaron
657 3343 1029 3401 benedictione
1056 3342 1353 3412 profluente
1374 3356 1403 3397 a
1428 3343 1602 3411 capite
1627 3344 1681 3398 in
1705 3344 1827 3399 bar-

238 3440 366 3496 bam
416 3437 695 3509 unguenti.
738 3437 805 3493 Et
829 3437 970 3493 sicut
1009 3436 1328 3492 benedisisti
1370 3445 1549 3492 vestes
1586 3436 1822 3492 omnium

235 3532 617 3603 religiosorum
632 3530 726 3587 tibi
746 3545 842 3601 per
863 3529 1042 3585 omnia
1070 3527 1408 3598 placentium,
1428 3529 1499 3584 ita
1516 3542 1634 3584 eam
1656 3528 1826 3584 bene-

238 3624 423 3682 dicere
452 3623 675 3693 dignare
698 3635 763 3678 ac
782 3630 996 3692 praesta,
1015 3620 1431 3676 clementissime
1455 3620 1633 3687 Pater,
1654 3630 1711 3675 ut
1734 3636 1824 3677 su-

236 3715 497 3785 pradictae
525 3714 740 3769 famula:
761 3721 865 3767 tua:
888 3712 1004 3767 haec
1015 3712 1088 3767 sit
1110 3711 1274 3768 vestis
1294 3710 1521 3766 salubris
1540 3711 1820 3781 protectio,

237 3808 358 3864 haec
388 3806 624 3877 cognitio
651 3805 945 3875 religionis,
976 3804 1089 3860 haec
1126 3806 1332 3860 initium
1362 3804 1681 3869 sanctitatis,
1707 3802 1823 3859 haec

237 3912 429 3959 contra
461 3901 638 3957 omnia
670 3901 777 3956 tela
806 3897 1009 3955 inimici
1051 3898 1269 3953 robusta
1322 3897 1585 3963 defensio,
1616 3903 1673 3953 ut
1701 3910 1827 3952 cen-

244 3994 427 4047 teslmi
484 3992 722 4048 muneris
770 3989 1038 4061 apulentia
1089 3989 1451 4058 perseveranti
1500 3988 1824 4045 continentia

239 4084 471 4139 ditetur.
506 4082 609 4138 Per
638 4083 917 4137 Dominum
941 4090 1204 4137 nostrum.

317 4174 471 4247 (601)
510 4174 798 4230 Benedictio
826 4173 1036 4244 uirginis
1057 4172 1121 4227 ab
1150 4169 1297 4242 (602)
1324 4172 1559 4243 episcopo
1586 4173 1821 4238 dicenda,

239 4267 392 4338 (603)
418 4282 536 4337 qua
582 4267 639 4335 ﬁt
685 4267 738 4320 in
782 4262 1100 4335 Epiphania,
1132 4263 1281 4336 (604)
1309 4266 1386 4319 ve1
1425 4266 1649 4319 secunda
1694 4266 1825 4334 feria

242 4358 485 4423 Pascite,
513 4367 601 4413 aut
658 4354 809 4429 (605)
839 4358 1045 4427 quando
1088 4356 1434 4424 apostolorum
1476 4356 1711 4411 natatitia
1742 4372 1823 4411 ce-

242 4453 536 4517 lebrantur;
581 4459 627 4505 et
676 4450 827 4522 (606)
855 4452 1149 4505 vestimenta
1195 4451 1345 4520 nigra
1394 4449 1673 4519 forinsecus
1709 4465 1823 4520 geso

244 4553 372 4597 tant.

327 4632 574 4702 Respice,
598 4630 849 4695 Domine,
894 4632 1155 4701 propitius
1200 4644 1363 4701 super
1394 4632 1530 4686 hanc
1568 4632 1820 4687 famulam

245 4736 390 4777 tuam
421 4721 544 4790 111.,
575 4731 632 4779 ut
680 4731 877 4779 sanctas
920 4723 1239 4793 virginitatis
1276 4724 1628 4793 propositum,
1680 4724 1820 4793 quod

247 4826 300 4870 te
349 4814 646 4885 inspirante
708 4814 979 4886 suscepit,
1050 4824 1102 4871 te
1152 4815 1480 4885 gubernante
1535 4816 1817 4871 custodiat.

248 4906 369 4961 Per.

320 4998 666 5053 Consecratio.
705 5025 776 5038 --
809 4996 971 5061 Deus,
1021 5003 1287 5051 castorum
1337 5009 1617 5065 corporum
1666 4995 1819 5049 beni-

248 5104 384 5159 gnus
406 5088 756 5155 inbabitator,
770 5097 825 5144 et
839 5088 1264 5157 incorruptarum
1285 5094 1492 5142 amator
1510 5086 1825 5153 animarum,

250 5183 341 5250 qui
369 5181 657 5236 humanam
688 5180 1038 5235 substantiam
1069 5181 1122 5234 in
1167 5181 1349 5247 primis
1391 5178 1691 5233 hominibus
1716 5180 1829 5232 dia-

249 5271 423 5326 bolica
454 5271 639 5327 fraude
672 5270 935 5337 vitiatam,
968 5270 1038 5324 ita
1080 5270 1130 5323 in
1180 5268 1357 5325 Verbo
1405 5278 1516 5334 tuo,
1568 5282 1660 5337 per
1686 5269 1824 5337 quod

248 5364 429 5417 omnia
473 5362 608 5417 facta
658 5370 803 5427 sunt,
842 5376 1084 5429 reparas,
1119 5368 1175 5414 ut
1211 5375 1329 5417 eam
1379 5373 1484 5415 non
1538 5359 1707 5413 solum
1759 5361 1825 5416 ad

246 5453 443 5523 prima:
470 5453 691 5525 originis
735 5453 1096 5507 innocentiam
1136 5465 1374 5515 revoces,
1423 5450 1522 5505 sed
1568 5452 1725 5506 etiam
1755 5452 1821 5505 ad

246 5550 635 5617 experientiam
682 5547 836 5619 (607)
883 5546 1232 5618 quorumdam
1282 5546 1563 5608 bonorum,
1614 5560 1730 5616 quae
1774 5546 1826 5600 in

244 5641 404 5709 1608)
436 5656 576 5695 novo
612 5641 809 5695 stcculo
852 5648 977 5696 sunt
1021 5638 1283 5705 habenda,
1327 5639 1609 5707 perducas,
1649 5648 1703 5693 et
1731 5641 1825 5693 ob-

321 5785 348 5811 ⁸
390 5776 445 5830 In
472 5784 582 5831 vet.
614 5775 853 5832 Sacram.
882 5775 1018 5831 Gali.
1046 5782 1218 5830 exstat
1245 5775 1368 5829 ordo
1417 5774 1483 5827 ad
1534 5787 1827 5825 consecran-

246 5849 349 5902 das
380 5846 677 5911 monachos,
707 5857 760 5901 et
788 5848 851 5900 ad
899 5846 1176 5902 velandatn
1210 5848 1340 5915 virg.
1386 5842 1632 5910 Sequitur
1668 5840 1828 5897 Bene—
1878 5862 1891 5871 ἠ

1926 1969 2129 2026 fructus
2150 1970 2293 2027 dono
2331 1972 2649 2041 virginitatis
2680 1975 2942 2045 decorari,
2980 1981 3341 2053 virtutumque
3367 1984 3506 2039 lam-

1925 2063 2152 2133 padibus
2200 2067 2470 2134 exornari,
2528 2077 2583 2123 et
2630 2069 2920 2126 eiecturum
2979 2074 3244 2145 virginum
3292 2084 3501 2133 tuarum

1925 2156 2217 2221 consortio,
2242 2165 2295 2212 te
2318 2157 2572 2224 donante,
2604 2171 2877 2217 mereatur
2896 2164 3057 2219 uniri.
3095 2166 3202 2221 Per
3232 2168 3503 2225 eumdem.

2222 2285 2370 2326 IIISSA
2407 2287 2461 2326 ΙΝ
2498 2287 2930 2333 CONSECRATIONE
2969 2292 3220 2336 VIBGINIS.

1995 2378 2094 2450 Da,
2143 2393 2469 2451 quaesumus,
2498 2383 2743 2451 Domine,
2793 2385 3002 2443 famulae
3034 2397 3137 2445 tuae
3176 2387 3291 2457 111.,
3342 2407 3501 2463 quam

1925 2470 2246 2540 virginitatis
2290 2472 2491 2529 honore
2521 2472 2767 2545 dignatus
2821 2489 2883 2531 es
2936 2476 3210 2546 decorare,
3270 2478 3508 2540 inchoati

1924 2563 2103 2634 operis
2162 2573 2589 2619 consummatum
2649 2564 2917 2633 effectum,
2975 2576 3046 2633 et,
3110 2578 3167 2623 ut
3212 2569 3501 2640 perfectam

1926 2653 2021 2708 tibi
2059 2652 2247 2707 offerat
2288 2654 2699 2724 plenitudinem,
2740 2655 2890 2711 initia
2937 2670 3031 2712 sua
3070 2659 3363 2727 perducere
3390 2676 3507 2719 me-

1925 2754 2105 2801 reatur
2134 2743 2201 2800 ad
2230 2746 2411 2801 ﬁnem.
2443 2746 2566 2803 Per.

1998 2835 2166 2906 Super
2196 2836 2385 2890 oblata.
2416 2836 2701 2893 —Oblatis
2744 2838 2956 2908 hostiis,
2998 2839 3253 2911 Domine,
3294 2860 3507 2915 quaesu-

1926 2944 2064 2995 mus,
2128 2930 2409 2999 praesentis
2466 2930 2677 2985 famulae
2735 2940 2839 2986 tuae
2898 2932 2991 2985 111.
3050 2939 3505 3003 perseverantiam

1927 3029 2197 3090 perpetuae
2224 3020 2544 3092 virginitatis
2575 3022 2943 3091 accommoda,
2977 3034 3035 3078 ut
3070 3028 3265 3095 apertis
3304 3027 3504 3096 januis,

1925 3115 2123 3171 summi
2152 3115 2312 3185 Regis
2350 3114 2402 3168 in
2432 3114 2688 3183 adventu,
2735 3131 2958 3186 regnum
2987 3118 3207 3176 cmlesm
3254 3134 3374 3176 cum
3415 3122 3508 3178 la:-

1930 3208 2040 3264 titia
2075 3217 2342 3264 mereatur
2371 3208 2591 3264 intrare.
2641 3210 2760 3264 Per.

2001 3300 2082 3355 Ad
2106 3298 2485 3372 Comptendum.
2515 3330 2581 3342 ——
2601 3299 2848 3371 Respice,
2879 3300 3127 3369 Domine,
3160 3302 3370 3361 famulae
3400 3313 3504 3363 tua:

1928 3393 2023 3449 111.
2051 3392 2280 3447 debitam
2313 3392 2644 3458 servitutem,
2682 3401 2740 3448 ut
2766 3392 2907 3450 inter
2936 3394 3179 3450 humanae
3206 3397 3506 3467 fragilitatis

1926 3487 2129 3543 incerta
2196 3485 2353 3541 nullis
2402 3486 2814 3542 adversitatibus
2864 3488 3213 3558 opprimatur,
3262 3505 3381 3561 qua
3436 3490 3504 3548 de

1927 3588 2016 3635 tua
2046 3577 2377 3648 protectione
2403 3576 2640 3632 conﬁdit.
2676 3576 2797 3632 Per.

2001 3668 2177 3723 Oratio
2203 3668 2270 3721 ad
2312 3668 2619 3722 abbatissam
2665 3667 2974 3739 faciendam.
3016 3697 3088 3709 —
3128 3669 3357 3739 Exaudi,
3404 3671 3506 3727 Do-

1927 3761 2090 3824 mine,
2123 3772 2310 3829 preces
2354 3768 2584 3821 nostras,
2620 3765 2675 3811 et
2709 3772 2871 3826 super
2898 3760 3034 3813 hanc
3067 3758 3315 3816 famulam
3357 3768 3503 3819 tuam

1926 3849 2019 3909 111.
2059 3850 2314 3919 Spiritum
2357 3857 2460 3903 tuae
2501 3845 2886 3902 benedictionis
2929 3847 3134 3913 emitte,
3168 3857 3249 3914 ut.
3296 3851 3507 3908 cmiesti

1926 3956 2148 3999 munere
2176 3939 2362 4003 ditata,
2394 3946 2450 3994 et
2495 3945 2597 3992 tuae
2634 3936 2855 4007 gratiam
2889 3937 3058 4007 possit
3101 3936 3393 4007 Majestatis
3418 3955 3509 3997 ac-

1872 4056 1891 4069 ο
1926 4035 2159 4106 quirere,
2202 4038 2257 4086 et
2304 4029 2441 4085 bene
2480 4028 2691 4084 vivendi
2738 4027 2854 4082 aliis
2894 4026 3199 4097 exemplum
3239 4030 3502 4099 praebere.

1926 4128 2031 4183 Per
2056 4124 2341 4181 Dominum
2385 4130 2623 4177 nostrum
2650 4118 2831 4176 lesum
2854 4119 3148 4177 Christum.

2002 4218 2182 4272 Oratio
2206 4215 2353 4287 (615)
2395 4214 2461 4268 ad
2492 4222 2518 4251 ι
2550 4211 2766 4267 ancillas
2799 4213 2894 4267 Dei
2922 4212 3186 4271 velandus.
3217 4242 3287 4254 —
3314 4212 3508 4270 Famu-

1926 4309 2006 4365 las
2036 4318 2175 4376 tuas,
2213 4307 2458 4370 Domine,
2492 4315 2593 4359 tua:
2635 4305 2874 4361 custodia
2916 4306 3119 4361 muniat
3154 4305 3403 4376 pietatis,
3448 4319 3506 4365 ut

1924 4400 2247 4472 virginitatis
2292 4410 2493 4455 sanctae
2549 4400 2898 4469 propositum,
2942 4398 3085 4470 quod
3119 4408 3170 4455 te
3216 4400 3507 4468 inapirante

1926 4501 2301 4564 susceperunt,
2346 4502 2396 4549 te
2438 4499 2753 4562 protegente
2796 4490 3020 4546 illaesum
3052 4490 3372 4547 custodiant.
3403 4490 3505 4548 Per

1930 4586 2234 4641 Dominum.

2003 4672 2154 4746 (6M)
2199 4672 2377 4728 Oratio
2423 4672 2489 4725 ad
2537 4670 2767 4725 abbatem
2803 4670 3107 4741 faciendum.
3136 4700 3208 4712 —
3233 4671 3505 4744 Concede,

1930 4781 2254 4840 quaesumus,
2282 4764 2620 4833 omnipotens
2651 4763 2811 4829 Deus,
2836 4771 2888 4817 et
2910 4761 3167 4817 famulum
3197 4771 3343 4819 tuum
3386 4763 3503 4830 111.,

1930 4875 2088 4932 quem
2131 4859 2195 4913 ad
2244 4858 2478 4927 regimen
2524 4857 2821 4910 animarum
2865 4852 3145 4924 elegimus,
3191 4858 3378 4925 gratiae
3405 4866 3506 4914 tua:

1931 4953 2073 5009 dono
2103 4963 2446 5021 prosequere,
2477 4955 2556 5013 ut,
2587 4955 2638 5002 te
2669 4947 2948 5017 largiente,
2990 4959 3109 5002 cum
3146 4946 3261 5017 ipsa
3293 4948 3385 5005 tibi
3410 4965 3505 5005 ηο-

1932 5052 2041 5099 stra
2069 5040 2331 5097 electione
2358 5038 2684 5106 placeamus.
2725 5033 2828 5090 Per
2862 5034 3164 5091 Dominum.

2080 5154 2109 5193 ιι
2148 5151 2303 5223 (615)
2344 5163 2661 5204 ΠεΒυοιΙΑυΑ
2698 5161 2740 5204 ιι
2777 5160 2907 5202 ros'r
2946 5161 3344 5203 rsurscosrsu.

2003 5271 2162 5332 Deus,
2192 5268 2244 5322 in
2274 5276 2323 5320 te
2362 5262 2689 5333 sperantium
2723 5260 3003 5330 fortitudo,
3029 5260 3218 5321 adesto
3247 5262 3506 5333 propitius

1929 5359 2354 5420 invocationibus
2383 5355 2613 5422 nostris;
2656 5362 2712 5409 et
2748 5354 2871 5423 quia
2914 5354 3031 5409 sine
3084 5364 3137 5409 te
3163 5354 3296 5408 nihil
3330 5361 3507 5422 potest

1929 5453 2169 5512 mortalis
2224 5447 2523 5513 inﬁrmitas,
2574 5452 2767 5515 prmsta
2821 5443 3077 5498 auxilium
3130 5443 3314 5513 gratiae
3372 5452 3501 5510 tuac,

1928 5557 1986 5603 ut
2031 5547 2084 5602 in
2122 5541 2404 5613 sequendis
2454 5537 2717 5595 mandatis
2748 5536 2854 5592 tuis
2901 5544 2956 5593 et
3002 5535 3275 5594 voluntate
3318 5538 3412 5594 tibi
3452 5548 3512 5597 et

1929 5638 2139 5694 actione
2169 5636 2489 5703 placeamus.
2521 5629 2645 5686 Per.

1936 5771 2089 5826 dictio
2118 5768 2401 5827 abbatissaz,
2432 5772 2479 5818 et
2509 5777 2661 5831 super
2690 5761 2895 5825 viduam
2932 5769 3060 5814 veste
3082 5760 3407 5831 mutandam.

2008 5840 2034 5879 ἱ)
2078 5839 2133 5896 in
2169 5837 2308 5894 Edit.
2345 5836 2538 5891 Pamel.
2576 5833 2707 5893 nihil
2737 5836 2802 5893 dc
2833 5830 3123 5893 Dominicis
3165 5842 3283 5903 post
3325 5833 3510 5892 Pente-
