4042 6350
550 394 651 452 I75

1750 375 1998 438 SANCTI
2037 371 2368 436 GREGORII
2404 361 2620 434 MAGM

3719 373 3817 433 176

624 507 786 581 169
805 504 977 577 Super
996 496 1618 559 bbiata.—Oblationem
1638 503 1899 561 nostram,
1919 508 2133 565 quaesu-
2160 494 2215 556 Α
2236 499 2321 547 rat
2348 505 2380 546 a
2416 490 2568 546 vobis
2590 501 2685 544 cor
2709 487 3000 558 lapideum,
3022 492 3077 544 et
3100 486 3195 544 det
3234 486 3386 544 vobis
3414 499 3508 543 cor
3546 498 3817 543 corneum.

549 615 694 667 mus,
744 597 971 654 Domine
997 637 1015 663 ,
1056 591 1479 649 misericorditer
1516 596 1797 659 acceptare
1836 594 1892 642 et
1937 586 2134 641 sancti-

543 695 708 749 flcare
750 689 1025 760 digneris,
1059 693 1115 740 ut
1145 683 1264 754 ejus
1313 681 1739 736 sanctificatione
1785 677 1941 734 nobis
1984 678 2131 734 salus

541 781 838 856 proveniat,
861 786 915 834 et
939 774 1184 833 defensio
1212 772 1563 841 sempiterna.
1593 771 1717 827 Per.

613 868 1134 943 Prwfatio.-—Vere
1178 865 1396 935 dignum
1445 870 1501 918 et
1532 862 1734 932 justum
1774 868 1875 927 est,
1923 872 2132 930 aequum

541 978 597 1024 et
625 967 879 1032 salutare,
921 977 1020 1018 nos
1049 959 1145 1015 tibi
1172 971 1385 1027 semper
1409 964 1464 1011 et
1483 955 1680 1024 ubique
1708 952 1906 1024 gratias
1948 964 2131 1021 agere,

540 1059 768 1117 Domine
817 1062 1023 1120 sancte,
1081 1052 1240 1106 Pater
1283 1047 1657 1117 omnipotens,
1713 1051 1915 1100 aeterne
1953 1041 2132 1098 Deus:

542 1150 635 1223 qui
662 1147 915 1205 Ecclesiae
939 1154 1043 1200 tua:
1071 1140 1209 1196 ﬁlios
1254 1140 1396 1195 sicut
1431 1152 1538 1192 non
1566 1149 1749 1192 cessas
1782 1134 2029 1203 erudire,
2060 1134 2134 1189 ita

542 1259 655 1301 non
695 1241 896 1299 desinis
934 1238 1223 1308 adjuvare,
1252 1243 1314 1289 ut
1352 1234 1666 1300 scientiam,
1700 1240 1757 1288 te
1803 1231 2131 1297 miserante,

539 1340 689 1389 recta
718 1328 969 1394 faciendi,
1007 1335 1061 1382 et
1098 1323 1510 1397 possibilitatem
1537 1323 1748 1394 capiant
1776 1321 2132 1392 exsequendi.

538 1424 648 1481 Per
667 1422 960 1493 Christum.

615 1523 643 1549 ιι
665 1511 979 1567 Benedictio.
996 1538 1067 1551 --
1087 1506 1384 1565 Benedicat
1406 1506 1558 1562 vobis
1579 1506 1857 1575 Dominus,
1881 1513 1935 1561 et
1949 1512 2134 1561 custo-

539 1605 652 1661 diat
676 1616 793 1657 vos.
824 1603 1020 1657 Amen.
1053 1599 1323 1656 llluminet
1352 1597 1543 1653 faciem
1568 1612 1721 1652 suam
1746 1610 1909 1665 super
1935 1609 2053 1661 vos,
2080 1602 2136 1651 et

535 1695 856 1752 misereatur
881 1691 1070 1749 vestri.
1097 1691 1293 1746 Amen.
1322 1687 1613 1744 Convertat
1639 1688 1844 1743 vultum
1872 1700 2028 1741 suum
2065 1684 2133 1740 ad

536 1798 668 1849 vos,
698 1781 941 1839 etdonet
973 1779 1128 1836 vobis
1172 1793 1378 1849 pacem.
1429 1779 1625 1833 Amen.
1654 1776 1817 1844 Quod
1849 1775 1966 1842 ipse
1997 1790 2135 1846 prae-

2237 584 2433 640 Amen.
2473 581 2625 650 Quod
2646 581 2761 649 ipse
2788 587 3067 650 praestare.

2306 675 2388 729 Ad
2417 672 2810 743 Complendum.
2837 690 2909 714 -'-—
2933 671 3169 741 Sumptis
3198 670 3531 736 muneribus;
3574 670 3819 738 Domine,

2236 783 2543 838 quaesumus
2583 775 2641 821 ut
2677 780 2798 821 cum
2860 764 3293 835 frequentatione
3340 762 3579 835 mysterii
3618 770 3823 819 crescat

2236 868 2437 916 nostrae
2465 859 2651 914 salutis
2679 859 2920 914 etiectus.
2954 857 3058 911 Per
3085 856 3396 910 Dominum.

2309 950 2478 1022 Super
2506 950 2775 1022 populum.
2795 978 2865 989 —
2886 949 3049 1015 Deus,
3088 946 3180 1018 qui
3207 958 3258 1002 te
3284 947 3337 1001 in
3368 946 3528 1003 rectis
3556 960 3621 1002 ac
3651 946 3825 1003 since-

2241 1043 2319 1098 ris
2342 1056 2563 1097 manere
2604 1041 2912 1111 pectoribus
2950 1039 3183 1105 asseris,
3224 1040 3291 1095 da
3338 1040 3490 1095 nobis
3529 1049 3615 1094 tua
3655 1041 3824 1110 gratia

2236 1133 2374 1189 tales
2396 1133 2649 1201 existere,
2678 1132 2731 1188 in
2765 1132 2962 1203 quibus
2998 1131 3240 1186 habitare
3269 1130 3529 1203 digneris.
3568 1130 3675 1187 Per
3723 1132 3826 1188 Do-

2237 1225 2443 1280 minum
2467 1232 2712 1279 nostrum
2741 1222 2927 1278 Jesum
2958 1221 3256 1279 Christum.
3642 1238 3657 1249 “

2520 1332 2841 1373 ΒΕΒΒΟΙΛΒΔ
2870 1331 2924 1371 ιν
2971 1329 3101 1373 Ροετ
3143 1329 3536 1371 Ρειιτιςεοετιιιι.

2311 1413 2750 1483 Deprecatiouem
2772 1419 3010 1467 nostram
3030 1451 3048 1479 ,
3078 1423 3389 1480 quaesumus
3409 1452 3423 1476 ,
3457 1410 3701 1478 Domine,
3733 1410 3829 1467 be-

2238 1506 2433 1578 nignus
2460 1506 2690 1589 exaudi,
2736 1514 2790 1561 et
2830 1505 3022 1578 quibus
3050 1504 3383 1573 supplicandi
3422 1513 3647 1573 praestas
3698 1504 3831 1559 affe-

2238 1606 2406 1667 ctum,
2440 1599 2613 1655 tribue
2651 1597 2978 1654 defensionis
3018 1597 3296 1652 auxilium.
3327 1596 3426 1652 Per
3450 1597 3754 1652 Dominum.

2310 1690 2480 1762 Super
2523 1690 2717 1746 oblata.
2749 1721 2818 1731 —
2850 1690 3097 1758 Munera,
3145 1689 3389 1754 Domine,
3422 1687 3596 1741 oblata
3626 1688 3830 1744 sancti-

2238 1783 2369 1851 ﬁca,
2401 1792 2459 1837 ut
2507 1781 2581 1836 tui
2611 1781 2767 1837 nobis
2808 1780 3075 1852 Unigeniti
3113 1794 3309 1851 corpus
3337 1786 3392 1835 et
3431 1780 3644 1851 sanguis
3674 1779 3829 1838 ﬁant.

533 1883 677 1930 stare
708 1871 988 1942 dignetur,
1020 1869 1175 1938 cujus
1222 1882 1445 1939 regnum
1477 1875 1533 1923 et
1560 1867 1843 1936 imperium
1881 1866 1996 1921 sine
2024 1865 2132 1922 fine
2160 1871 2211 1932 B
2238 1880 2341 1935 per
2365 1876 2673 1933 Dominum.

531 1974 846 2037 permanet,
899 1977 996 2033 per
1043 1962 1225 2017 omnia
1284 1960 1483 2017 saecula
1532 1960 1878 2020 saeculorum.
1934 1961 2128 2015 Amen.

533 2054 846 2110 Benedictio
888 2052 984 2108 Dei
1026 2051 1205 2107 Patris
1250 2060 1305 2107 et
1342 2051 1462 2107 Filii
1485 2060 1542 2108 et
1567 2051 1798 2122 Spiritus
1846 2052 2049 2119 sancti,
2078 2060 2136 2107 et

532 2160 639 2216 pax
686 2143 899 2200 Domini
938 2142 1010 2199 sit
1049 2157 1262 2214 semper
1307 2142 1604 2199 vobiscum.
1664 2142 1735 2198 Et
1776 2156 1900 2197 cum
1939 2142 2134 2211 spiritu

531 2246 648 2295 tuo.
2016 2282 2019 2287 .

606 2327 688 2381 Ad
726 2324 1433 2398 Complendum.—Tantis,
1473 2323 1735 2392 Domine,
1781 2324 1968 2394 repleti
2014 2339 2134 2379 mu-

535 2417 788 2484 neribus,
812 2431 1119 2487 quaesumus
1160 2424 1217 2470 ut
1262 2424 1318 2471 et
1352 2416 1604 2469 salutaria
1635 2414 1776 2470 dona
1817 2415 2126 2484 capiamus,

532 2518 588 2567 et
612 2524 644 2564 a
670 2518 756 2564 tua
778 2523 1046 2578 nunquam
1070 2506 1227 2562 laude
1253 2520 1547 2562 cessemus.
1578 2508 1700 2562 Per.

606 2600 777 2672 Super
814 2600 1080 2671 populum.
1108 2628 1180 2638 —
1210 2596 1424 2654 Fideles
1477 2608 1616 2665 tuos,
1663 2599 1915 2665 Domine,
1965 2600 2133 2657 bene-

533 2690 702 2748 dictio
727 2689 1026 2746 desiderata
1049 2688 1360 2755 confirmet,
1396 2704 1515 2758 quae
1543 2704 1636 2744 eos
1661 2699 1717 2744 et
1746 2705 1773 2742 a
1807 2699 1897 2743 tua
1939 2690 2132 2747 volun-

534 2790 645 2839 tate
683 2781 845 2837 faciat
883 2794 1153 2849 nunquam
1183 2780 1519 2850 discrepare,
1564 2792 1618 2836 et
1658 2784 1763 2836 tuis
1793 2798 2009 2853 semper
2035 2785 2121 2839 in-

532 2872 752 2942 dulgeat
790 2869 1063 2926 beneﬁciis
1099 2871 1377 2942 gratulari.
1410 2872 1514 2927 Per
1545 2873 1794 2929 eumdem
1843 2875 2127 2931 Dominum

532 2970 799 3020 nostrum.

824 3070 1141 3112 ῙῙΕΒΒΟΜΑΒΔ
1180 3070 1238 3109 111
1278 3070 1405 3112 POST
1434 3070 1834 3113 PINTECOSTEN.

605 3146 791 3206 Sancti
828 3146 1063 3202 nominis
1099 3148 1214 3214 tui,
1264 3147 1520 3214 Domine,
1551 3148 1798 3203 timorem
1838 3150 2036 3218 pariter
2074 3158 2129 3205 et

2310 1967 2831 2037 Priamum—Vere
2875 1965 3094 2036 dignum
3123 1974 3178 2021 et
3222 1965 3422 2034 justum
3470 1973 3571 2031 est,
3614 1979 3831 2035 aequum

2234 2070 2292 2117 et
2335 2062 2594 2129 salutare,
2624 2075 2722 2115 nos
2751 2059 2844 2116 tibi
2869 2074 3085 2130 semper
3113 2069 3168 2115 et
3191 2059 3388 2129 ubique
3415 2060 3612 2128 gratias
3641 2073 3829 2129 agere,

2236 2150 2465 2207 Domine
2524 2159 2743 2217 sancte,
2794 2149 2953 2205 Pater
2992 2150 3364 2221 omnipotens,
3407 2158 3605 2205 aeterne
3651 2151 3829 2206 Deus:

2235 2242 2388 2313 cujus
2420 2245 2521 2298 hoc
2546 2242 2831 2298 mirificum
2854 2255 2991 2312 opus
3025 2256 3089 2297 ac
3118 2241 3351 2296 salutare
3380 2242 3690 2311 mysterium
3730 2242 3832 2297 fuit

2235 2343 2296 2389 ut
2333 2334 2526 2404 perditi
2554 2334 2756 2389 dudum
2791 2344 2953 2405 atque
2981 2334 3237 2403 prostrati
3265 2332 3333 2388 de
3361 2332 3572 2388 diabolo
3600 2342 3653 2388 et
3681 2336 3830 2389 ωσι-

2237 2426 2305 2481 tis
2326 2426 2513 2480 aculeo
2540 2424 2607 2480 ad
2636 2426 2772 2480 hanc
2814 2426 3038 2496 gloriam
3068 2439 3404 2491 vocaremur,
3436 2439 3537 2495 qua
3562 2440 3700 2481 nunc
3725 2441 3831 2496 ge-

2234 2534 2338 2575 nus
2364 2519 2593 2574 electum
2636 2518 3101 2589 saeerdotiumque
3138 2519 3338 2589 regale,
3367 2518 3597 2587 populus
3641 2520 3833 2589 acqui-

2234 2613 2445 2668 sitionis
2474 2620 2529 2667 et
2582 2627 2714 2682 gens
2760 2620 2943 2668 sancta
2997 2626 3337 2667 vocaremur.
3385 2612 3617 2681 Agentes
3666 2611 3833 2681 igitur

2235 2706 2532 2761 indefessas
2577 2708 2776 2776 gratias
2810 2713 3155 2774 sanctamque
3218 2702 3634 2758 munificentiam
3682 2711 3830 2759 tuam

2235 2797 2615 2867 praedicantes,
2668 2797 2936 2867 Majestati
2981 2805 3088 2851 tua:
3137 2796 3253 2850 haec
3303 2809 3457 2850 sacra
3509 2795 3829 2863 deferimus,

2233 2904 2352 2957 qua:
2384 2889 2538 2943 nobis
2561 2889 2676 2958 ipse
2718 2888 2910 2943 salutis
2932 2896 3129 2944 nostrae
3168 2897 3357 2943 auctor
3384 2884 3629 2943 Christus
3668 2888 3831 2943 insti-

2234 2978 2350 3035 tuit.
2400 2979 2504 3035 Per
2528 2995 2686 3050 quem
2717 2980 3050 3050 Maiestatem
3099 2988 3267 3036 tuam.

2310 3083 2333 3109 ο
2373 3069 2691 3125 Benedictio.
2720 3100 2792 3112 —
2818 3070 3105 3127 Benedicat
3152 3074 3303 3127 vobis
3350 3074 3607 3129 Dominus
3656 3074 3833 3130 nostri

2239 3160 2350 3215 oris
2377 3161 2635 3231 alloquio,
2668 3170 2723 3217 et
2762 3176 2857 3217 cor
2882 3171 3119 3218 vestrum
3159 3163 3351 3221 sinceri
3383 3165 3582 3221 amoris
3611 3169 3835 3236 copulet

533 3257 774 3299 amorem
820 3242 905 3295 fac
935 3254 1033 3295 nos
1063 3239 1262 3295 habere
1292 3251 1606 3310 perpetuum
1628 3281 1644 3306 ,
1684 3243 1811 3311 quia
1855 3258 2125 3312 nunquam
2153 3238 2202 3303 C
2234 3263 2380 3305 nexu
2424 3259 2705 3320 perpetuo.
2747 3252 2941 3307 Amen.
2973 3251 3238 3309 Floreatis
3266 3269 3445 3309 rerum
3484 3257 3831 3324 praesentium

540 3343 634 3390 tua
679 3330 1065 3403 gubernatione
1111 3330 1393 3397 destituis,
1428 3344 1561 3399 quos
1605 3332 1659 3385 in
1698 3332 1970 3387 soliditate
2021 3344 2126 3390 tuae

535 3422 836 3478 dilectionis
859 3420 1115 3475 instituis.
1141 3420 1245 3474 Per
1264 3419 1569 3475 Dominum.

607 3512 777 3584 Super
805 3512 995 3566 oblata.
1020 3541 1089 3551 —-
1117 3510 1326 3566 Oblatio
1356 3524 1486 3578 nos,
1514 3510 1759 3576 Domine,
1791 3521 1882 3566 tuo
1921 3513 2124 3570 nomini

532 3603 759 3659 dicanda
789 3602 1052 3671 puriﬁcet,
1075 3609 1131 3657 et
1157 3601 1224 3655 de
1249 3601 1335 3657 die
1375 3603 1430 3656 in
1450 3602 1595 3657 diem
1620 3603 1685 3658 ad
1724 3605 1961 3661 caelestis
2003 3608 2125 3662 vitae

533 3695 821 3751 transferat
841 3696 1130 3750 actionem.
1177 3695 1302 3749 Per.

606 3786 1119 3859 Praetutia—Vere
1155 3786 1372 3857 dignum
1408 3794 1465 3843 et
1501 3787 1710 3858 justum
1746 3800 1857 3867 est,
1911 3806 2125 3862 aequum

532 3885 590 3934 et
617 3877 875 3942 salutare,
903 3891 1005 3933 nos
1031 3874 1125 3931 tibi
1156 3891 1372 3947 semper
1398 3887 1453 3933 et
1475 3882 1671 3951 ubique
1697 3884 1898 3952 gratias
1928 3897 2120 3953 agere,

531 3969 760 4026 Domine
785 3976 991 4038 sancte,
1022 3969 1176 4023 Pater
1205 3971 1565 4039 omnipotens,
1600 3980 1800 4028 aeterne
1836 3976 1996 4039 Deus,
2024 3989 2120 4044 per

544 4060 821 4116 Christum
854 4061 1137 4115 Dominum
1168 4072 1410 4116 nostrum
1440 4079 1451 4114 :
1483 4077 1578 4131 per
1600 4078 1757 4132 quem
1788 4064 2121 4133 MajeStatem

533 4161 681 4206 tuam
704 4152 1013 4220 suppliciter
1041 4167 1327 4207 exoramus
1347 4192 1363 4222 ,
1397 4164 1453 4207 ut
1482 4151 1549 4206 ab
1578 4152 1820 4207 Ecclesia
1852 4163 1937 4209 tua
1967 4156 2122 4226 quid-

536 4243 668 4314 quid
693 4252 777 4299 est
805 4243 1024 4297 noxium
1055 4254 1111 4298 tu
1144 4246 1395 4315 repellas,
1434 4256 1487 4301 et
1516 4247 1657 4318 quod
1687 4247 1859 4304 eidem
1888 4251 2121 4310 salutare

534 4343 621 4391 est
650 4333 921 4403 largiaris;
953 4348 1155 4403 nosque
1182 4345 1370 4389 contra
1409 4340 1669 4405 superbos
1698 4341 1918 4409 spiritus
1947 4343 2123 4397 humi-

534 4422 741 4479 litatem
770 4423 974 4479 tribuas
993 4424 1365 4479 rationabilem
1405 4428 1694 4496 custodire,
1736 4445 1855 4485 cum
1894 4435 2119 4502 gratiam

530 4523 682 4571 tuam
710 4515 1002 4570 clementer
1029 4516 1186 4571 nobis
1209 4516 1507 4586 impendis;
1540 4532 1639 4573 nec
1685 4520 1903 4575 humani
1945 4523 2120 4579 incer-

2232 3341 2422 3410 copiis,
2444 3342 2654 3410 justitia
2676 3342 2975 3412 acquisitis,
3007 3343 3283 3413 gaudeatis
3311 3349 3616 3415 perenniter
3637 3347 3835 3405 fructi-

2230 3432 2330 3487 bus
2380 3432 2760 3487 sincerissimas
2810 3432 3106 3491 charitatis.
3158 3438 3352 3491 Amen.
3407 3436 3632 3493 Tribuat
3672 3440 3833 3495 vobis

2232 3524 2489 3579 Dominus
2512 3524 2653 3579 dona
2681 3525 2935 3594 perennia
2953 3567 2970 3595 ,
3001 3536 3059 3582 ut
3080 3528 3099 3598 (
3120 3526 3259 3599 616)
3288 3539 3410 3600 post
3443 3539 3682 3600 tempora
3703 3531 3831 3587 feli-

2230 3615 2365 3670 citer
2384 3615 2601 3669 dilatata
2635 3601 2942 3685 percipiatis
2987 3617 3178 3686 gaudia
3228 3618 3579 3689 sempiterna.
3625 3622 3827 3678 Amen.

2232 3706 2384 3772 Quod
2428 3707 2544 3775 ipse
2570 3717 2828 3776 praestare
2858 3707 3127 3777 dignetur.

2300 3797 2381 3852 Ad
2430 3796 2824 3868 Complendum.
2855 3798 3132 3854 -Sacris
3182 3802 3514 3871 muneribus,
3564 3802 3825 3874 Domine,

2228 3890 2528 3958 perceptis,
2584 3904 2896 3958 quaesumus
2947 3897 3006 3945 ut
3056 3906 3157 3947 nos
3212 3907 3401 3948 eorum
3445 3894 3663 3962 virtute,
3694 3904 3751 3950 et
3801 3911 3833 3951 a

2228 3980 2369 4035 vitiis
2417 3981 2668 4036 omnibus
2720 3981 2927 4050 expies,
2974 3993 3029 4038 et
3073 3984 3229 4040 donis
3275 3994 3379 4042 tua:
3409 3988 3593 4058 gratia:
3618 3987 3832 4059 jugiter

2230 4071 2459 4141 replens.
2494 4071 2597 4126 Per
2621 4071 2903 4128 Dominum
2948 4085 3215 4131 nostrum.

2301 4164 2471 4235 Super
2499 4166 2763 4235 populum.
2796 4198 2866 4207 —
2892 4167 3156 4239 Tempora
3204 4180 3383 4227 nostra
3405 4214 3421 4240 ,
3473 4189 3789 4244 quaesumus
3812 4218 3830 4246 ,

2230 4256 2495 4322 Domine,
2541 4258 2627 4326 pio
2653 4257 2836 4315 favore
2880 4275 3230 4331 prosequere,
3262 4273 3316 4318 et
3365 4264 3561 4334 quibus
3605 4282 3830 4323 cursum

2228 4347 2419 4403 tribuis
2448 4349 2755 4419 largiorem,
2785 4360 2982 4419 praesta
3006 4354 3317 4408 continuum
3363 4355 3626 4426 benignus
3657 4359 3824 4414 auxi-

2227 4439 2376 4494 lium.
2410 4440 2513 4496 Per
2536 4441 2820 4496 Dominum
2874 4451 3137 4499 nostrum.

2430 4534 2582 4603 171
2626 4547 2943 4589 neeoouana
2973 4550 3004 4588 v
3034 4549 3163 4591 pos'r
3188 4550 3583 4593 ranrscosreu.

530 4616 622 4662 tos
641 4607 853 4700 consilii
876 4607 1239 4700 derelinquas,
1282 4608 1377 4664 sed
1425 4619 1535 4677 tua,
1563 4625 1683 4679 quae
1723 4610 1835 4666 falli
1882 4628 1989 4668 non
2022 4630 2117 4685 po-
2144 4624 2199 4684 1)
2296 4619 2574 4676 Protector
2600 4622 2653 4676 in
2684 4632 2735 4677 te
2778 4626 3129 4693 sperantium,
3164 4627 3326 4695 Deus,
3375 4630 3493 4684 sine
3540 4645 3648 4700 quo
3689 4632 3827 4688 nihil

530 4706 658 4765 test,
678 4698 1060 4769 gubernatione
1087 4699 1358 4769 disponas.
1407 4701 1511 4757 Per
1538 4717 1721 4772 quem.

603 4790 631 4829 δ
672 4790 991 4848 Benedictio.
1014 4821 1086 4834 --
1114 4793 1440 4862 Propitietur
1486 4794 1744 4850 Dominus
1774 4796 1983 4853 cunctis
2013 4800 2118 4854 itii-

530 4881 820 4952 quitatibus
863 4886 1085 4950 vestris,
1134 4886 1291 4956 17o
1324 4895 1378 4941 et
1411 4897 1563 4941 sanet
1604 4901 1792 4943 omnes
1834 4890 2118 4959 languores

527 4979 756 5027 vestros.
781 4974 975 5032 Amen.
1000 4974 1247 5030 Redimat
1274 4975 1342 5031 de
1367 4976 1582 5031 interitu
1602 4978 1833 5033 animam
1857 4989 2114 5052 vestram,

532 5070 590 5118 et
625 5065 784 5119 satiet
809 5064 865 5119 in
894 5066 1048 5120 bonis
1070 5065 1393 5122 desiderium
1428 5076 1682 5124 vestrum.
1719 5070 1912 5127 Amen.
1949 5073 2113 5128 Aufe-

528 5207 715 5274 costen
737 5200 989 5274 occurrit.
1022 5201 1147 5258 Sed.
1170 5212 1292 5274 post
1333 5202 1567 5259 ofﬁcium
1598 5206 1953 5265 dedicationis
1976 5213 2114 5269 eccl.

528 5271 768 5353 sequitur
795 5288 811 5326 :
838 5269 916 5353 In_
950 5274 1113 5353 natali
1155 5269 1322 5353 ῥίψω,
1344 5276 1423 5353 [η
1451 5277 1772 5353 ordinatione
1818 5284 2115 5353 presbyteri.

631 5356 869 5418 sponsam
899 5343 1604 5418 benedicengdain._70rationes
1628 5365 1718 5416 pro
1750 5343 1988 5418 peccatis:
2008 5364 2115 5409 etc.

529 5412 810 5492 gris-getiam
844 5412 1045 5492 legitur.
1065 5414 1118 5467 in
1148 5415 1278 5469 Cod.
1306 5416 1438 5485 Reg.
1468 5412 1789 5492 Sueci‘ze,rex
1813 5438 1918 5492 quo
1949 5412 2114 5480 multa

530 5482 801 5561 Editiopis
849 5482 1166 5561 Pameliante
1206 5482 1408 5561 errata'
1435 5482 1712 5561 emendari
1760 5482 2001 5561 poésunt,
2060 5504 2117 5551 ut

530 5567 657 5626 pag.
704 5552 831 5626 384,
876 5551 929 5626 in
972 5554 1223 5610 Oratione
1269 5558 1337 5610 ad
1383 5551 1781 5626 capillaturam}
1814 5564 1893 5616 Ad
1936 5551 2115 5619 novam

532 5622 776 5701 tondendi
798 5625 1015 5693 gratiam
1042 5640 1232 5701 uocare
1272 5622 1512 5701 dignatus
1536 5647 1627 5701 res,
1663 5647 1760 5701 pro
1809 5636 1888 5687 Ad
1917 5651 2113 5691 comam

532 5645 775 5675 wrtuenat
798 5645 1015 5693 granum
1055 5645 1232 5680 vocare
1272 5645 1324 5680 at
1362 5645 1512 5683 natus
1555 5647 1627 5697 es,
1663 5647 1760 5701 pro
1809 5645 1887 5687 Αα
1917 5651 2113 5691 comam

530 5691 800 5776 tondendi,
826 5697 1054 5776 etc.,_uti
1083 5696 1299 5776 exhibet
1327 5645 1415 5753 ftic
1434 5700 1623 5776 Codex_
1649 5719 1751 5776 ins.
1779 5705 2113 5776 Omittuntur

527 5774 741 5847 quoque
768 5768 1055 5847 Domini”:
1080 5776 1203 5847 post
1231 5768 1578 5847 Pentecostcn
1610 5772 1929 5847 inﬂKaIend.
1948 5777 2108 5833 Rom.

530 5830 729 5888 Earum
776 5832 947 5893 Missae
988 5830 1323 5908 assignantur
1358 5841 1547 5899 eodem
1592 5846 1778 5902 ordine
1821 5847 1871 5903 in
1901 5830 2107 5905 duobus

2230 4722 2312 4768 est
2340 4712 2598 4780 validum,
2632 4714 2765 4768 nihil
2786 4724 3052 4784 sanctum,
3080 4719 3373 4789 multiplica
3406 4735 3568 4790 super
3597 4736 3699 4776 nos
3728 4726 3828 4779 ini-

2228 4804 2577 4860 sericordiam
2607 4812 2783 4873 tuam,
2809 4814 2887 4874 ut,
2927 4817 2981 4865 te
3004 4819 3235 4880 rectore,
3269 4820 3321 4868 te
3349 4814 3505 4880 duce,
3536 4814 3615 4868 sic
3640 4822 3823 4871 trans.

2227 4911 2414 4951 eamus
2449 4912 2543 4966 per
2572 4898 2709 4954 bona
2754 4903 3091 4972 temporalia,
3119 4915 3176 4960 ut
3204 4920 3309 4962 non
3338 4907 3646 4962 amittamus
3662 4917 3829 4964 teter-

2232 5002 2320 5043 na.
2354 4987 2456 5043 Per
2501 4989 2782 5047 Dominum
2811 5002 3071 5049 nostrum.

2296 5080 2468 5153 Super
2493 5081 2687 5137 oblata.
2709 5112 2782 5125 —
2810 5085 3067 5156 Respice,
3112 5089 3366 5160 Domine,
3416 5108 3638 5149 munera
3687 5109 3824 5165 sup-

2223 5216 2540 5304 Tlteoderic.
2564 5236 2636 5304 .ac
2660 5222 2718 5304 in
2768 5224 3189 5304 nostrishEditis.
3220 5228 3275 5285 ln
3315 5230 3512 5287 Codice
3542 5249 3674 5287 vero
3708 5234 3821 5291 Ge-

2221 5299 2355 5413 ;net.
2402 5296 2740 5360 reperiuntur
2789 5296 3093 5354 immediate
3134 5309 3253 5371 post
3311 5312 3555 5357 octavam
3614 5305 3819 5362 Pente—

2253 5376 2313 5413 os
2339 5375 2418 5414 es.

2276 5439 2319 5511 ,ο
2352 5432 2571 5514 Legitur
2606 5435 2658 5516 in
2698 5436 3070 5518 Benediction.
3113 5441 3557 5514 inscribiturque:
3583 5443 3819 5501 Benedi-

2219 5509 2319 5554 ctio
2344 5504 2659 5560 quotidianus
2703 5509 2896 5560 diebus.

2290 5516 2319 5553 ο
2344 5512 2659 5587 quotidiauis
2703 5512 2896 5565 diebus.

2290 5569 2316 5656 ιζ
2357 5574 2788 5656 benedictionem
2819 5583 2956 5656 hanc
2984 5582 3169 5656 nullibi
3199 5585 3322 5656 legi.

2297 5652 2318 5680 ο
2362 5643 2500 5726 Hazc.
2521 5661 2733 5717 quoque
2782 5652 2902 5706 aliis
2939 5668 3005 5707 ex
3052 5643 3338 5712 Codicibus
3391 5658 3610 5713 minime
3656 5667 3813 5715 nota.

2219 5711 2306 5799 De
2323 5711 2681 5799 caeterisqua:
2714 5732 3024 5799 _sequuntur
3060 5711 3262 5783 eadem,
3290 5728 3430 5785 dicta
3450 5711 3630 5788 sunto
3649 5711 3813 5799 nisi

2218 5784 2375 5842 aliter
2396 5800 2513 5844 rem
2542 5784 2603 5847 se
2641 5784 2838 5850 habere
2860 5808 3195 5859 maneamus.
