4042 6350
222 340 325 393 177

1439 336 1646 394 LIBER
1684 329 1963 391 SACRAM
1973 333 2324 396 ENTORUM.

3397 341 3498 398 178

216 457 465 529 plicantis
506 455 766 512 Ecclesiae
793 498 809 524 ,
855 462 909 512 et
955 453 1115 510 saluti
1159 455 1493 512 credentium
1539 462 1793 526 perpetua
1821 451 2182 512 Amissiones
2203 465 2360 523 tuas,
2418 470 2540 526 quae
2586 469 2746 514 omne
2804 455 3130 514 desiderium
3189 465 3488 527 superant,

214 549 640 606 sanctiﬁcatione
662 547 921 604 sumenda
947 548 1199 603 concede.
1228 547 1349 603 Per.

289 642 565 710 Praefatio.
597 671 670 681 —
701 641 839 697 Vere
881 641 1097 711 dignum
1143 650 1197 697 et
1233 641 1433 710 justum
1466 650 1568 708 est,
1599 656 1807 711 acquum

217 745 273 792 et
311 735 566 798 salutare,
601 748 701 789 nos
727 735 822 790 tibi
854 749 1069 804 semper
1098 742 1152 790 et
1180 733 1374 805 ubique
1401 736 1599 805 gratias
1629 750 1807 804 agere,

216 830 449 884 Domine
497 838 717 895 sancte,
776 828 933 884 Pater
961 827 1342 899 omnipotens,
1391 837 1590 884 aeterne
1628 829 1807 883 Deus:

217 934 272 978 et
300 921 750 990 omnipotentiam
799 929 942 975 tuam
971 921 1168 990 jugiter
1209 920 1518 990 implorare,
1555 932 1613 976 ut
1659 920 1812 976 nobis

214 1024 269 1070 et
301 1015 588 1082 praesentis
619 1014 742 1068 vitae
771 1013 1092 1080 subsidium,
1119 1023 1172 1069 et
1201 1023 1414 1070 aeternae
1442 1014 1646 1069 tribuas
1676 1029 1813 1082 prae-

215 1101 384 1157 mium
412 1103 816 1173 sempiternum.
861 1103 977 1171 Quo
1011 1105 1088 1159 sic
1117 1105 1392 1159 mutabilia
1441 1105 1580 1159 dona
1631 1108 1814 1174 capia-

216 1211 358 1260 mus,
395 1205 451 1249 ut
477 1212 576 1266 per
604 1196 720 1251 haec
760 1196 826 1250 ad
868 1197 1324 1252 incommutabilia
1372 1197 1510 1252 dona
1538 1197 1816 1265 pervenire

216 1291 540 1355 valeamus;
575 1289 654 1344 sic
686 1290 991 1358 temporalis
1015 1289 1213 1344 laetitiae
1250 1297 1488 1359 tempora
1515 1297 1811 1356 transeant,

218 1383 374 1436 uteis
421 1381 620 1450 gaudia
667 1383 991 1452 sempiterna
1045 1383 1354 1439 succedant.
1412 1383 1515 1438 Per
1543 1384 1814 1438 Christum

220 1474 511 1528 Dominum
544 1482 810 1528 nostrum.

290 1565 615 1621 Benedictio.
642 1596 712 1607 —
734 1567 1003 1623 Emundet
1048 1567 1304 1623 Dominus
1342 1568 1694 1624 conscientias
1719 1583 1816 1623 ve-

229 1668 374 1712 stras
403 1657 470 1712 ab
499 1657 647 1713 omni
675 1658 899 1722 malitia.
928 1668 982 1713 et
1005 1659 1212 1728 repleat
1238 1661 1657 1716 sanctificatione
1696 1676 1816 1730 per-

220 1761 408 1819 petua.
453 1752 645 1806 Amen.
694 1751 830 1807 Vota
863 1763 1041 1807 vestra
1087 1753 1381 1809 clementer
1437 1754 1710 1818 intendat,
1764 1761 1818 1809 et

1913 562 2321 619 consequamur.
2347 551 2468 606 Per.

1985 643 2155 713 Super
2182 643 2371 698 oblata.
2395 671 2466 683 -
2491 644 2809 714 Propitiare,
2865 642 3112 710 Domine,
3154 640 3501 712 supplicatio-

1914 731 2073 787 nibus
2107 735 2323 802 nostris,
2363 745 2416 789 et
2465 735 2561 790 has
2598 737 2900 791 oblationes
2929 735 3246 790 famulorum
3277 730 3502 788 famula-

1915 841 2142 895 rumque
2183 835 2390 882 tuarum
2418 828 2681 899 benignus
2721 845 2935 885 assume
2956 871 2971 896 ,
3005 838 3063 884 ut
3129 827 3268 898 quod
3300 827 3498 896 singuli

1917 923 2221 979 obtulerunt
2252 926 2318 978 ad
2351 925 2606 980 honorem
2639 926 2872 982 nominis
2902 925 2998 992 tui,
3025 925 3232 980 cunctis
3260 921 3506 993 proﬁciat

1916 1019 1984 1073 ad
2009 1019 2256 1075 salutem.
2289 1019 2389 1075 Per
2436 1020 2717 1075 Dominum
2747 1030 3013 1076 nostrum.

1988 1111 2262 1182 Praefatio.
2293 1141 2347 1152 -
2392 1111 2529 1167 Vere
2559 1112 2776 1182 dignum
2821 1122 2873 1168 et
2915 1114 3110 1181 justum
3142 1119 3250 1176 est,
3292 1123 3504 1179 aequum

1919 1210 1972 1258 et
2001 1204 2252 1268 salutare,
2287 1218 2384 1257 nos
2416 1205 2507 1258 tibi
2531 1219 2744 1272 semper
2782 1214 2835 1259 et
2882 1205 3078 1274 ubique
3137 1205 3335 1273 gratias
3381 1215 3505 1269 age-

1920 1310 2000 1364 re,
2033 1296 2262 1350 Domine
2283 1305 2488 1360 sancte,
2523 1295 2682 1350 Pater
2712 1296 3076 1365 omnipotens,
3112 1303 3312 1347 aeterne
3341 1292 3506 1358 Deus,

1920 1403 2017 1455 per
2041 1387 2313 1441 Christum
2340 1387 2620 1440 Dominum
2671 1399 2932 1450 nostrum,
2986 1400 3170 1440 verum
3222 1393 3511 1437 aeternum-

1919 1493 2024 1547 que
2046 1479 2371 1546 pontificem,
2398 1487 2452 1532 et
2495 1477 2644 1548 (617)
2669 1480 2842 1534 solum
2887 1477 3005 1532 sine
3046 1475 3252 1545 peccati
3299 1474 3510 1529 macula

1919 1571 2279 1634 sacerdotem,
2313 1569 2464 1638 cujus
2493 1571 2752 1639 sanguine
2784 1569 3017 1624 ﬁdelium
3046 1567 3204 1622 corda
3234 1565 3499 1620 mundan-

1921 1669 2026 1726 tur,
2079 1660 2229 1730 cujus
2268 1661 2603 1715 institutione
2657 1660 2967 1723 placationis
3018 1659 3112 1712 tibi
3162 1657 3366 1711 hostias
3403 1670 3512 1709 non

1920 1755 2090 1808 solum
2147 1769 2245 1824 pro
2289 1754 2498 1810 delictis
2528 1755 2746 1823 p0puli,
2788 1753 2884 1809 sed
2945 1750 3109 1807 etiam
3150 1765 3246 1818 pro
3310 1747 3510 1802 nostris

223 1851 444 1912 peccata
474 1845 654 1898 omnia
680 1843 994 1913 propitiatus
1019 1845 1312 1917 indulgeat.
1342 1849 1534 1902 Amen.
1569 1848 1697 1914 Quae
1730 1849 1815 1916 pie
1845 1841 1894 1901 Β
1921 1847 2307 1904 offensionibus
2343 1847 2724 1914 immolamus;
2768 1855 2910 1900 tuam
2948 1851 3234 1915 poscentes
3275 1841 3516 1896 clemen-

220 1937 420 2004 optatis
448 1935 734 1992 miseratus
758 1937 1035 2002 attribuat,
1085 1954 1147 1994 ac
1176 1955 1296 2009 quae
1344 1941 1646 2008 pavescitis,
1696 1942 1814 2010 pius

221 2035 594 2096 propugnator
622 2027 808 2096 procul
833 2028 1086 2097 repellat.
1127 2027 1321 2086 Amen.
1356 2030 1506 2097 Quod
1540 2031 1653 2103 ipse
1679 2047 1819 2102 prae-

219 2127 369 2173 stare
397 2120 660 2188 dignetur.

303 2211 384 2262 Ad
416 2209 804 2282 Complendum.
830 2213 1102 2269 —Sancta
1130 2224 1220 2269 tua
1252 2229 1371 2283 nos,
1399 2216 1641 2282 Domine,
1674 2231 1817 2272 sum-

221 2310 320 2372 pta
374 2302 677 2372 viviﬁcent,
723 2314 776 2359 et
816 2305 1197 2362 misericordiae
1228 2308 1567 2377 sempiternam
1616 2324 1821 2380 praepa-

221 2403 349 2449 rent
378 2397 648 2465 expiatos.
683 2395 786 2452 Per
809 2397 1089 2452 Dominum
1141 2409 1405 2456 nostrum.

299 2488 476 2558 Super
514 2490 781 2557 populum.
815 2519 885 2531 -—
930 2489 1193 2560 Respice,
1246 2491 1507 2558 Domine,
1562 2493 1822 2563 propitius

228 2581 442 2650 plebem
471 2589 640 2648 tuam,
688 2592 739 2638 et
769 2591 883 2639 toto
913 2583 1007 2639 tibi
1032 2584 1196 2640 corde
1234 2586 1527 2654 subjectum
1559 2586 1821 2656 praesidiis

227 2672 442 2729 invictae
474 2675 689 2744 pietatis
717 2676 923 2732 attolle.
959 2676 1062 2733 Per
1095 2677 1402 2733 Dominum.

515 2784 835 2825 HEBDOHADL
872 2784 924 2824 Vl
975 2784 1104 2825 POST
1135 2785 1532 2828 PENTECOSTEN.

307 2858 380 2912 Da
413 2859 589 2926 nobis,
620 2875 948 2931 quaesumus,
994 2861 1241 2928 Domine,
1274 2871 1331 2918 ut
1351 2873 1404 2920 et
1433 2865 1615 2920 mundi
1638 2879 1825 2922 cursus

228 2949 458 3021 paciﬁce
490 2953 645 3008 nobis
680 2963 771 3008 tuo
813 2953 1002 3010 ordine
1037 2954 1318 3025 dirigatur,
1365 2965 1420 3012 et
1459 2957 1698 3013 Ecclesia
1737 2969 1824 3014 tua

236 3044 527 3114 tranquilla
556 3045 842 3102 devotione
871 3046 1099 3102 laetetur.
1133 3047 1236 3103 Per
1265 3048 1571 3106 Dominum.

305 3136 484 3205 Super
511 3135 700 3190 oblata.
733 3167 803 3178 —-
829 3137 1166 3206 Ascendant,
1200 3156 1535 3210 quaesumus,
1562 3144 1784 3202 Domine
1807 3187 1823 3214 ,

1923 1941 2047 1994 tiam
2079 1949 2137 1993 ut
2163 1954 2324 1994 omne
2351 1947 2626 2008 peccatum
2656 1938 2796 2008 quod
2846 1937 3022 1992 carnis
3055 1933 3341 2004 fragilitate
3376 1946 3510 1986 con-

1921 2031 2177 2085 traximus
2201 2070 2215 2094 ,
2254 2031 2371 2098 ipso
2401 2044 2614 2083 summo
2667 2043 2761 2098 pro
2792 2028 2947 2083 nobis
2983 2025 3241 2081 Antistite
3274 2023 3517 2080 interve-

1920 2123 2126 2186 niente,
2159 2121 2420 2176 solvatur.
2448 2121 2551 2176 Per
2586 2135 2767 2190 quem.

1993 2215 2312 2270 Benedictio.
2352 2243 2423 2255 ——
2467 2215 2730 2269 Amoveat
2765 2228 2796 2267 a
2834 2209 2988 2267 vobis
3053 2209 3309 2265 Dominus
3352 2209 3518 2263 totius

1923 2310 2163 2365 maculas
2194 2307 2516 2374 simultatis,
2567 2318 2620 2361 et
2647 2305 2853 2360 imbuat
2906 2303 3058 2359 vobis
3101 2317 3324 2357 munera
3365 2315 3510 2370 purae

1922 2398 2253 2456 dilectionis.
2283 2401 2473 2453 Amen.
2507 2397 2772 2468 Subjuget
2810 2396 2862 2450 in
2907 2395 3060 2451 vobis
3110 2393 3519 2448 reluctationem

1923 2495 2106 2549 carnis
2149 2503 2203 2549 et
2268 2492 2574 2562 sanguinis,
2636 2499 2692 2546 et
2721 2505 2880 2560 opem
2938 2488 3180 2544 conferat
3238 2493 3512 2557 perpetuae

1924 2586 2205 2643 castitatis.
2233 2587 2426 2641 Amen.
2457 2585 2620 2656 ldque
2666 2597 2764 2639 vos
2801 2582 2855 2636 in
2895 2579 3150 2652 praesenti
3189 2578 3388 2634 saeculo
3436 2575 3521 2630 di-

1927 2679 2094 2749 ligere
2151 2678 2344 2744 faciat,
2395 2678 2536 2748 quod
2566 2693 2598 2732 a
2647 2676 2884 2733 ctelestis
2921 2672 3155 2744 paradisi
3195 2669 3510 2726 haereditate

1926 2785 2034 2826 non
2064 2769 2284 2826 dividat.
2315 2773 2511 2826 Amen;
2540 2769 2694 2836 Quod
2727 2768 2844 2838 ipse
2891 2775 3148 2836 praestare
3175 2763 3442 2834 dignetur.

1998 2862 2083 2915 Ad
2114 2861 2507 2930 Complendum.
2536 2891 2606 2901 —
2630 2861 2776 2927 Quos
2814 2859 3048 2924 caelesti,
3094 2856 3343 2922 Domine,
3377 2852 3519 2907 dono

1927 2955 2156 3021 satiasti,
2187 2963 2406 3025 praesta,
2431 2966 2759 3022 quaesumus,
2797 2959 2857 3006 ut
2897 2966 2928 3005 a
2973 2948 3172 3005 nostris
3199 2945 3521 3002 mundemur

1929 3049 2178 3116 occultis,
2202 3057 2256 3103 et
2284 3048 2352 3102 ab
2381 3046 2614 3102 hostium
2641 3046 2932 3101 liberemur
2962 3041 3192 3097 insidiis.
3221 3039 3344 3095 Per.

2011 3164 2166 3235 173
2197 3162 2369 3233 Super
2401 3160 2670 3233 populum.
2691 3189 2761 3202 —
2790 3161 3063 3229 Protegat,
3092 3156 3339 3224 Domine,
3372 3169 3519 3225 quae-

234 3244 426 3298 preces
480 3229 794 3286 humilitatis
843 3243 1039 3288 nostrae
1086 3233 1138 3288 in
1180 3245 1469 3305 conspectu
1522 3238 1820 3297 clementiae
1850 3219 1902 3285 α
1933 3219 2165 3320 3.1555:-
2187 3219 2516 3309 ιυεάεχίθιία
2557 3253 2812 3322 populum
2842 3219 3226 3320 509;"me
3253 3287 3270 3313 ,
3295 3219 3354 3302 υἰ
3379 3219 3520 3315 pm.

237 3332 343 3376 tua:
369 3340 383 3387 ;
419 3331 473 3378 et
499 3322 790 3379 descendat
823 3340 984 3395 super
1008 3327 1123 3380 haec
1151 3325 1326 3381 oblata
1351 3328 1519 3384 virtus
1555 3337 1656 3385 tuae
1679 3332 1823 3385 divi-

233 3413 444 3482 nitatis,
479 3431 638 3485 quam
677 3418 880 3474 nostris
920 3435 1132 3491 quoque
1171 3421 1512 3492 puriﬁcandis
1555 3425 1828 3482 mentibus

236 3505 506 3576 largiaris.
541 3508 643 3563 Per
671 3508 978 3565 Dominum.

314 3599 588 3670 Praefatio.
612 3630 685 3642 —
708 3602 846 3658 Vere
873 3603 1092 3673 dignum
1120 3611 1176 3660 et
1213 3603 1417 3674 justum
1449 3615 1529 3661 est
1550 3647 1564 3673 ,
1617 3623 1828 3677 aequum

237 3702 296 3750 et
321 3695 572 3761 salutare,
607 3710 706 3751 nos
734 3695 826 3751 tibi
865 3710 1080 3766 semper
1123 3705 1178 3751 et
1201 3697 1394 3766 ubique
1421 3698 1617 3768 gratias
1645 3714 1829 3767 agere,

240 3784 470 3842 Domine
516 3798 720 3853 sancte,
782 3785 941 3842 Pater
989 3789 1359 3857 omnipotens,
1405 3801 1604 3844 aeterne
1645 3790 1826 3846 Deus:

239 3878 574 3948 Ilajestatem
605 3891 748 3934 tuam
798 3879 1114 3950 suppliciter
1161 3880 1536 3950 deprecantes,
1582 3891 1638 3938 ut
1671 3898 1829 3953 opem

245 3983 392 4027 tuam
445 3975 600 4045 172
632 3974 934 4043 petentibus
965 3973 1245 4044 dignanter
1272 3974 1573 4044 impendas,
1639 3985 1693 4030 et
1737 3975 1829 4030 de-

240 4065 606 4122 siderantibus
664 4067 928 4137 benignus
970 4067 1171 4123 tribuas
1200 4067 1495 4137 profutura.
1539 4067 1642 4123 Per
1679 4067 1832 4122 Chri-

240 4169 383 4215 ‘tum
413 4160 719 4215 Dominum.

317 4259 340 4285 α
374 4250 772 4306 Benedictio.-—
799 4251 1150 4320 Omnipotens
1189 4252 1329 4308 Deus
1351 4266 1446 4308 sua
1475 4266 1571 4309 vos
1597 4253 1834 4308 clemen-

243 4349 316 4400 tia
370 4345 690 4411 benedicat,
745 4355 798 4401 et
834 4360 1048 4401 sensum
1081 4347 1232 4402 vobis
1277 4347 1554 4416 sapientiae
1582 4344 1834 4400 salutaris

244 4441 516 4496 infundat.
573 4443 768 4497 Amen.
830 4442 1121 4497 Catholicae
1178 4442 1302 4499 ﬁdei
1357 4457 1450 4497 vos
1495 4441 1832 4498 documentis

241 4534 499 4600 enutriat,
529 4543 583 4589 et
629 4534 682 4589 in
712 4536 912 4590 sanctis
957 4535 1207 4603 Operibus
1247 4534 1668 4604 perseverabiles
1712 4533 1832 4589 red-

244 4626 358 4680 dat.
390 4628 585 4681 Arnen.
624 4627 853 4683 Gressus
881 4635 1093 4682 vestros
1140 4626 1207 4680 ab
1237 4641 1420 4681 errore
1451 4635 1750 4690 convertat,
1780 4642 1809 4681 e

245 4721 386 4774 viam
416 4718 569 4774 vobis
601 4718 746 4788 pacis
785 4727 838 4773 et
866 4717 1142 4773 charitatis
1171 4718 1436 4773 ostendat.
1463 4720 1655 4774 Amen.
1684 4718 1834 4785 Quod

247 4813 368 4884 ipse
400 4822 660 4882 praestare
689 4811 958 4882 dignetur.

321 4909 401 4962 Ad
445 4907 836 4977 Complendum.
858 4938 929 4947 -—
946 4908 993 4961 Μ
1001 4906 1196 4978 ysteria
1222 4921 1342 4972 nos,
1373 4905 1618 4972 Domine,
1651 4913 1833 4961 sancta

248 5001 558 5070 puriﬁccnt,
591 5011 646 5056 et
684 5017 780 5058 suo
811 5017 1036 5058 munere
1085 5011 1354 5056 tueantur.
1388 5001 1508 5055 Per.

323 5094 496 5166 Super
533 5094 804 5164 papulum.
853 5124 924 5135 -ο
969 5094 1172 5148 Exaudi
1227 5108 1345 5158 nos,
1397 5093 1537 5146 Deus
1585 5092 1834 5148 salutaris

248 5195 465 5252 noster,
516 5193 571 5240 et
615 5187 726 5239 dies
761 5195 970 5241 nostros
1001 5185 1052 5239 in
1109 5192 1197 5237 tua
1243 5198 1371 5253 pace
1411 5182 1656 5251 dispone,
1710 5189 1767 5234 ut
1805 5195 1834 5233 a

248 5278 458 5333 cunctis
491 5278 980 5346 perturbationibus
1012 5276 1241 5342 liberati,
1284 5275 1565 5346 tranquilla
1593 5274 1685 5329 tibi
1723 5289 1836 5329 ser-

247 5371 414 5426 vitute
446 5369 787 5425 famulemur.

542 5477 860 5516 IIEBDOIIADA
893 5477 965 5516 Vll
997 5475 1125 5515 POST
1153 5473 1550 5514 PENTECOSTEN.

323 5554 484 5621 Deus,
519 5556 609 5625 qui
639 5553 985 5624 diligentibus
1017 5562 1065 5606 te
1105 5553 1243 5606 bona
1294 5550 1581 5606 invisibilia
1633 5564 1839 5620 praepa-

247 5651 404 5716 rasti,
432 5649 655 5704 infunde
687 5648 937 5702 cordibus
960 5658 1162 5700 nostr.s
1212 5644 1284 5698 tui
1333 5644 1530 5696 amoris
1571 5642 1836 5705 affectum,

246 5754 308 5800 ut
341 5755 391 5800 te
415 5744 470 5798 in
521 5742 794 5804 omnibus,
829 5749 880 5794 et
913 5754 1074 5808 super
1121 5738 1299 5792 omnia
1345 5737 1661 5805 diligentes,
1713 5749 1840 5803 pro-

1933 3357 2140 3404 sentem
2193 3347 2354 3402 vitam
2403 3345 2503 3402 sub
2547 3353 2642 3400 tua
2669 3343 3053 3415 gubernatione
3099 3351 3470 3396 transcurrens
3499 3377 3518 3406 ,

1933 3451 2207 3496 mereatur
2246 3439 2491 3495 invenire
2540 3445 2875 3508 perpetuam.
2922 3437 3026 3493 Per
3082 3433 3368 3491 Dominum
3416 3445 3516 3488 no-

1933 3541 2126 3588 strum.

2225 3640 2545 3682 HEBDOIADA
2574 3639 2666 3681 νιιι
2688 3638 2816 3681 νοεῖ
2833 3635 3232 3679 ΡΕΝΤΕΟΟΒΤΕΝ.

2010 3741 2150 3795 Deus
2195 3739 2486 3807 virtutum,
2522 3739 2674 3810 (618)
2724 3739 2877 3808 cujus
2923 3748 3008 3793 est
3061 3745 3232 3792 totum
3258 3735 3404 3807 quod
3431 3743 3517 3791 est

1935 3836 2199 3905 optimum
2228 3876 2241 3900 ,
2277 3833 2454 3889 insere
2491 3833 2798 3902 pectoribus
2817 3832 3016 3889 nostris
3042 3845 3282 3886 amorem
3310 3830 3387 3884 tui
3417 3842 3518 3884 no—

1936 3926 2128 3995 minis,
2157 3934 2213 3982 et
2241 3933 2436 3995 praesta
2466 3925 2520 3979 in
2552 3923 2706 3980 nobis
2733 3923 3010 3992 religionis
3039 3930 3384 3992 augmentum
3407 3961 3424 3987 ,
3457 3927 3516 3975 ut

1935 4036 2053 4091 quae
2082 4031 2206 4075 sunt
2235 4020 2372 4074 bona
2399 4017 2629 4083 nutrias,
2660 4030 2724 4072 ac
2763 4014 2976 4086 pietatis
3009 4013 3185 4069 studio
3222 4025 3347 4083 quae
3394 4017 3523 4068 sunt

1937 4112 2141 4168 nutrita
2168 4110 2461 4167 custodias.
2493 4109 2616 4164 Per.

2010 4225 2181 4296 Super
2205 4223 2396 4278 oblata.
2423 4251 2491 4264 --
2517 4219 2852 4289 Propitiare,
2884 4217 3141 4286 Domine,
3170 4213 3520 4286 supplicatio-

1938 4318 2093 4373 nibus
2119 4316 2348 4384 nostris,
2384 4324 2438 4370 et
2469 4314 2564 4368 has
2592 4311 2775 4384 populi
2819 4313 2893 4367 tui
2923 4311 3226 4367 oblationes
3255 4310 3518 4379 benignus

1938 4424 2171 4475 assume,
2203 4419 2278 4476 et,
2307 4415 2364 4461 ut
2395 4406 2591 4460 nullius
2620 4405 2689 4459 sit
2713 4406 2919 4460 irritum
2952 4414 3134 4460 votum
3161 4443 3178 4469 ,
3226 4410 3286 4456 et
3322 4399 3520 4456 nullius

1941 4517 2105 4557 vacua
2137 4501 2448 4572 postulatio,
2475 4507 2691 4568 praesta,
2722 4509 3049 4566 quaesumus,
3085 4501 3145 4550 ut
3173 4491 3316 4564 quod
3347 4490 3520 4547 fideli-

1814 4632 1835 4679 ι
1863 4607 1916 4667 1)
1944 4606 2024 4652 ter
2055 4596 2306 4666 petimus,
2326 4592 2619 4648 efﬁcaciter
2650 4588 3063 4658 consequamur.
3091 4586 3191 4642 Per
3207 4585 3518 4640 Dominum.

2014 4709 2285 4779 Pra'falio.
2329 4736 2400 4747 -—
2430 4705 2564 4761 Vere
2590 4704 2807 4774 dignum
2847 4713 2899 4757 et
2925 4703 3124 4771 justum
3153 4708 3254 4763 est,
3305 4711 3516 4766 aequum

1940 4812 1994 4859 et
2024 4803 2278 4866 salutare,
2313 4814 2408 4852 nos
2441 4798 2532 4851 tibi
2564 4811 2775 4864 semper
2795 4805 2848 4848 et
2879 4794 3075 4862 ubique
3093 4791 3293 4860 gratias
3314 4802 3474 4858 agere
3499 4828 3516 4853 ,

1942 4893 2166 4950 Domine
2193 4901 2398 4954 sancte,
2425 4890 2579 4944 Pater
2610 4887 2952 4955 omnipotens
2978 4927 2993 4952 ,
3025 4894 3223 4938 aeterne
3250 4882 3390 4936 Deus
3417 4897 3430 4933 :
3463 4889 3519 4934 et

1943 4989 2035 5043 tibi
2060 5000 2252 5040 vovere
2274 4982 2486 5038 contriti
2509 4979 2829 5035 sacrificium
2851 4977 3050 5042 cordis,
3074 4975 3221 5047 (619)
3239 4974 3337 5029 tibi
3362 4974 3518 5028 litare

1945 5081 2204 5135 humiliati
2227 5078 2499 5133 victimam
2531 5073 2786 5144 pectoris,
2820 5087 2847 5124 a
2880 5082 2986 5140 quo
3010 5083 3169 5124 omne
3192 5069 3389 5122 bonum
3422 5080 3518 5120 su-

1945 5178 2139 5230 mimus
2161 5217 2175 5242 ,
2231 5186 2442 5226 omnem
2470 5165 2863 5239 jucunditatem
2899 5163 3194 5217 haurimus.
3229 5161 3524 5216 Precamur

1943 5270 2123 5337 itaque
2152 5275 2210 5320 ut
2243 5265 2336 5318 tibi
2365 5261 2687 5316 conscientia
2713 5267 2895 5312 nostra
2927 5256 3240 5318 famuletur,
3275 5261 3348 5316 et,
3380 5259 3438 5304 ut
3468 5249 3521 5303 in

1944 5372 1996 5417 te
2018 5362 2084 5415 de
2110 5359 2195 5413 die
2227 5359 2276 5411 in
2309 5357 2448 5410 diem
2474 5354 2748 5407 meliorata
2781 5349 3025 5419 proﬁciat
3047 5392 3059 5411 ,
3089 5357 3190 5401 tuae
3225 5342 3408 5414 gratia:
3439 5340 3523 5393 in-

1943 5461 2201 5508 temerata
2233 5449 2507 5504 subdatur.
2541 5444 2746 5499 Nostris
2777 5457 2894 5505 nos,
2919 5452 3247 5510 quaesumus,
3274 5431 3518 5494 Domine,

1947 5559 2144 5600 evacua
2199 5542 2350 5595 malis
2372 5583 2386 5604 ,
2417 5540 2627 5607 tuisque
2678 5536 2822 5604 reple
2849 5549 2942 5604 per
2965 5533 3146 5586 omnia
3182 5526 3336 5582 bonis
3357 5566 3372 5592 ,
3421 5535 3478 5579 ut
3502 5564 3518 5592 ,

1947 5647 2194 5708 percepta
2221 5635 2412 5705 gratia,
2442 5647 2596 5701 quam
2633 5640 2811 5684 nostra
2842 5643 2946 5681 non
2990 5627 3208 5692 exigunt
3235 5619 3421 5673 merita
3442 5657 3458 5683 ,
3489 5633 3520 5670 τι

1946 5707 2155 5786 cunctis
2203 5725 2611 5782 adversitatil-us
2642 5719 2845 5777 liberati
2871 5759 2885 5786 ,
2919 5728 2970 5772 et
2997 5717 3048 5770 in
3091 5713 3243 5769 bouis
3273 5707 3522 5766 omnibus

329 5870 350 5899 ³
393 5861 582 5918 Exstat
611 5861 662 5919 in
693 5858 962 5918 lienedict.
1010 5867 1130 5930 post
1174 5856 1616 5914 Benedictioncm
1662 5851 1988 5924 quotidiauis
2014 5849 2217 5907 diebus.
