4042 6350
553 342 659 402 170

1733 345 1977 408 SANCTI
2016 342 2351 409 GBEGORII
2391 350 2607 411 MAGNI

3722 359 3832 418 480

555 454 859 521 conﬁrmati
884 497 900 527 ,
952 459 1209 530 supernis
1255 458 1464 517 civibus
1506 472 1813 520 mereamur
1857 462 2131 536 conjungi.
2160 462 2218 525 Δ
2243 466 2411 521 sentis
2430 466 2555 522 vitae
2584 478 2682 522 nos
2701 467 3110 526 conversatione
3139 469 3492 537 sanctiﬁcant,
3523 478 3578 528 et
3598 471 3667 527 ad
3696 485 3832 544 gau-

555 545 656 602 Per
681 546 976 606 Christum.

624 649 652 679 ι
678 639 997 697 Benedictio.
1019 671 1092 687 --
1113 642 1335 700 loclinet
1375 644 1635 701 Dominus
1664 661 1848 702 aurem
1886 661 2034 704 suam
2065 651 2131 704 ad

550 746 742 801 preces
773 744 964 791 vestra
994 735 1312 792 humilitatis
1337 780 1351 805 ,
1382 747 1437 793 et
1465 739 1556 793 det
1583 738 1733 792 vobis
1763 740 1986 808 gratiam
2018 754 2132 796 sum

550 825 940 883 benedictionis
970 870 987 896 ,
1052 839 1107 884 et
1172 830 1450 899 praemium
1521 833 1863 901 sempiternae
1918 834 2127 890 salutis.

549 918 743 975 Amen.
773 922 999 989 Semper
1025 923 1287 991 etubique
1310 923 1594 978 Dominum
1620 924 1902 994 propitium
1932 928 2129 982 habea-

550 1009 641 1075 tis,
686 1019 740 1066 et
790 1010 844 1066 in
877 1013 992 1082 ejus
1034 1014 1279 1070 laudibus
1328 1016 1627 1071 exsultetis.
1655 1019 1847 1072 Amen.
1877 1018 2129 1072 Omnium

548 1112 891 1173 peccatorum
920 1114 1221 1162 vestrorum
1260 1106 1468 1163 vincula
1491 1108 1694 1176 solvat,
1723 1118 1783 1164 et
1805 1108 1872 1163 ad
1902 1110 2130 1178 gloriam

548 1195 929 1263 sempiternam
960 1199 1243 1268 pervenire
1272 1213 1369 1254 vos
1395 1198 1575 1254 faciat.
1607 1200 1804 1257 Amen.
1832 1200 1985 1266 Quod
2018 1201 2132 1270 ipse

536 1297 824 1358 praestare.

613 1378 696 1433 Ad
726 1378 1114 1449 Complendum.
1162 1411 1233 1425 --
1274 1382 1514 1452 Repleti,
1543 1382 1787 1448 Domine,
1818 1383 2129 1439 muneribus

544 1470 672 1534 tuis,
718 1484 1022 1538 quaesumus
1057 1480 1118 1527 ut
1167 1488 1351 1529 eorum
1380 1484 1435 1528 et
1462 1473 1782 1530 mundemur
1820 1473 2042 1543 eﬁ‘ectu,
2074 1483 2130 1530 et

540 1560 845 1616 muniamur
871 1561 1089 1617 auxilio.
1116 1563 1220 1619 Per
1247 1563 1515 1620 eumdem.

613 1650 783 1723 Super
809 1654 1078 1724 populum.
1105 1683 1177 1696 --
1209 1655 1287 1710 Da
1314 1656 1492 1723 nobis,
1519 1670 1850 1725 quaesumus,
1879 1656 2124 1721 Domine,

540 1750 598 1800 ut
623 1746 675 1799 in
709 1753 795 1799 tua
826 1746 997 1815 gratia
1028 1747 1294 1803 veraciter
1328 1748 1659 1804 conﬁdentes
1685 1788 1700 1812 ,
1747 1756 1802 1803 et
1821 1763 1938 1818 qua:
1964 1746 2123 1817 digna

536 1845 664 1893 sunt
694 1837 1045 1907 postulamus,
1067 1846 1124 1897 et
1145 1839 1348 1911 jugiter
1378 1840 1647 1909 postulata
1666 1854 1962 1897 sumamus.
1997 1839 2121 1895 Per.

830 1965 1151 2008 EBDDOIADA
1188 1965 1243 2007 IX
1280 1966 1411 2008 POST
1446 1966 1841 2009 PBNTBCOSTIN.

610 2065 791 2132 Deus,
842 2065 995 2135 cujus
1042 2067 1380 2135 providentia
1422 2068 1475 2123 in
1514 2070 1596 2125 sui
1636 2068 1989 2139 dispositione
2017 2082 2125 2123 non

534 2154 768 2220 fallitur,
832 2165 885 2212 te
935 2158 1203 2229 supplices
1259 2173 1584 2228 exoramus,
1615 2169 1671 2214 ut
1724 2158 1881 2214 noxia
1930 2166 2124 2216 cuncta

533 2244 877 2312 submoveas,
909 2255 963 2302 et
979 2247 1160 2304 omnia
1190 2249 1344 2305 nobis
1376 2250 1655 2319 profutura
1686 2249 1970 2305 concedas.
1999 2251 2117 2303 Per.

612 2332 770 2406 1³14
799 2333 969 2405 Super
999 2336 1190 2391 oblata.
1239 2369 1308 2379 -—-
1338 2339 1501 2407 Deus,
1531 2339 1622 2409 qui
1666 2338 1911 2408 legalium
1965 2337 2124 2394 diffe-

532 2426 737 2481 rentias
779 2424 1076 2481 hostiarum
1118 2428 1274 2483 unius
1323 2431 1572 2485 sacriﬁcii
1616 2429 2122 2502 periectione(620)

533 2520 785 2583 sanxisti,
807 2518 991 2588 accipe
1017 2520 1341 2576 sacriﬁcium
1365 2537 1394 2576 a
1423 2522 1630 2578 devotis
1660 2524 1754 2579 tibi
1775 2522 1985 2578 famulis
2006 2563 2020 2587 ,
2065 2531 2123 2578 et

535 2610 649 2678 pari
680 2609 1074 2677 benedictione,
1109 2612 1247 2666 sicut
1268 2628 1492 2669 munera
1539 2615 1697 2678 Abel.
1728 2616 2029 2681 sanctiﬁca,
2063 2624 2121 2670 ut

529 2698 684 2769 (6‘2!)
711 2702 850 2772 quod
878 2702 1073 2773 singuli
1101 2703 1430 2773 obtulerunt,
1466 2706 1534 2763 ad
1560 2706 1856 2776 Majestatis
1888 2717 1991 2762 tua:
2023 2706 2119 2762 bo-

534 2807 723 2848 norem
747 2832 763 2860 ,
795 2795 1007 2851 cunctis
1034 2794 1279 2867 proﬁciat
1321 2797 1390 2853 ad
1420 2797 1673 2856 salutem.
1703 2798 1804 2854 Per
1827 2799 2117 2855 Dominum

529 2893 793 2941 nostrum.

598 2976 874 3049 Prwfatt'o.
916 3008 989 3022 —
1018 2979 1159 3036 Vere
1186 2979 1406 3051 dignum
1439 2989 1495 3038 et
1517 2982 1721 3051 justum
1748 2990 1872 3053 est,
1902 2996 2116 3054 aequum

527 3077 584 3127 et
609 3071 861 3138 salutare,
892 3086 993 3126 nos
1022 3071 1115 3127 tibi
1142 3086 1360 3142 semper
1383 3083 1441 3129 et
1467 3073 1667 3142 ubique
1693 3072 1894 3144 gratias
1924 3088 2113 3143 agere,

529 3162 759 3219 Domine
780 3172 966 3220 sancte
993 3206 1009 3231 ,
1038 3165 1198 3220 Pater
1229 3165 1593 3234 omnipotens,
1625 3176 1827 3222 aeterne
1852 3166 1992 3223 Deus
2017 3183 2029 3221 :
2058 3173 2115 3222 et
2145 3170 2193 3237 α

527 3261 677 3309 tuam
724 3255 1153 3312 misericordiam
1194 3258 1321 3311 totis
1359 3256 1568 3313 nisibus
1591 3272 1850 3323 exorare,
1901 3274 1972 3314 ne
2015 3273 2115 3327 pro

528 3355 715 3402 nostra
748 3361 848 3403 nos
870 3345 1154 3417 iniquitate
1181 3348 1525 3415 condemnes,
1551 3350 1646 3405 sed
1673 3364 1773 3420 pro
1801 3360 1886 3404 tua
1919 3350 2117 3420 pietate

529 3436 588 3492 in
616 3437 703 3492 via
743 3448 888 3493 recta
920 3452 1134 3508 semper
1156 3440 1447 3508 disponas;
1480 3456 1601 3505 nec,
1633 3440 1774 3496 sicut
1803 3456 2113 3509 meremur,

532 3527 966 3598 delinquentibus
1006 3530 1255 3585 irascaris
1280 3571 1298 3599 ,
1346 3532 1440 3586 sed
1479 3531 1754 3602 fragilitati
1797 3542 1995 3588 nostra:
2032 3535 2119 3591 in-

530 3621 674 3677 victa
703 3622 944 3678 bonitate
967 3624 1275 3680 subvenias.
1302 3623 1407 3680 Per
1433 3624 1725 3680 Christum.

601 3711 925 3770 Benedictio.
952 3744 1023 3757 —
1044 3715 1357 3773 Sanctiﬁcet
1385 3732 1481 3773 vos
1503 3716 1715 3773 Domini
1740 3718 1909 3789 gratia
1932 3759 1948 3783 ,
1975 3726 2029 3773 et
2052 3718 2119 3772 ab

530 3806 678 3868 omni
718 3807 863 3865 malo
911 3809 1198 3866 custodiat.
1233 3808 1427 3864 Amen.
1458 3810 1658 3865 Arceat
1685 3824 1719 3865 a
1762 3809 1914 3865 vobis
1958 3823 2122 3864 omne

527 3898 673 3973 quod
729 3900 931 3957 malum
978 3911 1103 3969 est,
1159 3908 1215 3956 et
1278 3901 1502 3971 spiritus
1524 3910 1736 3957 vestros
1787 3917 2121 3972 corporaque

527 3991 798 4064 puriﬁcet.
828 3997 1025 4051 Amen.
1072 3994 1271 4065 Alliget
1298 4007 1395 4048 vos
1426 3994 1531 4050 sibi
1558 3995 1772 4050 vinculo
1803 3995 2080 4050 charitatis
2101 4034 2118 4059 ,

527 4090 583 4138 et
608 4098 712 4151 pax
743 4083 857 4152 ejus
885 4085 1119 4141 abundet
1148 4085 1201 4139 in
1232 4085 1486 4140 cordibus
1513 4086 1727 4141 vestris.
1756 4089 1950 4141 Amen.
1965 4085 2120 4153 Quod

526 4172 644 4243 ipse
674 4183 944 4244 praestare.

602 4265 682 4319 Ad
710 4263 1104 4335 Complendum.
1130 4265 1316 4322 ——Tua
1347 4281 1468 4334 nos,
1504 4268 1752 4335 Domine,
1783 4266 2119 4323 medicinalis

532 4356 808 4430 Operatio,
862 4364 916 4411 et
942 4371 973 4411 a
1005 4357 1205 4411 nostris
1232 4359 1669 4427 perversitatibus
1699 4359 1992 4414 clementer
2023 4374 2120 4413 ex-

530 4450 730 4525 pediat,
763 4459 819 4506 et
842 4448 913 4504 ad
934 4464 996 4506 ea
1026 4464 1145 4521 qua:
1175 4458 1300 4505 sunt
1326 4460 1470 4506 recta
1506 4452 1781 4520 perducat.
1812 4453 1937 4509 Per.

605 4545 776 4617 Super
805 4544 1080 4617 populum.
1110 4574 1182 4587 --
1211 4545 1389 4601 Plebis
1420 4554 1543 4610 tuae,
1579 4561 1906 4616 quaesumus,
1936 4548 2119 4604 Domi-
2151 4554 2205 4619 ι)

530 4653 618 4704 ne,
644 4638 709 4692 ad
741 4648 793 4693 te
821 4653 1035 4707 semper
1057 4638 1219 4694 corda
1241 4649 1511 4705 converte,
1528 4651 1582 4694 ut
1607 4654 1763 4711 quam
1797 4642 1958 4696 tantis
1986 4639 2120 4698 facis

531 4731 851 4800 patrociniis
900 4731 1145 4802 adjuvari
1167 4773 1184 4800 ,
1229 4732 1499 4805 perpetuis
1529 4749 1635 4789 non
1668 4735 1881 4792 desinas
1920 4737 2117 4809 guber-

529 4835 661 4879 nare
689 4822 973 4893 praasidiis.
1006 4822 1128 4878 Per.

814 4952 1137 4995 HBBDOHADA
1171 4953 1205 4993 Χ
1242 4952 1370 4995 Ροδτ
1410 4954 1807 4998 ΡΕΝΤΕΟΟΒΤΕΝ.

602 5052 821 5123 Largire
849 5053 1027 5119 nobis,
1060 5052 1305 5120 Domine,
1336 5070 1648 5124 quaesumus
1674 5097 1688 5122 ,
1718 5072 1928 5129 semper
1960 5058 2116 5131 (622)

532 5145 781 5216 spiritum
791 5145 1061 5216 cogitandi
1077 5160 1196 5215 qua
1210 5156 1353 5202 recta
1372 5157 1515 5215 sunt,
1544 5150 1803 5220 prepitius
1825 5160 1876 5206 ct
1897 5152 2113 5222 agendi,

531 5246 592 5295 ut
618 5237 707 5309 qui
737 5236 855 5294 sine
888 5248 938 5295 te
966 5254 1087 5294 eme
1116 5254 1223 5295 non
1267 5254 1553 5309 possumus
1580 5285 1594 5311 ,
1624 5243 1917 5298 secundum
1950 5251 2002 5298 te
2031 5244 2113 5298 vi-

529 5341 661 5385 vere
686 5329 977 5384 valeamus.
1009 5329 1129 5383 Per.

607 5418 780 5489 Super
805 5420 1003 5474 oblata.
1034 5450 1105 5462 —
1126 5421 1349 5493 Suscipe
1374 5438 1617 5489 munera,
1648 5438 1955 5493 quaesumus
1972 5465 1986 5489 ,
2012 5425 2114 5479 Do-

530 5511 699 5574 mine,
730 5527 850 5582 quae
877 5511 945 5570 de
974 5522 1065 5569 tua
1093 5515 1337 5585 largitate
1359 5517 1669 5584 deferimus,
1706 5528 1762 5574 ut
1786 5519 1902 5574 haec
1926 5534 2113 5574 sacro-

530 5613 713 5662 sancta
737 5606 1010 5676 mysteria,
1027 5607 1211 5676 gratias
1240 5617 1344 5666 tute
1370 5620 1626 5680 operante
1651 5610 1869 5677 virtute,
1889 5618 1943 5664 et
1965 5626 2103 5680 prae

607 5754 634 5783 ⁸
663 5743 895 5800 Habetur
922 5744 975 5800 in
1010 5744 1425 5802 Benedictionali
1455 5758 1646 5798 versus
1675 5743 1858 5797 ﬁnem.

604 5815 631 5855 ι)
660 5815 718 5872 In
746 5816 1161 5875 Beuedictionali
1189 5817 1361 5872 locum
1385 5814 1561 5879 habet,
1584 5815 1724 5869 inter
1746 5812 1864 5869 illas
1900 5825 2019 5882 qua:
2040 5811 2112 5869 de

2241 556 2328 611 dia
2352 556 2675 626 sempiterna
2708 558 3021 628 perducant.
3054 559 3157 616 Per
3184 560 3465 618 Dominum
3488 572 3755 618 nostrum.

2310 647 2581 719 Praefatio.
2616 678 2685 691 —
2712 649 2850 706 Vere
2878 651 3094 720 dignum
3119 662 3169 708 et
3189 652 3392 721 justum
3414 663 3515 718 est,
3541 670 3756 724 :equum
3778 664 3835 711 et

2237 737 2501 806 salutare,
2525 755 2623 795 nos
2653 741 2749 796 tibi
2794 756 3008 813 semper
3035 751 3089 799 et
3125 744 3328 815 ubique
3371 746 3572 815 gratias
3619 761 3783 816 agere
3815 789 3831 813 ,

2238 828 2467 886 Domine
2497 841 2705 899 sancte,
2734 832 2895 889 Pater
2922 835 3262 905 omnipotens
3286 876 3302 903 ,
3338 846 3539 892 aeterne
3566 838 3709 893 Deus
3735 857 3744 889 :
3782 848 3837 893 et

2238 932 2387 978 tuam
2421 924 2848 984 misericordiam
2880 942 3103 985 exorare
3125 972 3139 996 ,
3182 939 3241 986 ut
3269 939 3320 985 te
3348 942 3620 986 annuente
3651 932 3836 985 valea-

2239 1028 2358 1068 mus
2396 1030 2515 1084 quse
2569 1017 2707 1071 mala
2762 1028 2887 1073 sunt
2939 1020 3210 1075 declinare
3252 1028 3305 1076 et
3358 1036 3478 1090 quae
3528 1021 3669 1075 bona
3709 1031 3837 1075 sunt

2235 1116 2627 1169 consequenter
2656 1109 2897 1177 explere;
2923 1118 2978 1164 et
3000 1111 3121 1179 quia
3154 1125 3251 1165 nos
3300 1110 3477 1166 fecisri
3524 1113 3590 1167 ad
3622 1121 3710 1165 tua
3741 1127 3834 1165 sa—

2235 1205 2510 1249 crementa
2542 1195 2695 1264 (625)
2720 1198 3023 1265 pertinere,
3056 1207 3111 1253 tu
3144 1199 3440 1255 clementer
3466 1201 3518 1255 in
3551 1202 3708 1255 nobis
3739 1216 3838 1256 eo-

2234 1299 2352 1339 rum
2383 1299 2575 1340 munus
2605 1299 2857 1355 operare:
2885 1286 2988 1343 Per
3028 1287 3324 1344 Christum.

2310 1375 2337 1415 b
2360 1376 3073 1451 Benedictio.—Multiplicet
3093 1383 3145 1436 in
3167 1383 3318 1439 vobis
3347 1383 3605 1439 Dominus
3616 1382 3833 1453 copiam

2234 1487 2345 1530 suae
2368 1475 2758 1532 benedictionis
2786 1518 2799 1541 ,
2828 1486 2882 1533 et
2908 1479 3189 1534 conﬁrmet
3213 1494 3309 1535 vos
3331 1480 3382 1533 in
3408 1493 3504 1549 Spe
3531 1482 3683 1548 regni
3714 1495 3834 1536 cm-

2232 1565 2406 1622 le5tis.
2441 1568 2635 1624 Amen.
2659 1567 2823 1624 Actus
2842 1579 3053 1624 vestros
3079 1572 3333 1640 corrigat,
3364 1570 3524 1624 vitam
3547 1571 3828 1635 emendet,

2239 1658 2394 1730 175
2424 1675 2602 1716 mores
2652 1671 2967 1730 componat,
3020 1670 3075 1717 et
3102 1676 3197 1716 vos
3224 1662 3288 1715 ad
3319 1660 3553 1717 caelestis
3588 1662 3832 1731 paradisi

2234 1750 2603 1805 hereditatem
2657 1755 2936 1821 perducat.
2996 1751 3187 1807 Amen.
3245 1750 3469 1821 Taliqne
3526 1750 3833 1806 intentione

2230 1840 2427 1911 repleri
2453 1840 2694 1910 valeatis,
2725 1856 2827 1912 qua
2858 1840 2911 1899 ei
2939 1841 2993 1897 in
3026 1853 3343 1913 perpetuum
3372 1841 3649 1912 placeatis.
3668 1840 3831 1908 Quod

2229 1933 2345 2003 ipse
2375 1943 2652 2005 praestare.

2301 2051 2381 2105 Ad
2409 2050 2798 2119 Complendum.
2825 2077 2895 2093 ι·-
2925 2048 3183 2119 Sumptis,
3213 2048 3441 2105 Domine
3464 2089 3480 2115 ,
3523 2056 3630 2102 tua;
3671 2047 3829 2103 inSti-

2231 2142 2452 2197 tutionis
2483 2140 2819 2209 muneribus,
2846 2155 3153 2210 quaesumus
3178 2149 3235 2195 ut
3260 2156 3357 2195 nos
3379 2153 3563 2195 eorum
3591 2149 3647 2193 et
3666 2154 3825 2194 mun-

2228 2232 2357 2287 ditia
2390 2246 2601 2304 purges,
2630 2241 2685 2289 et
2714 2233 2911 2301 potenti
2944 2230 3136 2287 virtute
3184 2230 3463 2288 defendas.
3498 2231 3601 2287 Per
3628 2230 3822 2287 Domi-

2229 2339 2356 2379 num
2369 2364 2381 2377 .

2302 2439 2471 2511 Super
2501 2440 2769 2511 populum.
2792 2469 2862 2481 —
2890 2438 3160 2505 Concede,
3186 2454 3492 2510 quaesumus
3514 2482 3530 2507 ,
3562 2440 3819 2509 omnipo-

2229 2537 2348 2585 tens
2378 2529 2517 2585 Deus
2543 2573 2557 2596 ,
2592 2539 2684 2598 ut,
2711 2529 2850 2585 viam
2882 2539 3026 2585 tuam
3058 2530 3248 2585 devota
3279 2539 3458 2586 mente
3492 2540 3815 2597 currentes,

2230 2621 2827 2692 (624)511bripientium
2877 2622 3191 2679 delictorum
3240 2622 3457 2693 laqueos
3495 2621 3821 2679 evadamus.

2227 2712 2331 2768 Per
2356 2712 2637 2767 Dominum
2686 2722 2951 2768 nostrum.

2511 2842 2825 2884 HERDOILDA
2855 2842 2909 2883 ιι
2934 2840 3065 2883 POST
3093 2840 3494 2882 PENTECOSTIN.

2295 2939 2518 3007 Praesta,
2538 2954 2867 3011 quaesumus,
2884 2940 3227 3006 omnipotens
3253 2946 3309 2993 et
3324 2936 3636 2993 misericors
3652 2936 3824 3002 Deus,

2224 3041 2284 3089 ut
2309 3034 2451 3089 inter
2482 3034 2637 3104 hujus
2662 3034 2785 3089 vita:
2815 3032 3073 3104 caligines
3092 3072 3110 3097 ,
3139 3047 3241 3088 nec
3269 3030 3569 3103 ignorantia
3599 3030 3828 3087 fallente

2224 3142 2529 3199 mergamur
2555 3169 2570 3193 ,
2601 3142 2700 3183 nec
2727 3127 2983 3197 praecipiti
3010 3127 3321 3182 studeamus
3370 3125 3647 3179 voluntate
3695 3139 3825 3192 pec-

2221 3235 2370 3287 care,
2393 3221 2488 3276 sed
2508 3218 2702 3287 quibus
2729 3218 2976 3273 ﬁduciam
3007 3216 3289 3287 sperandae
3307 3215 3518 3285 pietatis
3541 3213 3823 3283 indulges,

2222 3322 2419 3383 optata:
2457 3311 2843 3368 misericordiae
2872 3319 3067 3379 praesta
3098 3308 3359 3379 benignus
3387 3306 3668 3362 effectum.
3696 3305 3826 3360 Per.

2294 3406 2466 3475 Super
2487 3405 2682 3460 oblata.
2709 3431 2783 3447 -
2807 3402 3055 3459 Concede
3097 3402 3251 3458 nobis
3280 3402 3393 3455 haec
3418 3440 3434 3466 ,
3461 3412 3785 3466 quaesumus
3806 3440 3824 3463 ,

2224 3498 2451 3553 Domine
2477 3541 2491 3566 ,
2527 3497 2687 3567 digne
2734 3496 3078 3565 frequentare
3130 3492 3388 3564 mysteria
3408 3532 3421 3556 ,
3451 3490 3576 3561 quia
3606 3490 3827 3558 quoties

2225 3589 2384 3659 hujus
2415 3589 2613 3644 Hostia:
2642 3587 3083 3644 commemoratio
3103 3575 3407 3641 celebratur
3427 3621 3444 3649 ,
3488 3582 3640 3653 (625)
3678 3595 3821 3651 opus

2225 3690 2427 3737 nostra:
2453 3681 2838 3751 redemptionis
2869 3687 3176 3734 exercetur.
3206 3676 3329 3731 Per.

2299 3772 2573 3841 Prwfatio.
2594 3799 2667 3812 -—
2692 3772 2831 3826 Vere
2871 3769 3089 3841 dignum
3138 3778 3193 3824 et
3216 3768 3413 3836 justum
3444 3771 3566 3828 est,
3599 3777 3824 3834 aequum

2225 3872 2281 3921 et
2308 3866 2563 3928 salutare.
2590 3877 2688 3918 nos
2720 3862 2815 3916 tibi
2845 3876 3057 3929 semper
3078 3870 3133 3916 et
3158 3860 3355 3929 ubique
3391 3858 3591 3928 gratias
3620 3870 3825 3925 agere,

2225 3955 2456 4011 Domine
2487 3964 2694 4019 sancte,
2726 3955 2884 4009 Pater
2911 3955 3278 4022 omnipotens,
3310 3960 3509 4005 aeterne
3538 3948 3684 4003 Deus
3724 3967 3737 4000 :
3771 3955 3827 4002 et

2226 4046 2319 4101 tibi
2349 4045 2582 4101 debitam
2613 4047 2921 4101 servitutem
2946 4085 2962 4111 ,
2995 4060 3088 4114 per
3116 4042 3401 4099 ministerii
3428 4041 3589 4110 hujus
3618 4040 3823 4109 imple-

2227 4135 2427 4191 tionem
2462 4136 2769 4204 persolvere
2795 4176 2810 4201 ,
2846 4135 2970 4205 quia
3002 4150 3106 4189 non
3144 4134 3317 4188 solum
3352 4129 3705 4201 peccantibus
3733 4144 3829 4184 ve-

2228 4228 2371 4282 niam
2398 4226 2588 4282 tribuis
2611 4267 2627 4289 .
2663 4226 2757 4281 sed
2804 4228 2967 4282 etiam
2999 4226 3217 4296 praemia
3246 4226 3550 4295 petentibus
3577 4227 3827 4295 imperti-

2229 4321 2325 4377 ris.
2354 4320 2424 4374 Et
2483 4320 2625 4390 quod
2655 4319 2861 4390 perpeti
2912 4320 3067 4374 malis
3106 4320 3359 4389 operibus
3403 4334 3823 4388 promeremur,

2229 4413 2511 4483 magniﬁca
2537 4413 2734 4483 pietate
2760 4410 2991 4481 depellis
3010 4452 3025 4477 ,
3056 4418 3113 4465 ut
3142 4426 3239 4466 nos
3264 4411 3330 4465 ad
3370 4419 3472 4465 tua;
3499 4412 3827 4465 reverentia:

2229 4506 2429 4560 cultum
2457 4546 2472 4571 ,
2524 4514 2579 4560 et
2603 4504 2756 4575 (626)
2790 4514 2995 4560 terrore
3022 4517 3202 4575 cogas,
3232 4511 3288 4558 et
3314 4518 3498 4558 amore
3530 4502 3825 4573 perducas.

2227 4594 2333 4652 Per
2356 4596 2650 4651 Christum.

2298 4686 2614 4742 Benedictio.
2644 4716 2715 4728 —
2743 4687 2903 4753 Deus,
2926 4686 3015 4755 qui
3040 4694 3123 4743 est
3151 4687 3256 4740 vita
3286 4685 3616 4751 mortalium,
3646 4687 3827 4740 salus—

2227 4796 2331 4853 que
2349 4791 2711 4851 peccatorum,
2768 4779 2972 4833 aulerat
3002 4794 3031 4833 a
3054 4780 3206 4834 vobis
3226 4792 3417 4835 omnes
3444 4780 3687 4833 maculas
3719 4778 3823 4833 de-

2227 4874 2499 4930 lictorum.
2532 4874 2724 4927 Amen.
2759 4870 2949 4925 Induat
2974 4884 3071 4925 vos
3094 4869 3289 4925 decore
3316 4872 3595 4934 virtutum,
3627 4866 3829 4923 saneti‘

2226 4967 2352 5023 ficet
2374 4977 2622 5033 mentes,
2676 4964 2920 5035 puriﬁcet
2964 4965 3299 5028 voluntates,
3359 4972 3415 5019 et
3448 4964 3613 5018 donet
3668 4961 3829 5016 vobis

2227 5068 2533 5118 sanctorum
2558 5057 2884 5112 consortium
2915 5054 3248 5124 angelorum.
3274 5054 3341 5110 Ut
3367 5053 3669 5124 probabiles
3695 5052 3824 5116 ﬁde,

2227 5165 2281 5210 et
2310 5168 2473 5221 opere
2501 5150 2847 5213 immaculati,
2881 5146 3202 5218 pervenistis
3218 5147 3287 5201 ad
3318 5158 3573 5203 aeternam
3597 5147 3827 5216 gaudio-

2225 5261 2343 5302 rum
2373 5243 2673 5299 coelestium
2700 5241 3087 5297 hereditatem.
3119 5242 3312 5295 Amen.
3344 5238 3501 5306 Quod
3535 5240 3651 5309 ipse
3683 5254 3831 5308 prae-

2254 5347 2366 5391 tare
2374 5376 2387 5389 .

2254 5354 2387 5391 tare.

2222 5354 2249 5393 8
2296 5430 2375 5481 Ad
2403 5425 2794 5494 Complendum.
2824 5454 2893 5467 -—-
2920 5423 3021 5479 Tui
3050 5423 3202 5479 nobis
3226 5464 3240 5489 ,
3270 5422 3495 5478 Domine
3521 5462 3536 5487 ,
3577 5435 3830 5475 commu-

2223 5521 2313 5576 nio
2338 5516 2680 5582 sacramenti,
2711 5526 2765 5572 et
2794 5516 3220 5586 puriﬁcationem
3249 5515 3511 5581 conferat,
3539 5522 3596 5570 et
3620 5514 3831 5571 tribuat

2220 5609 2500 5668 unitatem.
2534 5608 2652 5662 Per.

2228 5738 2500 5799 communi
2528 5739 2792 5809 leguntur.
