4128 6346
279 381 381 437 181

1482 379 1690 437 LIBER
1729 377 2362 437 SACRAMENTORUM.

3429 379 3533 434 182

353 496 525 563 Super
546 496 811 564 populum.
843 523 913 538 -—
939 496 1232 562 Conserva,
1261 510 1585 566 quesumns.
1612 496 1852 563 Domine,
1883 498 1938 559 Α
1960 497 2198 552 intendat
2220 535 2237 561 ,
2289 503 2343 552 et
2387 494 2661 564 culparum
2685 495 2922 551 omnium
2969 495 3120 552 vobis
3165 494 3376 550 veniam
3424 497 3536 552 cle-

279 599 495 644 tuorum
524 590 687 642 corda
719 589 948 644 ﬁdelium
975 632 992 656 ,
1037 599 1090 644 et
1118 591 1300 660 gratiae
1323 601 1424 644 tute
1455 591 1648 644 virtute
1672 604 1854 644 corrc-

279 683 437 741 hora,
470 693 526 735 ut
553 692 609 736 et
635 683 685 735 in
714 691 798 735 tua
821 683 926 736 sint
949 681 1333 751 supplicatione
1353 681 1555 748 devoti,
1580 690 1636 736 et
1666 689 1848 736 mutua

278 773 568 828 dilectione
594 773 810 827 sinceri.
833 773 934 828 Per
955 773 1237 827 Dominum
1259 780 1522 828 nostrum.

547 902 863 941 HEDDOIADA
903 902 976 941 XII
1015 901 1143 942 POST
1181 900 1568 942 PE‘NTECOSTEN.

353 996 515 1061 Deus,
546 997 635 1066 qui
663 997 1099 1066 omnipotentiam
1130 1007 1270 1052 tuam
1304 997 1571 1066 parcendo
1599 993 1850 1062 maxime,

296 1086 453 1157 176
477 1095 532 1140 et
557 1085 858 1140 miserando
889 1085 1217 1149 manifestas,
1249 1086 1541 1153 multiplica
1565 1100 1726 1153 super
1757 1099 1854 1138 nos

277 1176 702 1231 misericordiam
736 1186 904 1242 tuam,
938 1186 1017 1242 ut,
1049 1176 1115 1230 ad
1144 1185 1229 1230 tua
1256 1177 1520 1247 promissa
1545 1184 1852 1242 currentes,

179 1255 194 1304 ἶ
277 1265 574 1320 caelestium
626 1265 888 1321 bonorum
933 1264 1099 1322 facias
1128 1282 1247 1325 esse
1293 1276 1588 1323 consortes.
1622 1265 1724 1323 Per
1751 1267 1851 1322 Do-

201 1353 205 1357 ’
276 1356 484 1411 minum
523 1366 784 1412 nostrum.

353 1447 524 1518 Super
571 1449 762 1504 oblata.
789 1479 859 1491 -
889 1448 1030 1518 Tibi,
1060 1449 1284 1506 Domine
1309 1491 1325 1518 ,
1373 1449 1640 1505 sacriﬁcia
1672 1449 1844 1504 dicata

275 1539 573 1596 reddantur
595 1580 610 1606 ,
656 1557 773 1609 quae
797 1542 872 1596 sic
902 1541 967 1596 ad
1000 1543 1254 1596 honorem
1306 1541 1536 1596 nominis
1576 1542 1647 1596 tui
1697 1541 1844 1596 defe-

275 1632 446 1686 renda
477 1632 747 1700 tribuisti,
789 1641 846 1686 ut
869 1633 1056 1688 eadem
1083 1634 1319 1690 remedia
1349 1633 1461 1688 ﬁeri
1492 1642 1676 1688 nostra
1706 1647 1845 1702 prce-

281 1732 476 1778 stares.
505 1723 608 1778 Per
640 1723 944 1779 Dominum.

1956 597 2164 643 menter
2191 588 2462 642 attribuat.
2493 590 2684 643 Amen.
2712 587 2866 654 Quod
2899 588 3014 656 ipse
3042 594 3318 656 praestare.

2023 681 2106 733 Ad
2135 679 2520 750 Complendum.
2554 707 2625 719 -—
2655 679 2960 736 Sentiamus
2982 722 2998 746 ,
3027 677 3252 732 Domine
3276 716 3290 742 ,
3319 690 3533 745 quresuo

1956 789 2107 839 mus,
2154 776 2227 828 tui
2261 775 2599 843 perceptione
2644 772 2964 828 sacramenti
3006 771 3295 826 subsidium
3339 770 3534 822 mentis

1957 877 2010 923 et
2035 868 2294 935 corporis,
2351 875 2408 920 ut
2454 865 2506 919 in
2537 875 2756 932 utroque
2782 863 2970 918 salvati
2994 905 3008 931 ,
3051 863 3287 919 caelestis
3310 859 3533 915 remedii

1956 958 2285 1029 plenitudine
2313 957 2624 1027 gloriemur.
2653 958 2774 1012 Per.

2029 1047 2199 1116 Super
2230 1050 2491 1115 populum.
2513 1077 2584 1088 —
2607 1047 2798 1114 Tuere,
2829 1046 3066 1111 Domine,
3089 1044 3338 1114 populum
3358 1053 3528 1108 tuum,

1955 1147 2012 1194 et
2053 1138 2378 1194 salutaribus
2411 1139 2670 1209 praesidiis
2715 1153 2927 1206 semper
2969 1137 3207 1206 adjutum
3257 1136 3535 1192 beneficiis

1955 1230 2139 1286 attolle
2160 1231 2426 1286 continuis
2451 1242 2503 1286 et
2532 1231 2725 1286 mentis
2747 1241 2798 1286 et
2825 1232 3087 1299 corporis.
3122 1230 3240 1284 Per.

2240 1355 2554 1396 ΠΕΒΒΟΙΛΒΛ
2585 1357 2674 1396 XIV
2703 1356 2831 1397 POST
2857 1355 3249 1396 PESTECOSTBN.

2025 1451 2377 1522 Omnipotens
2398 1468 2510 1508 sem
2520 1452 2724 1521 piterne
2745 1453 2904 1519 Deus,
2932 1468 3029 1522 per
3055 1467 3212 1521 quem
3234 1453 3394 1520 coepit
3413 1465 3535 1507 esse

1955 1543 2096 1614 quod
2122 1560 2225 1598 non
2255 1553 2390 1608 erat,
2421 1555 2473 1598 et
2508 1544 2656 1613 (627)
2683 1543 2883 1598 factum
2920 1551 3004 1598 est
3047 1542 3253 1596 visibile
3280 1542 3419 1611 quod
3448 1543 3538 1595 la-

1958 1634 2124 1702 tebat,
2159 1633 2438 1688 stultitiam
2463 1633 2632 1687 nostri
2661 1633 2840 1688 cordis
2863 1633 3110 1698 emunda,
3137 1640 3191 1687 et
3215 1646 3332 1701 qua:
3355 1633 3405 1686 in
3439 1647 3534 1686 no-

1957 1724 2040 1779 bis
2067 1733 2190 1779 sunt
2223 1725 2479 1779 vitiorum
2510 1732 2716 1779 secreta
2770 1723 3012 1792 puriﬁca,
3054 1732 3110 1776 ut
3154 1724 3418 1792 possimus
3444 1720 3540 1777 tibi

349 1811 620 1883 Prwfatio.
653 1843 722 1855 —
764 1815 902 1870 Vere
926 1814 1139 1884 dignum
1187 1823 1240 1869 et
1276 1815 1477 1884 justum
1510 1823 1612 1878 est,
1646 1827 1853 1882 aequum
1887 1866 1933 1885 ἢ
1959 1814 2185 1870 Domino
2220 1831 2351 1885 pura
2382 1825 2563 1870 mente
2592 1816 2814 1872 servire.
2849 1816 2952 1870 Per
2978 1814 3288 1868 Dominum.

275 1911 335 1960 et
363 1904 616 1972 salutare,
646 1921 743 1961 nos
769 1905 866 1960 tibi
894 1920 1107 1974 semper
1132 1914 1187 1960 et
1210 1905 1408 1974 ubique
1431 1906 1624 1974 gratias
1653 1918 1810 1974 agere
1833 1943 1848 1970 ,

275 1996 507 2053 Domine
529 2007 737 2064 sancte,
761 1997 920 2054 Pater
941 2001 1300 2068 omnipotens,
1331 2008 1532 2054 aeterne
1557 1998 1726 2053 Deus:
1754 2013 1849 2053 cu-

267 2087 361 2158 jus
391 2089 621 2158 primum
645 2097 748 2143 ture
776 2088 987 2158 pietatis
1017 2088 1271 2143 indicium
1291 2096 1404 2152 est,
1444 2089 1485 2142 si
1519 2087 1613 2143 tibi
1644 2104 1739 2144 nos
1769 2089 1846 2144 fa-

271 2179 386 2234 cias
428 2190 540 2234 toto
570 2181 732 2236 corde
781 2178 1048 2249 subjectos
1075 2224 1090 2250 ,
1123 2188 1178 2236 et
1223 2180 1466 2249 spiritum
1512 2181 1666 2236 nobis
1692 2190 1853 2236 tantae

275 2271 584 2328 devotionis
638 2272 885 2328 infundas
913 2312 926 2337 ,
982 2282 1042 2328 ut
1087 2275 1348 2343 propitius
1396 2273 1636 2343 largiaris
1667 2288 1855 2328 conse-

273 2373 504 2433 quenter
531 2363 808 2418 auxilium.
841 2364 941 2418 Per
963 2364 1255 2420 Christum.

346 2462 370 2488 ιι
393 2452 713 2507 Benedictio.
746 2482 818 2496 --
840 2453 1191 2510 Devotionem
1221 2466 1452 2510 veStram
1482 2455 1742 2510 Dominus
1775 2455 1855 2509 di-

279 2555 508 2616 gnanter
551 2543 829 2613 intendat,
887 2555 941 2599 et
970 2559 1080 2600 suae
1104 2544 1253 2600 vobis
1283 2545 1670 2601 benedictionis
1717 2545 1856 2602 dona

273 2637 561 2693 concedat.
617 2640 808 2692 Amen.
855 2636 1077 2708 Talique
1130 2651 1226 2693 vos
1257 2637 1310 2692 in
1361 2639 1608 2708 praesenti
1658 2639 1856 2694 saeculo

278 2728 526 2783 subsidio
554 2729 759 2782 muniat
785 2768 798 2793 ,
830 2736 886 2783 ut
911 2728 1143 2798 paradisi
1174 2741 1269 2783 vos
1298 2729 1350 2782 in
1383 2728 1561 2784 futuro
1593 2729 1857 2784 habitato-

281 2834 374 2876 res
397 2820 614 2876 efﬁciat.
644 2822 836 2876 Amen.
865 2820 1060 2891 Sicque
1081 2821 1244 2876 corda
1268 2831 1447 2877 vestra
1477 2822 1858 2878 sanctiﬁcando

273 2911 583 2978 benedicat,
617 2921 673 2968 et
695 2912 1058 2968 benedicendo
1081 2912 1381 2969 sanctificet
1406 2955 1420 2979 ,
1463 2923 1520 2968 ut
1548 2915 1856 2984 vobiscum,

274 3005 390 3060 imo
438 3007 493 3060 in
523 3007 672 3061 vobis
703 3022 824 3062 eum
878 3007 1121 3063 habitare
1174 3009 1430 3066 delectet.
1464 3012 1655 3065 Amen.
1703 3010 1858 3077 Quod

275 3097 393 3166 ipse
415 3109 697 3168 praestare.

348 3191 429 3243 Ad
458 3188 845 3261 Complendum.
871 3219 940 3231 —-
969 3191 1305 3258 Quaesumus,
1341 3192 1565 3248 Domine
1593 3192 1734 3248 Deus
1760 3207 1860 3247 no-

276 3288 416 3345 ster,
447 3290 503 3336 ut
531 3296 666 3350 quos
684 3282 881 3335 divinis
909 3297 1161 3350 reparare
1189 3298 1293 3337 non
1323 3283 1526 3338 desinis
1554 3297 1858 3340 sacramen-

275 3372 367 3439 tis,
397 3373 496 3426 tuis
522 3388 631 3426 non
663 3373 919 3428 destituas
951 3373 1211 3443 benignus
1241 3375 1475 3430 auxiliis.
1509 3376 1634 3430 Per.

351 3460 518 3531 Super
547 3464 813 3532 populum.
844 3493 914 3504 —
939 3463 1144 3519 Fideles
1177 3474 1325 3530 tuos,
1362 3466 1585 3522 Domine
1608 3508 1622 3532 ,
1648 3483 1856 3536 quassu-

278 3567 424 3619 mus,
457 3567 681 3622 corpore
713 3555 911 3624 pariter
932 3565 984 3610 et
1004 3564 1181 3610 mente
1211 3559 1431 3624 puriﬁca
1453 3598 1467 3622 ,
1496 3568 1553 3612 ut
1578 3601 1592 3625 ,
1654 3568 1741 3614 tua
1773 3562 1858 3614 in-

275 3647 567 3714 spiratione
613 3649 955 3715 compuncti,
1010 3650 1195 3703 noxias
1249 3649 1631 3706 delectationes
1686 3651 1856 3708 vitare

278 3737 608 3806 prazvaleant
633 3779 649 3804 ,
698 3751 876 3808 atque,
911 3748 966 3791 ut
1001 3752 1183 3792 earum
1218 3755 1320 3792 non
1363 3741 1642 3808 capiantur
1670 3742 1858 3797 illece-

277 3827 412 3894 bris,
440 3836 526 3882 tua
558 3844 768 3895 semper
796 3829 1058 3885 suavitate
1086 3838 1389 3897 pascantur.
1416 3830 1539 3885 Per.

527 3938 843 3979 HEBDOMADA
882 3941 976 3980 χιιι
1014 3940 1141 3980 POST
1180 3942 1582 3984 PENTECOSTBN.

348 4014 699 4084 Omnipotens
721 4017 1046 4086 sempiterno
1078 4019 1238 4085 Deus,
1271 4022 1360 4090 qui
1389 4022 1713 4078 abundantia
1741 4024 1852 4092 pie-

277 4107 403 4160 tatis
436 4115 540 4162 tuae
584 4117 637 4162 et
682 4110 871 4164 merita
900 4110 1198 4179 supplicum
1228 4112 1444 4168 excedis
1489 4122 1543 4168 et
1584 4123 1704 4168 vota
1730 4153 1746 4177 ,
1776 4113 1858 4170 ef-

277 4200 443 4253 funde
487 4214 648 4269 super
689 4215 784 4255 nos
837 4201 1255 4257 misericordiam
1309 4213 1490 4269 tuam,
1546 4212 1603 4260 ut
1626 4206 1862 4261 dimittas

283 4307 405 4361 qua:
433 4293 761 4346 conscientia
789 4294 1013 4362 metuit,
1059 4305 1112 4350 et
1133 4295 1350 4364 adjicias
1384 4297 1525 4366 quod
1555 4300 1725 4353 oratio
1754 4314 1862 4353 non

283 4385 580 4451 praesumit.
617 4385 739 4441 Per.

359 4479 530 4550 Super
560 4480 751 4536 oblata.
800 4510 869 4522 -—
904 4480 1164 4552 Respice,
1197 4481 1420 4538 Domine
1441 4521 1459 4549 ,
1512 4498 1820 4554 quazsumus
1843 4526 1858 4550 ,

286 4582 525 4625 nostram
558 4571 819 4642 propitius
848 4574 1160 4629 servitutem
1181 4613 1194 4635 ,
1225 4583 1285 4627 ut
1312 4573 1455 4643 quod
1485 4573 1760 4629 offerimus
1789 4576 1858 4629 sit

287 4665 386 4719 tibi
429 4679 624 4721 munus
666 4675 978 4736 acceptum,
1022 4665 1093 4721 sit
1120 4675 1315 4722 nostra:
1337 4665 1639 4738 fragilitatis
1689 4666 1861 4724 subsi-

275 4758 446 4811 dium.
482 4757 605 4812 Per.

352 4846 633 4916 Prwfatio.
661 4878 733 4890 —
763 4848 903 4903 Vere
939 4849 1157 4919 dignum
1183 4859 1236 4906 et
1258 4849 1458 4920 justum
1482 4861 1604 4919 est,
1651 4867 1862 4921 aequum

277 4948 334 4994 et
356 4940 614 5008 salutare,
648 4956 745 4996 nos
774 4940 867 4995 tibi
895 4957 1110 5012 semper
1131 4951 1185 4998 et
1225 4942 1418 5013 ubique
1447 4945 1647 5013 gratias
1673 4960 1863 5014 agere,

281 5030 507 5087 Domine
552 5043 758 5097 sancte,
788 5033 944 5088 Pater
994 5035 1376 5103 omnipotens,
1422 5045 1624 5090 aeterne
1673 5035 1862 5092 Deus:

278 5124 370 5190 qui
407 5140 501 5178 nos
522 5125 837 5198 castigando
861 5141 1040 5191 sanas,
1068 5135 1122 5180 et
1145 5127 1437 5182 refovendo
1460 5127 1722 5197 benignus
1743 5144 1866 5182 eru-

285 5216 392 5280 dis,
424 5215 549 5272 dum
574 5219 740 5289 magis
766 5218 846 5274 vis
878 5219 1054 5274 salvos
1081 5234 1202 5275 esse
1222 5229 1492 5275 correctos
1507 5236 1666 5290 quam
1693 5223 1864 5293 perire

280 5308 542 5377 dejectos.
570 5309 672 5366 Per
698 5311 967 5367 Christum
997 5310 1279 5366 Dominum
1314 5320 1578 5366 nostrum.

355 5397 674 5456 Benedictio.
700 5431 768 5447 -—
799 5402 981 5457 Gratia
1011 5417 1108 5457 sua
1129 5417 1225 5457 vos
1250 5402 1504 5457 Dominus
1535 5403 1860 5472 locupletet,

277 5502 337 5547 et
367 5492 573 5547 cmlesti
602 5493 975 5550 benedictione
1002 5494 1339 5564 multiplicet.
1372 5495 1562 5549 Amen.
1592 5494 1674 5549 Ab
1718 5494 1862 5549 omni

276 5597 379 5637 vos
410 5581 729 5639 adversitate
763 5585 914 5656 1'77
938 5583 1219 5649 defendat,
1263 5593 1314 5638 et
1337 5585 1421 5653 pia
1451 5598 1666 5653 semper
1697 5586 1862 5638 mise-

274 5674 493 5729 ratione
515 5676 798 5731 custodiat.
843 5659 1036 5732 Amen.
1069 5675 1363 5732 Petitiones
1389 5686 1595 5731 vestras
1627 5675 1863 5744 placatus

1885 1866 1936 1927 B

2033 1908 2202 1977 Super
2229 1909 2415 1963 oblata.
2449 1939 2518 1949 —
2559 1909 2844 1964 Offerimus
2873 1908 2990 1973 tibi,
3027 1907 3268 1974 Domine,
3302 1906 3540 1961 Hostiam

1959 1997 2273 2067 placationis
2319 2008 2374 2054 et
2420 1999 2612 2065 laudis,
2661 1999 2932 2054 humiliter
2961 1999 3330 2067 implorantes,
3380 2007 3436 2052 ut
3485 2007 3540 2052 et

1960 2103 2076 2144 eam
2109 2089 2352 2158 placabili
2377 2092 2576 2158 pietate
2605 2092 2887 2160 respicias,
2917 2101 2970 2146 et
2990 2091 3326 2152 offerentium
3354 2104 3540 2160 preces

1960 2179 2207 2235 clementi
2238 2180 2481 2250 largitate
2509 2182 2783 2236 exaudias.
2819 2181 2938 2235 Per.

2033 2270 2390 2340 Prcefatio.-—
2410 2274 2541 2326 Vere
2571 2273 2786 2341 dignum
2819 2280 2871 2326 et
2895 2271 3096 2340 jus'tum
3124 2280 3224 2335 est,
3259 2284 3465 2339 aequum
3489 2277 3545 2324 et

1962 2364 2215 2428 salutare,
2266 2380 2363 2418 nos
2395 2363 2488 2418 tibi
2519 2380 2732 2432 semper
2778 2372 2833 2418 et
2877 2363 3074 2432 ubique
3113 2364 3309 2432 gratias
3362 2376 3540 2430 agere,

1963 2454 2186 2508 Domine
2236 2463 2459 2521 sancte,
2493 2454 2651 2510 Pater
2695 2453 3029 2520 omnipotens
3055 2495 3068 2518 ,
3111 2462 3310 2508 aeterne
3362 2452 3542 2505 Dens:

1961 2545 2085 2614 quia
2118 2556 2170 2599 tu
2215 2547 2264 2599 in
2314 2553 2499 2599 nostra
2541 2561 2752 2614 semper
2782 2545 2983 2599 faciens
3014 2545 3325 2600 inﬁrmitate
3370 2543 3544 2598 virtu-

1963 2647 2090 2704 tem,
2125 2637 2273 2710 (628)
2312 2639 2603 2695 Ecclesiam
2657 2650 2798 2694 tuam
2842 2639 2980 2693 inter
3030 2638 3250 2692 adversa
3301 2652 3546 2692 crescere

1962 2729 2217 2793 tribuisti,
2252 2739 2307 2783 ut
2355 2747 2473 2784 cum
2516 2739 2793 2800 putaretur
2845 2744 3134 2799 oppressa,
3190 2740 3315 2783 tunc
3367 2733 3546 2798 potius

1960 2822 2278 2887 praevaleret
2303 2823 2551 2886 exaltata,
2580 2823 2704 2876 dum
2737 2821 2896 2875 simul
2925 2829 2978 2875 et
3007 2820 3390 2889 experientiam
3422 2818 3545 2873 ﬁdei

1963 2909 2198 2965 declarat
2219 2911 2456 2977 afﬂictio,
2488 2922 2541 2968 et
2582 2913 3018 2967 victoriosissima
3062 2926 3272 2980 semper
3305 2925 3548 2980 perseve-

1963 3013 2066 3068 ret,
2103 3015 2152 3059 te
2183 3007 2487 3075 adjuvante,
2523 3007 2754 3063 devotio.
2791 3009 2893 3061 Per
2921 3006 3217 3062 Christum.

2038 3095 2350 3152 Benedictio.
2389 3126 2451 3139 --
2480 3099 2577 3153 Det
2609 3099 2760 3153 vobis
2794 3100 3046 3153 Dominus
3071 3114 3264 3152 munus
3305 3112 3415 3151 sua:
3447 3099 3544 3153 be-

1967 3189 2304 3256 nedictionis,
2337 3199 2389 3245 et
2418 3190 2624 3259 repleat
2651 3206 2746 3246 vos
2792 3191 2980 3260 spiritu
3028 3190 3267 3245 veritatis
3295 3197 3348 3244 et
3377 3189 3539 3258 pacis.

1967 3279 2157 3333 Amen.
2194 3279 2463 3344 Quatenus
2492 3279 2567 3335 sic
2601 3295 2693 3350 per
2730 3282 2866 3336 viam
2895 3281 3080 3336 salutis
3131 3281 3320 3335 devota
3367 3289 3547 3336 mente

1968 3374 2194 3427 curratis
2223 3381 2277 3428 ut
2302 3373 2701 3442 subrepentium
2732 3376 3049 3430 delictorum
3072 3376 3288 3444 laqueos
3318 3375 3547 3428 salubri-

1968 3473 2048 3519 ter
2065 3465 2318 3519 evadatis.
2349 3467 2537 3522 Amen.
2584 3465 2777 3534 Sicque
2798 3465 3101 3521 efﬁciamini
3123 3466 3175 3519 in
3201 3467 3316 3535 ejus
3346 3465 3546 3534 suppli-

1966 3555 2175 3611 catione
2197 3557 2393 3620 devoti,
2421 3566 2472 3612 et
2495 3557 2548 3612 in
2581 3565 2762 3613 mutua
2814 3558 3099 3612 dilectione
3130 3557 3343 3625 sinceri,
3394 3567 3449 3608 ut
3479 3555 3545 3608 ad

1966 3647 2185 3702 cmleste
2235 3663 2456 3717 regnum
2510 3650 2791 3718 pervenire
2838 3651 3056 3719 possitis
3105 3650 3299 3705 securi.
3352 3651 3545 3704 Amen.

1966 3737 2117 3803 Quod
2150 3738 2262 3804 ipse
2289 3747 2561 3804 praestare.

2038 3828 2117 3880 Ad
2145 3825 2534 3896 Complendum.
2567 3856 2638 3868 —
2667 3828 2909 3884 Viviﬁcet
2936 3845 3053 3890 nos,
3083 3846 3411 3900 qua'sumus,
3445 3831 3551 3882 Do-

1966 3918 2128 3981 mine,
2181 3917 2337 3986 hujus
2387 3918 2716 3988 participatio
2747 3928 2929 3974 sancta
2960 3921 3236 3990 mysterii,
3268 3929 3321 3975 et
3351 3922 3547 3989 pariter

1967 4012 2122 4066 nobis
2155 4012 2513 4080 expiationem
2544 4011 2740 4068 tribuat
2765 4023 2816 4068 et
2847 4014 3138 4067 munimen.
3169 4013 3290 4067 Per.

2042 4102 2209 4172 Super
2232 4104 2498 4172 populum.
2523 4134 2594 4145 —-
2615 4104 2961 4174 Omnipotens
2979 4112 3031 4157 et
3053 4104 3358 4158 misericors
3381 4104 3543 4172 Deus,

1967 4193 2034 4251 de
2062 4195 2214 4263 cujus
2245 4210 2466 4250 munere
2504 4197 2649 4250 venit
2677 4205 2734 4250 ut
2781 4195 2875 4250 tibi
2906 4211 2932 4248 a
2964 4195 3208 4250 ﬁdelibus
3239 4196 3344 4251 tuis
3389 4195 3549 4265 digne

1969 4295 2023 4341 et
2051 4286 2386 4342 laudabiliter
2417 4287 2702 4354 serviatur,
2743 4287 2938 4357 tribue,
2984 4303 3308 4357 quaesumus,
3351 4288 3545 4359 nobis,

1969 4388 2028 4431 ut
2074 4378 2140 4433 ad
2189 4379 2571 4448 promissiones
2605 4390 2721 4436 tuas
2764 4381 2880 4436 sine
2925 4379 3218 4436 offensione
3249 4395 3547 4436 curramus.

1971 4469 2092 4524 Per.

2261 4577 2584 4619 HEBDOMADA
2616 4579 2690 4617 XV
2720 4577 2848 4619 POST
2880 4578 3272 4618 PENTECOSTEN.

2038 4654 2390 4725 Omnipotens
2405 4655 2734 4726 sempiterne
2753 4657 2913 4721 Deus,
2939 4656 3003 4710 da
3031 4657 3184 4711 nobis
3212 4654 3354 4720 ﬁdei,
3392 4654 3547 4726 178

1967 4746 2082 4816 spei
2109 4756 2163 4801 et
2189 4747 2466 4801 charitatis
2494 4758 2859 4818 augmentum,
2890 4756 2944 4803 et
2974 4757 3030 4803 ut
3059 4763 3363 4802 mereamur
3402 4758 3549 4800 asse-

1967 4840 2231 4911 quiquod
2262 4841 2566 4910 promittis,
2621 4841 2700 4896 fac
2726 4855 2822 4896 nos
2867 4856 3048 4896 amare
3098 4840 3237 4910 quod
3283 4838 3547 4909 precipis.

1968 4928 2091 4986 Per.

2046 5023 2217 5094 Super
2246 5023 2440 5078 oblata.
2462 5052 2531 5064 —
2556 5023 2886 5092 Pr0pitiare,
2924 5024 3165 5091 Domine,
3213 5025 3408 5094 populo
3437 5031 3550 5088 tuo,

1971 5117 2267 5186 pr0pitiare
2298 5117 2632 5182 muneribus,
2687 5127 2742 5170 ut
2791 5118 2892 5173 hac
2933 5118 3203 5173 oblatione
3236 5119 3467 5187 placatus
3497 5125 3552 5171 et

1970 5209 2350 5279 indulgentiam
2402 5208 2556 5264 nobis
2603 5208 2802 5264 tribuas
2846 5219 2899 5264 et
2946 5211 3210 5280 postulata
3260 5208 3542 5263 concedas.

1968 5301 2090 5357 Per.

2042 5392 2312 5462 Prw/otio.
2344 5423 2413 5433 —
2445 5393 2580 5448 Vere
2619 5393 2834 5463 dignum
2878 5403 2930 5448 et
2970 5394 3171 5461 justum
3213 5401 3314 5454 est,
3345 5401 3552 5455 aequum

1970 5495 2024 5540 et
2049 5486 2304 5551 salutare,
2338 5501 2435 5540 nos
2465 5486 2557 5542 tibi
2608 5501 2822 5556 semper
2845 5497 2899 5540 et
2928 5484 3124 5552 ubique
3152 5483 3347 5552 gratias
3370 5492 3550 5546 agere,

1974 5579 2194 5635 Domine
2247 5589 2454 5644 sancte,
2489 5579 2652 5635 Pater
2701 5579 3082 5646 omnipotens,
3131 5582 3327 5625 aeterne
3370 5571 3547 5627 Dens;

1971 5671 2061 5742 qui
2090 5685 2187 5726 nos
2217 5669 2282 5724 de
2321 5669 2475 5724 donis
2521 5670 2783 5728 bonorum
2832 5661 3206 5731 temporalium
3237 5658 3303 5715 ad
3335 5671 3556 5729 percep-

353 5823 384 5853 ι
416 5816 704 5873 Exhibetur
724 5816 779 5873 in
797 5813 1215 5873 Benedictionali
1237 5813 1374 5870 inter
1394 5825 1730 5880 communes,
1752 5825 1847 5870 seu
1866 5810 2000 5873 nulli
2029 5809 2134 5868 dici
2165 5807 2426 5866 addictas.
