4042 6350
497 373 612 434 185

1699 359 1944 420 SANCTI
1981 357 2310 418 GBEGORII
2347 357 2562 418 MAGNI

3661 355 3765 410 184

496 482 707 544 tionem
737 483 991 557 provebis
1038 487 1360 536 aeternorum
1380 520 1396 547 ,
1445 486 1498 534 et
1546 477 1663 532 haec
1693 476 1881 532 tribuis
1909 484 1963 531 et
1992 476 2080 530 illa
2106 488 2162 546 Α
2183 474 2501 541 consistere,
2526 480 2618 528 tuo
2635 483 2851 542 semper
2873 468 3025 541 (650)
3045 481 3264 526 munere
3285 467 3636 540 gubernetur.
3659 471 3764 528 Per

494 575 734 653 largiris,
761 589 816 635 ut
840 586 893 634 et
913 574 1178 631 mansuris
1195 575 1303 643 jam
1323 572 1636 641 incipiamus
1660 569 1843 633 inseri,
1872 578 1925 624 et
1947 584 2074 638 pra:-

506 672 836 730 tereuntibus
862 685 968 724 non
986 665 1180 724 teneri.
1205 666 1375 720 Tuum
1403 672 1485 718 est
1503 662 1644 718 enim
1668 660 1808 730 quod
1826 661 2076 726 vivimus,

502 767 626 837 quia
656 765 778 821 licet
829 763 1033 835 peccati
1081 761 1306 816 vulnere
1336 767 1524 814 natura
1550 766 1734 811 nostra
1766 755 1836 810 sit
1872 755 2077 820 vitiata,

502 858 580 914 tui
605 866 778 912 tamen
808 866 890 912 est
929 856 1107 924 Operis
1139 863 1196 908 ut
1237 862 1432 908 terrent
1467 851 1704 922 generati
1743 849 1808 904 ad
1837 848 2077 905 ctelestia

501 962 865 1005 renascamur.
898 947 999 1002 Per
1024 943 1318 1001 Christum.

572 1037 886 1091 Benedictio.
939 1066 1010 1079 —
1056 1035 1364 1091 Benedictio
1411 1048 1507 1089 vos
1554 1033 1765 1089 Domini
1795 1034 2080 1088 comitetur

505 1132 725 1202 ubique,
756 1133 965 1202 sibique
992 1146 1206 1200 semper
1231 1130 1394 1186 faciat
1416 1130 1716 1186 adhaerere.
1738 1132 1928 1184 Amen.
1961 1130 2079 1199 Ipse

502 1241 600 1280 vos
632 1240 726 1279 sua
756 1225 1129 1280 benedictione
1146 1224 1423 1292 salvificet,
1455 1224 1542 1292 qui
1561 1223 1809 1292 dignatus
1838 1233 1919 1277 est
1941 1223 2080 1290 plas-

502 1331 652 1370 mare
680 1325 943 1385 potenter.
969 1318 1161 1371 Amen.
1191 1317 1363 1384 Atque
1389 1316 1463 1369 ita
1487 1328 1586 1368 vos
1617 1322 1831 1380 praestet
1851 1312 2080 1368 feliciter

500 1412 712 1479 vivere,
744 1421 801 1466 ut
849 1411 1080 1466 coelestis
1112 1409 1458 1465 beatitudinis
1499 1407 1699 1462 efﬁciat
1745 1406 2072 1462 cobaeredes.

499 1505 690 1558 Amen.
721 1503 871 1567 Quod
895 1503 1007 1571 ipse
1035 1512 1307 1571 praestare.

571 1596 651 1647 Ad
673 1593 1066 1665 Complendum.
1088 1621 1159 1634 —-
1178 1593 1517 1658 Coelestibus,
1549 1591 1795 1657 Domine,
1819 1590 1977 1646 donis
1995 1604 2081 1644 sa-

499 1685 680 1753 tiatos,
697 1701 1006 1755 quaesumus
1017 1696 1079 1741 ut
1104 1695 1157 1740 et
1178 1687 1450 1741 voluntate
1478 1686 1562 1755 pie
1579 1694 1829 1753 recteque
1846 1680 2077 1750 vivendi,

499 1785 554 1832 et
583 1778 779 1831 virtute
822 1785 981 1846 atque
1007 1777 1245 1830 efﬁcacia
1275 1776 1583 1844 perﬁciendi
1625 1790 1724 1831 nos
1750 1775 1950 1845 jngiter
1978 1773 2076 1830 do-

499 1882 630 1924 nare
653 1869 907 1937 digneris.
937 1869 1038 1923 Per
1063 1868 1366 1924 Dominum.

575 1959 748 2030 Super
773 1961 1036 2030 populum.
1067 1990 1137 2000 —
1165 1958 1459 2025 Conserva,
1492 1973 1811 2029 quaesumus,
1833 1958 2078 2026 Domine,

497 2052 750 2120 populum
787 2061 968 2115 tuum;
1031 2061 1083 2105 et
1111 2065 1269 2120 quem
1326 2052 1650 2105 salutaribus
1682 2050 1944 2120 praesidiis
1975 2065 2080 2104 non

498 2143 703 2198 desinis
733 2143 1007 2212 adjuvare,
1043 2143 1314 2210 perpetuis
1342 2144 1513 2197 tribue
1541 2143 1776 2212 gaudere
1806 2141 2083 2197 beneficiis

499 2241 553 2287 et
579 2234 777 2289 mentis
808 2245 862 2287 et
893 2235 1159 2302 corporis.
1193 2236 1294 2288 Per
1324 2234 1608 2288 Dominum
1640 2243 1904 2288 nostrum.

762 2360 1078 2400 HEBDOMADA
1114 2362 1204 2400 XV]
1233 2360 1362 2400 POST
1392 2362 1784 2402 PENTECOSTEN.

568 2456 809 2523 Custodi,
843 2457 1086 2522 Domine,
1119 2473 1426 2527 qumsumus
1459 2457 1756 2513 Ecclesiam
1789 2464 1932 2512 tuam
1963 2471 2086 2527 pro-

497 2548 780 2617 pitiatione
821 2559 1099 2618 perpetua,
1129 2559 1183 2604 et
1203 2550 1338 2619 {quia
1375 2549 1492 2605 sine
1539 2558 1592 2605 te
1632 2549 1826 2605 labitur
1859 2552 2086 2603 humana

497 2642 818 2699 mortalitas.
842 2643 950 2699 tuis
969 2658 1183 2712 semper
1199 2643 1412 2698 auxiliis
1437 2650 1491 2698 et
1505 2642 1846 2698 abstrahatur
1865 2658 1893 2696 a
1914 2640 2087 2696 noxiis

499 2745 556 2790 et
583 2735 648 2788 ad
677 2734 924 2789 salutaria
954 2735 1233 2804 dirigatur.
1269 2733 1372 2790 Per
1399 2735 1703 2790 Dominum.

571 2826 741 2894 Super
768 2827 956 2882 oblata.
987 2855 1053 2866 —-
1088 2827 1326 2882 Hostiam
1356 2827 1606 2883 sacriﬁcii
1638 2826 1922 2896 singularis
1947 2827 2040 2880 tibi
2065 2865 2084 2894 ,

495 2908 739 2982 Domine,
773 2917 1076 2974 deferentes
1102 2919 1353 2987 petimus,
1387 2927 1444 2973 ut
1471 2920 1588 2988 ejus
1620 2919 1813 2973 virtute
1842 2933 1939 2972 nos
1971 2925 2026 2972 et
2053 2931 2085 2971 a

496 3008 734 3077 peccatis
763 3010 1054 3077 emacules,
1083 3017 1136 3066 et
1165 3019 1251 3065 tua
1301 3009 1723 3067 sanctiﬁcatione
1747 3010 1934 3081 dignos
1964 3009 2086 3065 efﬁ-

497 3099 631 3154 cias.
660 3100 765 3154 Per
796 3101 1099 3155 Dominum.

571 3189 846 3260 Praefatio.
877 3222 948 3231 -—-
974 3191 1115 3246 Vere
1152 3192 1368 3262 dignum
1398 3200 1452 3247 et
1490 3191 1690 3262 justum
1735 3197 1838 3260 est,
1871 3205 2082 3262 aequum

504 3290 559 3336 et
588 3282 839 3348 salutare,
873 3297 970 3338 nos
1004 3283 1098 3337 tibi
1124 3299 1339 3354 semper
1368 3292 1421 3339 et
1449 3285 1644 3354 ubique
1673 3285 1869 3353 gratias
1899 3299 2080 3354 agere,

500 3370 729 3428 Domine
755 3382 957 3439 sancte,
991 3375 1149 3430 Pater
1180 3377 1543 3444 omnipotens,
1570 3384 1770 3432 aeterne
1801 3375 1959 3440 Deus,
1990 3392 2087 3445 per

503 3459 777 3518 Christum
809 3464 1094 3520 Dominum
1131 3476 1369 3521 nostrum
1399 3486 1410 3521 :
1440 3467 1532 3538 qui
1562 3467 1859 3522 aeternitate
1903 3481 2086 3523 sacer-

505 3555 638 3611 dotii
663 3559 743 3612 sui
774 3573 961 3615 omnes
993 3558 1088 3614 tibi
1109 3559 1406 3615 servientes
1436 3561 1732 3616 sanctiﬁcat
1753 3559 2081 3628 sacerdotes,

501 3648 755 3719 quoniam
802 3650 1018 3706 mortali
1048 3667 1209 3708 carne
1253 3653 1606 3720 circumdati,
1638 3655 1714 3710 ita
1761 3653 2086 3724 quotidianis

502 3748 845 3810 peccatorum
873 3743 1276 3800 remissionibus
1321 3744 1649 3817 indigemus,
1682 3755 1739 3801 ut
1768 3760 1876 3802 non
1908 3745 2086 3802 solum

503 3845 603 3899 pro
630 3833 845 3904 populo,
878 3833 974 3891 sed
1001 3836 1162 3891 etiam
1194 3851 1291 3906 pro
1321 3837 1475 3893 nobis
1501 3837 1744 3908 ejusdem
1777 3848 1830 3895 te
1861 3837 2084 3895 Pontifi-

500 3923 580 3978 cis
609 3927 824 3998 sanguis
852 3935 1062 3984 exoret.
1095 3927 1198 3983 Per
1227 3943 1405 3998 quem.

583 4018 739 4088 179
770 4027 794 4053 ³
821 4017 1140 4075 Benedictio.
1168 4019 1527 4076 —Concedat
1548 4021 1702 4075 vobis
1745 4022 2088 4090 omnipotens

505 4108 649 4162 Deus
671 4124 863 4164 munus
885 4126 992 4166 suae
1012 4112 1420 4182 benedictionis,
1437 4114 1524 4184 qui
1544 4122 1733 4170 vestrae
1748 4116 2087 4172 estconscius

505 4199 859 4255 inﬁrmitatis.
890 4203 1084 4258 Amen.
1118 4206 1354 4278 Et(629)
1377 4207 1467 4276 qui
1494 4207 1646 4262 vobis
1677 4209 1861 4262 tribuit
1887 4210 2089 4280 suppli-

503 4291 658 4346 candi
682 4292 954 4362 affectum,
974 4296 1170 4352 tribuat
1191 4301 1571 4357 consolationis
1594 4303 1867 4358 auxilium.
1892 4304 2084 4360 Amen.

502 4380 575 4438 Ut
607 4384 673 4439 ab
699 4399 768 4439 eo
795 4393 849 4441 et
878 4389 1159 4455 praesentis
1215 4397 1271 4444 et
1300 4389 1489 4444 futurae
1518 4393 1641 4446 vita:
1671 4394 1967 4449 subsidium
1998 4409 2092 4450 ca-

501 4475 682 4542 piatis,
705 4475 856 4545 cujus
879 4492 973 4533 vos
993 4477 1233 4536 bonitate
1255 4489 1464 4537 creatos
1486 4496 1606 4539 esse
1626 4484 1864 4539 creditis.
1890 4487 2082 4541 Amen.

503 4566 656 4633 Quod
686 4569 800 4636 ipse
827 4578 1100 4639 praestare.

574 4659 656 4713 Ad
687 4659 1073 4733 Complendum.
1088 4693 1161 4705 --
1177 4664 1376 4722 Praesta
1406 4666 1576 4734 nobis,
1599 4668 1902 4726 misericors
1920 4671 2084 4742 Deus,

503 4758 562 4807 ut
591 4751 941 4822 placationem
988 4768 1132 4815 tuam
1183 4760 1442 4830 promptis
1487 4763 1755 4820 mentibus
1783 4781 2086 4832 exoremus,

503 4850 579 4911 et,
620 4858 718 4914 per
758 4859 1090 4907 sacramenta
1124 4867 1241 4922 quae
1269 4853 1593 4924 sumpsimus
1624 4866 1961 4925 peccatorum
1994 4875 2088 4916 ve-

502 4933 646 4988 niam
680 4949 1090 5010 consequentes,
1124 4957 1154 4997 a
1206 4945 1381 5000 noxiis
1422 4944 1714 5003 liberemur
1759 4949 2082 5008 incursibus.

498 5019 603 5077 Per
632 5021 910 5081 Dominum
941 5041 1205 5087 nostrum.

574 5115 746 5187 Super
767 5121 1034 5188 populum.
1052 5152 1120 5163 —
1141 5125 1456 5199 Propitiare,
1482 5130 1727 5199 Domine,
1753 5133 1947 5202 populo
1965 5141 2081 5199 tuo,

504 5215 556 5261 et
585 5208 652 5263 ab
675 5209 922 5266 omnibus
945 5211 1092 5268 illum
1118 5215 1334 5274 absolve
1358 5222 1608 5288 peccatis,
1641 5223 1858 5292 utquod
1885 5222 2083 5277 nostris

499 5301 888 5359 offensionibus
905 5319 1292 5376 promeremur,
1319 5319 1406 5366 tua
1426 5311 1749 5383 indulgentia
1773 5315 2080 5385 repellatur.

497 5391 617 5449 Per.

759 5503 1072 5547 HEBDOMADA
1101 5507 1211 5549 XVII
1240 5510 1367 5551 POST
1398 5511 1799 5555 PENTEOOSTEN.

576 5577 868 5637 Ecclesiam
924 5591 1091 5651 tuam,
1148 5586 1390 5655 Domine,
1444 5590 1720 5645 miseratio
1776 5589 2085 5644 continuata

497 5671 718 5726 mundet
745 5681 798 5729 et
831 5676 1058 5747 muniat,
1090 5687 1144 5733 et
1192 5682 1311 5750 quia
1341 5681 1456 5737 sine
1508 5693 1559 5738 te
1591 5697 1696 5738 non
1729 5686 1905 5752 potest
1935 5680 2082 5734 salva

2187 566 2493 621 Dominum.

2257 657 2428 724 Super
2455 653 2642 709 oblata.
2656 683 2729 696 --
2743 653 2856 711 Tua
2876 669 2996 722 nos,
3023 653 3267 721 Domine,
3289 664 3624 710 sacramenta
3643 668 3770 710 cus-

2188 746 2411 815 todiant,
2431 755 2484 802 et
2498 755 2683 802 contra
2695 746 2985 802 diabolicos
3005 754 3250 802 tueantur
3266 760 3476 816 semper
3487 747 3762 802 incursus.

2181 834 2286 893 Per
2318 838 2598 892 Dominum
2624 847 2886 892 nostrum.

2255 927 2529 996 Pt'wfatt'o.
2559 957 2630 968 —
2674 928 2813 984 Vere
2839 928 3055 998 dignum
3101 936 3156 983 et
3191 928 3392 998 justum
3422 935 3525 994 est,
3556 940 3768 997 aequum

2184 1027 2238 1074 et
2267 1019 2520 1085 salutare,
2553 1034 2650 1074 nos
2682 1017 2774 1073 tibi
2797 1035 3006 1087 semper
3035 1026 3089 1074 et
3114 1018 3308 1087 ubique
3341 1019 3536 1089 gratias
3560 1032 3720 1088 agere
3747 1057 3766 1086 ,

2185 1109 2413 1165 Domine
2437 1120 2642 1177 sancte,
2680 1110 2839 1166 Pater
2878 1111 3236 1178 omnipotens,
3269 1119 3473 1165 aeterne
3505 1111 3644 1164 Deus
3672 1127 3686 1163 :
3716 1117 3774 1165 et
3803 1108 3814 1128 '

2186 1207 2241 1256 te
2270 1201 2599 1257 incessanter
2622 1203 2852 1270 precari,
2884 1210 2942 1256 ut
2966 1201 3056 1271 qui
3085 1211 3136 1257 te
3166 1211 3380 1256 auctore
3405 1200 3771 1269 subsistimus,

2182 1300 2236 1347 te
2268 1291 2612 1362 dispensante
2639 1292 2951 1362 dirigamur.
2978 1291 3090 1346 Non
3117 1291 3264 1362 (651)
3292 1293 3489 1347 nostris
3520 1291 3774 1347 sensibus

2185 1385 2571 1454 relinquamur,
2605 1386 2699 1440 sed
2745 1386 2811 1438 ad
2864 1393 2966 1440 tua:
2997 1384 3204 1440 reducti
3257 1398 3471 1453 semper
3502 1385 3773 1438 tramitem

2185 1479 2452 1545 veritatis,
2485 1479 2600 1532 lucc
2637 1476 2945 1533 studeamus
2985 1493 3238 1534 exercere
3268 1493 3386 1547 quae
3417 1476 3681 1546 praecipis,
3713 1484 3776 1530 ut

2187 1571 2455 1638 possimus
2484 1571 2621 1624 dona
2670 1571 2943 1640 percipere
2983 1585 3101 1640 quae
3144 1570 3428 1640 promittis.
3478 1570 3580 1625 Per
3621 1568 3778 1624 Chri-

2187 1669 2354 1716 stum.

2262 1753 2576 1808 Benedictio.
2607 1785 2678 1794 —
2717 1753 3062 1824 Omnipotens
3111 1754 3250 1810 Deus
3305 1764 3642 1823 peccatorum
3678 1767 3778 1808 ve-

2115 1852 2164 1911 B
2194 1855 2426 1903 strorum
2457 1845 2694 1902 maculas
2711 1857 2918 1917 purget,
2948 1855 3001 1902 et
3022 1861 3116 1900 sua
3145 1860 3240 1900 vos
3267 1845 3638 1900 benedictione
3655 1844 3780 1898 illu-

2187 1949 2344 1996 stret.
2364 1943 2555 1995 Amen.
2587 1940 2919 2008 Repleatvos
2948 1939 3266 2008 Spiritalium
3292 1939 3445 1993 donis
3475 1940 3729 1993 virtutum
3756 1978 3777 2004 ,

2189 2042 2245 2090 et
2279 2047 2624 2101 perseverare
2669 2032 2826 2085 faciat
2857 2032 2912 2085 in
2955 2030 3109 2085 bonis
3157 2031 3482 2099 propositum
3513 2039 3775 2084 vestrum.

2189 2132 2380 2187 Amen.
2417 2132 2611 2201 Sicque
2642 2129 2996 2185 humilitatem
3039 2139 3271 2182 veStram
3304 2127 3564 2195 benignus
3583 2139 3779 2194 accep-

2191 2233 2286 2287 tet,
2344 2232 2401 2277 ut
2446 2238 2557 2277 suae
2590 2237 2683 2277 vos
2724 2221 2935 2290 pietatis
2980 2221 3414 2275 remuneratione
3463 2219 3774 2292 locupletet.

2189 2315 2379 2368 Amen.
2411 2312 2562 2380 Quod
2589 2314 2701 2380 ipse
2733 2322 2985 2380 prmstarc
3016 2311 3285 2381 dignetur.

2260 2406 2342 2457 Ad
2385 2403 2774 2474 Complendum.
2820 2433 2889 2442 —
2932 2402 3134 2458 Mentes
3184 2410 3397 2458 nostras
3440 2410 3496 2457 et
3548 2415 3778 2470 corpora

2199 2497 2490 2566 possideat,
2523 2497 2768 2564 Domine,
2801 2510 3130 2566 quaasumus,
3156 2493 3282 2549 doni
3313 2493 3551 2550 etelestis
3580 2507 3777 2561 opera-

2194 2589 2291 2656 tio,
2325 2587 2475 2661 (652)
2505 2597 2691 2643 utnon
2723 2597 2907 2643 noster
2935 2601 3125 2642 sensus
3153 2587 3206 2640 in
3236 2586 3412 2654 nobis,
3460 2585 3553 2641 sed
3580 2585 3780 2654 jugiter

2192 2679 2310 2750 ejus
2340 2682 2627 2749 praeveniat
2644 2679 2885 2735 effectus.
2918 2679 3022 2734 Per
3044 2679 3348 2733 Dominum.

2263 2772 2436 2843 Super
2465 2773 2735 2843 populum.
2765 2804 2833 2814 —-
2861 2774 3085 2839 Adesto,
3130 2774 3375 2838 Domine,
3427 2771 3777 2842 supplicatio-

2192 2868 2350 2923 nibus
2380 2869 2600 2936 nostris,
2624 2878 2677 2923 et
2705 2869 2832 2922 nihil
2863 2867 2931 2922 de
2957 2883 3053 2922 sua
3080 2866 3408 2924 conscientia
3451 2880 3779 2937 praesumen-

2194 2961 2334 3016 tibns
2389 2962 2645 3018 ineffabili
2677 2962 3024 3018 miseratione
3069 2977 3349 3030 succurre,
3391 2971 3450 3016 ut
3493 2961 3636 3028 quod
3668 2975 3777 3015 non

2193 3051 2356 3108 habet
2377 3052 2572 3108 ﬁducia
2601 3055 2934 3123 meritorum,
2963 3061 3054 3107 tua
3081 3051 3326 3109 conferat
3341 3053 3560 3123 largitas
3581 3052 3777 3107 invicta

2191 3145 2476 3202 donorum.
2517 3148 2638 3202 Per.

2351 3259 2508 3330 180
2547 3273 2869 3315 HEBDOMADA
2893 3275 3022 3317 xvm
3048 3276 3177 3317 rosr
3205 3274 3608 3317 reurecos'rsu.

2263 3370 2519 3439 Absolve,
2552 3387 2876 3443 quaesumus,
2921 3373 3166 3441 Domine,
3203 3381 3412 3428 tuorum
3453 3372 3642 3428 delicta
3676 3385 3777 3440 po-

2187 3465 2461 3536 pulorum,
2494 3475 2547 3522 et
2575 3480 2603 3519 a
2635 3475 2973 3531 peccatorum
3018 3476 3321 3522 nostrorum
3373 3465 3619 3530 nexibus,
3653 3478 3775 3533 qua:

2192 3571 2289 3624 pro
2316 3566 2495 3612 nostra
2543 3556 2831 3627 fragilitate
2871 3558 3270 3626 contraximus,
3324 3568 3409 3613 tua
3451 3556 3780 3626 benignitate

2189 3646 2501 3706 liberemur.
2532 3649 2655 3706 Per.

2260 3741 2433 3811 Super
2462 3742 2654 3797 oblata.
2697 3770 2768 3783 —
2820 3741 2922 3796 Pro
2962 3750 3158 3796 nostra:
3185 3740 3461 3798 servitutis
3490 3747 3778 3810 augmento

2193 3835 2520 3894 sacriﬁcium
2541 3835 2635 3890 tibi
2651 3833 2824 3890 laudis
2844 3834 3154 3901 offerentes,
3175 3848 3500 3905 quaesumus,
3526 3833 3776 3898 Domine,

2189 3926 2342 3999 (655)
2364 3936 2422 3984 ut
2443 3927 2584 3998 quod
2614 3927 2894 3983 immeritis
2915 3927 3208 3994 contulisti,
3232 3926 3492 3998 propitius
3513 3939 3779 3994 exsequa-

2191 4009 2289 4079 ris.
2316 4021 2421 4078 Per
2445 4022 2749 4078 Dominum.

2263 4112 2541 4181 Praefatio.
2562 4145 2632 4156 —
2652 4113 2794 4171 Vere
2835 4114 3052 4184 dignum
3076 4122 3131 4170 et
3156 4112 3357 4184 justum
3389 4121 3473 4170 est
3495 4157 3510 4182 ,
3561 4127 3777 4182 aequum

2190 4215 2246 4262 et
2271 4205 2526 4272 salutare,
2554 4221 2652 4263 nos
2683 4206 2777 4262 tibi
2804 4222 3018 4276 semper
3056 4214 3114 4263 et
3141 4206 3334 4277 ubique
3361 4206 3558 4278 gratias
3588 4219 3772 4275 agere,

2191 4300 2420 4356 Domine
2444 4309 2646 4370 sancte,
2667 4301 2825 4357 Pater
2848 4302 3209 4371 omnipotens,
3227 4308 3425 4355 aeterne
3443 4299 3584 4353 Deus
3600 4314 3613 4350 :
3629 4296 3779 4366 quia,

2192 4409 2313 4450 cum
2344 4395 2500 4451 laude
2550 4405 2732 4450 nostra
2783 4409 2889 4449 non
2921 4409 3109 4464 egeas,
3143 4403 3291 4462 grata
3344 4392 3439 4446 tibi
3473 4399 3648 4445 tamen
3696 4399 3783 4443 est
3871 4452 3874 4455 _

2194 4493 2408 4541 tuorum
2451 4487 2668 4543 devotio
2725 4487 3088 4551 famulorum;
3137 4499 3235 4540 nec
3262 4493 3315 4538 te
3360 4490 3556 4551 augent
3593 4490 3778 4534 nostra

2194 4579 2486 4646 praeconia,
2518 4579 2616 4633 sed
2647 4577 2800 4632 nobis
2830 4577 3115 4647 proficiunt
3141 4576 3211 4632 ad
3239 4577 3486 4630 salutem.
3513 4573 3777 4640 Quoniam

2192 4671 2331 4726 sicut
2363 4671 2565 4726 fontem
2593 4670 2712 4725 vita:
2740 4671 3013 4741 praeterire
3056 4684 3218 4724 causa
3263 4666 3529 4724 moriendi
3562 4673 3666 4733 est,
3701 4666 3779 4719 sic

2189 4762 2378 4818 eodem
2425 4763 2624 4833 jugiter
2654 4761 2977 4830 redundare,
3023 4761 3248 4818 effectus
3277 4769 3358 4815 est
3385 4758 3503 4814 sine
3553 4756 3659 4812 ﬁne
3697 4757 3779 4811 vi-

2188 4856 2372 4912 vendi.
2403 4855 2505 4911 Per
2530 4856 2822 4911 Christum.

2258 4946 2576 5001 Benedictio.
2605 4977 2676 4987 —
2705 4947 3060 5014 Omnipotens
3107 4945 3251 5001 Deus
3280 4943 3486 5000 caelesti
3529 4955 3624 4996 vos
3655 4956 3785 5011 pro-

2197 5041 2434 5095 tectione
2466 5037 2784 5103 circumdet,
2815 5048 2868 5092 et
2899 5052 3009 5093 sua:
3039 5036 3427 5093 benedictionis
3453 5034 3596 5089 dono
3627 5034 3784 5088 locu-

2192 5130 2375 5200 pletet.
2421 5131 2613 5185 Amen.
2659 5129 3033 5199 Concedatque
3059 5129 3228 5195 vobis,
3261 5137 3320 5184 ut
3344 5127 3435 5198 qui
3462 5126 3518 5181 in
3542 5125 3658 5180 sola
3683 5140 3782 5194 spe

2191 5222 2377 5292 gratiae
2404 5221 2636 5277 coelestis
2672 5220 2992 5287 innitimini,
3021 5221 3229 5276 caelesti
3255 5221 3413 5276 etiam
3443 5217 3783 5289 protectione

2191 5311 2529 5367 muniamini.
2580 5313 2772 5367 Amen.
2805 5313 3076 5378 Quatenus
3125 5320 3178 5366 et
3207 5309 3260 5365 in
3297 5309 3547 5379 praesenti
3581 5309 3783 5363 smculo

2192 5403 2433 5460 mortalis
2458 5404 2583 5457 vita:
2622 5404 2812 5459 solatia
2839 5403 3088 5471 capiatis,
3131 5409 3182 5457 et
3214 5401 3557 5470 sempiternae
3584 5399 3782 5470 gaudia

2193 5494 2651 5564 comprehendere
2692 5494 2931 5549 valeatis.
2965 5492 3118 5560 Quod
3148 5493 3262 5562 ipse
3292 5500 3568 5561 praestare.

2263 5589 2343 5642 Ad
2373 5586 2758 5654 Complendum.
2778 5585 3121 5641 —Salutaris
3147 5584 3346 5640 Hostia:
3370 5582 3780 5653 participatione

2192 5681 2442 5748 recreati,
2484 5693 2810 5749 qnazsumus,
2845 5679 3181 5745 omnipotens
3228 5676 3392 5743 Deus,
3422 5684 3479 5731 ut
3531 5674 3648 5744 ejus
3679 5689 3780 5744 poe

567 5817 589 5841 υ
622 5809 805 5869 Exstat
835 5813 886 5870 in
926 5815 1366 5899 Benedictionali,
1395 5823 1602 5883 scilicet
1644 5824 1700 5886 in
1734 5823 1872 5881 serie
1905 5821 2346 5885 benedictionum
2377 5823 2444 5879 dc
2471 5823 2739 5880 communi
2767 5835 2859 5879 seu
2883 5819 3336 5892 quotidianarum.
