4042 6350
272 275 381 334 185

1460 263 1666 320 uasa
1703 261 2366 351 SACRAMENTORUM,

3383 268 3560 329 .I86

267 384 444 441 tentia
491 380 752 452 singulari
797 394 896 436 nos
944 377 1087 449 ipsos
1145 376 1240 434 tibi
1287 375 1657 433 holocaustum
1704 376 1866 432 facias
1892 381 1948 438 Α
2044 379 2126 433 Ad
2153 379 2542 450 Complendum.
2569 411 2639 421 ——
2667 380 2918 452 Puriﬁca,
2945 381 3192 453 Domine,
3223 400 3554 456 quaesumus,

269 475 685 545 sempiternum.
721 472 850 528 Per.

343 567 519 636 Super
549 563 818 635 populum.
849 592 920 603 —
949 562 1043 626 Da,
1076 575 1405 632 quaesumus,
1461 558 1689 614 Domine
1710 599 1726 625 ,
1769 574 1864 629 po-

265 659 398 729 pulo
423 667 515 712 tuo
547 668 604 714 et
634 667 868 714 mentem
914 672 1017 726 qua
1047 656 1142 711 tibi
1185 657 1410 711 devotus
1435 656 1647 720 existat,
1689 662 1742 708 et
1781 655 1864 708 in-

267 752 546 807 tellectum
571 765 678 818 quo
700 750 845 820 justa
865 749 1141 819 deposcat,
1167 758 1220 803 et
1238 748 1665 818 propitiationem
1693 755 1858 811 tuam,

263 858 370 914 qua
399 844 487 914 pie
510 841 940 898 desiderantibus
972 840 1254 910 profutura
1285 839 1555 909 periicias.
1589 839 1712 893 Per.

535 951 858 992 HBBDOMADA
890 951 979 989 XIX
1027 950 1155 990 POST
1188 948 1588 988 PENTECOSTEN.

336 1027 697 1096 Omnipotens
720 1028 1045 1096 sempiterne
1071 1026 1232 1089 Deus,
1267 1023 1686 1080 misericordiam
1714 1033 1858 1077 tuam

261 1119 492 1175 ostende
514 1117 866 1188 supplicibus,
898 1126 957 1172 ut
983 1118 1071 1186 qui
1102 1117 1170 1172 de
1203 1117 1354 1190 (654)
1386 1117 1700 1172 meritorum
1729 1131 1860 1186 qua-

263 1212 418 1267 litate
448 1212 769 1278 difﬁdimus,
803 1210 1190 1279 nonjudicium
1222 1219 1395 1275 tuum,
1445 1209 1538 1264 sed
1582 1208 1860 1278 indulgen-

261 1306 393 1360 tiam
423 1306 740 1360 sentiamus.
763 1303 865 1359 Per
898 1302 1204 1358 Dominum.

333 1397 509 1467 Super
530 1395 808 1452 oblata.-—
827 1396 996 1464 Hujus
1028 1404 1099 1460 te,
1133 1395 1356 1449 Domine
1383 1435 1398 1460 ,
1440 1392 1675 1448 muneris
1704 1392 1856 1447 obla-

259 1490 412 1546 tione
442 1491 736 1559 placemus,
789 1497 842 1544 et
886 1495 1161 1558 perpetua:
1207 1488 1334 1542 vitae.
1364 1487 1650 1556 participes
1700 1485 1858 1555 hujus

260 1583 575 1651 operatione
604 1581 912 1636 reddamur.
943 1581 1065 1636 Per.

339 1675 607 1744 Prwfatio.
631 1703 704 1715 --
721 1673 862 1730 Vere
888 1673 1105 1742 dignum
1141 1683 1195 1728 et
1213 1673 1411 1741 justum
1442 1681 1545 1739 est,
1569 1685 1778 1741 tequum
1801 1677 1856 1726 et

1969 483 2178 526 mentes
2209 481 2422 528 nostras
2451 472 2709 544 benignus
2731 514 2747 540 ,
2797 486 2852 531 et
2878 491 3080 532 renova
3119 478 3430 534 cmlestibus
3460 497 3556 534 sa-

1968 564 2284 630 oramentis,
2336 575 2395 618 ut
2440 577 2832 636 consequenter
2880 577 2934 624 et
2975 584 3261 638 corporum
3319 587 3555 639 ρι’ωεθηε

1968 657 2168 724 pariter
2191 665 2245 712 et
2273 657 2510 713 futurum
2538 659 2813 728 capiamus
2839 661 3115 717 auxilium.
3147 663 3271 718 Per.

2039 748 2210 820 Super
2240 750 2507 820 papulum.
2542 781 2612 792 —
2637 753 2861 821 Respice
2883 756 3164 824 propitius,
3198 755 3452 818 Domine,
3484 754 3548 809 ad

1965 842 2196 898 debitam
2222 843 2314 899 tibi
2344 847 2523 915 populi
2546 847 2880 912 servitutem,
2915 856 2972 903 ut
2998 850 3136 904 inter
3168 849 3415 903 humana:
3444 851 3551 902 fra-

1963 932 2184 1002 gilitatis
2210 935 2413 989 incerta
2446 937 2603 991 nullis
2626 939 3039 994 adversitatibus
3076 941 3428 1008 opprimatur,
3460 936 3552 1006 qui

1967 1025 2034 1080 de
2069 1035 2152 1080 tua
2187 1028 2521 1096 protectione
2559 1031 2802 1084 conﬁdit.
2832 1030 2935 1086 Per
2973 1032 3256 1086 Dominum
3288 1040 3549 1086 nostrum.

2149 1120 2303 1188 182
2335 1135 2652 1175 sannosum
2679 1138 2767 1176 χχι
2799 1137 2928 1176 rosr
2970 1138 3364 1178 PENTECOSTEN.

2039 1209 2138 1276 Da,
2167 1224 2510 1278 quaesumus,
2537 1210 2780 1277 Domine,
2825 1214 3020 1281 populo
3051 1223 3140 1267 tuo
3175 1213 3434 1268 diabolica
3462 1213 3555 1267 vi-

1963 1308 2079 1356 tare
2105 1303 2369 1371 contagia,
2403 1311 2456 1356 et
2484 1312 2532 1355 tc
2572 1304 2742 1358 solum
2777 1304 3059 1359 Dominum
3092 1319 3226 1374 puro
3269 1304 3430 1360 corde
3457 1317 3546 1362 se-

1962 1394 2114 1448 ctari.
2149 1394 2268 1449 Per.

2035 1483 2206 1554 Super
2237 1484 2429 1538 oblata.
2459 1515 2531 1527 —
2571 1487 2903 1555 Maiestatem
2945 1496 3085 1542 tuam
3104 1529 3120 1555 ,
3148 1488 3393 1557 Domine,
3423 1502 3554 1558 sup-

1962 1575 2173 1644 pliciter
2202 1578 2577 1647 deprccamur,
2610 1589 2666 1633 ut
2697 1581 2811 1635 hate
2838 1591 3019 1636 saneta
3041 1621 3055 1644 ,
3085 1596 3203 1650 qua:
3237 1580 3386 1651 (655)
3411 1581 3553 1649 geri-

1961 1685 2114 1735 mus,
2165 1679 2219 1725 et
2264 1671 2551 1740 praeteritis
2603 1688 2704 1728 nos
2742 1673 2954 1729 delictis
3004 1682 3200 1730 exuant
3240 1685 3294 1729 et
3331 1674 3549 1730 futuris.

258 1767 517 1828 salutare,
549 1782 649 1821 nos
692 1764 784 1820 tibi
817 1780 1028 1833 semper
1081 1773 1137 1820 et
1181 1765 1378 1835 ubique
1423 1765 1622 1835 gratias
1648 1778 1810 1835 agere
1840 1804 1857 1828 ,
1888 1759 1935 1818 Β
1964 1761 2088 1818 Per.

259 1859 490 1913 Domine
516 1866 721 1922 sancte,
756 1858 915 1912 Pater
943 1857 1308 1926 omnipotens,
1338 1866 1539 1912 mterne
1569 1857 1734 1920 Deus,
1761 1870 1857 1924 per

256 1951 538 2006 Christum
595 1949 878 2004 Dominum
937 1957 1223 2003 nostrum:
1259 1947 1348 2018 qui
1415 1946 1542 2002 vicit
1583 1947 1854 2001 diabolum

265 2043 425 2112 13.1
456 2050 512 2096 et
534 2041 810 2107 mundum,
837 2040 1215 2107 hominemque
1238 2038 1486 2108 paradiso
1515 2037 1770 2104 restituit,
1801 2045 1856 2092 et

256 2133 385 2186 vitae
416 2131 608 2200 januas
630 2130 973 2186 credentibus
1005 2123 1278 2199 patefecit.
1313 2130 1416 2185 Per
1438 2144 1617 2198 quem.

336 2232 364 2259 ει
419 2223 725 2277 Benedictio.
757 2220 1205 2290 —Omnipotens
1255 2220 1396 2276 Deus
1443 2221 1681 2275 dextera:
1739 2234 1853 2275 sua:

255 2328 531 2388 perpetuo
573 2332 663 2372 ros
700 2316 996 2372 circumdet
1044 2315 1272 2383 auxilio,
1321 2325 1375 2370 et
1417 2314 1852 2370 benedictionum

257 2426 481 2466 suarum
518 2411 721 2481 repleat
749 2411 912 2466 dono.
954 2410 1148 2466 Amen.
1184 2409 1266 2464 Ab
1293 2410 1438 2463 omni
1469 2423 1562 2464 vos
1585 2408 1852 2478 pravitate

255 2507 548 2573 defendat,
597 2518 651 2563 et
697 2507 853 2562 donis
895 2506 1204 2563 coelestibus
1236 2505 1532 2561 exuberare
1567 2504 1849 2560 concedat.

259 2603 454 2657 Amen.
507 2601 626 2666 Quo
677 2613 908 2668 corpore
955 2600 1198 2655 mundati
1247 2613 1309 2654 ac
1357 2607 1564 2665 mente,
1610 2599 1770 2655 talem
1801 2597 1852 2653 ei

256 2691 559 2748 exhibeatis
583 2693 931 2757 servitutem,
965 2707 1062 2762 per
1087 2705 1244 2761 quam
1282 2705 1435 2746 suam
1469 2690 1726 2760 consequi
1753 2704 1849 2745 va-

253 2784 411 2841 leatis
437 2785 894 2855 propitiationem.
928 2787 1126 2840 Amen.
1152 2783 1304 2852 Quod
1327 2783 1464 2854 ipse.

329 2879 411 2930 Ad
441 2876 842 2946 Complendum.
869 2906 940 2918 —
969 2875 1213 2932 C(elestis
1250 2890 1452 2931 mensae
1471 2916 1487 2940 ,
1518 2889 1848 2946 quaesumus,

254 2970 507 3040 Domine,
532 2979 875 3027 sacrosancta
902 2971 1088 3026 libatio
1108 2970 1270 3026 corda
1295 2979 1472 3024 nostra
1499 2979 1686 3040 purget
1706 2982 1850 3024 sem‘

257 3078 356 3131 per
385 3073 442 3118 et
473 3072 678 3132 pascat.
714 3063 818 3118 Per
851 3064 1131 3118 Dominum
1165 3073 1425 3118 nostrum.
1525 3045 1528 3049 ’

2031 1854 2525 1926 Prtefatia.——Vere
2552 1858 2772 1928 dignum
2809 1869 2863 1914 et
2885 1859 3086 1929 justum
3119 1867 3222 1927 est,
3255 1874 3466 1929 aequum
3495 1865 3552 1916 et

1960 1947 2214 2014 salutare,
2265 1964 2362 2004 nos
2416 1949 2512 2004 tibi
2544 1965 2755 2018 semper
2784 1962 2838 2007 et
2885 1951 3082 2021 ubique
3124 1953 3325 2021 gratias
3356 1966 3539 2021 agere,

1958 2038 2185 2095 Domine
2213 2051 2416 2108 sancte,
2463 2042 2622 2098 Pater
2659 2045 3022 2113 omnipotens,
3053 2054 3254 2101 aeterne
3281 2045 3424 2100 Deus
3453 2061 3466 2097 :
3498 2051 3556 2100 et

1958 2134 2278 2202 suppliciter
2304 2145 2355 2190 te
2378 2151 2633 2204 exorare,
2667 2147 2723 2191 ut
2753 2137 2831 2192 sic
2874 2152 2974 2193 nos
2998 2137 3152 2192 bonis
3187 2137 3288 2191 tuis
3318 2138 3552 2192 instruas

1957 2227 2330 2296 sempiternis,
2382 2237 2440 2283 ut
2487 2229 2866 2298 temporalibus
2907 2243 3118 2299 quoque
3147 2227 3413 2282 consolari
3466 2226 3551 2280 di-

1957 2320 2167 2389 gneris;
2197 2321 2275 2375 sic
2305 2322 2658 2390 praesentibus
2707 2321 2970 2389 refovere,
3004 2331 3061 2376 ut
3108 2321 3176 2377 ad
3215 2320 3405 2392 gaudia
3449 2333 3549 2376 nos

1956 2427 2211 2467 mansura
2242 2413 2522 2481 perducas.
2550 2415 2652 2469 Per
2684 2414 2977 2469 Christum.
3528 2427 3543 2456 ο

2027 2504 2344 2562 Benedictio.
2376 2537 2446 2552 ——
2473 2508 2822 2577 Omnipotens
2851 2508 2990 2562 Deus
3036 2517 3060 2548 ο
3093 2507 3342 2564 universa
3383 2521 3412 2561 a
3438 2521 3539 2561 vo-

1955 2595 2039 2652 bis
2068 2598 2289 2653 adversa
2320 2599 2590 2666 excludat,
2621 2608 2676 2654 et
2702 2614 2815 2655 suae
2847 2613 3010 2669 super
3036 2614 3132 2656 vos
3157 2599 3549 2656 benedictionis

1956 2689 2096 2744 dona
2137 2691 2458 2760 pmpitiatus
2495 2689 2759 2746 infundat.
2796 2691 2990 2748 Amen.
3021 2690 3199 2747 Corda
3220 2701 3397 2748 vestra
3425 2690 3549 2746 efﬁ-

1957 2783 2064 2839 ciat
2092 2782 2264 2837 sacris
2294 2783 2496 2838 intenta
2528 2783 2811 2850 doctrinis,
2839 2798 2946 2851 quo
2973 2784 3180 2852 possint
3210 2783 3407 2852 repleri
3437 2782 3544 2836 be-

1956 2871 2169 2928 neﬁciis
2201 2874 2570 2942 sempiternis.
2598 2877 2789 2929 Amen.
2823 2875 3095 2941 Quatenus
3118 2884 3170 2928 et
3204 2871 3548 2940 exsequenda

1954 2963 2316 3035 intelligentes
2362 2973 2417 3019 et
2444 2965 2713 3020 intellecta
2762 2976 3138 3036 exsequentes,
3188 2973 3243 3020 et
3279 2964 3418 3019 inter
3445 2963 3551 3017 ad-

1953 3071 2106 3112 versa
2140 3057 2323 3112 mundi
2354 3057 2701 3113 inveniainini
2749 3057 2899 3131 (656)
2933 3060 3244 3124 indemnes,
3274 3067 3328 3110 et
3357 3057 3542 3111 beato-

330 3155 504 3223 Super
536 3155 805 3226 populum.
836 3186 906 3196 —
933 3155 1158 3222 Adesto,
1201 3156 1460 3221 Domine,
1510 3153 1720 3223 ponulis
1749 3152 1855 3208 tuis
1880 3140 1926 3202 C
1960 3166 2080 3206 rum
2123 3152 2409 3220 spirituum
2441 3151 2755 3207 efﬁciamini
2787 3152 3122 3208 cohaeredes.
3172 3151 3362 3206 Amen.
3397 3147 3550 3215 Quod

257 3249 312 3304 in
337 3260 428 3304 tua
454 3251 798 3320 protectione
832 3249 1141 3316 ﬁdentibus,
1167 3257 1222 3304 et
1248 3260 1349 3305 tuae
1378 3265 1437 3304 se
1462 3249 1696 3305 dextera:
1719 3263 1849 3318 sup-

255 3342 472 3410 pliciter
521 3343 836 3398 inclinantes
890 3350 1145 3412 perpetua
1192 3341 1507 3399 defensione
1563 3355 1847 3397 conserva.

254 3433 382 3490 Per.

549 3541 867 3581 BEBDOIADA
898 3541 967 3581 XX
997 3542 1125 3580 POST
1164 3539 1562 3580 PENTECOSTEN.

332 3615 444 3670 Fac
475 3631 593 3678 nos,
633 3617 874 3678 Domine,
903 3630 1232 3687 quaesumus,
1267 3615 1358 3669 tibi
1389 3620 1631 3681 prompta
1661 3612 1853 3668 volun-

258 3717 374 3764 tate
403 3709 699 3779 subjectos,
733 3719 786 3764 et
813 3709 879 3764 ad
909 3707 1316 3778 supplicandum
1352 3706 1444 3760 tibi
1474 3713 1683 3760 nostras
1710 3721 1852 3761 sem-

255 3818 355 3873 per
382 3806 556 3859 excita
585 3804 906 3860 voluntates.
935 3804 1059 3860 Per.

331 3899 504 3968 Super
522 3898 714 3953 oblata.
734 3930 808 3941 —-
825 3897 1016 3954 Munda
1045 3912 1162 3962 nos,
1187 3896 1429 3966 Domine,
1449 3895 1697 3952 sacriﬁcii
1721 3910 1853 3965 pra:-

257 3990 431 4044 sentis
460 3990 688 4055 effectu,
722 3998 773 4045 et
806 3991 1002 4060 perﬁce
1041 3991 1327 4046 miseratus
1374 3989 1426 4044 in
1454 3988 1610 4045 nobis
1654 3997 1712 4044 ut
1736 3987 1853 4058 ejus

261 4097 572 4138 mereamur
598 4095 720 4137 esse
749 4083 1057 4151 participes.
1084 4083 1208 4139 Per.

331 4172 614 4244 Prtefatio.
642 4204 711 4215 —
745 4174 882 4230 Vere
910 4175 1127 4245 dignum
1177 4185 1230 4230 et
1264 4175 1466 4244 juStum
1509 4182 1616 4241 est,
1642 4189 1852 4243 :equum

254 4274 312 4322 et
336 4265 592 4331 salutare,
625 4279 724 4320 nos
755 4266 847 4321 tibi
894 4280 1106 4335 semper
1137 4275 1190 4320 et
1220 4265 1414 4335 ubique
1444 4268 1640 4337 gratias
1670 4281 1848 4337 agere,

257 4357 489 4414 Domine
518 4368 723 4424 sancte,
767 4359 928 4414 Pater
954 4359 1313 4428 omnipotens,
1349 4367 1550 4413 aeterne
1589 4357 1731 4414 Deus
1759 4376 1772 4411 :
1801 4368 1856 4412 et

258 4462 408 4506 tuam
467 4452 798 4520 Majestatem
858 4453 1130 4508 humiliter
1183 4453 1514 4520 implorare,
1583 4460 1642 4505 ut
1693 4451 1852 4507 Jesus

1965 3245 2082 3314 ipse
2113 3253 2366 3312 praastare
2396 3244 2662 3316 dignetur.

2027 3341 2109 3393 Ad
2139 3339 2531 3407 Complendum.
2561 3369 2633 3380 -—
2661 3339 3017 3408 Sacriﬁcium,
3067 3337 3211 3409 quod
3253 3347 3389 3402 tuae,
3429 3336 3548 3392 Do-

1961 3432 2106 3489 mine
2162 3433 2335 3501 Deus,
2390 3433 2678 3488 obtulimus
2734 3433 2958 3503 pietati,
3013 3432 3165 3486 nobis
3215 3429 3283 3484 ad
3338 3429 3548 3483 veniam

1958 3533 2264 3581 nostrorum
2299 3525 2541 3593 proﬁciat
2572 3535 2933 3594 peccatorum,
2973 3533 3030 3580 et
3057 3533 3158 3578 tua:
3187 3520 3550 3583 miserationis

1959 3631 2174 3686 semper
2204 3617 2404 3672 tribuat
2430 3618 2703 3673 solatium.
2732 3618 2834 3673 Per
2863 3616 3148 3672 Dominum
3177 3622 3421 3670 nostrum
3450 3611 3542 3669 Je-

1958 3725 2077 3764 sum
2103 3710 2396 3765 Christum.

2031 3805 2204 3876 Super
2227 3806 2500 3875 papulum.
2531 3837 2601 3846 —
2624 3805 3061 3860 Benedictionem
3105 3810 3269 3868 tinam,
3301 3805 3545 3870 Domine,

1958 3903 2186 3973 populus
2238 3901 2410 3956 ﬁdelis
2444 3900 2705 3968 accipiat;
2739 3914 2877 3968 qua,
2931 3913 3157 3967 corpore
3197 3897 3433 3952 salvatus
3479 3909 3544 3948 ac

1957 4003 2160 4060 mente,
2191 4001 2244 4048 et
2270 4003 2473 4062 gratam
2504 3993 2600 4048 tibi
2651 4006 2862 4060 semper
2911 3989 3166 4046 exhibeat
3211 3989 3545 4052 servitutem,

1958 4099 2016 4144 et
2045 4089 2445 4159 pr0pitiationis
2472 4096 2578 4144 tuae
2604 4086 2861 4143 beneﬁcia
2895 4099 3108 4155 semper
3145 4083 3400 4140 inveniat.
3447 4081 3552 4137 Per

1961 4183 2247 4236 Dominum
2279 4191 2545 4236 nostrum.

2235 4291 2551 4330 HERDOMADA
2584 4289 2695 4328 XXII
2724 4287 2852 4328 POST
2876 4285 3275 4328 PENTECOSTEN.

2039 4368 2244 4438 Dirigat
2270 4369 2431 4423 corda
2455 4377 2659 4433 nostra,
2692 4369 2938 4432 Domine,
2962 4381 3287 4436 quaasumus,
3314 4372 3415 4418 tua:
3442 4363 3545 4417 mi-

1961 4464 2245 4517 serationis
2293 4463 2558 4532 operatio,
2619 4461 2741 4531 quia
2795 4461 2888 4515 tibi
2926 4460 3042 4515 sine
3081 4468 3132 4513 te
3175 4457 3392 4527 placere
3441 4469 3549 4511 non

258 4544 510 4600 Christus
549 4545 720 4600 Filius
745 4555 866 4600 tuus
896 4545 1156 4601 Dominus
1204 4555 1388 4601 noster
1418 4561 1513 4601 sua
1545 4561 1644 4600 nos
1684 4547 1852 4614 gratia
1884 4521 1937 4581 ί)
1962 4569 2267 4623 possumus.
2304 4521 2407 4609 Ιίει·
2436 4521 2742 4610 Domini-im,

261 4646 509 4707 protegat
555 4646 609 4693 et
637 4648 956 4705 conservet;
987 4647 1062 4706 et,
1098 4639 1221 4708 quia
1253 4640 1371 4694 sine
1399 4638 1514 4704 ipso
1546 4637 1676 4691 nihil
1709 4647 1853 4692 recte

261 4731 509 4785 valemus
558 4730 796 4797 efﬁcere,
840 4731 1009 4800 ipsius
1059 4745 1282 4785 munere
1329 4730 1603 4798 capiamus
1651 4738 1708 4784 ut
1754 4731 1851 4784 tibi

260 4834 480 4890 semper
509 4822 721 4890 placere
751 4821 1038 4890 possimus.
1074 4821 1180 4876 Per
1201 4835 1358 4891 quem
1387 4821 1741 4888 Majestatetn.

332 4911 360 4949 ι»
391 4909 712 4966 Benedictio.
735 4943 807 4952 —
828 4912 1082 4968 Puriﬁcet
1112 4913 1454 4982 omnipotens
1475 4915 1618 4969 Deus
1643 4924 1850 4969 vestro—

263 5021 381 5060 rum
407 5006 651 5061 cordium
678 5021 898 5072 arcana,
923 5016 976 5062 et
1013 5006 1400 5063 benedictionis
1430 5023 1542 5061 sua:
1573 5006 1721 5062 vobis
1747 5008 1855 5061 tri-

265 5099 394 5154 buat
419 5099 770 5155 incrementa.
805 5099 1000 5154 Amen.
1028 5097 1110 5152 Ab
1137 5100 1389 5154 omnibus
1417 5099 1541 5154 vitae
1574 5099 1854 5167 praesentis

265 5195 516 5263 periculis
561 5193 870 5260 exuamini,
913 5200 968 5247 et
1020 5192 1274 5247 virtutum
1331 5191 1648 5261 spiritalium
1696 5206 1856 5245 orna-

268 5285 465 5341 mentis
508 5286 826 5341 induamini.
869 5288 1063 5341 Amen.
1116 5285 1236 5352 Quo
1275 5285 1417 5339 illius
1443 5284 1709 5353 adjutorio
1733 5283 1854 5338 fulti

269 5380 347 5433 sic
377 5380 431 5434 ei
479 5379 730 5435 servietis
773 5380 826 5434 in
851 5381 1045 5449 terris,
1071 5388 1130 5435 ut
1175 5381 1225 5435 ei
1254 5377 1504 5448 conjungi
1545 5377 1764 5433 valeatis
1790 5378 1852 5447 in

266 5473 442 5528 cmlis.
468 5476 663 5529 Amen.
694 5473 847 5540 Quod
875 5473 1008 5544 ipse.

341 5621 366 5648 ⁸
400 5611 489 5666 Est
523 5612 574 5664 in
609 5610 881 5665 Benediet.
913 5611 1029 5665 loco
1053 5609 1164 5679 jam
1199 5609 1494 5676 designato.

269 5679 541 5808 wit-Huni.
561 5683 870 5738 Benedictio
909 5677 1232 5752 praecedenti
1276 5680 1560 5750 subjicitur
1599 5677 1652 5733 in
1685 5678 1856 5735 Bene-

309 5762 501 5808 tcttona
531 5771 565 5808 ι.

2033 4646 2204 4716 Super
2228 4647 2418 4700 oblata.
2443 4673 2515 4687 ---
2547 4647 2708 4710 Deus,
2729 4644 2816 4713 qui
2849 4658 2946 4698 nos
2979 4657 3071 4711 per
3102 4641 3258 4711 hujus
3291 4638 3441 4713 (657)
3466 4653 3552 4692 sa-

1960 4738 2148 4792 criﬁcii
2180 4739 2484 4794 veneranda
2530 4736 2853 4792 commercia
2903 4738 3058 4790 unius
3104 4748 3436 4801 summaeque
3465 4731 3548 4784 di-

1965 4827 2206 4882 vinitatis
2238 4829 2527 4897 participes
2559 4828 2750 4892 efficis,
2785 4836 3005 4896 priesta,
3041 4839 3380 4894 quaesumus,
3417 4831 3472 4876 ut
3501 4832 3554 4875 et

1963 4928 2104 4973 tuam
2130 4934 2519 4988 cognoscamus
2541 4919 2844 4982 veritatem,
2869 4924 2924 4972 et
2945 4931 3061 4971 eam
3083 4915 3258 4984 dignis
3284 4913 3553 4968 mentibus

1965 5024 2030 5064 ac
2056 5010 2296 5065 moribus
2325 5026 2697 5079 assequamur.
2725 5011 2826 5065 Per
2859 5008 3142 5063 Dominum
3177 5015 3444 5062 nostrum.

2040 5100 2311 5172 Prwfatio.
2341 5132 2412 5142 —
2441 5101 2578 5157 Vere
2604 5102 2824 5170 dignum
2865 5109 2919 5154 et
2958 5100 3154 5169 justum
3197 5109 3306 5163 est,
3342 5108 3553 5162 aequum

1970 5204 2025 5249 et
2055 5194 2315 5258 salutare,
2347 5209 2445 5249 nos
2477 5194 2568 5248 tibi
2600 5207 2812 5261 semper
2840 5202 2894 5248 et
2923 5191 3118 5262 ubique
3145 5190 3343 5261 gratias
3369 5200 3548 5255 agere,

1966 5285 2191 5340 Domine
2236 5295 2440 5353 sancte,
2489 5285 2646 5340 Pater
2693 5285 3067 5353 omnipotens,
3107 5292 3309 5337 aeterne
3359 5278 3547 5331 Deus:

1965 5378 2055 5446 qui
2091 5385 2372 5447 propterea
2401 5378 2520 5445 jure
2551 5376 2708 5446 punis
2736 5384 3000 5439 errantes,
3031 5383 3086 5430 et
3127 5374 3419 5427 clementer
3449 5381 3545 5420 re-

1964 5470 2119 5526 foves
2156 5472 2311 5542 183
2341 5474 2654 5542 castigatos,
2685 5479 2743 5526 ut
2770 5485 2868 5525 nos
2890 5484 2918 5523 a
2944 5468 3096 5523 malis
3145 5461 3396 5532 operibus
3425 5457 3552 5512 abs-

2046 5619 2066 5645 ε
2100 5609 2153 5662 ln
2196 5609 2291 5662 Ed.
2327 5610 2478 5664 deest
2525 5612 2782 5677 universa,
2817 5606 2958 5679 quod
2990 5600 3291 5659 addidimus
3330 5616 3395 5658 ex
3447 5601 3553 5659 Ms.

1969 5687 2024 5734 et
2051 5695 2114 5735 ex
2150 5682 2591 5738 Benedictionali.
