4042 6350
502 306 604 362 187

1706 301 1949 361 SANCTI
1986 299 2309 359 GREGORII
2349 298 2565 358 MAGNI

498 421 702 486 trahas,
748 427 801 475 et
828 418 892 476 ad
923 418 1063 475 bona
1113 418 1351 475 facienda
1381 425 1683 485 convertas,
1716 420 1835 487 quia
1866 433 1970 473 non
1992 420 2071 472 vis
2104 418 2153 479 Α
2180 416 2242 471 lis
2273 419 2535 484 operatio,
2586 424 2641 473 et
2664 430 2694 472 a
2732 417 2930 473 nostris
2968 416 3403 488 perversitatibus
3456 416 3760 473 clementer

499 510 741 568 invenire
780 512 921 583 quod
956 512 1196 576 damnes,
1218 513 1309 566 sed
1330 525 1448 567 esse
1475 511 1646 580 potius
1667 511 1808 579 quod
1828 524 2071 564 corones.

499 604 601 671 Qui
630 618 747 657 cum
772 618 867 673 pro
890 603 1087 658 nostris
1115 602 1320 657 meritis
1346 602 1538 672 iugiter
1564 617 1867 656 mereamur
1892 601 2072 673 afﬂigi,

501 704 557 750 tu
581 706 757 752 tamen
795 696 1052 765 judicium
1084 695 1149 750 ad
1192 695 1580 750 correctionem
1635 704 1899 763 temperas
1923 736 1939 762 ,
1971 708 2074 747 non

502 798 811 856 perpetuam
844 802 1065 843 exerces
1106 786 1171 841 ad
1204 801 1434 856 pcenam.
1470 786 1617 840 Juste
1659 785 1799 839 enim
1830 785 2074 852 corrigis,

500 887 554 933 et
583 880 876 933 clementer
916 879 1167 948 ignoscis,
1199 878 1248 931 in
1292 886 1518 946 utroque
1547 890 1737 939 verax,
1771 876 1823 929 in
1854 886 2079 945 utroque

499 969 830 1025 misericors.
862 970 959 1037 Qui
992 985 1087 1025 nos
1116 986 1178 1024 ea
1209 969 1323 1037 lege
1369 969 1610 1036 disponis
1633 1009 1645 1032 ,
1695 977 1753 1021 ut
1782 966 2079 1021 coercendo

500 1060 556 1115 in
585 1068 839 1114 mternum
875 1059 1047 1127 perire
1093 1074 1198 1113 non
1246 1059 1409 1124 sinas,
1457 1066 1510 1111 et
1538 1058 1809 1125 parcendo
1847 1055 2076 1126 spatium

505 1151 715 1205 tribuas
759 1151 1079 1222 corrigendi.
1124 1149 1223 1217 Qui
1255 1150 1374 1205 ideo
1406 1148 1560 1203 malis
1601 1148 1949 1216 praesentibus
1982 1160 2081 1201 nos

507 1239 779 1310 ﬂagellas,
826 1252 886 1295 ut
930 1241 994 1294 ad
1027 1240 1164 1294 bona
1204 1240 1377 1293 futura
1427 1239 1720 1307 perducas;
1763 1237 1881 1291 ideo
1925 1237 2080 1290 bonis

502 1332 887 1402 temporalibus
939 1330 1269 1396 consolaris,
1315 1339 1369 1385 ut
1417 1330 1483 1385 de
1532 1328 1871 1397 sempiternis
1918 1327 2079 1383 facias

504 1422 782 1478 certiores.
814 1424 928 1489 Quo
958 1430 1008 1476 te
1037 1431 1090 1477 et
1120 1424 1172 1477 in
1225 1421 1492 1491 prosperis
1535 1432 1589 1475 et
1628 1420 1681 1474 in
1725 1419 1965 1473 adversis
1995 1418 2080 1486 pia

508 1528 718 1583 semper
748 1512 1085 1568 confessione
1128 1513 1426 1568 laudemus.
1458 1511 1561 1566 Per
1594 1510 1867 1565 Christum
1900 1508 2081 1564 Domi-

502 1620 632 1661 num
658 1616 919 1660 nostrum.

574 1704 600 1733 ι
629 1694 947 1751 Benedictio.
977 1726 1047 1737 —
1073 1695 1422 1765 Omnipotens
1450 1694 1591 1748 Deus
1643 1692 1758 1747 dies
1786 1700 1996 1747 vestros
2026 1690 2079 1744 in

2180 510 2459 577 expediat,
2488 520 2543 565 et
2581 509 2683 564 tuis
2722 510 2883 564 faciat
2912 523 3125 579 semper
3164 509 3427 564 inhaerere
3472 508 3754 565 mandatis.

2182 598 2301 653 Per.

2251 687 2422 757 Super
2467 691 2735 757 populum.
2763 722 2833 732 —
2869 691 3142 745 Familiam
3198 702 3339 746 tuam
3367 732 3382 758 ,
3434 706 3757 759 quasumus,

2182 778 2426 845 Domine,
2459 780 2676 835 dextera
2709 791 2794 835 tua
2832 792 3091 851 perpetuo
3114 784 3405 839 circumdet
3432 784 3654 848 auxilio,
3682 792 3761 847 ut,

2181 875 2248 926 ab
2278 874 2423 927 omni
2478 876 2735 943 pravitate
2765 876 2981 931 defensa
3004 916 3017 940 ,
3051 877 3204 932 donis
3233 878 3541 932 caelestibus
3569 890 3760 945 prosc—

2182 972 2389 1033 quatur.
2426 964 2525 1019 Per
2552 966 2833 1021 Dominum
2868 976 3128 1021 nostrum.

2427 1070 2743 1113 HEthIADA
2786 1073 2912 1112 ιιιν
2942 1074 3069 1113 1³08⁸1·
3114 1072 3510 1114 PENTECOSTEN.

2253 1146 2491 1217 Largire,
2526 1165 2851 1216 quaesumus,
2886 1152 3142 1218 Domine,
3176 1152 3422 1206 ﬁdelibus
3449 1153 3552 1205 tuis
3584 1152 3763 1205 indul-

2188 1237 2420 1306 gentiam
2470 1237 2706 1306 placatus
2752 1249 2806 1296 et
2834 1255 3051 1311 pacem,
3087 1252 3141 1295 ut
3184 1244 3384 1311 pariter
3423 1246 3490 1296 ab
3519 1242 3768 1297 omnibus

2184 1326 2510 1382 mundentur
2537 1329 2773 1397 offensis,
2805 1342 2858 1387 et
2886 1346 3074 1387 secura
3107 1332 3203 1387 tibi
3232 1342 3409 1388 mente
3438 1332 3767 1389 deserviant.

2180 1415 2300 1473 Per.

2257 1509 2427 1579 Super
2471 1512 2662 1567 oblata.
2694 1540 2763 1553 --
2789 1513 3078 1571 leestem
3129 1515 3283 1571 nobis
3336 1518 3605 1585 praebeant
3652 1519 3771 1572 hac

2183 1604 2460 1673 mysteria,
2506 1621 2837 1676 quaesumus,
2872 1609 3117 1675 Domine,
3162 1610 3483 1665 medicinam
3506 1651 3521 1675 ,
3548 1617 3605 1664 et
3631 1612 3762 1665 vitia

2182 1693 2353 1748 nostri
2405 1698 2583 1752 cordis
2631 1710 2945 1771 expurgant.
3010 1702 3112 1757 Per
3168 1701 3450 1757 Dominum
3499 1712 3768 1758 nostrum.

502 1805 597 1846 sua
627 1806 757 1859 pace
788 1791 1062 1860 disponat,
1091 1798 1145 1845 et
1190 1804 1300 1845 sua:
1348 1788 1497 1844 vobis
1532 1784 1916 1842 benedictionis
1945 1783 2083 1837 dona
2114 1786 2163 1849 Β
2261 1785 2530 1858 ΡνιεῙαιὶο.
2562 1818 2632 1831 —
2665 1791 2802 1847 Vere
2837 1793 3055 1863 dignum
3099 1802 3155 1849 et
3192 1794 3395 1863 justum
3425 1805 3528 1859 est,
3555 1810 3772 1866 aequum

504 1882 785 1939 concedat.
839 1884 1030 1937 Amen.
1072 1881 1153 1936 Ab
1180 1881 1425 1936 omnibus
1458 1894 1553 1935 vos
1594 1874 2080 1949 perturbationibus

505 1974 734 2040 liberet,
766 1980 824 2029 et
872 1984 1078 2029 mentes
1124 1981 1329 2028 vestras
1372 1986 1481 2027 sua:
1512 1970 1658 2041 pacis
1700 1967 2083 2037 tranquillitate

502 2062 822 2119 consolidet.
851 2063 1043 2118 Amen.
1076 2062 1349 2131 Quatenus
1396 2060 1530 2130 spei,
1562 2058 1684 2114 ﬁdei
1723 2068 1775 2113 et
1805 2056 2083 2112 charitatis

508 2154 734 2226 gemmis
791 2154 1001 2221 ornati,
1060 2164 1113 2209 et
1182 2162 1499 2220 praesentem
1568 2151 1728 2206 vitam
1783 2149 2084 2219 transigatis

505 2248 698 2315 illaesi,
756 2257 809 2303 et
858 2248 924 2303 ad
965 2256 1220 2303 sternam
1269 2245 1597 2316 pervenistis
1643 2246 1840 2300 securi.
1890 2243 2081 2297 Amen.

500 2341 650 2409 Quod
676 2344 789 2411 ipse
818 2354 1072 2412 praestare
1095 2342 1358 2412 dignetur.

575 2436 655 2489 Ad
686 2434 1073 2501 Complcndum.
1105 2464 1174 2475 —-
1202 2433 1416 2489 Gratias
1470 2432 1561 2488 tibi
1613 2432 1918 2496 referimus,
1972 2430 2086 2483 Do-

505 2526 672 2593 mine,
703 2541 857 2582 sacro
900 2543 1121 2583 munere
1168 2528 1423 2598 vegetati,
1472 2536 1613 2581 tuam
1662 2522 2081 2580 misericordiam

508 2620 881 2687 deprecantes,
901 2627 971 2691 ⁸ιιι
1002 2620 1188 2690 dignos
1220 2634 1314 2675 nos
1356 2618 1472 2690 ejus
1503 2616 1910 2687 participatione
1954 2630 2086 2685 per-

504 2710 674 2766 ﬁcias.
708 2710 811 2767 Per
842 2711 1148 2766 Dominum.

578 2824 750 2891 Super
780 2824 1041 2893 populum.
1069 2852 1138 2864 —
1167 2821 1403 2878 Familia:
1452 2831 1578 2891 tute,
1607 2838 1933 2892 quaesumus,
1969 2821 2076 2875 Do-

508 2917 675 2982 mine,
708 2926 823 2973 esto
873 2924 1169 2985 protector,
1204 2924 1259 2972 et
1305 2916 1721 2971 misericordiam
1777 2924 1918 2969 tuam
1951 2929 2084 2969 con-

508 3006 641 3086 cede
672 3007 934 3075 poscenti,
986 3022 1090 3077 qua
1123 3005 1215 3062 tibi
1259 3020 1471 3076 semper
1499 3006 1590 3061 tiat
1617 3006 1893 3073 obediens,
1924 3013 1974 3060 et
2000 3012 2083 3059 tua

509 3100 649 3154 dona
680 3100 957 3168 percipiat.
993 3100 1112 3154 Per.

754 3206 1077 3245 HEBDOIIADA
1121 3207 1249 3246 XXIII
1279 3206 1407 3245 POS'I'
1443 3205 1836 3246 PENTECOSTEN.

579 3281 932 3352 Omnipotens
976 3291 1029 3337 et
1080 3284 1385 3339 misericors
1433 3283 1606 3349 Deus,
1657 3285 1904 3339 universa
1936 3284 2090 3339 nobis

510 3369 847 3427 adversantia
894 3373 1209 3444 propitiatus
1257 3373 1505 3440 exclude,
1550 3382 1628 3443 ut,
1662 3387 1839 3430 mente
1887 3388 1937 3431 et
1967 3391 2089 3430 cor-

510 3475 643 3533 pore
676 3463 875 3535 pariter
902 3465 1159 3535 expediti,
1188 3480 1305 3536 quae
1354 3476 1440 3521 tua
1469 3476 1590 3520 sunt
1618 3466 1801 3522 liberis
1828 3468 2091 3523 mentibus

512 3569 895 3627 exsequamur.
928 3557 1030 3612 Per
1061 3559 1641 3614 Dominumrnostrum.

586 3648 756 3721 Super
784 3650 973 3705 oblata.
1000 3682 1069 3691 —
1094 3652 1188 3717 Da,
1213 3666 1541 3721 quaesumus,
1565 3654 1903 3722 omnipotens
1930 3653 2089 3724 Dens,

514 3740 591 3795 sic
622 3756 721 3797 nos
750 3743 919 3798 sacris
966 3744 1276 3799 muneribus
1325 3756 1466 3799 tuam
1518 3747 1726 3801 veniam
1776 3747 2088 3815 promereri,

512 3839 571 3886 ut
605 3841 816 3889 nostros
847 3835 1177 3905 corrigamus
1218 3851 1502 3902 excessus;
1556 3838 1633 3892 sic
1672 3838 1958 3894 fatentibus
2006 3856 2092 3895 re-

512 3922 695 3981 laxare
736 3926 1013 3995 delictum,
1056 3937 1113 3983 ut
1152 3944 1495 3985 coerceamus
1524 3931 1576 3985 in
1604 3930 1713 3984 suis
1744 3932 2091 3999 pravitatibus

512 4017 829 4075 obstinatos.
864 4020 967 4077 Per
995 4021 1306 4078 Dominum.

583 4107 855 4178 Praefatio.
881 4141 956 4154 -—~
984 4112 1121 4168 Vere
1167 4114 1384 4183 dignum
1412 4122 1468 4169 et
1514 4112 1717 4183 justum
1748 4121 1850 4181 est,
1881 4129 2087 4183 aequum

516 4205 573 4253 et
596 4198 850 4264 salutare,
886 4215 982 4255 nos
1005 4202 1099 4255 tibi
1129 4219 1340 4272 semper
1380 4214 1433 4259 et
1458 4204 1655 4271 ubique
1683 4205 1881 4273 gratias
1910 4218 2087 4273 agere,

519 4288 743 4345 Domine
770 4298 973 4358 sancte,
1003 4292 1158 4346 Pater
1184 4295 1543 4364 omnipotens,
1579 4304 1780 4350 :eterne
1821 4297 1960 4351 Deus
1993 4313 2005 4347 ε
2038 4304 2091 4350 et

513 4380 856 4436 clementiam
888 4391 1030 4436 tuam
1057 4384 1367 4453 suppliciter
1394 4400 1619 4439 exorare
1637 4425 1654 4451 ,
1678 4396 1737 4440 ut
1780 4387 1944 4441 Filius
1971 4396 2090 4441 tuus

508 4471 670 4528 Iesus
690 4471 934 4529 Christus
956 4474 1209 4530 Dominus
1233 4488 1435 4541 noster,
1462 4477 1550 4546 qui
1581 4492 1639 4531 se
1660 4492 1827 4544 usque
1850 4481 1903 4532 in
1926 4479 2083 4533 finem

2186 1888 2241 1935 et
2265 1880 2519 1949 salutare,
2549 1898 2647 1938 nos
2674 1884 2768 1940 tibi
2807 1899 3027 1955 semper
3054 1895 3111 1942 et
3138 1887 3337 1958 ubique
3362 1890 3560 1958 gratias
3585 1903 3771 1959 agere,

2190 1970 2416 2029 Domine
2446 1983 2647 2040 sancte,
2691 1970 2850 2031 Pater
2897 1978 3275 2046 omnipotens,
3329 1988 3531 2034 aeterne
3578 1980 3771 2034 Deus:

2188 2063 2518 2133 Majestatem
2570 2074 2711 2121 tuam
2766 2069 3078 2139 suppliciter
3123 2069 3493 2136 deprecantes,
3544 2079 3623 2134 ut,
3673 2085 3775 2125 ex-

2187 2161 2354 2231 pulsis
2381 2162 2583 2233 azymis
2611 2163 2919 2231 vetustatis,
2954 2162 3096 2218 illius
3128 2162 3261 2233 Agni
3291 2163 3412 2217 cibo
3441 2162 3696 2217 satiemur
3719 2168 3776 2217 et

2188 2255 2380 2323 poculo
2418 2253 2507 2323 qui
2548 2263 2603 2307 et
2632 2262 2865 2309 nostram
2906 2254 3189 2325 imaginem
3218 2254 3506 2324 reparavit,
3540 2261 3595 2308 et
3618 2267 3773 2307 suam

2189 2344 2344 2399 nobis
2396 2346 2623 2415 gratiam
2683 2348 3032 2417 repromisit,
3096 2344 3252 2402 Iesus
3307 2345 3550 2407 Christus
3605 2345 3775 2402 Filius

2189 2445 2332 2490 tuus.

2258 2525 2573 2581 Benedictio.
2606 2555 2677 2568 -
2704 2528 3056 2597 Omnipotens
3088 2526 3347 2581 Dominus
3374 2526 3648 2595 adaperiat
3674 2538 3774 2581 cor

2189 2627 2429 2674 vestrum
2461 2621 2513 2673 in
2543 2619 2663 2691 lege
2692 2635 2807 2685 sua,
2844 2630 2899 2673 et
2938 2620 3181 2675 bumiliet
3201 2620 3414 2674 animas
3454 2628 3659 2674 vestras
3699 2619 3771 2674 ad

2187 2713 2444 2783 capienda
2490 2713 2740 2768 mandata
2768 2713 3033 2769 coelestia.
3087 2716 3277 2767 Amen.
3324 2712 3590 2782 Quidquid
3621 2712 3775 2768 vobis

2192 2820 2290 2875 pro
2342 2806 2514 2862 salute
2544 2806 2838 2860 animarum
2870 2815 3166 2861 vestrarum
3208 2820 3271 2860 os
3300 2804 3639 2859 mortalitatis
3674 2819 3776 2859 no-

2189 2905 2318 2952 strae
2341 2907 2580 2963 enarrat,
2611 2908 2889 2965 acceptum
2927 2896 3079 2951 vobis
3108 2898 3280 2966 pietas
3326 2896 3503 2951 divina
3551 2896 3773 2951 efficiat.

2193 2995 2385 3046 Amen.
2436 2991 2525 3057 Ut,
2572 2991 2765 3046 divinis
2792 2992 3129 3047 sermonibus
3175 2990 3393 3045 animati
3422 3005 3542 3045 cum
3571 2991 3653 3044 eis
3677 2988 3773 3058 qui

2195 3096 2290 3149 pro
2322 3082 2472 3136 vobis
2514 3083 2812 3151 invigilant,
2846 3084 2910 3135 ad
2942 3092 3195 3137 aeternam
3227 3079 3607 3137 beatitudinem
3648 3095 3777 3135 me-

2114 3166 2164 3232 C
2195 3174 2418 3226 reamini
2452 3173 2733 3242 pervenire
2762 3174 2935 3229 illaesi.
2966 3178 3160 3230 Amen.
3194 3174 3349 3241 Quod
3376 3174 3489 3243 ipse
3520 3182 3779 3242 praestare

2193 3264 2460 3332 dignetur.

2266 3357 2342 3409 Ad
2369 3356 2765 3425 Complcnduat.
2797 3386 2867 3399 —-
2888 3356 3217 3413 Sacriﬁcium
3244 3357 3434 3412 salutis
3455 3366 3653 3413 nostrae
3681 3357 3778 3412 tibi

2194 3448 2507 3516 offerentes,
2539 3465 2867 3519 quaesumus,
2904 3450 3126 3505 Domine
3157 3450 3298 3506 Deus
3325 3461 3529 3517 noster,
3562 3460 3615 3505 ut
3646 3465 3777 3506 con-

2193 3542 2352 3596 cedas
2392 3542 2546 3595 nobis
2578 3542 2875 3611 puriﬁcatis
2904 3542 3172 3597 mentibus
3202 3556 3415 3610 semper
3436 3551 3537 3596 tuae
3565 3541 3778 3609 pietatis

2195 3634 2467 3688 celebrare
2501 3633 2841 3704 mysterium.
2872 3635 2975 3689 Per
3006 3634 3287 3688 Dominum
3328 3644 3588 3689 nostrum.

2267 3726 2434 3798 Super
2462 3727 2728 3797 populum.
2760 3756 2834 3768 —
2864 3728 2935 3781 Da
2974 3728 3221 3793 salutem,
3274 3727 3519 3792 Domine,
3567 3740 3779 3795 quasu—

2195 3832 2333 3883 mus,
2385 3818 2579 3887 popqu
2634 3828 2723 3872 tuo
2775 3819 2968 3873 mentis
3006 3828 3061 3873 et
3102 3820 3376 3889 corporis,
3421 3830 3476 3874 et
3505 3818 3776 3886 perpetuis

2194 3910 2649 3965 consolationibus
2670 3920 2883 3967 tuorum
2913 3913 3059 3982 reple
3086 3914 3247 3969 corda
3281 3913 3541 3977 ﬁdelium,
3572 3923 3651 3977 ut,
3681 3921 3772 3967 tua

2194 4002 2528 4070 protectione
2554 4002 2798 4070 relevati,
2832 4014 2886 4059 et
2938 4006 3023 4073 pia
3073 4006 3164 4059 tibi
3205 4006 3493 4061 devotione
3537 4003 3778 4072 compla-

2194 4101 2370 4155 ceant,
2402 4102 2455 4147 et
2485 4101 2573 4146 tua
2628 4108 2844 4163 semper
2896 4095 3155 4151 beneficia
3205 4104 3615 4166 consequantur.
3671 4092 3779 4149 Per

2193 4182 2477 4238 Dominum
2510 4194 2774 4239 nostrum.

2344 4278 2499 4350 185
2526 4276 2551 4313 λ’
2586 4294 2903 4334 assuetum
2935 4296 3043 4334 xxv
3071 4296 3199 4335 rosr
3238 4296 3631 4337 remrcosreu.

2266 4368 2431 4435 Deus,
2461 4368 2549 4438 qui
2574 4385 2670 4427 nos
2700 4371 2940 4441 regendo
2970 4387 3285 4437 conservas,
3329 4374 3596 4441 parcendo
3612 4372 3775 4442 justi-

2195 4462 2345 4527 ficas,
2370 4473 2424 4517 et
2450 4480 2479 4518 a
2504 4465 2786 4533 temporali
2821 4465 3162 4520 tribulatione
3184 4480 3281 4521 nos
3307 4467 3473 4535 eripe,
3506 4475 3558 4521 et
3587 4465 3775 4537 gaudia

514 4565 699 4619 saeculi
731 4567 847 4621 suis
894 4568 1138 4636 promisit
1180 4568 1422 4623 fidelibus
1472 4541 1808 4635 adfuturum,
1857 4572 2007 4642 (oss)
2036 4582 2083 4627 et

2193 4556 2345 4610 nobis
2369 4567 2566 4611 aeterna
2604 4557 2818 4627 largire.
2845 4558 2945 4614 Per
2987 4559 3265 4613 Dominum
3297 4570 3557 4614 nostrum.

513 4657 816 4723 praesentiat
843 4659 1136 4725 corporalis
1167 4662 1435 4729 mysteriis
1466 4676 1570 4716 non
1602 4663 1814 4717 deserat
1841 4678 1975 4732 quos
2000 4680 2088 4721 re—

514 4741 708 4810 demit,
739 4754 792 4800 et
835 4746 1125 4817 Maiestatis
1169 4764 1278 4804 suae
1325 4749 1598 4807 beneficiis
1643 4766 1747 4807 non
1803 4753 2084 4825 re‘inquat.

515 4834 617 4892 Per
644 4854 800 4907 quem
831 4840 1178 4909 Maiestatem.

582 4925 898 4986 Benedictio.
942 4960 1013 4974 -—
1063 4936 1451 4991 Benedictionis
1505 4938 1714 4991 Domini
1768 4939 1940 5007 gratia
1993 4950 2089 4991 vos

514 5036 729 5091 semper
763 5036 1026 5094 protegat,
1060 5030 1204 5083 etab
1234 5030 1379 5083 omni
1427 5031 1569 5084 malo
1594 5030 1861 5085 defendat.
1895 5033 2086 5085 Amen.

515 5113 730 5171 Mundet
758 5132 850 5173 vos
884 5118 1042 5192 184
1070 5120 1137 5175 ab
1186 5122 1330 5177 omni
1377 5123 1600 5178 crimine
1642 5134 2000 5192 peccatorum,
2030 5132 2086 5179 et

514 5206 729 5262 sibimet
780 5210 984 5279 placere
1022 5210 1183 5268 faciat
1212 5215 1262 5268 in
1307 5224 1585 5271 aeternum.
1635 5216 1825 5272 Amen.
1878 5216 2086 5286 Ubique

515 5299 665 5353 vobis
696 5300 951 5358 Dominus
978 5304 1211 5373 placatus
1240 5316 1508 5372 occurrat,
1538 5316 1591 5361 et
1613 5323 1726 5362 suae
1758 5307 2089 5363 benedictio-

515 5389 600 5443 nis
652 5406 807 5463 opem
860 5396 1140 5466 dignanter
1188 5399 1457 5453 attribuat.
1511 5400 1703 5453 Amen.
1760 5398 1912 5465 Quod
1973 5398 2090 5468 ipse

514 5495 771 5552 pra'stare
802 5486 1068 5555 dignetur.

588 5577 667 5630 Λα
697 5575 1084 5648 Complendum.
1118 5612 1187 5622 —
1215 5582 1325 5636 Tua
1357 5597 1481 5650 nos,
1514 5582 1756 5647 Domine,
1800 5579 2089 5635 medicina-

592 5696 616 5725 α
651 5689 703 5742 In
737 5690 1150 5747 Benedictionali
1180 5702 1259 5747 est
1288 5694 1490 5748 ultima.

588 5757 615 5795 ι’
645 5760 699 5814 ιιι
716 5757 926 5818 Calensi
939 5765 1273 5835 assignantur
1293 5775 1490 5819 tantum
1510 5764 1800 5820 Dominica:
1823 5778 1943 5818 xxtv
1971 5773 2083 5832 post

2266 4648 2436 4719 Super
2463 4648 2654 4704 oblata.
2675 4681 2747 4692 -—
2772 4650 2994 4719 Suscipe
3012 4691 3031 4717 ,
3063 4650 3306 4718 Domine,
3339 4652 3650 4719 propitiatus
3679 4651 3777 4705 bo-

2195 4742 2346 4805 stias,
2391 4742 2580 4809 quibus
2610 4751 2666 4797 et
2705 4751 2754 4797 te
2803 4742 3001 4811 placari
3024 4742 3265 4809 voluisti,
3286 4751 3340 4798 et
3366 4742 3522 4797 nobis
3547 4742 3776 4798 salutem

2198 4833 2397 4901 potenti
2430 4834 2626 4901 pietate
2650 4834 2878 4889 restitui.
2910 4835 3033 4889 Per.

2274 4924 2549 4994 Prtefatio.
2580 4956 2651 4969 —
2680 4927 2814 4981 Vere
2857 4926 3073 4996 dignum
3102 4936 3158 4981 et
3181 4927 3382 4995 justum
3422 4936 3525 4989 est,
3563 4938 3773 4994 aequum

2198 5031 2253 5076 et
2283 5022 2537 5089 salutare,
2567 5040 2664 5079 nos
2696 5025 2786 5079 tibi
2831 5039 3046 5092 semper
3084 5035 3139 5080 et
3168 5027 3363 5095 ubique
3397 5028 3599 5094 gratias
3644 5039 3775 5093 age-

2187 5130 2274 5180 re,
2305 5116 2525 5171 Domine
2555 5126 2763 5182 sancte,
2796 5116 2955 5171 Pater
2999 5119 3358 5187 omnipotens,
3386 5130 3586 5173 aeterne
3612 5118 3773 5179 Deus,

2190 5222 2283 5277 per
2304 5208 2573 5264 Christum
2607 5198 2887 5265 Dominum
2919 5220 3156 5264 nostrum
3190 5226 3322 5280 :per
3340 5226 3498 5281 quem
3530 5221 3773 5264 sanctum

2190 5310 2245 5356 et
2276 5302 2615 5357 benedictum
2666 5318 2861 5379 nomen
2910 5304 3203 5373 Majestatis
3241 5314 3345 5358 tute
3394 5305 3587 5373 ubique
3614 5318 3777 5357 vene-

2193 5405 2356 5459 ratur,
2394 5397 2669 5463 aduratur,
2703 5398 3028 5467 praedicatur
3066 5408 3120 5452 et
3144 5399 3359 5463 colitur,
3381 5398 3471 5465 qui
3502 5405 3584 5450 est
3624 5397 3775 5464 origo

2196 5486 2405 5551 salutis,
2432 5487 2515 5541 via
2549 5488 2784 5555 virtutis,
2815 5499 2869 5544 et
2900 5498 3001 5543 tua:
3036 5490 3347 5559 propitiatio
3396 5490 3628 5557 pietatis.
3672 5489 3779 5543 Per

2193 5593 2367 5647 quem.

2195 5690 2526 5757 Pentecost;
2553 5693 2603 5747 in
2627 5694 2835 5750 Gemet.
2862 5710 2966 5749 xxv
2995 5704 3103 5757 post
3126 5705 3325 5749 octavas
3363 5693 3649 5749 Pentecoat.
3674 5712 3692 5756 ;
3719 5694 3775 5749 in

2190 5764 2354 5834 priori
2394 5765 2596 5821 Thcod.
2632 5781 2735 5821 xxv
2798 5776 2912 5837 post
2963 5764 3284 5833 Pentecost.,
3317 5767 3367 5822 in
3408 5767 3577 5823 altero
3622 5778 3773 5823 nrt.
