4042 6350
280 342 387 400 189

360 453 511 527 (639)
540 453 669 523 περ.
696 454 831 512 ειη.

356 546 438 598 Ad
464 546 942 616 Complendunt.-—
961 544 1381 602 lmmortalitatis
1401 545 1708 601 alimoniam
1739 559 1865 599 con~

281 636 478 701 secuti,
504 652 839 706 quaesumus,
863 638 1107 704 Domine,
1134 646 1193 692 ut
1211 638 1351 709 quod
1382 653 1477 693 ore
1506 638 1864 709 percepimus,

279 734 463 780 mente
491 736 783 783 sectemur.
808 727 912 784 Per
938 729 1222 784 Dominum
1248 738 1509 786 nostrum.

362 820 538 889 Super
565 823 838 891 populum.
866 853 929 864 —
961 822 1237 879 Familiam
1292 835 1433 879 tuam
1462 865 1476 888 ,
1518 839 1822 894 quaesumus
1847 860 1863 887 ,

279 908 532 978 Domine,
557 913 812 968 continua
845 914 1042 984 pietate
1060 915 1301 982 custodi,
1330 924 1389 970 ut
1412 930 1442 970 a
1460 918 1665 972 cunctis
1681 917 1868 973 adver-

278 1004 537 1060 sitatibus
568 1016 622 1063 te
655 1016 974 1077 protegente
1000 1009 1068 1064 sit
1099 1008 1283 1075 libera,
1318 1020 1372 1065 et
1402 1012 1452 1064 in
1480 1010 1635 1065 bouis
1662 1013 1869 1069 actibus

280 1103 372 1148 tuo
398 1099 601 1151 nomini
636 1098 703 1151 sit
730 1099 944 1155 devota.
971 1099 1073 1155 Per
1100 1100 1401 1155 Dominum.

523 1204 846 1246 HERDOIADA
882 1206 1013 1245 ιινι
1052 1206 1182 1246 POST
1219 1206 1615 1248 PENTECOSTEN.

354 1278 536 1346 Deus,
588 1281 847 1352 refugium
898 1292 1137 1337 nostrum
1184 1291 1237 1338 et
1282 1283 1487 1349 virtus,
1533 1283 1721 1337 adesto
1769 1282 1869 1352 piis

280 1371 545 1426 Ecclesia:
576 1382 682 1427 tuae
710 1373 957 1443 precibus
984 1383 1171 1430 auctor
1189 1374 1305 1443 ipse
1336 1376 1568 1444 pietatis,
1592 1382 1649 1430 et
1676 1388 1870 1445 pressu

288 1473 346 1515 ut
393 1463 540 1533 quod
589 1463 821 1521 ﬁdeliter
862 1465 1095 1535 petimus
1138 1465 1429 1522 efficaciter
1457 1481 1867 1537 consequamur.

284 1554 413 1611 Per.

358 1644 530 1715 Super
556 1645 749 1702 oblata.
776 1675 846 1687 —
875 1647 979 1717 Da,
1011 1648 1324 1705 misericors
1368 1650 1528 1718 Deus,
1559 1658 1616 1705 ut
1642 1649 1758 1706 haec
1778 1665 1867 1706 sa-

281 1736 472 1793 lutaris
517 1738 718 1793 oblatio
770 1748 825 1795 et
867 1756 899 1797 a
953 1741 1185 1812 propriis
1236 1756 1333 1797 nos
1371 1742 1608 1798 reatibus
1663 1742 1867 1799 indesi-

1464 335 1667 396 ιιιιειι
1702 335 2334 398 SACRAMENTORUM.

1894 451 1943 512 Α
1971 444 2484 524 ειιειιιιηεηιὶἀιιοᾶ
2539 453 2865 524 sumpsimus
2913 454 3267 514 medicatione
3308 466 3545 516 curetur.

3443 346 3546 406 190

1970 541 2090 597 Per.

2042 637 2209 705 Super
2230 640 2495 710 populum.
2518 670 2587 682 -—
2615 640 2825 708 Excita,
2854 642 3077 699 Domine
3095 685 3109 710 ,
3148 653 3358 700 tuorum
3384 645 3547 700 corda

1971 729 2227 797 ﬁdelium,
2275 741 2352 797 ut,
2378 734 2545 788 sacris
2594 735 2795 791 intenta
2830 736 3085 791 doctrinis
3109 778 3122 799 ,
3167 747 3218 792 et
3250 735 3549 807 intelligant

1970 821 2112 890 quod
2156 832 2465 891 sequantur,
2496 834 2549 879 et
2574 828 2845 897 sequendo
2874 827 3103 883 ﬁdeliter
3124 828 3545 898 appreliendant.

1971 910 2073 967 Per
2105 912 2384 968 Dominum
2416 924 2676 971 nostrum.

2096 1003 2242 1075 (640)
2279 1012 2301 1040 α
2340 1020 2656 1062 ΗΕΒῡῡδιΛῡΑ
2694 1024 2722 1061 v
2759 1025 2896 1063 mre
2927 1024 3174 1064 unum
3216 1024 3415 1064 ooumt.

2044 1093 2196 1163 (641)
2221 1093 2426 1161 Excita,
2458 1096 2702 1164 Domine,
2728 1102 3017 1167 potentiam
3049 1110 3210 1167 tuam,
3238 1107 3294 1155 et
3322 1099 3463 1165 veni,
3496 1108 3552 1156 et

1971 1186 2110 1255 quod
2142 1186 2400 1242 Ecclesiae
2430 1196 2534 1243 tuac
2580 1190 2906 1259 promisisti,
2941 1206 3106 1261 usque
3146 1192 3197 1245 in
3237 1190 3396 1246 ﬁnem
3446 1206 3550 1247 se-

1971 1279 2074 1333 culi
2102 1280 2398 1335 clementer
2422 1294 2668 1348 operare.
2697 1284 2797 1351 Qui
2844 1282 2976 1339 vivis
2996 1292 3051 1339 et
3088 1297 3278 1353 regnas
3300 1299 3419 1339 cum
3440 1284 3551 1340 Deo

1973 1369 2131 1426 Patre
2157 1372 2208 1425 in
2241 1372 2448 1429 unitate
2468 1371 2697 1443 Spiritus
2726 1375 2895 1431 sancti
2927 1375 3087 1431 Deus.
3117 1375 3219 1430 Per
3247 1374 3445 1433 omnia.

2045 1461 2216 1532 Super
2244 1464 2437 1519 oblata.
2467 1494 2535 1506 —
2561 1465 2892 1522 Sacriﬁcium
2925 1466 3019 1522 tibi
3045 1507 3061 1531 ,
3120 1467 3375 1535 Domine,
3406 1466 3549 1523 cele-

1972 1554 2233 1609 brandum
2254 1555 2493 1625 placatus
2508 1556 2743 1627 intende,
2764 1558 2904 1628 quod
2925 1566 2982 1614 et
3004 1574 3103 1613 nos
3124 1573 3154 1613 a
3178 1559 3321 1613 vitiis
3352 1566 3551 1615 nostra:

1972 1645 2293 1702 conditionis
2314 1646 2590 1718 cmundet,
2622 1658 2676 1705 et
2703 1658 2793 1706 tuo
2823 1649 3025 1705 nomini
3046 1648 3236 1706 reddat
3271 1658 3547 1718 acceptos.

1973 1735 2096 1792 Per.

277 1837 473 1883 neuter
524 1830 792 1899 expediat,
845 1840 901 1887 et
944 1831 1013 1888 ab
1057 1832 1307 1889 omnibus
1336 1840 1548 1890 tueatur
1602 1833 1861 1892 adversis.
1896 1825 1946 1889 Β
2044 1824 2317 1896 Ρνωῖαιὶοο
2358 1856 2427 1869 -
2454 1827 2592 1884 Vere
2618 1828 2838 1901 dignum
2869 1836 2923 1886 et
2945 1828 3151 1900 justum
3205 1838 3306 1896 est,
3339 1844 3547 1900 aequum

278 1917 384 1976 Per
411 1920 698 1980 Dominum
730 1932 997 1980 nostrum.
1144 1980 1148 1985 .

354 2010 861 2084 Priamum—Vere
889 2016 1110 2088 dignum
1138 2028 1193 2074 et
1215 2018 1420 2089 justum
1449 2026 1555 2087 est,
1585 2034 1795 2091 aequum
1816 2029 1871 2077 et

276 2106 665 2174 salutare,_nos
690 2109 784 2164 tibi
800 2124 1015 2180 semper
1046 2119 1099 2167 et
1121 2111 1318 2183 ubique
1337 2111 1537 2184 gratias
1557 2127 1737 2184 agere,
1770 2114 1870 2169 Do-

278 2198 438 2253 mine
458 2208 659 2266 sancte,
686 2199 844 2258 Pater
874 2201 1235 2273 omnipotens,
1264 2214 1464 2261 aeterne
1489 2204 1632 2261 Deus
1661 2223 1673 2260 :
1698 2216 1753 2262 et
1774 2205 1871 2263 tibi

276 2289 501 2346 debitas
534 2290 714 2350 laudes
747 2294 833 2364 pio
886 2296 1094 2353 honore
1144 2297 1394 2365 deferre,
1448 2309 1502 2354 et
1548 2300 1870 2357 mirabilium

280 2389 500 2437 tuorum
524 2384 901 2441 inenarrabilis
921 2390 1187 2457 praeconia
1208 2389 1415 2445 devota:
1434 2391 1625 2446 mentis
1644 2405 1869 2446 venera-

284 2474 437 2530 tione
457 2475 753 2534 celebrare.
780 2478 962 2549 Teque
988 2480 1336 2550 ineﬁ‘abilem,
1364 2491 1523 2553 atque
1551 2482 1869 2538 invisibilem

283 2566 455 2622 Deum
490 2569 730 2638 laudare,
762 2571 1087 2631 benedicere
1113 2614 1128 2642 ,
1170 2574 1417 2634 adorare.
1456 2574 1561 2632 Per
1601 2576 1872 2632 Christum

280 2656 577 2715 Dominum
603 2674 871 2718 nostrum.

356 2750 507 2822 Βίην
521 2752 648 2808 Ben.

355 2846 441 2899 Ad
490 2846 880 2919 Complendum.
909 2847 1227 2917 —,Coelesti
1276 2850 1497 2918 lumine,
1528 2864 1869 2921 quassumus,

277 2936 536 3008 Domine,
563 2952 780 3012 semper
824 2950 878 2997 et
906 2943 1101 3014 ubique
1131 2959 1228 2999 nos
1269 2945 1538 3013 praveni,
1571 2954 1628 3000 ut
1665 2954 1870 3016 myste-

276 3033 450 3097 rium,
493 3031 649 3102 cujus
700 3048 802 3089 nos
837 3037 995 3108 186
1022 3037 1309 3108 participes
1350 3052 1471 3094 esse
1525 3036 1778 3106 voluisti,
1817 3048 1874 3095 et

273 3137 419 3193 puro
486 3139 772 3182 cernamus
820 3127 1053 3199 intuitu,
1108 3137 1164 3184 et
1204 3130 1364 3201 digno
1404 3129 1756 3200 percipiamus
1795 3131 1872 3184 af-

277 3215 453 3272 fectu.
483 3216 609 3276 Per.

352 3307 533 3379 Super
570 3310 841 3380 populum.
872 3340 943 3353 -—
973 3310 1251 3367 Protector
1289 3312 1343 3367 in
1399 3321 1452 3367 te
1497 3316 1823 3382 sperantium
1849 3359 1866 3385 ,

279 3402 450 3468 Deus,
481 3403 628 3459 salva
657 3406 913 3475 populum
944 3413 1108 3472 tuum,
1140 3415 1196 3461 ut
1222 3421 1251 3461 a
1278 3407 1508 3474 peccatis
1535 3408 1694 3476 liber,
1725 3420 1779 3464 et
1805 3410 1873 3464 ab

282 3492 449 3550 hoste
472 3510 720 3566 securus,
749 3497 803 3551 in
859 3506 946 3552 tua
977 3513 1190 3567 semper
1217 3499 1385 3568 gratia
1415 3511 1739 3569 perseveret.
1767 3502 1870 3557 Per

278 3585 573 3642 Dominum
596 3599 838 3645 nostrum
865 3590 1049 3646 Jesum
1070 3591 1365 3647 Christum.

525 3694 841 3747 HEBDOIADL
882 3697 1030 3736 XXVII
1069 3698 1197 3739 POS'I'
1245 3696 1636 3741 PENTECOSTEN.

355 3770 570 3837 Excita,
618 3771 866 3840 Domine,
893 3788 1231 3844 quaesumus,
1273 3787 1480 3831 tuorum
1513 3776 1746 3832 ﬁdelium
1780 3792 1872 3833 vo-

282 3860 544 3927 luntates,
574 3872 633 3917 ut
671 3862 835 3918 divini
866 3867 1046 3933 operis
1084 3864 1315 3921 fructum
1367 3869 1683 3938 propensius
1712 3885 1870 3924 exse-

282 3963 539 4023 quentes,
558 3956 776 4027 pietatis
805 3966 913 4012 tute
942 3959 1177 4015 remedia
1194 3962 1393 4031 majora
1429 3962 1739 4033 percipiant.
1773 3962 1873 4018 Per

280 4040 597 4102 Dominum.

357 4137 535 4203 Super
554 4138 833 4194 oblata.—-
860 4142 1129 4212 Propitius
1178 4151 1331 4209 esto,
1380 4145 1632 4211 Domine,
1673 4146 1870 4215 suppli-

287 4229 591 4285 cationibus
623 4232 846 4298 nostris,
878 4242 952 4302 et,
998 4235 1179 4304 populi
1212 4235 1283 4289 tui
1313 4236 1671 4292 oblationibus
1704 4237 1872 4305 preci-

278 4320 490 4395 busque
513 4321 799 4392 susceptis,
827 4325 1064 4381 omnium
1097 4336 1337 4383 nostrum
1370 4328 1434 4381 ad
1466 4340 1515 4383 te
1542 4329 1702 4383 corda
1739 4343 1870 4382 cou-

282 4425 460 4479 verte,
502 4425 581 4483 ut,
614 4430 645 4470 a
671 4417 899 4473 terrenis
921 4420 1301 4489 cupiditatibus
1339 4420 1518 4488 liberi,
1544 4423 1610 4476 ad
1636 4421 1873 4477 coelestia

282 4505 554 4561 desideria
578 4517 935 4566 transeamus.
970 4509 1092 4567 Per.

1973 1926 2029 1971 et
2054 1917 2309 1982 salutare,
2340 1933 2439 1973 nos
2462 1919 2555 1974 tibi
2584 1934 2797 1991 semper
2820 1929 2876 1977 et
2920 1920 3114 1991 ubique
3141 1922 3338 1993 gratias
3368 1936 3547 1991 agere,

1971 2007 2197 2064 Domine
2248 2018 2468 2076 sancte,
2521 2009 2679 2067 Pater
2726 2012 3086 2083 omnipotens,
3134 2022 3334 2069 aeterne
3378 2012 3547 2077 Deus,

1980 2102 2133 2173 187
2166 2116 2260 2171 per
2286 2099 2557 2157 Christum
2582 2102 2866 2159 Dominum
2896 2114 3138 2160 nostrum
3168 2123 3182 2158 :
3218 2105 3369 2176 cujus
3398 2103 3551 2175 (642)

1973 2193 2128 2263 primi
2155 2193 2415 2249 adventus
2439 2195 2751 2266 mysterium
2793 2195 2866 2250 ita
2908 2210 3007 2251 nos
3037 2195 3198 2250 facias
3229 2195 3400 2264 dignis
3432 2195 3547 2249 lau-

1975 2282 2132 2338 dibus
2152 2289 2208 2337 et
2226 2282 2418 2338 ofﬁciis
2454 2283 2758 2352 celebrare,
2793 2294 3222 2358 praesentemque
3259 2286 3421 2340 vitam
3464 2286 3550 2338 in-

1975 2373 2292 2446 culpabilem
2339 2375 2557 2443 ducere,
2592 2386 2651 2431 ut
2682 2376 2978 2434 secundum
3026 2376 3296 2433 valeamus
3323 2373 3554 2432 interriti

1976 2476 2313 2533 exspectare.
2334 2465 2437 2523 Per
2462 2484 2618 2538 quem
2648 2467 3003 2540 Majestatem.

2045 2559 2358 2617 Benedictio.
2381 2592 2453 2603 —
2477 2562 2748 2619 Concedat
2777 2564 2926 2622 vobis
2975 2564 3227 2619 Dominus
3279 2559 3551 2633 prasmium

1974 2655 2201 2711 sincera:
2230 2652 2525 2720 cbaritatis,
2558 2663 2614 2709 ut
2642 2668 2768 2710 cum
2810 2654 3060 2710 omnibus
3086 2667 3297 2722 semper
3339 2651 3389 2705 in
3422 2664 3553 2720 pace

1977 2758 2192 2813 vivatis.
2214 2755 2405 2812 Amen.
2430 2752 2773 2809 inimicorum
2811 2752 3047 2807 omnium
3076 2750 3294 2806 insidias
3332 2763 3553 2816 supere-

1976 2849 2085 2914 tis,
2128 2856 2183 2903 et
2245 2853 2560 2916 praesentem
2615 2845 2775 2899 vitam
2832 2839 3193 2899 sincerissime
3263 2836 3551 2909 peragatis.

1974 2944 2168 2999 Amen.
2195 2940 2323 2998 Sitis
2353 2942 2512 2999 etiam
2538 2954 2567 2994 a
2595 2946 2749 2996 reatu
2779 2935 3116 2992 conscientiae
3143 2932 3334 2998 liberi,
3376 2937 3431 2985 ut
3472 2928 3551 2984 ni-

1976 3035 2052 3090 hil
2077 3034 2323 3089 metuatis
2344 3034 2397 3088 in
2416 3033 2505 3088 die
2530 3031 2715 3101 judicii
2748 3028 3050 3100 postfuturi.
3086 3026 3239 3095 Quod
3270 3025 3405 3094 ipse.

2047 3124 2127 3180 Ad
2154 3124 2542 3196 Complendum.
2566 3151 2636 3166 —-
2668 3122 2875 3177 Anima:
2922 3128 3117 3176 nostrae
3140 3159 3157 3187 ,
3207 3130 3509 3188 quaesumus
3537 3154 3552 3180 ,

1900 3194 1946 3259 C
1977 3194 2318 3291 omnipotens
2343 3218 2503 3283 Deus,
2536 3216 2637 3273 hoc
2671 3216 2942 3284 potiantur
2970 3210 3271 3276 desiderio,
3320 3215 3378 3263 ut
3403 3221 3431 3260 a
3462 3215 3553 3261 tuo

1975 3314 2178 3384 Spiritu
2228 3311 2650 3377 inﬁammentur,
2684 3317 2774 3377 ut,
2822 3306 2961 3361 sicut
3009 3302 3321 3372 lampades,
3372 3298 3551 3353 divino

1978 3420 2201 3461 munere
2244 3403 2460 3469 satiati,
2515 3410 2641 3455 ante
2670 3406 3011 3468 conspectum
3043 3394 3305 3451 venientis
3355 3391 3549 3445 Christi

1975 3498 2097 3553 Filii
2130 3497 2203 3551 tui
2231 3496 2376 3550 velut
2407 3493 2550 3547 clara
2578 3493 2776 3546 lumina
2808 3491 3117 3559 fulgeamus.
3159 3485 3259 3540 Per
3280 3481 3549 3539 eumdem.

2051 3591 2220 3662 Super
2253 3587 2522 3660 papulum.
2549 3615 2620 3626 -
2646 3584 2840 3640 Preces
2871 3582 3048 3653 populi
3078 3579 3181 3643 tui,
3211 3589 3511 3648 quaesumus
3535 3614 3551 3639 ,

1975 3682 2218 3749 Domine,
2248 3682 2541 3735 clementer
2566 3677 2779 3744 exaudi,
2808 3684 2865 3729 ut
2885 3674 2972 3745 qui
3007 3672 3073 3727 de
3103 3670 3331 3725 adventu
3363 3666 3556 3735 Unige-

1978 3775 2075 3830 niti
2100 3774 2220 3829 Filii
2251 3772 2326 3828 tui
2353 3769 2643 3826 secundum
2675 3781 2885 3822 carnem
2912 3767 3185 3827 laetantur;
3210 3762 3260 3815 in
3297 3757 3546 3822 secundo,

1976 3884 2098 3923 cum
2132 3864 2335 3921 venerit
2365 3866 2418 3918 in
2437 3860 2714 3933 Maiestate
2741 3872 2855 3925 sua,
2888 3858 3167 3928 praemium
3194 3861 3409 3907 aeternae
3430 3849 3550 3902 vitas

1976 3961 2287 4034 percipiant.
2310 3957 2431 4013 Per.

2206 4064 2520 4106 HERDOMADA
2556 4060 2607 4100 IV
2648 4058 2787 4098 ANTE
2829 4053 3075 4097 NATALEII
3110 4047 3311 4091 DOMINI.

2049 4143 2258 4209 Excita,
2309 4152 2649 4211 quaesumus,
2692 4133 2937 4197 Domine,
2970 4130 3256 4200 potentiam
3307 4134 3449 4179 tuam
3499 4130 3555 4178 et

1976 4235 2143 4301 veni,
2202 4244 2260 4288 ut
2306 4232 2374 4288 ab
2418 4228 2817 4287 imminentibus
2864 4237 3199 4296 peccatorum
3250 4230 3551 4274 nostrorum

1979 4327 2231 4399 periculis
2259 4335 2310 4380 te
2339 4339 2641 4380 mereamur
2672 4328 2981 4391 protegente
3012 4316 3177 4387 eripi,
3216 4323 3267 4371 te
3296 4312 3555 4367 iiberante

1977 4423 2192 4480 salvari.
2215 4422 2313 4490 Qui
2340 4419 2471 4477 vivis
2487 4428 2541 4474 et
2568 4433 2783 4489 regnas.

2053 4518 2224 4585 Super
2245 4515 2441 4569 oblata.
2467 4540 2537 4553 —
2569 4511 2807 4575 Intende,
2833 4521 3164 4579 quaesumus,
3194 4501 3434 4565 Domine,
3469 4514 3553 4554 sa-

354 4600 629 4673 Prcefatio.
650 4634 723 4646 —
751 4600 889 4661 V'ere
932 4605 1154 4677 dignum
1187 4614 1243 4663 et
1270 4606 1469 4675 justum
1499 4616 1582 4663 est
1603 4648 1619 4673 ,
1666 4623 1873 4678 aequum
1907 4577 1956 4636 D
1982 4608 2240 4665 criticium
2271 4602 2561 4676 singulare,
2583 4611 2658 4665 ut,
2685 4600 2842 4671 hujus
2863 4596 3264 4669 participatione
3291 4589 3554 4660 mysterii,

282 4697 616 4766 etsalutare,
638 4713 738 4755 nos
761 4699 857 4756 tibi
906 4712 1120 4771 semper
1154 4708 1208 4754 et
1237 4701 1431 4770 ubique
1460 4703 1658 4773 gratias
1688 4717 1874 4772 agere,

283 4790 513 4847 Domine
569 4801 779 4861 sancte,
812 4793 968 4850 Pater
1008 4796 1386 4864 omnipotens,
1440 4806 1640 4853 aeterne
1695 4798 1873 4853 Deus:

280 4883 442 4953 cujus
468 4894 554 4941 est
578 4888 759 4955 operis
784 4889 923 4959 quod
964 4889 1166 4944 conditi
1216 4905 1421 4961 sumus,
1470 4894 1706 4949 muneris
1733 4893 1876 4961 quod

284 4973 537 5043 vivimus,
584 4978 804 5046 pietatis
845 4980 988 5051 quod
1021 4990 1106 5036 tua
1144 4996 1272 5053 erga
1310 4998 1407 5038 nos
1435 4983 1573 5039 dona
1602 4986 1877 5054 cognosci-

282 5080 433 5121 mus.
460 5065 719 5131 Quamvis
746 5072 889 5126 enim
911 5079 1104 5127 natura
1134 5083 1314 5128 nostra
1347 5074 1551 5142 peccati
1581 5076 1759 5130 vitiata
1806 5077 1878 5131 sit

284 5166 531 5232 vulnere,
556 5180 588 5219 a
612 5166 845 5221 terrenis
867 5173 1047 5222 tamen
1070 5166 1137 5221 ad
1163 5166 1405 5222 coelestia
1450 5168 1758 5237 provehitur
1785 5179 1874 5226 tuo

287 5256 633 5312 inenarrabili
654 5272 897 5315 munere.
930 5257 1034 5314 Per
1063 5256 1360 5314 Christum.

360 5349 491 5421 Reg.
520 5349 651 5405 Ben.

360 5442 443 5495 Ad
474 5440 871 5513 Compleudum.
892 5474 963 5483 —
991 5442 1239 5499 Concede
1268 5443 1442 5510 nobis,
1476 5442 1718 5508 Domine,
1733 5458 1879 5514 qua:-

289 5551 503 5605 sumus,
542 5546 605 5593 ut
627 5536 888 5609 quidquid
932 5539 986 5594 in
1032 5550 1216 5594 nostra
1262 5548 1440 5593 mente
1471 5537 1721 5592 vitiosum
1772 5545 1877 5605 est,

364 5710 391 5736 ⁸
444 5700 505 5756 ln
559 5700 907 5769 Kalendario,
939 5700 1094 5756 Rom.
1146 5709 1371 5769 quatuor
1418 5710 1620 5753 tantum
1663 5697 1869 5753 hebdo-

292 5771 471 5829 madas
515 5772 852 5843 assignantur
899 5782 1025 5829 ante
1069 5773 1252 5829 Natale
1296 5772 1528 5839 Domini,
1556 5781 1609 5828 et
1651 5770 1869 5827 totidem

1983 4718 2099 4773 quae
2116 4716 2267 4771 spera
2277 4699 2378 4754 uda
2400 4698 2673 4754 credimus
2690 4701 2996 4765 exspectata
3015 4703 3309 4744 sumamus.
3325 4686 3426 4741 Per
3452 4684 3558 4738 Do-

1982 4795 2207 4849 minum.

2052 4886 2321 4956 Prwfatio.
2351 4912 2421 4924 --
2452 4881 2589 4936 Vere
2618 4878 2837 4947 dignum
2865 4886 2919 4932 et
2941 4874 3142 4946 justum
3185 4881 3263 4927 est
3286 4911 3303 4941 ,
3344 4885 3553 4942 aequum

1980 4989 2033 5035 et
2055 4980 2315 5043 salutare,
2349 4989 2446 5030 nos
2477 4974 2568 5028 tibi
2615 4985 2828 5039 semper
2871 4977 2926 5023 et
2968 4967 3163 5037 ubique
3195 4964 3391 5036 gratias
3434 4978 3549 5033 age-

1982 5086 2040 5125 re
2062 5111 2077 5135 ,
2115 5070 2337 5123 Domine
2357 5072 2563 5131 sancte,
2600 5062 2754 5117 Pater
2782 5060 3142 5129 omnipotens,
3166 5070 3362 5113 aeterne
3392 5055 3554 5121 Deus,

1980 5163 2131 5235 (645)
2160 5162 2246 5218 cui
2277 5161 2546 5230 proprium
2578 5165 2661 5213 est
2687 5167 2743 5212 et
2780 5156 3048 5225 singulare
3092 5152 3233 5222 quod
3276 5153 3444 5208 bonus
3475 5163 3555 5216 cs,

1980 5266 2034 5313 et
2087 5255 2226 5310 nulla
2279 5264 2508 5323 unquam
2555 5266 2581 5303 a
2627 5259 2678 5306 te
2724 5264 2782 5304 es
2824 5246 3241 5303 commutatione
3291 5242 3554 5297 diversus.

1982 5347 2299 5417 PrOpitiare,
2335 5358 2673 5414 quaesumus,
2724 5338 3199 5408 supplicationibus
3252 5332 3469 5396 nostris,
3502 5337 3558 5384 et

1985 5440 2237 5497 Ecclesia:
2270 5445 2374 5491 tum
2405 5432 2825 5490 misericordiam
2864 5441 3006 5485 tuam
3055 5443 3211 5499 quam
3244 5425 3562 5491 deprecatur

1988 5534 2252 5603 ostende,
2310 5532 2654 5589 manifestans
2710 5526 2849 5597 plebi
2905 5537 3046 5589 tunc,
3103 5514 3473 5589 Uuigeuititni
3505 5524 3558 5572 et

1980 5698 2061 5824 ilnh
2225 5690 2472 5763 Calensi,
2512 5705 2610 5748 nec
2650 5690 2830 5760 plures
2873 5685 3087 5741 invenio
3134 5680 3185 5736 in
3238 5680 3444 5737 Gemet.
3494 5692 3559 5735 ac

2065 5782 2096 5824 e
2173 5806 2188 5820 .

2065 5782 2188 5824 600.

3558 5816 3567 5847 l
