4042 6350
548 374 643 431 191

1752 375 1997 435 SANCTI
2034 371 2353 433 GREGORII
2393 375 2604 434 MAGNI

3711 388 3811 451 192

544 488 927 546 incarnationis
977 489 1333 560 mysterium;
1389 496 1447 546 et
1494 490 1757 546 adventus
1812 490 2206 549 admirabileA
2297 489 2379 543 Ad
2420 488 2808 561 Complendum.
2838 521 2906 533 —
2936 492 3147 565 Repleti
3176 498 3295 555 cibo
3321 500 3577 571 spiritalis
3624 503 3812 561 alimo-

544 593 972 647 sacramentum;
1030 591 1087 638 ut
1142 584 1195 639 in
1250 583 1598 640 universitate
1644 585 1918 641 nationum
1974 584 2126 657 (644)

544 682 755 728 constet
799 689 921 731 esse
968 675 1264 744 perfectum
1293 718 1308 744 ,
1363 676 1534 748 (645)
1583 678 1724 745 quod
1772 688 1949 735 vatum
2005 694 2127 734 ora-

542 764 676 818 culis
708 764 808 820 fuit
841 772 967 822 ante
996 768 1316 836 promissum
1339 808 1355 835 ,
1405 767 1582 837 (646)
1620 770 2019 839 percipiantque
2046 771 2129 826 di-

541 856 798 923 gnitatem
829 858 1135 928 adoptionis
1158 875 1294 930 quos
1316 868 1548 916 exornat
1574 860 1837 919 confessio
1865 862 2125 922 veritatis.

543 946 646 1000 Per
674 964 855 1015 quem.

615 1036 936 1095 Benedictio.
958 1070 1027 1081 —
1055 1041 1408 1111 Omnipotens
1441 1044 1581 1101 Deus
1606 1088 1619 1111 ,
1677 1046 1827 1116 cujus
1854 1048 2125 1118 Unigeniti

540 1129 865 1199 adventum,
911 1142 965 1187 et
996 1136 1320 1203 praeteritum
1366 1138 1622 1207 creditis,
1673 1149 1726 1194 et
1758 1140 1988 1196 futurum
2033 1158 2127 1198 ex-

538 1222 815 1289 spectatis,
843 1223 1085 1291 ejusdem
1118 1225 1382 1282 adventus
1431 1242 1523 1283 vos
1549 1227 1902 1286 illustratione
1928 1233 2129 1287 sancti-

539 1308 679 1374 licet,
707 1320 759 1366 et
792 1327 887 1367 sua
911 1314 1284 1372 benedictione
1311 1317 1620 1387 locupletet.
1652 1320 1846 1375 Amen.
1886 1321 1941 1376 ln
1987 1332 2129 1392 prae-

542 1401 711 1455 sentis
738 1404 861 1457 vita:
892 1404 1065 1459 stadio
1082 1420 1179 1461 vos
1207 1408 1275 1460 ab
1304 1410 1445 1461 omni
1477 1408 1799 1465 adversitate
1847 1412 2123 1483 defendat,

538 1497 592 1542 et
621 1503 680 1544 se
707 1491 857 1546 vobis
910 1492 961 1546 in
990 1493 1196 1563 judicio
1239 1495 1552 1564 placabilem
1603 1499 1869 1556 ostendat.
1927 1506 2121 1562 Amen.

538 1577 685 1646 Quo,
716 1595 745 1634 a
774 1584 983 1639 cunctis
1012 1586 1271 1654 contagiis
1311 1596 1653 1655 peccatorum
1685 1590 1933 1659 liberati,
1984 1596 2125 1653 illius

535 1674 801 1729 tremendi
832 1676 1095 1732 examinis
1123 1676 1264 1732 diem
1294 1679 1617 1749 exspectetis
1649 1680 1897 1739 interriti.
1926 1686 2121 1744 Amen.

538 1763 688 1831 Quod
722 1766 859 1833 ipse.

2228 577 2367 645 nise,
2413 581 2680 650 supplices
2710 590 2787 650 te,
2819 584 3063 657 Domine,
3110 587 3494 659 deprecamur,
3549 601 3608 647 ut
3655 592 3810 663 hujus

2228 670 2632 741 participatione
2686 676 2932 746 mysterii
2977 677 3173 735 doceas
3218 695 3317 738 nos
3364 692 3580 740 terrena
3630 684 3810 756 despi-

2227 776 2384 830 cere,
2416 774 2469 819 et
2495 781 2678 823 amare
2706 768 2966 825 caelestia.
3000 771 3102 827 Per
3124 772 3403 832 Dominum
3436 785 3698 833 nostrum.

2299 855 2471 925 Super
2524 859 2787 929 populum.
2814 890 2884 903 —
2928 863 3035 929 Da,
3067 880 3372 935 quaesumus
3394 906 3411 933 ,
3468 870 3806 939 omnipotens

2228 947 2390 1013 Deus,
2425 961 2630 1007 cuncta:
2661 951 2878 1009 familia:
2904 963 3007 1011 tute
3036 956 3174 1013 hanc
3204 960 3550 1025 voluntatem,
3592 961 3806 1022 Christo

2228 1038 2367 1094 Filio
2398 1042 2736 1099 tuo-Domino
2782 1055 2965 1102 nostro
2996 1049 3252 1118 venienti,
3296 1052 3348 1107 in
3376 1056 3627 1123 operibus
3649 1058 3806 1127 justis

2228 1139 2383 1199 aptos
2437 1148 2743 1203 occurrere,
2789 1146 2849 1191 ut
2897 1139 3013 1208 ejus
3063 1142 3298 1199 dextera:
3328 1147 3556 1213 sociati,
3588 1164 3807 1218 regnum

2228 1233 2534 1278 mereantur
2556 1226 2829 1295 possidere
2854 1230 3094 1288 caeleste.
3111 1232 3214 1290 Per
3243 1238 3490 1294 eumdem
3522 1238 3807 1299 Dominum

2228 1324 2489 1369 nostrum.

2560 1426 2877 1469 HEBDOMADA
2921 1431 2959 1469 Il
2997 1432 3137 1473 ANTE
3177 1436 3423 1477 NATALEII
3463 1439 3664 1480 DOHINI.

2299 1502 2497 1556 Aurem
2524 1511 2686 1571 tuam,
2716 1520 3042 1577 quaesumus,
3064 1512 3309 1580 Domine,
3336 1515 3578 1583 precibus
3607 1516 3807 1573 nostris

2228 1599 2664 1665 accommoda,et
2683 1603 2877 1658 mentis
2899 1613 3096 1660 nostra:
3125 1608 3370 1665 tenebras
3386 1610 3558 1680 gratia
3587 1619 3693 1666 tua:
3722 1611 3807 1666 vi-

2226 1689 2494 1745 sitationis
2522 1689 2752 1746 illustra.
2787 1693 2888 1749 Per
2913 1694 3196 1752 Dominum
3224 1709 3485 1755 nostrum.

2300 1781 2471 1850 Super
2490 1783 2679 1838 oblata.
2693 1813 2764 1824 —
2785 1784 3092 1843 Devotionis
3112 1801 3306 1845 nostra:
3334 1790 3450 1858 tibi,
3475 1807 3804 1863 quaesumus,

610 1860 768 1929 188
796 1859 879 1911 Ad
906 1858 1298 1929 Complendum.
1327 1892 1398 1903 ——
1425 1863 1815 1936 Suscipiamus,
1848 1869 2071 1929 Domine
2094 1914 2109 1942 ,
2144 1877 2193 1938 B
2220 1875 2460 1941 Domine,
2497 1875 2676 1930 HOSlia
2700 1875 2901 1947 jugiter
2929 1878 3397 1952 immoletur,;qua3
3425 1858 3643 1940 et-sacri
3674 1858 3809 1955 per;

532 1948 956 2005 misericordiam
998 1962 1140 2007 tuam
1180 1955 1232 2008 in
1261 1954 1439 2011 medio
1464 1958 1640 2027 templi
1675 1962 1777 2027 tui,
1821 1971 1874 2017 et
1903 1978 2118 2034 repara-

533 2038 692 2093 tionis
723 2049 923 2095 nostrae
957 2055 1180 2102 ventura
1231 2047 1493 2103 solemnia
1524 2050 1773 2120 congruis
1822 2052 2117 2112 honoribus

528 2130 906 2199 przecedamus.
940 2134 1063 2191 Per.

599 2226 769 2297 Super
822 2232 1089 2300 populum.
1119 2262 1191 2273 --
1216 2232 1289 2288 Da
1308 2275 1322 2299 ,
1351 2250 1687 2304 quaesumus,
1718 2237 1945 2293 Domine
1968 2281 1982 2305 ,
2015 2256 2114 2311 po.

524 2316 649 2386 pulo
688 2325 775 2371 tuo
829 2318 1081 2389 Spiritum
1122 2324 1366 2380 veritatis
1410 2335 1465 2380 et
1496 2329 1671 2394 pacis,
1724 2339 1779 2383 ut
1821 2339 1877 2384 et
1930 2340 1983 2386 te
2022 2348 2115 2402 per

525 2408 814 2465 adventum
872 2411 1139 2483 Unigeniti
1198 2415 1272 2471 tui
1306 2424 1415 2471 tota
1465 2428 1644 2474 mente
1691 2431 2017 2491 cognoscat,
2062 2432 2117 2479 et

524 2514 644 2567 qua:
673 2500 762 2555 tibi
788 2512 909 2557 sunt
941 2503 1158 2572 placita,
1188 2516 1302 2563 toto
1348 2509 1510 2565 corde
1548 2519 1803 2567 sectetur.
1837 2513 1941 2569 Per
1966 2530 2115 2570 eum-

526 2588 649 2646 dem
683 2593 965 2649 Dominum
994 2606 1259 2653 nostrum.

750 2701 1066 2743 HEBDOMLDA
1109 2704 1168 2745 ιιι
1206 2706 1341 2746 ANTE
1380 2707 1630 2747 NA'I'ALEM
1668 2710 1871 2751 DOMINI.

597 2779 801 2846 Excita,
857 2783 1119 2851 Domine,
1178 2786 1338 2842 corda
1394 2799 1575 2844 nostra
1626 2790 1691 2844 ad
1730 2794 2110 2861 praeparandas

522 2867 792 2942 Unigeniti
824 2875 901 2929 tui
939 2876 1083 2943 vias,
1112 2886 1169 2931 ut
1215 2892 1310 2947 per
1336 2881 1451 2949 ejus
1493 2881 1783 2937 adventum
1816 2886 2110 2953 puriﬁcatis

523 2962 621 3018 tibi
652 2966 919 3022 mentibus
957 2969 1159 3024 servire
1183 2984 1504 3027 mereamur.
1538 2972 1638 3039 Qui
1670 2982 1847 3032 tecum
1877 2978 2007 3033 vivit
2055 2988 2109 3034 et

522 3064 710 3125 regnat
735 3056 895 3112 Deus.

593 3145 763 3215 Super
780 3147 1057 3205 oblata.—
1087 3148 1327 3219 Placare,
1356 3152 1599 3221 Domine,
1638 3170 1961 3225 quaesumus,
2002 3158 2110 3213 hu-

2220 1978 2340 2038 agat
2364 1969 2604 2024 instituta
2632 1972 2888 2039 mysterii,
2931 1983 2984 2027 et
3025 1976 3259 2029 salutare
3288 1985 3433 2029 tuum
3457 1977 3612 2031 nobis
3641 1979 3805 2033 mira-

2218 2060 2397 2117 biliter
2426 2071 2696 2132 operetur.
2738 2064 2841 2119 Per
2871 2066 3118 2121 eumdem
3148 2066 3429 2123 Dominum
3459 2080 3724 2128 nostrum.

2291 2154 2563 2225 Praefatio.
2588 2187 2659 2199 —-
2682 2157 2819 2213 Vere
2864 2158 3079 2229 dignum
3126 2170 3179 2215 et
3217 2159 3417 2229 justum
3448 2172 3552 2229 est,
3587 2178 3799 2234 aequum

2221 2259 2276 2306 et
2299 2251 2556 2317 salutare,
2588 2265 2686 2305 nos
2710 2251 2805 2306 tibi
2836 2266 3052 2321 semper
3079 2264 3134 2308 et
3163 2253 3357 2319 ubique
3385 2257 3582 2324 gratias
3613 2271 3797 2326 agere,

2221 2343 2449 2399 Domine
2473 2353 2678 2409 sancte,
2703 2344 2863 2402 Pater
2892 2346 3253 2415 omnipotens,
3286 2355 3485 2402 aeterne
3514 2348 3682 2415 Deus,
3713 2366 3807 2417 per

2218 2435 2487 2490 Christum
2519 2436 2799 2491 Dominum
2831 2447 3070 2492 nostrum
3100 2455 3115 2493 :
3147 2438 3296 2509 cujus
3319 2439 3690 2496 incarnatione
3710 2457 3803 2496 sa-

2217 2527 2301 2581 lus
2326 2526 2460 2581 facta
2493 2536 2577 2583 est
2602 2529 2809 2595 mundi,
2835 2540 2886 2585 et
2915 2532 3169 2600 passione
3196 2532 3492 2602 redemptio
3519 2545 3805 2604 procurata

2218 2627 2301 2673 est
2324 2620 2555 2675 hominis
2587 2621 2870 2687 procreati.
2903 2622 3020 2691 Ipse
3048 2637 3164 2687 nos,
3196 2638 3520 2692 quaesumus,
3546 2625 3613 2679 ad
3645 2636 3804 2681 reter-

2216 2726 2340 2765 nutn
2371 2711 2626 2779 perducat
2658 2713 2956 2779 praemium,
2984 2714 3073 2783 qui
3104 2715 3331 2770 redemit
3357 2714 3426 2771 de
3458 2716 3695 2772 tenebris
3717 2718 3801 2772 in-

2216 2801 2516 2867 fernorutn,
2543 2802 2904 2875 justilicetque
2948 2808 3000 2859 in
3032 2805 3263 2862 adventu
3295 2808 3552 2873 secundo,
3581 2809 3674 2879 qui
3704 2824 3804 2866 nos

2220 2895 2447 2950 redemit
2474 2897 2529 2951 in
2551 2898 2756 2966 primo;
2791 2906 3052 2967 quatenus
3082 2898 3225 2955 illius
3247 2914 3344 2955 nos
3378 2914 3409 2954 a
3440 2900 3597 2955 malis
3619 2903 3802 2957 omni-

2214 2985 2314 3042 bus
2336 2987 2590 3044 defendat
2631 2989 2952 3055 sublimitas,
2986 2992 3140 3060 cujus
3181 3005 3279 3046 nos
3320 2990 3388 3047 ad
3436 2991 3599 3047 vitam
3628 2992 3807 3049 erexit

2217 3078 2509 3136 humilitas.
2542 3082 2641 3137 Per
2675 3097 2832 3151 quem
2867 3082 3190 3151 Maiestatem
3214 3092 3381 3139 tuam.

2290 3171 2604 3227 Benedictio.
2629 3204 2699 3214 —
2721 3174 3070 3245 Omnipotens
3121 3175 3260 3229 Deus
3285 3191 3377 3230 vos
3408 3174 3618 3243 placato
3649 3176 3805 3232 vultu

519 3236 765 3294 militans
792 3249 990 3296 "05le
1014 3243 1261 3313 PTeCibUS
1284 3252 1339 3299 θῑ
1366 3244 1579 3315 δοειίίε,
1612 3256 1666 3302 et
1693 3248 1778 3303 Ubi
1804 3251 1949 3306 nulla
1977 3267 2104 3322 ευβ-
2133 3254 2181 3318 C
2214 3266 2489 3331 reSpiciat,
2519 3276 2573 3320 et
2604 3267 2658 3319 in
2690 3282 2783 3321 vos
2812 3236 3013 3321 donum
3055 3281 3166 3321 suae
3197 3265 3587 3321 benedictionis
3616 3266 3800 3322 infun-

522 3338 713 3398 petunt
755 3332 1010 3404 sullragia
1041 3336 1386 3404 meritorum,
1419 3344 1523 3394 tua:
1562 3340 1715 3397 nobis
1763 3342 2104 3415 indulgentia:

515 3436 771 3480 succurre
794 3426 1078 3496 praesidiis.
1111 3428 1235 3487 Per.

586 3537 948 3611 Prtefatio.—
972 3544 1110 3602 Vere
1138 3546 1357 3617 dignum
1387 3556 1440 3605 et
1459 3549 1661 3621 justum
1693 3561 1777 3609 est
1818 3570 2029 3620 aequum
2053 3565 2110 3613 et

513 3626 771 3717 salutare,
804 3647 902 3688 nos
950 3634 1047 3691 tibi
1075 3652 1289 3708 semper
1340 3651 1395 3695 et
1443 3641 1639 3712 ubique
1686 3645 1884 3714 gratias
1921 3661 2102 3717 agere,

513 3715 743 3778 Domine
763 3734 968 3790 sancte,
993 3724 1154 3783 Pater
1184 3730 1546 3801 omnipotens,
1578 3743 1782 3791 aeterne
1814 3715 1985 3793 Deus:
2014 3739 2106 3810 qui

515 3808 667 3882 (647)
697 3822 787 3869 tuo
816 3816 1163 3874 inenarrabili
1215 3836 1437 3878 munere
1485 3826 1779 3893 praestitisti
1826 3838 1884 3883 ut
1918 3808 2103 3884 natura

514 3900 746 3961 humana
777 3909 843 3963 ad
871 3910 1276 3970 similitudinem
1308 3915 1383 3970 tui
1413 3916 1649 3983 condita,
1681 3919 1958 3975 dissimilis
2011 3936 2105 3990 per

510 4007 786 4064 peccatum
816 4009 872 4057 et
900 4015 1126 4061 mortem
1178 4007 1388 4073 effecta,
1424 4024 1762 4080 nequaquam
1807 4012 1859 4067 in
1899 4024 2101 4069 aeterna

510 4085 857 4147 damnatione
910 4097 1138 4164 periret;
1187 4099 1286 4153 sed
1343 4100 1485 4155 unde
1543 4110 1818 4169 peccatum
1869 4112 2100 4160 mortem

508 4191 867 4248 contraxerat,
886 4184 1017 4242 inde
1033 4187 1197 4242 vitam
1231 4200 1317 4245 tua
1344 4193 1785 4261 pietasimmensa
1804 4205 2096 4265 repararet,

508 4276 562 4323 et
589 4267 742 4339 (648)
773 4273 1005 4341 antiquae
1060 4278 1284 4349 virginis
1334 4281 1540 4339 facinus
1599 4300 1734 4341 nova
1780 4295 1834 4341 et
1874 4288 2099 4347 inteme-

506 4367 625 4414 rata
653 4362 804 4431 virgo
833 4362 994 4419 Maria
1024 4367 1217 4436 piaret.
1251 4371 1381 4437 Quae
1409 4374 1476 4426 ab
1525 4377 1713 4443 angelo
1740 4379 1965 4434 salutata
1993 4418 2010 4446 ,
2065 4396 2096 4436 a

506 4450 707 4519 Spiritu
758 4462 946 4510 sancto
993 4457 1353 4527 obumbrata,
1406 4463 1555 4518 illum
1606 4467 1828 4537 gignere
1876 4473 2091 4539 meruit,

503 4542 595 4609 qui
637 4554 825 4599 cuncta
868 4549 1014 4603 nasci
1052 4566 1150 4606 suo
1192 4562 1322 4606 nutu
1359 4557 1625 4611 concessit
1660 4575 1675 4611 :
1706 4574 1827 4627 quae
1864 4562 2094 4617 miraba-

2212 3355 2323 3410 dat.
2359 3359 2554 3412 Amen.
2593 3355 2661 3410 Et
2701 3359 2789 3427 qui
2835 3357 2930 3412 hos
2973 3359 3086 3413 dies
3132 3359 3495 3413 incarnatione
3525 3358 3803 3429 Unigeniti

2212 3448 2294 3503 sui
2321 3447 2447 3502 fecit
2476 3449 2766 3515 solemnes,
2795 3466 2823 3505 a
2847 3450 3052 3506 cunctis
3075 3450 3352 3520 praesentis
3379 3461 3433 3506 et
3460 3450 3654 3506 futura:
3678 3451 3803 3507 vita

2211 3539 2625 3595 adversitatihus
2648 3541 2841 3596 reddat
2859 3542 3161 3598 indemnes.
3185 3544 3376 3599 Amen.
3402 3540 3472 3597 Ut
3493 3541 3585 3613 qui
3608 3541 3679 3598 de
3701 3543 3802 3597 ad-

2214 3638 2375 3684 ventu
2410 3631 2783 3701 Redemptoris
2811 3634 2982 3687 nostri
3008 3635 3303 3688 secundum
3335 3647 3551 3688 carnem
3597 3632 3797 3688 devota

2208 3731 2388 3781 mente
2416 3725 2691 3793 laetamini,
2715 3725 2769 3781 in
2798 3725 3054 3790 secundo,
3080 3741 3204 3780 cum
3237 3726 3290 3781 in
3316 3725 3597 3794 majestate
3626 3740 3798 3781 vene-

2206 3816 2300 3885 rit,
2333 3818 2570 3887 praemiis
2591 3828 2807 3873 aeternze
2834 3818 2956 3874 vitae
2982 3817 3245 3874 ditemini.
3276 3823 3468 3874 Amen.
3494 3816 3649 3885 Quod
3674 3815 3795 3887 ipse
3869 3813 3873 3816 ’

2206 3920 2462 3981 praestare
2487 3912 2759 3982 dignetur.

2276 4003 2360 4057 Ad
2382 4002 2773 4075 Complendum.
2801 4032 2871 4044 -—
2892 4002 3263 4073 lmploramus,
3292 4001 3533 4069 Domine,
3552 4000 3795 4056 clemen-

2207 4096 2335 4151 tiam
2364 4106 2504 4150 tuam
2526 4136 2544 4163 ,
2578 4104 2635 4150 ut
2663 4096 2778 4151 haec
2804 4094 2985 4151 divina
3028 4094 3270 4150 subsidia
3297 4110 3327 4149 a
3355 4095 3499 4151 vitiis
3538 4093 3790 4164 expiatos

2203 4188 2270 4244 ad
2300 4188 2438 4244 festa
2466 4198 2688 4245 ventura
2715 4204 2813 4245 nos
2839 4198 3160 4260 praeparent.
3193 4188 3315 4245 Per.

2678 4298 2863 4339 κεηειε
2900 4299 2934 4338 Χ
2974 4291 3001 4320 ⁰
3042 4297 3196 4338 νειιιλ
3235 4298 3307 4337 ιν.

2273 4372 2496 4441 Praesta,
2526 4388 2855 4443 quaesumus,
2887 4374 3226 4444 omnipotens
3275 4373 3433 4439 Deus,
3467 4379 3523 4427 ut
3572 4371 3788 4429 redem-

2203 4466 2397 4536 ptionis
2420 4478 2617 4522 nostra:
2638 4477 2859 4522 ventura
2882 4467 3212 4531 solemnitas,
3233 4474 3286 4520 et
3314 4464 3592 4535 praesentis
3623 4464 3782 4519 nobis

2201 4559 2321 4613 vitae
2341 4559 2576 4613 subsidia
2598 4559 2857 4625 conferat,
2878 4568 2930 4615 et
2949 4570 3164 4615 mternte
3185 4556 3530 4614 beatitudinis
3554 4555 3784 4627 praemia

503 4638 593 4684 tur
631 4642 683 4687 et
735 4640 975 4706 corporis
1024 4642 1427 4713 integritatem,
1472 4657 1525 4702 et
1563 4659 1853 4719 conceptus
1906 4654 2091 4710 fecun-
2120 4632 2172 4693 Ῑ)
2198 4649 2474 4720 largiatur-
2506 4652 2606 4706 Per
2630 4651 2938 4707 Dominum-

503 4721 746 4792 ditatem,
777 4732 1142 4804 gaudebatque
1181 4751 1337 4792 suum
1380 4738 1612 4806 paritura
1647 4753 1921 4811 parentem
1945 4790 1959 4814 ,
1991 4746 2084 4803 Je-

503 4825 621 4868 sum
652 4817 918 4875 Christum
950 4822 1227 4884 Dominum
1259 4837 1521 4885 nostrum.
1560 4831 1665 4887 Per
1689 4849 1869 4903 quem.

572 4903 888 5003 lienedictio.
916 4944 985 4955 -—
1011 4917 1163 4989 (649)
1197 4921 1370 4989 Deus,
1421 4924 1574 4993 cujus
1603 4923 1863 4981 adventus
1913 4927 2087 4984 incar-

500 4996 730 5049 nationis
780 5003 1077 5067 prmteritus
1132 5008 1412 5076 creditur,
1466 5021 1523 5067 et
1579 5012 1760 5079 judicii
1832 5024 2085 5071 venturus

501 5096 862 5155 exSpectatur,
897 5108 1009 5161 vos,
1043 5105 1328 5167 antequam
1358 5103 1576 5169 veniat,
1629 5102 1808 5172 expiet
1830 5103 1911 5173 ab
1939 5106 2086 5161 omni

498 5181 817 5249 contagione
843 5184 1043 5242 delicti.
1064 5194 1255 5246 Amen.
1289 5192 1443 5249 Prius
1474 5195 1525 5249 in
1553 5194 1707 5251 vobis
1729 5196 1896 5251 diluat
1926 5211 2086 5253 omne

498 5270 639 5338 quod
664 5273 751 5327 illa
785 5274 963 5332 futura
990 5284 1385 5341 examinatione
1421 5289 1701 5354 puniturus
1734 5300 1835 5359 est,
1877 5302 1936 5347 ut
1960 5307 2080 5346 cum

489 5359 667 5431 justus
710 5367 985 5427 advenerit
1010 5374 1195 5446 judex,
1231 5394 1337 5434 non
1390 5381 1446 5435 in
1478 5382 1628 5438 vobis
1673 5384 1909 5442 inveniat
1938 5386 2080 5458 quod

496 5455 835 5546 condemnet.
867 5463 1056 5520 Amen.
1084 5468 1198 5535 Quo
1226 5471 1473 5527 veniente
1502 5488 1607 5529 non
1632 5474 1915 5531 incurratis
1947 5455 2078 5546 sup-

442 5578 449 5587 .
493 5542 708 5610 plicium
755 5563 1032 5622 aeternum,
1067 5561 1158 5615 sed
1189 5566 1606 5622 remuneremini
1649 5568 1887 5625 donariis
1925 5584 2080 5625 sem-

494 5638 733 5705 piternis.
771 5646 961 5702 Amen.
1001 5651 1149 5717 Quod
1180 5654 1293 5724 ipse
1322 5668 1576 5728 prazstare
1605 5660 1875 5730 dignetur.

566 5769 589 5794 '
624 5762 675 5815 In
716 5764 944 5840 ΔΚτιιοηά.
992 5773 1146 5831 Rom.
1205 5783 1363 5837 statio
1418 5786 1485 5837 ad
1542 5794 1772 5840 sanctam
1822 5783 2067 5839 Mariam.

494 5832 841 5905 Evangelium
869 5841 1061 5905 Missus
1097 5857 1171 5908 est
1196 5832 1491 5923 ,‘u'i’éniii.
1524 5832 2065 5926 tiéiiié'iogiiiifijil

2268 4744 2406 4797 Atia.
2431 4774 2502 4785 —
2528 4744 2762 4811 Festina,
2793 4758 3119 4815 qttazsumus,
3154 4743 3394 4807 Domine,
3430 4756 3498 4797 ne
3526 4742 3782 4797 tardave-

2196 4832 2298 4900 ris,
2329 4843 2383 4889 et
2409 4836 2666 4890 auxilium
2698 4835 2849 4890 nobis
2892 4849 3138 4904 supernae
3170 4833 3382 4888 virtutis
3417 4834 3687 4903 impende,
3721 4841 3783 4887 ut

2197 4923 2456 4980 adventus
2487 4927 2559 4981 tui
2599 4925 3055 4980 consolationibus
3084 4925 3433 4980 subleventur
3471 4923 3561 4994 qui
3592 4923 3646 4977 in
3684 4931 3775 4976 tua

2194 5018 2394 5087 pietate
2423 5018 2714 5073 confidunt.
2749 5017 2848 5085 Qui
2879 5017 3011 5072 vivis
3036 5025 3089 5071 et
3114 5030 3328 5087 regnas.

2268 5112 2439 5182 Super
2464 5113 2654 5167 oblata.
2678 5137 2748 5153 -ί
2777 5112 2938 5166 Grata
2971 5111 3066 5164 tibi
3106 5113 3230 5175 sint,
3263 5108 3521 5176 Domine,
3552 5121 3774 5163 munera

2191 5206 2389 5276 quibus
2413 5208 2662 5277 mysteria
2684 5207 3023 5262 celebrantur
3044 5216 3240 5259 nostrae
3266 5204 3526 5259 libertatis
3547 5214 3602 5258 et
3626 5204 3771 5257 vitae.

2192 5296 2295 5353 Per
2326 5298 2610 5353 Dominum
2638 5306 2879 5353 nostrum
2909 5297 3091 5352 Jesum
3119 5296 3386 5352 Christum

2268 5391 2425 5461 190
2442 5389 2929 5461 Prtefatio.——Vere
2941 5390 3154 5459 dignum
3169 5398 3222 5444 et
3235 5389 3438 5458 justum
3452 5395 3770 5455 est,aequutn

2191 5491 2243 5537 et
2273 5484 2539 5551 salutare,
2570 5498 2667 5538 nos
2692 5484 2780 5538 tibi
2806 5497 3020 5551 semper
3043 5490 3097 5537 et
3124 5481 3320 5551 ubique
3358 5480 3555 5549 gratias
3583 5493 3764 5549 agere,

2190 5572 2416 5628 Domine
2443 5583 2646 5641 sancte,
2688 5574 2844 5631 Pater
2863 5575 3217 5643 omnipotens,
3251 5583 3456 5628 aeterne
3481 5572 3640 5635 Deus,
3670 5584 3770 5641 per

2187 5663 2459 5722 Christum
2506 5667 2785 5722 Dominum
2832 5676 3114 5723 nostrum:
3145 5668 3236 5738 qui
3281 5666 3349 5722 ab
3392 5664 3622 5736 antiquis
3673 5679 3768 5733 pa-

2184 5786 2305 5840 dem
2334 5792 2417 5839 est
2441 5783 2603 5840 statio
2628 5782 2683 5840 in
2709 5781 2941 5840 Calensi.

3757 5925 3787 5961 ‘-
