4128 6346
324 314 446 375 105

1508 314 1712 375 LIBER
1750 310 2393 373 SACRAMENTORUM.

2026 225 2069 246 ζμ.
2084 229 2093 239 ν
2120 229 2139 245 .3
2148 228 2272 261 ‘2‘?

3503 333 3609 393 194

318 413 508 472 tribus
532 416 894 482 exspectatus,
943 412 1013 469 ab
1055 412 1244 485 angelo
1290 412 1583 480 nuntiatus,
1617 428 1647 466 a
1690 411 1910 482 Virgine
1939 415 1987 473 Α
2017 406 2243 463 famulos
2267 418 2384 462 tuos
2414 422 2519 463 non
2543 408 2959 467 exuratﬁamma
2986 410 3263 471 vitiorum.
3297 416 3399 474 Pe’r
3424 420 3608 479 Domi-

317 512 642 575 conceptus,
675 504 726 558 in
754 504 863 559 ﬁne
887 506 1202 559 saeculorum
1235 503 1539 559 hominibus
1571 513 1652 559 est
1677 519 1911 573 praesen-

316 604 493 654 tatus.
516 596 637 664 Qui,
670 599 1129 667 appropinquante
1151 596 1452 652 Nativitatis
1481 612 1593 651 sure
1625 596 1784 663 festo,
1813 597 1909 665 ita,

316 704 652 763 quaesumus,
684 690 756 746 sit
785 691 936 746 nobis
966 690 1218 760 placatus,
1243 691 1469 762 qualiter
1492 701 1688 758 tecum,
1715 701 1909 748 etcum

318 782 531 853 Spiritu
561 790 749 838 sancto
771 782 839 838 ad
863 797 962 838 nos
988 783 1167 840 veniat
1192 784 1468 839 nobiscum
1497 786 1759 855 perpetim
1788 800 1909 855 per-

316 890 634 933 mansurus.
662 875 766 932 Per
794 891 975 947 quem.

292 958 309 1015 ὶ
354 1027 363 1032 ,
393 969 479 1025 Ad
519 970 911 1041 Complendum.
938 1000 1011 1013 —
1032 967 1363 1028 Conservent
1401 984 1531 1039 nos,
1563 986 1869 1040 quaesumus
1890 1011 1906 1037 ,

320 1062 575 1129 Domine,
604 1077 825 1118 munera
849 1072 958 1131 tua,
990 1072 1047 1120 et
1082 1080 1177 1134 per
1212 1066 1494 1121 adventum
1532 1062 1797 1136 Unigeniti
1830 1066 1908 1122 tui

315 1154 566 1214 tribuant
586 1156 743 1214 nobis
763 1158 923 1213 vitam
948 1166 1224 1216 mternam.
1256 1159 1357 1228 Qui
1389 1169 1585 1217 tecum.

393 1246 563 1319 Super
602 1249 967 1320 populum.-——
994 1249 1191 1307 Gratiae
1242 1261 1363 1315 tum,
1412 1265 1738 1320 quaesumus,
1790 1244 1908 1305 Do-

315 1338 489 1403 mine,
512 1339 842 1409 supplicibus
874 1342 975 1396 tuis
1005 1342 1175 1397 tribue
1206 1342 1529 1412 largitatem,
1562 1350 1621 1396 ut
1655 1343 1907 1399 mandata

315 1436 435 1496 tua,
458 1438 510 1486 te
528 1422 843 1500 opitulante,
868 1441 1156 1500 sectantes,
1180 1434 1600 1489 consolationem
1624 1436 1907 1505 praesentis

315 1523 443 1577 vita:
467 1524 758 1593 percipiant
787 1532 841 1579 et
867 1523 1083 1580 futurae.
1108 1525 1211 1581 Per
1240 1526 1546 1581 Dominum.

950 1624 975 1652 τί
1007 1632 1166 1672 FERIA
1191 1632 1265 1673 νι.

390 1700 597 1772 Excita,
645 1720 971 1775 quaesumus,
1024 1708 1268 1775 Domine,
1316 1709 1609 1778 potentiam
1657 1717 1801 1765 tuam
1849 1718 1906 1765 et

2015 517 2140 556 num
2172 512 2435 556 nostrum.

2087 594 2257 663 Super
2298 595 2581 649 oblata.—
2609 594 2865 651 Ecclesia:
2914 604 3039 664 tuae,
3089 598 3329 668 Domine,
3381 619 3605 661 munera

2012 686 2305 756 sanctiﬁca,
2338 697 2389 741 et
2416 687 2651 743 concede
2673 698 2731 744 ut
2763 705 2855 757 per
2878 691 2992 746 haec
3016 696 3319 751 veneranda
3345 702 3600 769 mysteria

2012 793 2150 849 pane
2170 780 2373 834 caelesti
2394 781 2541 836 reﬁci
2566 797 2882 838 mereamur.
2900 785 3003 841 Per
3025 785 3310 845 Dominum
3330 802 3599 849 nostrum.

2085 870 2357 944 Prtefatio.
2380 905 2450 915 —
2471 876 2609 932 Vere
2638 879 2853 949 dignum
2875 891 2930 936 et
2954 881 3155 949 justum
3180 894 3286 955 est,
3313 902 3523 958 aequum
3546 899 3605 946 et

2011 965 2267 1033 salutare,
2297 984 2394 1025 nos
2421 970 2510 1024 tibi
2537 984 2752 1042 semper
2770 980 2825 1027 et
2847 974 3042 1045 ubique
3068 979 3268 1047 gratias
3288 994 3464 1051 agere,
3496 982 3603 1038 Do-

2011 1060 2155 1115 mine
2196 1070 2402 1128 sancte,
2434 1063 2597 1120 Pater
2634 1066 2995 1137 omnipotens,
3046 1078 3249 1129 aeterne
3292 1074 3472 1132 Deus:
3507 1078 3601 1147 qui

2011 1166 2119 1207 non
2143 1152 2316 1209 solum
2346 1165 2565 1225 peccata
2590 1157 2832 1227 dimittis,
2864 1162 2959 1217 sed
2983 1162 3126 1232 ipsos
3150 1166 3315 1222 etiam
3336 1166 3601 1237 justiﬁcas

2011 1257 2342 1318 peccatores,
2377 1258 2431 1304 et
2460 1250 2567 1306 reis
2597 1268 2701 1306 non
2734 1261 2938 1309 tantum
2975 1267 3195 1325 peccata
3231 1260 3463 1328 relaxas,
3498 1263 3597 1319 sed

2009 1336 2146 1393 dona
2191 1339 2403 1409 largiris
2443 1352 2497 1397 et
2536 1344 2751 1412 praemia
2788 1363 2803 1399 :
2852 1347 3005 1417 cujus
3056 1364 3155 1404 nos
3187 1352 3437 1419 pietatem
3467 1368 3599 1425 sup-

2010 1428 2179 1499 plices
2210 1444 2513 1499 exoramus,
2550 1442 2607 1489 ut
2635 1436 2724 1505 qui
2761 1436 2983 1510 jejuniis
3012 1451 3065 1495 et
3104 1442 3242 1497 votis
3270 1444 3601 1502 solemnibus

2009 1521 2345 1577 nativitatem
2399 1522 2666 1593 Unigeniti
2716 1528 2791 1581 tui
2842 1530 3221 1599 praevenimus,
3270 1532 3413 1590 illius
3458 1536 3602 1592 dono

2008 1619 2064 1666 et
2117 1615 2397 1681 praesentis
2440 1616 2563 1669 vitae
2620 1617 3113 1685 perturbationibus
3166 1636 3489 1691 careamus,
3544 1636 3604 1682 et

2010 1711 2207 1758 mterua
2264 1718 2486 1760 munera
2534 1705 2834 1775 capiamus.
2890 1707 2994 1763 Per
3050 1724 3209 1781 quem
3266 1712 3598 1783 Majestatem

312 1794 459 1865 veni,
490 1804 545 1851 ut
581 1796 634 1852 hi
673 1798 763 1868 qui
794 1798 848 1853 in
878 1809 961 1853 tua
1003 1800 1201 1869 pietate
1229 1802 1525 1869 conﬁdunt,
1554 1802 1621 1856 ab
1648 1803 1789 1858 omni
1816 1803 1898 1857 ci-
1928 1800 1979 1861 B
2006 1805 2173 1852 luam-

316 1887 422 1944 tius
450 1889 770 1947 adversitate
798 1892 1110 1949 liberentur.
1136 1894 1235 1962 Qui
1268 1895 1403 1950 vivis
1430 1904 1485 1950 et
1510 1911 1725 1965 regnas.

385 1980 558 2054 Super
589 1983 781 2040 oblata.
802 2015 874 2025 —
899 1984 1103 2040 Praesm
1126 2027 1142 2051 ,
1176 1989 1428 2053 Domine,
1467 2004 1809 2058 quaesumus,
1843 1999 1902 2046 ut

310 2073 491 2130 dicato
522 2075 732 2131 muneri
755 2086 1135 2147 congruentem
1167 2086 1366 2134 nostra:
1386 2079 1684 2135 devotionis
1707 2079 1901 2136 offera-

309 2181 428 2222 mus
457 2166 728 2228 effectum.
757 2168 881 2224 Per.

378 2260 655 2331 Praefatio.
680 2291 745 2304 --
770 2261 908 2318 Vere
929 2262 1147 2333 dignum
1176 2272 1228 2319 et
1248 2264 1449 2333 justum
1482 2273 1583 2330 est,
1608 2281 1818 2336 aequum
1842 2273 1899 2321 et

310 2352 567 2420 salutare,
592 2367 689 2408 nos
721 2354 812 2410 tibi
835 2369 1051 2425 semper
1079 2366 1132 2411 et
1154 2355 1351 2425 ubique
1374 2358 1570 2426 gratias
1593 2372 1766 2425 agere,
1789 2357 1897 2413 Do-

310 2443 456 2498 mine
494 2453 699 2508 sancte,
749 2442 907 2500 Pater
952 2446 1313 2515 omnipotens,
1353 2454 1554 2503 aeterne
1584 2448 1723 2504 Deus
1753 2448 1895 2518 :‘qui

312 2534 674 2591 sanctiﬁcator
695 2544 751 2592 et
771 2536 1043 2593 institutor
1063 2551 1122 2592 es
1155 2538 1512 2606 abstinentiae,
1539 2540 1688 2611 cujus
1713 2541 1892 2599 nullus

312 2628 456 2696 ﬁnis,
497 2628 778 2698 nullusque
820 2639 904 2685 est
951 2646 1227 2698 numerus,
1276 2631 1507 2698 ellunde,
1556 2650 1887 2706 quaesumus,

307 2735 469 2791 super
491 2736 609 2788 nos,
642 2722 697 2776 in
719 2721 904 2778 diebus
926 2721 1251 2793 jejuniorum
1276 2734 1603 2795 nostrorum,
1630 2727 1889 2798 Spiritum

306 2814 492 2884 gratiae
515 2813 789 2883 salutaris,
819 2824 872 2871 et
901 2816 970 2871 ab
997 2816 1247 2874 omnibus
1268 2832 1366 2875 nos
1392 2821 1891 2888 perturbationibus

307 2904 489 2961 saeculi
517 2905 672 2975 hujus
713 2914 800 2962 tua
830 2907 1141 2965 defensione
1166 2924 1441 2978 conserva,
1476 2922 1533 2967 ut
1561 2914 1649 2984 qui
1686 2906 1887 2985 linige-

310 2998 408 3053 niti
432 2998 511 3053 tui
539 2998 874 3055 celebramus
901 3002 1211 3072 adventum,
1240 3004 1549 3060 continuum
1595 3007 1715 3078 ejus
1759 3023 1889 3066 sen-

308 3091 502 3147 tiamus
528 3091 808 3159 auxilium.
840 3093 944 3149 Per
968 3110 1125 3165 quem
1158 3096 1490 3166 Majestatem
1524 3108 1690 3155 tuam.

2074 1892 2156 1945 Ad
2225 1891 3086 1964 Complendum.-—-Qu:esumns,
3158 1897 3384 1953 Domine
3452 1898 3595 1955 Deus

2002 1992 2211 2050 noster,
2247 1993 2300 2038 ut
2334 1995 2675 2041 sacrosancta
2706 1988 2979 2058 mysteria,
3004 2002 3124 2058 quae
3164 2004 3264 2060 pro
3292 1994 3594 2061 reparatio-

2003 2081 2086 2134 nis
2116 2089 2314 2135 nostra:
2345 2080 2641 2135 munimine
2662 2081 2957 2150 contulisti,
2985 2089 3040 2137 et
3062 2097 3300 2153 praesens
3333 2079 3488 2141 nobis
3508 2099 3598 2142 re-

2003 2170 2239 2225 medium
2267 2184 2386 2225 esse
2410 2170 2574 2226 facias
2604 2179 2657 2226 et
2686 2170 2947 2227 futurum.
2978 2173 3102 2228 Per.

2194 2260 2344 2333 (651)
2384 2278 2636 2319 DOIﬂNlCA
2675 2278 2694 2317 ι
2734 2278 2875 2319 anu
2915 2281 3163 2320 nam.“
3200 2281 3405 2322 DOllNl.

2071 2355 2278 2419 Excita,
2309 2354 2556 2420 Domine,
2588 2357 2881 2422 potentiam
2912 2364 3054 2410 tuam
3078 2364 3132 2412 et
3156 2355 3299 2423 veni,
3321 2366 3377 2413 et
3399 2371 3591 2430 magna

1998 2445 2156 2501 nobis
2182 2447 2378 2501 virtute
2422 2461 2694 2512 succurre,
2740 2456 2800 2502 ut
2838 2461 2933 2518 per
2962 2447 3220 2504 auxilium
3246 2452 3429 2520 gratia:
3460 2459 3589 2519 tuae,

1998 2541 2143 2611 quod
2198 2549 2380 2596 nostra
2433 2550 2651 2609 peccata
2706 2540 3059 2610 praepediunt,
3108 2540 3436 2613 indulgentia
3486 2553 3592 2599 tuae

1996 2631 2391 2703 prepitiationis'
2411 2633 2697 2688 acceleres.
2722 2631 2825 2699 Qui
2859 2631 2995 2688 vivis
3015 2640 3069 2688 et
3091 2647 3306 2705 regnas,
3330 2648 3453 2690 cum
3478 2635 3590 2689 Deo

1999 2724 2158 2780 Patre
2207 2726 2258 2778 in
2291 2725 2495 2779 unitate
2525 2722 2757 2793 Spiritus
2804 2723 3012 2790 sancti,
3044 2722 3204 2779 Deus.
3238 2724 3342 2780 Per
3384 2725 3586 2780 omnia.

2066 2815 2239 2886 Super
2259 2815 2450 2869 oblata.
2468 2842 2539 2854 -
2557 2815 2680 2868 Hme
2706 2813 2821 2881 tibi,
2845 2813 3093 2881 Domine,
3115 2813 3291 2870 oblata
3320 2814 3583 2886 benignus

1993 2906 2377 2963 sanetiﬁcanda
2415 2919 2628 2961 assume
2648 2906 2919 2971 libamina,
2951 2914 3010 2960 ut
3028 2904 3217 2961 eorum
3241 2907 3583 2976 perceptione

1993 3002 2271 3071 expiemur
2291 3014 2322 3054 a
2359 3000 2607 3069 crimine,
2631 3008 2683 3054 et
2705 2999 2967 3055 adventus
2984 2998 3104 3055 Filii
3127 3000 3200 3055 tui
3220 2999 3447 3071 gloriam
3470 3015 3585 3057 me-

1994 3108 2209 3150 reamur
2250 3093 2476 3149 interriti
2514 3091 2833 3162 praestolari.
2876 3091 2980 3149 Per
3004 3092 3253 3149 eumdem
3287 3092 3576 3149 Dominum

375 3183 457 3237 Ad
476 3182 863 3253 Complendum.
886 3214 955 3224 —-
972 3185 1187 3242 Prosint
1207 3188 1380 3254 nobis,
1406 3188 1649 3258 Domine,
1673 3201 1885 3262 sumpta
1919 3184 1966 3247 C
1998 3192 2257 3240 nostrum-

304 3274 589 3346 mysteria;
630 3277 935 3347 pariterque
975 3292 1073 3333 nos
1110 3287 1165 3335 et
1199 3294 1231 3335 a
1274 3282 1508 3350 peccatis
1552 3290 1780 3351 exuant,
1833 3292 1890 3340 et

302 3367 567 3439 praesidiis
596 3376 701 3424 tua:
725 3370 1116 3440 propitiationis
1158 3372 1423 3429 attollant.
1465 3373 1568 3430 Per
1596 3373 1884 3432 Dominum

302 3467 565 3515 nostrum.

581 3549 609 3591 δ
646 3566 880 3609 ελωιλτο
918 3568 970 3610 IN
1010 3567 1085 3607 xu
1122 3567 1281 3611 LECT.
1324 3570 1511 3612 uessrs
1546 3571 1601 3611 ι.

376 3646 537 3714 Deus,
561 3646 653 3717 qui
678 3646 947 3715 conspicis
991 3646 1112 3716 quia
1148 3662 1214 3703 ex
1247 3659 1427 3704 nosua
1456 3648 1716 3719 pravitate
1742 3649 1883 3706 alﬁi-

300 3741 496 3810 gimur,
524 3739 761 3796 concede
783 3740 1041 3811 propitius
1066 3749 1124 3797 ut
1150 3755 1217 3797 ex
1246 3750 1332 3797 tua
1362 3742 1669 3799 visitatione
1693 3757 1887 3799 conso-

298 3833 491 3888 lemur.
520 3832 643 3890 Per.

373 3924 509 3979 Alia.
531 3954 601 3965 —
624 3924 893 3993 Concede,
921 3939 1246 3996 quaesumus,
1280 3925 1616 3997 omnipotens
1640 3926 1803 3998 Deus,
1832 3936 1888 3984 ut

299 4016 427 4086 quia
452 4016 551 4072 sub
580 4019 784 4088 peccati
823 4017 949 4087 iugo
984 4032 1053 4074 ex
1092 4027 1303 4075 vetusta
1331 4020 1590 4076 servitute
1621 4020 1883 4089 deprimi-

299 4122 459 4176 mur,
503 4118 809 4180 exspectata
858 4109 1131 4181 Unigeniti
1162 4110 1282 4166 Filii
1326 4112 1402 4167 tui
1441 4128 1577 4168 nova
1609 4113 1885 4170 nativitate

297 4201 608 4259 liberemur.
633 4204 735 4272 Qui
769 4213 942 4259 tecum
964 4205 1095 4259 vivit
1119 4213 1173 4260 et
1203 4217 1391 4275 regnat
1418 4206 1582 4263 Deus.

376 4297 531 4368 191
564 4295 1030 4369 Alia.—lndignos
1049 4311 1169 4364 nos,
1187 4313 1517 4369 quaesumus,
1543 4300 1783 4367 Domine,
1807 4301 1880 4355 l’a-

298 4388 473 4444 mulos
505 4397 653 4453 tuos,
692 4402 827 4458 quos
857 4387 1084 4443 actionis
1114 4388 1343 4455 proprias
1377 4388 1537 4459 culpa
1583 4391 1881 4456 contristat,

301 4478 572 4550 Unigeniti
602 4478 723 4533 Filii
764 4479 839 4533 tui
866 4478 1098 4534 adventu
1125 4477 1353 4535 laetiﬁca.
1380 4479 1480 4546 Qui
1511 4488 1711 4538 tecum.

2068 3274 2340 3347 Praefatio.
2367 3302 2438 3316 —-
2460 3274 2601 3331 Vere
2627 3274 2846 3344 dignum
2870 3284 2924 3330 et
2946 3273 3150 3345 justum
3169 3279 3273 3345 est,
3296 3288 3507 3346 aequum
3528 3274 3596 3344 θη

1992 3366 2247 3431 salutare,
2266 3366 2421 3438 192
2438 3379 2537 3421 nos
2559 3365 2653 3421 tibi
2676 3378 2891 3435 semper
2918 3374 2970 3419 et
2982 3365 3177 3435 ubique
3189 3366 3383 3435 gratias
3395 3378 3579 3433 agere,

1994 3459 2220 3514 Domine
2240 3470 2448 3524 sancte,
2473 3458 2632 3514 Pater
2653 3459 2993 3527 omnipotens
3012 3500 3027 3525 ,
3058 3463 3259 3513 aeterne
3288 3455 3451 3524 Deus,
3485 3469 3584 3526 per

1992 3551 2266 3607 Christum
2309 3551 2591 3606 Dominum
2630 3558 2869 3605 nostrum
2902 3567 2916 3602 :
2958 3564 3121 3619 quem
3167 3548 3399 3604 Joannes
3437 3561 3581 3617 prae-

1992 3644 2156 3698 cessit
2196 3642 2486 3710 nascendo,
2525 3650 2581 3697 et
2615 3641 2674 3696 in
2703 3641 2935 3696 desertis
2964 3640 3133 3696 eremi
3161 3637 3501 3709 praedicando
3525 3644 3582 3693 et

1990 3735 2045 3789 in
2075 3733 2288 3790 ﬂuentis
2316 3732 2569 3789 Jordanis
2590 3732 2931 3802 baptizando,
2958 3740 3011 3789 et
3033 3732 3101 3788 ad
3123 3731 3329 3787 inferna
3354 3731 3580 3786 descen-

1994 3825 2171 3880 dendo
2202 3840 2217 3879 :
2248 3823 2400 3895 cujus
2428 3823 2749 3878 venerandae
2778 3824 3073 3878 nativitatis
3094 3822 3337 3892 proxime
3357 3829 3579 3876 ventura

1995 3913 2309 3972 solemnitas
2338 3914 2410 3968 ita
2443 3926 2541 3968 nos
2561 3954 2578 3981 ,
2608 3926 2943 3983 quaesumus,
2976 3911 3072 3967 tibi
3112 3911 3337 3980 placitos
3366 3909 3581 3976 reddat,

1993 4018 2051 4063 ut
2081 4021 2202 4062 cum
2235 4004 2408 4061 fructu
2454 4006 2717 4061 bonorum
2765 4017 2987 4074 operum
3029 4002 3099 4059 ad
3143 4015 3308 4073 regna
3339 4000 3583 4057 coelestia

1993 4098 2318 4165 introducat,
2362 4106 2418 4152 ut
2450 4097 2683 4167 parando
2713 4095 2767 4150 in
2788 4092 3038 4151 cordibus
3066 4094 3264 4148 nostris
3293 4094 3433 4148 viam
3465 4092 3578 4147 Do-

1991 4192 2159 4258 mino,
2207 4189 2519 4259 fructusque
2559 4187 2750 4259 dignos
2795 4186 3125 4257 paenitentiae
3175 4183 3444 4252 faciendo,
3483 4198 3582 4254 per

1993 4283 2432 4354 prmdicationcm
2462 4282 2685 4338 Joannis
2713 4281 3148 4350 obtemperemus
3169 4277 3387 4332 monitis
3406 4276 3581 4332 nostri

1990 4375 2313 4431 Salvatoris.
2343 4375 2539 4445 Sicque
2568 4373 2942 4445 perveniamus
2962 4386 3059 4442 per
3085 4369 3253 4425 ﬁlium
3283 4368 3482 4425 sterilis
3503 4368 3573 4422 ad

1989 4468 2183 4524 Filium
2219 4469 2468 4539 Virginis,
2500 4481 2598 4539 per
2625 4469 2888 4525 Joannem
2920 4463 3190 4519 hominem
3220 4475 3472 4532 magnum
3496 4460 3567 4516 ad

371 4568 509 4622 Alia.
532 4598 604 4609 -
628 4568 854 4637 Praesta,
883 4583 1189 4639 quaesumus
1207 4609 1223 4636 ,
1252 4571 1593 4641 omnipotens
1623 4574 1785 4640 Deus,
1821 4583 1879 4631 ιιι
1909 4565 1961 4627 D
1991 4562 2237 4618 eumdem
2262 4560 2548 4616 Dominum
2573 4569 2815 4617 nostrum
2838 4557 3111 4614 hominem
3139 4557 3328 4622 Deum,
3351 4554 3443 4625 qui
3468 4552 3576 4608 sie-

297 4659 423 4718 Filii
450 4660 526 4715 tui
554 4669 779 4715 ventura
817 4661 1152 4726 solemnitas,
1176 4672 1228 4719 et
1257 4665 1540 4733 prasentis
1562 4667 1717 4722 nobis
1751 4668 1880 4723 vitae

297 4753 534 4811 remedia
568 4753 831 4821 conferat,
872 4763 928 4810 et
969 4755 1185 4826 praemia
1222 4764 1421 4813 aeterna
1458 4762 1738 4814 concedat.
1777 4757 1880 4816 Per

296 4848 567 4905 eumdem.

368 4943 780 4999 Alia.—Preces
809 4943 986 5014 populi
1017 4944 1115 5010 tul,
1146 4958 1472 5013 quaesumus,
1500 4944 1747 5008 Domine.
1774 4944 1879 5002 cle-

296 5046 507 5095 menter
533 5037 749 5107 exandi,
780 5046 836 5093 ut
861 5038 951 5109 qui
965 5038 1110 5109 jnste
1138 5053 1234 5108 pro
1256 5040 1490 5109 peccatis
1518 5039 1716 5093 nostris
1740 5037 1880 5094 afﬂi-

296 5130 490 5201 gimur,
522 5128 739 5201 pietatis
776 5138 881 5186 tuae
907 5128 1209 5186 visitatione
1245 5130 1604 5187 consolemur.
1636 5130 1739 5186 Per
1768 5129 1880 5188 Do-

298 5238 525 5386 ωιὶἓὲἓί
548 5314 668 5370 Alia
693 5313 762 5369 ad
793 5313 1032 5371 Missam.
1052 5345 1124 5357 —
1145 5315 1318 5383 Deus,
1358 5315 1446 5386 qui
1480 5314 1650 5371 tribus
1693 5316 1879 5386 pueris

296 5405 548 5477 mitigasti
591 5406 832 5464 ﬂammas
861 5408 1059 5479 ignium
1080 5448 1095 5476 ,
1129 5408 1363 5466 concede
1395 5409 1653 5479 propitius
1687 5417 1743 5464 ut
1775 5422 1873 5465 nos

367 5577 395 5605 ει
430 5566 511 5620 Ex
535 5564 722 5620 eodem
770 5562 1087 5619 Kalendario
1115 5574 1171 5618 et
1196 5561 1329 5619 Cod.
1361 5561 1478 5627 Cal,
1520 5562 1679 5616 statio
1708 5561 1766 5615 lit
1804 5563 1871 5616 ad

298 5638 587 5707 Apostolos.
620 5634 787 5705 llujus
809 5637 954 5690 feria:
977 5635 1231 5706 Evangel.
1254 5634 1554 5703 assignatur
1578 5630 1874 5702 Exsurgens

301 5710 468 5763 Maria
496 5707 620 5762 abiit
649 5707 703 5759 in
729 5714 886 5761 ment.

369 5779 395 5818 b
424 5778 484 5834 ιη
515 5776 925 5834 Kalend.‘Rom.
958 5778 1117 5849 statio
1140 5776 1390 5841 indicitur
1419 5777 1485 5831 ad
1516 5783 1744 5831 sanctum
1776 5774 1874 5843 Pc-

1992 4662 2053 4710 ut
2080 4656 2227 4710 venit
2256 4654 2321 4707 ad
2360 4668 2459 4709 nos
2500 4651 2873 4709 redimendum
2912 4649 3189 4712 occultus,
3218 4646 3288 4700 ita
3313 4644 3575 4715 justiﬁcet

1988 4762 2109 4804 cum
2147 4746 2214 4801 ad
2237 4746 2581 4817 judicandum
2613 4746 2821 4800 venerit
2846 4740 3179 4799 manifestus.
3202 4738 3309 4794 Per
3336 4753 3519 4809 quem.

2057 4841 2469 4897 Benedictio.—-
2499 4840 2662 4907 Deus,
2713 4839 2802 4910 qui
2848 4850 2944 4892 vos
2983 4843 3039 4891 et
3078 4833 3271 4905 prioris
3313 4832 3576 4887 adventus

1988 4937 2156 5008 gratia
2196 4934 2491 5006 reparavit,
2537 4941 2591 4988 et
2637 4932 2693 4987 in
2740 4929 2976 4986 secundo
3018 4928 3268 4984 daturum
3317 4939 3379 4981 se
3422 4924 3575 4979 vobis

1990 5047 2216 5102 regnum
2259 5045 2381 5085 cum
2432 5029 2631 5083 sanctis
2678 5026 2882 5097 angelis
2931 5024 3267 5096 repromisit,
3315 5024 3575 5078 adventus

1988 5124 2070 5177 sui
2096 5136 2189 5177 vos
2211 5120 2568 5176 illustrations
2587 5118 2903 5174 sanctiﬁcet.
2928 5116 3124 5173 Amen.
3148 5114 3370 5171 Vincula
3395 5120 3575 5169 vestra

1989 5215 2280 5280 dissolvat,
2325 5221 2609 5282 antequam
2652 5211 2862 5280 veniat,
2904 5221 2988 5279 ut,
3034 5208 3245 5264 liberati
3284 5223 3316 5261 a
3344 5201 3575 5261 vinculis

1987 5317 2350 5379 peccatorum,
2404 5306 2637 5361 interriti
2682 5304 3018 5361 tremendum
3075 5302 3197 5372 ejus
3250 5296 3573 5368 exspectetis

1985 5406 2291 5460 adventum.
2321 5407 2515 5462 Amen.
2549 5404 2615 5459 Et
2642 5416 2796 5473 quem
2824 5401 3033 5456 venisse
3054 5399 3109 5452 in
3148 5395 3308 5451 terris
3334 5405 3431 5464 pro
3473 5403 3571 5446 ve-

1981 5573 2134 5619 trum.
2163 5562 2534 5619 Praescribitnr
2562 5559 2845 5635 legendum
2866 5558 3071 5635 Evang.
3098 5554 3245 5635 ᾼηηο
3269 5552 3337 5635 l§
3366 5551 3571 5635 imperii

1981 5635 2191 5692 Tiberii.
2225 5637 2380 5690 Hom.
2420 5636 2492 5688 ΞΟ
2530 5624 2700 5687 εεηόιί
2732 5627 2973 5703 Gregorii
3013 5627 3066 5677 in
3104 5626 3253 5703 hanc
3290 5624 3569 5703 Evangelii

1982 5706 2266 5762 lectionem
2287 5706 2480 5760 dicitur
2502 5705 2677 5759 habita
2706 5693 3011 5774 inAbasiliea
3039 5693 3206 5774 sancti
3228 5693 3385 5749 Joan.
3412 5693 3569 5773 Bapt.

1986 5776 2043 5849 In
2071 5778 2183 5834 Cal.
2214 5788 2332 5848 post
2362 5780 2461 5832 hoc
2488 5776 2652 5832 Sabb.
2679 5771 2871 5839 legitur
2900 5783 2912 5820 :
2952 5765 3160 5818 Domin.
3186 5775 3349 5821 vacat.
