4042 6350
495 400 598 458 tas
1716 388 1956 449 SANCTI
1996 386 2321 449 GREGORII
2364 388 2573 446 MAGNI
3664 393 3765 455 ηρ

492 526 605 573 stra
634 517 804 571 salute
830 511 1070 575 creditis,
1106 514 1499 576 venturumque
1539 510 1604 562 ad
1633 506 1891 577 judicium
1916 509 2079 563 susti-
2110 518 2169 585 Α
2191 519 2306 559 sum
2336 504 2455 559 Filii
2502 504 2574 557 tui
2608 502 2813 558 Domini
2862 502 3029 559 nostri
3079 503 3221 560 nulla
3267 506 3560 577 impediant
3605 524 3766 580 opere

493 610 652 678 netis,
675 610 790 677 ejus
812 607 1075 660 adventus
1101 601 1323 671 gloriam
1349 599 1595 667 impavidi
1621 599 1933 654 mereamini
1956 615 2085 655 con-
2186 608 2334 651 actus
2358 598 2576 661 terreni,
2610 598 2702 651 sed
2731 597 2961 651 cmlestis
3000 597 3288 666 Sapientia:
3329 601 3558 656 eruditio
3602 601 3763 658 faciat

494 703 651 756 tueri.
686 703 876 756 Amen.
907 694 1059 764 Quod
1094 693 1213 762 ipse
1245 704 1501 762 prtestare
1530 692 1795 761 dignetur.
2188 701 2284 740 nos
2313 685 2430 756 ejus
2461 701 2579 740 esse
2613 696 2910 741 consortes.
2936 688 3033 755 Qui
3058 698 3252 745 tecum.

569 793 651 848 Ad
673 792 1064 863 complendum.
1093 814 1164 827 --
1194 784 1393 840 Tribue
1418 783 1591 849 nobis,
1634 783 1878 852 Domine,
1922 786 2083 840 cmle-
2260 780 2397 833 Atia.
2429 809 2500 820 —
2522 780 2741 846 Praesta,
2767 796 3073 851 quaesumus
3093 823 3107 848 ,
3140 784 3483 851 omnipotens
3511 783 3686 851 Deus,
3716 797 3773 840 nt

496 886 594 941 stis
636 898 835 941 mensae
865 881 1065 937 virtute
1093 877 1320 944 satiatis,
1355 883 1409 929 et
1437 874 1742 930 desiderare
1773 891 1889 945 quae
1936 886 2081 933 recta
2186 873 2307 941 Quia
2338 889 2433 941 pro
2460 875 2695 943 peccatis
2728 877 2926 931 nostris
2955 891 3224 931 meremur
3245 875 3430 947 afﬂigi,
3458 894 3551 949 per
3571 881 3771 935 adven-

494 988 639 1045 sunt,
672 986 726 1033 et
753 976 1055 1032 desiderem
1086 971 1385 1041 percipere.
1420 968 1543 1023 Per.
2189 976 2301 1020 tum
2331 966 2453 1021 Filii
2478 968 2551 1021 tui
2580 982 2608 1021 a
2642 968 2851 1022 cunctis
2878 967 3290 1023 adversitatibus
3313 968 3765 1027 liheremur.Per.

568 1069 738 1137 Super
768 1068 1039 1139 papulum.
1068 1094 1139 1105 —
1168 1061 1397 1133 Adjuva,
1442 1060 1691 1125 Domine,
1742 1060 2080 1131 fragilitatem
2258 1060 2398 1114 Alia.
2438 1090 2506 1101 —
2552 1060 2713 1126 Deus,
2747 1061 2837 1130 qui
2882 1070 3061 1116 nostra
3109 1076 3205 1115 nos
3245 1062 3513 1132 conspicis
3558 1079 3774 1132 semper

495 1162 668 1232 plebis
693 1171 819 1225 tuae,
860 1172 919 1215 ut
960 1160 1028 1213 ad
1074 1157 1309 1210 votivum
1365 1169 1572 1225 magna:
1623 1155 1926 1210 festivitatis
1956 1154 2085 1211 eil'e-
2185 1150 2499 1206 infirmitate
2531 1152 2776 1219 destitui,
2802 1153 3058 1207 adventus
3088 1152 3207 1207 Filii
3233 1155 3306 1207 tui
3340 1169 3439 1208 nos
3467 1154 3775 1209 visitatione

497 1260 666 1313 ctum,
694 1260 748 1306 et
768 1248 1117 1319 corporaliter
1132 1246 1422 1316 gubernata
1441 1253 1701 1312 recurrat,
1730 1254 1785 1300 et
1805 1245 1869 1300 ad
1895 1261 2084 1317 perpe-
2186 1244 2419 1299 custodi.
2449 1244 2549 1312 Qui
2585 1255 2757 1299 tecum
2789 1246 2918 1300 vivit
2946 1254 2999 1300 et
3027 1254 3236 1319 regnat.

497 1351 641 1396 tuam
671 1341 892 1411 gratiam
916 1340 1114 1394 devota
1149 1346 1325 1391 mente
1357 1337 1651 1404 perveniat.
1689 1337 1805 1392 Per.
2259 1334 2395 1389 Atia.
2430 1365 2500 1377 —
2526 1338 2747 1401 Adesto,
2776 1353 3105 1408 quaasumus,
3139 1338 3483 1404 omnipotens
3509 1339 3673 1403 Deus,
3698 1347 3776 1393 at-

501 1434 651 1507 (652)
694 1442 719 1470 ⁸
766 1434 1035 1488 Orationes
1102 1430 1165 1484 de
1226 1429 1441 1482 adventu
1510 1428 1717 1484 Domini
1778 1431 2084 1501 quotidianis
2185 1442 2287 1497 que
2319 1428 2371 1482 in
2426 1429 2630 1484 cunctis
2662 1429 2963 1483 actionibus
2994 1429 3212 1493 nostris,
3245 1437 3299 1483 et
3340 1429 3628 1498 aspirando
3677 1444 3777 1483 nos

1183 1524 1382 1576 diebus.
2187 1522 2449 1589 praeveni,
2487 1530 2541 1576 et
2570 1520 2873 1589 adjuvando
2902 1520 3132 1577 custodi.
3163 1520 3264 1587 Qui
3293 1521 3449 1576 vivis.

566 1618 832 1685 Concede,
868 1629 1202 1688 quaesumus,
1237 1617 1575 1686 omnipotens
1606 1616 1766 1683 Deus,
1791 1625 1849 1671 ut
1875 1631 2082 1688 magnae

494 1708 803 1765 festivitatis
850 1716 1073 1765 ventura
1137 1707 1396 1761 solemnia
1446 1720 1702 1776 prospero
1744 1707 2079 1765 celebremus

494 1801 715 1867 effectu;
769 1802 1078 1871 pariterque
1127 1799 1414 1853 reddamur
1453 1808 1508 1853 et
1548 1802 1735 1855 intenti
1771 1803 2082 1859 caelestibus

494 1894 814 1965 disciplinis,
839 1903 893 1951 et
919 1893 985 1948 de
1012 1891 1211 1947 nostris
1242 1892 1571 1962 temporibus
1602 1892 1853 1949 laetiores.
1888 1895 2009 1950 Per.

565 1988 702 2043 Alia.
727 2016 797 2027 —
818 1982 1184 2041 Conscientias
1213 1993 1445 2051 nostras,
1481 1999 1806 2053 quaesumus,
1837 1984 2081 2054 Domine,

493 2079 755 2136 visitaudo
788 2077 1003 2147 purifica
1026 2117 1041 2144 ,
1085 2085 1140 2131 ut
1186 2076 1408 2132 veniens
1454 2074 1609 2131 Jesus
1641 2076 1881 2131 Christus
1914 2078 2082 2134 Filius

499 2182 622 2227 tuus
650 2170 905 2225 Dominus
950 2176 1155 2235 noster,
1201 2178 1438 2239 paratam
1462 2168 1563 2225 sibi
1588 2169 1640 2224 in
1673 2169 1824 2225 nobis
1848 2170 2084 2227 inveniat

492 2264 846 2319 mansionem.
881 2262 983 2331 Qui
1015 2272 1214 2317 tecum.

566 2355 707 2411 Alia.
736 2384 809 2397 —
842 2356 1014 2424 Prope
1042 2362 1179 2421 esto,
1212 2353 1453 2420 Domine,
1488 2356 1733 2411 omnibus
1762 2365 2054 2426 exspectari
2073 2388 2086 2397 -

498 2445 641 2502 tibus
686 2454 738 2502 te
783 2443 836 2501 in
882 2444 1127 2510 veritate,
1174 2453 1231 2505 ut
1260 2444 1315 2498 in
1342 2447 1575 2505 adventu
1616 2447 1729 2502 Filii
1764 2449 1837 2502 tui
1869 2448 2082 2502 Domini

497 2536 666 2591 nostri
696 2534 904 2605 placitis
934 2536 1025 2591 tibi
1048 2535 1254 2591 actibus
1274 2548 1681 2607 praesentemur.
1715 2539 1815 2595 Per
1836 2541 2084 2596 eumdem

497 2627 785 2683 Dominum
817 2635 1081 2682 nostrum.

576 2710 1096 2783 Alia.—Concede,
1147 2733 1475 2789 quaesumus,
1533 2721 1873 2790 omnipotens
1923 2720 2083 2789 Deus,

501 2808 644 2867 hanc
668 2812 893 2881 gratiam
928 2810 1067 2879 plebi
1101 2818 1224 2880 tuae,
1250 2811 1536 2868 adventum
1570 2813 1839 2884 Unigeniti
1872 2816 1946 2869 tui
1967 2829 2085 2871 cum

506 2904 663 2977 193
703 2918 909 2959 summa
962 2903 1235 2973 vigilantia
1274 2914 1621 2974 exspectare,
1669 2916 1745 2976 ut,
1794 2903 1932 2960 sicut
1974 2907 2089 2977 ipse

500 3003 690 3049 auctor
706 2994 1322 3061 nostrasalutisdocuit,
1345 2995 1771 3067 velutfulgentes
1794 2997 2087 3069 lampadas,

499 3085 555 3141 in
599 3085 715 3155 ejus
740 3100 1020 3141 occursum
1058 3096 1266 3141 nostras
1294 3087 1504 3141 animas
1541 3103 1928 3159 praeparemus.
1961 3089 2083 3144 Per.

576 3176 716 3229 Alia.
747 3205 818 3214 —
848 3177 1052 3231 Mentes
1082 3187 1295 3232 nostras
1315 3218 1330 3245 ,
1357 3193 1690 3246 quaesumus,
1716 3179 1964 3249 Domine,
1993 3182 2088 3234 lu-

2258 1612 2392 1664 Alia.
2452 1642 2521 1651 —
2568 1612 2863 1667 Praeveniat
2912 1626 3051 1678 nos,
3107 1626 3456 1682 quaesumus,
3527 1611 3777 1679 omnipo-

2190 1712 2309 1758 tens
2340 1704 2501 1770 Deus,
2537 1715 2623 1759 tua
2651 1706 2818 1774 gratia
2848 1719 3082 1775 semper,
3109 1714 3164 1760 et
3191 1706 3567 1775 subsequatur,
3594 1715 3652 1759 ut
3682 1720 3779 1775 per

2187 1800 2476 1855 adventum
2523 1800 2790 1872 Unigeniti
2817 1802 2919 1871 tui,
2952 1817 3107 1870 quem
3157 1816 3364 1856 summo
3413 1802 3594 1856 cordis
3635 1802 3779 1857 desi-

2115 1893 2164 1955 B
2192 1889 2341 1945 derio
2371 1891 2526 1963 194
2563 1892 2912 1957 sustinemus,
2945 1903 2998 1948 et
3022 1894 3302 1962 praesentis
3356 1893 3478 1946 vitae
3530 1892 3775 1947 subsidia

2191 1986 2459 2040 etfuturae
2511 1987 2670 2041 etiam
2724 2002 3135 2059 consequamur.
3187 1987 3284 2054 Qui
3331 1996 3503 2041 tecum
3548 1985 3677 2040 vivit
3728 1995 3784 2042 et

2191 2087 2376 2147 regnat
2410 2079 2569 2134 Deus.

2264 2173 2401 2226 Alia.
2437 2200 2505 2212 -—
2531 2173 2693 2238 Deus,
2726 2174 2815 2243 qui
2847 2172 3113 2241 conspicis
3163 2172 3283 2241 quia
3336 2172 3389 2225 in
3440 2179 3525 2225 tua
3576 2170 3782 2240 pietate

2188 2267 2523 2331 confidimus,
2555 2266 2789 2322 concede
2812 2267 3070 2335 pr0pitius
3100 2275 3157 2320 ut
3179 2281 3273 2335 per
3302 2265 3589 2319 adventum
3655 2264 3786 2320 Uni-

2189 2362 2353 2431 geniti
2386 2361 2457 2414 tui
2486 2361 2552 2415 de
2576 2360 2782 2415 cmlesti
2820 2374 3033 2428 semper
3061 2358 3395 2428 protectione
3420 2356 3774 2426 gaudeamus.

2192 2455 2289 2518 Qui
2326 2462 2498 2506 tecum
2526 2451 2652 2504 vivit
2681 2460 2734 2505 et
2760 2458 2944 2521 regnat
2973 2450 3133 2504 Deus.

2266 2544 2404 2599 Alia.
2455 2572 2525 2585 —-
2570 2543 2863 2598 Subveniat
2894 2542 3081 2607 nobis,
3116 2540 3364 2607 Domine,
3413 2540 3784 2598 misericordia

2196 2648 2309 2707 tua,
2338 2648 2393 2691 ut
2415 2637 2480 2690 ab
2511 2636 2909 2691 imminentibus
2938 2644 3280 2705 peccatorum
3314 2645 3622 2690 nostrorum
3680 2647 3783 2703 pe-

2196 2733 2403 2799 riculis,
2439 2740 2492 2787 te
2532 2745 2832 2785 mercamur
2864 2733 3115 2785 veniente
3160 2729 3378 2785 salvari.
3421 2729 3522 2798 Qui
3559 2729 3703 2784 vivis
3733 2738 3791 2786 et

2192 2839 2410 2896 regnas.

2265 2918 2410 2970 Alia.
2446 2945 2514 2956 -—
2543 2915 2751 2979 Excita,
2778 2915 3024 2978 Domine,
3051 2914 3340 2984 potentiam
3370 2921 3611 2979 tuam,et
3639 2912 3786 2977 veni,

2193 3017 2253 3063 ut
2285 3018 2370 3062 tua
2405 3008 2781 3077 propitiatione
2803 3008 3090 3062 salvemur.
3126 3007 3224 3074 Qui
3268 3007 3421 3061 vivis.

2264 3102 2404 3158 Alia.
2438 3131 2509 3144 ——
2540 3102 2776 3171 Festina,
2812 3117 2878 3157 ne
2910 3101 3225 3166 tardaveris,
3258 3100 3481 3155 Domine
3518 3101 3657 3154 Deus
3690 3113 3793 3153 no-

2196 3206 2328 3262 ster,
2360 3205 2415 3250 et
2441 3210 2469 3248 a
2498 3194 2761 3251 diabolico
2791 3192 2975 3248 furore
3023 3207 3121 3249 nos
3171 3200 3416 3263 potenter
3465 3191 3658 3245 libera.
3689 3189 3794 3257 Qui

506 3268 651 3333 mine
681 3278 785 3327 tuae
810 3268 1137 3326 visitationis
1177 3271 1404 3335 illustra,
1454 3281 1508 3324 ut
1545 3286 1686 3338 esse,
1719 3279 1770 3325 te
1809 3273 2091 3342 largiente,
2125 3268 2170 3331 C
2203 3288 2360 3342 vivis,

508 3377 817 3419 mereamur
838 3371 892 3417 et
915 3364 1053 3417 inter
1078 3376 1332 3431 prospera
1357 3362 1607 3432 humiles,
1627 3372 1681 3417 et
1706 3364 1845 3419 inter
1873 3364 2095 3419 adversa

505 3460 705 3515 securi.
756 3456 859 3513 Per
904 3455 1211 3511 Dominum.

581 3554 721 3610 Atia.
754 3582 827 3592 —
850 3552 1075 3618 Praesta,
1098 3564 1435 3622 quaesumus,
1474 3549 1815 3620 omnipotens
1848 3549 2007 3615 Deus,
2043 3557 2099 3604 ut

510 3646 633 3703 Filii
662 3645 739 3701 tui
768 3656 988 3701 ventura
1026 3644 1363 3709 solemnitas,
1393 3653 1448 3699 et
1478 3644 1755 3713 praesentis
1792 3645 1916 3697 vitae
1945 3644 2097 3697 nobis

509 3740 751 3796 remedia
783 3739 1052 3808 conferat,
1084 3748 1137 3794 et
1186 3738 1402 3808 praemia
1432 3748 1634 3793 aeterna
1665 3737 1944 3793 concedat.
1998 3738 2098 3803 Qui

509 3844 684 3893 tecum
706 3835 838 3893 vivit
859 3843 915 3891 et
945 3842 1134 3905 regnat
1163 3834 1327 3889 Deus.

582 3928 720 3986 Alia.
761 3956 834 3975 ιι·-
869 3928 1139 3992 Concede,
1169 3942 1474 3998 quaesumus
1504 3968 1519 3994 ,
1551 3927 1889 3998 omnipotens
1939 3927 2099 3996 Deus,

517 4033 579 4080 ut
608 4024 732 4094 quia
764 4024 863 4080 sub
901 4025 1103 4093 peccati
1136 4024 1265 4094 jugo
1294 4038 1357 4078 es
1390 4032 1596 4083 vetusta
1630 4023 1886 4077 servitute
1915 4022 2100 4091 depri-

520 4119 739 4182 mimur,
761 4126 1070 4185 exspectata
1101 4116 1372 4187 Unigeniti
1406 4115 1525 4172 Filii
1558 4115 1632 4170 tui
1659 4129 1795 4171 nova
1827 4115 2102 4172 nativitate

522 4206 835 4263 liberemur.
867 4206 967 4271 Qui
992 4215 1191 4261 tecum.

591 4300 732 4354 Atia.
760 4328 830 4339 —
855 4299 1195 4363 Quaesumus,
1220 4298 1559 4367 omnipotens
1590 4297 1752 4365 Deus,
1783 4311 1968 4367 preces
1998 4313 2095 4352 no-

518 4405 663 4451 stras
690 4392 917 4463 respice,
947 4402 1000 4446 et
1044 4402 1146 4446 tua:
1189 4405 1351 4459 super
1379 4406 1478 4449 nos
1510 4392 1712 4447 viscera
1746 4392 1956 4459 pietatis
2005 4392 2106 4447 im-

519 4486 733 4559 pende,
766 4493 826 4540 ut
854 4484 944 4554 qui
972 4500 1040 4543 ex
1074 4493 1257 4541 nostra
1300 4482 1454 4551 culpa
1494 4482 1802 4555 afﬂigimur,
1830 4485 2108 4540 Salvatore

529 4588 716 4634 nostro
744 4577 1085 4644 adveniente,
1120 4575 1474 4643 respiramus.
1505 4572 1605 4640 Qui
1641 4584 1816 4629 tecum
1847 4575 1996 4628 vivit.

2273 3378 2413 3433 Alia.
2454 3406 2527 3418 —
2582 3375 2945 3443 Exsultemus,
2994 3387 3321 3444 quaesumus,
3373 3371 3603 3427 Domine
3649 3368 3797 3426 Deus

2202 3478 2410 3537 noster,
2437 3484 2625 3524 omnes
2656 3469 2787 3525 recti
2819 3468 2984 3523 corde
3005 3467 3057 3523 in
3080 3468 3283 3521 unitate
3309 3466 3431 3521 fidei
3457 3465 3796 3536 congregati,

2202 3570 2263 3616 ut
2312 3561 2563 3616 veniente
2607 3561 2880 3615 Salvatore
2918 3570 3100 3613 nostro
3141 3557 3277 3612 Filio
3308 3567 3418 3620 tuo,
3462 3556 3798 3611 immaculati

2202 3668 2550 3710 occurramus
2605 3652 2678 3708 illi
2729 3653 2781 3707 in
2833 3652 2948 3722 ejus
2998 3660 3307 3705 sanctorum
3360 3647 3641 3704 comitatu.
3688 3646 3797 3714 Qui

2204 3752 2403 3799 tecum.

2275 3836 2413 3889 Alia.
2445 3864 2512 3873 —
2546 3834 2656 3889 Fac
2686 3848 2817 3899 nos,
2849 3845 3189 3901 quaesumus,
3223 3830 3477 3895 Domine,
3511 3830 3651 3883 maia
3699 3843 3803 3883 no-

2204 3939 2316 3983 su-a
2348 3936 2460 3982 toto
2504 3925 2668 3981 corde
2701 3940 2978 3994 respuere,
3009 3934 3067 3979 ut
3093 3925 3343 3981 veniente
3390 3922 3527 3978 Filio
3559 3933 3652 3978 tuo
3687 3923 3802 3977 Do-

2204 4021 2354 4074 mino
2380 4025 2588 4084 nostro,
2624 4016 2763 4071 bona
2790 4016 2908 4086 ejus
2935 4030 3129 4086 capere
3156 4015 3449 4071 valeamus.
3479 4013 3579 4081 Qui
3613 4024 3801 4069 tecum

2206 4111 2353 4165 vivit.
2866 4100 2869 4101 ν

2277 4200 2417 4256 Alia.
2452 4228 2520 4239 -—
2548 4198 2843 4268 Praecinge,
2877 4212 3205 4268 quaesumus,
3238 4193 3465 4253 Domine
3510 4197 3658 4252 Deus
3694 4213 3801 4252 no-

2208 4298 2337 4357 ster,
2373 4292 2581 4344 lumbos
2635 4288 2833 4343 mentis
2887 4297 3086 4342 nostrae
3116 4288 3295 4343 divin‘a
3348 4299 3432 4343 tua
3461 4288 3663 4344 virtute
3697 4305 3804 4359 po-

2212 4390 2407 4449 tenter,
2441 4392 2516 4451 ut,
2542 4382 2789 4435 veniente
2820 4378 3047 4433 Domino
3069 4389 3254 4434 nostro
3275 4379 3399 4436 Jesu
3420 4380 3637 4436 Christo
3661 4380 3807 4437 Filio

2210 4482 2319 4539 tuo,
2356 4474 2498 4543 digni
2525 4474 2861 4528 inveniamur
2889 4479 3105 4526 reterns:
3132 4472 3258 4526 vitae
3292 4471 3557 4538 convivio,
3588 4482 3644 4528 et
3666 4485 3807 4529 vota

2212 4565 2509 4619 caelestium
2540 4564 2858 4633 dignitatum
2890 4563 2957 4617 ab
2987 4562 3104 4633 ipso
3153 4564 3432 4636 percipere
3465 4579 3803 4620 mereamur.

602 4670 741 4725 Atia.
782 4699 851 4710 —
897 4669 1025 4723 Voci
1058 4676 1275 4731 nostrae,
1306 4680 1634 4735 quaesumus,
1668 4665 1909 4731 Domine,
1952 4681 2108 4722 aures
2132 4644 2189 4707 Ῑ)
2212 4656 2311 4722 Ουῖ
2346 4666 2518 4709 [ccum
2556 4655 2685 4707 νίνίῐ
2713 4664 2764 4731 ei
2800 4666 3006 4724 1‘98"“-

530 4772 637 4817 tute
681 4762 892 4831 pietatis
923 4759 1295 4823 accommoda,
1331 4767 1385 4812 et
1434 4756 1612 4813 cordis
1648 4758 1817 4812 nostri
1861 4758 2108 4815 tenebras

527 4855 728 4913 lumine
753 4867 855 4911 tua:
882 4854 1199 4910 visitationis
1229 4854 1456 4913 illustra.
1490 4851 1591 4920 Qui
1631 4852 1797 4923 vivis.

602 4947 742 5001 Alia.
774 4976 841 4990 ——
870 4946 1088 5015 Porrige
1114 4944 1287 5011 nobis,
1318 4943 1562 5009 Domine,
1586 4943 1857 4999 dexteram
1886 4950 1991 4997 tua:
2022 4958 2111 4999 ve-

532 5040 842 5105 nerationis,
874 5048 929 5094 et
956 5040 1103 5103 veni,
1137 5045 1191 5091 et
1220 5044 1432 5106 peccata
1464 5045 1643 5092 nostra
1677 5036 1989 5105 propitiatus
2019 5034 2113 5090 ab-

530 5134 700 5190 solve.
730 5133 831 5200 Qui
864 5132 1001 5191 vivis
1032 5141 1085 5187 et
1118 5144 1330 5202 regnas.

610 5228 751 5281 Alia.
792 5256 863 5266 ——
907 5225 1127 5293 Porrige
1175 5223 1348 5289 nobis,
1399 5222 1641 5289 Domine,
1684 5221 1957 5277 dexteram
2007 5233 2113 5276 ture

536 5317 921 5382 venerationis,
954 5325 1007 5370 et
1031 5315 1183 5381 veni,
1217 5324 1272 5370 et
1300 5322 1517 5383 peccata
1566 5324 1748 5370 nostra
1791 5315 2115 5386 propitiatus

535 5411 773 5468 absolve.
800 5408 901 5477 Qui
925 5410 1058 5463 vivis
1087 5418 1141 5463 et
1171 5420 1383 5477 regnas.

610 5501 749 5557 Alia.
783 5531 847 5543 —-
881 5499 1232 5565 Festinanles,
1261 5500 1599 5568 omnipotens
1630 5498 1792 5564 Deus,
1827 5499 1877 5553 in
1920 5512 2114 5553 occur-

613 5639 636 5665 ε’
668 5632 725 5687 In
760 5633 901 5690 Edit.
940 5634 1107 5688 Vatic.
1140 5642 1191 5689 et
1223 5631 1550 5698 Gnssauvil.,
1588 5631 1788 5686 Oratio.

610 5699 639 5735 ι)
680 5704 736 5756 In
765 5704 910 5759 Edit.
966 5706 1165 5759 Pamel.
1216 5710 1339 5756 sunt
1392 5705 1550 5758 etiam
1604 5705 1885 5759 Orationes
1934 5699 2112 5754 multa}

544 5783 643 5838 pro
692 5776 941 5841 peccetis,
976 5776 1068 5830 sed
1127 5792 1157 5828 a
1203 5772 1398 5828 nostris
1457 5791 1673 5843 prorsus
1720 5776 2110 5843 discrepantes,

540 5843 724 5909 paucis
754 5847 1011 5913 exceptis.
1042 5847 1153 5901 Etsi
1204 5858 1332 5902 vero
1379 5840 1555 5903 Codex
1607 5849 1738 5919 Reg.
1802 5845 1860 5902 S.
1902 5840 2112 5899 ‘Pamel.

2285 4747 2423 4801 Alia.
2455 4776 2523 4785 —
2548 4744 2656 4800 Fac
2687 4761 2806 4812 nos,
2829 4760 3158 4816 quaesumus,
3177 4746 3401 4800 Domine
3426 4747 3564 4801 Deus
3588 4757 3806 4817 noster,

2214 4839 2502 4909 pervigiles
2533 4849 2692 4907 atque
2712 4840 2971 4893 sollicitos
2996 4838 3281 4892 adventum
3309 4847 3623 4906 exspectaro
3644 4838 3811 4894 Chri-

2215 4934 2281 4989 sti
2314 4934 2431 4988 Filii
2466 4934 2541 4988 tui
2572 4934 2777 4987 Domini
2805 4932 2999 4998 nostri,
3025 4940 3081 4985 ut
3130 4930 3257 4985 dum
3307 4932 3508 4986 venerit
3559 4932 3807 5001 pulsans,

2217 5043 2322 5082 non
2354 5028 2683 5081 dormientes
2712 5023 2959 5094 peccatis,
2984 5023 3079 5077 sed
3107 5023 3412 5094 vigilantes,
3428 5031 3484 5077 et
3508 5022 3563 5076 in
3590 5024 3708 5077 suis
3735 5025 3814 5077 in-

2225 5123 2403 5175 veniat
2429 5120 2673 5174 laudibus
2715 5117 3069 5173 exsultantes.
3101 5115 3202 5182 Qui
3228 5126 3402 5170 tecum
3436 5115 3571 5170 vivit
3616 5126 3673 5171 et
3723 5131 3813 5171 τεο

2222 5226 2349 5286 gnat
2377 5216 2515 5271 Deus

2402 5305 2429 5343 Ι)
2472 5305 2730 5375 Incipiunt
2756 5302 2921 5374 (655)
2957 5300 3228 5355 Orationes
3255 5318 3349 5371 pro
3377 5304 3619 5372 peccatis.

2296 5400 2583 5463 Succurre,
2606 5410 2934 5467 quaesumus,
2961 5396 3207 5463 Domine,
3235 5396 3435 5464 populo
3456 5394 3812 5464 supplicanti,

2228 5502 2281 5549 et
2310 5506 2463 5561 opem
2496 5499 2637 5544 tuam
2663 5491 2836 5543 tribue
2866 5489 3130 5556 benignus
3181 5485 3432 5552 inﬁrmis,
3484 5495 3544 5540 ut
3596 5486 3817 5540 sincera

2227 5626 2393 5681 Editis
2422 5626 2732 5694 plerumque
2759 5622 3102 5689 assentiatur,
3130 5638 3235 5677 non
3265 5637 3432 5690 pauca
3474 5633 3654 5679 tamen
3687 5638 3819 5679 sunt

2224 5700 2277 5753 in
2306 5698 2498 5767 quibus
2522 5697 2685 5767 varia;
2722 5702 2855 5767 sunt
2886 5695 3560 5767 fdiversaequehiectiones.
3612 5698 3705 5751 Sic
3760 5697 3816 5750 in

2225 5764 2375 5824 om.
2409 5771 2459 5835 6,
2508 5783 2627 5838 pag.
2660 5765 2784 5832 575,
2810 5766 2897 5820 ubi
2945 5766 3136 5838 legitur
3170 5782 3182 5819 ε
3223 5764 3395 5820 liberis
3436 5766 3525 5821 tibi
3555 5769 3819 5821 mentibus
3888 5814 3895 5823 .

2224 5836 2523 5908 serviamus,
2555 5836 2833 5910 legendum
2862 5851 2930 5893 ex
2964 5836 3097 5893 Cod.
3130 5850 3236 5893 ms.
3267 5838 3330 5893 de
3360 5838 3463 5893 tuis
3491 5853 3697 5909 semper
3726 5839 3815 5891 be-
