4042 6350
222 371 309 429 197

1376 367 1579 424 LIBER
1618 367 2251 429 SACRAMENTORUM.

3345 375 3447 431 198

222 482 307 537 tibi
333 486 498 536 mente
524 478 731 545 devoti,
758 484 814 533 et
851 447 1132 548 praesentis
1159 479 1281 533 vitae
1332 479 1589 536 remediis
1634 496 1764 551 gau-
1790 486 1844 546 Α
1874 495 2016 545 mus,
2046 487 2151 534 tuae
2177 477 2564 537 consolationis
2596 481 2815 551 gratiam
2847 481 3163 540 sentiamus.
3213 486 3312 541 Per
3344 487 3446 543 Do-

220 577 377 641 dsant,
402 582 456 629 et
489 574 698 627 futurae.
728 573 830 627 Per
858 571 1164 629 Dominum.

280 669 402 721 Alia.
457 697 529 707 —
569 668 731 732 Deus,
774 667 863 737 qui
908 666 1051 735 juste
1096 666 1364 731 irasceris,
1397 677 1451 721 et
1478 668 1774 724 clementer

215 760 666 835 ignoscis,alﬂicti
719 759 901 829 populi
937 759 1199 829 lacrymas
1248 761 1484 827 respice;
1537 770 1590 816 et
1635 760 1769 817 iram

215 863 313 909 tuae
340 853 733 923 indignationis,
759 866 918 921 quam
946 852 1090 921 juste
1122 866 1413 919 meremur,
1448 855 1770 924 propitiatus

212 953 398 1000 averte.
426 944 530 997 Per
561 942 868 997 Dominum.

283 1038 427 1108 195
444 1036 584 1088 Αίία·
612 1064 684 1075 -
708 1034 1049 1100 Quaesumus,
1070 1035 1413 1104 omnipotens
1429 1036 1585 1100 Deus,
1604 1043 1661 1090 ut
1684 1038 1771 1106 qui

212 1129 399 1182 nostris
423 1126 705 1195 fatigamur
724 1126 967 1193 oﬂensis,
981 1135 1034 1182 et
1052 1128 1244 1181 merito
1268 1136 1463 1182 nostrae
1479 1129 1773 1197 iniquitatis

213 1217 506 1287 afﬂigimur,
522 1216 735 1286 pietatis
762 1226 868 1271 tuae
895 1215 1138 1286 gratiam"
1156 1217 1413 1288 consequi
1444 1233 1767 1275 mereamur.

219 1310 339 1365 Per.

282 1428 351 1441 —
374 1398 507 1452 Atia.
538 1398 705 1464 Deus,
735 1398 822 1452 cui
844 1398 1115 1467 proprium
1146 1406 1227 1453 est
1268 1401 1509 1455 misereri
1537 1414 1771 1471 semper,

213 1502 265 1547 et
288 1507 523 1563 parcere,
555 1493 770 1561 suscipe
798 1491 1235 1561 deprecationem
1266 1502 1529 1560 nostram,
1565 1505 1618 1549 et
1639 1510 1774 1566 quos

210 1585 512 1640 delictorum
544 1593 729 1641 catena
762 1587 1099 1655 constringit,
1126 1585 1397 1642 miseratio
1426 1598 1528 1643 tua:
1560 1590 1774 1659 pietatis

212 1678 457 1733 absolvat.
486 1677 589 1731 Per
618 1677 904 1733 Dominum
928 1686 1189 1734 nostrum.

279 1770 408 1825 Alia.
430 1800 497 1810 -—
531 1770 604 1823 Da
634 1769 808 1835 nobis,
842 1784 1168 1841 quaesumus,
1200 1770 1456 1838 Domine,
1489 1772 1557 1827 de
1604 1773 1771 1828 tribu.

1871 572 2071 626 minum
2097 576 2360 625 nostrum.

1942 664 2078 718 Alia.
2108 693 2176 703 —
2199 663 2276 719 Ne
2306 663 2587 733 deSpicias,
2610 666 2951 734 omnipotens
2984 667 3123 723 Deus
3142 708 3157 735 ,
3186 672 3439 739 pOpulum

1875 762 2020 809 tuum
2050 755 2101 808 in
2135 754 2423 811 afﬂictione
2449 756 2789 824 clamantem,
2814 758 2907 813 sed
2954 769 3172 831 propter
3219 763 3438 832 gloriam

1874 848 2104 903 nominis
2130 850 2201 902 tui
2230 848 2496 903 tribulatis
2528 864 2780 906 succurre
2812 852 3067 919 placatus.
3103 852 3227 909 Per.

1944 939 2166 994 -Afia.
2202 940 2428 1007 Exaudi,
2464 941 2705 1007 Domine,
2729 943 2985 1011 gemitum
3010 945 3187 1014 populi
3214 944 3322 1011 tui;
3348 961 3446 1001 nec

1874 1030 1995 1100 plus
2041 1030 2177 1098 apud
2225 1039 2276 1085 te
2323 1032 2493 1085 valeat
2541 1033 2767 1088 offensio
2811 1035 3255 1107 delinquentium,
3286 1055 3442 1109 quam

1875 1121 2235 1178 misericordia
2266 1131 2351 1178 tua
2378 1124 2582 1180 indulta
2618 1126 2826 1182 fletibus
2864 1129 3295 1198 supplicantium.
3331 1131 3437 1187 Per

1878 1216 2159 1270 Dominum
2192 1228 2455 1271 nostrum.

1946 1307 2082 1360 Alia.
2105 1336 2176 1348 —
2196 1308 2545 1377 Omnipotens
2568 1308 2729 1377 Deus,
2754 1309 3170 1367 misericordiam
3192 1320 3333 1367 tuam
3356 1328 3447 1369 no-

1876 1399 1959 1453 bis
1990 1400 2224 1469 placatus
2257 1400 2523 1469 impende,
2549 1410 2606 1455 ut
2631 1402 2718 1470 qui
2743 1409 2795 1456 te
2821 1401 3211 1458 contemnendo
3235 1404 3445 1473 culpam

1876 1489 2216 1557 incurrimus,
2240 1491 2540 1546 confitendo
2568 1492 2778 1547 veniam
2821 1507 3227 1562 consequamur.
3256 1495 3373 1551 Per.

1951 1583 2089 1636 Alia.
2121 1613 2191 1623 —
2218 1583 2427 1638 Moveat
2474 1584 2723 1652 pietatem
2772 1592 2936 1651 tuam,
2977 1600 3302 1654 qumsumus,
3349 1586 3428 1639 Do

1879 1674 2041 1741 mine,
2069 1674 2323 1744 subjectae
2353 1672 2444 1728 tibi
2476 1673 2646 1743 plebis
2668 1673 2922 1739 affectus;
2952 1683 3005 1730 et
3029 1674 3447 1730 misericordiam

1882 1776 2020 1820 tuam
2051 1766 2364 1835 supplicatio
2392 1765 2565 1820 fidelis
2593 1765 2848 1821 obtineat.
2885 1767 3008 1820 Per.

209 1860 394 1916 latione
409 1860 866 1931 laetitiam,ut,qui
889 1862 980 1917 diu
1009 1878 1103 1931 pro
1125 1865 1322 1918 nostris
1339 1864 1776 1935 peccatisafﬂigi-
1805 1853 1851 1914 Β
1953 1860 2090 1912 Alia.
2121 1888 2191 1899 —
2221 1861 2440 1925 Averle,
2480 1872 2807 1928 quaesumus,
2855 1858 3102 1925 Domine,
3136 1857 3267 1913 iram
3308 1866 3450 1914 tuam

208 1968 337 2019 mur,
370 1952 733 2008 intercedente
783 1955 940 2009 beato
987 1952 1082 2010 Ill.
1136 1964 1372 2027 martyre
1429 1965 1542 2024 tuo,
1577 1958 1630 2011 in
1689 1967 1775 2013 tua

205 2046 562 2099 misericordia
582 2045 926 2115 rcspiremus.
958 2047 1061 2103 Per
1092 2047 1372 2105 Dominum
1407 2058 1649 2104 nostrum
1681 2050 1779 2106 Je-

202 2151 318 2191 sum
346 2134 639 2192 Christum.

270 2228 408 2281 Alia.
458 2259 528 2268 —
568 2229 914 2283 Clamantium
944 2229 1011 2284 ad
1042 2236 1113 2292 te.
1147 2244 1485 2301 quaesumus,
1523 2229 1772 2297 Domine,

206 2334 395 2390 preces
440 2318 714 2389 dignanter
746 2320 1042 2387 exaudi,ut
1088 2321 1225 2377 sicut
1264 2321 1512 2378 Ninivitis
1542 2324 1593 2377 in
1638 2322 1775 2377 affli-

202 2413 377 2465 ctione
424 2411 613 2480 positis
660 2413 978 2481 pepercisti,
1010 2413 1082 2466 ita
1110 2421 1168 2469 et
1207 2413 1361 2471 nobis
1416 2413 1470 2469 in
1518 2414 1767 2483 prazsenti

202 2499 538 2555 tribulatione
566 2514 869 2557 succurras.
902 2501 1025 2557 Per.

263 2593 401 2647 Alia.
423 2622 496 2636 —
523 2593 942 2649 Tribulationem
966 2601 1226 2663 nostram,
1247 2607 1575 2665 quaesumus,
1592 2594 1777 2651 Domi-

208 2699 290 2749 ne,
316 2686 581 2755 pr0pitius
600 2686 829 2755 respice,
844 2697 897 2741 et
919 2686 1050 2741 iram
1078 2696 1179 2740 tuae
1204 2688 1598 2755 indignationis,
1614 2704 1770 2759 quam

198 2773 335 2841 juste
368 2787 663 2840 meremur,
705 2774 1017 2842 propitiatus
1061 2783 1265 2830 averte.
1314 2775 1417 2831 Per
1470 2776 1769 2832 Dominum.

272 2866 501 2919 Atia.-—
522 2864 684 2933 Deus,
714 2864 803 2933 qui
833 2867 1162 2935 peccantium
1193 2866 1397 2922 animas
1433 2883 1537 2923 non
1567 2870 1651 2925 vis
1683 2886 1775 2939 pe-

204 2956 324 3022 rire,
356 2956 453 3011 sed
482 2956 691 3023 culpas,
724 2956 958 3021 contine,
1002 2971 1161 3025 quam
1206 2972 1497 3025 meremur,
1529 2960 1681 3026 iram,
1718 2969 1773 3015 et

200 3062 352 3114 quam
378 3062 668 3117 precamur
694 3062 858 3117 super
882 3063 981 3104 nos
1005 3049 1221 3105 effunde
1242 3051 1602 3118 clementiam,
1627 3061 1685 3106 ut
1704 3052 1771 3107 de

199 3155 422 3195 maerore
454 3140 707 3210 gaudium
737 3149 840 3195 tuae
861 3142 1243 3197 misericordia
1270 3144 1527 3214 consequi
1559 3160 1774 3201 merea-

198 3246 329 3286 mur.
362 3231 488 3286 Per.

265 3323 397 3376 Alia.
430 3352 509 3363 -—
530 3322 873 3391 Quaesumus,
901 3324 1240 3394 omnipotens
1270 3325 1433 3393 Deus,
1460 3325 1642 3382 afflicti
1675 3342 1770 3396 po-

197 3415 304 3483 puli
357 3414 625 3485 lacrymas
675 3415 906 3481 respice,
957 3424 1012 3469 et
1058 3416 1190 3469 iram
1238 3425 1341 3470 tum
1394 3417 1773 3487 indignationis

203 3516 400 3575 averte,
431 3516 494 3562 ut
545 3508 636 3577 qui
681 3516 885 3564 reatum
933 3518 1128 3564 nostrae
1173 3511 1496 3566 infirmitatis
1526 3516 1770 3583 agnosci-

206 3613 335 3663 mus,
361 3608 450 3653 tua
476 3600 847 3656 consolatione
875 3600 1185 3657 liberemur.
1218 3602 1337 3657 Per.

268 3692 402 3745 Atia.
448 3721 520 3733 —
548 3692 711 3759 Deus,
734 3694 825 3761 qui
872 3693 1025 3760 culpa
1075 3692 1403 3760 offenderis,
1459 3694 1771 3763 pcenitentia

208 3784 446 3853 placaris,
463 3798 653 3851 preces
677 3783 857 3853 populi
876 3784 1226 3853 supplicantis
1255 3785 1513 3854 propitius
1538 3788 1766 3855 respice,

210 3885 259 3929 et
278 3876 481 3945 ﬂagella
511 3886 613 3931 tuae
657 3876 969 3942 iracundiae,
1001 3890 1122 3946 quae
1165 3892 1261 3945 pro
1304 3881 1537 3945 peccatis
1566 3878 1766 3933 nostris

207 3982 487 4036 meremur,
529 3978 733 4023 averte.
764 3967 869 4022 Per
898 3968 1203 4023 Dominum.

271 4063 404 4115 Alia.
429 4092 501 4101 —
531 4061 717 4125 Parce,
749 4060 991 4126 Domine,
1026 4075 1184 4131 parce
1216 4061 1411 4131 populo
1441 4068 1551 4127 tuo,
1580 4070 1638 4116 ut
1683 4060 1769 4116 di-

204 4154 312 4221 gnis
350 4154 799 4224 ﬂagellationibus
827 4157 1138 4225 caStigatus,
1175 4156 1227 4209 in
1282 4164 1369 4208 tua
1425 4155 1771 4210 miseratione

204 4245 442 4313 respiret.
479 4244 583 4299 Per
605 4244 885 4300 Dominum
907 4257 1146 4300 nosu'um
1174 4246 1355 4299 Jesum
1383 4245 1691 4299 Christum.

267 4338 406 4393 Alia.
447 4366 522 4380 --
554 4339 715 4402 Deus,
748 4338 1009 4407 refugium
1063 4353 1377 4407 pauperum,
1424 4352 1547 4406 spes
1598 4337 1771 4392 humi-

201 4430 345 4497 lium,
366 4432 625 4502 salusque
654 4430 994 4497 miserorum,
1029 4430 1446 4499 supplicationes
1477 4431 1655 4499 populi
1699 4428 1773 4485 tui

200 4526 493 4582 clementer
540 4526 752 4595 exaudi,
786 4534 843 4579 ut
886 4540 1022 4595 quos
1062 4524 1268 4594 justitia
1316 4522 1597 4579 verberum
1650 4524 1773 4579 fecit

1880 1950 2197 2021 propitiatus
2227 1965 2257 2003 a
2295 1950 2468 2015 nobis,
2499 1958 2552 2004 et
2582 1950 2814 2003 facinora
2844 1960 3049 2017 nostra,
3082 1951 3275 2021 quibus
3306 1949 3446 2005 indi-

1878 2044 2184 2114 gnationem
2242 2051 2388 2098 tuam
2430 2057 2778 2113 provocamus
2816 2087 2829 2111 ,
2854 2045 3083 2115 expelle.
3132 2045 3235 2101 Per
3276 2046 3450 2102 Domi-

1880 2151 2031 2191 num.

1950 2226 2090 2281 Alia.
2116 2256 2187 2267 —
2216 2226 2419 2282 Memor
2464 2235 2603 2293 esto,
2635 2240 2964 2296 quaesumus,
3005 2228 3254 2297 Domine,
3288 2229 3451 2302 fragi-

1878 2317 2046 2372 litatis
2102 2317 2364 2381 humana),
2398 2325 2452 2372 et
2499 2317 2589 2386 qui
2632 2316 2776 2384 juste
2823 2317 3075 2373 verberas
3124 2326 3453 2390 peccatores,

1880 2427 2037 2484 parce
2063 2412 2381 2482 propitiatus
2407 2411 2642 2468 afﬂictis.
2673 2411 2802 2471 Per.

1951 2504 2089 2559 Alia.
2114 2535 2184 2544 —
2214 2505 2385 2561 Aures
2427 2514 2531 2561 ture
2577 2508 2810 2576 pietatis,
2838 2519 3166 2578 quaesumus,
3202 2504 3448 2572 Domine,

1878 2594 2127 2662 precibus
2156 2596 2352 2650 nostris
2378 2597 2597 2667 inclina,
2623 2608 2679 2653 ut
2725 2599 2815 2669 qui
2859 2606 3200 2665 peccatorum
3247 2607 3452 2652 nostro-

1877 2700 1995 2741 rum
2028 2686 2248 2757 ﬂagellis
2276 2688 2625 2756 percutimur,
2650 2689 3008 2745 miserationis
3061 2698 3165 2744 tua:
3194 2689 3359 2759 gratia
3387 2688 3453 2742 li-

1877 2775 2145 2832 beremur.
2181 2778 2301 2832 Per.

2054 2867 2229 2941 (654)
2270 2877 2297 2907 ι
2339 2867 2601 2941 Incipiunt
2631 2868 2904 2925 Orationes
2937 2868 3276 2940 quotidianae.

1948 2960 2062 3015 Vox
2101 2960 2384 3015 clamantis
2412 2961 2665 3016 Ecclesiae
2688 2960 2752 3015 ad
2774 2973 2952 3027 aures,
2977 2958 3219 3026 Domine,
3243 2971 3455 3030 quasu-

1876 3068 2019 3120 mus,
2043 3063 2146 3109 tum
2188 3055 2400 3124 pietatis
2426 3054 2700 3116 ascendat.
2728 3063 2808 3121 ut,
2840 3060 3088 3124 percepta
3136 3050 3290 3106 venia
3324 3065 3443 3122 pec-

1876 3152 2138 3211 catorum,
2174 3152 2226 3198 te
2257 3144 2347 3198 ﬂat
2375 3151 2630 3213 operante
2661 3144 2854 3199 devota
2875 3184 2891 3212 ,
2920 3152 2972 3200 te
3013 3149 3323 3213 protegente
3366 3155 3452 3197 se—

1799 3227 1847 3293 C
1877 3252 2024 3293 cura.
2055 3236 2156 3291 Per
2185 3236 2467 3291 Dominum
2515 3245 2780 3293 nostrum.

1945 3328 2086 3382 Alia.
2120 3357 2183 3369 --
2216 3327 2530 3397 Propitiare,
2564 3328 2804 3395 Domine,
2829 3325 3306 3397 supplicationibus
3353 3341 3450 3382 no-

1875 3422 2022 3491 stris,
2053 3427 2107 3476 et
2133 3420 2418 3475 exorabilis
2448 3420 2551 3474 tuis
2579 3428 2694 3475 esto
2735 3419 3082 3489 supplicibus,
3115 3428 3172 3474 ut
3199 3432 3452 3475 concessa

1878 3512 2055 3575 venia,
2092 3526 2249 3581 quam
2288 3525 2591 3581 precamur,
2617 3520 2875 3581 perpetuo
2922 3511 3303 3567 misericordia:
3344 3520 3450 3567 tuae

1877 3616 2103 3656 munere
2130 3602 2443 3670 gloriemur.
2471 3600 2575 3658 Per
2599 3602 2876 3657 Dominum
2906 3612 3167 3659 nostrum.

1948 3692 2085 3745 Alia.
2128 3717 2197 3731 ——
2244 3690 2471 3759 Nostris,
2508 3692 2753 3758 Domine,
2787 3706 3110 3762 quaesumus,
3157 3691 3450 3762 propitiare

1878 3782 2223 3849 temporibus,
2258 3790 2315 3835 ut
2343 3790 2434 3836 tuo
2463 3796 2684 3836 munere
2711 3782 2999 3852 dirigatur,
3026 3790 3081 3837 et
3108 3781 3348 3836 Romana
3372 3796 3455 3835 se—

1878 3874 2103 3939 curitas,
2137 3880 2193 3927 et
2238 3872 2453 3929 devotio
2505 3871 2830 3927 Christiana.
2885 3873 2990 3928 Per
3037 3872 3326 3928 Dominum
3361 3887 3452 3927 no-

1876 3970 2069 4018 strum.

1946 4064 2304 4119 Afia.--Dies
2325 4075 2562 4132 nostros,
2586 4077 2912 4134 quaesumus,
2938 4064 3181 4131 Domine,
3214 4063 3454 4133 placatus

1877 4155 2132 4223 intende;
2160 4158 2462 4226 pariterque
2488 4171 2584 4211 nos
2613 4164 2667 4211 et
2696 4173 2723 4209 a
2754 4156 2981 4225 peccatis
3009 4154 3223 4212 absolve
3261 4153 3447 4226 propi-

1879 4245 2004 4311 tius,
2036 4255 2089 4299 et
2128 4262 2155 4297 τι
2199 4248 2401 4300 cunctis
2428 4245 2573 4315 eripe
2603 4245 2861 4315 benignus
2889 4244 3155 4301 adversis.
3191 4244 3313 4299 Per.

1954 4338 2106 4409 197
2121 4338 2666 4406 Alim—Quazsumus,
2699 4338 3035 4408 omnipotens
3067 4336 3230 4403 Deus,
3260 4350 3327 4391 ne
3358 4348 3459 4389 nos

1880 4439 1970 4485 tua
2005 4429 2368 4485 misericordia
2399 4430 2753 4500 derelinquat,
2785 4444 2902 4499 qua
2928 4438 2981 4484 et
3008 4442 3221 4484 errores
3246 4435 3468 4483 nostros

1879 4537 2091 4591 semper
2118 4532 2390 4585 amoveat,
2422 4531 2476 4576 et
2505 4522 2661 4577 noxia
2692 4530 2881 4575 cuncta
2912 4519 3165 4589 depellat.
3197 4517 3315 4574 Per.

197 4617 457 4684 afﬂictos,
485 4617 807 4673 abundantia
838 4617 1198 4672 remediorum
1238 4615 1400 4672 faciat
1439 4616 1771 4673 consolatos.
1804 4608 1857 4668 D
1952 4616 2088 4671 Alia.
2116 4646 2182 4656 —
2211 4616 2428 4681 Praesta,
2461 4631 2789 4683 qumsumus,
2840 4616 3180 4685 omnipotens
3208 4614 3373 4683 Deus,
3404 4624 3467 4671 ur

199 4708 316 4765 Per.

262 4802 405 4857 Atia.
430 4830 503 4842 —-
531 4798 756 4871 Pratsta,
782 4813 1111 4870 quaesumus,
1145 4798 1486 4868 omnipotens
1528 4800 1689 4868 Deus,
1718 4808 1780 4855 ut

195 4892 283 4958 qui
312 4894 480 4965 196
515 4894 775 4950 oﬂensam
805 4902 1040 4948 nostram
1088 4905 1185 4960 per
1233 4891 1441 4961 ﬂagella
1493 4893 1777 4965 cognosci-

197 5076 391 5141 neﬁciis
425 5073 708 5145 gloriemur
752 5072 904 5145 Orat.
930 5074 989 5139 8,
1014 5075 1200 5131 eadem
1224 5089 1345 5145 pag.
1370 5074 1454 5127 ubi
1498 5072 1597 5130 Ed.
1622 5074 1781 5130 habet

198 5148 398 5199 diurnis
423 5144 677 5205 calamit.,
722 5144 910 5199 melius
945 5145 1132 5212 legitur
1163 5144 1353 5200 in’Ms.
1386 5145 1642 5198 diuturnis
1674 5145 1776 5201 cal.

199 5215 323 5283 Pag.
370 5214 496 5282 ιη,
534 5212 684 5282 L18,
720 5214 868 5284 ιιιᾼάε
899 5220 1080 5269 merito
1112 5216 1357 5284 gaudium
1380 5224 1480 5269 tua:
1503 5218 1777 5269 misericor-

201 5285 318 5347 Δία’,
345 5295 489 5349 etc.,
541 5284 630 5338 ubi
676 5300 745 5337 cx
774 5282 903 5339 Cod.
958 5282 1174 5343 laudato
1216 5286 1600 5339 restituendum
1634 5298 1688 5338 ut
1716 5288 1779 5340 de

200 5371 410 5409 maerore
441 5354 713 5425 gaudium,
744 5364 847 5408 etc.
876 5354 1000 5409 [iure
1050 5371 1214 5424 pauca
1256 5357 1680 5421 observavimus,
1715 5366 1770 5410 ut

201 5428 371 5494 palam
408 5423 561 5480 fieret
592 5425 646 5477 in
676 5423 818 5478 Edit.
852 5423 1059 5479 Pamel.
1084 5442 1148 5481 ex
1173 5425 1372 5481 Codice
1415 5426 1543 5494 Reg.
1585 5428 1641 5481 S.
1682 5443 1774 5480 cu-

198 5492 281 5561 ius
313 5511 478 5562 penes
521 5509 621 5549 nos
665 5497 932 5549 variantes
979 5496 1235 5551 lectiones
1282 5492 1556 5559 habemus,
1611 5497 1774 5549 multa

200 5578 359 5629 posse
384 5567 603 5635 corrigi.
636 5565 690 5618 In
723 5564 817 5617 Ms.
844 5566 956 5619 Cal.
981 5567 1091 5622 hoc
1120 5582 1329 5635 quoque
1368 5568 1485 5620 loco
1516 5565 1775 5619 exhiben-

202 5643 283 5687 tur
332 5637 618 5691 Orationes
659 5651 752 5703 pro
780 5638 1017 5703 peccatis,
1044 5638 1369 5692 matutinafea
1389 5676 1404 5703 ,
1436 5638 1771 5705 quotidianae,

203 5713 329 5763 etc.,
360 5722 568 5762 necnon
600 5708 650 5760 in
675 5706 793 5760 aliis
821 5706 947 5760 Mss.
979 5709 1228 5765 nostris...

274 5784 300 5813 ι
324 5776 378 5831 in
412 5777 513 5832 Ed.
550 5777 774 5843 Pamel.,
804 5778 1376 5837 orationesuuotidianis
1399 5776 1595 5833 diebus.
1625 5778 1694 5834 At
1724 5776 1775 5833 in

1886 4706 2022 4761 inter
2080 4705 2385 4760 innumeros
2439 4704 2561 4759 vitae
2618 4704 2897 4774 praesentis
2934 4718 3146 4759 errores
3196 4714 3286 4760 tuo
3324 4720 3464 4760 sem-

1886 4813 1978 4869 per
2006 4798 2368 4851 moderamine
2393 4796 2703 4865 dirigamur.
2736 4796 2835 4850 Per
2874 4794 3152 4850 Dominum
3197 4803 3436 4851 nostrum

1955 4891 2094 4944 Alia.
2120 4917 2191 4929 —
2218 4888 2497 4958 Perpetua,
2530 4901 2832 4958 qumsumus
2854 4927 2869 4954 ,
2900 4887 3142 4954 Domine,
3185 4903 3315 4959 pace
3368 4903 3455 4944 cu-

1889 5074 2019 5130 Cod.
2051 5075 2183 5146 Reg.
2210 5072 2266 5129 S.
2298 5073 2485 5131 titulus
2515 5084 2597 5130 est
2621 5072 2760 5146 idem
2791 5089 2853 5130 ac
2884 5076 2935 5131 in
2964 5074 3063 5131 Ed.
3091 5071 3451 5146 Menard.,_fi-

1887 5158 1974 5200 cet
2006 5147 2058 5199 in
2097 5141 2307 5200 caeteris
2331 5147 2441 5200 fere
2479 5162 2598 5200 cum
2644 5145 2743 5199 Ed.
2777 5148 2975 5201 Pamel.
3010 5146 3333 5201 consentiat.
3363 5141 3449 5197 Et

3527 5080 3537 5107 ο

1884 5192 2631 5284 ἑδίξιῖιιέἷὶῆιίῙιζὶιῖιῖιίΞε
2644 5192 3461 5273 ῗῖἑιῇῐῗὶἱθῖιὲἱξιῖΐὲᾶιῆιῆ
3506 5192 3533 5257 f

1885 5296 2126 5357 possunt.
2172 5286 2260 5339 Sic
2291 5300 2407 5355 pag.
2443 5285 2568 5353 576,
2602 5287 2697 5341 lin.
2747 5291 3100 5356 antepenult.,
3143 5285 3334 5353 legitur
3360 5296 3454 5357 3;!

1883 5352 1963 5411 cui
1987 5357 2255 5422 sperandae
2283 5352 2486 5425 pieiatis
2514 5352 2765 5428 indulges.
2794 5352 3235 5428 Atsuiiplendtim
3261 5370 3325 5408 ex
3360 5352 3452 5407 Ms.

1882 5430 1966 5482 cui
1992 5427 2238 5496 ﬁduciam
2277 5445 2357 5497 sp.
2399 5430 2524 5498 piet.
2558 5430 2612 5483 In
2649 5430 2789 5482 Edit.
2835 5429 3027 5498 Angeli
3080 5427 3304 5498 Boccae,
3339 5436 3455 5490 qua:

1886 5499 2158 5572 Vaticanis
2190 5498 2328 5566 typis
2358 5496 2551 5572 excusa
2576 5509 2676 5572 est,
2710 5513 2773 5552 ac
2798 5496 2941 5572 saepe
2977 5496 3102 5572 alibi
3124 5507 3333 5572 recusa,
3362 5506 3444 5572 no-

1887 5569 2107 5623 vissime
2138 5564 2263 5623 vero
2287 5584 2410 5622 cura
2447 5570 2589 5623 Petri
2613 5564 2889 5625 Gussanv.
2914 5570 3025 5621 haec
3060 5569 3214 5631 longa
3244 5564 3451 5617 Oratio-

1885 5655 2010 5693 num
2044 5639 2494 5713 quotidianarum,
2540 5638 2973 5713 veSpertjnalium
2995 5679 3008 5701 ,
3038 5633 3469 5713 matutinalium,

1885 5711 2199 5785 etc.,series
2228 5711 2510 5783 reperitur,
2528 5708 2713 5781 paucis
2734 5708 3001 5768 duntaxat
3019 5708 3279 5775 exceptis.
