4042 6350
438 456 439 459 η
541 401 649 460 199

1752 391 1995 450 SANCTI
2034 381 2356 445 GREGORII
2396 381 2609 442 MAGNI

3712 380 3823 439 200

533 518 695 585 sto'di,
735 528 870 587 quos
899 512 951 571 in
977 518 1032 569 te
1058 524 1277 582 sperare
1307 507 1536 565 donasti.
1570 507 1668 562 Per
1696 505 1979 561 Dominum
2015 518 2124 557 no-
2148 505 2197 564 Α
2225 507 2335 553 toto
2364 497 2526 555 corde
2570 508 2854 565 respuere,
2883 499 2945 551 ut
2973 492 3115 551 bona
3153 498 3240 549 tua
3278 505 3474 564 capere
3516 493 3817 552 valeamus.

533 620 694 664 trum.

608 703 744 756 Alia.
774 728 844 741 --
873 697 1073 753 Adesto
1120 694 1295 757 nobis,
1349 689 1654 746 misericors
1702 688 1861 752 Deus,
1910 694 1966 740 et
2023 692 2125 738 tuac

531 793 744 866 pietatis
773 790 927 845 nobis
958 787 1215 858 propitius
1245 784 1384 839 dona
1407 779 1661 837 concede.
1696 778 1819 834 Per.

603 883 744 938 Alia.
772 910 844 921 —
870 878 1014 951 Rege
1038 885 1268 941 nostras,
1300 874 1539 935 Domine,
1574 868 1832 940 propitius
1878 865 2125 920 volunta-

532 983 634 1041 tes,
669 982 728 1027 ut
766 986 867 1026 nec
911 968 1145 1039 pr0priis
1192 964 1556 1034 iniquitatibus
1601 961 1974 1030 implicentur,
2024 971 2125 1012 nec

531 1066 828 1125 subdantur
854 1063 1063 1118 alienis.
1097 1061 1198 1117 Per
1226 1058 1506 1113 Dominum
1540 1062 1805 1111 nostrum.

600 1158 742 1214 Alia.
771 1187 842 1197 —
870 1154 1209 1224 Comprime,
1244 1150 1471 1205 Domine
1493 1190 1507 1213 ,
1551 1157 1893 1217 quaesumus,
1934 1142 2126 1196 noxios

532 1265 748 1320 semper
794 1249 1071 1313 incursus,
1120 1253 1175 1299 et
1222 1242 1510 1297 salutarem
1555 1235 1881 1306 temporibus
1928 1231 2126 1289 nostris

538 1342 799 1415 propitius
822 1341 888 1395 da
917 1339 1169 1409 quietem.
1205 1336 1327 1390 Per.

603 1434 741 1489 Alia.
770 1461 841 1473 -—
869 1431 949 1485 Ab
972 1428 1220 1484 omnibus
1250 1441 1350 1481 nos
1374 1422 1599 1480 defende
1618 1462 1633 1488 ,
1665 1433 1990 1491 quaesumus,
2022 1418 2129 1473 Do-

535 1531 703 1597 mine,
735 1540 946 1597 semper
975 1523 1237 1589 adversis,
1268 1530 1323 1576 et
1346 1514 1616 1575 continuis
1658 1524 1809 1569 tuere
1838 1509 2122 1583 praesidiis.

536 1623 641 1683 Per
666 1619 974 1677 Dominum.

603 1717 740 1773 Alia.
766 1742 839 1754 —
861 1712 958 1779 Da,
1004 1719 1330 1780 quaesumus,
1362 1701 1695 1772 omnipotens
1726 1698 1888 1762 Deus,
1938 1705 1994 1750 ut
2036 1694 2126 1765 qui

528 1807 858 1869 inﬁrmitatis
890 1811 1089 1859 nostra:
1111 1798 1313 1856 conscii
1339 1795 1407 1852 de
1436 1806 1521 1850 tua
1547 1794 1741 1848 virtute
1766 1789 2087 1847 conﬁdimus
2105 1829 2122 1854 ,

2226 593 2348 647 Per.

2300 680 2440 734 Alia.
2467 709 2538 721 --
2568 681 2697 736 Esto
2740 678 2894 734 nobis
2942 679 3235 748 propitius.
3268 679 3428 745 Deus,
3479 688 3540 733 ut
3588 690 3679 734 tua
3721 695 3825 736 nos

2226 769 2596 828 misericordia
2625 770 3000 839 subsequatur.
3032 768 3136 824 Per
3165 768 3446 823 Dominum
3477 778 3747 824 nostrum.

2297 860 2435 916 Alia.
2464 889 2536 902 ——
2564 859 2865 916 Praeveniat
2893 874 3021 926 nos,
3052 874 3393 930 quaesumus,
3423 859 3672 926 Domine,
3717 864 3822 918 mi-

2227 952 2519 1009 sericordia
2545 961 2653 1019 tua,
2684 961 2742 1009 et
2771 966 2929 1007 voces
2959 960 3170 1007 nostras
3195 952 3478 1009 clementia
3511 962 3613 1009 tuae
3643 954 3825 1025 pr0pi-

2229 1047 2467 1103 tiationis
2496 1048 2773 1116 anticipet.
2805 1048 2929 1103 Per.

2297 1140 2437 1194 Alia.
2469 1168 2541 1180 —
2564 1136 2739 1193 Celeri
2769 1137 2955 1206 nobis,
2986 1150 3316 1208 quaesumus,
3345 1136 3597 1203 Domine,
3627 1138 3826 1209 pietate

2227 1242 2507 1300 succurre,
2562 1237 2622 1285 ut
2674 1229 2894 1285 devotio
2944 1229 3354 1300 supplicantium
3409 1230 3479 1285 ad
3532 1233 3826 1301 gratiarum

2231 1327 2473 1375 transeat
2499 1320 2787 1375 actionem.
2822 1320 2945 1375 Per.

2298 1412 2438 1467 Alia.
2467 1412 2769 1468 —Delicta
2820 1421 3021 1480 nostra,
3056 1410 3301 1481 Domine,
3358 1412 3553 1485 quibus
3601 1415 3825 1472 adversa

2228 1501 2597 1567 dominantur,
2635 1503 2794 1574 199
2824 1500 3070 1574 absterge
3110 1512 3166 1559 et
3192 1512 3280 1558 tua
3307 1519 3406 1560 nos
3436 1504 3633 1577 ubique
3656 1506 3826 1562 mise-

2228 1594 2439 1649 ratione
2467 1594 2701 1650 custodi.
2735 1594 2860 1649 Per.

2297 1712 2438 1768 Alia.
2468 1740 2540 1753 —
2566 1711 2830 1779 Absolve,
2865 1711 3115 1778 Domine,
3144 1725 3487 1781 quaesumus,
3518 1722 3829 1769 nostrorum

2230 1807 2441 1862 vincula
2490 1814 2852 1875 peccatorum,
2882 1813 2937 1860 et
2979 1803 3239 1876 quidquid
3283 1819 3381 1875 pro
3424 1805 3501 1861 eis
3559 1819 3833 1861 meremur

530 1903 633 1959 sub
660 1908 752 1956 tua
796 1909 1009 1965 semper
1054 1892 1254 1964 pietate
1296 1886 1642 1959 gaudeamus.
1691 1883 1794 1939 Per
1845 1881 2127 1936 Dominum
2159 1876 2208 1937 B
2232 1909 2436 1956 “me,
2466 1898 2591 1955 per.

531 2001 798 2052 nostrum.

603 2084 743 2138 Alia.
767 2110 840 2124 —
864 2080 973 2135 Fac
998 2089 1118 2142 nos,
1147 2086 1476 2145 quaesumus,
1502 2067 1730 2125 Domine
1756 2066 1895 2122 Deus
1920 2072 2121 2132 noster,

530 2174 587 2231 in
616 2184 709 2229 tua
734 2170 1021 2227 devotione
1042 2164 1299 2237 gaudere,
1324 2162 1445 2232 quia
1474 2171 1726 2231 perpetua
1754 2164 1857 2221 est,
1889 2166 1942 2211 et
1970 2156 2129 2226 plena

531 2263 783 2329 felicitas,
812 2262 859 2316 si
878 2261 1139 2315 bonorum
1160 2254 1398 2310 omnium
1422 2251 1716 2305 serviamus
1736 2247 1977 2303 Auctori.
2001 2245 2123 2301 Per.

602 2353 743 2409 Alia.
772 2380 845 2392 ——
872 2349 1222 2417 Omnipotens
1251 2342 1579 2411 sempiterne
1601 2340 1762 2405 Deus,
1792 2338 1875 2396 fac
1903 2351 2002 2392 nos
2033 2334 2129 2391 tibi

532 2458 747 2515 semper
773 2434 851 2498 'et
878 2440 1126 2495 devotam
1164 2449 1351 2507 gerere
1379 2432 1725 2499 voluntatem,
1775 2440 1831 2486 et
1871 2426 2131 2499 Majestati

533 2548 638 2595 tuas
667 2536 879 2592 sincero
904 2531 1066 2589 corde
1091 2528 1313 2586 servire.
1341 2527 1448 2582 Per
1475 2525 1759 2581 Dominum
1791 2532 2053 2577 nostrum.

602 2627 744 2683 Alia.
774 2654 844 2666 —-
872 2624 1035 2692 Deus,
1082 2636 1112 2677 a
1140 2635 1246 2691 quo
1274 2628 1465 2675 cuncta
1497 2618 1639 2672 bona
1670 2614 1983 2685 procedunt,
2016 2614 2129 2669 lar-

532 2723 647 2797 gire
674 2719 1000 2792 supplicibus
1046 2725 1106 2771 ut
1153 2714 1488 2784 cogitemus,
1535 2718 1589 2766 te
1637 2710 1966 2779 inspirante,
2011 2723 2130 2777 quae

534 2824 681 2872 recta
712 2820 859 2879 sunt,
889 2820 975 2879 et,
1009 2817 1063 2865 te
1083 2807 1411 2879 gubernante
1431 2849 1445 2870 ,
1475 2803 1663 2858 eadem
1693 2801 1971 2856 faciamus.
2004 2798 2124 2854 Per.

602 2904 743 2960 Alia.
774 2933 846 2946 —-
875 2902 992 2958 Vox
1023 2908 1205 2956 nostra
1236 2906 1312 2965 te,
1342 2896 1568 2951 Domine
1587 2938 1602 2963 ,
1632 2907 1847 2963 semper
1873 2892 2131 2963 deprece-

538 3007 648 3065 tur,
677 3005 732 3053 et
760 2995 827 3050 ad
848 3008 1007 3050 aures
1032 3002 1137 3047 tuae
1164 2990 1381 3061 pietatis
1401 2988 1676 3044 ascendat.
1699 2986 1801 3041 Per
1821 2985 2126 3041 Dominum.

604 3091 745 3145 Alia.
776 3118 847 3128 —
872 3088 1102 3153 Praesta,
1132 3096 1461 3155 quaesumus,
1509 3082 1847 3150 omnipotens
1878 3079 2039 3144 Deus,
2069 3084 2130 3133 ut

531 3179 714 3238 liberis
741 3178 838 3233 tibi
876 3175 1144 3233 mentibus
1190 3175 1515 3229 serviamus.
1556 3171 1660 3227 Per
1696 3170 1981 3225 Dominum
2020 3183 2129 3225 no-

536 3279 733 3327 strum.

607 3361 747 3415 Alia.
776 3390 849 3401 —
877 3357 949 3414 Ut
976 3364 1141 3421 tuam,
1174 3354 1421 3421 Domine,
1473 3353 1897 3409 misericordiam
1943 3366 2133 3407 consc-

540 3465 787 3523 quamur,
820 3447 905 3503 fac
929 3462 1030 3503 nos
1059 3445 1154 3501 tibi
1182 3453 1294 3500 toto
1323 3443 1486 3499 corde
1511 3457 1634 3499 esse
1661 3443 1902 3499 devotos.
1934 3440 2059 3498 Per.

613 3543 774 3613 193
800 3539 936 3594 Alia.
963 3569 1036 3580 —
1058 3538 1304 3607 Suscipe,
1338 3537 1577 3605 Domine,
1604 3550 1791 3606 preces
1820 3544 2054 3604 nostras,
2079 3544 2136 3590 et

536 3633 880 3690 clamantium
910 3631 978 3686 ad
1004 3640 1058 3686 te
1086 3631 1170 3701 pia
1192 3628 1354 3685 corda
1384 3630 1647 3699 propitius
1672 3630 1910 3684 intende.
1936 3628 2060 3683 Per.

607 3726 748 3780 Alia.
781 3754 851 3765 --
879 3723 1137 3790 Cunctas,
1165 3722 1412 3790 Domine,
1444 3737 1658 3792 semper
1682 3737 1712 3778 a
1742 3723 1896 3778 nobis
1941 3722 2136 3793 iniqui-

537 3824 673 3871 tates
699 3813 923 3883 repelle,
951 3820 1010 3867 ut
1029 3812 1096 3867 ad
1118 3811 1259 3867 viam
1288 3811 1479 3867 salutis
1501 3819 1718 3866 aeterna:
1747 3824 1934 3867 secura
1955 3817 2135 3867 mente

536 3921 836 3964 curramus.
865 3906 970 3962 Per
1001 3906 1284 3963 Dominum
1313 3914 1578 3961 nostrum.

608 4001 747 4058 Alia.
776 4031 849 4044 --
879 4000 1209 4070 Redemptor
1248 4006 1430 4055 noster
1451 4040 1467 4066 ,
1499 3998 1679 4067 aspice
1703 4040 1718 4066 ,
1749 3997 1891 4053 Deus
1912 4039 1927 4064 ,
1958 4005 2015 4052 et
2040 3996 2136 4052 tibi

538 4104 640 4146 nos
664 4090 865 4161 iugiter
893 4091 1103 4146 servire
1129 4090 1386 4146 concede.
1419 4089 1522 4144 Per
1553 4089 1835 4144 Dominum
1868 4098 2134 4146 nostrum.

609 4179 752 4235 Alia.
778 4209 850 4220 —
876 4182 1040 4247 Deus,
1068 4183 1191 4237 coeli
1218 4188 1480 4252 terraeque
1508 4181 1811 4237 dominator
1829 4220 1846 4247 ,
1877 4180 2134 4235 auxilium

542 4269 698 4325 nobis
728 4277 830 4324 tum
857 4269 1183 4326 defensionis
1215 4272 1478 4340 benignus
1504 4270 1769 4341 impende.
1798 4271 1921 4326 Per.

611 4360 752 4415 Alia.
783 4388 854 4401 -—
884 4360 1119 4429 Praesta,
1162 4376 1487 4431 quaesumus,
1534 4364 1839 4419 misericors
1890 4364 2049 4430 Deus,
2080 4372 2139 4420 ut

550 4452 645 4509 tibi
674 4451 863 4522 placita
891 4462 1072 4507 mente
1094 4453 1411 4508 serviamus.
1434 4454 1538 4509 Per
1560 4454 1842 4510 Dominum
1870 4466 2134 4512 nostrum.

618 4547 757 4602 Alia.
786 4577 859 4588 —
884 4546 1139 4603 Purilicet
1161 4561 1259 4603 nos
1288 4548 1614 4618 indulgentia
1646 4558 1769 4613 tua,
1803 4550 1961 4616 Deus,
1993 4559 2047 4605 et
2069 4550 2139 4606 ab

544 4641 691 4697 omni
721 4654 939 4712 semper
970 4640 1251 4711 iniquitate
1276 4642 1561 4696 custodiat.
1589 4641 1712 4698 Per.

614 4731 754 4790 Alia.
779 4763 850 4775 —
870 4733 1069 4789 Adesto
1092 4734 1265 4800 nobis,
1298 4734 1604 4791 misericors
1624 4736 1787 4805 Deus,
1809 4746 1864 4793 et
1887 4743 1973 4792 tua
1993 4738 2135 4795 circa

544 4843 642 4884 nos
666 4829 983 4899 propitiatus
1009 4829 1150 4885 dona
1178 4830 1409 4885 custodi.
1443 4829 1567 4887 Per.

618 4921 758 4975 Alia.
787 4950 858 4962 —
882 4921 929 4975 A
966 4922 1174 4979 cunctis
1214 4921 1582 4991 iniquitatibus
1610 4924 1808 4979 nostris
1836 4938 1971 4981 exue
2016 4937 2134 4992 nos,

550 5009 804 5076 Domine,
837 5019 893 5067 et
922 5011 975 5065 in
1007 5021 1094 5067 tua
1126 5013 1207 5068 fac
1236 5028 1367 5083 pace
1395 5013 1645 5083 gaudere.
1674 5013 1796 5069 Per.

617 5100 757 5158 Alia.
786 5131 858 5143 —
886 5102 1132 5171 Vincula,
1180 5104 1446 5173 Domine,
1500 5120 1839 5175 quaesumus,
1890 5104 2136 5161 humanm

553 5194 830 5264 pravitatis
857 5194 1134 5265 abrumpe,
1164 5205 1224 5252 ut
1270 5196 1336 5252 ad
1367 5197 1730 5255 conﬁtendum
1762 5212 1957 5254 nomen
1988 5208 2134 5254 tuum

549 5285 719 5340 libera
750 5294 927 5341 mente
954 5300 1253 5342 curramus.
1289 5288 1406 5343 Per.

624 5378 763 5433 Alia.
789 5407 861 5420 —
885 5378 1000 5434 Tua
1023 5394 1141 5444 nos,
1176 5379 1424 5449 Domine,
1454 5387 1801 5453 quaesumus,‘
1826 5386 1997 5456 gratia
2041 5385 2139 5441 be-

553 5470 795 5537 nedicat,
828 5479 882 5527 et
927 5472 993 5526 ad
1024 5473 1183 5528 vitam
1215 5474 1468 5544 perducat
1493 5484 1771 5533 aeternam.
1804 5477 1906 5533 Per
1949 5478 2135 5535 Domi-

554 5579 683 5618 num
713 5573 976 5620 nostrum.

629 5656 767 5711 Alia.
796 5684 865 5698 —-
901 5655 1049 5728 Vide,
1082 5657 1325 5726 Domine,
1351 5660 1687 5717 inﬁrmitates
1716 5672 1945 5729 nostras,
1978 5672 2031 5720 et
2052 5678 2141 5720 ce-

557 5744 654 5801 leni
684 5747 835 5802 nobis
884 5748 1081 5817 pietate
1127 5765 1400 5807 succurre.
1432 5751 1536 5808 Per
1565 5753 1847 5809 Dominum
1878 5766 2140 5812 nostrum.

632 5836 767 5891 Alia.
798 5864 869 5879 —-
898 5839 1005 5897 Fac
1026 5856 1144 5915 nos,
1175 5843 1419 5915 Domine,
1448 5859 1778 5916 quaesumus,
1801 5847 1936 5903 mala
1961 5858 2140 5905 nostra

2300 2013 2443 2068 Alia.
2466 2042 2538 2054 —
2567 2010 2873 2067 Ascendant
2900 2010 2966 2066 ad
3000 2019 3073 2078 te,
3107 2011 3352 2073 Domine,
3385 2024 3571 2079 preces
3601 2018 3828 2077 nostrae,

2230 2113 2287 2160 et
2307 2104 2374 2157 ab
2404 2103 2642 2159 Ecclesia
2669 2110 2758 2157 tua
2784 2112 3029 2158 cunctam
3059 2100 3259 2169 repelle
3284 2099 3598 2168 nequitiam.
3632 2098 3758 2153 Per.

2302 2196 2441 2251 Aﬁa.
2469 2226 2539 2235 —
2562 2193 2867 2249 Clamautes
2894 2193 2961 2248 ad
2990 2202 3062 2261 te,
3094 2192 3257 2259 Deus,
3285 2191 3568 2261 dignanter
3592 2191 3788 2246 exaudi
3812 2207 3829 2246 :

2234 2297 2294 2342 ut
2324 2302 2421 2341 nos
2447 2286 2516 2341 de
2546 2285 2812 2355 profundo
2840 2284 3136 2353 iniquitatis
3163 2282 3393 2353 eripias,
3440 2290 3495 2336 et
3520 2281 3587 2335 ad
3641 2283 3833 2351 gaudia

2233 2388 2432 2434 aeterna
2463 2376 2744 2447 perducas.
2778 2374 2902 2431 Per.

2305 2472 2444 2527 Alia.
2469 2499 2543 2510 —
2566 2467 2817 2524 Concede
2846 2467 3033 2536 nobis,
3078 2478 3405 2537 quaesumus,
3438 2462 3685 2528 Domine,
3738 2478 3834 2519 ve—

2239 2562 2383 2618 niam
2417 2560 2765 2629 delictorum,
2794 2569 2848 2617 et
2874 2574 2967 2617 eos
3003 2560 3092 2629 qui
3122 2568 3172 2614 te
3201 2556 3513 2629 impugnare
3543 2556 3833 2612 moliuntur

2235 2666 2501 2723 expugna.
2535 2650 2661 2706 Per.

2308 2767 2445 2823 Alia.
2469 2796 2540 2808 —
2562 2766 2675 2822 Tua
2704 2781 2824 2833 nos,
2857 2764 3106 2832 Domine,
3133 2778 3459 2836 quaesumus,
3489 2764 3664 2834 gratia
3692 2780 3833 2821 sem-

2239 2876 2334 2931 per
2361 2869 2418 2916 et
2448 2861 2767 2931 praeveniat,
2797 2866 2853 2915 et
2879 2866 3156 2928 sequatur,
3185 2873 3248 2913 ac
3269 2858 3428 2914 bonis
3466 2857 3723 2928 operibus
3747 2859 3833 2929 ju-

2236 2956 2375 3026 giter
2403 2964 2619 3027 praestet
2646 2968 2766 3010 esse
2794 2954 3045 3009 intentos.
3070 2951 3195 3012 Per.

2308 3065 2451 3120 Alia.
2480 3093 2551 3107 —-
2578 3064 2807 3135 Respice
2839 3078 2970 3131 nos,
3000 3063 3309 3119 misericors
3334 3062 3494 3129 Deus,
3527 3070 3583 3118 et
3632 3063 3833 3119 nomini

2238 3167 2328 3215 tuo
2357 3157 2558 3228 perﬁce
2587 3155 2848 3213 veraciter
2871 3156 3250 3225 obsequentes.
3277 3154 3401 3211 Per.

2162 3253 2210 3319 ο
2312 3249 2451 3304 Alia.
2479 3279 2551 3289 —
2575 3248 2753 3304 Tuere
2780 3262 2899 3313 nos,
2933 3260 3165 3316 superne
3196 3244 3524 3314 moderator,
3568 3252 3625 3301 et
3669 3244 3834 3315 fragi-

2239 3341 2447 3396 litatem
2473 3347 2709 3395 nostram
2734 3339 2840 3394 tuis
2872 3336 3099 3392 defende
3128 3335 3412 3406 praesidiis.
3441 3337 3564 3391 Per.

2306 3434 2450 3487 Alia.
2475 3462 2545 3473 —
2576 3431 2646 3486 Ut
2682 3444 2713 3484 a
2742 3430 2941 3485 nostris
2969 3428 3301 3494 excessibus,
3334 3426 3589 3492 Domine,
3620 3436 3833 3497 tempe-

2235 3544 2437 3598 remus,
2464 3539 2551 3584 tua
2572 3542 2671 3583 nos
2692 3534 2956 3598 prmcepta
2977 3523 3214 3580 concede
3230 3521 3428 3593 jugiter
3447 3536 3608 3591 opera
3618 3520 3683 3576 ri.
3705 3521 3831 3578 Per.

2313 3624 2454 3680 Alia.
2479 3650 2551 3663 —-
2571 3621 2775 3677 Aufera
2789 3618 2961 3687 nobis,
2980 3629 3303 3688 quaesumus,
3326 3623 3561 3681 nostras,
3580 3613 3833 3679 Domine,

2241 3717 2557 3786 pravitates,
2586 3723 2774 3768 utnon
2802 3710 3217 3782 indignationem
3242 3718 3409 3775 tuam,
3438 3708 3532 3763 sed
3556 3706 3835 3776 indulgen-

2236 3809 2365 3865 tiam
2395 3806 2708 3863 sentiamus.
2743 3804 2860 3859 Per.

2308 3901 2448 3957 Alia.
2482 3929 2552 3941 -—
2586 3898 2656 3955 Ut
2682 3897 2887 3953 cunctis
2918 3911 3035 3965 nos,
3066 3895 3313 3961 Domine,
3345 3894 3523 3951 foveas
3552 3891 3835 3963 adiumen-

2238 3993 2329 4060 tis,
2359 3993 2463 4046 tuis
2492 3996 2615 4059 apta
2646 3988 2908 4058 propitius
2929 3986 3246 4057 disciplinis.
3279 3986 3402 4041 Per.

2313 4084 2454 4139 Alia.
2488 4112 2559 4124 -—-
2588 4082 2739 4139 Oculi
2769 4081 2937 4136 nostri
2969 4081 3035 4136 ad
3068 4090 3153 4147 te,
3202 4079 3452 4145 Domine,
3492 4091 3707 4146 semper
3752 4075 3836 4130 in-

2239 4179 2480 4243 tendant,
2522 4187 2581 4233 ut
2607 4168 2868 4233 auxilium
2897 4186 3044 4233 tuum
3087 4184 3142 4232 et
3178 4172 3601 4230 misericordiam
3632 4171 3837 4226 sentia-

2238 4282 2377 4324 mus.
2410 4269 2532 4325 Per.

2310 4361 2751 4417 Alia.——Peccata
2774 4368 2978 4429 nostra,
3004 4374 3331 4432 quaesumus,
3356 4358 3601 4421 Domine,
3626 4369 3836 4411 memor

2241 4453 2488 4510 humanae
2516 4454 2837 4511 conditionis
2864 4454 3085 4511 absolve
3107 4495 3122 4521 ,
3159 4462 3216 4510 et
3242 4452 3499 4525 quidquid
3527 4466 3715 4509 eorum
3747 4465 3834 4506 re-

2243 4547 2528 4602 tributione
2559 4560 2829 4602 meremur
2854 4555 3058 4602 averte.
3089 4545 3212 4603 Per.

2162 4621 2216 4681 Ῑ)
2313 4638 2451 4693 Alia.
2478 4667 2550 4680 -—
2578 4639 2799 4712 Porrige
2829 4640 3002 4707 nobis,
3039 4640 3206 4707 Deus,
3237 4639 3512 4695 dexteram
3559 4646 3726 4703 tuam,
3775 4643 3834 4692 et

2240 4729 2494 4785 auxilium
2522 4730 2677 4786 nobis
2705 4745 2952 4801 superna:
2980 4732 3210 4787 virtutis.
3248 4731 3367 4786 Per.

2313 4819 2454 4876 Alia.
2479 4849 2549 4861 —
2571 4819 2780 4876 Exaudi
2809 4835 2929 4888 nos,
2960 4820 3184 4877 Domine
3229 4821 3369 4876 Deus
3396 4828 3597 4888 noster,
3630 4828 3686 4874 et
3729 4817 3833 4874 Ec-

2242 4908 2463 4966 clesiam
2494 4919 2640 4966 tuam
2668 4912 2811 4967 inter
2855 4911 3041 4966 mundi
3077 4911 3315 4967 turbines
3345 4912 3686 4968 ﬂuctuantem
3714 4912 3831 4967 cle-

2242 5003 2411 5062 menti
2438 5001 2826 5076 gubernatione
2855 5002 3156 5059 moderare.
3186 5004 3309 5059 Per.

2314 5118 2477 5190 200
2501 5118 2639 5173 Alia.
2661 5146 2732 5158 --
2760 5116 3001 5184 Intende,
3029 5117 3284 5183 Domine,
3314 5130 3649 5187 quaesumus,
3696 5131 3831 5185 sup-

2242 5208 2406 5280 plices
2428 5218 2571 5277 tuos,
2602 5219 2657 5265 et
2683 5211 2880 5279 pariter
2901 5210 3057 5267 nobis
3077 5211 3461 5282 indulgentiam
3485 5212 3658 5266 tribue
3680 5209 3834 5264 beni-

2241 5318 2377 5372 gnus
2405 5312 2460 5359 et
2488 5303 2757 5374 gaudium.
2789 5304 2913 5360 Per.

2314 5394 2455 5448 Alia.
2482 5396 2801 5465 —Respice
2846 5410 2984 5467 nos,
3035 5394 3371 5466 omnipotens
3425 5406 3478 5451 et
3524 5394 3832 5451 misericors

2245 5486 2412 5551 Deus,
2452 5497 2506 5542 et
2534 5488 2600 5542 ab
2629 5488 2877 5544 omnibus
2924 5487 3351 5547 tribulationibus
3382 5489 3698 5561 propitiatus
3732 5490 3832 5544 ab-

2243 5577 2417 5632 solve.
2450 5577 2573 5633 Per.

2320 5670 2457 5723 Alia.
2482 5697 2551 5712 -—
2577 5669 2885 5740 lniquitates
2913 5681 3122 5730 nostras
3146 5686 3213 5728 ne
3239 5672 3513 5743 respicias,
3540 5673 3706 5741 Deus,
3736 5674 3833 5729 sed

2243 5760 2354 5818 sola
2387 5762 2541 5817 nobis
2570 5763 2935 5819 misericordia
2969 5772 3055 5818 tua
3080 5766 3253 5834 prosit
3281 5765 3527 5834 indignis.
3561 5762 3686 5820 Per.

2316 5854 2453 5910 Alia.
2477 5886 2544 5896 -
2569 5855 2678 5911 Fac
2698 5870 2816 5925 nos,
2845 5855 3066 5913 Domine
3088 5856 3226 5913 Deus
3250 5866 3454 5925 noster,
3482 5855 3585 5911 tuis
3610 5854 3832 5912 obedire
