4042 6350
573 390 676 450 9.03

1801 387 2042 446 SANCTI
2083 384 2409 446 GREGORII
2447 388 2664 448 MAG-Nl

3735 388 3841 452 ΞΜ

571 528 718 572 tuam
739 555 752 579 ,
775 522 830 570 et
855 509 1087 582 Spiritus
1110 508 1282 567 sancti
1323 507 1496 565 lucem
1537 507 1590 564 in
1630 505 1788 562 nobis
1814 521 2031 576 semper
2061 519 2150 561 ac-
2176 505 2232 564 Δ
2255 506 2522 576 salutare,
2564 523 2662 565 nos
2712 507 2808 564 tibi
2833 521 3048 580 semper
3075 516 3134 566 et
3170 507 3372 579 ubique
3403 507 3606 579 gratias
3632 522 3832 571 ageres

572 609 756 663 conde.
780 607 900 662 Per.

644 701 782 756 Alia.
816 729 887 742 -
913 699 1085 762 Deus,
1119 695 1211 766 qui
1241 694 1490 750 tenebras
1538 692 1854 763 ignorantiae
1879 691 2028 748 verbi
2077 691 2154 746 tui

570 795 686 848 ltlt'c
713 793 1113 862 depellis,auge
1146 791 1197 844 in
1217 787 1469 845 cordibus
1498 788 1697 844 nostris
1723 787 1976 841 virtutem
2006 783 2153 851 ﬁdei,

567 905 724 957 quam
757 887 974 952 dedisti,
999 897 1054 941 ut
1082 886 1239 955 ignis,
1272 901 1430 954 quem
1460 883 1630 956 gratia
1651 892 1737 939 tua
1765 882 1890 938 fecit
1912 881 2152 948 accendi,

570 980 729 1036 nullis
762 981 1146 1035 tentationibns
1178 980 1344 1049 possit
1372 978 1658 1047 exstingui.
1690 976 1810 1032 Per.

640 1073 782 1128 Alia.
809 1103 879 1115 —
914 1073 1148 1129 Auribus
1200 1071 1414 1140 percipe
1441 1112 1456 1138 ,
1499 1070 1723 1128 Domine
1745 1110 1762 1135 ,
1812 1082 2115 1138 qumsumus
2136 1108 2152 1135 ,

568 1164 734 1220 verba
798 1163 910 1220 oris
959 1163 1162 1228 nostri,
1211 1161 1612 1230 clamoremque
1659 1158 1979 1213 matutinum
2038 1157 2155 1226 pius

569 1265 834 1312 scrutator
856 1257 1094 1324 intelltge
1115 1296 1128 1320 ,
1161 1263 1218 1308 ut
1239 1253 1428 1308 orandi
1459 1252 1525 1307 ad
1555 1261 1606 1306 te
1634 1252 1789 1306 nobis
1833 1253 1904 1306 sit
1927 1250 2029 1305 ﬁda
2062 1251 2156 1305 de-

569 1349 736 1415 votio,
772 1355 969 1416 tuaque
1020 1345 1246 1399 donetur
1291 1343 1442 1397 nobis
1473 1343 1711 1399 diluculo
1750 1343 2152 1412 contemplatio,

568 1451 626 1496 et
653 1449 990 1511 peccatorum
1011 1437 1250 1491 omnium
1283 1443 1532 1504 exoptata
1556 1435 1824 1490 remissio.
1859 1434 1978 1490 Per.

640 1532 775 1585 Alia.
798 1557 866 1570 —-—
896 1527 1111 1584 Veritas
1145 1538 1233 1582 tua
1253 1568 1270 1595 ,
1313 1541 1652 1594 quaasumus,
1685 1525 1911 1588 Domine
1931 1565 1948 1590 ,
1977 1525 2158 1582 luceat

574 1626 630 1677 in
655 1621 910 1678 cordibus
930 1621 1152 1685 nostris,
1183 1628 1237 1675 et
1257 1620 1434 1674 omnis
1462 1617 1667 1674 falsitas
1693 1617 1895 1676 inimici
1917 1619 2156 1674 destrua-

570 1727 678 1774 tur.
710 1717 813 1773 Per
844 1716 1125 1772 Dominum
1157 1723 1418 1770 nostrum.

635 1813 776 1866 Alia.
808 1809 1157 1865 —Sensibus
1211 1807 1447 1873 nostris,
1494 1822 1838 1874 quaesumus,
1891 1809 2176 1890 Domine,‘

2258 605 2480 665 Domine
2517 612 2731 670 sancte,
2778 605 2932 661 Pater
2977 605 3352 675 omnipotens,
3397 612 3604 662 aeterne
3651 604 3792 660 Deu.‘
3821 645 3837 658 .

2255 699 2566 770 suppliciter
2595 699 2938 770 implorantes
2961 741 2979 768 ,
3004 707 3066 758 ut
3089 715 3188 756 nos
3223 698 3290 756 ab
3327 699 3578 756 omnibus
3605 699 3841 770 peccatis

2257 793 2550 847 clementer
2596 793 2829 862 eripias,
2879 801 2936 848 et
2974 807 3005 848 a
3042 791 3249 849 cunctis
3290 799 3542 862 protegas
3579 791 3841 862 benignus

2258 888 2504 944 inimicis.
2535 888 2635 944 Per
2662 887 2960 943 Christum.

2327 980 2353 1032 1
2365 987 2480 1050 nfra
2507 983 2776 1034 actionem.
2794 1011 2863 1020 -—
2876 979 3023 1034 lianc
3041 979 3201 1050 igitur
3230 977 3580 1045 oblationem,
3595 978 3842 1044 Domine,

2257 1089 2414 1144 quam
2444 1073 2539 1128 tibi
2565 1072 2841 1127 oﬁ'eriinus
2870 1088 2966 1141 pro
2991 1073 3222 1141 peccatis
3265 1081 3427 1144 atque
3457 1071 3844 1126 offensionibus

2257 1164 2484 1228 nostris,
2519 1173 2577 1218 ut
2615 1163 2853 1218 omnium
2883 1149 3201 1218 delictorum
3233 1171 3540 1219 nostrorum
3570 1163 3847 1217 remissio-

2258 1272 2378 1312 nem
2409 1256 2663 1325 consequi
2707 1269 3047 1323 mereamur,
3104 1268 3447 1324 quaesumus,
3491 1254 3748 1318 Domine,
3793 1260 3849 1305 ut

2257 1350 2496 1421 placatus
2525 1347 2779 1418 accipias,
2810 1347 3034 1418 diesque
3061 1355 3273 1400 nostros
3298 1345 3351 1401 in
3379 1353 3467 1400 tua
3494 1359 3627 1416 pace
3654 1344 3849 1413 dispo-

2257 1455 2375 1497 nas.

2329 1533 2494 1607 204
2519 1533 2599 1588 Ad
2631 1531 3022 1602 Complendttm.
3053 1560 3125 1573 —
3154 1531 3356 1588 Praesta
3403 1530 3593 1597 nobis,
3642 1537 3849 1586 aeterne

2258 1627 2529 1694 Salvator,
2561 1634 2619 1681 ut
2642 1625 2998 1695 percipientes
3035 1625 3134 1678 hoc
3157 1637 3381 1679 munere
3405 1623 3617 1678 veniam
3649 1634 3852 1690 pecca-

2258 1731 2454 1788 torum,
2479 1719 2732 1790 deinceps
2760 1725 2977 1790 peccata
3007 1716 3374 1775 vitemus.Per
3399 1715 3706 1771 Dominum.

2337 1813 2470 1868 Alia.
2500 1843 2568 1854 —
2592 1813 2788 1868 Sancta
2829 1820 2914 1866 tua
2957 1826 3083 1877 nos,
3136 1810 3365 1866 Domine
3388 1851 3404 1874 ,
3445 1823 3791 1881 quaesumus,
3820 1821 3851 1863 a

565 1922 745 1962 iumen
772 1914 1016 1962 sanctum
1052 1912 1203 1958 tuum
1228 1902 1493 1972 benignus
1521 1901 1772 1968 infunde,
1796 1911 1856 1958 ut
1890 1902 1980 1958 tibi
2010 1917 2154 1957 sem-
2186 1893 2238 1960 Β
2263 1905 2496 1976 peccatis
2524 1912 2722 1960 exuant
2742 1945 2757 1968 ,
2787 1911 2842 1960 et
2872 1901 3114 1959 caelestis
3140 1902 3262 1958 vita:
3293 1901 3475 1974 vigore
3504 1897 3848 1959 conﬁrment.

567 2014 667 2070 per
688 1999 848 2070 203
876 1997 1047 2054 simus
1071 1996 1272 2062 devoti,
1294 1996 1446 2065 cujus
1465 1996 1727 2066 sapientia
1747 1998 1910 2053 creati
1940 2011 2124 2052 sumus
2139 2035 2160 2064 ,

562 2103 618 2152 et
646 2093 977 2164 providentia
1009 2092 1394 2163 gubernamur.
1429 2091 1551 2148 Per.

766 2184 900 2240 Item
939 2183 1087 2254 (650)
1113 2183 1180 2236 ad
1209 2181 1486 2237 Matutinos
1505 2226 1518 2248 ,
1547 2185 1830 2237 lucescente
1860 2183 1959 2238 die.

635 2274 776 2330 Deus
795 2315 811 2339 ,
842 2274 935 2344 qui
957 2274 1098 2330 diem
1126 2275 1390 2330 discernis
1415 2288 1444 2327 a
1476 2282 1631 2329 nocte
1649 2314 1664 2338 ,
1692 2282 1846 2329 actus
1871 2284 2094 2330 nostros
2125 2289 2160 2331 a

563 2367 909 2423 tenebrarum
943 2368 1212 2436 distingue
1243 2367 1474 2436 caligine
1501 2409 1514 2432 ,
1543 2376 1599 2420 ut
1641 2380 1857 2436 semper
1880 2383 1999 2436 rpite
2025 2383 2150 2423 san-

565 2472 648 2516 eta
679 2468 805 2514 sunt
828 2458 1170 2527 meditantes,
1206 2460 1263 2515 in
1291 2467 1383 2516 tua
1405 2457 1602 2528 iugiter
1635 2461 1754 2524 luce
1773 2462 2034 2516 vivamus.
2054 2459 2156 2515 Per

562 2552 847 2610 Dominum
879 2563 1142 2608 nostrum.

631 2646 771 2702 Alia.
817 2676 886 2687 —
935 2646 1148 2701 Gratias
1206 2645 1300 2702 tibi
1346 2647 1585 2718 agimus,
1647 2646 1873 2703 Domine
1924 2657 2151 2726 sancte,

562 2739 724 2795 Pater
753 2739 1124 2808 omnipotens,
1151 2748 1352 2794 aeterne
1377 2739 1520 2794 Deus
1540 2779 1555 2806 ,
1589 2739 1678 2809 qui
1726 2754 1822 2794 nos
1869 2740 1938 2796 de
1976 2751 2153 2798 trans-

561 2841 686 2888 acto
709 2832 884 2890 noctis
919 2832 1094 2902 spatio
1138 2831 1210 2887 ad
1237 2831 1527 2888 matutinas
1555 2832 1715 2889 horas
1746 2832 2040 2901 perducere
2070 2832 2150 2887 di-

560 2932 754 2996 gnatus
779 2939 838 2981 es
868 2940 885 2981 :
917 2938 1226 2994 quaesumus
1252 2932 1309 2980 ut
1329 2925 1496 2980 dones
1518 2923 1672 2980 nobis
1703 2923 1843 2980 diem
1869 2923 2008 2981 hunc
2033 2924 2152 2980 sine

560 3024 781 3086 peccato
821 3019 1051 3072 transire
1073 3057 1088 3081 ,
1117 3024 1380 3086 quatenus
1428 3018 1494 3072 ad
1525 3031 1810 3088 vesperum
1839 3026 1894 3073 et
1934 3031 2150 3088 semper

560 3110 656 3166 tibi
687 3112 798 3166 Deo
821 3109 1022 3182 gratias
1051 3110 1368 3168 referamus.
1397 3111 1521 3167 Per.

629 3204 768 3260 Alia.
794 3233 862 3243 ——
891 3202 1107 3258 Gratias
1150 3203 1356 3274 agimus
1404 3203 1747 3260 inenarrabili
1793 3201 1977 3273 pietati
2010 3209 2142 3282 tua?J

2263 2000 2386 2056 Per.

2709 2090 2993 2145 Orationes
3022 2098 3244 2161 tempore
3267 2087 3405 2143 belli.

2332 2185 2681 2254 Omnipotens
2723 2192 2778 2240 et
2822 2183 3128 2238 misericors
3161 2182 3338 2248 Deus,
3368 2194 3398 2235 a
3429 2177 3698 2236 bellorum
3723 2192 3848 2244 nos,

2260 2293 2587 2349 quaesumus,
2623 2277 2834 2332 turbine
2855 2275 2938 2331 fac
2958 2274 3190 2344 quietos,
3216 2274 3338 2346 quia
3363 2273 3502 2326 bona
3531 2270 3690 2326 nobis
3713 2285 3848 2324 cun-

2261 2378 2345 2424 cta
2374 2367 2740 2440 praestabis,si
2768 2382 2954 2440 pacem
2980 2365 3193 2423 dederis
3221 2376 3274 2422 et
3297 2363 3490 2421 mentis
3511 2371 3566 2419 et
3581 2363 3848 2434 corporis.

2259 2461 2384 2517 Per.

2328 2555 2553 2610 Alia.—
2571 2554 2925 2623 Omnipotens
2954 2552 3131 2616 Deus,
3163 2550 3456 2606 Christiani
3486 2549 3720 2605 nominis
3747 2549 3854 2604 ini-

2259 2648 2427 2705 micos
2455 2653 2675 2716 virtute,
2706 2661 3034 2718 qntesumns,
3069 2655 3176 2701 tua
3206 2646 3502 2715 comprime
3531 2643 3849 2713 Majestatis,

2261 2750 2320 2796 ut
2346 2739 2576 2812 populus
2617 2751 2738 2795 tuus
2776 2747 2831 2796 et
2871 2738 2991 2795 ﬁdei
3025 2739 3329 2808 integritate
3369 2737 3596 2801 lzctetnr,
3626 2745 3684 2792 et
3710 2745 3850 2791 tem-

2258 2847 2452 2903 porum
2482 2833 2868 2903 tranquillitate
2897 2845 3111 2900 semper
3134 2830 3386 2886 exsultet.
3417 2829 3544 2886 Per.

2728 2923 2892 2979 Missa
2911 2925 2967 2979 in
2996 2932 3220 2990 tempore
3245 2923 3382 2978 belli.

2333 3021 2473 3076 Deus
2498 3061 2514 3086 ,
2554 3034 2841 3091 regnorum
2889 3020 3135 3074 omnium
3182 3030 3478 3088 regumque
3516 3013 3849 3079 dominator,

2256 3112 2347 3182 qui
2377 3127 2476 3168 nos
2499 3119 2551 3168 et
2580 3111 2929 3182 percutiendo
2959 3126 3147 3178 sanas,
3177 3120 3232 3166 et
3266 3107 3591 3182 ignoscendo
3625 3123 3852 3164 conser-

2255 3218 2353 3258 vas
2374 3244 2390 3270 ,
2415 3204 2691 3274 praetende
2741 3203 2898 3259 nobis
2926 3202 3353 3259 misericordiam
3393 3209 3536 3256 tuam
3559 3242 3575 3268 ,
3604 3209 3665 3255 ut
3702 3209 3852 3256 trano

567 3299 912 3366 omnipotens
953 3297 1127 3360 Deus,
1155 3271 1246 3364 qui
1305 3309 1401 3350 nos
1432 3295 1658 3365 depulsa
1707 3271 1879 3350 noctis
1925 3271 2151 3366 caligine
2179 3271 2230 3337 ο
2259 3271 2532 3370 quillitate
2565 3300 2746 3370 pacis,
2787 3306 2882 3356 tua
2920 3308 3187 3370 potestate
3224 3298 3464 3364 ﬁrmata,
3505 3295 3575 3353 ad
3607 3297 3847 3354 remedia

566 3391 634 3448 ad
657 3391 766 3449 diei
785 3391 947 3462 huius
971 3391 1296 3462 principium
1319 3391 1637 3460 perduxisti,
1665 3402 1740 3452 et.
1759 3392 1968 3463 objecta
1997 3394 2151 3465 igno-

561 3485 750 3541 rantiae
777 3485 1050 3550 caecitate,
1076 3483 1144 3538 ad
1174 3485 1378 3540 cultum
1415 3487 1489 3540 tui
1522 3487 1756 3544 nominis
1787 3497 1947 3559 atque
1974 3488 2144 3552 scien-

561 3580 690 3634 tiam
726 3578 996 3634 revocasti
1031 3577 1298 3636 :illabcre
1339 3580 1589 3638 sensibus
1629 3583 1864 3650 nostris,
1908 3583 2154 3655 omnipo-

562 3679 682 3728 tens
705 3671 884 3738 Pater,
911 3672 1051 3726 utin
1103 3680 1495 3740 praceptorum
1544 3683 1755 3730 tuorum
1805 3675 2004 3730 lumine
2027 3690 2150 3746 grao

561 3767 792 3836 dientes,
816 3773 869 3821 te
895 3766 1086 3822 ducem
1111 3779 1401 3835 sequamur
1431 3776 1486 3822 et
1513 3768 1833 3838 principem.
1855 3768 1976 3827 Per.

629 3859 766 3912 Alia.
795 3887 866 3900 --
891 3859 1065 3928 Deus,
1099 3859 1186 3928 qui
1216 3869 1315 3914 nos
1360 3859 1429 3915 ad
1478 3862 1794 3932 principium
1843 3862 2001 3933 hujus
2041 3863 2150 3920 diei

558 3955 838 4024 pervenire
878 3953 1082 4020 fecisti,
1114 3954 1180 4008 da
1213 3955 1368 4009 nobis
1402 3954 1546 4010 hunc
1582 3958 1726 4012 diem
1767 3957 1886 4012 sine
1925 3967 2148 4026 peceato

565 4052 801 4108 transire
821 4089 836 4116 ,
859 4062 918 4104 ut
949 4052 1004 4104 in
1044 4051 1194 4107 nullo
1227 4067 1254 4106 a
1287 4051 1392 4106 tuis
1422 4051 1629 4107 semitis
1656 4052 2020 4117 declinemus;
2052 4053 2152 4110 sed

453 4166 473 4184 ι
559 4141 626 4194 ad
653 4151 798 4196 tuam
841 4139 1104 4211 justitiam
1145 4143 1444 4202 faciendam
1495 4152 1678 4200 nostra
1718 4160 1934 4215 semper
1963 4160 2150 4216 procc-

561 4216 690 4287 dant
726 4233 954 4302 eloquia.
990 4233 1111 4290 Per.

633 4327 712 4379 Ad
731 4326 967 4395 primam.
1010 4357 1077 4369 --
1119 4328 1358 4399 Dirigere
1379 4331 1635 4402 dignare,
1665 4333 1890 4390 Domine
1927 4343 2151 4404 sancte,

566 4417 726 4474 Pater
776 4419 1144 4489 omnipotens,
1188 4430 1391 4477 aeterne
1453 4423 1621 4491 Deus,
1664 4427 1824 4485 hodie
1882 4429 2041 4485 corda
2099 4438 2148 4486 et

565 4524 792 4578 corpora
819 4520 1000 4566 nostra
1032 4512 1084 4566 in
1124 4527 1287 4582 opera
1324 4515 1694 4570 mandatorum
1728 4529 1938 4573 tuorum
1962 4561 1977 4587 ,
2011 4530 2070 4574 ut
2100 4521 2151 4575 in

564 4601 665 4654 hac
694 4601 780 4657 die
808 4603 873 4656 ad
905 4603 1109 4658 nullum
1136 4604 1466 4661 declinemus
1498 4619 1788 4677 peceatum,
1821 4611 1917 4667 sed
1943 4626 2155 4682 semper

2257 3393 2610 3450 correctionis
2636 3401 2872 3451 utamur.
2903 3393 3026 3449 Per.

2326 3485 2470 3541 Alia.
2499 3515 2570 3527 —-
2601 3484 2746 3542 Deus
2771 3484 2926 3555 cuius
2965 3499 3192 3556 regnum
3230 3497 3452 3555 regnum
3485 3490 3573 3539 est
3605 3480 3849 3538 omnium

2257 3580 2604 3647 saeculorum,
2624 3579 3042 3652 supplicationes
3064 3589 3276 3634 nostras
3305 3575 3600 3634 clementer
3626 3575 3849 3641 exaudi,

2259 3683 2313 3730 et
2333 3673 2761 3729 Christianorum
2798 3687 3022 3743 regnum
3062 3670 3160 3727 tibi
3185 3669 3462 3727 subditum
3502 3677 3763 3740 protege,
3795 3675 3851 3724 ut

2255 3765 2313 3822 in
2345 3775 2432 3820 tua
2467 3767 2660 3820 virtute
2687 3764 2936 3831 ﬁdentes,
2965 3772 3020 3820 et
3041 3760 3135 3818 tibi
3164 3765 3430 3834 placeant,
3461 3769 3516 3818 et
3545 3775 3709 3831 super
3735 3775 3851 3815 om-

2258 3860 2347 3914 nia
2368 3874 2535 3929 regna
2568 3857 2898 3926 praecellant.
2930 3855 3054 3912 Per.

2329 3950 2462 4006 Item
2491 3952 2616 4006 alia.
2639 3979 2709 3990 —
2735 3949 2882 4004 Deus
2905 3989 2919 4014 ,
2958 3947 3049 4018 qui
3097 3948 3335 4004 conteris
3367 3943 3504 4001 bella
3524 3985 3541 4011 ,
3593 3949 3649 3999 et
3671 3943 3850 4013 impu-

2256 4055 2508 4116 gnatores
2547 4045 2600 4099 iu
2633 4052 2686 4099 te
2722 4044 3056 4112 sperantium
3098 4039 3335 4111 potentia
3366 4048 3471 4096 tua:
3508 4035 3872 4094 delensionis

2256 4152 2568 4209 expugnas,
2637 4136 2894 4192 auxiliare
2957 4134 3368 4205 implorantibus
3416 4128 3851 4186 misericordiam

2260 4245 2408 4289 tuam
2425 4275 2438 4298 ,
2455 4242 2533 4299 ut,
2566 4232 2806 4286 omnium
2827 4230 3068 4301 gentium
3099 4228 3316 4284 feritate
3339 4238 3670 4296 compressa,
3697 4223 3849 4279 iude-

2260 4327 2399 4384 l‘essa
2433 4335 2488 4382 te
2513 4324 2808 4395 gratiarum
2832 4323 3047 4379 actione
3075 4321 3374 4377 laudemus.
3407 4319 3532 4375 Per.

2330 4416 2779 4488 Superlablata.-—
2797 4414 3156 4481 Sacriﬁcium,
3174 4413 3418 4477 Domine,
3437 4410 3579 4480 quod
3600 4407 3850 4466 immola¢

2259 4525 2377 4565 mus
2403 4509 2652 4575 intende,
2684 4518 2744 4564 ut
2768 4508 2838 4564 ab
2867 4507 3014 4562 omni
3045 4522 3144 4562 nos
3173 4515 3336 4562 exuat
3362 4503 3621 4560 bellorum
3657 4502 3848 4574 nequi-

2261 4605 2354 4672 tia,
2382 4614 2436 4660 ct
2466 4605 2519 4658 in
2550 4612 2653 4658 tuae
2687 4601 3039 4673 protectionis
3077 4602 3368 4658 securitate
3403 4600 3721 4658 constituat.
3751 4600 3848 4655 l’er

563 4707 682 4760 quae
725 4703 909 4749 sancta
947 4707 1070 4750 sunt
1109 4698 1450 4765 meditemur,
1475 4709 1638 4771 atque
1676 4718 1838 4772 opere
1877 4663 2148 4774 cetnplea-
2177 4663 2232 4726 Ι)
2262 4697 2563 4753 Dominum-

563 4799 703 4852 mus,
733 4795 788 4842 et
817 4796 907 4843 tuo
940 4789 1135 4859 ubique
1163 4791 1367 4848 auxilio
1388 4795 1712 4850 muniantur.
1733 4795 1834 4851 Per
1864 4796 2149 4854 Dominum

560 4891 801 4936 nostrum
852 4882 1029 4939 Jesum
1079 4885 1344 4942 Christum
1398 4886 1589 4944 Filium
1633 4900 1813 4960 tuum,
1842 4892 1930 4962 qui
1976 4901 2150 4950 tecum

557 4973 690 5029 vivit
717 4982 771 5030 et
797 4983 984 5045 regnat
1014 4975 1151 5032 Deus
1178 4977 1230 5033 in
1255 4979 1457 5034 unitate
1486 4981 1724 5049 ejusdem
1756 4983 2004 5051 Spiritus.

1088 5067 1252 5125 Missa
1272 5089 1362 5138 pro
1386 5075 1620 5141 peccatis.

635 5159 861 5224 Exaudi,
891 5175 1217 5230 qumsumus,
1248 5163 1493 5234 Domine,
1526 5165 1827 5236 supplicum
1853 5182 2062 5237 preces,
2095 5180 2150 5227 et

559 5253 926 5308 conﬁtentium
959 5253 1052 5308 tibi
1082 5270 1244 5326 parce
1279 5259 1532 5327 peccatis,
1566 5270 1621 5313 ut
1655 5262 1854 5329 pariter
1879 5263 2036 5319 nobis
2067 5262 2148 5318 in-

561 5343 888 5414 dulgentiam
938 5345 1142 5400 tribuas
1179 5347 1439 5417 benignus
1477 5357 1530 5405 et
1574 5365 1778 5420 pacem.
1812 5353 1914 5408 Per
1963 5354 2142 5410 Domi-

563 5451 688 5490 num
718 5444 979 5492 nostrum.

633 5529 801 5598 Super
842 5527 1029 5583 oblata.
1054 5558 1123 5570 —
1144 5528 1342 5586 Adesto
1363 5573 1376 5596 ,
1412 5530 1566 5586 nobis
1590 5547 1894 5601 quzesumus
1915 5575 1930 5600 ,
1964 5535 2142 5591 Domi-

562 5636 663 5687 ne,
690 5630 743 5678 et
774 5637 958 5691 preces
989 5631 1200 5680 nostras
1229 5621 1486 5694 benignus
1514 5625 1721 5690 exaudi,
1755 5634 1813 5682 ut
1833 5628 1972 5698 quod
2000 5629 2136 5684 tidu-

565 5711 644 5766 cia
668 5729 773 5767 non
805 5712 966 5770 habet
1004 5716 1351 5783 meritorum,
1399 5716 1629 5787 placatio
1673 5717 1912 5776 obtineat
1935 5722 2144 5778 llosﬁa-

565 5817 701 5857 rum.
730 5803 851 5859 Per.

637 5892 907 5966 Praefatio.
934 5924 1002 5937 -
1029 5896 1167 5956 Vere
1197 5901 1414 5973 dignum
1434 5915 1483 5961 et
1503 5904 1702 5975 justum
1729 5915 1831 5974 est,
1860 5922 2069 5980 aequum
2091 5917 2146 5967 et
2181 5981 2183 5983 ι

2332 4789 2604 4860 Prtefatio.
2633 4788 2871 4845 —-.Vere
2906 4787 3123 4858 dignum
3162 4794 3218 4842 et
3253 4785 3456 4856 justum
3481 4793 3600 4849 est,
3631 4797 3847 4855 mquam

2259 4892 2313 4940 et
2341 4884 2578 4939 salutare
2596 4922 2612 4948 ,
2647 4897 2743 4938 nos
2766 4882 2858 4938 tibi
2886 4896 3101 4953 semper
3125 4890 3180 4938 et
3210 4879 3407 4951 ubique
3430 4878 3633 4950 gratias
3661 4892 3848 4949 agere,

2262 4975 2487 5030 Domine
2514 4985 2730 5041 sancte,
2762 4975 2918 5030 Pater
2958 4974 3316 5044 omnipotens,
3344 4979 3551 5026 aeterne
3577 4970 3726 5026 Deus
3751 4989 3761 5024 :
3800 4980 3850 5025 te

2261 5077 2375 5124 toto
2403 5067 2566 5124 corde
2595 5067 2848 5138 prostrati
2872 5067 3184 5137 suppliciter
3205 5071 3517 5128 exerentes,
3539 5074 3596 5119 ut
3625 5074 3682 5120 et
3710 5080 3851 5134 pra:-

2262 5163 2543 5219 teritorum
2575 5161 2730 5218 nobis
2769 5161 3035 5218 concedas
3060 5162 3274 5218 veniant
3312 5157 3636 5215 delictorum
3657 5199 3673 5224 ,
3695 5169 3753 5214 et
3784 5159 3852 5211 ab

2256 5254 2403 5310 omni
2437 5254 2783 5310 mortalitatis
2817 5255 3036 5309 incursu
3065 5253 3318 5310 continua
3361 5267 3462 5308 nos
3498 5252 3852 5307 miseratione

2255 5354 2525 5417 protegas.
2558 5347 2688 5415 Quia
2739 5354 2867 5402 tunc
2911 5344 3280 5402 delensionem
3328 5355 3478 5401 tuam
3499 5359 3610 5400 non
3648 5341 3850 5397 dini-n-

2255 5455 2375 5494 mos
2402 5440 2722 5507 adfuturam,
2750 5455 2871 5495 cum
2899 5454 2928 5492 a
2953 5440 3111 5495 nobis
3141 5453 3206 5495 ea
3230 5438 3426 5509 quibus
3446 5445 3503 5494 te
3519 5434 3850 5492 oﬁ'endimus

2249 5534 2532 5603 dignanter
2559 5535 2859 5605 expuleris.
2893 5535 2998 5589 Per
3023 5533 3318 5590 Christum.

2324 5629 2405 5684 Ad
2432 5626 2822 5697 Complmdum.
2850 5657 2920 5670 -—
2945 5625 3288 5683 Sacrosancti
3334 5625 3578 5696 corporis
3619 5631 3672 5678 et
3719 5638 3827 5677 san

2253 5723 2432 5794 guinis
2466 5719 2672 5775 Domini
2707 5718 2874 5775 nostri
2895 5719 3021 5774 Jesu
3042 5717 3240 5774 Christi
3271 5717 3564 5774 refectione
3586 5713 3845 5784 vegetati,

2257 5814 2526 5884 supplices
2553 5820 2608 5869 te
2637 5828 2886 5882 rogamus
2909 5853 2923 5878 ,
2948 5811 3288 5883 omnipotens
3319 5811 3461 5866 Deus
3481 5848 3497 5875 ,
3527 5816 3585 5862 ut
3613 5805 3717 5861 hoc
3762 5819 3844 5858 re~

2257 5907 2439 5965 medio
2462 5906 2722 5980 singulari
2764 5907 2832 5964 ab
2866 5921 3110 5968 omnium
3145 5919 3485 5979 peccatorum
3524 5915 3626 5961 nos
3653 5905 3842 5956 conta-
