4042 6350
276 305 364 363 205
823 273 826 276 ’
1427 302 1636 364 mean
1670 301 2305 366 sacnau‘enronuu.

276 423 411 494 gione
431 417 708 490 puriﬁces.
732 413 793 476 et
816 431 848 476 a
877 415 1236 488 periculorum
1273 418 1490 478 munias
1527 420 1831 478 incursione
1854 425 1912 490 Α

276 521 585 567 cunctorum.
624 509 730 563 Per
767 511 1030 566 eumd’em.

329 602 481 674 205
519 600 656 653 Alia.
688 627 762 639 —
790 601 1061 656 Protector
1085 607 1267 656 noster
1304 601 1515 671 aspice,
1567 601 1740 669 Deus,
1774 609 1837 658 et

268 690 318 744 at
349 691 578 745 hostium
624 703 724 744 nos
752 688 979 745 defende
1011 689 1277 760 periculis,
1309 699 1398 757 ut,
1427 690 1570 746 omni
1625 700 1837 762 pertur-

266 782 466 837 batione
507 781 776 851 submota,
833 780 1013 838 liberis
1068 782 1164 838 tibi
1204 783 1474 840 mentibus
1519 784 1830 842 serviamus.

267 874 362 929 Per
389 873 692 930 Dominum.

796 965 928 1021 Item
965 967 1070 1022 alia
1110 968 1293 1025 Missa.

330 1056 566 1112 Hostium
615 1063 957 1124 nostrorum,
1005 1072 1340 1130 quaesumus,
1389 1060 1648 1128 Domine,
1699 1059 1838 1118 clide

262 1146 575 1216 superbiam,
603 1156 657 1201 et
679 1147 916 1206 dexterae
947 1157 1048 1202 tute
1078 1149 1274 1204 virtute
1304 1160 1599 1218 prosterne.
1632 1150 1753 1206 Per.

332 1236 498 1306 Super
530 1236 735 1291 Oblata.
765 1265 839 1276 —
865 1237 1051 1307 llujus,
1087 1237 1331 1319 Domine,
1363 1257 1692 1312 quzesumus,
1723 1241 1838 1298 vir-

261 1335 366 1382 tute
393 1327 657 1398 mysterii,
689 1337 745 1382 et
769 1342 800 1382 a
830 1329 1030 1383 nostris
1059 1331 1380 1386 mundemur
1409 1333 1656 1402 occultis,
1687 1343 1740 1390 et
1772 1335 1839 1393 ab

261 1419 585 1475 inimicorum
620 1419 915 1476 liberemur
945 1421 1171 1478 insidiis.
1208 1424 1332 1480 Per.

327 1508 588 1581 Ρτωίαιῐο.
619 1540 689 1552 —-
721 1512 854 1569 Vere
890 1513 1106 1586 dignum
1133 1521 1188 1569 et
1220 1517 1424 1585 justum
1472 1527 1575 1584 est,
1627 1530 1840 1586 aequum

257 1612 310 1658 et
346 1605 597 1673 salutare,
624 1620 725 1661 nos
755 1605 848 1660 tibi
875 1620 1089 1676 semper
1112 1615 1165 1661 et
1201 1607 1397 1677 ubique
1427 1608 1624 1678 gratias
1661 1624 1839 1677 agere,

261 1695 474 1754 Domine
489 1707 696 1768 sancte,
727 1700 886 1755 Pater
935 1707 1275 1772 omnipotens
1303 1711 1510 1760 aeterne
1548 1703 1690 1760 Deus
1716 1721 1728 1757 :
1754 1702 1844 1774 qui

3407 309 3510 372 206

2005 423 2144 476 Alia.
2175 450 2246 462 —
2275 421 2416 477 Deus
2441 417 2688 478 conditor
2717 420 2922 489 mundi,
2951 420 3052 478 sub
3098 420 3251 493 cujus
3290 425 3515 484 arbitrio

1939 514 2258 572 saeculbrum
2306 515 2438 571 ordo
2481 514 2800 581 decurritur,
2851 515 3036 574 adesto
3083 516 3512 582 invocationibus

1938 607 2159 674 nostris,
2191 616 2246 664 et
2276 606 2711 677 tranquillitatem
2736 607 2882 677 pacis
2905 608 3261 677 prmacntibus
3281 610 3518 666 concede

1940 699 2292 769 temporibus,
2322 707 2379 754 ut
2405 697 2460 752 in
2508 696 2752 756 laudibus
2795 697 3176 756 misericordiae
3206 707 3312 756 tum
3341 699 3520 758 inces-

1939 791 2094 845 sabili
2123 789 2478 846 exsultatione
2513 789 2778 844 laetemur.
2806 789 2928 844 Per.

2013 880 2186 950 Super
2215 879 2410 934 oblata.
2461 909 2531 920 —
2553 879 2729 946 Deus,
2759 880 2848 948 qui
2870 878 3151 936 credentes
3177 878 3232 937 in
3265 887 3319 935 te
3344 875 3518 951 popu-

1942 972 2025 1028 los
2048 971 2208 1026 nullis
2251 972 2382 1028 sinis
2408 970 2619 1028 concuti
2650 971 2966 1037 terroribus,
3000 970 3220 1040 dignare
3249 985 3440 1039 preces
3468 980 3523 1025 et

1941 1064 2157 1122 Hostias
2179 1065 2367 1121 dicatae
2399 1065 2496 1122 tibi
2523 1064 2692 1132 plebis
2735 1065 3029 1134 suscipere,
3065 1072 3124 1120 ut
3151 1079 3251 1134 pax
3295 1073 3386 1119 tua
3410 1064 3519 1133 pie-

1944 1164 2053 1212 tate
2071 1169 2327 1211 concessa
2354 1154 2776 1212 Christianorum
2813 1154 2946 1212 ﬁnes
2968 1154 3036 1211 ab
3073 1155 3219 1214 omni
3254 1153 3414 1211 hoste
3442 1152 3523 1206 fa-

1940 1249 2050 1306 ciat
2078 1265 2198 1308 esse
2223 1265 2461 1309 securos.
2493 1249 2598 1309 Per
2623 1250 2931 1308 Dominum.

2014 1340 2095 1395 Ad
2126 1341 2520 1410 Comptendum.
2560 1370 2629 1381 —
2658 1341 2798 1400 Deus
2829 1348 3018 1397 auctor
3045 1341 3192 1410 pacis
3217 1349 3272 1398 et
3294 1348 3522 1405 amator,

1953 1448 2103 1506 quem
2139 1449 2295 1490 nosse
2319 1434 2531 1502 vivere,
2563 1434 2645 1492 cui
2670 1435 2873 1492 servire
2914 1447 3139 1503 regnare
3165 1441 3266 1502 est,
3299 1441 3524 1504 protege

1947 1527 2015 1581 ab
2037 1525 2286 1582 omnibus
2316 1525 2808 1598 impugnationibus
2850 1525 3115 1597 supplices
3158 1534 3294 1593 tuos,
3328 1534 3387 1580 ut
3432 1525 3526 1596 qui

1947 1617 2004 1672 in
2049 1616 2359 1674 defensione
2385 1627 2472 1674 tua
2511 1618 2746 1688 ﬁdimus,
2788 1616 2985 1676 nullius
3027 1615 3333 1674 hostilitatis
3377 1629 3526 1673 arma

1949 1708 2250 1764 timeamus.
2281 1709 2402 1764 Per.

259 1788 514 1859 subiectas
565 1791 664 1848 tibi
702 1793 969 1864 gloriﬁcas
1015 1803 1331 1866 potestates,
1365 1799 1595 1868 suscipe,
1632 1812 1842 1868 quaesu-
1872 1825 1919 1887 Β
2019 1799 2155 1852 Alia.
2191 1798 2446 1864 —Deus,
2476 1799 2564 1869 qui
2591 1799 2974 1854 misericordiae
3010 1807 3115 1856 tuae
3163 1797 3398 1870 potentis
3427 1811 3527 1853 au-

255 1896 390 1947 mns,
418 1884 686 1955 prepitius
714 1901 903 1956 preces
950 1897 1183 1955 nostras,
1213 1898 1271 1946 et
1311 1889 1452 1946 vires
1482 1891 1618 1946 adde
1648 1891 1842 1962 princi-

256 1981 405 2051 pibus
430 1985 660 2052 nostris,
693 1991 749 2038 ut
779 1985 869 2054 qui
892 1999 950 2041 se
972 1985 1195 2042 dextera
1223 1995 1310 2044 tua
1331 1995 1589 2060 expetunt
1611 1989 1841 2060 protegi,

255 2073 395 2128 nulla
433 2076 638 2145 possint
678 2074 1003 2132 adversitate
1040 2079 1313 2146 superari;
1360 2078 1573 2133 fidelem
1627 2089 1841 2150 quoque

255 2164 511 2235 populum
539 2175 682 2222 tuum
712 2167 967 2237 potentia:
990 2177 1091 2223 tua:
1113 2168 1316 2224 muniat
1355 2169 1553 2224 invicta
1575 2169 1840 2236 defensio,

259 2267 320 2311 ut
348 2257 437 2329 pio
465 2272 672 2329 semper
699 2260 790 2315 tibi
811 2259 1036 2318 devotus
1063 2261 1276 2331 aﬁ‘ectu,
1302 2270 1357 2317 et
1381 2261 1448 2316 ab
1471 2260 1680 2318 infestis
1703 2262 1841 2318 libe-

256 2359 406 2405 retur
433 2351 700 2422 inimicis,
743 2362 798 2410 et
822 2354 878 2410 in
918 2361 1006 2411 tua
1042 2354 1242 2428 iugiter
1285 2356 1461 2423 gratia
1501 2365 1838 2424 perseveret.

259 2441 358 2497 Per
382 2443 676 2502 Christum.

325 2537 403 2589 Ad
431 2535 829 2609 Comptendum.
863 2568 932 2581 —
959 2540 1200 2598 Viviﬁcet
1230 2558 1352 2610 nos,
1377 2558 1706 2615 quaesumus,
1739 2545 1843 2604 Do-

261 2630 416 2690 mine.
445 2632 790 2701 participatio
816 2634 890 2690 tui
916 2644 1102 2692 sancta
1134 2637 1399 2709 mystcrii,
1429 2647 1487 2694 et
1514 2639 1716 2710 pariter
1747 2655 1844 2696 no-

263 2721 343 2778 bis
369 2726 732 2797 expiationem
761 2729 961 2786 tribuat
1003 2738 1057 2786 et
1100 2731 1397 2788 munimen.
1430 2731 1535 2790 Per
1560 2732 1845 2790 Dominum

269 2827 522 2874 nostrum.

803 2910 936 2969 Item
971 2914 1076 2968 alia
1116 2912 1302 2970 Missa.

333 3000 488 3071 Deus,
517 3004 611 3075 qui
637 3005 971 3075 providentia
1001 3017 1090 3063 tua
1110 3008 1352 3063 ctelestia
1376 3007 1609 3066 simulet
1638 3019 1849 3066 terrena

269 3094 586 3162 moderatis,
621 3098 911 3168 propitiare
939 3097 1363 3156 Christianorum
1407 3101 1569 3157 rebus
1614 3109 1669 3158 et
1708 3101 1852 3173 regi-

1948 1890 2096 1957 xilio,
2145 1900 2200 1946 et
2243 1906 2496 1961 prospera
2526 1892 2747 1961 tribuis,
2779 1899 2834 1949 et
2865 1892 3088 1952 adversa
3135 1891 3375 1962 depellis,
3407 1891 3528 1945 uni-

1947 1997 2101 2038 versa
2126 1983 2397 2040 obstacula
2423 1999 2540 2056 quae
2559 1985 2730 2041 servis
2761 1985 2865 2042 tuis
2885 1984 3236 2044 adversantur
3260 1997 3527 2058 expugna,

1948 2086 2025 2139 ut,
2059 2084 2268 2130 remoto
2314 2084 2522 2132 terrore
2553 2076 2850 2144 bellorum,
2881 2084 2938 2134 et
2982 2077 3202 2138 libertas
3229 2091 3441 2146 secura,
3475 2081 3531 2133 et

1948 2165 2136 2238 religio
2164 2166 2234 2224 sit
2259 2167 2459 2237 quieta.
2493 2168 2616 2224 Per.

2241 2263 2406 2320 Missa
2443 2280 2536 2333 pro
2564 2280 2862 2336 quacunque
2899 2260 3247 2320 tribulatione.

2021 2356 2161 2412 Deus
2190 2355 2410 2412 inﬁnitae
2440 2355 2845 2424 misericordiae,
2872 2363 2928 2416 et
2954 2355 3207 2414 bonitatis
3231 2354 3530 2423 immensae,

1951 2450 2240 2522 propitiare
2267 2450 2632 2522 iniquitatibus
2682 2450 2903 2518 nostris.
2949 2458 3008 2508 et
3033 2449 3282 2506 omnibus
3320 2448 3532 2510 anima-

1951 2560 2069 2600 rum
2097 2553 2398 2602 nostrarum
2429 2543 2648 2600 medere
2675 2541 3045 2616 languoribus,
3077 2549 3154 2614 ut,
3188 2550 3530 2613 peccatorum

1954 2647 2260 2696 nostrorum
2284 2638 2604 2696 remissione
2627 2646 2901 2710 percepta,
2933 2651 3147 2708 semper
3166 2636 3223 2693 in
3249 2644 3340 2696 tua
3367 2634 3535 2692 bene-

1954 2728 2189 2783 dictione
2210 2728 2480 2796 laetemur.
2495 2729 2617 2784 Per.

2028 2822 2197 2895 Super
2225 2823 2416 2880 oblata.
2445 2854 2514 2864 —
2540 2823 2715 2884 Tuere
2737 2837 2834 2880 nos
2853 2863 2871 2891 ,
2902 2823 3128 2880 Domine
3145 2864 3163 2892 ,
3191 2820 3391 2880 divinis
3412 2833 3534 2890 pros

1956 2914 2118 2988 pitius
2145 2916 2532 2984 sacramentis,
2580 2923 2665 2986 et,
2704 2925 2763 2974 ut
2793 2915 2878 2974 his
2913 2928 3149 2986 congrue
3188 2913 3534 2981 famulemur,

1955 3024 2140 3064 corum
2166 3020 2363 3079 prmsta
2393 3018 2639 3083 potenter
2667 3010 2882 3068 effectu.
2913 3007 3018 3068 Per
3037 3006 3308 3066 eumdem.

2025 3097 2341 3155 Benedictio.
2369 3130 2439 3140 —
2469 3101 2635 3170 Deus,
2665 3108 2980 3158 mmstorum
3007 3098 3280 3166 solatium.
3311 3093 3536 3158 tribula-

270 3184 382 3252 bus,
414 3199 468 3242 ut
518 3191 694 3244 omnis
739 3191 971 3247 hostium
1004 3194 1281 3262 fortitudo,
1311 3205 1362 3252 te
1391 3211 1488 3268 pro
1515 3197 1670 3253 nobis
1717 3211 1845 3268 pro-
1878 3223 1924 3286 Ο
1956 3201 2136 3249 torum
2164 3191 2425 3265 refugium
2447 3235 2463 3261 ,
2495 3209 2593 3249 suo
2621 3208 2716 3250 vos
2743 3191 2970 3251 brachio
3009 3193 3204 3258 foveat,
3245 3200 3301 3250 et
3342 3189 3410 3246 ab
3437 3188 3536 3250 im-

270 3289 548 3347 pugnante,
579 3279 873 3351 frangatur.
909 3283 1011 3340 Per
1035 3284 1343 3342 Dominum.

333 3371 465 3426 Atia.
490 3400 562 3412 ——
583 3373 746 3441 Deus,
768 3377 1114 3432 servientium
1134 3379 1227 3434 tibi
1253 3378 1508 3436 fortitudo
1534 3394 1846 3452 regnorum,

270 3465 524 3532 propitius
563 3464 986 3523 Christianorum
1027 3469 1215 3526 adesto
1243 3486 1458 3542 semper
1501 3471 1848 3544 principibus,

271 3566 325 3611 ut
351 3573 577 3628 quorum
612 3560 705 3615 tibi
735 3561 974 3633 subjecta
1002 3575 1085 3620 est
1113 3565 1412 3633 ltumilitas,
1435 3581 1623 3623 eorum
1646 3568 1847 3638 ubique

272 3650 610 3705 excellentior
639 3651 708 3707 sit
736 3662 989 3722 potestas.
1016 3655 1140 3711 Per.

337 3742 504 3810 Super
533 3742 726 3798 oblata.
753 3773 824 3783 —
847 3745 1142 3817 I’ropitiare
1162 3788 1178 3817 ,
1227 3749 1452 3806 Domine
1473 3791 1489 3819 ,
1519 3749 1767 3818 precibus
1796 3760 1851 3806 et

271 3831 463 3889 Hostiis
505 3833 830 3892 famulorum
865 3849 1094 3907 tuorum,
1131 3854 1184 3898 et
1212 3857 1433 3913 propter
1477 3858 1674 3900 nomen
1706 3853 1851 3901 tuutn

272 3923 554 3984 Christiani
576 3931 808 3986 nominis
828 3931 1054 3990 defende
1080 3944 1342 4014 rectores,
1379 3945 1436 3992 ut
1455 3938 1599 3994 salus
1617 3938 1856 3996 servien-

273 4020 399 4076 tium
428 4022 525 4080 tibi
552 4023 859 4095 principum
900 4041 1006 4098 pax
1035 4036 1246 4085 tuorum
1291 4030 1459 4102 possit
1486 4046 1604 4090 esse
1628 4034 1854 4105 populo-

273 4128 401 4169 rum.

339 4204 611 4277 Praefatio.
655 4237 727 4251 —-
756 4209 895 4267 Vere
923 4211 1140 4284 dignum
1183 4224 1238 4272 et
1262 4215 1462 4287 justum
1507 4225 1609 4285 est,
1642 4231 1853 4287 aequum

273 4307 326 4352 et
353 4299 614 4367 salutare,
646 4316 746 4357 nos
771 4301 864 4358 tibi
895 4319 1108 4374 semper
1130 4316 1185 4361 et
1215 4307 1409 4377 ubique
1435 4309 1635 4378 gratias
1673 4323 1847 4378 agerc,

276 4389 492 4447 Domine
537 4403 754 4459 sancte,
805 4398 962 4451 Pater
1007 4395 1379 4468 omnipotens,
1435 4407 1635 4454 aeterne
1669 4400 1850 4454 Deus;

274 4487 369 4539 sub
385 4490 534 4558 cujus
562 4491 842 4561 potestatis
863 4492 1084 4548 arbitrio
1107 4498 1342 4551 omnium
1374 4511 1656 4567 regnorum
1680 4508 1853 4561 conti-

1955 3285 2282 3341 minentibus
2305 3284 2556 3355 periculis
2575 3283 2772 3343 illaesos
2795 3285 3079 3340 miseratus
3095 3281 3315 3340 efficiat.
3337 3281 3530 3344 Amen.

1953 3374 2201 3430 Dextera:
2246 3384 2356 3431 suae
2405 3389 2498 3431 vos
2547 3375 2932 3444 omnipotentis
2969 3374 3160 3446 clypeo
3206 3371 3432 3438 muniat,
3478 3377 3538 3424 et

1954 3480 2110 3521 muro
2155 3481 2266 3521 suae
2298 3465 2701 3539 inexpugnabili
2734 3465 3060 3524 fortitudinis
3091 3465 3159 3521 ab
3195 3463 3416 3524 instanti
3446 3462 3538 3518 tri-

1955 3557 2226 3613 bulatione
2257 3559 2622 3630 circumtegat.
2654 3559 2851 3616 Amen;
2893 3559 3030 3615 lratn
3060 3571 3171 3616 suae
3208 3553 3539 3625 animadver-

1956 3647 2123 3702 sionis
2154 3663 2183 3701 a
2216 3649 2366 3704 vobis
2400 3650 2719 3721 propitiatus
2748 3659 2986 3717 avertat,
3018 3659 3092 3714 et,
3141 3657 3356 3722 portum
3385 3645 3542 3704 vobis

1960 3739 2147 3794 salutis
2176 3739 2480 3810 indulgens,
2510 3741 2564 3796 in
2596 3756 2708 3796 sua:
2735 3754 2829 3796 vos
2872 3739 3219 3810 protectionis
3265 3737 3539 3796 interritos

1959 3832 2243 3888 securitate
2270 3833 2575 3889 constituat.
2605 3835 2799 3906 Amen.
2829 3831 2982 3902 Quod
3012 3831 3126 3899 ipse
3150 3837 3426 3900 praestare.

2030 3924 2110 3978 Ad
2133 3923 2524 3995 Complendum.
2555 3957 2623 3970 —
2651 3924 2872 3991 Muniat,
2902 3934 3240 3994 quaesumus,
3271 3921 3493 3977 Domine
3518 3959 3536 3986 ,

1961 4016 2144 4074 ﬁdeles
2174 4029 2300 4075 tuos
2330 4019 2528 4088 sumpti
2558 4017 2848 4074 viviﬁcatio
2877 4015 3225 4081 sacramenti,
3259 4023 3312 4070 et
3337 4026 3369 4066 a
3393 4009 3538 4068 vitiis

1961 4110 2212 4166 omnibus
2257 4109 2534 4180 erpeditos
2563 4111 2618 4166 in
2670 4115 2856 4166 sancta
2906 4107 3070 4164 faciat
3097 4119 3218 4165 esse
3255 4101 3542 4162 devotione

1961 4213 2261 4260 currentes.
2294 4204 2414 4258 Per.

2501 4302 2634 4360 Item
2671 4304 2778 4360 alia
2809 4301 2994 4368 Missa.

2033 4405 2196 4473 Deus,
2231 4406 2328 4461 sub
2355 4403 2510 4476 cujus
2545 4404 2714 4460 oculis
2742 4419 2901 4460 omne
2929 4417 3022 4460 cor
3052 4400 3308 4472 trepidat,
3338 4407 3394 4457 et
3419 4414 3538 4457 om-

1960 4515 2056 4556 nes
2086 4497 2431 4555 conscientia:
2455 4504 2774 4568 pavescunt,
2808 4493 3102 4568 propitiare
3123 4493 3368 4550 omnium
3400 4491 3545 4546 dolo-

278 4589 423 4633 netur
458 4590 718 4650 potestas,
748 4591 796 4636 te
820 4581 1093 4639 humiliter
1117 4585 1486 4658 deprecamur,
1511 4600 1570 4648 ut
1599 4595 1850 4666 principi-
1885 4605 1935 4664 ι)
1963 4595 2112 4650 ribus
2133 4593 2492 4664 gementium,
2540 4599 2594 4648 et
2612 4600 2927 4648 cunctorum
2960 4589 3180 4647 medere
3207 4586 3543 4653 vulneribus,

276 4672 370 4728 bus
395 4676 592 4731 nostris
622 4678 882 4748 propitius
912 4680 1100 4736 adess‘e
1140 4682 1396 4753 digneris,
1431 4695 1487 4740 ut
1530 4690 1618 4756 qui
1651 4698 1737 4745 tua
1768 4706 1862 4747 ex-

277 4777 454 4833 petunt
494 4775 828 4841 protectione
880 4773 1125 4844 defendi,
1180 4777 1426 4835 omnibus
1466 4781 1573 4836 sint
1619 4783 1859 4841 hostibus

277 4857 538 4918 fortiores.
586 4863 690 4920 I’er
712 4865 1003 4924 Christum.

341 4952 418 5006 Ad
469 4954 865 5027 Complendum.
913 4988 985 5002 -—
1015 4959 1276 5034 Protegc,
1329 4963 1575 5032 Domine,
1628 4964 1857 5022 famulos

277 5051 390 5101 tuos
413 5047 670 5104 subsidiis
701 5051 847 5121 pacis
876 5061 931 5109 et
950 5052 1215 5124 corporis,
1258 5064 1312 5111 et
1339 5057 1702 5126 spiritualibus
1727 5075 1858 5116 cnu-

279 5138 438 5198 triens
455 5156 550 5200 eos
573 5143 867 5216 alimentis,
891 5159 922 5201 a
947 5147 1154 5204 cunctis
1175 5147 1412 5206 hostibus
1435 5151 1600 5208 redde
1615 5165 1857 5210 securos.

282 5231 394 5290 Per.

849 5330 1009 5389 Missa
1038 5349 1131 5405 pro
1151 5351 1292 5410 pace.

347 5420 513 5492 Deus,
544 5439 575 5480 a
621 5441 732 5498 quo
771 5437 955 5484 sancta
1000 5430 1290 5500 desideria,
1344 5439 1491 5488 recta
1537 5434 1779 5502 consilia,
1809 5442 1866 5492 et

274 5512 413 5582 iusta
465 5529 591 5577 sunt
616 5537 804 5592 opera,
835 5525 997 5596 206
1032 5523 1100 5580 da
1147 5528 1316 5581 servis
1346 5527 1452 5582 tuis
1481 5525 1650 5594 illam,
1702 5544 1862 5600 quam

275 5612 508 5672 mundos
539 5631 647 5672 non
678 5626 855 5688 potest
883 5618 1013 5676 dare
1059 5633 1279 5694 pacem,
1308 5631 1366 5677 ut
1394 5631 1448 5678 et
1476 5622 1638 5678 corda
1680 5630 1863 5678 nostra

277 5706 550 5764 mandatis
577 5709 685 5766 tuis
708 5707 910 5780 dedita,
952 5719 1008 5770 et
1043 5712 1275 5770 hostium
1306 5713 1511 5770 sublata
1547 5713 1862 5782 formidine,

277 5797 524 5868 tempore
554 5798 662 5871 sint
695 5807 782 5856 tua
812 5804 1146 5875 protectione
1175 5806 1478 5879 tranquilla.
1518 5803 1639 5860 Per.

1970 4697 2026 4744 ut
2050 4689 2188 4745 sicut
2217 4700 2375 4743 nemo
2405 4694 2646 4741 nostrum
2677 4683 2816 4740 liber
2855 4698 2889 4738 a
2929 4681 3085 4752 culpa
3131 4689 3243 4747 est,
3285 4680 3357 4736 ita
3387 4693 3545 4734 nemo

1966 4780 2037 4837 sit
2066 4780 2270 4834 alienus
2297 4793 2328 4833 a
2351 4777 2527 4834 venia.
2558 4777 2682 4833 Per.

2037 4873 2193 4943 207
2235 4870 2372 4928 Alia.
2414 4899 2469 4910 -
2499 4869 2855 4940 Omnipotens
2895 4867 3225 4937 sempiterne
3259 4867 3426 4933 Deus,
3457 4864 3548 4935 qui

1963 4964 2158 5020 timore
2190 4963 2429 5031 sentiris,
2462 4962 2744 5018 dilectione
2773 4958 2989 5028 coleris,
3012 4958 3350 5016 confessione
3374 4957 3548 5029 placa-

1965 5055 2074 5122 ris,
2105 5054 2528 5112 misericordiam
2555 5063 2700 5110 tuam
2731 5051 2946 5109 efiunde
2973 5051 3304 5123 supplicibus
3325 5092 3340 5118 ,
3371 5059 3431 5109 ut
3457 5046 3548 5119 qui

1969 5148 2037 5205 de
2053 5147 2364 5205 meritorum
2383 5147 2635 5218 qualitate
2654 5145 2965 5214 diffidimus,
2983 5161 3089 5204 non
3100 5145 3360 5217 judicium
3375 5151 3546 5210 tuum,

1969 5239 2065 5296 sed
2087 5237 2469 5308 indulgentiam
2500 5240 2813 5296 sentiamus.
2848 5235 2972 5295 Per.

2042 5331 2212 5402 Super
2260 5333 2450 5387 oblata.
2504 5361 2574 5375 -
2618 5333 2869 5403 Suscipe,
2921 5331 3177 5400 Domine,
3239 5329 3549 5400 propitiatus

1969 5425 2183 5484 Hostias
2209 5426 2398 5498 quibus
2419 5435 2474 5483 et
2501 5434 2553 5484 te
2584 5427 2780 5497 placari
2806 5426 3042 5494 voluisti,
3071 5435 3127 5485 et
3144 5423 3298 5484 nobis
3319 5421 3547 5482 salutem

1973 5523 2226 5593 patientia
2259 5522 2468 5592 pietatis
2500 5531 2604 5578 tute
2630 5520 2859 5579 restitui.
2892 5521 3015 5578 Per.

1992 5616 1995 5621 ’
2042 5617 2121 5672 Ad
2147 5613 2536 5687 Complendum.
2565 5644 2637 5656 —
2669 5618 2816 5682 Quos
2844 5627 3066 5672 munere
3097 5611 3303 5668 caelesti
3342 5609 3548 5679 reficis,

1973 5709 2216 5780 Domine,
2242 5711 2421 5768 divino
2450 5720 2598 5768 tuere
2622 5708 2888 5782 praesidio,
2906 5714 2982 5774 ut,
3007 5705 3112 5762 tuis
3138 5704 3413 5779 mysteriis
3432 5719 3549 5777 per-

1974 5801 2238 5873 frueutes,
2272 5803 2432 5862 nullis
2460 5803 2752 5862 subdamur
2780 5797 3040 5858 adversis.
3068 5796 3194 5858 Per.
