4042 6350
531 354 628 419 207

1062 461 1195 520 Item
1229 460 1337 517 alia
1374 454 1557 514 Missa.

594 567 734 623 Deus
763 560 1033 618 humilium
1071 555 1377 613 consolator
1396 597 1411 623 ,
1453 563 1507 610 et
1538 553 1769 610 ﬁdelium
1798 552 2057 609 fortitudo
2082 593 2098 620 ,

527 657 781 731 propitius
803 662 917 711 esto
946 649 1289 721 supplicibus,
1319 657 1371 703 et
1391 646 1457 701 da
1481 657 1537 701 ut
1569 647 1798 719 humana
1821 646 2098 717 fragilitas,

524 770 639 822 quae
670 768 763 823 per
796 764 853 805 se
883 747 1131 819 proclivis
1163 754 1245 801 est
1265 744 1332 799 ad
1362 742 1554 810 labem,
1586 757 1679 812 per
1705 750 1757 798 te
1778 756 1991 811 semper
2010 756 2099 798 re-

522 856 737 919 paretur
765 845 831 900 ad
856 842 1085 897 veniam.
1121 839 1239 895 Per.

592 938 729 993 Alia.
762 934 1110 1001 —Suscipe,
1160 930 1463 985 misericors
1512 926 1754 989 Domine,
1803 925 2099 995 supplicum

522 1045 731 1101 preces,
782 1038 835 1084 et
882 1025 1169 1081 secundum
1212 1019 1605 1075 multitudinem
1650 1018 2098 1087 indulgentiarum

522 1132 732 1179 tuarum
763 1122 831 1176 ab
859 1119 1108 1174 omnibus
1140 1132 1238 1170 nos
1267 1116 1483 1171 absolve
1509 1114 1763 1183 peccatis,
1798 1120 1857 1166 ut
1885 1111 1951 1167 ad
1979 1126 2102 1165 om-

520 1217 610 1270 nia
642 1214 853 1284 pietatis
881 1226 1039 1280 opera
1062 1250 1076 1274 ,
1110 1216 1163 1263 te
1189 1214 1459 1277 parcente,
1502 1219 1847 1273 reparemur;
1877 1212 1931 1258 et
1964 1215 2099 1273 quos

519 1308 673 1363 venia
703 1306 889 1361 feceris
913 1306 1244 1366 innocentes,
1273 1299 1470 1353 auxilio
1493 1297 1653 1351 facias
1683 1296 1948 1352 efﬁcaces.

591 1398 761 1467 Super
782 1395 973 1450 oblata.
1001 1422 1070 1433 -——-
1098 1392 1221 1447 Haec
1250 1389 1455 1456 Hostia,
1492 1387 1735 1453 Domine,
1767 1402 2093 1455 quaesumus,

516 1499 573 1546 et
593 1490 659 1545 ab
688 1488 908 1545 occultis
936 1483 1230 1540 Ecclesiam
1263 1492 1405 1537 tuam
1436 1482 1673 1538 reatibus
1700 1496 1912 1550 semper
1930 1495 2097 1550 expe-

516 1584 645 1649 diat,
680 1592 733 1638 et
759 1579 1055 1635 manifestis
1082 1578 1466 1633 convenienter
1489 1586 1772 1646 expurget.
1803 1577 1925 1629 Per.

584 1677 664 1729 Ad
693 1674 1083 1744 Comptendum.
1113 1699 1185 1714 —
1220 1670 1515 1726 Puriﬁcent
1560 1683 1679 1734 nos,
1730 1667 1975 1735 Domine,
2007 1682 2088 1723 sa-

513 1776 783 1823 cramenta
811 1782 929 1836 quae
957 1768 1305 1838 sumpsimus,
1336 1774 1390 1823 et
1418 1780 1450 1821 a
1487 1763 1694 1821 cunctis
1736 1762 1971 1819 efﬁciant
2015 1763 2097 1819 vi-

512 1861 916 1929 tiisabsolutos.
940 1860 1044 1916 Per

1012 1968 1015 1973 ‘
1061 1949 1191 2005 Item
1220 1950 1323 2004 alia
1352 1948 1535 2004 Missa.

579 2044 897 2114 Quaesumus
919 2042 1255 2098 clementiam
1285 2052 1452 2107 tuam,
1480 2041 1823 2111 omnipotens
1848 2043 2009 2110 Deus,
2037 2053 2096 2099 ut

508 2138 600 2193 ubi
643 2138 785 2193 nulla
830 2135 1021 2191 ﬁducia
1047 2135 1287 2205 suppetit
1324 2132 1629 2203 actionum,
1671 2137 1841 2205 gratia
1868 2145 1959 2192 tua
1999 2152 2094 2193 co-

509 2230 660 2301 piosa
677 2227 1034 2299 resplendeat,
1062 2236 1252 2282 etcum
1273 2224 1470 2280 delicta
1502 2227 1725 2281 remittit
1755 2226 2006 2298 indignis,
2039 2236 2096 2285 et

509 2336 631 2376 cum
672 2318 929 2376 beneﬁcia
960 2327 1178 2389 praestat
1207 2318 1507 2373 immeritis.
1542 2318 1645 2372 Per
1674 2318 1986 2376 Dominum.

580 2414 722 2470 Alia.
776 2443 848 2456 ——
897 2412 1198 2469 Misericors
1244 2422 1301 2469 et
1355 2411 1641 2467 miserator
1688 2412 1945 2479 Domine,
2004 2413 2093 2481 qui

508 2522 608 2563 nos
647 2504 916 2577 parcendo
958 2512 1267 2569 sustentas,
1311 2512 1365 2558 et
1400 2501 1727 2574 ignoscendo
1767 2502 2094 2571 sanctificas,

507 2600 646 2657 dona
677 2597 886 2654 veniam
923 2597 1156 2666 peccatis
1176 2596 1401 2663 nostris,
1450 2602 1506 2650 et
1543 2594 1895 2651 sacramentis
1933 2595 2096 2651 coale-

506 2694 677 2751 stibus
704 2692 999 2749 servientes
1028 2692 1096 2748 ab
1125 2692 1269 2748 omni
1289 2690 1446 2761 culpa
1466 2689 1664 2747 liberos
1688 2705 1810 2748 esse
1825 2692 2084 2750 concede.

506 2786 609 2844 Per
633 2786 940 2843 Dominum.
1428 2802 1431 2805 '

576 2879 748 2949 Super
774 2878 965 2933 oblata.
994 2905 1066 2920 --
1098 2875 1308 2932 Hostias
1339 2876 1456 2945 tibi,
1491 2877 1751 2945 Domine,
1776 2878 2093 2947 placationis

506 2971 804 3038 offerimus,
832 2979 891 3027 ut
910 2977 966 3027 et
990 2970 1186 3026 delicta
1212 2976 1399 3025 nostra
1425 2969 1710 3026 miseratus
1735 2970 2005 3040 absolvas,
2037 2977 2095 3027 et

506 3064 745 3120 nutantia
767 3063 931 3118 corda
958 3071 1013 3117 tu
1041 3062 1262 3133 dirigas.
1296 3062 1398 3118 Per
1424 3062 1733 3118 Dominum.

579 3154 657 3209 Ad
684 3153 1077 3225 Comptendum.
1116 3181 1188 3194 —
1214 3153 1496 3225 Supplices
1529 3164 1579 3212 te
1604 3170 1879 3226 rogamus,
1907 3157 2091 3211 omni-

1719 340 1964 408 SANCTI
2000 340 2325 407 GREGORII
2361 344 2577 407 MAGNI

2129 459 2277 521 Atia
2302 459 2463 515 faciat
2485 460 2696 517 veniam
2726 460 3042 531 promereri.
3074 456 3179 517 Per
3206 457 3489 516 Dominum
3512 466 3783 517 nostrum.

3679 339 3783 406 208

2274 555 2410 609 Alia.
2440 585 2511 595 —-
2532 554 2673 612 Deus
2693 598 2708 623 ,
2737 554 2889 625 cujus
2919 562 3063 610 tanta
3092 562 3175 611 est
3197 555 3508 611 excellentia
3540 553 3784 624 pietatis,

2192 640 2279 714 ut,
2298 663 2403 702 uno
2426 658 2706 718 peccatore
2722 662 3003 715 converso,
3034 648 3324 703 maximum
3342 647 3589 718 gaudium
3615 645 3782 703 facias

2200 738 2255 794 in
2282 739 2431 795 cmlis
2457 740 2663 808 haberi,
2696 741 2899 809 respice
2919 741 2970 795 in
2990 740 3234 811 exiguam
3264 739 3788 810 populiportionem,

2202 842 2280 899 ut,
2310 834 2455 889 omni
2484 832 2707 904 depulsa
2736 834 3036 900 vexatione,
3088 831 3378 888 hzereditas
3405 840 3494 887 tua
3523 841 3578 886 et
3601 846 3792 887 nume-

2199 940 2264 981 ro
2307 934 2583 996 augeatur,
2616 934 2672 982 et
2711 926 2995 982 dev0tione
3045 924 3308 996 proﬁciat.
3359 923 3462 981 Per
3502 923 3789 979 Dominum

2203 1028 2465 1072 nostrum.
3840 1026 3843 1029 Α

2275 1106 2441 1178 Super
2467 1108 2658 1163 oblata.
2679 1107 3018 1180 —Protegat
3041 1122 3159 1176 nos,
3185 1107 3431 1174 Domine,
3455 1118 3786 1177 quaesumus,

2203 1198 2388 1254 Hostia
2417 1201 2663 1257 salutaris
2685 1243 2698 1267 ,
2730 1210 2785 1258 et
2814 1216 2933 1272 qua:
2958 1200 3023 1256 ad
3052 1201 3313 1257 honorem
3337 1202 3568 1258 nominis
3591 1205 3667 1261 tui
3688 1204 3789 1261 im-

2200 1290 2453 1359 molatur,
2482 1292 2637 1348 nobis
2670 1293 2840 1365 prosit
2867 1294 2932 1348 ad
2956 1294 3191 1349 veniam.
3224 1294 3341 1349 Per.

2272 1382 2354 1435 Ad
2408 1382 2798 1453 Comptendum.
2851 1413 2924 1425 —
2959 1384 3153 1440 Sancta
3183 1393 3275 1438 tua
3299 1429 3314 1455 ,
3346 1400 3479 1453 nos,
3529 1386 3787 1453 Domine,

2201 1482 2409 1544 sumpta
2440 1474 2726 1541 viviﬁcent,
2758 1484 2813 1531 et
2842 1475 3224 1532 misericordia:
3266 1480 3605 1548 sempiternae
3656 1493 3791 1550 prte-

2201 1579 2394 1638 parent
2421 1570 2683 1640 expiatos.
2714 1570 2817 1627 Per
2839 1570 3144 1626 Dominum.

2754 1664 2889 1720 Item
2916 1665 3021 1721 alia
3048 1665 3230 1722 Missa.

2277 1755 2499 1823 Exaudi,
2535 1755 2778 1825 Domine,
2808 1771 3133 1828 quaesumus,
3158 1756 3410 1827 populum
3438 1765 3585 1814 tuum
3614 1757 3682 1815 de
3704 1766 3791 1816 tua

2128 1842 2178 1904 B
2206 1847 2574 1904 misericordia
2602 1851 2865 1905 malorum
2895 1864 3113 1904 suorum
3137 1851 3344 1905 veniam
3368 1850 3789 1921 supplicantem,

2204 1947 2259 1995 et
2287 1941 2409 2011 quia
2438 1951 2630 2011 potens
2675 1956 2733 1998 es
2760 1941 3031 1997 dimittere
3081 1950 3333 2011 peccata,
3368 1942 3628 2013 supplicia
3672 1956 3791 2011 qute

2205 2032 2403 2087 nOStris
2425 2047 2693 2089 meremur
2704 2031 2954 2105 operibus
2973 2033 3207 2103 potentia
3227 2042 3332 2090 tua:
3350 2033 3562 2105 pietatis
3583 2043 3787 2091 averte.

2205 2123 2329 2181 Per.

2272 2220 2406 2275 Atia.
2438 2250 2508 2259 —
2528 2221 2665 2276 Iram
2697 2230 2867 2289 tuam,
2899 2234 3225 2292 quaesumus,
3249 2220 3499 2287 Domine,
3532 2234 3561 2275 a
3591 2218 3790 2290 populo

2200 2319 2291 2368 tuo
2322 2314 2605 2369 miseratus
2631 2324 2839 2383 averte,
2865 2329 3025 2386 quam
3051 2314 3248 2370 nostris
3272 2314 3488 2385 quidem
3510 2327 3783 2370 meremur

2198 2405 2473 2475 operibus,
2525 2409 2619 2462 sed
2651 2407 2881 2463 humana
2923 2407 3209 2477 fragilitate
3241 2408 3504 2464 sustinere
3534 2422 3641 2462 non
3670 2421 3793 2477 pos-

2198 2512 2406 2565 sumus,
2438 2500 2526 2554 illa
2571 2516 2668 2556 nos
2709 2502 2888 2572 itaque
2917 2500 3133 2557 contine
3178 2502 3399 2572 pietate,
3430 2516 3593 2571 quam
3638 2515 3777 2571 prte-

2198 2599 2344 2647 stare
2370 2592 2515 2647 soles
2543 2591 2801 2664 indignis.
2832 2593 2954 2648 Per.

2270 2681 2443 2754 Super
2471 2684 2664 2740 oblata.
2695 2714 2766 2726 —-
2793 2684 3041 2741 Concede
3071 2684 3246 2752 nobis,
3279 2685 3527 2752 Domine,
3571 2699 3787 2754 quaesu-

2200 2790 2348 2847 mus,
2390 2785 2449 2832 ut
2478 2778 2592 2834 haec
2621 2778 2802 2833 Hostia
2829 2778 3098 2846 salutaris,
3130 2786 3184 2833 et
3203 2789 3505 2834 nostrorum
3538 2778 3634 2832 ﬁat
3664 2794 3790 2845 pur-

2206 2869 2351 2941 gatio
2382 2880 2739 2940 peccatorum,
2777 2879 2831 2926 et
2867 2880 2968 2927 tum
2996 2872 3300 2941 propitiatio
3328 2870 3630 2942 potestatis.
3662 2870 3788 2927 Per.

2271 2967 2434 3038 209
2470 2967 2550 3020 Ad
2572 2966 2960 3039 Comptendum.
2989 3001 3063 3012 —
3082 2967 3301 3025 Plebem
3325 2968 3525 3025 nomini
3554 2977 3647 3025 tuo
3678 2968 3795 3026 sub.

2197 3062 2364 3117 ditam
2384 3102 2400 3127 ,
2453 3059 2717 3130 Domine,
2763 3062 3026 3133 propitius
3057 3062 3301 3129 intuere,
3333 3072 3387 3118 et
3416 3061 3468 3119 ei
3498 3072 3618 3117 tuas
3664 3076 3796 3117 con-
3862 3118 3873 3123 _

2199 3155 2492 3210 solationes
2534 3154 2732 3226 iugiter
2779 3171 2875 3226 per
2906 3156 3189 3213 caelestem
3236 3154 3460 3227 gratiam
3508 3154 3795 3228 dignanter

506 3256 695 3318 potens
732 3246 902 3313 Deus,
944 3256 1004 3302 ut
1031 3260 1167 3316 quos
1210 3245 1314 3301 tuis
1342 3247 1523 3303 reﬁcis
1560 3249 1945 3316 sacramentis,
1996 3248 2093 3305 tibi
2120 3230 2166 3295 Ο
2197 3262 2443 3319 operare.
2475 3246 2579 3304 Per
2610 3248 2921 3304 Dominum.

505 3338 714 3408 placitis
737 3338 975 3395 moribus
1005 3338 1284 3408 dignanter
1316 3337 1592 3395 informes.
1634 3339 1740 3395 Per
1772 3340 2085 3396 Dominum.

719 3430 899 3486 Oratio
926 3438 1151 3500 tempore
1175 3430 1331 3503 (quod
1350 3430 1505 3502 absit)
1530 3430 1880 3487 mortalitatis.

575 3524 831 3583 Ecclesiae
844 3533 971 3592 tuae,
998 3538 1327 3597 quaesumus,
1358 3526 1698 3595 omnipotens
1727 3526 1890 3593 Deus,
1922 3524 2088 3598 placa-

506 3628 595 3676 tus
622 3616 839 3675 intende
865 3626 1222 3683 conventum;
1255 3626 1309 3672 et
1346 3618 1717 3673 misericordia
1749 3626 1840 3673 tua
1866 3632 1965 3673 nos
1994 3632 2095 3689 po-

506 3713 611 3769 tius
661 3725 823 3783 quam
873 3711 953 3766 ira
982 3710 1295 3780 praeveniat,
1327 3711 1447 3780 quia
1477 3710 1525 3765 si
1577 3710 1885 3782 iniquitates
1934 3711 2097 3783 208

505 3815 720 3862 nostras
765 3804 1054 3861 observare
1096 3796 1364 3873 volueris,
1418 3803 1566 3860 nulla
1608 3805 1804 3874 poterit
1851 3811 2095 3859 creatura

505 3902 836 3970 subsistere;
886 3901 979 3957 sed
1026 3899 1331 3956 admirabili
1380 3901 1597 3971 pietate,
1639 3916 1741 3969 qua
1772 3914 1870 3955 nos
1899 3900 2091 3969 fecisti,

504 3993 1121 4066 ignoscepeccantibus,
1167 4002 1225 4050 ut
1271 4006 1437 4064 opera
1460 4007 1712 4048 manuum
1744 4001 1954 4047 tuarum
1988 4006 2095 4048 non

506 4084 672 4142 facias
701 4086 940 4142 interire.
969 4086 1091 4141 Per.

580 4179 720 4234 Alia.
760 4178 1090 4241 —Exaudi,
1142 4179 1388 4247 Domine,
1431 4193 1621 4251 preces
1666 4186 1897 4249 nostras,
1944 4187 2001 4235 et
2026 4192 2093 4237 ne

508 4271 644 4326 velis
687 4285 809 4325 cum
837 4271 1006 4326 servis
1038 4269 1144 4325 tuis
1184 4271 1333 4326 adire
1355 4270 1650 4342 judicium,
1683 4272 1806 4343 quia
1854 4272 1991 4328 sicut
2037 4271 2096 4328 in

509 4364 667 4420 nobis
694 4364 840 4419 nulla
864 4362 1069 4433 Justitia
1101 4364 1386 4433 reperitur,
1422 4367 1489 4421 de
1526 4384 1625 4436 qua
1655 4383 1978 4436 praesumere
2004 4381 2095 4423 va-

510 4457 749 4523 leamus,
783 4458 854 4511 ita
886 4464 938 4511 te
966 4456 1163 4512 fontem
1194 4456 1403 4526 pietatis
1449 4461 1785 4529 agnoscimus
1806 4504 1820 4528 ,
1849 4477 1877 4516 a
1907 4477 2013 4533 quo
2041 4470 2094 4519 et

505 4562 539 4604 a
586 4548 820 4619 peccatis
855 4546 1053 4602 nostris
1082 4561 1180 4602 nos
1227 4548 1466 4616 absolvi,
1511 4561 1564 4605 et
1611 4567 1641 4605 a
1679 4553 2088 4610 necessitatibus

504 4639 714 4697 liberari
745 4638 1085 4695 confidimus.
1120 4637 1223 4695 Per
1254 4640 1559 4699 Dominum.

580 4730 750 4800 Super
771 4730 964 4785 oblata.
994 4730 1188 4787 —-Per
1218 4732 1355 4801 haec,
1400 4750 1725 4804 quaesumus,
1754 4738 1952 4809 veniat,
1984 4738 2092 4796 Do-

511 4821 680 4890 mine,
711 4831 1043 4877 sacramenta
1072 4833 1267 4879 nostra:
1306 4826 1687 4897 redemptionis
1714 4829 1955 4897 effectus,
2001 4832 2090 4901 qui

506 4926 608 4968 nos
653 4921 709 4969 et
748 4914 815 4969 ab
844 4913 1089 4970 humanis
1133 4916 1374 4971 retrahat
1402 4932 1616 4987 semper
1646 4923 1986 4990 excessibus,
2036 4932 2093 4979 et

504 5001 574 5058 ad
602 5001 856 5059 salutaria
882 5012 1069 5059 cuncta
1097 5006 1368 5075 perducat.
1395 5006 1498 5062 Per
1525 5008 1803 5063 Dominum
1824 5020 2087 5065 nostrum.

576 5099 659 5153 Ad
684 5097 1071 5168 Complendum.
1100 5130 1168 5142 —
1203 5100 1370 5171 Hujus
1400 5104 1641 5171 operatio
1678 5119 1806 5171 nos,
1846 5104 2089 5169 Domine,

503 5191 849 5263 sacramenti,
897 5207 1222 5264 quaesumus,
1272 5194 1514 5264 puriﬁcet
1540 5209 1753 5265 semper
1780 5203 1835 5251 et
1858 5195 2084 5253 muniat.

501 5281 630 5341 Per.
2010 5298 2015 5304 ‘

1045 5374 1180 5430 Item
1216 5377 1322 5430 alia
1360 5375 1543 5432 Missa.

572 5465 736 5535 Deus,
767 5466 921 5538 cuius
949 5468 1313 5525 misericordia
1349 5471 1645 5527 ctelestium
1675 5489 1889 5543 quoque
1915 5478 2088 5533 virtu-

501 5562 613 5611 tum
642 5558 881 5628 indigent
907 5566 1217 5628 potestates,
1250 5568 1306 5615 et
1336 5560 1391 5616 in
1422 5576 1575 5630 cuius
1591 5575 1884 5634 conspectu
1908 5570 2087 5626 nullus

498 5657 582 5701 est
612 5648 885 5706 hominum
908 5652 1108 5722 absque
1135 5651 1330 5717 sorde,
1360 5662 1415 5707 et
1445 5668 1599 5723 pcena
1628 5660 1853 5728 peccati,
1887 5661 2081 5724 delicta

501 5738 700 5807 populi,
732 5756 1073 5811 quaesumus,
1118 5753 1303 5800 averte
1328 5748 1679 5819 propitiatus,
1711 5762 1768 5807 ut
1797 5770 1930 5824 quos
1963 5771 2087 5826 pro-

502 5830 630 5893 priae
660 5835 999 5893 conscientiae
1024 5847 1199 5895 reatus
1227 5848 1445 5897 accusat
1463 5840 1720 5904 bonitatis
1748 5854 1850 5905 tuae
1870 5850 2081 5919 patien-

2766 3337 2900 3394 Item
2921 3339 3026 3393 alia
3048 3336 3233 3395 Missa.

2276 3431 2437 3500 Deus,
2467 3432 2558 3501 qui
2589 3447 2694 3487 non
2723 3442 2973 3497 mortem,
3002 3431 3098 3488 sed
3123 3430 3490 3501 paenitentiam
3508 3428 3789 3486 desideras

2199 3534 2571 3594 peccatorum,
2605 3526 2858 3597 populum
2887 3534 3059 3594 tuum,
3090 3540 3422 3596 quaesumus,
3456 3524 3520 3579 ad
3554 3535 3603 3580 te
3650 3536 3785 3579 cou-

2196 3602 2349 3671 verte
2376 3616 2674 3685 propitius,
2724 3624 2781 3671 ut
2809 3615 2937 3672 dum
2976 3616 3071 3671 tibi
3108 3616 3336 3672 devotus
3365 3614 3649 3681 exstiterit,
3682 3614 3793 3669 ira-

2200 3706 2409 3762 cundiae
2436 3715 2542 3763 tute
2568 3708 2635 3762 ab
2666 3722 2731 3763 eo
2763 3707 2968 3778 flagella
3005 3723 3281 3767 amoveas.
3313 3707 3439 3765 Per.

2270 3799 2412 3854 Atia.
2438 3831 2511 3843 —
2535 3799 2800 3870 Populum
2844 3810 2991 3855 tuum
3015 3842 3029 3867 ,
3071 3814 3408 3869 quaesumus,
3453 3799 3795 3871 omnipotens

2199 3889 2377 3957 Deus,
2406 3890 2474 3945 ab
2504 3890 2582 3945 ira
2610 3901 2697 3946 tua
2728 3891 2797 3947 ad
2826 3901 2877 3948 te
2904 3892 3296 3962 confugientem
3348 3904 3567 3964 paterna
3614 3895 3797 3966 recipe

2200 3984 2434 4053 pietate,
2464 3994 2522 4039 ut
2550 3986 2639 4055 qui
2671 3996 2774 4042 tua:
2803 3986 3097 4058 Majestatis
3127 3988 3335 4060 flagella
3381 3990 3692 4058 formidant,
3725 3991 3797 4049 de

2200 4095 2289 4142 tua
2317 4093 2629 4143 mereantur
2652 4086 2810 4143 venia
2840 4087 3116 4158 gratulari.
3149 4088 3273 4145 Per.

2270 4178 2441 4249 Super
2470 4178 2664 4234 oblata.
2698 4209 2769 4219 —
2795 4177 3093 4234 Subveniat
3122 4180 3300 4249 nobis,
3343 4180 3591 4247 Domine,
3641 4196 3795 4251 qum-

2195 4283 2401 4339 sumus,
2448 4269 2695 4326 sacriﬁcii
2725 4270 3006 4341 praesentis
3035 4271 3301 4341 operatio,
3344 4287 3465 4343 qua:
3494 4286 3592 4328 nos
3622 4280 3677 4327 et
3714 4272 3788 4326 ab

2199 4364 2473 4420 erroribus
2523 4364 2789 4419 universis
2835 4371 3083 4434 potenter
3130 4362 3396 4430 absolvat,
3449 4373 3503 4421 et
3550 4379 3583 4419 a
3631 4364 3794 4420 totius

2198 4455 2387 4525 eripiat
2418 4455 2735 4525 perditionis
2766 4457 3003 4512 incursu.
3034 4455 3135 4510 Per
3164 4455 3451 4512 Dominum

2274 4548 2353 4601 Ad
2388 4547 2785 4617 Comptendum.
2818 4577 2887 4589 —
2910 4548 3085 4604 Tuere
3131 4564 3252 4615 nos,
3284 4548 3532 4615 Domine,
3576 4564 3793 4619 quaesu-

2119 4616 2176 4679 Ι)
2200 4656 2341 4707 mus,
2373 4651 2458 4695 tua
2482 4650 2668 4697 sancta
2695 4650 2994 4714 sumentes,
3023 4651 3078 4699 et
3106 4642 3172 4697 ab
3203 4643 3347 4698 omni
3389 4644 3649 4714 propitius
3694 4642 3795 4698 iui-

2198 4732 2401 4802 quitate
2424 4733 2669 4787 defende.
2697 4733 2816 4788 Per.

2269 4824 2406 4880 Alia.
2441 4824 2643 4879 Exaudi
2671 4840 2792 4888 nos.
2827 4826 3052 4882 Domine
3098 4827 3238 4882 Deus
3265 4835 3470 4897 noster,
3504 4833 3575 4891 et,
3626 4826 3794 4881 inter-

2199 4919 2422 4975 cedente
2451 4920 2609 4975 beato
2638 4928 2880 4993 martyre
2913 4930 3002 4978 tuo
3030 4920 3153 4991 111.,
3188 4922 3440 4993 populum
3474 4932 3621 4976 tuum
3648 4930 3701 4976 et
3724 4920 3796 4976 ab

2197 5012 2486 5067 iracundia:
2514 5021 2618 5068 tute
2649 5016 2942 5071 terroribus
2965 5016 3156 5083 libera,
3185 5023 3242 5071 et
3270 5014 3659 5071 misericordia:
3687 5024 3794 5069 tua

2198 5102 2285 5163 fac
2310 5106 2552 5178 largitate
2582 5121 2853 5165 securum.
2887 5108 2991 5164 Per
3022 5109 3305 5165 Dominum
3333 5118 3602 5165 nostrum.

2450 5201 2725 5258 Orationes
2772 5203 2840 5257 ad
2889 5203 3115 5272 pluviam
3153 5202 3535 5272 postulandum.

2274 5292 2493 5348 Terram
2552 5304 2733 5361 tuam,
2786 5294 3043 5362 Domine,
3086 5311 3245 5367 quam
3294 5296 3534 5351 videtnus
3589 5293 3790 5354 nostris

2199 5384 2568 5454 iniquitatibus
2636 5390 3041 5455 tabescentem,
3109 5389 3415 5446 coelestibus
3483 5389 3639 5460 aquis
3706 5388 3790 5442 in-

2195 5480 2391 5548 funde;
2444 5488 2604 5553 atque
2651 5483 2814 5555 irriga
2856 5484 3135 5541 beneﬁciis
3185 5485 3371 5556 gratiae
3416 5483 3784 5552 sempiternas.

2196 5573 2300 5630 Per
2330 5573 2615 5629 Dominum

2268 5667 2408 5722 Atia.
2441 5696 2513 5706 -
2544 5665 2618 5720 Da
2648 5666 2827 5734 nobis,
2885 5667 3128 5739 Domine,
3177 5681 3482 5738 quaesumus
3504 5707 3519 5733 ,
3554 5666 3790 5736 pluviam

2193 5761 2504 5825 salutarem,
2536 5770 2591 5815 et
2619 5760 2820 5816 aridam
2872 5770 3030 5817 terrae
3072 5759 3259 5817 faciem
3288 5759 3502 5816 ﬂuentis
3546 5758 3790 5817 cmlesti-

2193 5855 2293 5913 bus
2319 5857 2601 5926 dignanter
2629 5854 2872 5915 infunde.
2905 5856 3009 5914 Per
3034 5858 3318 5915 Dominum
3345 5864 3614 5915 nostrum.
