4042 6350
279 419 364 473 209

1432 407 1636 463 LIBER
1675 403 2307 463 SACRAMENTORUM.

3397 401 3500 456 210

338 528 468 582 Alia.
499 553 570 565 —
594 495 946 592 Omnipotens
972 521 1296 589 sempiterna
1322 520 1484 585 Deus,
1516 521 1604 589 qui
1657 519 1833 575 salvas
1859 525 1908 585 Α
1939 535 2260 584 mereamur,
2288 526 2522 589 peccata,
2557 532 2677 587 quae
2697 517 2851 574 nobis
2866 514 3239 581 adversantur,
3279 513 3499 581 relaxa;

273 633 468 683 omnes,
517 624 570 670 ct
614 614 880 669 neminem
923 614 1004 668 vis
1027 613 1220 682 perire,
1252 613 1394 680 aperi
1445 613 1644 667 fontem
1687 614 1836 668 beni-

267 709 473 780 gnitatis
505 716 630 771 tum,
660 714 712 760 et
741 713 933 759 terram
964 703 1168 758 aridam
1198 704 1348 772 aquis
1389 703 1572 757 ﬂuenti
1596 702 1830 758 caelestis

265 804 542 873 dignanter
569 797 807 852 infunde.
839 796 960 850 Per.

330 893 468 946 Alia.
501 920 572 931 —
595 890 796 944 Delicta
842 897 1045 953 nostra,
1091 888 1335 956 Domine,
1379 903 1476 943 nos
1505 886 1606 957 ipsi
1636 903 1835 958 cogno-

265 988 479 1047 scimus,
518 992 574 1038 ut
599 983 765 1052 ipsius
796 989 951 1036 terrae
994 981 1210 1036 foeditas
1253 992 1510 1036 monstrat
1546 992 1836 1052 transgres-

263 1075 429 1129 sionis
459 1084 747 1134 excessus;
777 1078 830 1122 tu
851 1079 1050 1134 autem,
1076 1070 1314 1136 piissime
1333 1071 1508 1136 Pater,
1534 1072 1622 1141 qui
1644 1073 1837 1127 coelum

263 1165 502 1220 clausisti
526 1163 931 1218 contumacibus
955 1172 1008 1218 et
1037 1165 1274 1234 ingratis,
1306 1176 1600 1221 reseratum
1628 1169 1840 1222 humili-

263 1257 356 1311 bus
386 1263 444 1309 et
471 1253 716 1309 contritis
745 1253 983 1308 concede
1008 1253 1418 1322 deprecantibus
1456 1257 1691 1313 subsidia
1722 1258 1841 1327 plu-

263 1350 510 1412 viarum,
558 1355 610 1402 et
653 1347 844 1416 largire
889 1346 1240 1402 maerentibus
1287 1348 1688 1405 abundantiam.
1742 1350 1842 1406 Per

263 1444 572 1500 Dominum.

329 1535 471 1588 Alia.
502 1562 573 1572 —
598 1529 659 1584 In
686 1529 974 1585 afflictione
1002 1531 1233 1584 maxima
1262 1530 1568 1585 constitutis
1596 1529 1844 1585 consola-

263 1626 462 1679 tionem
491 1623 667 1678 tribue
689 1660 704 1687 ,
739 1621 858 1676 fons
889 1621 1204 1691 largissimae
1247 1621 1458 1690 pietatis
1484 1638 1498 1675 :
1521 1621 1842 1688 descendat,

267 1730 592 1788 quaesumus,
621 1715 800 1785 pluvia
832 1713 1102 1779 salutaris,
1137 1722 1195 1768 ut
1231 1714 1404 1768 omnia
1434 1729 1552 1784 qua:
1578 1716 1676 1768 sub
1707 1715 1846 1769 coelo

265 1819 390 1866 sunt
420 1810 708 1880 irrigentur
731 1807 800 1862 ab
824 1809 971 1878 aquis
998 1825 1012 1874 ;
1040 1822 1196 1877 pasce
1226 1822 1411 1863 servos
1444 1816 1562 1862 tuos
1591 1808 1847 1864 imbribus

1937 614 2026 683 qui
2055 613 2190 682 pluis
2221 627 2380 680 super
2401 611 2572 680 iustos
2601 618 2655 665 et
2699 610 2928 679 iniustos
2949 649 2965 675 ,
2993 608 3155 664 etiam
3184 606 3383 662 nostris
3411 606 3499 661 of-

1937 706 2268 763 fensionibus
2315 706 2599 770 relaxatis,
2656 711 2961 774 exspectata
3010 702 3230 758 nubium
3282 713 3502 756 munera

1937 797 2203 868 largiaris,
2253 797 2443 865 quibus
2490 806 2542 851 et
2576 796 2721 851 salus
2752 796 2940 863 nobis,
2981 803 3037 850 et
3075 793 3324 849 alimenta
3373 807 3507 862 prte-

1940 898 2170 948 stentur.
2197 891 2296 945 Per
2317 888 2605 945 Christum.

2014 982 2092 1036 Ad
2119 980 2508 1048 Complendum.
2536 980 2884 1036 -—Precibus
2931 977 3107 1050 populi
3155 977 3252 1044 tui,
3303 987 3515 1046 quaesu-
3577 1044 3583 1062 δ

1942 1091 2082 1145 mus,
2113 1076 2357 1140 Domine,
2408 1075 2644 1145 placatus
2688 1074 2892 1143 aspira,
2941 1082 2998 1128 ut
3040 1072 3252 1128 veniam
3303 1070 3510 1125 tribuas
3579 1075 3586 1126 ἴ

1943 1171 2195 1224 humanis
2223 1167 2560 1234 excessibus,
2592 1177 2646 1223 et
2686 1181 2841 1236 opem
2871 1166 3088 1222 miseris
3125 1165 3386 1234 benignus
3414 1163 3513 1217 im-

1944 1262 2167 1334 pendas.
2201 1260 2305 1314 Per
2331 1261 2610 1314 Dominum
2637 1268 2899 1314 nostrum.

2223 1351 2492 1406 Orationes
2513 1353 2577 1405 ad
2591 1352 2895 1418 poscendam
2914 1351 3253 1406 serenitatem.

2017 1441 2238 1500 Domine
2264 1444 2440 1511 Deus,
2471 1445 2563 1513 qui
2593 1444 2646 1497 in
2694 1443 2992 1498 ministerio
3030 1456 3286 1512 aquarum
3329 1440 3521 1497 salutis

1948 1546 2054 1593 tum
2080 1540 2233 1592 nobis
2256 1545 2588 1592 sacramenta
2618 1537 2862 1604 sanxisti,
2895 1535 3087 1590 exaudi
3110 1535 3404 1590 orationem
3427 1549 3523 1603 po-

1948 1635 2059 1704 puli
2103 1633 2212 1699 tui,
2243 1643 2294 1688 et
2321 1632 2450 1702 iube
2480 1639 2713 1687 terrores
2744 1629 3115 1686 inundantium
3145 1642 3360 1683 cessare
3402 1627 3521 1695 plu-

1949 1726 2154 1780 viarum
2176 1765 2190 1789 ,
2219 1724 2592 1794 ﬂagellumque
2620 1722 2776 1792 huius
2811 1720 3061 1777 elementi
3089 1720 3155 1774 ad
3198 1722 3355 1790 211
3385 1718 3524 1773 elle-

1951 1826 2093 1874 ctum
2124 1817 2200 1870 tui
2231 1823 2482 1871 converte
2509 1816 2773 1883 mysterii,
2815 1823 2872 1868 ut
2893 1813 2980 1883 qui
3005 1827 3063 1868 se
3086 1809 3522 1881 regenerantibus

264 1903 560 1966 consuetis,
612 1914 747 1970 quos
778 1899 845 1954 ad
874 1899 1084 1955 laudem
1129 1910 1232 1955 tua:
1262 1914 1450 1956 creare
1489 1899 1746 1971 dignatus
1787 1914 1846 1955 es

1963 1909 2101 1978 aquis
2148 1907 2379 1976 gaudent
2421 1915 2669 1972 renatos,
2701 1904 2967 1976 gaudeant
3009 1904 3092 1959 his
3137 1901 3519 1971 castigantibus

264 1992 581 2062 Maiestatis.
618 1991 742 2046 Per.

332 2087 502 2157 210
539 2084 674 2138 Alia.
705 2112 775 2123 ——
804 2082 1154 2152 Omnipotens
1196 2085 1358 2147 Deus,
1384 2084 1475 2152 qui
1507 2083 1655 2138 solus
1687 2098 1853 2153 aquas

264 2179 474 2236 emittis
507 2193 538 2232 e
571 2178 719 2233 caelis
739 2217 753 2242 ,
785 2177 924 2232 dona
967 2175 1136 2232 servis
1180 2177 1284 2231 tuis
1313 2177 1631 2232 beneﬁcium
1660 2177 1855 2246 pluvia:

269 2268 550 2332 salutaris,
594 2277 646 2321 ut
686 2267 825 2338 quod
869 2267 1103 2323 facinore
1147 2276 1333 2323 nostro
1363 2269 1726 2338 suspenditur,
1765 2278 1855 2326 tuo

263 2359 377 2431 iam
405 2359 645 2430 gratuito
675 2373 895 2413 munere
925 2367 1259 2430 prorogetur.
1295 2359 1415 2414 Per.

593 2450 754 2504 Missa
793 2452 860 2503 ad
897 2450 1122 2520 pluviam
1151 2451 1532 2522 postulandum.

333 2557 501 2610 Deus,
534 2544 590 2598 in
613 2559 719 2614 quo
741 2544 984 2610 vivimus,
1012 2559 1285 2600 movemur
1306 2554 1361 2600 et
1384 2562 1590 2611 sumus,
1614 2547 1850 2618 pluviam

266 2639 418 2694 nobis
449 2637 628 2693 tribue
655 2649 1064 2707 congruentem,
1094 2648 1171 2706 ut,
1207 2641 1564 2708 praesentibus
1593 2641 1850 2696 subsidiis

265 2732 610 2786 sufficienter
639 2729 827 2799 adiuti,
858 2731 1180 2801 sempiterna
1198 2731 1492 2787 fiducialius
1514 2741 1852 2799 appetamus.

273 2824 393 2879 Per.

335 2915 487 2968 Alta.
520 2944 593 2954 —
623 2913 826 2970 Delicta
858 2914 1159 2986 fragilitatis
1189 2927 1413 2982 n05trae,
1438 2916 1684 2986 Domine,
1716 2932 1860 2988 quaa-

264 3020 479 3070 sumus,
509 3006 793 3061 miseratus
813 3007 1047 3074 absolve,
1080 3017 1134 3063 et
1161 3022 1420 3075 aquarum
1452 3007 1689 3061 subsidia
1723 3022 1860 3074 prai-

265 3097 329 3152 be
359 3099 695 3166 ccelestium,
730 3099 920 3169 quibus
951 3107 1167 3155 terrena
1197 3100 1433 3155 conditio
1462 3107 1707 3168 vegetata
1734 3099 1864 3154 sub-

267 3194 451 3247 sistat.
478 3192 604 3248 Per.

1953 2014 2074 2056 esse
2095 2007 2386 2054 correctos.
2420 1997 2540 2051 Per.

2025 2092 2165 2146 Alia.
2188 2119 2258 2132 ——
2287 2091 2625 2157 Quaesumus,
2647 2090 2984 2158 omnipotens
3012 2088 3169 2152 Deus,
3189 2083 3530 2141 clementiam

1957 2191 2098 2239 tuam
2121 2225 2136 2250 ,
2167 2190 2225 2238 ut
2254 2180 2620 2236 inundantiam
2651 2194 2900 2235 coerceas
2932 2178 3180 2234 imbrium
3206 2218 3221 2243 ,
3253 2185 3308 2232 et
3337 2175 3529 2229 hilari-

1955 2285 2118 2333 tatem
2145 2276 2222 2332 tui
2248 2274 2427 2330 vultus
2455 2272 2611 2328 nobis
2637 2272 2898 2343 impertiri
2925 2271 3184 2340 digneris.
3214 2269 3319 2324 Per
3348 2263 3534 2322 Domi-

1957 2387 2106 2428 num.

2240 2461 2405 2518 Missa
2443 2461 2512 2515 ad
2551 2459 2860 2530 poscendam
2902 2459 3252 2513 serenitatem.

2029 2554 2110 2610 Ad
2137 2559 2190 2608 te
2219 2567 2338 2618 nos,
2374 2553 2617 2616 Domine,
2644 2552 2934 2607 clamantes
2963 2547 3174 2615 exaudi,
3203 2555 3257 2602 et
3282 2546 3422 2600 aeris
3447 2559 3538 2600 se-

1959 2647 2242 2705 renitatem
2293 2647 2448 2702 nobis
2491 2646 2664 2701 tribue
2711 2644 3164 2715 supplicantibus,
3219 2640 3388 2708 utqui
3445 2652 3539 2706 pro

1959 2740 2193 2810 peccatis
2238 2737 2434 2794 nostris
2482 2737 2623 2805 iuste
2667 2736 2972 2805 affligimur,
3030 2729 3396 2788 misericordia
3448 2739 3542 2784 tua

1959 2832 2323 2901 praeveniente
2343 2869 2358 2894 ,
2389 2826 2730 2882 clementiam
2756 2826 3074 2880 sentiamus.
3126 2823 3228 2879 Per
3256 2822 3542 2876 Dominum

1961 2931 2225 2978 nostrum.

2033 3014 2204 3085 Super
2234 3012 2419 3067 oblata.
2448 3039 2521 3051 -
2548 3009 2844 3065 Praeveniat
2888 3021 3007 3073 nos,
3055 3019 3384 3077 quaesumus,
3436 3003 3545 3059 Do-

1962 3106 2129 3171 mine,
2161 3116 2245 3160 tua
2271 3104 2440 3176 gratia
2461 3117 2695 3172 semper,
2719 3111 2772 3156 et
2800 3101 3177 3170 subsequatur,
3210 3105 3264 3152 et
3283 3097 3377 3150 has
3397 3095 3545 3150 obla-

1966 3200 2160 3264 tiones,
2203 3213 2334 3268 quas
2363 3212 2460 3267 pro
2493 3196 2727 3266 peccatis
2760 3194 2958 3249 nostris
2997 3193 3201 3247 nomini
3242 3200 3334 3245 tuo
3359 3203 3547 3244 conse-

338 3284 521 3351 Super
548 3283 739 3336 oblata.
775 3310 844 3323 --
869 3283 1101 3347 Oblatis,
1149 3283 1398 3348 Domine,
1431 3283 1645 3352 placare
1675 3297 1857 3338 mune-

1964 3290 2191 3347 crandas
2215 3287 2523 3355 deferimus,
2554 3288 2818 3358 benignus
2854 3300 3099 3353 assume,
3139 3292 3200 3338 ut
3245 3298 3339 3350 per
3378 3282 3548 3335 inter-

270 3376 457 3442 ribus,
490 3385 544 3429 et
586 3385 942 3444 opportunum
975 3375 1128 3429 nobis
1158 3375 1328 3428 tribue
1361 3374 1550 3444 pluvia:
1583 3373 1862 3430 sufﬁcien-

270 3469 336 3522 tis
370 3468 663 3521 auxilium.
690 3467 793 3522 Pcr
823 3469 1105 3522 Dominum
1136 3477 1396 3522 nostrum.

339 3559 430 3612 Ad
450 3555 843 3630 Complendum.
874 3589 940 3599 --
965 3560 1141 3616 Tucre
1184 3574 1282 3614 nos
1308 3599 1322 3625 ,
1372 3573 1674 3626 quaesumus
1697 3599 1711 3625 ,
1756 3557 1864 3614 Do-

271 3652 425 3704 mine
445 3692 460 3715 ,
495 3660 586 3704 tua
617 3662 798 3705 sancta
825 3662 1094 3707 sumentes
1115 3697 1129 3721 ,
1162 3662 1216 3708 et
1238 3653 1304 3708 ab
1332 3654 1578 3708 omnibus
1606 3655 1867 3724 propitius

275 3741 506 3797 absolve
539 3744 794 3811 peccatis.
827 3744 928 3799 Per
959 3745 1264 3800 Dominum.

822 3835 952 3891 Item
1000 3838 1104 3891 alia
1149 3837 1334 3891 Missa.

341 3927 707 3999 Omnipotens
734 3930 1055 3998 sempiterno
1102 3929 1264 3996 Deus,
1289 3929 1441 4000 cuius
1487 3943 1708 3984 munere
1756 3931 1871 3985 ele-

271 4033 460 4079 menta
494 4025 676 4078 omnia
711 4031 1043 4089 recreantur,
1076 4023 1421 4078 reminiscere
1465 4023 1871 4080 miserationum

271 4126 496 4173 tuarum
521 4158 536 4183 ,
580 4127 635 4172 et
683 4116 984 4172 salutiferos
1025 4116 1223 4171 imbres
1255 4116 1486 4171 humano
1526 4116 1708 4187 generi
1738 4131 1869 4171 con-

271 4211 414 4265 cede
453 4208 750 4278 propitius,
799 4218 1057 4278 quatenus
1089 4207 1427 4263 fecunditatis
1476 4217 1578 4263 tute
1605 4206 1872 4264 alimoniis

274 4299 462 4354 omnis
495 4307 637 4352 terra
667 4299 895 4354 lauetur.
926 4298 1046 4354 Per.

345 4390 535 4462 Super
591 4392 783 4447 oblata.
830 4419 902 4433 —
941 4391 1188 4452 Placare.
1246 4389 1502 4455 Domine,
1551 4391 1868 4447 muneribus

271 4499 500 4553 semper
539 4483 795 4553 acceptis,
830 4491 884 4537 et
921 4483 1224 4538 diuturnam
1258 4491 1501 4553 tempera
1529 4480 1738 4537 ditiusis
1768 4482 1870 4538 im-

272 4576 472 4632 bribus
492 4576 812 4630 siccitatem.
841 4577 954 4653 Per;
976 4576 1255 4630 Dominum
1287 4583 1552 4629 nostrum.

1969 3387 2268 3442 cessionem
2325 3392 2629 3438 sanctorum
2679 3391 2892 3438 tuorum
2940 3380 3148 3436 cunctis
3198 3377 3348 3432 nobis
3392 3375 3549 3446 proﬁ-

1967 3477 2113 3532 ciant
2139 3476 2205 3530 ad
2235 3475 2482 3530 salutem.
2517 3473 2640 3528 Per.

2039 3568 2118 3621 Ad
2162 3565 2557 3635 Complendum.
2603 3593 2675 3604 —
2715 3563 2876 3619 Plebs
2917 3571 3028 3629 tua,
3079 3559 3334 3623 Domine,
3382 3554 3551 3623 capiat

1970 3674 2136 3715 sacrae
2182 3657 2570 3714 benedictionis
2621 3665 2985 3725 augmentum,
3010 3663 3063 3707 et
3087 3649 3320 3717 copiosis
3352 3645 3553 3701 benefi-

1969 3755 2172 3812 ciorum
2201 3763 2412 3807 tuorum
2443 3751 2757 3805 sublevetur
2783 3748 3012 3812 auxiliis,
3039 3760 3158 3814 quae
3198 3742 3358 3797 tantis
3383 3738 3553 3797 interé

1969 3845 2273 3902 cessionum
2303 3840 2767 3908 deprecationibus
2797 3837 3091 3906 adiuvatur.
3129 3833 3251 3888 Per.

2224 3935 2404 3990 Oratio
2449 3933 2514 3986 ad
2546 3930 2890 4000 repellendam
2931 3931 3303 3995 tempestatem.

2044 4028 2208 4094 Deus,
2257 4027 2343 4097 qui
2383 4023 2622 4080 omnium
2651 4035 2829 4076 rerum
2863 4018 2959 4072 tibi
3007 4011 3358 4070 servientium
3405 4016 3553 4061 natu-

1973 4135 2087 4176 ram
2127 4135 2221 4189 per
2256 4119 2402 4188 ipsos
2435 4123 2614 4170 motus
2644 4114 2787 4166 aeris
2817 4110 2884 4165 ad
2913 4107 3115 4164 cultum
3140 4113 3243 4158 tuae
3268 4099 3554 4170 Maiestatis

1975 4212 2231 4274 instituis,
2263 4208 2699 4278 tranquillitatem
2733 4203 2891 4257 nobis
2919 4194 3302 4255 misericordiae
3338 4200 3441 4247 tua:
3472 4206 3554 4244 re-

1975 4308 2133 4365 mOtis
2179 4304 2373 4373 largire
2399 4299 2696 4358 terroribus
2719 4339 2732 4363 ,
2777 4305 2832 4352 ut
2857 4294 3009 4365 cuius
3045 4292 3178 4347 iram
3209 4285 3554 4357 expavimus,

1976 4395 2317 4452 clementiam
2346 4391 2660 4448 sentiamus.
2711 4389 2834 4442 Per.

2447 4481 2625 4534 Oratio
2653 4487 2829 4533 contra
2858 4475 3084 4547 fulgura.

2047 4576 2397 4646 Omnipotens
2421 4573 2747 4642 sempiterne
2775 4571 2938 4632 Deus,
2987 4577 3145 4634 parce
3173 4555 3555 4619 metuentibus,

352 4667 638 4738 Prwfalio.
669 4696 739 4710 —
770 4666 906 4721 Vere
931 4650 1144 4737 dignum
1174 4674 1229 4722 el
1266 4667 1472 4736 justum
1512 4675 1624 4732 est,
1656 4682 1866 4739 acquum
1897 4683 1952 4746 ι)
1977 4681 2030 4730 et
2047 4670 2333 4741 prapitiare
2351 4664 2700 4735 supplicibus,
2719 4669 2913 4730 utpost
2930 4657 3125 4713 noxios
3143 4655 3291 4725 ignes
3305 4650 3554 4712 nubium,

274 4769 332 4816 et
362 4759 638 4824 salutare,
671 4774 768 4813 nos
798 4759 890 4813 tibi
914 4775 1130 4828 semper
1159 4768 1211 4813 et
1240 4759 1433 4827 ubique
1462 4761 1659 4829 gratias
1685 4775 1864 4830 agere,

277 4851 516 4906 Domine
545 4860 748 4917 sancte,
774 4851 930 4905 Pater
953 4852 1312 4920 omnipotens,
1341 4859 1542 4906 aeterne
1571 4851 1745 4907 Deus:
1772 4854 1866 4908 ob-

273 4953 562 5000 secrantes
593 4943 1012 4999 misericordiam
1037 4954 1202 5011 tuam,
1230 4953 1286 4999 ut
1311 4945 1616 5010 squalentes
1643 4948 1753 5017 agri
1785 4949 1854 5003 fe

276 5038 479 5092 cundis
537 5039 798 5094 imbribus
857 5039 1146 5109 irrigentur
1197 5042 1388 5109 quibus
1456 5044 1651 5111 pariter
1699 5043 1869 5099 aestivi

275 5131 600 5198 mitigantur
675 5131 938 5197 ardores,
1015 5141 1070 5186 et
1143 5133 1474 5188 stevientium
1548 5134 1859 5190 morborum

277 5221 653 5290 restinguatur
699 5225 977 5290 accensio,
1043 5237 1106 5276 ac
1161 5224 1306 5278 salus
1372 5226 1711 5293 hominibus,
1771 5228 1858 5297 iu-

276 5315 589 5383 mentisque
641 5317 951 5385 proveniat;
1009 5326 1166 5387 atque
1211 5326 1271 5372 ut
1301 5318 1432 5385 htec,
1487 5327 1538 5374 te
1564 5321 1861 5390 largiente,

359 5501 395 5532 ι
434 5492 565 5548 Cum
610 5494 770 5549 nullae
813 5494 898 5550 hic
945 5504 1035 5549 aut
1074 5497 1197 5551 alibi
1246 5495 1540 5553 habeantur
1585 5499 1869 5555 Orationes

277 5573 476 5620 contra
511 5577 664 5619 terra”:
689 5577 891 5638 motum
913 5607 927 5629 ,
961 5567 1128 5621 visum
1160 5577 1242 5622 est
1281 5569 1435 5622 nobis
1462 5561 1768 5638 appenditﬁs
1797 5572 1873 5625 lo-

279 5650 355 5688 Cl)
392 5645 634 5690 attexere
661 5637 939 5690 collectam
980 5654 1008 5690 a
1039 5640 1376 5692 sanctissimo
1403 5641 1466 5696 D.
1500 5637 1563 5695 N.
1595 5641 1872 5697 Clemente

279 5705 569 5778 papaHXl,
595 5707 988 5778 elegantissime
1031 5712 1410 5778 compositam,
1460 5727 1613 5774 eum,
1659 5714 1873 5768 ineunte

283 5791 386 5828 an.
421 5775 592 5854 1705,
626 5777 789 5832 Italiae
819 5795 942 5847 pars
995 5775 1221 5854 maxima
1255 5775 1530 5854 liomaque
1573 5783 1684 5853 ipsa
1718 5793 1871 5840 terra:

284 5846 531 5902 motibus
560 5846 867 5917 quateretur
891 5865 955 5907 ac
982 5851 1154 5908 ruinis
1179 5846 1490 5908 fmtlaretur.

1980 4773 2034 4819 et
2061 4764 2164 4816 vim
2192 4759 2569 4831 procellarum,
2593 4755 2648 4810 in
2670 4753 2947 4808 materiam
2971 4754 3203 4802 transeat
3219 4743 3389 4798 laudis
3409 4753 3557 4795 com-

1979 4855 2199 4911 minatio
2232 4849 2526 4921 potestatis.
2562 4847 2683 4900 Per.

2048 4946 2186 5000 Alia.
2233 4920 2303 4983 ζ-
2325 4941 2497 5004 Deus,
2538 4937 2690 5005 cuius
2728 4930 2954 5000 imperio
2983 4927 3117 4983 nihil
3147 4939 3256 4980 non
3277 4920 3441 4977 verbo
3470 4932 3553 4973 re-

1977 5038 2140 5109 gitur,
2186 5034 2316 5089 nihil
2365 5046 2469 5086 non
2501 5028 2744 5082 oratione
2773 5031 3038 5086 mutatur,
3069 5032 3230 5090 parce
3262 5011 3552 5070 metuenti-

1980 5132 2102 5198 bus,
2135 5127 2425 5200 propitiare
2445 5122 2801 5193 supplicibus,
2836 5127 2892 5173 ut
2925 5125 3044 5187 post
3075 5113 3262 5169 noxios
3291 5111 3438 5179 ignes
3471 5117 3557 5156 nu-

1977 5226 2143 5291 bium,
2175 5234 2228 5277 et
2253 5221 2493 5274 turbines
2516 5215 2902 5286 procellarum,
2928 5211 2980 5265 in
3011 5215 3289 5263 materiam
3322 5201 3556 5256 transeat

1974 5317 2144 5377 laudis
2157 5313 2502 5373 comminatio
2515 5309 2817 5384 potestatis.
2834 5307 2934 5361 Per
2952 5304 3233 5360 Dominum
3247 5304 3486 5352 nostrum
3501 5302 3549 5346 ο.

2332 5497 2552 5553 Collecta
2581 5505 2805 5566 tempore
2831 5502 2977 5548 terra:
3011 5497 3197 5546 motus.

2049 5615 2248 5668 Oratio.
2279 5641 2351 5654 —
2377 5611 2724 5676 Omnipotens
2765 5609 3089 5676 sempiterna
3120 5603 3280 5661 Deus,
3329 5598 3416 5678 qui
3464 5611 3549 5678 re-

1976 5688 2140 5756 spicis
2165 5694 2357 5738 terrain
2389 5694 2441 5737 et
2470 5684 2608 5756 facis
2626 5697 2744 5756 eam
2779 5692 3040 5756 tremere,
3070 5677 3548 5756 parcc‘tnetuepnti-

1977 5739 2097 5822 bus,
2124 5756 2409 5825 pmpitiare
2439 5753 2787 5821 supplicibus,
2820 5757 2878 5825 u_t
2904 5747 3055 5814 cuius
3073 5739 3216 5825 iram
3243 5749 3405 5825 terrae
3428 5739 3548 5794 fun-

1977 5816 2236 5887 damenta
2263 5816 2653 5883 concutientetn
2678 5818 3006 5897 expavimus,
3053 5816 3391 5872 clementiam
3416 5825 3551 5867 con-
