4042 6350
465 445 560 504 BH

684 572 865 631 Oratio
904 586 996 643 pro
1024 567 1267 641 fratribus
1302 566 1360 619 in
1395 564 1479 617 via
1518 557 1818 630 dirigendis.

534 671 703 737 Dens,
732 667 823 739 (pii
850 661 1194 735 diligentibus
1217 670 1268 715 le
1288 653 1710 713 misericordiam
1733 657 1879 704 tuam
1905 660 2047 701 sem-

464 779 560 837 per
591 758 879 831 impendis,
914 766 965 813 et
994 772 1024 812 a
1053 750 1408 811 servientibus
1440 748 1529 802 tibi
1570 744 1713 798 nulla
1744 756 1803 796 es
1829 740 2046 811 regione

461 832 808 928 longinquus,
836 848 1009 921 dirige
1052 849 1191 903 viam
1224 841 1407 898 famuli
1436 838 1511 894 tui
1557 837 1583 889 Ι
1593 838 1651 891 ιι.
1682 835 1735 889 in
1776 832 2047 886 voluntate

464 924 583 1017 tua,
605 924 682 1004 ut
694 956 748 1002 te
767 950 1093 1016 protectore,
1119 947 1174 995 et
1204 948 1255 993 te
1279 934 1551 1006 prmduce,
1580 930 1742 1002 212
1775 941 1867 995 per
1891 924 2047 994 ju5ti-

471 1045 561 1098 tia:
594 1042 815 1096 semitas
836 1037 953 1093 sine
972 1033 1265 1091 offensione
1288 1027 1578 1099 gradiatur.
1612 1021 1715 1076 Per
1742 1018 2043 1072 Dominum.

534 1130 676 1188 Atia.
711 1124 1037 1192 —Exaudi,
1074 1124 1329 1185 Domine,
1367 1128 1553 1185 preces
1593 1119 1837 1177 nostras,
1867 1118 1920 1165 et
1947 1109 2049 1162 iter

466 1224 652 1284 famuli
693 1225 765 1281 tui
798 1217 889 1277 Ill.
922 1218 1178 1291 propitius
1223 1214 1512 1273 comitare,
1557 1207 1717 1277 eique
1745 1203 2049 1259 misericor-

466 1320 611 1375 diam
640 1326 803 1381 luam,
830 1315 965 1368 sicut
1004 1310 1201 1377 ubique
1240 1320 1321 1370 es,
1346 1306 1416 1359 ita
1449 1301 1643 1370 ubique
1679 1294 1895 1364 largire,
1921 1306 2051 1363 qua-

467 1421 641 1472 tenus,
694 1407 760 1460 ab
806 1400 1055 1458 omnibus
1103 1393 1519 1452 adversitatibus
1563 1398 1653 1442 tua
1700 1383 2050 1455 opitulatione

469 1498 743 1562 defensus,
769 1494 1033 1564 justorum
1064 1486 1455 1545 desideriorum
1485 1481 1725 1549 potiatur
1745 1474 2044 1539 edectibus,

467 1598 520 1645 et
547 1587 638 1643 tibi
659 1587 949 1655 gratiarum
970 1581 1169 1637 referat
1194 1577 1487 1631 actionem.
1514 1571 1637 1626 Per.

541 1678 680 1733 Atia.
711 1706 780 1718 —-
806 1677 971 1741 Deus,
1002 1672 1092 1742 qui
1120 1670 1186 1724 ad
1216 1668 1381 1723 vitam
1412 1663 1588 1727 ducis,
1634 1666 1691 1715 et
1720 1657 2050 1714 confidentes

468 1772 522 1829 in
560 1780 615 1826 te
658 1777 877 1841 paterna
935 1762 1270 1835 protectione
1318 1756 1588 1820 custodis,
1637 1765 1943 1823 quaesumus
1994 1755 2081 1813 ut,

467 1862 723 1933 praesenti
766 1858 967 1915 famulo
1000 1866 1092 1910 tuo
1140 1869 1171 1909 a
1214 1850 1371 1908 nobis
1401 1845 1700 1920 egredienti
1749 1841 2049 1914 angelicum

1678 417 1921 481 SANCTI
1961 382 2283 474 cnacoau
2327 410 2540 467 MAch

2061 535 2120 592 Α
2213 527 2371 599 213
2384 520 2692 578 Benedictio.
2715 548 2783 561 —
2806 517 3008 587 Dirigat
3023 516 3126 572 iter
3143 521 3374 571 vestrum
3392 511 3655 570 Dominus
3676 513 3726 565 in

3620 401 3725 459 2η

2148 618 2484 687 heneplacito
2505 628 2605 668 suo
2624 654 2639 679 ,
2669 612 2923 680 vobisque
2958 606 3383 678 inseparabiliter
3409 604 3730 676 benignissi-

2150 728 2270 769 mus
2298 718 2477 764 custos
2510 707 2786 761 inhaereat.
2814 704 3000 757 Amen.
3037 701 3231 755 Ducem
3261 698 3413 754 vobis
3441 696 3732 766 archange-

2150 808 2261 861 lum
2293 799 2620 871 Raphaelem
2648 796 2924 860 adhibeat,
2972 801 3022 848 et
3051 806 3262 849 omnem
3294 805 3326 843 a
3353 788 3504 843 vobis
3531 790 3733 843 incom-

2148 896 2460 954 moditatem
2519 888 3052 954 contrarietatemque
3094 882 3408 953 propitiatus
3463 887 3731 935 amoveat.

2150 989 2344 1045 Amen.
2408 981 2800 1039 Desideriorum
2828 984 3129 1033 vestrorum
3160 974 3245 1045 pia
3293 981 3415 1027 vota
3444 971 3734 1026 clementer

2150 1079 2408 1149 impleat,
2458 1084 2517 1130 ut
2561 1081 2617 1129 et
2660 1072 2747 1126 hic
2793 1071 2933 1125 bona
2981 1066 3277 1136 consequi,
3304 1064 3453 1121 etad
3476 1072 3734 1119 internata

2150 1172 2536 1230 beatitudinem
2585 1167 2863 1237 pervenire
2905 1161 3130 1219 feliciter
3162 1156 3499 1215 mereamini.
3535 1157 3735 1211 Amen.

2152 1265 2303 1336 Quod
2328 1266 2442 1333 ipse
2464 1268 2739 1331 praestare.

2224 1379 2303 1434 Ad
2335 1375 2725 1448 Comptendnm.
2754 1401 2826 1412 -
2857 1370 2995 1424 Deus
3026 1364 3245 1421 infinitae
3273 1360 3658 1418 misericordia:
3684 1367 3739 1415 et

2154 1471 2447 1539 Majestatis
2480 1470 2785 1530 immensae,
2826 1475 2981 1532 quem
3006 1474 3105 1514 nec
3134 1456 3303 1528 spatia
3332 1455 3569 1509 locorum
3591 1491 3606 1516 ,
3640 1465 3750 1507 nec;

2154 1564 2437 1621 intervalla
2486 1570 2783 1630 temporum
2832 1556 2898 1611 ab
2920 1554 3006 1608 his
3049 1566 3179 1622 quos
3211 1549 3376 1605 tueris
3404 1548 3737 1617 disiungunt,

2155 1658 2339 1713 adesto
2390 1654 2584 1709 famulo
2626 1661 2716 1706 tuo
2766 1649 2858 1704 Ill.
2906 1649 2960 1702 in
3015 1655 3068 1701 te
3102 1643 3297 1713 ubique
3325 1639 3531 1704 fidenti,
3562 1648 3617 1693 et
3644 1652 3753 1705 per

2157 1764 2369 1807 omnem
2419 1762 2577 1817 quam
2626 1746 2795 1798 iturus
2843 1748 2926 1795 est
2952 1739 3089 1793 viam
3134 1734 3240 1789 dux
3266 1732 3315 1787 ei
3340 1738 3395 1788 et
3418 1744 3600 1786 comes
3621 1738 3745 1783 esse

2159 1844 2409 1915 dignare;
2459 1838 2588 1893 nihil
2634 1836 2715 1891 illi
2738 1830 3073 1889 adversitatis
3104 1834 3321 1895 noceat,
3352 1823 3486 1880 nihil
3513 1821 3746 1877 difficul-

466 1955 670 2011 tribuas
697 1952 1030 2014 comitatum,
1062 1958 1138 2015 ut,
1171 1946 1289 2017 ejus
1336 1917 1541 1997 auxilio
1582 1946 1879 2009 protectus,
1928 1936 2046 1989 nul-

2174 1939 2277 1993 ,atis
2307 1934 2566 1993 obsistat;
2590 1937 2777 1984 cuncta
2806 1924 2856 1980 ei
2887 1922 3140 1987 salubria,
3169 1926 3359 1975 cuncta
3388 1917 3494 1971 sint
3520 1926 3747 1984 prospe-

466 2045 569 2101 lius
613 2045 739 2100 mali
767 2043 1101 2099 concutiatur
1130 2036 1437 2101 formidine,
1480 2030 1625 2087 nullo
1651 2028 2049 2098 comprimatur

468 2136 816 2193 adversitatis
837 2146 1057 2204 angore,
1083 2130 1247 2186 nullis
1288 2125 1542 2182 irruentis
1572 2121 1773 2176 inimici
1801 2121 2052 2174 moleste-

467 2240 558 2286 tnr
588 2228 829 2293 insidiis;
858 2227 955 2281 sed
976 2265 991 2289 ,
1016 2224 1204 2293 spatiis
1230 2215 1523 2275 necessarii
1555 2212 1764 2269 itineris
1796 2223 2051 2279 prospero

468 2330 656 2389 gressu
674 2315 933 2386 peractis,
954 2312 1301 2384 propriisque
1333 2308 1465 2361 locis
1494 2304 1726 2359 feliciter
1747 2302 2053 2366 restitutus,

471 2412 756 2467 universos
797 2408 1032 2479 reperiat
1056 2404 1288 2474 sospites
1310 2442 1325 2467 ,
1357 2413 1421 2455 ac
1458 2397 1666 2452 debitas
1693 2396 1937 2451 exsolvat
1963 2402 2057 2446 tuo

472 2505 675 2571 nomini
699 2502 918 2574 gratias.
948 2500 1052 2554 l‘er
1081 2496 1385 2551 Dominum.

911 2596 1073 2663 Missa
1102 2602 1191 2663 pro
1217 2592 1312 2644 iter
1336 2584 1621 2657 agentibus.

544 2695 747 2749 Adesto
763 2736 776 2758 ,
809 2691 1058 2757 Domine,
1090 2678 1571 2757 supplicationibus
1596 2677 1816 2739 nostris,
1841 2680 1896 2727 et
1921 2683 2059 2725 vtam

476 2788 655 2844 famuli
684 2784 757 2841 tui
778 2786 873 2840 Ill.
903 2786 956 2839 in
1000 2781 1191 2837 salutis
1216 2788 1319 2833 tua:
1346 2771 1703 2845 prosperitate
1722 2766 1974 2836 dispone,
2002 2770 2063 2815 ut

474 2882 610 2940 inter
631 2892 816 2935 omnes
844 2878 946 2931 vite
986 2884 1039 2930 et
1061 2873 1185 2928 vitae
1216 2871 1378 2937 hujus
1407 2866 1698 2920 varietates
1726 2868 1819 2915 tuo
1846 2869 2063 2926 semper

474 2983 779 3047 protegatur
799 2969 1022 3026 auxilio.
1052 2968 1155 3020 Per
1180 2962 1485 3019 Dominum.

549 3044 721 3139 Super
762 3066 953 3119 oblata.
985 3055 1399 3126 —Propi’tiare,
1434 3059 1755 3121 qumsumus,
1812 3044 2059 3106 Domine,

476 3159 957 3232 supplicationibus
1002 3152 1229 3215 nostris,
1278 3156 1332 3203 et
1353 3142 1651 3200 oblationes
1683 3139 1777 3193 has
1804 3150 1938 3205 quas
1967 3133 2063 3188 tibi

481 3254 761 3311 offerimus
811 3263 907 3321 pro
950 3246 1150 3303 famulo
1180 3253 1271 3297 tuo
1302 3239 1394 3293 Ill.
1438 3234 1697 3303 benignus
1725 3241 1972 3293 assume,
2008 3232 2067 3279 ut

481 3349 622 3404 viam
649 3346 792 3402 illius
823 3354 876 3400 et
907 3339 1239 3412 praecedente
1258 3334 1423 3405 gratia
1452 3339 1541 3383 tua
1564 3326 1781 3395 dirigas,
1808 3322 2069 3378 etsubse-

484 3449 681 3512 queute
702 3435 946 3493 comitari
972 3431 1228 3503 digneris,
1256 3436 1313 3482 ut
1336 3424 1405 3479 de
1436 3431 1554 3477 actu
1585 3428 1743 3487 atque
1788 3413 2066 3469 incolumi-

485 3541 592 3588 tate
619 3532 732 3601 ejus
763 3527 1058 3585 secundum
1102 3518 1488 3579 misericordiae
1522 3523 1630 3568 tttae
1654 3509 1907 3581 praesidia
1941 3522 2069 3578 gau-

486 3625 721 3681 deamus.
752 3621 873 3677 Per.

559 3716 834 3787 Prwfatio.
881 3741 949 3754 --
978 3711 1115 3765 Vere
1153 3707 1373 3777 dignum
1412 3711 1466 3757 et
1491 3701 1693 3773 justum
1725 3704 1826 3761 est,
1860 3706 2070 3762 mquam

490 3820 543 3865 et
570 3810 825 3871 salutare,
856 3818 955 3859 nos
986 3802 1082 3857 tibi
1112 3813 1325 3868 semper
1356 3805 1407 3852 et
1434 3793 1633 3864 ubique
1662 3789 1858 3861 gratias
1881 3799 2069 3857 agere,

489 3902 713 3987 Domine
741 3908 959 3964 sancte,
1010 3896 1171 3951 Pater
1200 3891 1540 3959 omnipotens
1595 3894 1794 3939 mtcrnc
1836 3880 2075 3933 Deusza

491 3974 596 4064 quo
641 3993 861 4049 deviare
892 3988 1051 4056 mori,
1086 3999 1266 4041 coram
1291 3995 1397 4053 quo
1426 3977 1705 4035 ambulare
1746 3974 1929 4027 vivere
1971 3976 2074 4024 est.

493 4089 591 4156 Qui
626 4086 814 4141 ﬁdeles
855 4094 975 4138 tuos
1006 4084 1059 4136 in
1108 4090 1193 4134 tua
1223 4077 1309 4132 via
1350 4071 1605 4133 deducis,
1638 4076 1691 4123 et
1732 4064 2078 4119 miseratione

497 4179 795 4253 gratissima
838 4176 895 4229 in
926 4176 1206 4228 veritatem
1236 4167 1479 4229 inducis;
1512 4161 1603 4233 qui
1641 4158 1900 4220 Abrahae,
1930 4152 2080 4207 Isaac

497 4280 551 4328 et
578 4269 742 4325 Jacob
770 4268 829 4321 in
860 4264 1139 4335 praesentis
1163 4264 1263 4315 vice
1290 4270 1345 4315 et
1366 4259 1491 4312 vitae
1522 4252 1791 4310 curriculo
1812 4294 1824 4314 ,
1854 4256 2036 4303 custos
2063 4292 2075 4314 ,

502 4365 609 4420 dux
632 4372 685 4419 ct
710 4373 890 4417 comes
911 4370 1030 4413 esse
1055 4353 1304 4416 voluisti,
1349 4361 1402 4403 et
1436 4348 1640 4402 famulo
1671 4353 1759 4397 tuo
1784 4341 1965 4395 Tobiae
1989 4354 2083 4394 an-

502 4456 679 4525 gelum
725 4448 980 4521 prmvium
1026 4440 1369 4517 praeparasti;
1402 4438 1554 4509 cujus
1579 4439 1894 4492 immensam
1925 4434 2085 4487 mise-

500 4544 787 4602 ricordiam
836 4538 1147 4595 humillimis
1179 4533 1427 4605 precibus
1474 4528 1847 4597 imploramus,
1896 4534 1955 4578 ut
1984 4526 2085 4579 iter

503 4636 687 4692 famuli
713 4632 787 4691 tui
810 4632 902 4688 ill.
931 4646 1053 4688 cum
1074 4628 1256 4684 suisin
1285 4622 1644 4696 prosperitate
1668 4618 1918 4687 dirigere,
1947 4631 2087 4671 cum-

503 4746 607 4801 que
636 4729 777 4785 inter
806 4728 906 4782 viae
937 4734 991 4781 et
1016 4725 1141 4779 vitae
1162 4720 1322 4790 hujus
1340 4718 1628 4773 varietates
1650 4710 1886 4781 digneris
1910 4716 2082 4763 custo-
2110 4699 2159 4761 Ι)

507 4827 657 4892 dire,
682 4833 979 4894 quatenus,
1016 4818 1328 4889 angelorum
1378 4822 1583 4866 tuorum
1615 4804 1865 4877 przesidio
1892 4804 2080 4867 fultus,

510 4918 897 4975 intercessione
952 4928 1164 4987 quoque
1220 4917 1525 4964 sanctorum
1567 4911 1776 4956 tuorum
1828 4896 2084 4961 munitus,

509 5028 540 5067 a
581 5010 787 5069 cunctis
828 4986 1245 5065 adversitatibus
1290 5008 1377 5054 tua
1425 4992 1773 5051 miseratione
1814 4986 2088 5050 defensus,

510 5103 857 5177 profectionis
884 5112 937 5158 et
976 5096 1297 5155 reversionis
1340 5104 1449 5147 sum
1479 5085 1735 5142 felicitate
1763 5077 1985 5149 potitus,
2038 5082 2092 5127 et

515 5213 738 5271 compos
783 5197 1035 5253 reddatur
1057 5192 1324 5262 justorum
1355 5191 1600 5239 votorum
1624 5218 1640 5245 ,
1673 5182 1728 5229 et
1777 5171 1844 5226 de
1875 5179 2089 5223 suorum

517 5295 726 5348 lauetur
750 5286 1065 5347 remtsSione
1095 5291 1450 5352 peccatorum.
1481 5267 1899 5325 Per'Christum.

512 5411 759 5466 tritiones
798 5404 913 5475 ejus
955 5407 1232 5457 sonantem
1272 5391 1471 5461 jugiter
1517 5380 1825 5437 sentiamus.
1863 5372 1962 5426 Per
1994 5370 2099 5423 Do-

513 5497 815 5607 “magna.
846 5543 1084 5605 —‘Deus,
1117 5538 1207 5607 qui
1232 5527 1457 5607 fundasti
1483 5534 1676 5607 terram
1709 5509 2097 5607 super-‘stahilni:

727 5582 815 5601 ἰιιο
846 5582 1061 5598 -υιυυ
1118 5582 1129 5591 ι
1158 5582 1206 5589 η.
1232 5582 1299 5585 -.η
1337 5582 1341 5583 ν
1776 5582 1779 5583 ν

518 5582 882 5682 ωιῗξδῖιξιιειιη,
906 5584 1117 5681 suscipe
1131 5582 1428 5682 oblationes
1447 5605 1500 5649 et
1519 5584 1893 5682 precespolpuli
1918 5582 2013 5682 tui:
2037 5595 2098 5632 ac

519 5655 1253 5753 sententi;iterr’t‘emperriculis
1278 5670 1485 5739 penitus
1515 5655 1733 5753 Eum-olis,
1766 5655 1958 5753 tlivl‘iuae
1991 5661 2095 5703 tua:

570 5724 600 5747 υ
774 5724 796 5741 δ
843 5724 979 5741 cum.
1042 5724 1249 5737 νυνι--.κ
1282 5724 1297 5739 τ

518 5724 1143 5818 ξὲειὲἐδίξλῑίιωιιοποῐξεὶη
1175 5733 1637 5818 humanmsalutis
1687 5724 1922 5781 remedia
1970 5737 2096 5774 eon-

518 5806 903 5899 ver‘icﬁt’i‘
1021 5806 1163 5878 terra
1192 5824 1315 5870 sunt
1343 5819 1396 5863 ct
1423 5808 1473 5859 in
1507 5814 1701 5885 terram
1735 5806 2091 5899 rer'e'r‘l‘tillllljl'»

1041 5895 1052 5899 -
1222 5894 1230 5899 .
1318 5898 1325 5899 ,
1372 5888 1651 5899 ,,__-..4_.‘...\
1696 5884 1776 5899 nm
1804 5883 1855 5899 nr:
1920 5881 1941 5899 t:
2043 5878 2091 5899 nl

811 5866 899 5953 “5‘3
929 5866 1267 5950 iierivsancta
1304 5878 1651 5937 conversione
1696 5870 1964 5925 caelestes.
2002 5866 2101 5917 l’er

521 5975 806 6031 Dominum
818 6010 829 6022 .

2159 2046 2251 2096 ra;
2282 2037 2366 2093 et,
2419 2025 2519 2080 sub
2565 2035 2665 2091 ope
2692 2021 2925 2074 dexterae
2965 2024 3102 2079 tute,
3132 2009 3383 2081 quidquid
3411 2008 3555 2078 justo
3578 2019 3748 2076 expe-

2160 2119 2303 2175 tierit
2327 2112 2616 2179 desiderio,
2650 2110 2811 2164 celeri
2843 2111 3196 2174 consequatur
3228 2102 3442 2156 effectu.
3482 2098 3608 2152 Per.

2375 2230 2643 2284 Orationes
2671 2225 2736 2279 ad
2768 2219 2915 2293 (660)
2940 2219 3181 2275 clericum
3211 2213 3526 2285 faciendum.

2233 2348 2496 2407 Oremus,
2545 2335 2875 2394 dilectissimi
2927 2335 3154 2397 fratres,
3196 2326 3475 2385 Dominum
3504 2331 3751 2379 nostrum

2161 2442 2343 2497 Jesum
2375 2435 2645 2490 Christum
2674 2445 2769 2501 pro
2796 2429 2898 2484 hoc
2926 2425 3122 2482 famulo
3147 2438 3244 2479 suo
3277 2420 3368 2476 ιιι.
3390 2462 3404 2487 ,
3434 2419 3524 2490 qui
3566 2416 3633 2471 ad
3660 2418 3755 2471 de-

2163 2529 2467 2602 ponendam
2509 2538 2717 2580 comam
2766 2519 2956 2589 capitis
3000 2516 3081 2572 sui
3112 2529 3209 2586 pro
3237 2513 3354 2584 ejus
3391 2524 3574 2566 amore
3603 2508 3756 2564 festi-

2164 2634 2275 2693 nat,
2309 2630 2367 2677 ut
2389 2620 2553 2675 donet
2583 2617 2631 2673 ei
2654 2615 2906 2685 Spiritum
2927 2619 3167 2667 sanctum
3186 2647 3201 2675 ,
3233 2607 3324 2677 qui
3357 2604 3594 2659 habitum
3624 2602 3756 2659 reli-

2163 2716 2337 2788 gionis
2366 2713 2421 2768 in
2451 2726 2516 2768 eo
2546 2717 2859 2779 perpetuum
2886 2710 3205 2767 conservet,
3237 2708 3291 2753 et
3316 2712 3346 2751 a
3370 2694 3551 2752 mundi
3580 2692 3758 2763 impe-

2166 2811 2406 2866 dimento
2427 2848 2443 2867 .
2498 2805 2581 2860 vel
2628 2800 2869 2857 saeculari
2915 2794 3183 2852 desiderio
3213 2805 3306 2847 cor
3331 2790 3444 2852 eius
3474 2786 3756 2854 defendat,

2169 2907 2387 2961 utsicut
2417 2903 2731 2959 immolatur
2762 2897 2815 2949 in
2840 2893 2988 2947 vultu
3011 2929 3027 2956 ,
3074 2889 3151 2944 ita
3174 2898 3365 2942 manus
3387 2882 3615 2937 dextera
3640 2879 3760 2949 ejus

2167 2999 2214 3054 ei
2237 2996 2448 3053 virtutis
2497 2992 2700 3048 tribuat
2742 2989 3106 3067 incrementa,
3153 2987 3208 3034 et
3250 2976 3318 3032 ab
3340 2973 3487 3032 omni
3516 2970 3764 3028 caecitate

2173 3090 2401 3163 spiritali
2428 3086 2615 3142 oculos
2641 3082 2758 3152 ejus
2779 3063 3003 3149 aperiat,
3034 3080 3090 3130 et
3119 3071 3299 3127 lumen
3328 3068 3377 3123 ei
3400 3073 3625 3121 aeterna:
3647 3063 3767 3133 glo-

2169 3155 2262 3241 ria:
2298 3180 2578 3238 concedat.
2643 3174 2745 3241 Qui
2791 3170 2921 3226 vivit
2966 3181 3088 3222 cum
3132 3165 3244 3219 Deo
3285 3160 3443 3217 Patre
3471 3159 3528 3212 in
3556 3155 3767 3210 unitate

2095 3306 2145 3375 ο
2173 3276 2414 3346 ejusdem
2461 3271 2696 3340 Spiritus
2743 3265 2914 3321 sancti
2960 3261 3121 3317 Deus.
3196 3256 3301 3313 Per
3340 3252 3519 3310 omnia
3562 3247 3766 3304 Siccula

2173 3369 2512 3426 saeculorum.

2245 3461 2376 3515 Item
2423 3457 2548 3510 alia.
2595 3481 2666 3493 -—
2706 3449 2911 3505 Adesto
2937 3486 2952 3513 ,
2992 3442 3247 3507 Domine,
3285 3429 3769 3506 supplicationibus

2174 3553 2375 3610 nostris
2393 3589 2415 3618 ,
2463 3556 2519 3604 et
2548 3546 2689 3601 hunc
2717 3541 2969 3596 famulum
2999 3546 3143 3591 tuum
3174 3529 3489 3587 benedicere
3515 3524 3763 3593 dignare,

2179 3647 2263 3703 cui
2295 3645 2346 3698 in
2398 3650 2488 3695 tuo
2534 3645 2718 3692 sancto
2765 3630 2983 3687 nomine
3026 3625 3265 3681 habitum
3292 3632 3458 3676 sacrae
3486 3612 3769 3686 religionis

2176 3738 2501 3809 imponimus
2528 3778 2541 3802 ,
2570 3741 2629 3788 ut
2648 3771 2665 3798 ,
2709 3739 2759 3784 te
2787 3727 3076 3795 largiente,
3107 3728 3162 3775 et
3187 3720 3412 3775 devotus
3440 3714 3495 3768 in
3522 3708 3768 3766 Ecclesia

2178 3833 2502 3903 persistere,
2551 3834 2606 3879 ct
2650 3825 2813 3878 vitam
2862 3818 3142 3890 percipere
3186 3816 3455 3868 mereatur
3482 3813 3764 3860 aeternam.

2180 3930 2280 3985 Per
2309 3926 2611 3981 Dominum.

2256 4020 2391 4072 Dum
2419 4014 2593 4071 tondes
2624 4025 2739 4064 eum
2768 4005 2892 4060 dicis
2921 3999 3268 4070 Antiphonem
3292 3994 3373 4049 Tu
3393 4005 3484 4056 es,
3516 3987 3771 4052 Domine,

2181 4111 2272 4184 qui
2298 4107 2549 4164 restitues
2595 4100 2725 4156 mihi
2773 4093 3138 4151 lmreditatem
3176 4098 3374 4143 meatu.
3414 4080 3563 4135 Vers.
3588 4078 3775 4133 Domi—

2183 4172 2283 4263 nus
2314 4216 2435 4272 pars
2469 4192 2793 4253 haereditatis
2818 4202 2973 4253 mete,
3010 4194 3057 4238 ct
3083 4180 3285 4239 Gloria.
3319 4177 3343 4230 Ι
3355 4186 3453 4231 tem
3476 4174 3587 4228 alia
3615 4172 3775 4227 Anti-

2188 4270 2381 4373 phone,
2434 4296 2560 4350 llaec
2601 4298 2683 4347 est
2712 4285 3004 4359 generatio,
3034 4290 3082 4335 et
3111 4277 3314 4335 Gloria.
3364 4272 3498 4328 Item
3524 4270 3636 4326 alia
3663 4270 3778 4325 An-

2191 4394 2428 4464 tiphone,
2460 4387 2560 4441 Hic
2584 4381 2811 4452 accipiet
2838 4374 3283 4433 benedictionem.

2261 4505 2441 4559 Oratio
2456 4508 2569 4569 post
2592 4495 2892 4552 tonsionem.
2913 4519 2984 4533 -
3007 4489 3228 4551 Praesta,
3252 4480 3590 4549 omnipotens
3608 4472 3777 4541 Betis,

2195 4620 2317 4676 huic
2350 4615 2544 4671 famulo
2591 4618 2680 4664 tuo
2723 4606 2813 4659 Ill.
2855 4602 3007 4672 cujus
3034 4597 3195 4652 hodie
3223 4592 3409 4662 capitis
3435 4598 3647 4643 comam
3674 4595 3780 4653 pro

2187 4713 2366 4771 divino
2413 4719 2595 4762 amore
2624 4698 2966 4770 deposuimus
2990 4732 3005 4755 ,
3038 4700 3096 4745 ut
3136 4691 3189 4742 in
3220 4696 3308 4741 tua
3336 4680 3623 4739 dilectione
3644 4689 3781 4745 per-

2189 4816 2349 4881 petuo
2394 4805 2605 4856 maneat
2642 4802 2697 4849 et
2742 4806 2865 4846 eum
2912 4786 3027 4841 sine
3066 4778 3274 4837 macula
3304 4776 3357 4831 iu
3383 4772 3779 4843 sempiternum

2191 4897 2476 4955 custodias.
2521 4891 2620 4946 Per
2648 4885 2955 4941 Dominum.

2198 4952 2465 5045 Diodorus
2494 4993 2538 5037 et
2564 4994 2731 5047 preces
2760 4988 2909 5042 super
2941 4965 3088 5042 (661‘)
3119 4964 3435 5047 paenitentiam
3463 4964 3489 4992 α
3519 4952 3781 5022 conﬁten—

2572 5034 2672 5105 tem
2701 5034 2908 5117 peccata
2935 5034 3029 5096 sua
3052 5034 3193 5091 more
3218 5034 3392 5088 solito.

2271 5148 2423 5223 (669)
2454 5141 2655 5201 Exaudi
2682 5114 2953 5209 ,Domine
2977 5173 2993 5199 ,
3036 5140 3230 5200 preces
3268 5130 3528 5188 nostras,
3580 5125 3638 5173 et
3685 5114 3786 5171 tibi

2202 5209 2562 5302 confitentium
2584 5246 2749 5304 parce
2770 5226 3021 5300 peccatis,
3052 5230 3109 5276 ut
3128 5232 3265 5291 quos
3290 5209 3635 5273 conscientia
3663 5221 3786 5263 rea-

2278 5352 2713 5411 I’ostcommunio.
2745 5374 2813 5387 —
2833 5338 3009 5400 Tuerc
3032 5335 3417 5405 nos,Domine,
3449 5339 3781 5411 quaesumus,

2210 5441 2293 5485 tua
2325 5432 2505 5481 sancta
2554 5402 2848 5481 sumentes,
2893 5423 2947 5468 et
2989 5402 3206 5472 terram,
3237 5420 3395 5475 quam
3421 5402 3655 5485 vidimus
3687 5412 3786 5451 no-

2206 5502 2332 5554 suis
2358 5470 3075 5563 iniquitalibus—trementem,
3105 5470 3338 5563 superno
3356 5470 3779 5563 munere-firmis,

2206 5581 2262 5625 ut
2294 5539 2595 5624 nmrta‘t’zum
2630 5566 2789 5618 corda
2822 5539 3146 5628 cognoscant
3173 5539 3202 5603 2;
3232 5558 3283 5603 te
3306 5547 3627 5628 indigna‘nte
3661 5539 3787 5628 talia

2207 5641 2409 5707 flagella
2458 5635 2668 5706 prodire
2713 5611 2864 5687 te
2891 5611 3195 5682 Urniserante
3242 5611 3477 5675 cessare.
3532 5611 3633 5665 Per
3684 5611 3787 5665 llo-

2206 5728 2428 5769 llillllllll.

2280 5795 2303 5821 ιι
2347 5784 2519 5835 Multae
2566 5771 2916 5831 confessionis
2966 5765 3205 5820 formulae
3252 5777 3279 5815 a
3332 5756 3648 5835 nobisnolim
3676 5750 3784 5805 colo

2207 5858 2355 5911 lecta:
2413 5853 2511 5920 legi
2554 5856 2775 5920 possunt
2826 5845 2879 5920 in
2935 5850 3088 5920 tract.
3138 5835 3338 5890 Gallico
3377 5831 3454 5920 fdi:
3484 5825 3783 5920 Confessnp

2210 5892 2377 5997 parte,
2406 5896 2521 5990 Cati).
2555 5892 2639 5975 ’ἱὲ
2662 5957 2677 5986 ,
2714 5917 2794 5984 lxi,
2821 5892 2907 5969 ili.
2944 5892 3193 5979 lilagnam
3219 5918 3345 5959 vero
3377 5900 3537 5955 fuisse
3568 5896 3696 5951 olim
3727 5892 3781 5947 li-
