4042 6350
1423 399 1634 456 LIBER
1670 392 2282 478 SACRAMENTOHUM
2293 429 2306 446 .

3414 382 3518 437 ⁵314·

243 495 344 606 τάξ
369 539 618 597 acetis“,
666 521 998 594 Indulgentia
1035 527 1138 576 tute
1176 515 1537 574 miserationis
1564 513 1828 571 absolvat.
1855 514 2095 576 Atatem
2123 517 2292 573 tuam,
2328 513 2660 572 quaesumus,
2707 496 2971 561 Domine,
3013 494 3172 563 huius
3215 493 3400 548 famuli
3445 498 3518 548 tui

246 635 349 690 l‘er
373 626 682 683 Dominum.

314 718 479 792 31‘
535 716 676 771 Alis.
718 741 790 754 —
821 707 978 782 (663)
1029 704 1326 763 Praeveniat
1377 704 1521 759 hunc
1575 700 1833 757 famulum

1937 601 2236 671 lacrymosa
2259 594 2503 665 suspiria.
2531 594 2612 648 Tu
2626 589 2745 661 ejus
2774 588 2990 644 medere
3018 586 3522 658 vulneribus,215

1937 704 1994 750 tu
2021 692 2216 763 iacenti
2241 704 2454 745 manum
2489 687 2700 757 porrige
2725 683 3035 749 salutarem,
3070 696 3138 736 ne
3162 679 3400 736 Ecclesia
3433 691 3520 734 tua

239 777 776 879 ιιειιῖηῖζυεειπιιιιε,
816 777 1066 867 Domine,
1095 795 1464 854 misericordia
1489 803 1604 862 tua,
1631 801 1832 849 utom-
1933 785 2114 855 aliqua
2161 783 2244 838 sui
2288 781 2529 851 corporis
2559 777 2804 849 portione
2843 783 3102 840 vastetur,
3143 788 3213 829 ne
3240 787 3369 843 grex
3401 783 3525 828 tuus

239 921 336 960 nes
351 900 680 972 iniquitates
701 898 819 967 eius
839 893 1007 950 celeri
1029 889 1361 961 indulgentia
1382 887 1680 944 deleantur.
1706 884 1832 940 Per.

307 996 455 1048 'Alia.
477 989 729 1062 -(664)
775 987 982 1043 Adesto
1006 1024 1022 1051 ,
1054 979 1315 1047 Domine,
1355 977 1836 1050 supplicationibus

243 1085 446 1142 nostris
471 1123 487 1150 ,
536 1095 638 1138 nec
686 1079 758 1134 sit
792 1078 860 1134 ab
899 1076 1004 1132 hoc
1037 1073 1239 1130 famulo
1272 1079 1366 1128 tuo
1399 1068 1703 1127 clementiae
1731 1075 1836 1123 tuae

245 1176 543 1246 longinqua
569 1170 867 1228 miseratio.
909 1167 1051 1224 Sana
1082 1165 1300 1222 vulnera
1319 1207 1337 1233 ,
1365 1163 1590 1233 ejusque
1625 1159 1838 1216 remitte

237 1275 484 1336 peccata,
532 1272 617 1331 ut,
659 1259 828 1316 nullis
856 1273 890 1314 a
926 1265 982 1314 te
1008 1254 1376 1326 iniquitatibus
1399 1260 1712 1325 separatus,
1741 1251 1839 1308 tibi

245 1359 479 1414 Domino
506 1368 725 1426 semper
748 1353 924 1410 valeat
945 1350 1246 1407 adhaerere.
1277 1348 1402 1405 Per.

305 1449 454 1503 Alia.
477 1476 550 1488 —
571 1443 726 1517 (665)
756 1442 980 1500 Domine
1021 1441 1163 1497 Deus
1201 1449 1406 1507 noster,
1455 1436 1612 1510 (666)
1631 1437 1725 1508 qui
1751 1436 1841 1493 of-

242 1541 496 1597 fensione
525 1546 713 1593 nostra
740 1551 848 1591 non
875 1533 1108 1591 vinceris
1131 1571 1147 1598 ,
1177 1530 1332 1603 (667)
1349 1530 1449 1587 sed
1473 1530 1842 1586 satisfactione

247 1630 488 1702 placaris
511 1671 532 1698 ,
563 1628 772 1696 respice
791 1657 811 1693 δ
837 1637 1170 1695 quaesumus,
1201 1624 1271 1679 ad
1298 1624 1444 1678 hunc
1464 1620 1728 1677 famulum
1751 1620 1842 1690 qui

241 1739 309 1780 se
333 1723 432 1778 tibi
475 1733 732 1791 peccasse
772 1719 1005 1790 graviter
1030 1717 1339 1774 conﬁtetur.
1380 1715 1552 1772 Tuum
1581 1725 1667 1771 est
1691 1714 1843 1770 ablu-

243 1813 450 1871 tionem
493 1813 783 1869 criminum
809 1811 942 1866 dare
960 1845 981 1876 ι,
1011 1818 1065 1866 et
1087 1810 1298 1866 veniam
1321 1815 1585 1880 praestare
1613 1821 1841 1877 peccan-

1935 880 2317 936 detrimentum
2363 875 2666 941 sustineat,
2712 889 2779 930 ne
2815 873 2882 929 de
2921 872 3135 927 familiae
3179 881 3288 927 tute
3328 870 3526 926 damno

1939 972 2194 1029 inimicus
2217 971 2482 1037 exsultet,
2515 984 2585 1026 ne
2617 977 2863 1023 renatum
2887 967 3104 1023 lavacro
3132 965 3352 1022 salutari
3383 979 3530 1020 mors

1937 1065 2182 1123 secunda
2234 1063 2525 1134 possideat.
2586 1061 2703 1116 Tibi
2745 1075 2905 1128 ergo,
2949 1059 3170 1116 Domine
3194 1098 3211 1126 ,
3259 1056 3530 1128 supplices

1938 1172 2150 1230 preces,
2183 1157 2278 1212 tibi
2305 1157 2490 1210 fletum
2521 1153 2700 1210 cordis
2720 1152 3064 1220 ell‘undimus,
3097 1159 3152 1206 tu
3175 1165 3333 1222 parce
3360 1149 3533 1206 eonfi-

1941 1250 2096 1317 tcuti,
2128 1259 2187 1304 ut
2225 1247 2303 1304 sic
2349 1248 2402 1302 in
2433 1249 2533 1302 hac
2560 1245 2882 1302 mortalitate
2908 1252 3127 1313 peccata
3155 1257 3273 1307 sua,
3297 1249 3351 1297 te
3379 1240 3530 1309 adju-

1943 1353 2129 1409 vante,
2161 1342 2356 1398 deﬂeat
2380 1384 2396 1408 ,
2445 1340 2670 1411 qualiter
2712 1340 2766 1393 in
2787 1335 3051 1394 tremendi
3075 1334 3263 1405 judicii
3291 1333 3382 1389 die
3410 1347 3533 1387 sen-

1943 1434 2162 1489 tentiam
2190 1431 2550 1488 damnationis
2573 1437 2787 1485 aeternae
2823 1427 3040 1488 evadat;
3082 1434 3138 1479 et
3161 1425 3364 1480 nesciat
3389 1423 3532 1492 quod

1941 1533 2112 1582 terret
2137 1527 2190 1579 in
2215 1523 2474 1590 tenebris,
2501 1522 2643 1592 quod
2669 1521 2863 1576 stridet
2887 1519 2942 1574 iu
2970 1517 3197 1572 ﬂammis
3222 1555 3238 1582 ,
3268 1525 3447 1586 atque,
3466 1515 3533 1569 ab

1941 1618 2145 1676 erroris
2167 1618 2250 1672 via
2275 1616 2342 1670 ad
2364 1616 2470 1671 iter
2489 1628 2738 1669 reversus
2759 1611 3006 1682 justitim,
3037 1622 3370 1678 nequaquam
3396 1607 3534 1662 ultra

1945 1710 2260 1768 vulneribus
2286 1709 2587 1775 sauciatur;
2619 1707 2715 1762 sed
2749 1706 3014 1776 integrum
3043 1704 3113 1758 sit
3137 1701 3188 1757 ei
3214 1710 3374 1770 atque
3401 1714 3531 1769 per-

1943 1815 2164 1874 petuum
2190 1843 2206 1870 ,
2239 1812 2294 1858 et
2335 1801 2482 1871 quod
2509 1799 2679 1871 gratia
2711 1807 2800 1855 tua
2825 1797 3085 1862 contulit,
3109 1804 3170 1852 et
3189 1793 3332 1864 quod
3359 1791 3534 1847 mise-

245 1906 386 1960 tibus
410 1947 428 1972 ,
459 1905 550 1975 qui
599 1903 784 1958 dixisti
815 1901 1184 1971 pmniteutiam
1233 1909 1287 1957 te
1314 1900 1476 1956 malle
1497 1908 1838 1969 peccatorum
1867 1891 1918 1953 Β
1944 1896 2171 1951 ricordia
2196 1892 2524 1951 reformavit.
2567 1892 2673 1948 Per
2707 1890 2956 1949 eumdem
2983 1888 3268 1945 Dominum
3294 1893 3537 1940 nostrum

236 2013 404 2068 quam
456 2005 711 2054 mortem.
769 1994 1018 2051 Concede
1052 2008 1185 2064 ergo
1211 2031 1227 2059 ,
1259 1994 1508 2061 Domine,
1553 1992 1658 2048 hoc
1683 1991 1839 2063 (668)

243 2101 298 2146 ut
325 2083 430 2144 tibi
472 2088 806 2160 pmitentie
848 2085 1104 2142 excubias
1147 2085 1426 2151 celebret,
1478 2093 1535 2142 et
1585 2086 1844 2141 correctis

239 2184 465 2240 actibus
505 2183 622 2238 suis
645 2223 662 2248 ,
702 2180 942 2237 conferti
981 2178 1086 2236 sibi
1131 2195 1162 2234 a
1209 2187 1268 2236 te
1305 2180 1633 2247 sempiterna
1657 2178 1844 2250 gaudia

237 2275 576 2344 gratuletur.
604 2273 720 2328 Per.

314 2368 469 2421 Alia.
491 2355 734 2438 -(669)
780 2365 998 2432 Precor,
1031 2363 1287 2428 Domine,
1329 2361 1480 2435 (670)
1508 2361 1848 2420 clementiam

246 2468 353 2515 tua:
385 2459 689 2528 Maiestatis
717 2472 782 2512 ac
824 2458 1059 2514 nominis
1085 2498 1104 2526 ,
1137 2448 1202 2511 υἱ
1225 2457 1350 2512 huic
1379 2456 1578 2514 famulo
1603 2467 1696 2512 tuo
1724 2469 1852 2527 pec-

243 2560 361 2606 cata
389 2559 449 2606 et
481 2549 726 2606 facinora
751 2564 849 2604 sua
875 2548 1161 2605 confitenti
1195 2548 1403 2604 veniam
1433 2547 1595 2614 dare,
1627 2558 1684 2604 et
1709 2561 1852 2620 prte-

245 2647 534 2700 teritorum
588 2644 873 2698 criminum
918 2643 1098 2698 debita
1150 2641 1396 2698 relaxare
1439 2641 1709 2712 digneris,
1761 2643 1853 2712 qui

258 2735 503 2790 humeris
545 2734 638 2789 filii
690 2735 768 2788 tui
811 2748 964 2790 ovem
1015 2732 1278 2804 perditam
1310 2733 1570 2788 reduxisti
1600 2733 1752 2806 (671)
1783 2735 1851 2790 ad

251 2828 476 2892 caulas;
523 2826 683 2898 (672)
713 2827 802 2897 qui
833 2826 1100 2896 publicani
1129 2825 1377 2896 precibus
1403 2826 1487 2881 vel
1515 2825 1854 2881 confessione

255 2918 504 2987 placatus
531 2931 616 2974 es.
658 2918 740 2973 Tu
781 2921 941 2974 etiam
966 2959 984 2985 ,
1013 2919 1238 2975 Domine
1263 2960 1278 2986 ,
1302 2929 1359 2975 et
1383 2919 1506 2975 huic
1535 2919 1735 2974 famulo
1759 2927 1853 2974 tuo

245 3012 492 3081 placare,
525 3018 586 3064 tu
622 3009 744 3080 ejus
777 3009 1028 3080 precibus
1057 3011 1317 3080 benignus
1345 3010 1493 3082 (675)
1527 3011 1739 3078 assiste,
1767 3019 1850 3077 ut,

247 3103 302 3159 in
325 3101 683 3159 confessione
727 3101 896 3158 ﬂebili
950 3101 1100 3173 (674)
1129 3116 1482 3172 permanens,
1511 3103 1852 3158 clementiam

251 3202 398 3248 tuam
432 3193 691 3250 celeriter
717 3202 929 3260 exoret,
952 3203 1002 3249 et
1021 3235 1036 3258 ,
1071 3193 1224 3265 (675)
1249 3195 1449 3251 sanctis
1478 3195 1736 3250 altaribus
1763 3208 1852 3251 ne-

251 3287 498 3351 stitutus,
531 3286 649 3355 spei
677 3300 864 3341 rursus
892 3295 1112 3341 aeternae
1141 3298 1196 3340 et
1235 3287 1446 3342 ctelesti
1490 3286 1676 3358 gloriae
1706 3285 1854 3360 (676)
1881 3265 1931 3332 C

253 3382 606 3435 reformetur.
639 3378 1014 3465 Per_eumdem
1042 3378 1325 3434 Dominum
1353 3388 1616 3436 nostrum.

359 3495 386 3565 ί
395 3493 522 3563 677)
551 3492 822 3548 Orationes
852 3493 920 3546 ad
953 3491 1384 3548 reconciliandam
1411 3493 1748 3560 poenitentem.

323 3603 487 3677 (678)
519 3603 764 3671 Adesto,
806 3602 1070 3671 Domine,
1124 3602 1596 3674 supplicationibus
1640 3603 1855 3667 nostris,

256 3704 462 3760 ctuze,
499 3697 592 3765 qui
641 3697 801 3752 etiam
851 3695 1217 3752 misericordia
1241 3705 1329 3750 tua
1375 3697 1578 3763 primus
1621 3694 1856 3764 indigeo,

255 3792 567 3846 clementer
615 3788 844 3856 exaudi;
895 3797 950 3844 et
997 3802 1156 3859 quem
1205 3801 1312 3843 non
1357 3787 1618 3843 electione
1639 3787 1857 3853 meriti,

256 3884 344 3938 sed
385 3881 534 3938 dono
576 3881 762 3952 gratim
812 3890 915 3936 tute
943 3879 1268 3936 constituisti
1310 3878 1490 3948 operis
1518 3878 1677 3948 huius
1703 3879 1864 3933 mini-

257 3985 463 4038 strum,
494 3971 566 4027 da
608 3971 858 4028 ﬁduciam
887 3972 963 4026 tui
993 3971 1233 4027 muneris
1262 3970 1592 4041 exsequendi
1617 4011 1634 4038 ,
1667 3983 1720 4027 et
1752 3972 1865 4040 ipse

259 4065 310 4120 in
340 4075 540 4120 nostro
585 4063 882 4120 ministerio
929 4062 1070 4133 quod
1105 4071 1206 4119 tum
1247 4063 1460 4132 pietatis
1504 4071 1588 4119 est
1617 4077 1862 4132 operare.

259 4155 365 4214 Per
397 4156 708 4211 Dominum.

327 4251 478 4304 Alia.
504 4275 574 4288 —-
598 4245 749 4319 (679)
791 4246 989 4304 Praesta
1011 4288 1028 4315 ,
1060 4261 1368 4317 quaesumus
1394 4285 1410 4313 ,
1445 4246 1672 4302 Domine
1695 4287 1710 4314 ,
1745 4247 1867 4304 huic

263 4341 476 4397 tantulo
509 4349 606 4396 tuo
628 4340 847 4412 dignum
877 4340 1210 4410 pmnitentiae
1247 4339 1501 4403 fructum,
1533 4347 1594 4392 ut
1614 4338 1868 4394 Ecclesize

268 4444 376 4490 ture
418 4443 624 4489 sancta:
675 4449 704 4488 a
746 4433 899 4503 cujus
939 4433 1244 4504 integritate
1290 4431 1532 4488 deviaret
1575 4431 1866 4500 peccando,

269 4527 638 4583 aiimissorum
665 4526 920 4582 reddatur
948 4527 1200 4582 innoxius
1232 4523 1439 4580 veniam
1470 4523 1869 4594 consequendo.

270 4622 370 4680 Per
405 4622 700 4678 Dominum
727 4629 988 4677 nostrum.

338 4715 482 4768 Item
511 4714 638 4767 alia.
682 4744 754 4754 —
792 4713 932 4768 Deus
959 4755 973 4780 ,
1006 4711 1224 4766 humani
1251 4709 1462 4779 generis
1488 4707 1869 4779 benignissime

273 4808 558 4875 conditor,
590 4816 644 4862 et
670 4803 1172 4861 misericordissima
1215 4804 1556 4871 reformator,
1586 4793 1673 4873 qui
1699 4802 1871 4857 homi-

272 4915 395 4957 nem
447 4899 653 4955 invidia
710 4897 909 4954 diaboli
961 4897 1030 4951 ab
1071 4896 1370 4952 aeternitate
1420 4893 1684 4964 deiectum
1726 4896 1868 4950 unici

273 4995 396 5051 Filii
431 4995 508 5050 tui
550 4993 810 5064 sanguine
844 4989 1143 5056 redemisti,
1177 4989 1386 5044 vivifica
1415 4987 1554 5043 hunc
1594 4987 1870 5053 famulum,

276 5105 436 5159 quem
473 5089 572 5143 tibi
615 5087 917 5142 nullatenus
947 5085 1085 5140 mori
1113 5083 1419 5149 desideras,
1447 5092 1500 5138 et
1529 5082 1616 5151 qui
1645 5096 1750 5136 non
1783 5081 1876 5135 de-

280 5182 544 5252 relinquis
571 5180 784 5236 devium
810 5223 824 5249 ,
855 5193 1069 5236 assume
1111 5186 1433 5234 correctum.
1473 5175 1720 5231 Moveant
1754 5178 1871 5244 pie-

283 5343 504 5400 brorum
538 5343 983 5412 pcenitentialium
1006 5342 1237 5411 copiam,
1273 5342 1462 5412 quibus
1489 5349 1550 5412 et
1568 5336 1870 5393 confessio-

285 5419 371 5469 nis
421 5425 478 5472 et
523 5411 877 5471 absolutionis
932 5411 1298 5471 sacerdotalis
1335 5414 1472 5468 ritus
1523 5411 1865 5474 docerentur,

288 5487 635 5554 probavimus
676 5485 978 5556 praesertim
1024 5500 1144 5554 cap.
1176 5484 1266 5539 21.
1328 5483 1871 5556 Quamplurimosau-

290 5553 396 5610 tvm
440 5553 696 5612 Ordines—
723 5557 789 5611 ad
845 5553 1868 5626 dandam7paenitentiamreconcilian-

289 5629 494 5696 nmque
544 5627 900 5697 pmuitcntcs,
949 5643 974 5678 τι
1013 5625 1197 5681 nostro
1228 5627 1290 5680 D.
1319 5625 1599 5681 Edmundo
1631 5625 1870 5697 Martene

288 5695 707 5754 (‘1)“(131051lbf0
739 5700 807 5754 de
832 5699 1080 5767 Antiquis
1116 5699 1371 5752 Ecclesim
1397 5698 1606 5756 ritibus,
1637 5695 1872 5748 secunda

293 5781 466 5838 parte,
499 5786 618 5840 cap.
647 5774 700 5826 ti.
731 5772 955 5824 articulo
981 5772 1032 5833 7,
1064 5772 1341 5824 consulere
1362 5770 1486 5822 licet
1513 5767 1565 5840 si
1589 5767 1766 5819 libeat.

373 5839 632 5895 “‘l‘ladcut
685 5842 840 5896 Missa
895 5842 1084 5910 legitur
1135 5843 1183 5894 in
1249 5842 1343 5892 id.
1395 5839 1616 5901 l’unicl.,
1661 5853 1881 5910 curiscu-

299 5911 465 5968 tiente
491 5913 625 5973 Cod.
663 5911 792 5986 lteg.
827 5915 883 5970 ὃ.
910 5954 924 5979 ,
957 5909 1048 5968 ubi
1080 5913 1330 5966 lllcndosa
1364 5927 1468 5967 non
1496 5920 1574 5966 est
1606 5909 1742 5964 Edit.
1775 5909 1881 5963 lec-

1943 1985 2152 2056 Jesum.

2203 2096 2367 2152 Missa
2385 2096 2544 2170 (680)
2575 2105 2603 2135 ι
2630 2111 2727 2166 pro
2759 2096 2996 2167 episcopo
3022 2093 3282 2162 defuncto.

2022 2217 2100 2270 Da
2131 2214 2308 2283 nobis,
2342 2216 2588 2281 Domine,
2622 2221 2681 2267 ut
2706 2218 2936 2266 animum
2965 2209 3148 2264 famuli
3173 2205 3253 2261 tui
3282 2204 3374 2258 Ill.
3399 2201 3542 2269 epis-

1953 2307 2071 2379 copi
2098 2349 2112 2374 ,
2155 2322 2315 2378 quam
2364 2303 2432 2361 de
2480 2303 2662 2360 saeculi
2708 2303 2892 2360 educis
2921 2299 3191 2357 laborioso
3220 2296 3538 2362 certamine,

1975 2409 2259 2458 auctorum
2311 2411 2519 2455 tuorum
2570 2395 2733 2453 ρωιυί
2781 2395 2984 2451 tribuas
3040 2406 3160 2448 esse
3213 2392 3541 2445 consortem.

1957 2505 2072 2555 t'cr.

2025 2590 2196 2663 Super
2215 2588 2406 2643 oblata.
2430 2616 2500 2631 --
2521 2585 2714 2639 Annue
2758 2579 2944 2644 nobis,
2976 2577 3202 2632 Dom'me
3219 2615 3234 2642 ,
3263 2578 3321 2626 ut
3347 2568 3546 2624 animae

1950 2659 2136 2738 famuli
2166 2682 2238 2737 tui
2267 2679 2356 2734 Ill.
2391 2675 2628 2748 episcopi
2655 2673 2772 2729 haec
2792 2669 2963 2742 prosit
2989 2665 3224 2734 oblatio,
3254 2675 3413 2733 quam
3442 2659 3546 2714 im-

1961 2773 2238 2841 molando,
2265 2771 2429 2827 totius
2451 2765 2634 2823 mundi
2662 2761 2894 2820 tribuisti
2920 2756 3152 2816 relaxari
3179 2753 3393 2810 delicta.
3437 2748 3544 2806 Per

1955 2867 2242 2924 Dominum
2270 2873 2536 2921 nostrum.

2029 2976 2182 3047 Infra
2219 2976 2491 3029 actionem.
2519 3000 2590 3013 —
2611 2969 2760 3025 lianc
2803 2965 2960 3037 igitur
2997 2963 3352 3027 oblationem,
3385 2969 3547 3026 quam

1955 3068 2050 3123 tibi
2077 3067 2350 3122 offerimus
2380 3079 2475 3136 pro
2525 3057 3035 3118 commemoratione
3061 3050 3410 3124 depositionis
3433 3047 3552 3103 ani-

1955 3176 2057 3216 mm
2100 3159 2278 3214 famuli
2323 3158 2400 3213 tui
2433 3155 2526 3211 Ill.
2583 3151 2857 3226 episcopi,
2908 3162 3248 3221 quaesumus,
3279 3143 3504 3200 Domine
3531 3181 3548 3208 ,

1958 3262 2018 3310 ut
2067 3252 2304 3323 placatus
2362 3249 2619 3317 accipias;
2675 3255 2728 3302 et
2781 3259 2937 3315 quem
2982 3243 3035 3296 in
3076 3251 3301 3309 corpore
3344 3231 3547 3291 consti-

1960 3354 2134 3402 tutum
2189 3343 2332 3399 sedis
2379 3340 2688 3412 apostolica-3
2733 3333 3094 3408 gubernaculo
3144 3341 3379 3402 praeesse
3414 3327 3554 3396 Evo-

1961 3433 2150 3506 luistil,
2177 3435 2234 3490 in
2264 3434 2556 3490 electorum
2589 3437 2802 3486 tuorum
2834 3439 3058 3482 numero
3083 3421 3348 3479 constitue
3376 3430 3556 3474 sacer-

1959 3527 2143 3584 dotum
2164 3543 2180 3594 ;
2204 3525 2428 3595 diesque
2457 3531 2692 3579 nostros.

2041 3639 2208 3707 Super
2236 3635 2502 3708 diptycha.
2523 3664 2595 3676 —
2614 3634 2882 3690 Memento
2896 3629 3055 3687 etiam
3072 3667 3090 3696 ,
3117 3624 3364 3691 Domine,
3388 3620 3558 3676 famu-

1957 3735 2136 3790 lorum
2181 3739 2394 3786 tuorum
2433 3729 2561 3797 Ill.,
2607 3728 2700 3799 qui
2749 3739 2848 3783 nos
2889 3729 3316 3794 praecesserunt,
3343 3726 3402 3774 et
3427 3718 3558 3773 dor-

1965 3826 2139 3881 miunt
2163 3824 2216 3878 in
2247 3837 2437 3878 somno
2465 3817 2632 3892 pacis.

2044 3931 2193 4001 (681)
2219 3929 2350 3986 Item
2379 3938 2494 4002 post
2519 3927 2802 3983 lectionem.
2825 3951 2896 3964 -
2916 3921 3059 3984 Istis,
3092 3917 3336 3981 Domine,
3367 3922 3420 3968 et
3445 3927 3562 3967 om-

1966 4028 2124 4084 nibus
2146 4025 2198 4080 in
2245 4022 2466 4080 Christo
2503 4018 2926 4091 quiescentibus,
2959 4015 3136 4069 locum
3166 4007 3448 4079 refrigerii,
3481 4007 3561 4061 lu-

1967 4118 2047 4175 cis
2073 4126 2130 4174 et
2158 4117 2306 4186 pacis
2337 4113 2724 4185 indulgentiam
2745 4111 3113 4180 deprecamur.
3141 4104 3243 4161 Per
3261 4102 3558 4158 Christum.

2042 4210 2120 4262 Ad
2149 4207 2542 4277 Complettdttm.
2563 4233 2635 4244 —
2651 4202 2744 4257 His
2768 4195 3046 4255 sacrificiis
3061 4238 3076 4262 ,
3098 4207 3426 4266 quaesumus,
3443 4205 3562 4246 om-

1971 4301 2225 4371 nipotens
2270 4300 2447 4363 Deus,
2489 4306 2710 4367 purgata
2751 4295 2933 4349 anima
2972 4288 3156 4346 famuli
3184 4289 3263 4343 tui
3291 4284 3388 4341 Ill.
3419 4283 3562 4354 epis-

1975 4391 2095 4463 c0pi
2135 4393 2200 4445 ad
2259 4389 2640 4460 indulgentiam
2687 4395 2747 4444 et
2791 4383 3129 4456 refrigerium
3168 4379 3558 4451 sempiternum

1973 4484 2260 4556 pervenire
2288 4490 2579 4539 mereatur.

2275 4597 2405 4655 Item
2435 4596 2599 4653 Missa
2621 4611 2717 4668 pro
2735 4596 2969 4666 episwpo
3001 4591 3258 4663 defuncto.

2048 4713 2191 4770 Deus
2217 4755 2232 4780 ,
2282 4709 2369 4781 qui
2400 4709 2542 4766 inter
2585 4708 2909 4779 apostolicos
2949 4701 3260 4759 sacerdotes
3305 4697 3563 4756 famulum

1932 4828 1937 4836 ι
1974 4817 2121 4864 tuum
2151 4806 2243 4861 Ill.
2285 4804 2591 4874 episcopum
2620 4798 2825 4856 censeri
2863 4795 3071 4862 fecisti,
3133 4799 3360 4863 przesta,
3417 4805 3567 4862 qum-
3653 4787 3662 4802 ’

1975 4914 2161 4955 sumus
2184 4939 2198 4964 ,
2235 4906 2293 4951 ut
2325 4909 2551 4966 quorum
2601 4892 2774 4948 vicem
2819 4888 3035 4961 gerebat
3061 4885 3126 4941 ad
3158 4887 3342 4939 horam
3370 4883 3423 4938 in
3456 4892 3566 4937 ter-

1977 4993 2071 5058 ris,
2103 5005 2288 5048 eorum
2321 4995 2581 5058 perpetuo
2603 4981 2880 5039 consortio
2907 4983 3114 5034 laetetur
3146 4979 3198 5032 in
3229 4975 3398 5033 cmlis.
3442 4974 3564 5030 Per.

2052 5083 2224 5155 Super
2253 5078 2651 5136 ob!ata.—-Hacc
2677 5074 2899 5141 oblatio,
2929 5072 3188 5137 Domine,
3233 5081 3564 5142 qumsumus,

1983 5177 2214 5232 animam
2253 5172 2438 5228 famuli
2476 5170 2555 5225 tui
2595 5167 2692 5224 Ill.
2725 5165 2964 5238 episcopi
3002 5163 3252 5222 omnibus
3297 5160 3438 5218 vitiis
3468 5158 3567 5212 hu-

1977 5340 2074 5403 tio,
2101 5339 2238 5408 quod
2280 5351 2409 5392 sane
2456 5331 2916 5408 saepeicontingit.
2951 5329 3042 5386 Sic
3071 5332 3125 5385 in
3157 5329 3306 5408 Orat.
3339 5338 3457 5405 quae
3481 5336 3567 5408 se:

1979 5395 2186 5479 quitur,
2219 5408 2417 5480 legitur
2435 5395 2576 5480 apud
2602 5395 3078 5480 Ramellducgns.
3111 5414 3206 5480 ιπρ
3238 5396 3447 5480 θέηοξθ
3478 5395 3565 5480 ἒῖεῗί

1978 5464 2222 5547 ἷάειίτὶείί,
2253 5464 2312 5535 iii.
2343 5464 2502 5536 habet
2539 5476 2676 5533 Cod.
2707 5477 2839 5547 Reg.
2862 5474 2922 5532 S.
2951 5464 3125 5542 Supra
3143 5470 3232 5547 ,_in
3260 5468 3408 5547 Orat.
3440 5464 3564 5517 ulti-

1979 5569 2062 5608 ma
2091 5555 2156 5605 ad
2184 5535 2316 5606 utor.
2349 5535 2670 5615 animalium,
2697 5535 3106 5615 ubivlcgiturfut
3124 5542 3232 5593 sine
3257 5535 3436 5615 quibus
3462 5552 3563 5588 non

1979 5626 2188 5678 habetur
2221 5626 2365 5678 hum.
2399 5613 2956 5682 conditio,vdcficiente
2985 5626 3164 5674 sensu,
3195 5613 3448 5682 scriptum
3483 5617 3562 5659 cst

1979 5699 2180 5768 optime
2207 5697 2419 5768 quidem
2458 5711 2472 5747 :
2504 5679 2711 5768 utﬂsine
2738 5689 2917 5759 quibus
2945 5701 3045 5736 non
3068 5683 3222 5768 qlitur
3253 5679 3420 5768 lium...
3455 5687 3556 5758 rte.

1985 5749 2040 5821 In
2072 5749 2237 5822 veteri
2267 5770 2510 5824 Sacram.
2561 5762 2675 5815 Gal.
2725 5749 2898 5814 exstat
2942 5769 3042 5831 tum
3080 5752 3236 5831 Missa
3266 5751 3324 5831 in
3352 5749 3560 5830 deposi-

1986 5842 2129 5896 tione
2154 5822 2446 5896 sacerdotis
2472 5878 2487 5905 ,
2534 5843 2587 5890 ct
2614 5835 2779 5888 altera
2807 5844 2902 5898 pro
2928 5823 3194 5881 defunctis
3220 5822 3533 5893 (ιυὶὺυδ-ιιςυε
