4042 6350
549 360 655 418 215

1760 357 1999 413 SAM)“
2037 358 2360 419 GREGORII
2395 361 2610 421 MAGNI

3688 367 3796 426 εις»

548 492 723 536 manas
765 477 1086 535 conditionis
1122 477 1397 545 absolvat,
1427 492 1546 549 quae
1583 476 1748 534 totius
1778 476 1964 531 mundi
2002 476 2124 533 tulit
2147 480 2202 542 Α
2228 477 2357 534 stias
2382 519 2398 546 ,
2445 488 2502 533 ut
2543 478 2847 549 pontificale
2885 474 2972 534 cui
3016 477 3225 537 donasti
3251 480 3519 551 meritum,
3548 479 3715 541 dones
3740 492 3796 544 et

546 574 708 631 etiam
735 575 1003 631 immolata
1030 582 1329 644 peccatum.
1371 574 1493 630 Per.

618 667 780 737 216
799 664 1067 737 Praefatio.
1088 696 1160 706 —
1178 666 1316 722 Vere
1359 666 1571 736 dignum
1610 674 1666 722 et
1694 664 1894 736 justum
1922 674 2024 736 est,
2048 680 2123 721 ac-

543 772 707 829 quum
728 767 783 813 σι
807 760 1042 814 salutare
1066 802 1079 826 ,
1132 773 1233 814 nos
1261 759 1353 813 tibi
1389 774 1604 830 semper
1625 767 1681 814 et
1702 759 1895 829 ubique
1923 761 2119 829 gratias

542 867 736 923 agere,
790 852 1017 908 Domine
1069 862 1274 920 sancte,
1330 852 1488 907 Pater
1533 852 1891 923 omnipotens,
1918 861 2118 910 aeterne

541 942 682 998 Deus
708 960 722 996 :
756 943 964 999 devotis
990 944 1324 1001 clementiam
1356 952 1499 999 tuam
1529 944 1798 1001 mentibus
1832 944 2119 1000 obsecran-

539 1040 621 1088 tes
649 1076 663 1101 ,
701 1042 758 1088 ut
800 1034 1033 1089 animam
1078 1034 1171 1089 Ill.
1224 1036 1454 1105 episcopi
1491 1036 1544 1091 in
1587 1038 1879 1093 electorum
1907 1036 2119 1092 tibimet

537 1126 850 1193 pontificum
880 1143 1102 1184 numero
1131 1128 1319 1198 jubeas
1361 1131 1653 1186 consistere
1682 1131 2027 1202 gaudentem,
2059 1139 2117 1187 ut

537 1217 629 1287 qui
659 1218 745 1272 hic
774 1225 864 1273 tuo
895 1234 992 1287 pro
1021 1221 1097 1275 eis
1145 1220 1369 1290 supplex
1406 1222 1739 1278 deserviebat
1782 1223 1964 1289 altari,
1997 1224 2113 1293 glo-

538 1309 677 1364 riosa
707 1310 815 1365 illic
844 1326 965 1367 cum
997 1313 1074 1367 eis
1102 1320 1188 1367 tua
1220 1313 1511 1384 gratuletur
1539 1322 1592 1369 ct
1618 1313 1794 1369 laude.
1829 1314 1931 1371 Per
1956 1314 2111 1370 Chri-

535 1408 675 1456 stum
708 1402 985 1457 Dominum
1018 1413 1280 1460 nostrum.

603 1493 757 1562 Infra
782 1496 1052 1551 actionem.
1080 1526 1152 1539 —
1172 1498 1319 1553 I‘Ianc
1346 1497 1507 1568 igitur
1531 1497 1851 1553 oblationem
1885 1499 2112 1553 servitu-

533 1585 602 1639 tis
629 1596 844 1653 nostrac,
873 1604 1030 1657 quam
1058 1590 1152 1645 tibi
1179 1588 1451 1658 offerimus
1481 1604 1577 1658 pro
1603 1590 2110 1647 commemoratione

530 1675 721 1729 animae
751 1677 936 1732 famuli
969 1679 1045 1733 tui
1075 1678 1166 1733 Ill.
1196 1680 1462 1748 episcopi,
1496 1695 1798 1750 quaesumus
1818 1721 1832 1748 ,
1864 1680 2106 1747 Domine,

530 1766 767 1836 placatus
795 1769 1022 1839 accipias
1045 1811 1061 1836 ,
1109 1779 1164 1825 et
1195 1786 1317 1825 cum
1346 1774 1660 1840 praesulibus
1694 1773 2001 1842 apostolicae
2030 1773 2109 1828 di-

2226 568 2525 637 przemium.
2569 567 2672 625 Per
2699 570 3001 625 Dominum.
3832 631 3857 649 ‘

2290 658 2371 711 Ad
2417 658 2802 729 Comptendum.
2845 690 2916 702 —
2953 660 3146 717 Preces
3191 668 3399 718 nostras
3422 703 3438 731 ,
3469 677 3794 736 quaesumus,
3848 651 3861 657 ’

2220 747 2467 817 Domine,
2499 765 2632 819 quas
2672 752 2722 805 in
2759 751 2943 807 famuli
2973 754 3046 807 tui
3076 752 3171 808 Ill.
3200 754 3435 823 episcopi
3462 755 3796 823 depositione

2219 840 2539 908 deferimus,
2570 844 2880 913 propitiatus
2909 846 3119 913 exaudi,
3153 855 3208 901 ut
3233 847 3323 918 qui
3349 848 3550 903 nomini
3578 856 3669 904 tuo
3694 852 3795 905 mi-

2219 933 2499 989 nisterium
2529 935 2687 991 fidele
2717 936 2992 1006 dependit,
3018 948 3270 1010 perpetua
3297 948 3602 995 sanctorum
3628 941 3793 999 socie-

2222 1032 2332 1082 tate
2362 1026 2593 1083 ltetetur.
2622 1028 2725 1083 Per
2752 1030 3058 1085 Dominum.

2596 1119 2761 1174 Missa
2786 1138 2877 1191 pro
2898 1122 3135 1191 episcopo
3155 1123 3413 1193 defuncto.

2290 1205 2452 1277 Deus,
2499 1208 2590 1279 qui
2634 1211 2774 1266 inter
2817 1213 3138 1281 apostolicos
3191 1215 3496 1271 sacerdotes
3542 1216 3792 1276 famulum

2216 1307 2366 1356 tuum
2391 1300 2485 1356 Ill.
2519 1304 2814 1373 pontificali
2844 1304 3016 1361 fecisti
3045 1306 3301 1378 dignitate
3328 1308 3539 1380 vigere,
3572 1321 3790 1383 praesta,

2215 1408 2546 1465 quaesumus,
2579 1404 2637 1452 ut
2664 1412 2848 1453 eorum
2877 1408 2932 1455 8|.
2954 1410 3209 1469 perpetuo
3239 1410 3551 1473 aggregetut'
3573 1417 3795 1461 εοηεοῐ-

2214 1486 2310 1543 ιίο.
2352 1487 2455 1543 Per
2482 1488 2766 1545 Dominum
2802 1498 3064 1546 nostrum.
3550 1530 3559 1535 -

2285 1577 2457 1651 Super
2476 1579 2667 1634 oblata.
2689 1610 2761 1622 —
2782 1581 2906 1637 llaec
2949 1581 3180 1648 oblatio,
3225 1581 3447 1637 Domine
3486 1582 3647 1646 Deus,
3679 1582 3793 1639 ani-

2214 1684 2355 1725 mam
2387 1671 2574 1727 famuli
2603 1673 2680 1729 tui
2705 1672 2799 1729 Ill.
2841 1675 2909 1730 ab
2949 1674 3197 1731 omnibus
3226 1674 3364 1730 vitiis
3392 1676 3637 1730 humana:
3660 1690 3792 1732 con-

2217 1761 2433 1818 ditionis
2456 1762 2706 1820 absolvat
2732 1805 2750 1834 ,
2782 1781 2902 1835 qua:
2944 1766 3107 1821 totius
3137 1765 3319 1821 mundi
3344 1764 3477 1820 tollit
3504 1766 3666 1821 etiam
3696 1766 3794 1823 im-

528 1859 744 1929 gnitatis
770 1900 786 1926 ,
831 1876 1057 1929 quorum
1106 1871 1189 1917 est
1233 1872 1446 1920 secutus
1492 1863 1761 1930 officium,
1792 1863 1990 1920 habere
2015 1866 2109 1919 tri-
2138 1869 2188 1932 Β
2215 1857 2412 1913 molata
2442 1867 2739 1927 peccatum.
2781 1860 2906 1915 Per.

529 1950 663 2006 buas
693 1954 1036 2021 sempiternae
1069 1953 1410 2010 beatitudinis
1438 1956 1759 2025 portionem,
1790 1965 1948 2027 atque
1968 1958 2103 2014 inter
2140 1988 2143 1989 ν

529 2043 719 2097 summi
764 2045 994 2113 pastoris
1043 2045 1248 2103 efficias
1293 2049 1561 2119 praecipua
1603 2050 1841 2105 membra
1869 2050 2107 2119 censeri;

526 2132 747 2203 diesque
779 2145 1008 2191 nostros.
1926 2154 1931 2157 ·

600 2225 680 2277 Ad
708 2225 1097 2295 Complendum.
1135 2258 1206 2268 —
1228 2228 1305 2282 Da
1332 2229 1541 2284 veniam
1569 2272 1583 2294 ,
1613 2230 1835 2286 Domine
1859 2272 1874 2297 ,
1906 2246 2111 2301 quaesu-

528 2326 668 2377 mus,
696 2330 791 2384 per
816 2317 930 2371 litec
961 2327 1146 2373 sancta
1178 2320 1452 2389 mysteria,
1485 2320 1678 2375 anima:
1703 2323 1881 2375 famuli
1910 2324 1982 2376 tui
2012 2320 2108 2377 Ill.

525 2404 806 2474 episcopi,
857 2417 915 2463 ut
958 2425 1181 2467 occursu
1229 2426 1338 2467 non
1383 2420 1647 2468 terreatur
1686 2414 1861 2481 malo,
1894 2415 1988 2469 sed
2020 2424 2109 2483 tuo

528 2505 837 2566 protegatur
861 2502 1079 2557 auxilio.
1120 2503 1242 2559 Per.

594 2591 733 2646 Alia.
757 2622 829 2633 —
852 2594 1075 2663 Praesta,
1106 2612 1435 2667 quaesumus,
1462 2601 1802 2669 omnipotens
1832 2599 1969 2654 Deus
1992 2641 2005 2667 ,
2053 2609 2110 2655 ut

526 2686 702 2740 anima
752 2689 930 2743 famuli
977 2692 1053 2745 tui
1100 2690 1193 2747 Ill.
1226 2694 1483 2763 episcopi,
1518 2710 1673 2765 quam
1704 2696 1757 2749 in
1781 2695 1881 2750 hoc
1910 2696 2111 2753 saeculo

525 2792 949 2839 commorantem
995 2788 1163 2841 sacris
1210 2790 1517 2855 muneribus
1548 2789 1809 2846 decorasti
1835 2831 1850 2857 ,
1893 2790 2101 2848 caelesti

522 2870 653 2929 sede
679 2875 912 2944 gloriosa
942 2878 1190 2933 exsultet.
1233 2879 1334 2934 Per
1361 2881 1665 2936 Dominum.

842 2968 976 3022 Item
1014 2970 1119 3024 alia
1146 2987 1238 3039 pro
1264 2973 1498 3042 episcOpo
1530 2975 1788 3045 defuncto.

594 3058 817 3129 Suscipe
840 3101 855 3126 ,
886 3060 1109 3117 Domine
1134 3103 1151 3129 ,
1182 3079 1487 3133 quaesumus
1508 3106 1523 3131 ,
1571 3081 1758 3135 preces
1786 3076 1991 3123 nostras
2016 3084 2111 3140 pro

524 3148 700 3204 anima
730 3149 911 3205 famuli
943 3153 1016 3206 tui
1047 3151 1139 3206 Ill.
1173 3156 1436 3223 epiSCOpi,
1468 3167 1524 3210 ut
1562 3159 1614 3211 in
1649 3159 1954 3226 pontificum
1989 3163 2109 3217 tibi-

528 3250 638 3295 met
666 3242 987 3310 placitorum
1018 3257 1273 3315 perpctua
1304 3247 1432 3304 sede
1462 3249 1688 3306 laetetur.
1714 3251 1836 3308 Per.

596 3331 766 3404 §uper
792 3336 981 3390 oblata.
1006 3366 1077 3377 —
1096 3338 1398 3409 Offerimus,
1432 3342 1674 3413 Domine,
1709 3344 1909 3399 hostias
1937 3348 2113 3416 placa-

528 3423 710 3491 tionis,
742 3435 799 3481 et
826 3428 998 3484 laudis
1017 3471 1030 3495 ,
1059 3441 1116 3485 ut
1144 3442 1415 3501 perpetuae
1443 3437 1820 3492 misericordiae
1848 3439 2108 3509 largitate,

527 3514 759 3570 animam
794 3516 976 3574 famuli
1024 3522 1097 3575 tui
1147 3520 1241 3577 Ill.
1290 3525 1525 3596 episcopi
1551 3528 1604 3584 in
1635 3529 1767 3586 lucis
1793 3540 2011 3589 aeternae
2036 3533 2114 3589 fa-

526 3606 636 3661 cias
662 3609 881 3678 regione
911 3614 1168 3682 gaudere.

594 3698 867 3771 Praefatio.
892 3734 961 3744 —
983 3705 1123 3762 Vere
1148 3707 1360 3778 dignum
1391 3719 1444 3767 et
1460 3713 1665 3783 justum
1691 3723 1795 3783 est,
1822 3732 2034 3787 aequum
2057 3729 2115 3776 et

527 3792 763 3851 salutare
786 3835 800 3862 ,
857 3813 957 3854 nos
1006 3799 1099 3855 tibi
1145 3815 1359 3873 semper
1402 3813 1455 3861 et
1484 3806 1680 3878 ubique
1706 3811 1908 3879 gratias
1932 3826 2110 3882 agere,

526 3882 753 3942 Domine
796 3898 982 3945 sancte
1008 3932 1023 3957 ,
1075 3892 1234 3949 Pater
1275 3897 1614 3965 omnipotens
1638 3940 1653 3966 ,
1703 3908 1902 3956 aeterne
1930 3902 2110 3959 Deus:

523 3972 850 4034 ineffabilem
884 3989 987 4035 tute
1009 3982 1311 4039 clementiae
1342 3990 1630 4056 potentiam
1652 3992 1966 4059 suppliciter
1984 4008 2117 4048 exo-

524 4075 744 4134 rantes,
776 4079 832 4124 ut
876 4070 1106 4128 famulus
1133 4081 1256 4129 tuus
1280 4074 1372 4131 Ill.
1393 4118 1408 4142 ,
1440 4078 1718 4134 beatorum
1753 4080 2114 4137 tabernaculis

526 4158 880 4225 constitutus,
912 4164 1147 4219 evasisse
1174 4180 1236 4221 se
1262 4168 1501 4224 carnales
1530 4171 1786 4239 glorietur
1816 4173 2111 4243 anguStias,

522 4246 775 4318 diemque
814 4251 1005 4319 judicii
1055 4270 1172 4311 cum
1219 4269 1343 4314 voto
1391 4263 1762 4330 gratulationis
1812 4276 2109 4336 exspectet.

524 4340 629 4397 Per
653 4341 924 4398 Christum
956 4346 1240 4402 Dominum
1272 4361 1536 4407 nostrum.

598 4432 748 4504 Infra
774 4437 1048 4491 actionem.
1072 4467 1142 4479 —-
1165 4440 1313 4496 Hanc
1358 4442 1519 4512 igitur
1557 4446 1884 4502 oblationem
1903 4491 1919 4517 ,
1955 4464 2115 4519 quam

523 4527 617 4582 tibi
662 4529 936 4585 offerimus
982 4547 1077 4600 pro
1126 4536 1300 4588 anima
1350 4534 1531 4591 famuli
1578 4538 1654 4592 tui
1708 4538 1797 4593 Ill.
1848 4541 2107 4611 episcopi,

2138 3238 2186 3302 C

2286 1947 2560 2020 Prwfatia.
2585 1978 2657 1992 -
2679 1949 2817 2006 Vere
2866 1950 3081 2018 dignum
3109 1957 3166 2005 et
3206 1949 3406 2018 justum
3436 1958 3518 2007 est
3539 1988 3558 2018 ,
3584 1964 3794 2021 equum

2213 2050 2268 2096 et
2289 2041 2543 2110 salutare,
2576 2056 2675 2098 nos
2705 2042 2801 2098 tibi
2835 2056 3048 2112 semper
3074 2050 3128 2097 et
3156 2042 3352 2113 ubique
3384 2041 3581 2111 gratias
3611 2055 3791 2111 agere,

2215 2133 2442 2193 Domine
2472 2142 2677 2202 sancte,
2705 2134 2864 2190 Pater
2882 2135 3241 2204 omnipotens,
3273 2143 3470 2189 aeterne
3496 2133 3642 2189 Deus
3666 2150 3679 2189 :
3703 2135 3794 2190 de-

2217 2227 2354 2280 votis
2403 2227 2741 2282 clementiam
2786 2236 2930 2282 tuam
2985 2228 3250 2283 mentibus
3302 2227 3680 2292 obsecrantes,
3744 2236 3795 2282 ut

2212 2320 2445 2373 animam
2499 2319 2686 2374 famuli
2735 2318 2811 2375 tui
2837 2319 2929 2375 ιιι.
2971 2320 3025 2375 in
3054 2320 3345 2375 electorum
3376 2320 3583 2375 tibimet
3614 2316 3794 2388 ponti-

2213 2409 2372 2464 ficum
2422 2424 2645 2465 numero
2674 2411 2905 2480 gaudeas
2948 2412 3244 2467 consistere
3291 2409 3589 2480 gaudendo,
3625 2419 3681 2465 ut
3708 2408 3796 2479 qui

2221 2508 2315 2554 tuo
2342 2516 2439 2569 pro
2468 2501 2545 2555 eis
2573 2502 2795 2571 supplex
2833 2501 3385 2567 deserviebat-altari,
3424 2501 3655 2571 gloriosa
3686 2501 3794 2556 illic

2212 2604 2335 2645 cum
2362 2590 2441 2645 eis
2483 2591 2777 2660 gratuletur
2816 2591 2996 2648 laude.
3025 2592 3154 2649 .Per
3197 2591 3465 2647 Christum
3509 2590 3795 2646 Dominum

2213 2689 2450 2736 "OSll‘lllll
2461 2721 2474 2735 .

2283 2774 2365 2827 Ad
2392 2774 2782 2844 Complendum.
2805 2804 2875 2815 —
2898 2775 3039 2831 Deus
3060 2816 3077 2843 ,
3104 2776 3257 2844 cujus
3286 2775 3666 2830 misericordia:
3689 2790 3799 2832 non

2214 2873 2298 2919 est
2340 2880 2625 2931 numerus,
2679 2867 2888 2936 suscipe
2920 2879 3017 2937 pro
3063 2866 3241 2920 anima
3267 2866 3447 2921 famuli
3477 2867 3551 2920 tui
3582 2865 3797 2922 “Lsa-

2213 2955 2447 3012 cerdotis
2474 2972 2660 3027 preces
2698 2968 2940 3025 nostras,
2973 2964 3029 3013 ct
3054 2956 3188 3013 lucis
3217 2958 3265 3012 ei
3297 2957 3600 3027 laetitiaeque
3620 2956 3801 3027 regio-

2214 3064 2337 3104 nem
2383 3050 2437 3103 in
2485 3060 2790 3106 sanctorum
2841 3060 3050 3106 tuorum
3097 3051 3353 3107 societate
3395 3050 3652 3106 concede.
3699 3050 3801 3106 Per

2214 3138 2499 3198 Dominum
2529 3153 2791 3198 nostrum.

2590 3254 2753 3310 Missa
2773 3272 2865 3327 pro
2891 3256 3148 3310 sacerdote
3167 3256 3421 3329 defuncto.

2290 3368 2488 3425 Praesta
2516 3410 2529 3435 ,
2562 3385 2861 3439 quaesumus
2888 3413 2905 3439 ,
2952 3371 3172 3425 Domine
3196 3412 3211 3436 ,
3256 3377 3314 3423 ut
3340 3368 3515 3422 anima
3545 3366 3733 3423 famuli
3753 3374 3806 3424 et

2218 3466 2515 3521 sacerdotis
2544 3467 2616 3521 tui
2648 3464 2743 3523 Ill.
2773 3482 2930 3535 quam
2961 3467 3013 3519 in
3038 3467 3137 3520 hoc
3155 3466 3352 3521 saeculo
3381 3475 3806 3520 commorantem

2220 3563 2389 3617 sacris
2441 3563 2751 3617 muneribus
2796 3562 3057 3617 decorasti
3085 3603 3100 3629 ,
3153 3563 3359 3618 caelesti
3402 3562 3529 3618 sede
3570 3563 3806 3632 gloriosa

2219 3670 2436 3726 semper
2463 3656 2718 3712 exsultet.
2759 3655 2863 3711 Per
2894 3656 3195 3711 Dominum.

2297 3749 2469 3817 Super
2492 3748 2682 3804 oblata.
2705 3776 2775 3787 -—
2799 3746 3040 3815 Suscipe,
3073 3745 3314 3809 Domine,
3345 3757 3671 3814 quaesumus,
3702 3742 3808 3798 ho-

2220 3842 2350 3897 stias
2383 3858 2476 3910 pro
2510 3842 2685 3896 anima
2733 3840 2916 3895 famuli
2960 3849 3015 3895 et
3042 3838 3335 3894 sacerdotis
3361 3837 3436 3891 tui
3466 3835 3585 3904 IIl.,
3628 3845 3685 3891 ut
3719 3835 3808 3891 cui

2222 3933 2528 4003 pontificale
2555 3932 2763 3987 donasti
2796 3931 3092 4000 praemium,
3124 3930 3290 3985 dones
3318 3936 3373 3983 et
3401 3927 3667 3983 meritum.
3702 3924 3808 3983 Per

2457 4028 2550 4078 m.‘

2457 4028 2550 4078 m.‘

2221 4025 2455 4188 Βοὲῗὲ
2469 4116 2548 4168 Ad
2570 4112 3256 4183 Complendum.-—-Pr:esta,
3281 4124 3606 4182 quaesumus,
3624 4107 3809 4165 omni-

2221 4219 2412 4278 potens
2433 4210 2573 4264 Deus
2596 4250 2611 4277 ,
2636 4216 2695 4263 ut
2720 4209 2949 4263 animam
2981 4207 3158 4261 famuli
3189 4217 3243 4261 et
3270 4204 3565 4268 sacerdotis
3592 4204 3671 4258 tui
3701 4204 3800 4259 Ill.

2223 4303 2280 4356 in
2334 4302 2747 4372 congregatione
2786 4301 3050 4371 justorum
3099 4309 3311 4355 aeternae
3357 4297 3698 4354 beatitudinis
3716 4298 3808 4369 ju-

2221 4392 2352 4448 beas
2384 4408 2506 4449 esse
2534 4401 2862 4449 consortem.
2905 4390 3006 4445 Per
3033 4390 3335 4445 Dominum.

2709 4506 2873 4561 Missa
2901 4505 3049 4560 unius
3076 4504 3324 4574 defuncti.

527 4634 836 4687 quaesumus
859 4660 874 4686 ,
902 4621 1127 4677 Domine
1150 4664 1163 4689 ,
1198 4631 1257 4677 ut
1304 4626 1543 4692 placatus
1572 4629 1839 4698 accipias;
1873 4640 1927 4685 et
1955 4646 2113 4699 quem
2142 4621 2193 4681 D
2293 4619 2649 4691 Omnipotens
2692 4621 3023 4692 sempiterne
3059 4621 3200 4677 Deus
3225 4660 3241 4687 ν
3275 4618 3360 4675 Olli
3391 4632 3659 4690 nunquam
3689 4617 3812 4675 εῖηο

525 4711 630 4764 tuis
658 4711 915 4767 altaribus
938 4714 1145 4770 servire
1176 4715 1425 4784 tribuisti,
1449 4718 1514 4772 ad
1544 4718 1817 4775 beatorum
1851 4726 2116 4790 pertinere

521 4800 710 4869 jubeas
739 4805 1005 4859 consortia
1038 4807 1413 4874 sacerdotum;
1459 4810 1679 4878 diesque
1714 4819 1947 4868 nostros.

595 4893 677 4945 Ad
705 4893 1093 4962 Complendum.
1115 4927 1183 4938 —
1204 4897 1551 4967 Quaesumus,
1587 4902 1924 4972 omnipotens
1950 4904 2111 4971 Deus,

526 4994 584 5041 ut
607 4985 839 5040 animam
891 4987 1072 5042 famuli
1120 4991 1280 5060 217
1314 4992 1389 5046 tui
1420 4989 1515 5045 Ill.
1547 4994 1783 5064 episcopi
1808 4994 1861 5049 in
1888 5010 2117 5066 congre-

525 5079 741 5151 gatione
784 5078 1051 5147 justorum
1102 5092 1319 5138 mternae
1366 5084 1708 5142 beatitudinis
1755 5087 1947 5151 iubeas
1995 5101 2115 5144 esse

525 5179 851 5227 consortem.
895 5172 997 5227 Per
1026 5174 1304 5231 Dominum
1334 5186 1598 5233 nostrum.

838 5264 954 5317 Alia
977 5262 1140 5319 Missa
1169 5283 1261 5336 pro
1290 5270 1524 5339 episcopo
1548 5270 1809 5340 defuncto.

599 5354 780 5422 Deus,
831 5358 921 5425 qui
968 5357 1108 5411 inter
1143 5362 1463 5428 apostolicos
1507 5364 1814 5419 sacerdotes
1859 5364 2111 5421 famulum

523 5457 671 5504 tuum
703 5448 799 5505 ιιι.
848 5451 1172 5507 sacerdotali
1212 5454 1384 5509 fecisti
1428 5456 1688 5526 dignitate
1724 5459 1937 5529 vigere”,
1972 5476 2111 5527 prte-

524 5553 629 5613 sta,
662 5555 967 5610 quzesumus
989 5584 1004 5610 ,
1039 5552 1097 5599 ut
1130 5560 1313 5601 eorum
1345 5562 1551 5617 quoque
1572 5544 1835 5620 perpetuo
1861 5565 2105 5621 aggrege‘

526 5642 612 5689 tur
636 5638 927 5693 consortio.
961 5637 1082 5693 Per.

599 5726 771 5797 Super
796 5730 987 5784 oblata.
1012 5760 1079 5770 —
1105 5729 1350 5801 Suscipe,
1385 5734 1627 5804 Domine,
1659 5750 1982 5807 qumsumus,
2016 5750 2110 5805 pro

526 5817 704 5875 anima
728 5818 914 5878 famuli
945 5824 1017 5879 tui
1046 5821 1143 5882 ιιι.
1173 5824 1469 5885 sacerdotis
1496 5869 1511 5896 ,
1548 5843 1681 5901 quas
1711 5828 1982 5886 offerimus
2010 5827 2110 5885 ho-

2221 4728 2320 4784 spe
2364 4713 2748 4771 misericordiae
2797 4714 3141 4785 supplicatur,
3186 4714 3476 4783 propitiare
3515 4713 3708 4768 anima:
3734 4711 3810 4767 fa-

2222 4807 2351 4861 muli
2384 4808 2458 4863 tui
2482 4807 2597 4875 ιιι.,
2632 4816 2681 4863 ιιι
2712 4810 2803 4879 qui
2850 4809 2916 4865 de
2946 4810 3047 4865 hac
3075 4809 3179 4864 vita
3226 4809 3278 4863 in
3321 4808 3392 4863 tui
3421 4807 3652 4868 nominis
3676 4822 3812 4863 con-

2221 4901 2458 4958 fessione
2502 4902 2788 4969 discessit,
2825 4911 3133 4960 sanctorum
3181 4911 3392 4959 tuorum
3436 4917 3661 4958 numero
3685 4916 3809 4958 eum

2220 4993 2386 5049 facias
2414 4996 2710 5065 aggregari.
2735 4996 2837 5052 Per
2868 4996 3149 5050 Dominum
3180 5002 3441 5050 nostrum.

2296 5088 2466 5158 Super
2494 5088 2683 5144 oblata.
2707 5119 2777 5129 —
2811 5089 3111 5159 Propitiare
3134 5132 3149 5158 ,
3182 5102 3486 5158 quaesumus
3510 5130 3526 5155 ,
3558 5085 3807 5152 Domine,

2220 5178 2414 5233 animm
2466 5180 2649 5234 famuli
2680 5178 2795 5247 tui,
2843 5179 2965 5247 11L,
3002 5194 3098 5249 pro
3134 5194 3238 5248 qua
3269 5178 3361 5235 tibi
3391 5178 3591 5234 hostias
3628 5178 3810 5248 placa-

2222 5270 2385 5327 tionis
2414 5270 2722 5337 offerimus;
2764 5281 2817 5327 et
2866 5272 2985 5343 quia
3032 5273 3085 5328 in
3115 5271 3214 5327 bac
3248 5272 3367 5327 luce
3394 5273 3449 5326 in
3476 5271 3583 5327 fide
3609 5271 3810 5327 mansit

2219 5366 2482 5422 catholica
2505 5408 2521 5432 ,
2572 5366 2626 5422 in
2658 5370 2832 5423 futura
2862 5368 2969 5423 vita
2998 5366 3115 5437 ejus
3146 5366 3423 5423 retributio
3448 5366 3803 5422 contionetur.

2218 5458 2321 5515 Per
2348 5458 2629 5512 Dominum
2659 5468 2920 5514 nostrum.

2290 5550 2373 5603 Ad
2419 5549 2813 5618 Complendum.
2840 5580 2904 5591 —
2927 5552 3146 5616 Praesta,
3193 5566 3528 5621 quiesumus,
3559 5547 3810 5616 omnipo-

2223 5651 2338 5698 tens
2366 5643 2529 5708 Deus,
2560 5651 2619 5697 ut
2646 5641 2878 5697 animam
2907 5641 3093 5699 famuli
3117 5644 3191 5700 tui
3220 5643 3315 5699 ιιι.
3348 5645 3416 5701 ab
3443 5642 3648 5712 angelis
3671 5638 3810 5694 lucis

2217 5742 2523 5803 susceptam
2583 5734 2634 5788 in
2690 5742 2982 5803 praeparata
3040 5735 3340 5811 habitacula
3393 5733 3587 5793 deduci
3639 5728 3814 5785 facias

2218 5827 2517 5883 beatorum.
2551 5825 2653 5885 Per
2678 5824 2985 5909 Dominum.
