4042 6350
280 420 381 477 217

1447 418 1655 475 LIBER
1692 416 2333 484 SACRAMENTORUM.

3437 443 3546 504 218

281 532 442 590 mm
466 538 492 568 ι
521 530 577 585 εη
615 529 702 585 die
736 529 1065 622 depositionis
1085 530 1348 622 defuncti,
1375 530 1526 604 (682)
1560 532 1660 587 sive
1688 533 1857 600 tertio,
1886 532 1940 595 Α
1962 537 2305 605 sempiterna,
2334 544 2411 605 ut,
2441 540 2751 601 mortalibus
2776 543 2999 607 nexibus
3032 550 3307 622 expeditas
3326 553 3418 614 lux
3450 573 3544 617 eas

754 604 966 672 septimo
999 603 1369 673 trigesimoque.

341 694 582 759 Adesto.
627 693 854 751 Domine
882 736 897 761 ,
951 710 1275 765 quaesumus,
1318 712 1413 765 pro
1459 698 1634 753 anima
1680 697 1860 756 famuli

268 786 344 842 tui
371 785 498 854 111.,
550 785 704 856 cujus
749 785 817 840 in-
849 786 1182 856 depositione
1223 802 1317 843 sua
1352 788 1586 843 ofﬁcium
1618 804 1856 847 comme-

263 881 586 938 morationis
618 880 1001 951 impendimus,
1024 890 1085 937 ut
1106 883 1150 936 si
1180 882 1354 954 aliqua
1383 885 1431 940 ei
1455 886 1725 941 siccularis
1747 901 1858 942 ma-

257 973 379 1029 cula
410 973 663 1039 inhaesit,
696 982 788 1029 aut
815 973 1003 1030 vilium
1034 974 1305 1032 mundiale
1331 976 1547 1044 infecit,
1580 978 1721 1033 dono
1752 988 1856 1036 tua:

256 1064 478 1135 pietatis
520 1064 837 1137 indulgeas,
892 1072 947 1122 et
992 1076 1261 1138 extergas.
1310 1069 1414 1124 Per
1440 1069 1721 1125 Dominum
1753 1085 1853 1126 no-

195 1138 207 1209 ξ
253 1163 452 1211 strum.

324 1248 472 1303 Atia.
491 1246 901 1315 -—Qutesumus
921 1287 937 1313 ,
970 1249 1194 1305 Domine
1217 1294 1232 1320 ,
1266 1249 1464 1306 famulo
1490 1259 1583 1307 tuo
1611 1251 1729 1321 111.,
1761 1267 1853 1310 cu-

249 1337 340 1409 jus
364 1339 588 1394 tertium
611 1380 628 1403 ,
672 1340 750 1394 vet
776 1341 1061 1409 septimum
1090 1343 1193 1397 sive
1218 1343 1543 1414 trigesimum
1570 1345 1744 1401 obitus
1767 1348 1850 1403 sui

249 1429 395 1486 diem
447 1445 936 1487 commemoramus
967 1476 983 1504 ,
1039 1444 1346 1491 sanctorum
1416 1444 1626 1492 tuorum
1691 1448 1851 1509 atque

250 1523 551 1579 electorum
603 1523 801 1594 largire
842 1526 1172 1581 consortium
1200 1568 1214 1593 ,
1266 1536 1320 1582 et
1355 1541 1533 1584 rorem
1562 1529 1611 1584 ei
1642 1530 1850 1587 miseri-

247 1614 452 1671 cordiae
483 1622 590 1671 tua:
616 1630 908 1684 perennem
935 1617 1174 1676 infunde.
1208 1618 1329 1674 Per.

320 1706 497 1777 Super
526 1707 723 1763 oblata.
746 1738 817 1749 —
838 1708 1060 1778 Adesto,
1095 1709 1339 1776 Domine,
1370 1711 1846 1783 supplicationibus

246 1800 480 1865 nostris;
510 1810 566 1856 et
609 1800 752 1856 hanc
782 1802 1126 1871 oblationem,
1158 1820 1317 1875 quam
1350 1805 1445 1861 tibi
1472 1806 1751 1863 offerimus
1772 1808 1843 1864 ob

1963 637 2165 685 aeterna
2189 630 2477 699 possideat.
2503 632 2627 689 Per.

2034 718 2204 789 Super
2233 721 2426 776 oblata.
2455 752 2526 764 —
2548 725 2758 783 Hostias
2784 728 2901 798 tibi,
2929 731 3176 802 Domine,
3220 737 3410 795 humili
3430 742 3543 812 pla-

1959 812 2173 867 catione
2187 812 2477 871 deferimus
2499 857 2514 883 ,
2552 825 2611 872 ut
2638 820 2829 877 animae
2858 823 3177 883 famulorum
3207 829 3543 892 famularum-

1958 918 2062 961 aue
2090 913 2302 961 tuarum
2332 922 2427 977 per
2456 910 2571 965 haec
2600 912 2910 980 placationis
2935 917 3105 975 ofﬁcia
3152 930 3295 979 tuam
3329 928 3542 984 miseri-

1955 999 2192 1055 cordiam
2223 1013 2639 1069 consequantur.
2682 1007 2804 1063 Per.
3155 1082 3160 1087 .

2026 1094 2106 1147 Aa
2135 1097 2527 1166 Complendum.
2551 1130 2621 1140 —
2643 1101 2920 1159 inveniant
2944 1146 2959 1171 ,
2984 1121 3289 1177 quaesumus
3313 1151 3327 1177 ,
3360 1112 3540 1169 Domi-

1956 1200 2048 1252 ne,
2074 1188 2267 1243 animm
2297 1188 2623 1247 famulorum
2675 1194 3095 1269 famularumque
3131 1208 3336 1256 tuarum
3364 1201 3456 1259 111.
3488 1212 3540 1259 et

1953 1278 2089 1345 111.,
2145 1286 2494 1353 omniumque
2543 1286 2597 1340 in
2644 1286 2855 1343 Christo
2905 1290 3294 1358 quiescentium
3325 1334 3341 1362 ,
3400 1295 3536 1352 lucis

1953 1380 2171 1428 aeternae
2202 1376 2556 1445 consortium,
2582 1378 2671 1448 qui
2702 1380 2755 1433 itt
2787 1379 2884 1435 hac
2911 1380 3030 1438 luce
3059 1384 3219 1452 positi
3248 1393 3394 1443 tuum
3415 1402 3538 1445 cons

1951 1462 2119 1518 secuti
2139 1474 2265 1520 sunt
2289 1477 2708 1526 sacramentum.
2734 1471 2855 1527 Per.

1951 1554 2099 1628 (685)
2128 1555 2157 1595 1)
2190 1573 2385 1614 INCIPIT
2412 1574 2549 1617 onno
2571 1561 2722 1634 (684)
2752 1580 2818 1619 an
2841 1579 3034 1621 saeuos
3064 1580 3287 1627 oeotnes
3311 1587 3532 1631 estvent-

2630 1649 2849 1691 CENDOS.

2020 1719 2405 1794 (685)Majores
2431 1725 2626 1795 gradus
2646 1736 2763 1783 ante
2785 1727 3145 1802 Evangetium,
3168 1748 3388 1789 minores
3418 1750 3535 1791 vero

1948 1823 2060 1882 post
2087 1813 2502 1873 Communionem
2547 1822 2770 1887 dantur;
2817 1830 2862 1876 et
2893 1821 3041 1894 (686)
3086 1825 3303 1880 minores
3331 1827 3534 1897 quidem

242 1891 384 1947 diem
414 1892 772 1963 depositionis
825 1896 1038 1950 tertium
1057 1938 1072 1963 ,
1102 1897 1178 1952 vet
1206 1898 1510 1968 septimum,
1542 1899 1645 1954 sive
1673 1901 1835 1971 trigc-
1864 1914 1915 1976 Β
1944 1903 2227 1963 Dominicis
2276 1909 2452 1964 diebus
2479 1952 2492 1975 ,
2542 1914 2586 1965 si
2637 1930 2837 1968 necesse
2865 1923 2968 1981 est,
2998 1891 3148 1987 (687)
3174 1891 3390 1988 majores
3418 1935 3533 1975 vero

238 1984 439 2041 simum
459 2026 476 2053 ,
506 2000 604 2056 pro
632 1986 809 2042 anima
848 1986 1034 2044 famuli
1067 1987 1188 2057 111.,
1215 1989 1455 2059 placatus
1484 2004 1549 2046 ac
1577 1990 1838 2063 benignus

236 2089 482 2131 assume.

316 2167 605 2237 Prtefatto.
629 2169 865 2225 —'v'ere
912 2170 1128 2241 dignum
1169 2180 1223 2226 et
1259 2171 1464 2240 justum
1494 2181 1599 2242 est,
1629 2188 1841 2244 aequum

237 2271 298 2316 et
328 2262 597 2328 salutare,
628 2278 718 2319 nos
748 2264 845 2319 tibi
872 2279 1089 2335 semper
1119 2274 1173 2322 et
1199 2266 1398 2336 ubique
1433 2270 1629 2337 gratias
1657 2283 1836 2340 agere,

235 2354 479 2411 Domine
507 2364 709 2423 sancte,
744 2356 906 2411 Pater
934 2358 1294 2427 omnipotens,
1319 2368 1521 2415 aeterne
1546 2360 1688 2415 Deus
1705 2400 1719 2425 ,
1744 2376 1840 2429 per

234 2447 513 2504 Christum
537 2448 822 2505 Dominum
851 2458 1117 2506 nostrum.
1143 2451 1247 2508 Per
1275 2466 1435 2522 quem
1460 2452 1604 2507 salus
1629 2454 1834 2519 mttndi,

236 2557 331 2613 per
358 2558 524 2612 quem
551 2546 660 2599 vita
692 2544 992 2614 hominum,
1023 2560 1120 2616 per
1144 2562 1303 2614 quem
1334 2548 1657 2602 resurrectio
1686 2564 1837 2604 mor-

236 2642 473 2692 tuorum.
519 2636 625 2691 Per
668 2637 842 2707 ipsum
891 2646 980 2704 te,
1033 2638 1275 2706 Domine,
1305 2639 1617 2708 suppliciter
1644 2640 1837 2711 depre-

234 2740 443 2795 camur,
474 2737 533 2783 ut
561 2729 755 2783 animae
784 2728 966 2785 famuli
998 2730 1075 2785 tui
1113 2730 1229 2795 111.,
1272 2731 1425 2802 cujus
1450 2732 1591 2787 diem
1622 2732 1833 2803 deposi-

238 2817 392 2874 tionis
418 2820 663 2888 tertium,
687 2822 763 2876 vel
788 2823 1095 2891 septimum,
1116 2824 1218 2878 sive
1239 2824 1567 2894 trigesimum
1592 2826 1834 2882 celebra-

237 2924 371 2978 mus,
403 2912 791 2983 indulgentiam
817 2915 995 2984 largiri
1025 2916 1260 2986 digneris
1292 2925 1623 2986 perpetuam,
1660 2927 1828 2990 atque

233 3003 496 3072 contagiis
527 3004 870 3061 mortalitatis
907 3014 1124 3062 exutam
1167 3007 1222 3062 in
1271 3017 1487 3064 acterna:
1514 3010 1831 3069 salvationis

237 3104 436 3164 partem
472 3097 748 3151 restituas.
792 3096 894 3152 Per
915 3113 1072 3168 quem
1100 3098 1449 3169 Majestatem.

304 3189 470 3260 219
491 3189 572 3242 Ad
600 3188 990 3261 Comptendum.
1021 3221 1091 3232 —
1126 3193 1479 3262 Omnipotens
1501 3198 1827 3266 sempiterne

1945 1994 2001 2049 in
2027 1994 2267 2051 Sabbatis
2310 2001 2579 2054 auodecim
2619 2003 2889 2058 lectionum
2936 2021 3025 2075 per
3061 2016 3279 2077 quatuor
3307 2018 3531 2081 tempora

1944 2090 2317 2144 tantummodo.

2456 2181 2726 2238 Ordinatio
2759 2196 2779 2223 ε
2808 2186 3026 2240 ostiarii.

2012 2268 2166 2340 (688)
2200 2271 2458 2326 Ostiarius
2490 2290 2604 2327 cum
2635 2276 2926 2342 ordinatur,
2973 2290 3239 2349 postquam
3280 2280 3430 2354 (689)
3461 2284 3524 2339 ab

1939 2360 2304 2417 arcltidiacono
2346 2364 2622 2421 instructus
2670 2368 2823 2436 fuerit
2870 2370 3085 2438 qualiter
3133 2372 3187 2425 in
3232 2372 3384 2427 domo
3430 2374 3528 2431 Dei

1939 2453 2102 2524 220
2131 2451 2307 2509 debeat
2326 2456 2615 2511 conversari
2632 2496 2649 2524 ,
2676 2458 2742 2512 ad
2771 2462 3142 2531 suggestionem
3166 2463 3522 2521 archidiaconi

1940 2543 2091 2615 (690)
2113 2546 2284 2600 tradat
2333 2548 2379 2600 ei
2407 2549 2673 2619 episcopus
2706 2551 2868 2607 claves
2897 2553 3119 2608 ecclesiis
3137 2599 3152 2623 ,
3196 2557 3371 2611 dicens
3393 2575 3412 2614 ε
3440 2559 3530 2616 Sic

1937 2646 2036 2703 age
2061 2674 2078 2701 ,
2125 2637 2277 2705 quasi
2327 2638 2633 2695 redditurus
2681 2642 2789 2698 Deo
2822 2645 3091 2701 rationem
3129 2660 3224 2715 pro
3257 2649 3339 2702 his
3369 2650 3528 2707 rebus

1938 2739 2055 2795 qua:
2106 2724 2222 2780 istis
2266 2727 2503 2783 clavibus
2556 2732 2926 2790 recluduntur.
2974 2735 3129 2809 (691)
3160 2737 3226 2792 Et
3266 2741 3434 2795 tradat
3482 2744 3527 2797 ei

1936 2817 2184 2872 diaconus
2214 2821 2400 2874 ostium
2427 2823 2673 2879 ecclesia.

2008 2907 2258 2980 Prwfatio
2281 2913 2729 2984 ostiarii.—-(692)
2758 2915 2921 2970 Deum
2952 2916 3161 2974 Patrem
3189 2922 3520 2991 omnipoten-

1935 3008 2041 3055 tem
2057 3003 2367 3072 suppliciter
2383 3004 2818 3075 deprecemur,ut
2832 3010 2968 3064 ltunc
2982 3010 3235 3067 famulum
3252 3027 3403 3069 suum
3426 3015 3521 3073 111.

1932 3094 2255 3151 benedicere
2278 3097 2547 3167 dignetur,
2573 3115 2728 3170 quem
2755 3101 2807 3155 in
2836 3099 3073 3158 Ofﬁcium
3097 3106 3301 3162 ostiarii
3330 3108 3524 3178 eligere

1933 3186 2181 3257 dignatus
2208 3197 2291 3246 est
2317 3232 2333 3258 ,
2385 3200 2442 3246 ut
2469 3194 2537 3247 sit
2584 3192 2631 3246 ei
2665 3192 2971 3249 ﬁdelissima
3004 3210 3130 3251 cura
3159 3196 3212 3252 in
3241 3198 3429 3254 diebus
3456 3216 3520 3256 ac

241 3276 397 3347 Deus,
422 3279 694 3335 collocare
737 3281 960 3351 dignare
986 3298 1181 3353 corpus
1206 3292 1261 3340 et
1287 3285 1520 3341 animam
1545 3286 1723 3342 [διηυιὶ
1751 3288 1826 3344 tui
1853 3278 1899 3340 C
1932 3280 2203 3347 noctibus,
2235 3281 2389 3353 (695)
2421 3283 2489 3338 ad
2533 3284 2931 3341 distinctionem
2972 3286 3223 3344 horarum
3255 3299 3519 3348 certarum

240 3370 354 3443 111.,
385 3374 541 3445 cujus
573 3376 713 3431 diem
742 3377 1093 3447 depositionis
1124 3380 1362 3446 tertium,
1398 3389 1487 3434 aut
1516 3382 1823 3451 septimum,

239 3470 312 3523 eet
360 3470 736 3540 trigesimum,
787 3471 1169 3544 celebramus,
1218 3473 1271 3527 in
1321 3473 1525 3529 sinibus
1577 3475 1824 3543 Abrahae,

240 3557 377 3615 Isaac
408 3571 465 3618 et
506 3561 674 3618 Jacob
700 3604 714 3627 ,
755 3572 814 3618 ut
860 3578 979 3620 cum
1005 3564 1121 3619 dies
1147 3560 1434 3634 agnitionis
1465 3572 1570 3621 tute
1593 3566 1823 3635 venerit,

240 3651 373 3709 inter
411 3664 631 3710 sanctos
673 3663 728 3711 et
773 3655 976 3713 electos
1006 3666 1128 3713 tuos
1156 3672 1278 3713 eum
1306 3658 1610 3715 resuscitari
1642 3660 1827 3729 praeci-

242 3742 369 3811 pias.
409 3744 514 3800 Per
536 3745 825 3801 Dominum
852 3757 1120 3804 nostrum.

488 3836 655 3892 Missa
684 3840 735 3891 in
756 3840 1103 3895 anniversario
1131 3842 1284 3896 unius
1302 3842 1551 3913 defuncti.

306 3927 504 3985 Prazsta
530 3968 548 3995 ,
580 3929 811 3986 Domine
832 3973 847 3998 ,
879 3948 1206 4002 quaesumus,
1238 3941 1296 3987 ut
1325 3934 1501 3989 anima
1540 3932 1721 3989 famuli
1751 3933 1827 3989 tui

243 4017 352 4087 111.,
385 4021 539 4091 cujus
563 4023 989 4079 anniversarium
1019 4024 1373 4094 depositionis
1402 4026 1542 4082 diem
1580 4027 1826 4083 celebra-

241 4126 369 4181 nus,
400 4116 485 4171 his
512 4126 739 4187 purgata
766 4116 1047 4171 sacriﬁciis
1075 4160 1088 4183 ,
1119 4119 1504 4189 indulgentiam
1540 4121 1744 4189 pariter
1773 4128 1827 4176 et

242 4208 464 4278 requiem
499 4209 682 4279 capiat
711 4208 1121 4278 sempiternam.
1166 4208 1270 4266 Per
1299 4211 1605 4268 Dominum.

303 4300 474 4370 Super
502 4301 694 4355 oblata.
718 4330 789 4342 —
810 4301 1140 4371 Propitiare,
1174 4302 1397 4358 Domine
1418 4342 1435 4369 ,
1474 4304 1819 4374 supplicatio-

243 4391 388 4447 nibus
419 4393 621 4448 nostris
644 4408 740 4462 pro
770 4393 945 4448 anima
968 4403 1022 4449 et
1053 4394 1241 4462 Spiritu
1264 4392 1445 4449 famuli
1474 4396 1546 4449 tui
1570 4394 1687 4461 111.,
1726 4412 1818 4451 cu-

241 4482 319 4552 jus
345 4484 509 4540 hodie
537 4499 714 4540 annua
762 4485 879 4542 dies
917 4486 1111 4557 agitur,
1146 4500 1243 4555 pro
1278 4500 1381 4555 qua
1412 4486 1508 4541 tibi
1537 4487 1813 4544 offerimus

243 4576 553 4632 sacriﬁcium
581 4576 771 4643 laudis,
801 4586 860 4631 ut
885 4592 1002 4633 eam
1023 4588 1330 4635 sanctorum
1362 4589 1575 4636 tuorum
1603 4596 1823 4639 consor-

244 4667 309 4721 tio
331 4668 540 4725 sociare
566 4667 824 4740 digneris.
866 4668 967 4724 Per
996 4671 1303 4727 Dominum.

303 4763 378 4816 Ad
407 4762 803 4833 Comptendum.
827 4791 899 4803 —
917 4763 1141 4833 Suscipe
1165 4805 1180 4829 ,
1204 4762 1469 4832 Domine;
1501 4779 1687 4836 preces
1716 4779 1817 4821 no-

243 4859 390 4921 stras,
418 4869 519 4924 pro
547 4855 726 4909 anima
748 4853 933 4909 famuli
959 4856 1035 4909 tui
1061 4853 1153 4909 ιιι.
1177 4896 1192 4919 ,
1218 4864 1275 4911 ut
1300 4856 1344 4911 si
1368 4872 1488 4928 quae
1517 4858 1570 4914 ei
1596 4857 1820 4913 maculat

244 4943 303 4999 de
347 4946 579 5002 terrenis
625 4946 888 5017 contagiis
930 4946 1306 5016 adhaeserunt,
1356 4949 1689 5007 remissionis
1716 4958 1822 5004 tua:

244 5038 471 5095 remedio
496 5039 798 5095 deleantur.

550 5132 718 5189 Missa
746 5135 1089 5204 plurimorum
1116 5134 1498 5196 defunctorum.

306 5225 619 5298 Propitiare,
646 5240 977 5297 quaesumus,
996 5227 1246 5299 Domine,
1277 5228 1559 5283 animabus
1588 5227 1821 5283 famulo-

248 5332 350 5373 rum
375 5318 819 5389 famularumque
856 5328 1066 5375 tuarum
1120 5320 1216 5374 111.
1257 5329 1307 5375 et
1331 5321 1425 5378 111.
1456 5320 1823 5377 misericordia

309 5483 333 5511 ⁸
372 5477 496 5532 Haec
541 5478 653 5532 fere
683 5476 880 5531 habent
916 5476 1021 5531 duo
1055 5475 1260 5532 Theod.
1305 5474 1480 5545 quoad
1507 5473 1737 5540 titulum,
1769 5480 1826 5528 at

246 5546 459 5603 diversae
490 5551 709 5602 omnino
740 5557 861 5602 sunt
889 5548 1168 5601 Orationes
1188 5556 1242 5601 et
1268 5547 1537 5601 Przefatio.

308 5618 333 5657 δ
375 5620 573 5673 Eadem
603 5619 851 5688 leguntur
878 5619 1132 5684 deinceps
1161 5619 1214 5671 in
1247 5618 1385 5671 Edtt.
1420 5616 1587 5688 Vatic.
1615 5624 1671 5671 et
1692 5615 1824 5671 Gus-

247 5691 426 5745 sanvil.
471 5692 572 5758 Qui
607 5692 757 5755 plura
772 5692 840 5744 de
870 5689 970 5745 hoc
999 5699 1311 5755 argumento
1341 5687 1598 5751 voluerit,
1629 5701 1824 5742 consu-

245 5758 315 5815 lat
335 5773 585 5827 nostrum,
603 5762 762 5821 Edm.
787 5760 1029 5830 (Martene
1054 5762 1121 5816 de
1146 5760 1391 5830 Antiquis
1419 5759 1563 5814 Eccl.
1590 5758 1821 5825 Ritibus,

248 5846 354 5913 cap.
384 5833 438 5897 8,
461 5831 531 5888 de
566 5825 793 5913 ﬁitibus:
827 5831 902 5913 ad_
922 5825 1316 5913 sacramentum
1344 5830 1823 5913 ordinissPectan-

249 5902 400 5971 tibus,
419 5911 525 5960 art.
561 5904 625 5961 li
656 5943 673 5973 ,
701 5902 791 5960 ubi
818 5904 1038 5965 exhibet
1060 5901 1133 5960 25
1158 5902 1377 5960 ordines
1405 5917 1471 5959 ex
1500 5902 1654 5959 libris
1681 5915 1813 5959 mss.

1934 3370 2003 3425 ad
2049 3370 2410 3429 invocandum
2461 3390 2655 3431 nomen
2706 3377 2949 3445 Domini,
2978 3379 3265 3449 adiuvante
3297 3382 3521 3439 Domino

1932 3470 2118 3518 nostro
2145 3462 2271 3519 Jesu
2296 3464 2529 3535 Christo,
2563 3466 2649 3537 qui
2677 3482 2798 3523 cum
2825 3484 2889 3524 eo
2920 3470 3049 3525 vivit
3075 3481 3128 3528 et
3156 3484 3341 3543 regnat
3377 3475 3521 3531 Deus

1933 3552 1986 3607 itt
2014 3554 2217 3610 unitate
2246 3555 2477 3624 Spiritus
2517 3558 2728 3626 sancti,
2776 3573 2871 3630 per
2899 3561 3081 3615 omnia
3122 3564 3317 3619 saecula
3346 3579 3519 3621 saecu-
3610 3619 3616 3625 .

1932 3646 2127 3701 lorum.
2166 3645 2359 3703 Amen.

2004 3737 2152 3807 (694)
2184 3736 2477 3793 Benedictio
2498 3716 2745 3810 eﬁtsaem.
2779 3766 2850 3777 -—
2876 3739 3098 3795 Domine
3122 3748 3323 3807 sancte,
3355 3740 3515 3799 Pater

1930 3832 2293 3899 omnipotens,
2345 3841 2546 3887 aeterne
2573 3833 2734 3899 Deus,
2767 3832 3088 3891 benedicere
3120 3833 3354 3903 digneris
3380 3833 3521 3890 hunc

1929 3921 2184 3978 famulum
2231 3934 2418 3996 tuum,
2471 3923 2566 3979 111.
2596 3926 2916 3997 ostiarium,
2970 3937 3030 3983 ut
3076 3930 3215 3985 inter
3260 3928 3520 3997 ianitores

1932 4014 2186 4071 Ecclesiae
2217 4015 2368 4088 (695)
2394 4030 2545 4088 paret
2573 4018 2828 4089 obsequia
2854 4060 2869 4087 ,
2910 4028 2964 4075 et
2990 4019 3130 4075 inter
3168 4021 3370 4076 electos
3401 4031 3519 4078 tuos

1928 4118 2134 4177 partem
2184 4119 2287 4164 tuae
2327 4118 2599 4167 mereatur
2637 4110 2837 4168 habere
2879 4112 3166 4169 mercedis.
3207 4113 3311 4170 Per
3333 4114 3518 4170 Domi-

1928 4216 2057 4256 num
2088 4211 2352 4259 nostrum.

2454 4294 2730 4351 Ordinatio
2758 4299 2983 4353 lectorts.

2004 4384 2154 4458 (696)
2211 4386 2397 4442 Lector
2441 4405 2557 4443 cum
2596 4391 2888 4460 ordinatur,
2943 4392 3099 4462 faciat
3144 4390 3296 4465 (697)
3337 4394 3400 4447 de
3424 4394 3516 4449 illo

1924 4478 2127 4534 verbum
2176 4480 2442 4551 episcopus
2486 4482 2553 4535 ad
2589 4483 2806 4553 plebem,
2847 4484 3081 4538 indicans
3129 4486 3242 4554 ejus
3273 4484 3425 4553 [idem
3455 4502 3516 4540 ac

1925 4573 2117 4638 vitam,
2167 4582 2316 4643 atque
2358 4575 2653 4644 ingenium;
2700 4582 2813 4645 post
2862 4575 3006 4641 Ittec,
3050 4574 3507 4646 spectanteplebe,

1843 4681 1899 4741 Ῑ)
1927 4665 2073 4738 (698)
2104 4672 2276 4720 tradat
2311 4667 2356 4720 ei
2381 4665 2649 4733 Codicent,
2680 4667 2744 4720 de
2765 4666 2914 4737 (699)
2945 4683 3044 4736 quo
3076 4666 3292 4721 lecturus
3311 4668 3399 4735 sit,
3434 4669 3513 4721 di-

1926 4775 2043 4813 cens
2068 4773 2088 4813 .'
2602 4808 2615 4825 ,

2001 4849 2150 4922 (700)
2184 4849 2397 4920 Accipe,
2426 4858 2478 4904 et
2506 4858 2624 4905 esto
2654 4848 2802 4906 verbi
2829 4848 2922 4903 Dei
2953 4849 3169 4915 relator,
3201 4849 3502 4917 habiturus,

1928 4943 1973 4999 si
2005 4942 2239 4998 ﬁdeliter
2285 4951 2338 4997 et
2388 4941 2587 4997 utiliter
2635 4940 2940 5014 impleveris
2983 4938 3256 5009 ofﬁcium,
3310 4950 3511 5011 partem

1929 5052 2050 5092 cum
2087 5036 2170 5091 Itis
2211 5037 2302 5107 qui
2349 5034 2569 5091 verbum
2598 5034 2695 5091 Dei
2721 5034 3190 5099 ministraverunt;
3227 5035 3429 5106 eligunt
3459 5047 3511 5091 te

1929 5128 2125 5183 fratres
2151 5128 2225 5182 tui
2256 5136 2311 5181 ut
2338 5127 2413 5181 sis
2440 5127 2607 5181 lector
2635 5128 2688 5180 in
2717 5125 2878 5181 domo
2904 5125 2995 5182 Dei
3027 5125 3103 5180 tui
3129 5167 3143 5192 ,
3182 5136 3234 5182 et
3257 5140 3510 5197 agnoscas

1929 5220 2165 5276 ofﬁcium
2215 5227 2400 5285 tuum,
2442 5227 2496 5274 et
2542 5219 2767 5287 impleas
2812 5217 2970 5286 illud;
3021 5228 3209 5289 potens
3249 5228 3330 5275 est
3367 5217 3507 5273 enim

1930 5311 2072 5367 Deus
2096 5318 2155 5365 ut
2182 5317 2375 5379 augeat
2400 5308 2496 5364 tibi
2518 5307 2764 5380 gratiam.

1932 5468 2278 5542 potissimum
2328 5476 2650 5542 excerptas,
2724 5467 2916 5537 quibus
2940 5464 3184 5542 _d_oce‘tur
3236 5465 3505 5542 quomodo

1935 5534 2186 5616 Ecclesiae
2212 5539 2441 5616 ministri
2474 5534 2788 5616 ordinentur
2821 5536 3230 5616 apudﬂLatinps,
3262 5534 3503 5616 graecos,

1929 5604 2219 5666 Maronitas
2244 5654 2260 5678 ,
2305 5610 2468 5681 Syros
2512 5604 2900 5678 Negtorianos',
2944 5606 3109 5675 Syros
3136 5604 3420 5674 Jacohitas,
3452 5604 3502 5668 et

1930 5682 2312 5757 Eutycltiattos,
2342 5697 2404 5736 ac
2430 5683 2686 5757 fioplttas.
2857 5747 2871 5757 _
3025 5745 3036 5757 .

2002 5745 2214 5829 c'HPcne
2246 5745 2355 5807 haec
2385 5745 2561 5829 omnia
2603 5757 2812 5829 exstant
2855 5747 2910 5801 iu
2960 5745 3498 5829 primo_Theo.d.,nubi

1928 5825 2144 5881 mutilus
2190 5839 2297 5878 non
2344 5834 2466 5889 est;
2520 5824 2711 5895 legitur
2760 5830 2937 5875 tamen
2981 5817 3037 5874 in
3090 5816 3317 5890 plurali;
3371 5818 3493 5882 0rd;

1925 5898 2194 5965 lectorum,
2216 5905 2611 5963 exorcestarum,
2636 5904 2740 5948 etc.
3010 5924 3013 5925 ν
