4042 6350
549 417 651 478 219

1759 406 2002 466 SANC'I'I
2039 405 2370 462 GREGORH
2410 406 2552 464 MAG
2562 410 2626 466 Nl

3721 414 3815 472 230

619 535 912 593 Benedictio
934 532 1155 590 lectoris.
1178 529 1424 604 —-'(701)
1463 529 1691 586 Domine
1733 537 1952 592 sancte,
1980 528 2138 582 Pater
2164 526 2385 590 Atatus
2413 532 2625 598 renuit,
2666 532 2922 603 quaesitus
2963 533 3192 603 refugit,
3237 534 3406 590 sacris
3441 543 3529 591 est
3566 535 3819 596 altaribus

547 633 923 700 omnipotens,
973 636 1172 681 aeterne
1219 623 1399 689 Deus,
1446 621 1764 678 benedicere
1803 618 2036 689 digneris
2057 618 2135 674 fa-

548 723 751 780 mulum
781 729 932 776 tuum
982 719 1122 773 hunc
1172 718 1226 772 in
1253 717 1483 772 ofﬁcium
1520 713 1737 771 lectoris
1768 753 1782 779 ,
1825 723 1882 768 ut
1908 713 2133 768 assidui-

552 825 663 871 tate
683 814 997 878 lectionum,
1025 811 1175 883 (702)
1194 811 1471 866 distinctus
1490 819 1646 880 atque
1667 807 1819 879 (703)
1836 808 2130 876 ordinatus,

549 918 606 964 et
636 907 839 978 agenda
872 905 1043 969 dicat,
1075 912 1126 959 et
1158 903 1296 958 dicta
1325 916 1487 972 opere
1517 901 1804 970 compleat,
1827 901 1961 957 etin
1985 912 2136 957 utro-

551 1016 656 1072 que
687 1007 886 1054 sanctae
915 994 1171 1052 Ecclesiae
1198 993 1457 1051 consulat.
1489 992 1593 1050 Per
1616 993 1917 1048 Dominum.

1047 1085 1320 1141 Ordinatio
1350 1086 1633 1140 exorcislw.

614 1182 768 1256 (704)
800 1181 1066 1237 Exoreista
1088 1221 1104 1248 ,
1149 1195 1265 1233 cum
1296 1179 1454 1250 (705)
1483 1180 1772 1246 ordinatur,
1829 1178 2047 1245 accipiat
2075 1177 2138 1232 de

543 1294 701 1332 manu
729 1276 954 1348 episcopi
985 1272 1211 1328 libellum
1232 1313 1248 1341 ,
1275 1273 1330 1326 in
1357 1289 1454 1341 quo
1485 1273 1665 1341 scripti
1701 1279 1821 1327 sunt
1847 1270 2136 1338 exorcismi,

544 1373 746 1426 dicente
775 1371 870 1424 sibi
900 1370 1155 1440 episcopo.

617 1465 770 1534 (706)
818 1463 1016 1532 Accipe
1043 1502 1057 1527 ,
1107 1469 1163 1518 et
1201 1458 1518 1515 commenda
1564 1457 1862 1540 memoriae,
1905 1466 1959 1514 et
1986 1457 2140 1532 (707)

547 1559 748 1614 habeto
775 1563 1096 1628 potestatem
1129 1550 1439 1624 imponendi
1473 1565 1685 1606 manum
1728 1566 1891 1622 super
1913 1566 2140 1623 encrgu-

543 1666 785 1716 menum,
814 1651 929 1704 sive
961 1650 1308 1718 baptizatum,
1336 1649 1450 1703 sive
1476 1649 1942 1703 catechumenum.

615 1740 766 1810 (708)
811 1739 1060 1812 Prwfatio
1104 1741 1391 1794 exorcistos.
1425 1730 1504 1780 ’--
1541 1740 1691 1810 (709)
1735 1741 1903 1794 Deum
1929 1739 2140 1794 l’atrem

548 1835 972 1905 omnipotentem
1005 1833 1277 1902 supplices
1303 1833 1675 1902 deprecemur,
1718 1839 1775 1886 ut
1804 1832 1944 1885 hunc
1972 1833 2132 1885 famw

2238 619 2391 693 (79.6)
2435 631 2459 656 τι
2488 625 2876 690 removendus,
2928 626 3006 680 sic
3047 626 3137 697 qui
3173 626 3318 682 ultro
3359 628 3557 694 ambit,
3604 629 3689 686 vel
3730 633 3821 686 iut-

2235 722 2533 783 portunnm
2571 731 2636 804 se
2669 718 2898 788 ingerit,
2933 728 3015 774 est
3045 720 3229 789 procul
3261 718 3422 775 dubio
3447 721 3820 792 repellendus;

2212 821 2363 862 .nam
2394 809 2482 878 qui
2517 809 2702 863 nititur
2745 809 2809 863 ad
2851 810 3040 866 altiora
3082 813 3480 878 conscendere,
3523 812 3650 883 quid
3690 814 3821 884 agit,

2239 899 2341 954 nisi
2397 907 2455 954 ut
2505 901 2796 957 crescendo
2844 901 3167 959 decrescat?
3217 905 3329 959 Cur
3386 919 3492 960 non
3547 907 3825 975 perpendit

2240 993 2363 1062 quia
2407 992 2713 1049 benedictio
2757 995 2832 1048 illi
2877 996 2930 1050 in
2974 996 3318 1052 maledictum
3364 998 3716 1064 convertitur,
3743 1001 3824 1068 qui

2239 1087 2307 1144 ad
2337 1089 2438 1144 hoc
2471 1097 2528 1143 ut
2556 1090 2647 1144 ﬁat
2675 1089 2958 1146 haereticus
2989 1089 3376 1160 promovetur?

2315 1179 2468 1250 (727)
2515 1179 2877 1236 Subdiaconus
2916 1198 3029 1234 cum
3058 1183 3347 1248 ordinatur,
3377 1186 3498 1252 quia
3524 1197 3707 1236 manus
3733 1181 3825 1235 im-

2241 1269 2542 1340 positionem
2585 1285 2686 1324 non
2723 1271 2942 1341 accipit,
2975 1270 3130 1344 (728)
3157 1281 3398 1342 patenum
3428 1271 3490 1326 de
3518 1278 3675 1327 manu
3701 1273 3827 1344 epis-

2241 1363 2358 1430 c0pi
2386 1363 2606 1433 accipiat
2634 1378 2886 1430 uacuam,
2919 1371 2968 1418 et
3019 1365 3227 1418 calicem
3268 1379 3524 1420 uacuum:
3568 1368 3632 1422 de
3675 1381 3829 1421 manu

2242 1456 2592 1511 archidiaconi
2622 1457 2837 1525 accipiat
2867 1455 3016 1528 (7‘29)
3040 1460 3303 1513 urceolum
3342 1475 3456 1513 cum
3483 1455 3638 1531 (750)
3670 1475 3825 1530 aqua-

2249 1549 2462 1613 manili,
2509 1565 2572 1601 ac
2620 1548 2776 1620 (731)
2819 1551 3223 1621 manutergium.
3270 1543 3587 1605 Exhibeatu‘r
3623 1551 3680 1605 in
3713 1567 3831 1606 con-

2243 1646 2416 1706 spectu
2457 1639 2684 1711 episcopi
2723 1649 2910 1708 putena
2949 1648 2996 1694 et
3036 1641 3172 1694 calix
3209 1655 3433 1706 vacuus,
3464 1651 3509 1696 et
3552 1643 3697 1697 dicat
3724 1643 3831 1713 epi-

2245 1743 2430 1797 scopus
2462 1744 2480 1781 :

2317 1819 2475 1891 (752)
2521 1819 2693 1885 Vide,
2737 1822 2890 1890 cuius
2933 1821 3299 1878 ministerium
3337 1822 3433 1877 tibi
3475 1822 3742 1888 traditur;
3785 1834 3834 1882 et

546 1927 656 1984 lum
691 1941 844 1980 suum
874 1923 968 1980 Ill.
1000 1924 1314 1980 benedicere
1346 1925 1594 1994 dignetur
1629 1925 1681 1978 in
1717 1923 1949 1978 ofﬁcium
1983 1939 2139 1980 exor-

2253 1912 2366 1966 ideo
2425 1914 2468 1967 si
2527 1928 2698 1984 usque
2756 1929 2898 1970 nunc
2944 1915 3094 1971 fuisti
3141 1917 3331 1972 tardus
3377 1917 3445 1971 ad
3497 1917 3833 1986 Ecclesium,

546 2023 697 2077 cista:
725 2041 734 2074 :
769 2031 827 2076 ut
871 2023 942 2075 sit
977 2020 1228 2090 Spiritalis
1258 2020 1550 2090 imperator
1576 2020 1646 2076 ad
1669 2019 2003 2091 abjiciendos
2033 2023 2142 2076 dae—

549 2128 738 2169 mones
785 2113 853 2168 de
900 2112 1216 2182 corporibus
1257 2112 1534 2180 obsessis,
1581 2128 1706 2169 cum
1731 2114 1878 2169 omni
1907 2112 2142 2184 nequitia

545 2221 733 2262 eorum
783 2204 1142 2273 multiformi,
1193 2204 1478 2274 adjuvante
1515 2206 1740 2262 Domino
1788 2213 1974 2262 nostro
2012 2205 2142 2261 Jesu

549 2298 778 2355 Christo.
831 2299 932 2365 Qui
961 2313 1081 2354 cum
1122 2313 1188 2355 eo
1227 2298 1360 2354 vivit
1385 2305 1442 2353 et
1467 2310 1657 2369 regnat
1686 2298 1827 2354 Deus
1854 2299 1908 2352 in
1940 2298 2142 2353 unitate

541 2392 781 2459 Spiritus
807 2391 995 2446 saneti.

619 2486 775 2556 22],
804 2482 1098 2538 Benedictio
1127 2482 1485 2537 cxorcistaz.—-
1506 2481 1654 2552 (710)
1680 2482 1904 2537 Domine
1933 2490 2139 2547 sancte,

551 2576 712 2632 Pater
742 2576 1099 2645 omnipotens,
1141 2584 1341 2631 aeterne
1365 2575 1527 2640 Deus,
1555 2575 1878 2630 benedicere
1902 2574 2142 2645 digneris

547 2668 690 2724 hunc
716 2664 974 2722 famulum
1007 2676 1153 2722 tuum
1186 2666 1276 2722 Ill.
1310 2669 1366 2722 in
1393 2667 1627 2724 ofﬁcium
1651 2668 1956 2738 exorcistae,
1990 2679 2044 2724 et
2075 2669 2143 2723 ad

559 2758 954 2828 impositionem
986 2773 1238 2813 manuum
1269 2767 1323 2814 et
1364 2759 1474 2814 oris
1511 2759 1746 2814 ofﬁcium
1785 2775 1906 2814 eum
1944 2759 2146 2829 eligere

555 2850 830 2922 digneris,
868 2861 923 2906 ut
954 2852 1239 2921 imperium
1293 2851 1483 2906 habeat
1524 2851 1674 2920 (71·1)
1719 2852 1997 2928 spirituum
2039 2853 2143 2907 im-

556 2944 879 2998 mundorum
930 2941 1350 2999 coercendorum
1376 2982 1392 3009 ,
1438 2951 1495 2997 et
1538 2942 1689 3012 (712)
1744 2942 2030 3010 probabilis
2073 2947 2146 2998 sit

551 3035 793 3091 medicus
822 3035 1077 3091 Ecclesiae
1098 3075 1114 3102 ,
1146 3034 1296 3106 (715)
1325 3035 1510 3105 gratiae
1558 3034 1890 3089 curationum
1947 3038 2146 3092 virtute

549 3125 916 3182 conﬁrmatus.
951 3127 1054 3182 Per
1085 3125 1394 3182 Dominum.

1074 3216 1350 3271 Ordinatio
1379 3216 1623 3287 acolythi.

620 3310 770 3382 (714)
810 3311 1109 3384 Acolythus,
1140 3329 1256 3366 cum
1286 3313 1578 3379 ordinatur,
1610 3311 1760 3382 (715)
1803 3314 2032 3385 primum
2079 3316 2140 3370 ab
2171 3306 2217 3369 C

547 3404 784 3475 episcopo
824 3407 1067 3459 doceatur
1094 3404 1314 3475 qualiter
1343 3407 1394 3458 in
1426 3406 1586 3475 o/[icio
1613 3408 1706 3458 suo
1734 3421 1885 3475 agere
1923 3407 2102 3462 debeat
2126 3426 2144 3473 ;

551 3494 641 3548 sed
680 3494 832 3566 (71(5)
868 3495 933 3550 ab
963 3495 1327 3550 arcltidiacano
1364 3495 1585 3565 accipiat
1624 3499 1986 3566 ceroferariunt
2027 3516 2142 3553 cum

552 3597 730 3650 aereo,
759 3593 815 3638 ut
843 3591 971 3639 sciat
999 3602 1053 3640 se
1079 3585 1146 3640 ad
1182 3587 1328 3654 (717)
1364 3587 1695 3640 accendenda
1725 3588 1951 3643 ecclesia:
1982 3590 2142 3646 lumi-

552 3678 705 3731 naria
732 3681 1049 3750 mancipari,
1079 3679 1230 3750 (718)
1262 3683 1335 3734 ita
1365 3681 1710 3736 sibiﬂlicente.

625 3770 782 3842 (719)
812 3771 1053 3843 Accipite
1082 3773 1185 3828 hoc
1214 3773 1560 3844 gestatorium
1589 3774 1836 3844 luminis,
1871 3784 1929 3830 ut
1960 3790 2053 3846 per
2084 3775 2144 3828 il-

549 3863 642 3920 lud
675 3866 899 3922 valeatis
928 3865 1364 3922 adversariorum
1396 3869 1649 3924 tenebras
1677 3867 1940 3938 eﬁ‘ugarc,
1974 3877 2028 3924 et
2057 3884 2147 3923 ve-

553 3954 826 4012 rissimum
870 3958 1088 4028 lumen,
1131 3957 1271 4026 quod
1314 3957 1580 4013 illuminat
1617 3973 1830 4012 omnem
1873 3957 2145 4014 hominem

560 4050 868 4105 venientem
901 4052 953 4107 in
986 4052 1281 4120 mundum,
1315 4051 1543 4109 fideliter
1575 4049 1835 4108 invenire.

630 4138 783 4208 (720)
814 4139 1054 4209 Accipiat
1082 4151 1136 4198 et
1167 4144 1444 4201 urceolum
1477 4159 1702 4199 vacuum
1737 4143 1890 4216 (7'21)
1919 4144 1983 4199 ad
2021 4143 2144 4201 fun-

554 4226 789 4283 dendum
823 4229 976 4300 (722)
1007 4233 1189 4289 vinum
1221 4235 1273 4289 in
1307 4237 1641 4292 Eucharistia
1670 4238 1930 4307 corporis.

627 4313 924 4376 Benedictio
951 4324 1202 4394 acolythi.
1235 4354 1307 4365 —
1336 4328 1488 4397 (725)
1535 4326 1885 4399 Omnipotens
1940 4327 2144 4396 sempi-

554 4422 706 4470 terne
735 4415 912 4482 Deus,
947 4416 1066 4474 fons
1097 4417 1264 4485 lucis,
1307 4429 1359 4475 et
1398 4421 1551 4492 origo
1591 4422 1876 4488 bonitatis,
1919 4421 2008 4492 qui
2046 4403 2152 4490 per.

556 4504 742 4560 Jesum
772 4505 1047 4561 Christum
1079 4507 1276 4564 Filium
1310 4519 1494 4577 tuum,
1526 4511 1703 4567 lumen
1734 4526 1952 4580 verum,
1984 4528 2144 4568 mun-

555 4597 685 4654 dum
727 4597 1079 4668 illuminasti,
1125 4601 1351 4671 ejusque
1394 4603 1654 4671 passionis
1697 4603 1953 4674 mysterio
1991 4604 2144 4661 rede-

2247 2006 2442 2061 amodo
2472 2005 2638 2062 debes
2670 2022 2790 2062 esse
2820 2009 3067 2064 assiduus
3094 2026 3106 2076 ;
3137 2009 3181 2064 si
3223 2024 3390 2080 usque
3432 2021 3576 2065 ncnc
3617 2025 3837 2067 somno-

2247 2097 2424 2152 lentus
2445 2137 2461 2164 ,
2492 2097 2688 2152 amodo
2713 2099 2839 2168 vigil
2867 2117 2880 2165 ;
2912 2100 2956 2153 si
2984 2113 3153 2168 usque
3179 2115 3321 2155 nunc
3343 2101 3619 2170 ebriosus,
3649 2100 3840 2157 amodo

2251 2189 2503 2255 sobrius;
2536 2189 2582 2244 si
2613 2204 2782 2259 usque
2828 2204 2971 2245 nunc
3012 2190 3364 2257 inhonestus,
3405 2193 3600 2248 amodo
3636 2207 3838 2250 casws.

2247 2279 2564 2335 Oblationes
2591 2295 2713 2351 quae
2738 2283 2963 2336 veniunt
2985 2282 3040 2336 in
3069 2282 3240 2338 altare
3268 2297 3434 2352 panes
3459 2286 3840 2354 pr0positionis

2246 2371 2612 2442 appellantur.
2643 2372 2723 2428 De
2754 2374 2884 2443 ipsis
2929 2373 3295 2429 oblationibus
3338 2383 3545 2430 tantum
3583 2376 3752 2432 debet
3790 2378 3839 2433 in

2248 2467 2405 2520 altari
2450 2466 2574 2536 poni
2616 2474 2873 2536 quantum
2925 2466 3126 2535 populo
3165 2465 3340 2536 possit
3365 2467 3646 2535 sufﬁcere,
3678 2469 3840 2541 222

2249 2572 2316 2612 ne
2365 2555 2567 2624 aliquid
2620 2557 2893 2627 putridum
2943 2559 2998 2611 in
3048 2555 3284 2612 sacrario
3331 2566 3628 2614 remaneat.
3679 2560 3842 2616 Pallae

2245 2664 2376 2705 vero
2411 2649 2560 2721 (75³5)
2600 2665 2718 2719 qum
2765 2658 2890 2704 sunt
2932 2649 2986 2703 in
3033 2649 3425 2717 substraturio,
3471 2651 3525 2705 in
3565 2651 3674 2705 alio
3717 2665 3842 2707 vase

2249 2743 2444 2799 debent
2474 2745 2674 2808 lavari,
2721 2743 2776 2798 in
2821 2742 2974 2814 (754)
3015 2743 3118 2797 alio
3159 2742 3472 2814 corporales
3515 2744 3694 2812 pallae.
3743 2745 3843 2802 tibi

2247 2836 2406 2907 pallae
2437 2835 2745 2905 corporales
2773 2835 2965 2889 lavatae
2994 2834 3241 2902 fuerunt,
3290 2835 3498 2890 nullum
3545 2834 3839 2894 linteatum

2242 2929 2445 2986 ibidem
2486 2928 2627 2984 aliud
2668 2927 2828 2984 debet
2869 2927 3073 2993 lavari;
3119 2929 3230 2997 ipsa
3273 2941 3408 2998 aqua
3429 2928 3484 2983 in
3513 2927 3838 2999 baptisteria

2249 3023 2413 3078 debet
2444 3023 2614 3092 vergi.
2648 3019 2806 3088 Ideo;
2834 3029 2891 3076 te
2922 3020 3220 3089 admoneo,
3253 3029 3306 3075 tu
3339 3022 3499 3077 talem
3529 3030 3582 3078 te
3611 3021 3837 3092 exhibe,

2247 3126 2308 3172 ut
2343 3117 2452 3171 Deo
2483 3116 2698 3184 placere
2727 3116 2921 3186 possis.

2320 3211 2389 3265 Et
2413 3211 2592 3266 tradat
2619 3212 2668 3267 ei
2697 3212 2922 3267 calicem
2958 3218 3011 3266 et
3041 3216 3314 3281 patcnam.

2323 3303 2597 3357 Ordinatio
2640 3304 2965 3358 subdiaconi.
2995 3333 3068 3344 -—
3099 3302 3254 3374 (755)
3282 3303 3514 3359 Oremus
3566 3303 3738 3360 Deum
3790 3320 3847 3362 ac

2249 3397 2531 3452 Dominum
2583 3406 2860 3464 nostrum,
2915 3388 2972 3452 ut
3015 3411 3178 3467 super
3229 3411 3443 3453 servum
3496 3409 3651 3454 suum
3706 3397 3847 3466 HL,

2248 3506 2406 3562 quem
2460 3490 2528 3545 ad
2585 3490 3001 3545 subdiaconatns
3056 3489 3290 3545 ofﬁcium
3345 3504 3541 3546 vocare
3589 3491 3846 3563 dignatus

2247 3594 2328 3640 est
2350 3629 2363 3653 ,
2413 3583 2660 3638 infundat
2688 3583 3120 3640 benedictionem
3151 3593 3207 3640 et
3234 3585 3458 3656 gratiam
3489 3599 3670 3651 suam,
3701 3588 3849 3644 utin

2247 3685 2538 3747 conspectu
2569 3690 2667 3732 suo
2713 3677 2943 3732 ﬁdeliter
2985 3677 3257 3744 serviens,
3303 3677 3680 3747 prmdestinata
3725 3696 3850 3736 sau-

2247 3771 2347 3826 ctis
2379 3771 2598 3840 praemia
2629 3777 3015 3840 consequatur,
3049 3769 3343 3826 auxiliante
3381 3769 3615 3826 Domino
3656 3782 3850 3828 nostro

2245 3864 2371 3919 Jesu
2404 3862 2623 3917 Christo
2643 3903 2660 3930 ,
2692 3863 2784 3932 qui
2819 3877 2939 3916 cum
2971 3875 3036 3916 eo
3063 3861 3199 3917 vivit
3227 3870 3281 3918 et
3308 3871 3500 3934 regnat
3528 3863 3693 3919 Deus.

2321 3951 2614 4008 Benedictio
2654 3951 2974 4007 subdiaconi.
3017 3983 3087 3992 -—
3133 3951 3293 4025 (756)
3335 3953 3560 4010 Domine
3621 3968 3846 4025 sancte,

2248 4044 2407 4100 Pater
2433 4045 2797 4114 omnipotens,
2827 4055 3030 4101 aeterne
3059 4045 3218 4112 Deus,
3251 4045 3575 4103 benedicere
3603 4047 3851 4118 digneris

2248 4134 2510 4190 famulum
2545 4145 2696 4190 tuum
2742 4137 2912 4200 hunc,
2961 4151 3117 4207 quem
3159 4137 3225 4191 ad
3271 4136 3685 4193 subdiaconatns
3733 4140 3855 4194 ofﬁ-

2250 4231 2390 4284 cium
2425 4231 2627 4302 eligere
2659 4229 2908 4301 dignatus
2939 4245 2997 4286 es
3021 4271 3036 4296 ,
3069 4232 3146 4285 uti
3180 4246 3300 4287 eum
3332 4232 3568 4287 sacrario
3596 4240 3690 4286 tuo
3723 4248 3854 4288 san-

2247 4330 2334 4378 cto
2363 4331 2643 4378 strenuum
2672 4323 3070 4392 sollicitumque
3096 4322 3302 4379 caelesti
3329 4323 3538 4380 militiae
3565 4324 3850 4395 instituas,

2247 4423 2302 4469 et
2329 4424 2527 4471 sanctis
2554 4414 2811 4470 altaribus
2844 4412 3072 4469 ﬁdeliter
3101 4414 3501 4485 subministret,
3532 4423 3588 4471 et
3618 4419 3847 4486 requie-

2247 4515 2362 4563 scat
2409 4521 2570 4576 super
2617 4522 2740 4561 eum
2792 4504 3024 4573 Spiritus
3075 4506 3354 4574 sapientiae
3401 4515 3455 4562 et
3499 4507 3818 4563 intellectus

2249 4601 2480 4669 Spiritus
2511 4600 2721 4654 consilii
2764 4607 2818 4655 et
2859 4599 3189 4656 fortitudinis
3211 4642 3225 4666 ,
3253 4600 3486 4670 Spiritus
3517 4602 3766 4656 scientia:
3799 4611 3853 4657 et

556 4688 747 4756 misti,
808 4693 1129 4748 benedicere
1189 4693 1410 4764 dignare
1463 4694 1601 4748 hunc
1652 4693 1908 4749 famulum
1963 4706 2142 4764 tuum,
2170 4689 2487 4762 Dpietatis.
2538 4688 2769 4758 Repleas
2816 4704 2938 4745 eum
2987 4689 3194 4758 Spiritu
3240 4692 3449 4745 timoris
3489 4692 3600 4758 tui,
3633 4699 3853 4748 etcum

557 4795 717 4851 quem
760 4783 814 4837 in
857 4783 1095 4853 acolythi
1135 4783 1372 4839 ofﬁcium
1415 4797 1826 4852 consecramus,
1864 4794 2144 4856 poscentes

558 4877 703 4925 tuam
725 4871 1096 4939 clementiam,
1122 4883 1179 4929 ut
1202 4873 1321 4944 ejus
1351 4884 1586 4932 mentem
1611 4884 1666 4931 et
1685 4875 1883 4930 lumine
1901 4877 2142 4932 scientia:

560 4959 835 5028 illustres,
865 4972 920 5018 et
947 4965 1161 5033 pietatis
1190 4974 1292 5021 tuae
1320 4982 1441 5022 rore
1483 4967 1704 5037 irriges,
1748 4978 1806 5021 ut
1845 4968 1917 5021 ita
1960 4982 2145 5038 perce-

562 5062 714 5124 ptum
743 5056 1101 5120 ministerium
1145 5067 1394 5132 peragat,
1425 5060 1654 5132 qualiter
1683 5060 1746 5113 ad
1776 5069 2030 5116 mtcrnam
2059 5076 2145 5117 rc-

565 5146 998 5204 munerationem
1056 5151 1340 5220 pervenire
1395 5161 1684 5207 mercatur.
1743 5152 1841 5209 l’er
1895 5153 2141 5211 eumdem

563 5234 852 5292 Dominum
876 5235 1137 5297 nostrum.

951 5332 1102 5403 (7‘24)
1137 5333 1406 5387 Ordinatio
1432 5336 1752 5392 subdiaconi.

633 5419 931 5490 Capitulum
959 5426 1124 5478 sancti
1155 5423 1411 5492 Gregorii.
1439 5454 1509 5467 —
1535 5426 1687 5494 (725)
1714 5427 1862 5482 Sicut
1887 5427 1975 5495 qui
2007 5427 2146 5484 invi-

635 5615 660 5642 ει
701 5608 768 5657 tta
803 5603 925 5673 legit
955 5603 1102 5675 llugo
1128 5601 1442 5675 Menardus.
1474 5610 1530 5656 ut
1558 5617 1623 5656 ex
1649 5600 1767 5675 ejus
1797 5608 1920 5656 nota
1951 5601 2138 5671 liquet.

563 5676 623 5730 ln
653 5675 824 5730 Editis
854 5673 1233 5730 tatnen‘Vatic.
1265 5686 1318 5729 et
1348 5674 1610 5727 Gussanv.
1647 5673 1838 5739 legitur
1865 5677 2140 5728 admouen-

565 5747 699 5811 dus;
754 5763 909 5812 quam
969 5746 1250 5801 lectionem
1305 5748 1623 5800 conﬁrmant
1672 5746 1907 5814 epistolae
1966 5745 2134 5800 sancti

565 5816 805 5880 Gregorii
849 5819 962 5870 sive
1007 5834 1249 5877 excusm.
1299 5819 1409 5872 sive
1451 5833 1606 5870 tnanu
1649 5819 1946 5879 descriptae.
1991 5818 2139 5870 Adde

566 5886 706 5956 quod
763 5887 999 5943 Menardi
1055 5890 1311 5944 Editiouis
1362 5890 1575 5944 lectioni
1630 5890 1712 5943 vix
1772 5890 1912 5944 ullus
1968 5890 2137 5957 aptari

2244 5745 2307 5799 ad
2341 5763 2354 5797 :
2393 5745 2604 5798 Oremus
2627 5788 2640 5810 ,
2677 5745 3022 5812 dilectissimi,
3056 5759 3159 5803 etc.
3183 5790 3198 5812 ,

2249 4781 2549 4837 ministerio
2580 4780 2767 4836 divino
2797 4781 3086 4836 conﬁrmes
3113 4822 3128 4846 ,
3161 4788 3222 4835 ut
3245 4780 3504 4837 obcdiens
3531 4779 3680 4837 facto
3701 4826 3717 4852 ,
3768 4792 3850 4839 at-

2248 4887 2354 4943 que
2381 4873 2521 4927 dicto
2551 4885 2783 4942 parens,
2836 4881 2982 4927 tuam
3038 4873 3261 4942 gratiam
3313 4883 3694 4941 consequatur.
3742 4873 3854 4932 Per

2249 4963 2535 5019 Dominum
2569 4973 2809 5020 nostrum
2831 5006 2845 5031 ,
2881 4971 2985 5020 etc.
3014 5003 3029 5030 ,
3058 4963 3113 5018 in
3145 4966 3347 5020 unitate
3375 4965 3638 5035 ejusdem.

2308 5079 2457 5152 (757)
2490 5081 2631 5136 Ordo
2664 5081 2689 5118 δ
2719 5081 2934 5150 qualiter
2965 5081 3016 5134 in
3048 5080 3282 5136 Romana
3318 5079 3545 5137 Ecclesia
3575 5079 3794 5138 diaconi

2625 5161 2672 5205 et
2700 5152 2977 5222 presbyteri
3010 5151 3285 5206 ordinandi
3315 5161 3457 5207 sunt.

2331 5239 2518 5295 Mensis
2547 5242 2737 5311 primi,
2767 5243 2968 5311 quarti,
3011 5242 3210 5314 septimi
3250 5251 3297 5297 et
3333 5244 3550 5311 decimi,
3583 5244 3856 5302 Sabbato-

2255 5348 2367 5387 rum
2394 5329 2474 5387 die
2502 5332 2554 5385 in
2585 5331 2854 5386 duodecim
2885 5334 3001 5388 lect.
3024 5379 3039 5404 ,
3078 5333 3147 5388 ad
3184 5344 3412 5390 sanctum
3460 5333 3704 5404 Petrum,
3761 5339 3862 5393 ubi

2255 5425 2430 5481 Missa:
2449 5424 2790 5494 celebrantur,
2816 5433 3082 5497 postquam
3105 5430 3451 5501 Antipltonam
3470 5432 3538 5485 ad
3559 5429 3859 5486 Introitum

2247 5600 2418 5672 possit
2447 5615 2658 5660 sensus.

2315 5672 2342 5712 ιι
2383 5672 2439 5726 lu
2474 5675 2645 5741 primo
2674 5673 2880 5730 Theod.
2911 5675 3024 5730 haec
3053 5677 3234 5732 omnia
3273 5676 3616 5743 omittuntur,
3661 5691 3851 5746 usque

3240 5750 3343 5803 Col.
3377 5764 3490 5817 seq.
3513 5789 3528 5812 ,
3560 5749 3648 5802 cui
3691 5764 3817 5816 pra:

2247 5817 2470 5874 mittitur
2521 5817 2789 5871 Orationes
2835 5818 2902 5871 ad
2951 5819 3265 5874 ordinandas
3306 5822 3564 5874 diaconos.
3623 5820 3848 5875 Eodem

2244 5891 2346 5942 ritu
2368 5895 2561 5943 cetera
2584 5905 2680 5957 pro
2700 5889 2874 5946 ordin.
2903 5893 3194 5962 presbyteri
3212 5892 3509 5962 etepiscopi
3532 5892 3821 5949 habentur
3845 5939 3850 5948 .
