4042 6350
281 412 376 471 221

1455 413 1653 469 LIBER
1698 413 2331 475 SACBAMENTORUM.

3421 438 3526 494 9.22

278 528 527 592 dixerint,
560 528 685 583 data
718 528 984 593 Oratione,
1015 528 1149 583 venit
1172 527 1566 583 archidiaconus
1585 570 1602 597 ,
1630 539 1679 584 et
1704 530 1856 599 σθαι
1881 533 1932 592 Α
1958 533 2195 589 excubiis
2248 546 2621 604 permanentes
2644 581 2660 608 ,
2722 542 3086 601 lmereditatem
3142 548 3527 612 benedictionis

269 642 383 682 eam
410 624 501 694 qui
531 624 856 677 ordinandus
884 630 964 677 est
991 622 1246 691 pontiﬁci,
1277 623 1348 675 ita
1377 622 1551 675 dicent
1582 638 1600 676 :

1952 631 2167 679 eterna:
2194 637 2336 681 sorte
2365 639 2615 699 perpetua
2643 634 2993 702 possiderent.
3018 637 3194 706 Super
3225 641 3363 697 hunc
3392 658 3526 713 quo-

340 715 587 771 Postulat
612 725 801 769 sancta
829 722 1005 769 mater
1036 714 1271 770 Ecclesia
1301 714 1591 779 catholica,
1623 722 1681 769 ut
1708 715 1850 770 hunc
1948 730 2054 785 que
2074 716 2328 773 famulum
2351 728 2528 791 tuum,
2550 738 2875 792 quaesumus,
2903 727 3151 795 Domine,
3180 712 3522 798 placatusin-
3568 712 3587 726 ι

270 816 596 877 manentem
628 806 1007 861 subdiaconem
1034 806 1103 861 ad
1128 821 1264 862 enus
1302 806 1569 873 diaconii,
1608 807 1699 864 vel
1726 808 1846 863 dia-

260 917 456 959 conum
490 904 559 957 ad
589 917 727 958 onus
750 900 1069 974 presbyterii
1094 902 1376 959 ordinetis.

330 997 627 1067 Interroga:
650 996 920 1065 episcopus
938 1011 959 1051 ξ
987 995 1103 1053 Scis
1130 996 1277 1053 illum
1307 996 1524 1067 dignum
1553 996 1715 1052 esse?
1744 995 1845 1052 Re-

256 1088 481 1158 spondet
509 1086 729 1153 offerens
752 1102 772 1141 :

322 1181 603 1248 Quantum
629 1180 862 1236 humana
890 1180 1151 1251 fragilitas
1176 1188 1337 1237 noue
1360 1179 1517 1247 sinit,
1549 1190 1603 1237 et
1626 1182 1760 1246 scio,
1788 1189 1843 1237 et

250 1272 516 1330 testiﬁcor
544 1275 718 1343 ipsum
750 1275 969 1344 dignum
1001 1288 1123 1330 esse
1154 1275 1219 1329 ad
1246 1276 1409 1344 hujus
1436 1288 1573 1330 enus
1601 1274 1787 1331 ofﬁcii.

317 1363 394 1419 Et
419 1372 545 1421 tunc
572 1367 846 1421 annuntiat
874 1367 1103 1438 pontifex
1130 1368 1321 1438 popqu
1341 1406 1355 1434 ,
1385 1367 1560 1423 dicens
1588 1384 1607 1421 :

313 1456 631 1514 Auxilieute
663 1458 893 1527 Domino
922 1459 1033 1514 Deo
1062 1467 1118 1515 et
1156 1459 1436 1516 Salvatore
1478 1468 1665 1515 nostro
1708 1460 1836 1515 Jesu

242 1545 483 1603 Christo.

312 1640 518 1698 Iterum
540 1643 709 1698 dicit:
740 1670 811 1686 --
841 1643 1151 1698 Auxilinnte
1194 1643 1425 1698 Domino
1466 1643 1579 1698 Deo
1617 1651 1672 1699 et
1710 1642 1835 1700 Sal-

243 1744 434 1789 vatore
459 1742 644 1790 nostro
669 1734 797 1790 Jesu
823 1733 1039 1790 Christo
1056 1776 1070 1801 ,
1098 1735 1342 1807 eligimus
1369 1734 1423 1789 in
1453 1734 1695 1791 ordinem
1723 1735 1836 1790 diae

240 1824 421 1891 eonii,
452 1826 567 1880 sive
593 1826 917 1897 presbyterii
950 1823 1045 1881 Ill.
1074 1826 1471 1883 subdiaconum
1492 1870 1505 1890 ,
1553 1828 1669 1883 sive
1712 1828 1829 1881 dia-

1948 810 2129 877 tendc,
2151 827 2305 893 quem
2323 816 2428 870 tuis
2456 820 2703 873 sacrariis
2723 821 3040 876 serviturum
3068 824 3120 877 in
3149 824 3381 881 ofﬁcium
3408 829 3524 884 dia-
3578 882 3581 893 ,

1941 902 2067 955 coni
2094 889 2402 973 suppliciter
2428 906 2756 965 dedicamus.
2781 910 2849 964 Et
2874 925 2971 967 nos
2994 914 3207 983 quidem
3224 955 3240 981 ,
3272 925 3521 989 tanquam

1946 988 2191 1048 homines
2231 995 2393 1050 divini
2439 1012 2629 1053 sensus
2675 1009 2729 1054 et
2776 1016 3001 1059 summa)
3042 1006 3264 1063 rationis
3308 988 3515 1080 ignari,
3571 991 3581 1011 ³

1947 1080 2105 1152 hujus
2154 1086 2345 1153 vitam,
2392 1101 2647 1159 quantum
2690 1106 3004 1162 possumus,
3041 1102 3391 1157 aestimamus.
3442 1106 3517 1161 'l‘e

1943 1184 2119 1233 autem
2140 1220 2157 1247 ,
2186 1178 2428 1248 Domine,
2453 1198 2517 1239 ea
2541 1199 2659 1255 quin
2682 1188 2833 1242 nobis
2860 1198 2983 1245 sunt
3010 1191 3185 1261 ignota
3209 1210 3312 1249 non
3343 1206 3513 1252 trans-

1941 1275 2103 1335 eunt,
2135 1278 2185 1325 te
2211 1274 2418 1327 occulta
2451 1289 2554 1329 non
2580 1274 2791 1331 fallunt.
2842 1278 2918 1332 Tu
2974 1284 3216 1351 cognitor
3266 1296 3509 1342 secreto-

1941 1376 2093 1427 rum,
2126 1371 2179 1416 tu
2209 1375 2472 1421 scrutator
2503 1383 2562 1423 es
2586 1370 2862 1435 cor-dium,
2890 1380 2947 1426 tu
2976 1374 3091 1442 ejus
3115 1374 3279 1429 vitam
3308 1378 3514 1434 caelesti

1942 1459 2143 1525 poteris
2167 1461 2475 1517 examinare
2497 1462 2697 1531 judicio
2720 1504 2734 1530 ,
2763 1479 2868 1533 quo
2894 1479 3109 1535 semper
3134 1471 3394 1535 praevales
3415 1515 3429 1539 ,
3462 1478 3518 1526 et

1939 1546 2169 1603 admissa
2203 1566 2460 1619 purgare,
2492 1561 2547 1607 et
2572 1553 2722 1625 (747)
2754 1569 2817 1609 ea
2844 1571 2961 1624 quae
2990 1566 3114 1611 sunt
3156 1562 3356 1627 agenda
3393 1577 3519 1616 con-

1938 1640 2151 1696 cedere.
2188 1643 2382 1699 Emitte
2410 1645 2463 1698 in
2505 1660 2661 1712 eum,
2704 1647 2968 1715 Domine,
3011 1663 3350 1719 qumsnmus,
3393 1654 3514 1721 Spi-

1938 1730 2098 1787 ritum
2132 1742 2408 1802 sanctum,
2442 1750 2547 1806 quo
2576 1738 2631 1791 in
2662 1752 2795 1807 epus
2827 1740 3106 1795 ministerii
3150 1742 3376 1798 ﬁdeliter
3406 1742 3510 1799 ex-

1937 1826 2192 1893 sequendi
2222 1828 2557 1896 sepliformis
2586 1832 2769 1899 gratim
2796 1844 2904 1885 tua:
2944 1846 3165 1888 munere
3206 1834 3507 1890 roboretur.

238 1928 437 1970 conum
466 1916 535 1971 de
566 1915 721 1987 (7‘58)
756 1918 916 1971 titulo
956 1915 1051 1971 Ill.
1095 1917 1221 1986 HL,
1267 1918 1634 1989 presbyterum
1678 1917 1831 1988 (759)
1862 1918 1913 1981 ι
1938 1917 2185 1972 Abundet
2214 1918 2264 1972 in
2297 1933 2361 1974 eo
2393 1921 2554 1975 totius
2587 1920 2755 1976 forma
2787 1923 3028 1990 virtutis,
3060 1925 3345 1979 auctoritas
3384 1938 3507 1979 mo-

236 2005 301 2061 de
351 2007 514 2061 titulo
567 2007 663 2061 Ill.
714 2006 775 2064 Si
822 2008 976 2080 (740)
1020 2008 1145 2078 quis
1190 2018 1367 2064 autem
1420 2007 1581 2063 habet
1630 2008 1829 2077 aliquid

234 2108 430 2153 contra
462 2100 563 2155 hos
588 2102 764 2167 viros,
795 2114 895 2169 pro
926 2101 1034 2157 Deo
1064 2109 1119 2155 et
1144 2111 1363 2171 propter
1408 2102 1573 2156 Deum
1613 2114 1732 2155 cum
1762 2100 1828 2154 ﬁ-

233 2190 397 2245 ducia
426 2199 618 2256 exeat,
646 2199 701 2246 et
726 2191 890 2247 dicat.
922 2190 1306 2249 Verumtamen
1336 2205 1546 2248 memor
1584 2192 1653 2246 sit
1694 2205 1828 2247 con-

231 2280 470 2336 ditionis
497 2295 627 2336 suae.

296 2373 375 2427 Et
416 2381 539 2445 post
581 2373 837 2429 modicum
871 2375 1201 2430 interuallum
1236 2390 1361 2429 mea:
1388 2374 1542 2445 (741)
1572 2375 1827 2443 incipiunt

228 2472 400 2523 manes
448 2468 616 2541 Kyrie
642 2468 843 2525 eleison
861 2510 877 2537 ,
898 2485 1018 2524 eum
1045 2468 1247 2523 (itania.
1279 2468 1392 2523 Hac
1416 2466 1615 2539 expleta
1642 2484 1824 2523 ascen-

228 2562 352 2614 dant
384 2561 492 2632 ipsi
520 2561 673 2614 electi
712 2562 780 2614 ad
818 2561 989 2615 sedem
1030 2560 1327 2632 pontiﬁcis,
1372 2571 1419 2614 et
1458 2559 1710 2613 benedieit
1737 2575 1822 2615 eos

226 2652 288 2704 ad
313 2652 459 2719 quod
486 2653 656 2705 uocati
687 2660 839 2718 sntit,
885 2661 933 2707 et
968 2652 1330 2707 descendentes
1368 2659 1508 2706 stant
1544 2653 1601 2705 in
1638 2652 1822 2706 ordine

227 2758 343 2809 tuo,
379 2745 739 2798 benedictione
782 2752 1039 2816 percepta.
1085 2747 1246 2817 223
1299 2745 1561 2800 Diaconus
1589 2762 1705 2799 cum
1733 2760 1820 2799 or-

227 2838 436 2891 dinetur
458 2878 477 2903 ,
509 2836 672 2907 (πε)
719 2840 858 2892 solus
905 2839 1179 2909 episcopus
1200 2880 1214 2906 ,
1246 2838 1333 2908 qui
1374 2854 1489 2892 eunt
1531 2838 1815 2908 benedicit,

226 2945 436 2983 nanum
459 2944 616 2997 super
644 2940 800 3000 caput
822 2929 967 2984 illius
994 2940 1182 3001 ponat,
1212 2931 1335 2999 quia
1360 2946 1463 2985 non
1487 2932 1557 2984 ad
1580 2932 1818 2986 sacerdo-

223 3023 345 3076 tium
372 3061 388 3086 ,
416 3023 507 3075 sed
538 3022 611 3075 ad
635 3023 973 3077 ministerium
998 3032 1341 3078 consecratur.
1366 3023 1447 3076 Ad
1474 3022 1819 3076 ordinandum

222 3112 499 3167 (mortem
527 3120 576 3166 et
609 3113 988 3183 presbyterum,
1018 3114 1187 3185 prima
1217 3113 1401 3167 Oratio
1429 3114 1617 3167 dicitur
1645 3114 1819 3185 legen-

222 3207 297 3259 do.
330 3204 412 3259 Et
442 3210 678 3274 sequitur
708 3206 907 3261 Oratio.
940 3206 1009 3262 Et
1034 3222 1137 3261 non
1166 3207 1375 3273 dicitur,
1408 3206 1547 3262 Vere
1568 3206 1811 3277 dignum,

221 3300 263 3352 in
289 3300 702 3355 consecratione.

282 3391 494 3445 Oratio.
525 3418 600 3432 --
622 3390 851 3446 Oremus
881 3390 1035 3463 (745)
1056 3433 1071 3457 ,
1097 3390 1472 3457 dilectissimi,
1509 3391 1672 3448 Deum
1704 3392 1809 3447 Pa-

219 3489 344 3541 trem
380 3481 849 3551 omnipotentem,
883 3493 939 3537 ut
967 3497 1129 3552 super
1158 3483 1302 3539 hunc
1332 3482 1587 3541 famulum
1618 3499 1770 3539 suum
1795 3524 1811 3550 ,

218 3589 381 3644 quem
414 3574 471 3629 in
502 3588 716 3629 sacrum
750 3574 991 3628 ordinem
1034 3574 1283 3643 dignatur
1311 3587 1616 3641 assumere,
1649 3575 1813 3629 bene-

217 3666 476 3722 dictionis
533 3679 648 3721 δαδὶ
704 3665 928 3737 gratiam
984 3665 1282 3720 clementer
1331 3665 1604 3734 oﬂ‘undat,
1654 3667 1813 3736 eique

217 3757 425 3814 donum
451 3758 883 3813 consecrationis
912 3758 1217 3827 indulgeat,
1266 3773 1359 3826 per
1403 3761 1545 3827 quod
1582 3774 1703 3814 eum
1744 3760 1811 3815 ad

217 3848 439 3919 prmia
468 3859 673 3905 mterna
705 3850 993 3919 perducat,
1023 3852 1314 3907 auxiliante
1356 3851 1583 3907 Domino
1624 3861 1810 3909 nostro

215 3944 332 3999 lesu
372 3943 619 4001 Christe.
644 3944 747 4012 Qui
777 3944 900 4001 cum
929 3958 995 3999 eo
1025 3943 1152 3999 vivit
1178 3952 1229 4000 et
1258 3954 1465 4015 regnat.

283 4034 538 4090 Oremus.
580 4064 655 4077 —
694 4035 849 4105 (744)
892 4035 1136 4101 Exaudi,
1178 4036 1441 4103 Domine,
1485 4050 1672 4106 preces
1712 4050 1811 4092 no-

215 4134 347 4182 stras
372 4166 389 4193 ,
433 4135 492 4181 et
530 4140 693 4195 super
741 4127 883 4181 hunc
922 4125 1176 4181 famulum
1220 4135 1367 4182 tuum
1408 4127 1663 4194 Spiritum
1705 4138 1810 4185 tua:

216 4222 615 4279 benedictionis
643 4223 860 4287 emitte,
892 4232 951 4279 ut
988 4224 1193 4279 cmlesti
1224 4239 1451 4279 munere
1481 4226 1682 4281 ditatus
1701 4268 1717 4293 ,
1752 4231 1810 4282 et

217 4322 315 4369 mae
347 4314 587 4386 gratiam
620 4313 787 4381 possit
808 4314 1105 4383 Majestatis
1136 4317 1448 4385 acquirere,
1476 4325 1535 4370 et
1565 4317 1701 4372 bene
1729 4317 1810 4372 vi-

216 4408 375 4461 vendi
408 4408 535 4461 aliis
571 4406 874 4477 exe-sphin
902 4408 1165 4478 praebere.
1195 4407 1297 4463 Per
1328 4408 1609 4463 Dominum
1632 4450 1648 4474 ,
1675 4417 1805 4477 ctc.,

215 4498 267 4554 in
296 4502 511 4555 unitate
543 4498 807 4568 ejusdem.

283 4594 639 4649 Consecutio.
684 4620 753 4636 σ-
795 4591 945 4663 (745)
983 4592 1213 4659 Adesto,
1258 4607 1595 4662 quaesumus,
1636 4594 1807 4655 omm-

1841 3317 1888 3379 (Ξ

1933 2005 2115 2074 desm,
2149 2008 2320 2076 pudor
2347 2022 2600 2065 constans
2622 2055 2634 2075 ,
2673 2014 2992 2069 innocentiae
3032 2017 3263 2085 puritas,
3305 2020 3360 2073 et
3396 2018 3507 2086 spi-

1930 2097 2102 2153 ritalis
2131 2100 2433 2155 observatio
2462 2102 2793 2172 disciplinae;
2840 2105 2892 2158 in
2933 2105 3170 2160 moribus
3213 2107 3326 2175 ejus
3366 2123 3505 2176 prae-

1930 2200 2082 2260 cepta
2117 2200 2203 2246 tua
2232 2191 2507 2262 fulgeant,
2540 2202 2600 2248 ut
2631 2209 2740 2249 suae
2768 2196 3027 2252 castitatis
3059 2197 3303 2266 exemplo
3332 2197 3511 2252 imita-

1927 2283 2129 2337 tionem
2160 2294 2341 2338 sancta
2373 2285 2523 2355 plebs
2552 2287 2826 2354 acquirat;
2858 2296 2912 2342 et
2940 2287 3133 2342 bonum
3164 2290 3509 2344 conscientiae

1933 2374 2299 2429 testimonium
2329 2376 2638 2446 proferens,
2666 2379 2723 2431 in
2752 2377 2972 2433 Christo
3000 2378 3189 2433 ﬁrmus
3210 2424 3223 2447 ,
3252 2387 3309 2435 et
3345 2380 3510 2435 stabi-

1927 2461 1997 2516 lis
2048 2473 2397 2533 perseveret;
2447 2466 2723 2536 dignisque
2766 2469 3107 2522 successibus
3152 2469 3223 2523 de
3271 2467 3508 2524 inferiori

1923 2555 2088 2624 gradu
2136 2571 2231 2625 per
2275 2558 2501 2626 gratiam
2548 2568 2694 2614 tuam
2724 2574 2918 2629 capere
2954 2562 3164 2630 potiora
3208 2570 3499 2617 mereatur.

1923 2643 2026 2701 Per
2052 2648 2297 2704 eumdem
2335 2648 2615 2703 Dominum
2646 2660 2889 2705 nostrum
2921 2651 3101 2706 Jesum
3129 2652 3417 2707 Christum.

1994 2738 2143 2807 (748)
2179 2740 2396 2807 Quando
2422 2742 2603 2795 stolam
2631 2758 2745 2795 eum
2771 2744 2947 2796 induis
2966 2786 2980 2811 ,
3012 2745 3084 2796 sic
3113 2742 3252 2796 dices
3274 2781 3287 2798 .

1998 2828 2100 2884 Per
2124 2830 2229 2885 hoc
2258 2832 2470 2900 signum
2502 2831 2656 2885 vobis
2698 2832 3012 2887 diaconatus
3054 2832 3285 2888 ofﬁcium
3330 2833 3506 2889 humi-

1924 2918 2047 2975 liter
2073 2920 2237 2991 224.
2273 2921 2629 2989 imponimus,
2660 2930 2720 2976 ut
2750 2922 3143 2977 lineamentum
3187 2936 3387 2977 mensa
3422 2922 3507 2977 di-

1924 3015 2067 3070 vinae
2098 3025 2351 3086 tanquam
2381 3015 2741 3071 sustentacula
2772 3017 3135 3071 columnarum
3167 3030 3285 3071 esse
3324 3016 3504 3085 pessi-

1925 3107 2023 3174 tis,
2074 3117 2130 3164 et
2174 3122 2451 3178 praecones
2497 3109 2638 3179 regis
2684 3109 2919 3164 caelestis
2964 3109 3505 3178 irreprchcnsibirliter

1925 3200 2159 3255 existere
2188 3200 2522 3255 mereamini.

1996 3290 2148 3365 (749)
2180 3292 2454 3364 Presbyter
2482 3309 2597 3347 cum
2616 3294 2908 3361 ordinatur,
2941 3310 3177 3365 episcopo
3205 3310 3319 3349 eum
3342 3295 3501 3349 bene-

1920 3385 2147 3453 dicente,
2195 3394 2241 3440 et
2281 3402 2486 3441 manum
2532 3405 2685 3458 super
2723 3397 2877 3458 caput
2914 3390 3025 3457 eius
3064 3398 3289 3456 tenente,
3344 3391 3498 3444 etiam

1922 3491 2094 3529 omnes
2149 3478 2457 3548 presbyteri,
2513 3481 2600 3548 qui
2646 3492 2916 3549 prmentes
2959 3491 3106 3548 sunt,
3158 3498 3341 3536 manus
3384 3498 3504 3537 suas

1912 3572 2072 3638 jtwta
2096 3586 2309 3624 manum
2334 3572 2559 3643 episcopi
2588 3590 2743 3642 super
2772 3584 2923 3643 caput
2949 3574 3092 3629 illius
3121 3584 3341 3631 teneant.

2223 3662 2403 3717 Oratio
2428 3667 2495 3717 ad
2516 3666 2836 3737 presbyteros
2857 3667 3195 3723 ordinandas.

1991 3750 2141 3821 (750)
2163 3751 2407 3818 Oremus,
2429 3754 2777 3822 dilectissimi,
2812 3756 2977 3811 Deum
3006 3758 3220 3813 Patrem
3248 3758 3495 3827 omnipo-

1917 3850 2121 3897 tentem
2147 3884 2163 3911 ,
2196 3853 2251 3897 ut
2305 3859 2466 3914 super
2521 3846 2661 3901 hunc
2698 3848 2954 3902 {amulum
2999 3862 3184 3915 suum,
3234 3864 3393 3917 quem
3434 3851 3500 3905 ad

1914 3937 2235 4008 presbyterii
2260 3953 2452 3994 munus
2481 3940 2673 4011 elegit,
2715 3941 2954 3997 coelestia
2993 3943 3133 3998 dona
3158 3943 3495 4013 multiplicet,

1915 4042 1971 4087 et
2008 4047 2127 4102 quae
2167 4030 2284 4101 ejus
2311 4033 2618 4101 dignatione
2659 4035 2921 4104 suscipit,
2972 4034 3140 4105 ipsius
3179 4044 3498 4106 exsequatur

1915 4125 2137 4190 auxilio,
2181 4125 2472 4181 auxiliante
2500 4126 2723 4181 Domino
2751 4134 2935 4181 nostro
2960 4126 3089 4183 Jesu
3114 4128 3349 4184 Christo.

1989 4217 2223 4271 Oremus.
2246 4218 2493 4291 -—(75l)
2522 4218 2727 4275 Exaudi
2758 4234 2875 4285 nos,
2904 4234 3240 4289 quasumus,
3274 4220 3500 4277 Domine

1918 4311 2058 4367 Deus
2087 4323 2292 4379 noster,
2329 4322 2381 4368 et
2407 4328 2569 4383 super
2603 4314 2743 4369 hunc
2787 4314 3042 4370 famulum
3086 4324 3231 4369 tuum
3276 4314 3500 4370 benedi-

1912 4406 2145 4461 ctionem
2190 4408 2359 4461 sancti
2404 4407 2671 4478 Spiritus,
2715 4415 2771 4464 et
2812 4408 2999 4478 gratiae
3047 4407 3392 4463 sacerdotalis
3421 4408 3499 4462 ci-

1911 4494 2077 4550 funde
2104 4497 2347 4551 virtutem
2367 4537 2380 4562 ,
2405 4505 2464 4550 ut
2489 4513 2644 4566 quem
2672 4508 2775 4553 tute
2803 4500 3013 4569 pietatis
3038 4499 3342 4569 aspectibus
3365 4498 3500 4555 offe-

1911 4587 2080 4643 rimus
2107 4590 2529 4644 consecrandum
2555 4600 2853 4661 ,.perpetua
2880 4592 3117 4649 muneris
3146 4592 3221 4647 tui
3254 4593 3500 4663 largitate

213 4694 405 4753 potens
440 4686 622 4750 Deus,
655 4682 806 4754 (7i6)
839 4682 1101 4739 honorum
1134 4684 1309 4749 dator,
1344 4683 1589 4739 ordinum
1629 4683 1809 4740 distri-
1832 4687 1891 4751 Β
1915 4680 2282 4748 consequaris.
2317 4680 2417 4734 Per
2448 4680 2755 4734 Dominum.

214 4775 395 4845 bntor,
438 4775 849 4845 ofﬁciorumque
887 4775 1195 4846 dispositor.
1235 4775 1334 4843 Qui
1387 4776 1437 4829 in
1488 4786 1537 4832 te
1585 4791 1805 4832 manens

214 4869 441 4924 innoras
481 4867 696 4936 omnia,
738 4875 791 4921 et
828 4877 1016 4921 cuncta
1056 4867 1347 4937 disponens
1394 4882 1489 4937 per
1540 4866 1809 4934 Verbum,

216 4959 481 5015 Virtutem
503 5000 518 5025 ,
554 4958 990 5027 Sapientiamque
1019 4966 1161 5013 tuam
1192 4958 1373 5015 Jesum
1403 4959 1673 5014 Christum
1708 4960 1808 5015 Fi-

215 5051 343 5107 lium
401 5064 551 5107 tuum
604 5050 887 5106 Dominum
935 5060 1208 5117 nostrum,
1258 5052 1582 5121 sempiterna
1632 5052 1808 5122 provi-

213 5143 401 5199 dentia
442 5157 743 5213 praeparas,
788 5151 840 5197 et
877 5142 1098 5213 singulis
1134 5143 1436 5213 quibusque
1476 5142 1804 5212 temporibus

213 5234 445 5300 aptanda
498 5233 799 5301 dispensus.
844 5231 1007 5300 Cujus
1050 5246 1275 5300 corpus,
1323 5231 1615 5287 Ecclesium
1664 5240 1807 5286 tuam

213 5328 523 5380 ccelcstium
557 5326 845 5397 gratiarum
876 5327 1131 5381 varietate
1160 5326 1468 5381 distinctam
1491 5367 1506 5393 ,
1552 5343 1805 5383 suorum-

213 5434 317 5488 que
351 5433 649 5474 connexum
681 5418 1004 5475 discretione
1034 5422 1397 5476 membrorum
1420 5462 1435 5489 ,
1484 5436 1579 5490 per
1628 5422 1801 5493 legem

213 5508 523 5564 mirabilem
570 5510 736 5564 totius
785 5512 1057 5580 compagis
1106 5512 1307 5566 unitum
1360 5514 1410 5567 in
1463 5523 1804 5581 augmentum

216 5604 420 5670 templi
447 5604 557 5670 tui,
587 5618 837 5661 crescere
864 5605 1183 5674 dilatarique
1227 5605 1466 5674 largiris,
1508 5610 1642 5662 sacri
1684 5624 1805 5663 mu-

215 5696 370 5750 neris
401 5698 711 5753 servitutem
748 5700 897 5753 trinis
925 5699 1180 5770 gradibus
1212 5701 1573 5755 ministrorum
1605 5702 1806 5759 nomini

215 5800 311 5845 tuo
347 5791 578 5849 militare
608 5795 953 5850 constituens.
985 5794 1179 5851 Electis
1210 5795 1276 5847 ab
1306 5795 1453 5850 initio
1483 5795 1608 5850 Levi
1643 5789 1766 5850 ﬁliis
1786 5837 1800 5861 ,

213 5883 348 5951 qui,
386 5882 435 5937 in
467 5887 706 5956 mysticis
736 5888 1138 5957 operationibus
1180 5886 1369 5943 domus
1416 5896 1516 5943 tuae
1557 5887 1801 5944 ﬁdelibus

1989 4772 2138 4843 (752)
2174 4771 2521 4826 Consecratio.
2549 4801 2620 4815 --
2648 4774 2803 4844 (755)
2832 4773 3061 4829 Domine
3087 4782 3273 4830 sancte
3292 4814 3307 4841 ,
3336 4775 3498 4831 Pater

1915 4865 2285 4933 omnipotens,
2318 4872 2533 4918 internae
2565 4865 2703 4919 Deus
2725 4906 2740 4929 ,
2790 4863 2944 4934 (754)
2990 4863 3251 4919 honorum
3289 4874 3496 4935 auctor,

1913 4965 1968 5012 et
2004 4955 2318 5010 distributor
2359 4955 2597 5009 omnium
2638 4954 2954 5024 dignitatum
2975 4998 2989 5022 ,
3021 4970 3117 5025 per
3141 4970 3296 5025 quem
3328 4959 3497 5028 proli-

1918 5048 2067 5104 ciunt
2096 5048 2343 5102 universa
2364 5085 2381 5115 ,
2413 5061 2509 5116 per
2535 5062 2692 5116 quem
2724 5057 2915 5101 cuncta
2946 5047 3244 5117 ﬁrmantur,
3272 5049 3497 5119 ampliﬁ-

1913 5144 2045 5197 catis
2076 5156 2290 5210 semper
2315 5157 2368 5196 ιη
2398 5142 2588 5197 melius
2619 5148 2821 5195 natura:
2850 5142 3127 5198 rationalis
3156 5144 3497 5201 incrementis

1913 5249 2009 5305 per
2054 5233 2294 5289 ordinem
2347 5248 2583 5303 congrua
2632 5234 2840 5289 ratione
2868 5235 3208 5304 dispositum.
3256 5236 3407 5292 Unde
3441 5248 3497 5291 et

1914 5324 2279 5381 saccrdotalcs
2306 5325 2499 5394 gradus
2541 5335 2699 5396 atque
2738 5326 2913 5381 ofﬁcia
2944 5327 3245 5383 Levnarum
3266 5369 3281 5393 ,
3316 5343 3496 5382 sacra-

1913 5419 2109 5473 mentis
2153 5418 2391 5489 mysticis
2436 5418 2677 5473 instituta
2717 5431 3037 5487 creverunt,
3082 5429 3137 5474 ut
3180 5432 3298 5473 cum
3340 5418 3495 5489 (755)

1911 5512 2193 5583 pontiﬁces
2241 5525 2480 5567 summos
2512 5514 2759 5585 regendis
2790 5515 2999 5583 pepulis
3028 5512 3391 5582 praeiecisses,
3423 5510 3494 5567 ad

1911 5620 2094 5659 eorum
2144 5605 2414 5661 societatis
2462 5613 2517 5660 et
2562 5606 2740 5675 operis
2781 5606 3177 5675 adiumentum,
3218 5601 3493 5671 sequentis

1908 5698 2114 5753 ordinis
2146 5699 2287 5754 viros
2318 5708 2371 5754 et
2400 5698 2649 5754 secundae
2691 5696 2964 5769 dignitatis
3003 5695 3253 5761 eligeres.
3302 5694 3391 5749 Sic
3438 5695 3491 5750 in

1908 5808 2092 5849 eremo
2124 5812 2217 5864 per
2260 5796 2590 5864 septuaginta
2634 5808 2869 5847 Vll'OI'llm
2912 5791 3245 5859 prmimttmttt
3281 5801 3490 5847 mentes

1909 5888 2077 5959 Moysi
2127 5886 2373 5957 spiritum
2415 5884 2749 5956 propagasti,
2794 5883 2983 5953 quibus
3023 5882 3112 5938 ille
3155 5883 3487 5953 adjutoribus
