4042 6350
541 418 643 475 225

1714 404 1955 465 SANCTI
1992 403 2319 462 GBEGORH
2358 402 2574 458 MAGNI

3674 407 3777 463 εει

538 547 661 587 usus
692 531 743 585 in
772 526 967 598 populo
999 514 1307 581 innumeras
1337 521 1700 578 multitudines
1730 520 1881 576 facile
1910 519 2107 587 guber-
2132 521 2181 579 Α
2210 532 2424 574 sensum
2468 516 2537 573 de
2564 516 2821 588 exemplis
2870 516 3106 589 priorum
3144 526 3359 589 caperet
3387 526 3637 576 secutura
3685 536 3774 591 po-

540 622 704 678 ttavit.
726 619 817 676 Sic
840 620 890 672 in
913 618 1169 672 Eleazaro
1196 623 1250 669 et
1274 613 1505 668 ithamar
1532 613 1653 669 ﬁliis
1674 616 1849 668 Aaron
1872 622 2106 681 paternae

539 712 877 784 plenitudinis
919 708 1297 767 abundantiam
1326 705 1692 769 transfudisti,
1727 714 1783 759 ut
1810 705 1873 759 ad
1904 705 2106 760 hostias

538 808 801 862 salutares
830 812 885 859 et
916 801 1289 873 frequentioris
1317 799 1478 854 ofﬁcii
1509 807 1834 853 sacramenta
1867 798 2109 853 ministe-

536 901 672 955 rium
717 896 990 953 sufﬁceret
1033 894 1394 951 sacerdotum.
1438 891 1548 945 Hac
1588 889 1955 961 providentia,
2005 890 2109 944 Do-

538 993 711 1056 mine,
745 989 1005 1060 apostolis
1052 988 1177 1043 Filii
1226 988 1334 1050 tui,
1388 986 1633 1039 doctores
1682 984 1833 1050 ﬁdei,
1885 986 2108 1037 comites

539 1084 824 1149 addidisti,
855 1083 1044 1151 quibus
1088 1078 1165 1133 illi
1205 1079 1384 1133 orbem
1430 1084 1594 1131 totum
1626 1075 1871 1130 secundis
1912 1075 2107 1142 prmdi-

543 1171 815 1228 caloribus
855 1170 1227 1240 impleverunt.
1274 1168 1607 1236 Quapropter
1642 1166 1932 1221 infirmitati
1974 1179 2109 1234 quo-

546 1280 648 1335 que
680 1272 908 1330 nostrae,
940 1262 1159 1317 Domine
1180 1301 1194 1325 ,
1229 1265 1343 1315 hac
1370 1259 1675 1328 adiumenta
1716 1257 1907 1327 largire
1928 1297 1943 1322 ,
1989 1257 2110 1325 quia

541 1360 739 1423 quanto
769 1351 936 1421 magis
959 1349 1259 1418 fragiliores
1297 1361 1517 1413 sumus,
1563 1354 1708 1401 tanto
1749 1346 1831 1399 liis
1871 1346 2110 1415 pluribus

541 1443 862 1513 indigemus.
905 1442 1015 1507 Da,
1060 1455 1399 1509 quaesumus,
1448 1440 1787 1508 omnipotens
1831 1439 2010 1504 Pater,
2058 1440 2109 1493 in

544 1532 698 1589 hunc.
718 1533 970 1587 famulum
1004 1540 1149 1585 tuum
1182 1530 1498 1601 presbyterii
1530 1530 1835 1598 dignitatem
1860 1570 1874 1595 ,
1920 1532 2111 1585 iunova

546 1624 601 1679 in
633 1621 924 1677 visceribus
955 1622 1069 1689 ejus
1098 1619 1352 1688 Spiritum
1384 1619 1717 1685 sanctitatis;
1752 1628 1805 1674 et
1833 1630 2109 1689 acceptum

541 1728 571 1768 a
604 1722 687 1779 te,
726 1709 863 1768 Dens
885 1754 901 1780 ,
935 1711 1156 1767 secundi
1186 1711 1361 1767 meriti
1391 1726 1583 1765 munus
1610 1711 1877 1777 obtineat,
1918 1726 2111 1766 censu-

540 1817 761 1872 ramque
783 1816 988 1857 morum
1012 1800 1261 1870 exemplo
1286 1814 1397 1854 suae
1418 1799 1838 1855 conversationis
1860 1799 2110 1856 insinuet.

2210 609 2443 676 steritas,
2480 622 2582 664 nec
2601 609 2828 664 eruditio
2849 608 3111 666 doctrina:
3139 620 3244 666 tua:
3265 611 3356 665 ulli
3383 611 3777 679 deessetzetati;

2210 717 2330 758 cum
2356 710 2411 757 et
2450 702 2589 772 apud
2620 710 2825 757 veteres
2872 703 3225 758 reverentiam
3273 705 3387 771 ipsa
3436 703 3779 774 signiﬁcatio-

2212 810 2336 851 num
2367 795 2573 862 species
2616 794 2897 861 obtineret,
2929 804 2983 850 et
3012 794 3152 864 apud
3200 808 3298 849 nos
3327 795 3554 850 certiora
3604 806 3780 852 essent

2210 888 2577 957 experimenta
2610 901 2790 943 rerum
2833 901 2990 957 quam
3031 887 3309 957 aenigmata
3350 887 3674 959 ﬁgurarum;
3718 889 3781 944 il-

2211 982 2313 1038 lius
2357 995 2587 1049 namque
2634 979 2921 1035 sacerdotii
2973 978 3262 1034 anterioris
3314 979 3525 1035 habitus
3586 989 3781 1036 nostra:

2211 1073 2406 1127 mentis
2432 1079 2654 1127 ornatus
2696 1079 2798 1134 est,
2850 1077 2905 1124 et
2949 1068 3103 1141 (769)
3152 1069 3506 1138 pontiﬁcalem
3554 1070 3779 1140 gloriam

2212 1179 2319 1220 non
2382 1164 2496 1233 jam
2547 1162 2701 1218 nobis
2755 1162 2925 1216 honor
2960 1160 3323 1237 ,commendat
3373 1162 3638 1230 vestium,
3690 1162 3783 1220 sed

2211 1255 2463 1326 splendor
2490 1255 2809 1319 animarum,
2836 1252 2988 1323 (770)
3015 1251 3138 1321 quia
3166 1260 3219 1307 et
3245 1251 3334 1308 illa
3359 1267 3480 1323 quae
3508 1260 3637 1308 tunc
3661 1268 3783 1335 gar-

2212 1348 2420 1404 nalibus
2460 1347 2867 1402 blandiebantur
2915 1344 3209 1411 obtutibus,
3241 1358 3305 1400 ea
3351 1345 3526 1414 potius
3567 1360 3687 1416 quae
3731 1347 3787 1402 in

2214 1439 2347 1510 ipsis
2378 1447 2528 1495 erant
2578 1436 2922 1508 intelligenda
2966 1436 3287 1506 poscebant;
3320 1444 3377 1492 et
3419 1436 3621 1494 idcirco
3666 1436 3788 1495 huic

2214 1531 2409 1585 famulo
2436 1540 2546 1597 tuo,
2589 1545 2750 1600 quem
2795 1528 2945 1601 (771)
2975 1529 3042 1584 ad
3071 1530 3266 1585 summi
3305 1530 3585 1586 sacerdotii
3631 1531 3790 1587 mini-

2214 1623 2436 1678 sterium
2463 1622 2686 1693 elegisti,
2722 1622 2878 1687 hanc,
2909 1635 3250 1691 quaesumus,
3283 1620 3530 1689 Domine,
3560 1621 3788 1693 gratiam

2217 1714 2477 1784 largiaris,
2510 1723 2568 1769 ut
2594 1714 2742 1785 (772)
2771 1713 3027 1785 quidquid
3058 1714 3149 1769 illa
3191 1714 3452 1770 velamina
3481 1715 3536 1769 in
3586 1714 3793 1785 fulgore

2217 1809 2351 1875 auri,
2380 1808 2435 1861 in
2466 1809 2640 1863 nitore
2668 1794 3026 1876 gemmarum,
3074 1807 3132 1861 in
3162 1806 3460 1863 multimodi
3488 1807 3673 1877 operis
3701 1823 3792 1862 va~

540 1894 621 1951 Sit
648 1896 841 1964 probus
872 1903 1187 1963 cooperator
1218 1891 1419 1946 ordinis
1449 1891 1651 1960 nostri,
1684 1890 1939 1947 etiluceat
1966 1891 2019 1945 in
2050 1906 2113 1947 eo
2143 1902 2192 1965 Β
2217 1898 2403 1954 rietate
2448 1897 2747 1969 signabant,
2779 1898 2881 1953 hoc
2915 1897 2970 1952 in
3017 1896 3136 1966 ejus
3171 1898 3430 1953 moribus
3473 1898 3794 1968 actibusque

545 1988 707 2042 totius
740 1987 908 2041 forma
935 1986 1187 2055 justitiac,
1219 1995 1307 2051 ut,
1336 1984 1528 2039 bonam
1559 1983 1817 2040 rationem
1844 1984 2115 2054 dispensa-

542 2079 704 2136 tionis
734 2077 831 2134 sibi
876 2079 1092 2134 creditae
1135 2078 1473 2143 redditurus,
1518 2085 1734 2131 arteriis:
1774 2076 2116 2132 beatitudinis

540 2172 760 2243 praemia
788 2182 1162 2240 consequatur.
1194 2169 1298 2224 Per
1323 2168 1569 2225 eumdem
1600 2168 1899 2223 Dominum.

616 2263 768 2333 (756)
808 2262 912 2316 Hic
937 2263 1086 2317 vestis
1111 2263 1154 2315 ci
1182 2262 1431 2315 casulam.
1461 2290 1532 2300 —-
1561 2260 1864 2315 Benedictio
1905 2259 2079 2314 Patris
2098 2298 2114 2326 ,

542 2363 597 2411 et
624 2354 780 2421 Filii,
807 2364 861 2410 et
885 2354 1117 2424 Spiritus
1138 2355 1307 2409 sancti
1334 2352 1623 2409 descendat
1651 2368 1813 2421 super
1842 2364 1925 2419 te,
1960 2360 2018 2407 ut
2044 2355 2118 2409 sis

539 2444 856 2503 benedictus
888 2445 938 2499 in
982 2443 1170 2499 ordine
1212 2443 1565 2510 sacerdotali,
1607 2452 1661 2498 et
1706 2442 1900 2499 offeras
1945 2444 2119 2511 placa-

543 2536 680 2591 biles
711 2536 924 2591 Hostias
956 2550 1051 2603 pro
1082 2535 1313 2605 peccatis
1342 2544 1502 2605 atque
1531 2534 1912 2591 offensionibus
1940 2537 2118 2605 populi

542 2628 892 2699 omnipotenti
919 2629 1050 2683 Deo.
1084 2630 1181 2684 Cui
1208 2638 1290 2684 est
1322 2628 1493 2683 honor
1535 2636 1589 2683 et
1626 2627 1795 2697 gloria
1832 2626 1885 2680 in
1925 2627 2117 2682 saecula

540 2721 883 2777 smculorum.

612 2811 772 2883 225
803 2811 1125 2866 Consecratio
1172 2826 1376 2865 manus.
1422 2839 1494 2853 —-
1547 2810 1694 2880 (757)
1725 2809 2117 2879 Consecrentur

538 2918 729 2959 manus
771 2905 909 2973 istae,
958 2917 1281 2971 quiesumus,
1325 2901 1571 2967 Domine,
1620 2910 1675 2956 et
1720 2902 2118 2956 sanctiﬁcentur

538 3008 634 3064 per
658 2995 810 3048 istam
862 2996 1163 3050 unctionem
1206 3001 1262 3050 et
1291 3003 1528 3049 nostram
1581 2993 2030 3057 benedictionem,
2061 3000 2121 3047 ut

538 3098 867 3155 quaecunque
913 3084 1306 3152 benedixerint,
1356 3085 1633 3141 benedicta
1692 3086 1821 3153 sint,
1875 3096 1931 3141 et
1976 3102 2120 3157 quae-

539 3192 747 3247 cunque
769 3178 1220 3233 sanctiﬁcaverint
1244 3177 1662 3232 sanctiﬁcentur.
1698 3177 1799 3231 Per
1825 3184 1875 3232 ει.

2219 1991 2499 2063 clarescat.
2552 1989 2705 2061 (775)
2754 1990 2859 2045 Hic
2904 1990 3093 2063 accipis
3145 1991 3386 2048 chrisma.
3414 1992 3661 2063 Comple,
3698 1994 3796 2048 Do-

2216 2082 2381 2152 mine,
2412 2082 2465 2136 in
2500 2082 2778 2137 sacerdote
2805 2091 2893 2136 tuo
2923 2080 3163 2153 mysterii
3192 2083 3267 2137 tui
3313 2097 3599 2150 summam,
3625 2092 3681 2139 et
3710 2097 3798 2138 or-

2217 2176 2480 2232 namentis
2511 2176 2673 2231 totius
2717 2174 3120 2246 glorilicatiouis
3148 2175 3464 2231 instructum
3498 2176 3653 2247 (774)
3684 2191 3793 2232 οω-

2219 2267 2366 2323 lestis
2395 2268 2650 2338 unguenti
2678 2264 2811 2320 ﬂore
2859 2264 3198 2335 sancti-fﬁca.
3231 2264 3381 2337 (775)
3411 2264 3515 2319 Hic
3542 2266 3723 2335 [undis
3748 2267 3798 2319 in

2218 2364 2370 2423 caput
2392 2360 2524 2427 ejus.
2556 2356 2690 2422 Hoc,
2722 2352 2965 2421 Domine,
2987 2357 3204 2424 copiose
3233 2356 3286 2409 in
3315 2355 3432 2424 ejus
3455 2363 3618 2424 caput
3644 2354 3687 2425 -ιν
3713 2355 3797 2409 in-

2217 2447 2363 2514 ﬂuat,
2397 2446 2499 2503 hoc
2525 2448 2580 2502 in
2607 2448 2714 2502 oris
2739 2446 2977 2516 subjecta
3016 2445 3058 2517 -ι-
3084 2445 3353 2515 decurrat,
3392 2447 3493 2501 hoc
3527 2447 3584 2501 in
3635 2446 3797 2503 totius

2218 2540 2459 2610 corporis
2505 2549 2746 2595 extrema
2773 2538 3083 2604 descendat,
3113 2546 3175 2594 ut
3215 2538 3291 2592 tui
3340 2536 3569 2607 Spiritus
3599 2539 3794 2604 virtus,

2220 2643 2272 2707 et
2318 2634 2570 2689 interiora
2618 2633 2733 2703 ejus
2764 2633 2988 2703 repleat,
3032 2642 3087 2687 et
3135 2633 3399 2689 exteriora
3427 2633 3797 2705 circumtegat.

2219 2712 2468 2780 Abundet
2510 2724 2565 2778 in
2593 2738 2658 2779 eo
2693 2726 2992 2780 constantia
3039 2724 3182 2790 ﬁdei,
3216 2726 3422 2794 paritas
3469 2726 3802 2792 dilectionis,

2223 2813 2374 2887 (776)
2405 2812 2682 2869 sinceritas
2732 2814 2910 2883 pacis;
2942 2812 3095 2886 (777)
3139 2814 3341 2870 tribuas
3370 2815 3439 2880 ci,
3490 2815 3655 2887 226
3701 2815 3801 2871 Do-

2222 2910 2387 2975 mine,
2440 2908 2747 2963 cathedram
2777 2908 3135 2977 episcopalem
3164 2908 3230 2962 ad
3283 2907 3570 2978 regendam
3614 2908 3805 2964 Eccle—

2221 3002 2357 3057 siam
2390 3008 2559 3067 tuam,
2591 3008 2646 3055 et
2674 2999 2884 3071 plebem
2918 3000 3245 3054 universam.
3290 3000 3376 3056 Sis
3406 3001 3452 3054 ei
3483 3000 3805 3067 auctoritas,

2223 3093 2298 3148 sis
2323 3094 2371 3148 ei
2398 3092 2641 3158 ﬁrmitas,
2673 3092 2748 3147 sis
2777 3091 2828 3147 ei
2859 3100 3116 3161 potestas.
3145 3091 3459 3161 Multiplices
3486 3104 3648 3160 super
3674 3106 3801 3148 eum

2222 3182 2648 3241 benedictionem
2690 3191 2746 3239 et
2791 3186 3014 3253 gratiam
3064 3193 3231 3250 tuam,
3284 3192 3341 3238 ut
3370 3182 3436 3237 ad
3466 3183 3799 3239 exorandam

612 3266 764 3339 (758)
796 3268 1081 3339 Episcopus
1111 3285 1225 3321 cum
1262 3269 1549 3334 ordinatur,
1582 3269 1682 3322 duo
1713 3268 1864 3339 (759)
1899 3271 2118 3343 episcopi
2148 3270 2195 3333 C
2224 3291 2436 3347 semper
2479 3275 2900 3332 misericordiam
2954 3286 3127 3343 tuam,
3181 3284 3276 3330 tuo
3322 3290 3545 3332 munere
3587 3289 3802 3346 semper

540 3370 729 3432 ponant
756 3370 804 3414 et
833 3368 1034 3415 teneant
1079 3360 1476 3431 Evangeliorum
1508 3360 1731 3414 codicem
1772 3377 1925 3431 super
1964 3372 2118 3433 caput

541 3455 685 3524 ejus;
718 3463 765 3507 et
786 3470 887 3508 uno
915 3468 1069 3523 super
1096 3469 1208 3507 eum
1240 3454 1482 3524 fundente
1505 3454 1932 3523 benedictionem,
1965 3456 2116 3531 (760)

541 3545 725 3615 reliqui
751 3562 920 3602 omnes
948 3548 1191 3619 episcOpi,
1224 3549 1313 3619 qui
1340 3551 1547 3617 adsunt,
1575 3549 1727 3620 (761)
1758 3551 1990 3607 manibus
2011 3555 2118 3609 suis

543 3649 693 3705 caput
719 3643 828 3713 ejus
852 3649 1082 3711 tangant.

776 3732 925 3804 (762)
957 3732 1137 3789 Oratio
1165 3735 1234 3789 ad
1258 3736 1573 3791 ordinandas
1600 3738 1882 3808 episcopos.

616 3820 766 3892 (765)
788 3822 1032 3888 Oremus,
1058 3823 1388 3881 dilectissimi
1418 3827 1591 3894 nobis,
1619 3836 1677 3881 ut
1706 3827 1789 3882 his
1818 3827 1945 3884 viris
1966 3828 2115 3901 (764)

545 3911 613 3967 ad
643 3910 925 3970 utilitatem
959 3917 1212 3972 Ecclesiae.
1244 3919 1624 3987 providendam
1651 3920 1836 3974 electis
1873 3920 2118 3991 benigni-

545 4011 625 4061 tas
658 4006 1035 4077 omnipotentis
1080 4008 1171 4064 Dei
1198 4010 1382 4079 gratiae
1428 4025 1538 4065 suae
1566 4011 1763 4066 tribuat
1791 4011 2113 4080 largitatem.

544 4095 648 4153 Per
677 4098 957 4153 Dominum
991 4110 1255 4157 nostrum.

619 4187 903 4243 Benedictio
930 4192 1301 4261 episcoporum.
1332 4223 1403 4233 —
1432 4192 1583 4265 (765)
1619 4192 1814 4248 Adesto
1854 4194 2120 4263 supplica-

543 4263 776 4332 tionibus
804 4281 1022 4348 nostris,
1056 4284 1392 4351 omnipotens
1438 4263 1601 4350 Deus,
1646 4293 1700 4340 et
1729 4285 1869 4356 quod
1902 4286 2117 4343 humili-

544 4370 666 4425 tatis
710 4378 905 4426 DOSll‘tB
933 4373 1225 4441 gerendum
1273 4384 1356 4429 est
1398 4376 1719 4444 ministerio,
1772 4387 1875 4432 tuae
1904 4379 2119 4435 virtutis

543 4462 828 4531 impleatur
858 4462 1069 4520 effectu.
1108 4464 1229 4520 Per.

614 4556 749 4610 Alia.
777 4556 1013 4629 —(766)
1039 4559 1350 4628 Propitiare,
1374 4558 1618 4629 Domine,
1643 4560 2114 4629 supplicationibus

545 4653 776 4718 nostris,
809 4660 862 4707 et
893 4652 1143 4709 inclinato
1165 4669 1325 4722 super
1345 4653 1487 4708 hunc
1508 4654 1763 4709 famulum
1782 4663 1928 4709 tuum
1951 4671 2118 4712 cornu
2147 4653 2202 4714 D

543 4745 727 4813 gratiae
754 4744 1119 4807 sacerdotalis.
1149 4747 1539 4803 benedictionis
1572 4755 1676 4802 tute
1707 4748 1757 4803 in
1791 4763 1855 4803 eo
1901 4749 2117 4805 eﬁ'unde

544 4835 815 4890 virtutem.
846 4837 966 4892 Per.

612 4927 639 4963 ι)
670 4928 1013 4984 Consecratio.
1065 4961 1135 4971 —-
1182 4930 1333 5003 (767)
1366 4931 1506 4985 Deus
1545 4931 1809 4985 honorum
1850 4932 2114 5000 omnium,

545 5018 691 5091 (768)
724 5021 862 5075 Deus
892 5022 1127 5076 omnium
1157 5022 1476 5091 dignitatum
1510 5037 1625 5091 qum
1655 5022 1836 5091 gloria:
1880 5030 1983 5077 tuae
2026 5038 2115 5078 sa-

542 5113 704 5169 cratis
731 5108 1052 5167 famulantur
1080 5114 1379 5181 ordinibus,
1407 5114 1546 5169 Deus
1568 5112 1681 5184 qui,
1700 5114 1915 5186 Moysen
1944 5118 2114 5171 lamu-

538 5206 647 5262 lum
693 5214 841 5261 tuum
870 5207 1061 5261 secreti
1092 5205 1367 5262 familiaris
1411 5206 1569 5261 aliatu
1595 5209 1739 5263 inter
1784 5218 1975 5263 caetera
2003 5224 2116 5265 caa-

539 5298 688 5353 lestis
735 5298 1054 5353 documenta
1099 5299 1320 5353 culturae
1375 5299 1441 5353 de
1490 5299 1672 5354 habitu
1702 5315 1912 5370 quoque
1960 5300 2115 5355 indu-

539 5391 701 5445 menti
725 5389 1072 5445 sacerdotalis
1095 5390 1400 5457 instituens,
1424 5391 1654 5446 electum
1676 5391 1855 5446 Aaron
1889 5393 2114 5464 mystico

538 5484 736 5541 amictu
782 5483 967 5540 vestiri
1010 5485 1149 5540 inter
1196 5498 1349 5538 sacra
1374 5484 1602 5553 iussisti,
1653 5495 1711 5540 ut
1738 5485 2107 5557 intelligentiae

610 5632 635 5659 ο
656 5621 1016 5677 lnEd.Vatic.
1046 5628 1101 5675 et
1123 5621 1263 5683 aliis,
1293 5622 1375 5675 hic
1406 5631 1529 5676 ante
1555 5622 1781 5676 Orat.ad
1802 5621 1919 5676 ord.
1944 5622 2112 5691 episc.

541 5697 756 5764 ponitur
781 5712 793 5748 :
827 5693 1153 5765 Examinatio
1182 5694 1235 5745 in
1268 5694 1587 5747 ordinatione
1610 5696 1828 5765 episcopi
1860 5705 1973 5747 ante
2002 5696 2120 5747 lita-

538 5768 678 5820 stiam
706 5767 962 5830 facienda.
1003 5764 1260 5819 Nimirum
1292 5764 1379 5834 qui
1410 5764 1732 5823 ordinandus
1779 5775 1863 5821 est
1908 5766 2121 5834 episco-

541 5850 641 5906 pus
669 5835 738 5893 de
760 5835 886 5894 ﬁdei
913 5834 1147 5894 articulis
1176 5838 1546 5907 interrogatur.

2222 3370 2444 3429 idoneus
2467 3410 2481 3437 ,
2516 3379 2603 3425 tua
2632 3368 2801 3441 gratia
2828 3368 2997 3440 possit
3021 3381 3141 3425 esse
3168 3367 3414 3425 devotus.
3447 3368 3569 3424 Per.

2222 3486 2375 3558 (778)
2428 3486 2488 3542 Si
2515 3501 2652 3557 papa
2684 3497 2706 3525 ε
2750 3485 3015 3558 ordinatus
3066 3490 3157 3548 est,
3194 3482 3301 3536 hare
3351 3482 3479 3537 addi
3520 3482 3706 3538 debent
3752 3483 3805 3539 in

2701 3559 2808 3610 loco
2836 3556 2921 3609 ubi
2944 3561 3192 3625 scriptum
3213 3561 3328 3608 est:

2296 3668 2364 3724 Et
2390 3668 2589 3724 idcirco
2620 3666 2743 3721 huic
2763 3664 2965 3719 famulo
2993 3673 3104 3730 tuo,
3129 3677 3285 3734 quem
3316 3663 3625 3733 apostolica:
3645 3666 3798 3723 sedis

2220 3763 2503 3834 praesulem
2533 3758 2683 3828 (779)
2727 3766 2782 3812 et
2832 3756 3115 3827 primatem
3168 3755 3405 3811 omnium
3436 3755 3525 3825 qui
3574 3758 3629 3810 in
3659 3758 3798 3814 orbe

2223 3866 2483 3911 terrarum
2530 3862 2655 3907 sunt
2702 3859 3042 3906 sacerdotum
3093 3864 3156 3904 ac
3187 3848 3500 3905 universalis
3532 3849 3795 3907 Ecclesiae

2224 3957 2327 4003 tuae
2354 3949 2627 4002 doctorem
2658 3943 2871 4011 dedisti,
2906 3953 2958 3997 ct
2984 3942 3051 3997 ad
3085 3940 3277 3996 summi
3308 3939 3595 3996 sacerdotii
3630 3943 3798 3997 mini-

2221 4040 2445 4094 sterium
2472 4035 2699 4106 elegisti,
2731 4034 2886 4101 lianc,
2918 4030 3244 4104 quaesitmus,
3279 4032 3536 4100 Domine,
3561 4033 3799 4104 gratiam

2221 4128 2485 4200 largiaris.

2297 4221 2469 4291 Super
2501 4218 2690 4273 oblata.
2722 4216 2921 4273 -—-iiaec
2950 4216 3146 4283 hostia,
3188 4216 3434 4282 Domine,
3464 4228 3801 4284 quaesumus,

2221 4312 2477 4368 emundet
2522 4318 2705 4364 nostra
2735 4309 2949 4374 delicta,
2982 4315 3037 4363 et
3086 4307 3237 4380 (780)
3280 4306 3599 4363 sacriﬁcium
3648 4308 3805 4365 cele-

2222 4403 2482 4459 brandum
2509 4400 2845 4456 subditorum
2874 4399 2968 4453 tibi
2996 4413 3228 4468 corpora
3250 4408 3564 4468 mentesque
3598 4400 3805 4454 sancti-

2223 4497 2364 4552 ﬁcet.
2394 4497 2494 4553 Per
2519 4494 2800 4550 Dominum
2830 4501 3092 4548 nostrum.

2296 4609 2447 4682 Infra
2477 4609 2748 4663 actionem.
2779 4636 2850 4647 -—
2881 4606 3034 4679 (781)
3087 4605 3232 4661 lianc
3281 4603 3443 4676 igitur
3473 4595 3803 4660 oblationem

2226 4702 2496 4758 servitutis
2525 4710 2744 4766 nostrae,
2776 4700 2870 4754 sed
2900 4708 2954 4754 et
2983 4708 3187 4754 cunctte
3217 4699 3434 4753 familiae
3456 4706 3593 4763 tuae,
3630 4714 3795 4769 quam

2198 4826 2207 4843 ε
2226 4795 2320 4849 tibi
2350 4793 2640 4857 oﬁerimus,
2672 4792 2830 4847 etiam
2879 4806 2972 4862 pro
3019 4791 3215 4846 famulo
3260 4800 3349 4846 tuo
3374 4788 3491 4857 Ill.,
3536 4806 3693 4860 quem
3726 4794 3797 4847 ad

2225 4889 2565 4958 episcopatus
2595 4886 2839 4940 ordinem
2869 4897 3181 4954 promovere
3228 4882 3475 4952 dignatus
3508 4896 3587 4949 es,
3640 4897 3795 4953 quae-

2225 4994 2428 5045 smnus,
2464 4978 2705 5042 Domine,
2732 4987 2786 5031 ut
2819 4978 3051 5045 placatus
3074 4974 3329 5043 accipias,
3371 4984 3425 5029 et
3455 4975 3716 5044 propitius
3747 4978 3802 5030 in

2227 5090 2293 5130 eo
2324 5084 2411 5129 tua
2439 5074 2577 5128 dona
2604 5071 2892 5138 custodias,
2923 5079 2981 5124 ut
3009 5070 3149 5139 quod
3195 5069 3377 5124 divino
3405 5083 3626 5123 munere
3656 5082 3798 5123 con-

2223 5181 2438 5227 secutus
2469 5177 2571 5235 cst,
2603 5166 2795 5221 divinis
2841 5162 3119 5219 eﬁ‘ectibus
3166 5171 3528 5230 exsequatur;
3568 5160 3801 5231 diesque

2219 5273 2449 5326 ηοδιτοε,
2483 5271 2588 5316 etc.

2288 5384 2369 5436 Ad
2401 5378 2790 5449 Camplendum.
2832 5402 2898 5414 —
2929 5372 3084 5444 (782)
3138 5370 3260 5427 Haec
3304 5384 3400 5425 nos
3449 5368 3799 5437 communio,

2218 5485 2463 5547 Domine,
2495 5484 2682 5549 purget
2709 5491 2739 5530 a
2764 5473 3010 5538 crimine,
3042 5480 3097 5525 et
3120 5469 3358 5527 cmlestis
3381 5469 3609 5524 remedii
3635 5468 3798 5523 faciat

2294 5618 2322 5658 ι’
2358 5620 2495 5672 Ante
2542 5607 2999 5667 consecrationem
3046 5604 3200 5658 istam
3234 5600 3541 5657 referuntur
3582 5600 3635 5656 in
3668 5601 3798 5656 lau-

2219 5692 2357 5749 datis
2402 5688 2535 5741 Edit.
2572 5681 2876 5743 orationes,
2919 5678 2987 5730 ad
3036 5678 3286 5749 annulum
3330 5673 3580 5737 dandum,
3632 5681 3686 5726 et
3725 5672 3799 5725 ad

2220 5760 2458 5818 baculum
2488 5758 2585 5823 (sc.
2615 5748 3232 5824 pastoralent).dandum.
3382 5815 3393 5824 _
3510 5814 3522 5824 _

2296 5843 2319 5871 ο
2353 5830 2469 5901 Ipsa
2494 5815 2593 5882 Ed.
2615 5815 2800 5887 itoiu.,
2823 5834 2915 5876 seu
2931 5817 3204 5883 Vaticana,
3229 5815 3486 5871 mantissa
3508 5815 3606 5869 ista
3620 5820 3791 5868 caret.
