  <div class='ocr_page' id='page_1' title='image "/cluster/home/n/w/nwhite01/storage/ocr_20150623/78/hvd.32044015469406/120.png"; bbox 0 0 4042 6350; ppageno 0'>
   <div class='ocr_carea' id='block_1_1' title="bbox 286 341 393 406">
    <p class='ocr_par' dir='ltr' id='par_1_1' title="bbox 286 341 393 406">
     <span class='ocr_line' id='line_1_1' title="bbox 286 341 393 406; baseline 0 0"><span class='ocrx_word' id='word_1_1' title='bbox 286 341 393 406; x_wconf 64' lang='grc'><strong>225</strong></span> 
     </span>
    </p>
   </div>
   <div class='ocr_carea' id='block_1_2' title="bbox 1451 358 2317 433">
    <p class='ocr_par' dir='ltr' id='par_1_2' title="bbox 1451 358 2317 433">
     <span class='ocr_line' id='line_1_2' title="bbox 1451 358 2317 433; baseline 0.017 -15"><span class='ocrx_word' id='word_1_2' title='bbox 1451 358 1659 421; x_wconf 78' lang='lat' dir='ltr'><strong>LIBER</strong></span> <span class='ocrx_word' id='word_1_3' title='bbox 1694 366 2317 433; x_wconf 79' lang='lat' dir='ltr'><strong>SACRAMENTORUM.</strong></span> 
     </span>
    </p>
   </div>
   <div class='ocr_carea' id='block_1_3' title="bbox 3429 392 3533 452">
    <p class='ocr_par' dir='ltr' id='par_1_3' title="bbox 3429 392 3533 452">
     <span class='ocr_line' id='line_1_3' title="bbox 3429 392 3533 452; baseline 0 -1"><span class='ocrx_word' id='word_1_4' title='bbox 3429 392 3533 452; x_wconf 68' lang='lat'><strong>9.26</strong></span> 
     </span>
    </p>
   </div>
   <div class='ocr_carea' id='block_1_4' title="bbox 282 461 3533 576">
    <p class='ocr_par' dir='ltr' id='par_1_4' title="bbox 282 461 3533 576">
     <span class='ocr_line' id='line_1_4' title="bbox 282 461 3533 576; baseline 0.013 -53"><span class='ocrx_word' id='word_1_5' title='bbox 282 481 403 524; x_wconf 82' lang='lat' dir='ltr'><strong>esse</strong></span> <span class='ocrx_word' id='word_1_6' title='bbox 429 473 729 525; x_wconf 87' lang='lat' dir='ltr'><strong>consortes.</strong></span> <span class='ocrx_word' id='word_1_7' title='bbox 760 462 865 527; x_wconf 87' lang='lat' dir='ltr'><strong>Per</strong></span> <span class='ocrx_word' id='word_1_8' title='bbox 889 461 1174 529; x_wconf 73' lang='lat' dir='ltr'><strong>Dominum</strong></span> <span class='ocrx_word' id='word_1_9' title='bbox 1206 481 1449 533; x_wconf 89' lang='lat' dir='ltr'><strong>nostrum</strong></span> <span class='ocrx_word' id='word_1_10' title='bbox 1475 477 1657 539; x_wconf 82' lang='lat' dir='ltr'><strong>Jesum</strong></span> <span class='ocrx_word' id='word_1_11' title='bbox 1686 481 1857 540; x_wconf 88' lang='lat' dir='ltr'><strong>Chri-</strong></span> <span class='ocrx_word' id='word_1_12' title='bbox 1886 490 1934 552; x_wconf 77' lang='grc' dir='ltr'><strong>Α</strong></span> <span class='ocrx_word' id='word_1_13' title='bbox 1966 490 2255 560; x_wconf 90' lang='lat' dir='ltr'><strong>cerdotem,</strong></span> <span class='ocrx_word' id='word_1_14' title='bbox 2288 490 2533 561; x_wconf 90' lang='lat' dir='ltr'><strong>obsecro,</strong></span> <span class='ocrx_word' id='word_1_15' title='bbox 2573 493 2819 565; x_wconf 87' lang='lat' dir='ltr'><strong>Domine,</strong></span> <span class='ocrx_word' id='word_1_16' title='bbox 2847 499 3086 569; x_wconf 79' lang='lat' dir='ltr'><strong>placatus</strong></span> <span class='ocrx_word' id='word_1_17' title='bbox 3108 507 3394 576; x_wconf 88' lang='lat' dir='ltr'><strong>suscipias,</strong></span> <span class='ocrx_word' id='word_1_18' title='bbox 3420 510 3533 565; x_wconf 82' lang='lat' dir='ltr'><strong>Ma-</strong></span> 
     </span>
    </p>
   </div>
   <div class='ocr_carea' id='block_1_5' title="bbox 277 568 437 616">
    <p class='ocr_par' dir='ltr' id='par_1_5' title="bbox 277 568 437 616">
     <span class='ocr_line' id='line_1_5' title="bbox 277 568 437 616; baseline -0.013 0"><span class='ocrx_word' id='word_1_19' title='bbox 277 568 437 616; x_wconf 86' lang='lat' dir='ltr'><strong>stum.</strong></span> 
     </span>
    </p>
   </div>
   <div class='ocr_carea' id='block_1_6' title="bbox 635 674 1494 757">
    <p class='ocr_par' dir='ltr' id='par_1_6' title="bbox 635 674 1494 757">
     <span class='ocr_line' id='line_1_6' title="bbox 635 674 1494 757; baseline 0.014 -28"><span class='ocrx_word' id='word_1_20' title='bbox 635 674 817 731; x_wconf 87' lang='lat' dir='ltr'><strong>Oratio</strong></span> <span class='ocrx_word' id='word_1_21' title='bbox 856 678 911 733; x_wconf 83' lang='lat' dir='ltr'><strong>in</strong></span> <span class='ocrx_word' id='word_1_22' title='bbox 959 677 1107 753; x_wconf 77' lang='lat'><strong>(783)</strong></span> <span class='ocrx_word' id='word_1_23' title='bbox 1136 682 1299 738; x_wconf 80' lang='lat' dir='ltr'><strong>natali</strong></span> <span class='ocrx_word' id='word_1_24' title='bbox 1328 701 1494 757; x_wconf 66' lang='lat' dir='ltr'><strong>papa.</strong></span> 
     </span>
    </p>
   </div>
   <div class='ocr_carea' id='block_1_7' title="bbox 346 788 1847 869">
    <p class='ocr_par' dir='ltr' id='par_1_7' title="bbox 346 788 1847 869">
     <span class='ocr_line' id='line_1_7' title="bbox 346 788 1847 869; baseline 0.011 -27"><span class='ocrx_word' id='word_1_25' title='bbox 346 788 511 855; x_wconf 88' lang='lat' dir='ltr'><strong>Deus,</strong></span> <span class='ocrx_word' id='word_1_26' title='bbox 543 790 634 859; x_wconf 86' lang='lat' dir='ltr'><strong>qui</strong></span> <span class='ocrx_word' id='word_1_27' title='bbox 679 790 805 845; x_wconf 82' lang='lat' dir='ltr'><strong>licet</strong></span> <span class='ocrx_word' id='word_1_28' title='bbox 847 790 922 847; x_wconf 86' lang='lat' dir='ltr'><strong>sis</strong></span> <span class='ocrx_word' id='word_1_29' title='bbox 964 807 1192 865; x_wconf 88' lang='lat' dir='ltr'><strong>magnus</strong></span> <span class='ocrx_word' id='word_1_30' title='bbox 1220 795 1274 850; x_wconf 92' lang='lat' dir='ltr'><strong>in</strong></span> <span class='ocrx_word' id='word_1_31' title='bbox 1305 799 1533 869; x_wconf 82' lang='lat' dir='ltr'><strong>magnis,</strong></span> <span class='ocrx_word' id='word_1_32' title='bbox 1582 800 1847 859; x_wconf 85' lang='lat' dir='ltr'><strong>mirabilia</strong></span> 
     </span>
    </p>
   </div>
   <div class='ocr_carea' id='block_1_8' title="bbox 268 882 1852 956">
    <p class='ocr_par' dir='ltr' id='par_1_8' title="bbox 268 882 1852 956">
     <span class='ocr_line' id='line_1_8' title="bbox 268 882 1852 956; baseline 0.008 -21"><span class='ocrx_word' id='word_1_33' title='bbox 268 888 455 936; x_wconf 87' lang='lat' dir='ltr'><strong>tamen</strong></span> <span class='ocrx_word' id='word_1_34' title='bbox 484 882 753 951; x_wconf 86' lang='lat' dir='ltr'><strong>gloriosus</strong></span> <span class='ocrx_word' id='word_1_35' title='bbox 787 885 1030 952; x_wconf 89' lang='lat' dir='ltr'><strong>operaris</strong></span> <span class='ocrx_word' id='word_1_36' title='bbox 1058 886 1113 940; x_wconf 92' lang='lat' dir='ltr'><strong>in</strong></span> <span class='ocrx_word' id='word_1_37' title='bbox 1142 887 1395 956; x_wconf 80' lang='lat' dir='ltr'><strong>minimis,</strong></span> <span class='ocrx_word' id='word_1_38' title='bbox 1446 890 1683 947; x_wconf 87' lang='lat' dir='ltr'><strong>concede</strong></span> <span class='ocrx_word' id='word_1_39' title='bbox 1721 893 1852 949; x_wconf 89' lang='lat' dir='ltr'><strong>mihi</strong></span> 
     </span>
    </p>
   </div>
   <div class='ocr_carea' id='block_1_9' title="bbox 266 971 1853 1054">
    <p class='ocr_par' dir='ltr' id='par_1_9' title="bbox 266 971 1853 1054">
     <span class='ocr_line' id='line_1_9' title="bbox 266 971 1853 1054; baseline 0.007 -26"><span class='ocrx_word' id='word_1_40' title='bbox 266 972 490 1043; x_wconf 90' lang='lat' dir='ltr'><strong>indigno</strong></span> <span class='ocrx_word' id='word_1_41' title='bbox 518 971 725 1029; x_wconf 84' lang='lat' dir='ltr'><strong>famulo</strong></span> <span class='ocrx_word' id='word_1_42' title='bbox 753 984 867 1040; x_wconf 91' lang='lat' dir='ltr'><strong>tuo,</strong></span> <span class='ocrx_word' id='word_1_43' title='bbox 895 976 1063 1031; x_wconf 87' lang='lat' dir='ltr'><strong>sacris</strong></span> <span class='ocrx_word' id='word_1_44' title='bbox 1089 979 1473 1036; x_wconf 88' lang='lat' dir='ltr'><strong>convenienter</strong></span> <span class='ocrx_word' id='word_1_45' title='bbox 1501 982 1708 1038; x_wconf 82' lang='lat' dir='ltr'><strong>servire</strong></span> <span class='ocrx_word' id='word_1_46' title='bbox 1740 999 1853 1054; x_wconf 87' lang='lat' dir='ltr'><strong>my-</strong></span> 
     </span>
    </p>
   </div>
   <div class='ocr_carea' id='block_1_10' title="bbox 259 1066 1849 1147">
    <p class='ocr_par' dir='ltr' id='par_1_10' title="bbox 259 1066 1849 1147">
     <span class='ocr_line' id='line_1_10' title="bbox 259 1066 1849 1147; baseline 0.008 -27"><span class='ocrx_word' id='word_1_47' title='bbox 259 1066 464 1134; x_wconf 87' lang='lat' dir='ltr'><strong>steriis,</strong></span> <span class='ocrx_word' id='word_1_48' title='bbox 489 1076 652 1137; x_wconf 89' lang='lat' dir='ltr'><strong>atque</strong></span> <span class='ocrx_word' id='word_1_49' title='bbox 701 1067 756 1122; x_wconf 90' lang='lat' dir='ltr'><strong>in</strong></span> <span class='ocrx_word' id='word_1_50' title='bbox 785 1070 1034 1125; x_wconf 91' lang='lat' dir='ltr'><strong>omnibus</strong></span> <span class='ocrx_word' id='word_1_51' title='bbox 1067 1078 1155 1125; x_wconf 90' lang='lat' dir='ltr'><strong>tua</strong></span> <span class='ocrx_word' id='word_1_52' title='bbox 1185 1073 1554 1129; x_wconf 84' lang='lat' dir='ltr'><strong>misericordia</strong></span> <span class='ocrx_word' id='word_1_53' title='bbox 1602 1084 1849 1147; x_wconf 75' lang='lat' dir='ltr'><strong>protegat</strong></span> 
     </span>
    </p>
   </div>
   <div class='ocr_carea' id='block_1_11' title="bbox 258 1161 1427 1231">
    <p class='ocr_par' dir='ltr' id='par_1_11' title="bbox 258 1161 1427 1231">
     <span class='ocr_line' id='line_1_11' title="bbox 258 1161 1427 1231; baseline 0.005 -16"><span class='ocrx_word' id='word_1_54' title='bbox 258 1175 421 1231; x_wconf 86' lang='lat' dir='ltr'><strong>quem</strong></span> <span class='ocrx_word' id='word_1_55' title='bbox 453 1161 801 1218; x_wconf 65' lang='lat' dir='ltr'><strong>conscientiae</strong></span> <span class='ocrx_word' id='word_1_56' title='bbox 830 1172 1011 1219; x_wconf 83' lang='lat' dir='ltr'><strong>reatus</strong></span> <span class='ocrx_word' id='word_1_57' title='bbox 1031 1174 1269 1223; x_wconf 87' lang='lat' dir='ltr'><strong>accusat.</strong></span> <span class='ocrx_word' id='word_1_58' title='bbox 1306 1167 1427 1223; x_wconf 84' lang='lat' dir='ltr'><strong>Per.</strong></span> 
     </span>
    </p>
   </div>
   <div class='ocr_carea' id='block_1_12' title="bbox 335 1252 1845 1330">
    <p class='ocr_par' dir='ltr' id='par_1_12' title="bbox 335 1252 1845 1330">
     <span class='ocr_line' id='line_1_12' title="bbox 335 1252 1845 1330; baseline 0.007 -24"><span class='ocrx_word' id='word_1_59' title='bbox 335 1254 482 1307; x_wconf 82' lang='lat' dir='ltr'><strong>Atia.</strong></span> <span class='ocrx_word' id='word_1_60' title='bbox 497 1252 745 1321; x_wconf 90' lang='lat' dir='ltr'><strong>—-Deus,</strong></span> <span class='ocrx_word' id='word_1_61' title='bbox 766 1254 860 1324; x_wconf 88' lang='lat' dir='ltr'><strong>qui</strong></span> <span class='ocrx_word' id='word_1_62' title='bbox 876 1255 1084 1325; x_wconf 88' lang='lat' dir='ltr'><strong>populis</strong></span> <span class='ocrx_word' id='word_1_63' title='bbox 1108 1257 1211 1311; x_wconf 90' lang='lat' dir='ltr'><strong>tuis</strong></span> <span class='ocrx_word' id='word_1_64' title='bbox 1231 1256 1559 1329; x_wconf 76' lang='lat' dir='ltr'><strong>indulgentia</strong></span> <span class='ocrx_word' id='word_1_65' title='bbox 1587 1262 1845 1330; x_wconf 87' lang='lat' dir='ltr'><strong>consulis,</strong></span> 
     </span>
    </p>
   </div>
   <div class='ocr_carea' id='block_1_13' title="bbox 258 1347 1847 1425">
    <p class='ocr_par' dir='ltr' id='par_1_13' title="bbox 258 1347 1847 1425">
     <span class='ocr_line' id='line_1_13' title="bbox 258 1347 1847 1425; baseline 0.007 -24"><span class='ocrx_word' id='word_1_66' title='bbox 258 1355 310 1401; x_wconf 91' lang='lat' dir='ltr'><strong>et</strong></span> <span class='ocrx_word' id='word_1_67' title='bbox 338 1362 534 1404; x_wconf 88' lang='lat' dir='ltr'><strong>amore</strong></span> <span class='ocrx_word' id='word_1_68' title='bbox 577 1347 894 1418; x_wconf 88' lang='lat' dir='ltr'><strong>dominaris,</strong></span> <span class='ocrx_word' id='word_1_69' title='bbox 941 1350 1008 1405; x_wconf 89' lang='lat' dir='ltr'><strong>da</strong></span> <span class='ocrx_word' id='word_1_70' title='bbox 1037 1350 1297 1421; x_wconf 84' lang='lat' dir='ltr'><strong>Spiritum</strong></span> <span class='ocrx_word' id='word_1_71' title='bbox 1334 1354 1612 1424; x_wconf 72' lang='lat' dir='ltr'><strong>sapientia:</strong></span> <span class='ocrx_word' id='word_1_72' title='bbox 1652 1356 1847 1425; x_wconf 90' lang='lat' dir='ltr'><strong>quibus</strong></span> 
     </span>
    </p>
   </div>
   <div class='ocr_carea' id='block_1_14' title="bbox 258 1440 1847 1519">
    <p class='ocr_par' dir='ltr' id='par_1_14' title="bbox 258 1440 1847 1519">
     <span class='ocr_line' id='line_1_14' title="bbox 258 1440 1847 1519; baseline 0.006 -24"><span class='ocrx_word' id='word_1_73' title='bbox 258 1440 459 1497; x_wconf 87' lang='lat' dir='ltr'><strong>dedisti</strong></span> <span class='ocrx_word' id='word_1_74' title='bbox 508 1441 754 1512; x_wconf 87' lang='lat' dir='ltr'><strong>regimen</strong></span> <span class='ocrx_word' id='word_1_75' title='bbox 781 1442 1110 1513; x_wconf 85' lang='lat' dir='ltr'><strong>disciplinae,</strong></span> <span class='ocrx_word' id='word_1_76' title='bbox 1159 1456 1215 1501; x_wconf 92' lang='lat' dir='ltr'><strong>ut</strong></span> <span class='ocrx_word' id='word_1_77' title='bbox 1242 1446 1309 1503; x_wconf 91' lang='lat' dir='ltr'><strong>de</strong></span> <span class='ocrx_word' id='word_1_78' title='bbox 1349 1446 1593 1519; x_wconf 71' lang='lat' dir='ltr'><strong>profet&#39;tu</strong></span> <span class='ocrx_word' id='word_1_79' title='bbox 1635 1459 1847 1505; x_wconf 84' lang='lat' dir='ltr'><strong>sancta-</strong></span> 
     </span>
    </p>
   </div>
   <div class='ocr_carea' id='block_1_15' title="bbox 252 1531 1844 1612">
    <p class='ocr_par' dir='ltr' id='par_1_15' title="bbox 252 1531 1844 1612">
     <span class='ocr_line' id='line_1_15' title="bbox 252 1531 1844 1612; baseline 0.007 -27"><span class='ocrx_word' id='word_1_80' title='bbox 252 1544 373 1586; x_wconf 85' lang='lat' dir='ltr'><strong>rum</strong></span> <span class='ocrx_word' id='word_1_81' title='bbox 404 1531 590 1587; x_wconf 86' lang='lat' dir='ltr'><strong>ovium</strong></span> <span class='ocrx_word' id='word_1_82' title='bbox 616 1532 745 1587; x_wconf 91' lang='lat' dir='ltr'><strong>fiant</strong></span> <span class='ocrx_word' id='word_1_83' title='bbox 773 1533 963 1605; x_wconf 89' lang='lat' dir='ltr'><strong>gaudia</strong></span> <span class='ocrx_word' id='word_1_84' title='bbox 1012 1544 1214 1593; x_wconf 64' lang='lat' dir='ltr'><strong>aeterna</strong></span> <span class='ocrx_word' id='word_1_85' title='bbox 1256 1548 1552 1608; x_wconf 82' lang='lat' dir='ltr'><strong>pastorum.</strong></span> <span class='ocrx_word' id='word_1_86' title='bbox 1588 1538 1691 1596; x_wconf 88' lang='lat' dir='ltr'><strong>Per</strong></span> <span class='ocrx_word' id='word_1_87' title='bbox 1737 1540 1844 1612; x_wconf 52' lang='lat' dir='ltr'><strong>Do:</strong></span> 
     </span>
    </p>
   </div>
   <div class='ocr_carea' id='block_1_16' title="bbox 251 1623 763 1684">
    <p class='ocr_par' dir='ltr' id='par_1_16' title="bbox 251 1623 763 1684">
     <span class='ocr_line' id='line_1_16' title="bbox 251 1623 763 1684; baseline 0.014 -7"><span class='ocrx_word' id='word_1_88' title='bbox 251 1623 459 1679; x_wconf 89' lang='lat' dir='ltr'><strong>minum</strong></span> <span class='ocrx_word' id='word_1_89' title='bbox 491 1637 763 1684; x_wconf 86' lang='lat' dir='ltr'><strong>nostrum.</strong></span> 
     </span>
    </p>
   </div>
   <div class='ocr_carea' id='block_1_17' title="bbox 325 1716 1843 1795">
    <p class='ocr_par' dir='ltr' id='par_1_17' title="bbox 325 1716 1843 1795">
     <span class='ocr_line' id='line_1_17' title="bbox 325 1716 1843 1795; baseline 0.011 -26"><span class='ocrx_word' id='word_1_90' title='bbox 325 1716 497 1786; x_wconf 80' lang='lat' dir='ltr'><strong>Super</strong></span> <span class='ocrx_word' id='word_1_91' title='bbox 513 1718 709 1775; x_wconf 84' lang='lat' dir='ltr'><strong>oblata.</strong></span> <span class='ocrx_word' id='word_1_92' title='bbox 742 1747 815 1760; x_wconf 94' lang='lat'><strong>—</strong></span> <span class='ocrx_word' id='word_1_93' title='bbox 843 1719 1083 1778; x_wconf 78' lang='lat' dir='ltr'><strong>Hostiam</strong></span> <span class='ocrx_word' id='word_1_94' title='bbox 1113 1724 1234 1795; x_wconf 85' lang='lat' dir='ltr'><strong>tibi,</strong></span> <span class='ocrx_word' id='word_1_95' title='bbox 1262 1724 1511 1795; x_wconf 90' lang='lat' dir='ltr'><strong>Domine,</strong></span> <span class='ocrx_word' id='word_1_96' title='bbox 1546 1726 1718 1784; x_wconf 89' lang='lat' dir='ltr'><strong>laudis</strong></span> <span class='ocrx_word' id='word_1_97' title='bbox 1746 1743 1843 1785; x_wconf 81' lang='lat' dir='ltr'><strong>ex-</strong></span> 
     </span>
    </p>
   </div>
   <div class='ocr_carea' id='block_1_18' title="bbox 245 1805 1840 1888">
    <p class='ocr_par' dir='ltr' id='par_1_18' title="bbox 245 1805 1840 1888">
     <span class='ocr_line' id='line_1_18' title="bbox 245 1805 1840 1888; baseline 0.008 -25"><span class='ocrx_word' id='word_1_98' title='bbox 245 1805 424 1879; x_wconf 75' lang='lat' dir='ltr'><strong>solve,</strong></span> <span class='ocrx_word' id='word_1_99' title='bbox 479 1812 795 1881; x_wconf 90' lang='lat' dir='ltr'><strong>suppliciter</strong></span> <span class='ocrx_word' id='word_1_100' title='bbox 840 1812 1170 1883; x_wconf 87' lang='lat' dir='ltr'><strong>implorans,</strong></span> <span class='ocrx_word' id='word_1_101' title='bbox 1249 1826 1307 1872; x_wconf 93' lang='lat' dir='ltr'><strong>ut</strong></span> <span class='ocrx_word' id='word_1_102' title='bbox 1374 1819 1515 1888; x_wconf 91' lang='lat' dir='ltr'><strong>quod</strong></span> <span class='ocrx_word' id='word_1_103' title='bbox 1572 1819 1840 1876; x_wconf 91' lang='lat' dir='ltr'><strong>immerito</strong></span> 
     </span>
    </p>
   </div>
   <div class='ocr_carea' id='block_1_19' title="bbox 1950 580 3531 674">
    <p class='ocr_par' dir='ltr' id='par_1_19' title="bbox 1950 580 3531 674">
     <span class='ocr_line' id='line_1_19' title="bbox 1950 580 3531 674; baseline 0.016 -39"><span class='ocrx_word' id='word_1_104' title='bbox 1950 580 2205 650; x_wconf 88' lang='lat' dir='ltr'><strong>jestatem</strong></span> <span class='ocrx_word' id='word_1_105' title='bbox 2236 592 2378 639; x_wconf 90' lang='lat' dir='ltr'><strong>tuam</strong></span> <span class='ocrx_word' id='word_1_106' title='bbox 2406 586 2628 657; x_wconf 81' lang='lat' dir='ltr'><strong>supplex</strong></span> <span class='ocrx_word' id='word_1_107' title='bbox 2660 604 2888 647; x_wconf 80' lang='lat' dir='ltr'><strong>exorans</strong></span> <span class='ocrx_word' id='word_1_108' title='bbox 2912 604 2968 649; x_wconf 91' lang='lat' dir='ltr'><strong>ut</strong></span> <span class='ocrx_word' id='word_1_109' title='bbox 2994 596 3045 649; x_wconf 91' lang='lat' dir='ltr'><strong>in</strong></span> <span class='ocrx_word' id='word_1_110' title='bbox 3074 613 3161 654; x_wconf 92' lang='lat' dir='ltr'><strong>me</strong></span> <span class='ocrx_word' id='word_1_111' title='bbox 3187 601 3329 670; x_wconf 90' lang='lat' dir='ltr'><strong>quod</strong></span> <span class='ocrx_word' id='word_1_112' title='bbox 3350 603 3531 674; x_wconf 89' lang='lat' dir='ltr'><strong>largiri</strong></span> 
     </span>
    </p>
   </div>
   <div class='ocr_carea' id='block_1_20' title="bbox 1954 673 3346 757">
    <p class='ocr_par' dir='ltr' id='par_1_20' title="bbox 1954 673 3346 757">
     <span class='ocr_line' id='line_1_20' title="bbox 1954 673 3346 757; baseline 0.012 -28"><span class='ocrx_word' id='word_1_113' title='bbox 1954 673 2199 745; x_wconf 89' lang='lat' dir='ltr'><strong>dignatus</strong></span> <span class='ocrx_word' id='word_1_114' title='bbox 2226 692 2304 743; x_wconf 83' lang='lat' dir='ltr'><strong>es,</strong></span> <span class='ocrx_word' id='word_1_115' title='bbox 2339 680 2600 749; x_wconf 89' lang='lat' dir='ltr'><strong>propitius</strong></span> <span class='ocrx_word' id='word_1_116' title='bbox 2630 684 2901 741; x_wconf 89' lang='lat' dir='ltr'><strong>custodire</strong></span> <span class='ocrx_word' id='word_1_117' title='bbox 2931 686 3189 757; x_wconf 86' lang='lat' dir='ltr'><strong>digneris.</strong></span> <span class='ocrx_word' id='word_1_118' title='bbox 3223 691 3346 746; x_wconf 88' lang='lat' dir='ltr'><strong>Per.</strong></span> 
     </span>
    </p>
   </div>
   <div class='ocr_carea' id='block_1_21' title="bbox 2028 772 3535 857">
    <p class='ocr_par' dir='ltr' id='par_1_21' title="bbox 2028 772 3535 857">
     <span class='ocr_line' id='line_1_21' title="bbox 2028 772 3535 857; baseline 0.013 -33"><span class='ocrx_word' id='word_1_119' title='bbox 2028 781 2051 807; x_wconf 74' lang='grc' dir='ltr'><strong><em>ο</em></strong></span> <span class='ocrx_word' id='word_1_120' title='bbox 2078 772 2396 831; x_wconf 82' lang='lat' dir='ltr'><strong>Benedictio.</strong></span> <span class='ocrx_word' id='word_1_121' title='bbox 2427 807 2498 817; x_wconf 97' lang='lat'><strong>—</strong></span> <span class='ocrx_word' id='word_1_122' title='bbox 2524 777 2873 850; x_wconf 88' lang='lat' dir='ltr'><strong>Omnipotens</strong></span> <span class='ocrx_word' id='word_1_123' title='bbox 2907 783 3070 851; x_wconf 91' lang='lat' dir='ltr'><strong>Deus,</strong></span> <span class='ocrx_word' id='word_1_124' title='bbox 3103 786 3192 854; x_wconf 90' lang='lat' dir='ltr'><strong>qui</strong></span> <span class='ocrx_word' id='word_1_125' title='bbox 3236 786 3292 840; x_wconf 91' lang='lat' dir='ltr'><strong>in</strong></span> <span class='ocrx_word' id='word_1_126' title='bbox 3339 789 3535 857; x_wconf 88' lang='lat' dir='ltr'><strong>populo</strong></span> 
     </span>
    </p>
   </div>
   <div class='ocr_carea' id='block_1_22' title="bbox 1953 866 3532 941">
    <p class='ocr_par' dir='ltr' id='par_1_22' title="bbox 1953 866 3532 941">
     <span class='ocr_line' id='line_1_22' title="bbox 1953 866 3532 941; baseline 0.015 -26"><span class='ocrx_word' id='word_1_127' title='bbox 1953 876 2052 917; x_wconf 87' lang='lat' dir='ltr'><strong>suo</strong></span> <span class='ocrx_word' id='word_1_128' title='bbox 2084 866 2382 923; x_wconf 89' lang='lat' dir='ltr'><strong>ministerio</strong></span> <span class='ocrx_word' id='word_1_129' title='bbox 2410 871 2575 926; x_wconf 87' lang='lat' dir='ltr'><strong>utitur</strong></span> <span class='ocrx_word' id='word_1_130' title='bbox 2597 876 2954 941; x_wconf 90' lang='lat' dir='ltr'><strong>sacerdotum,</strong></span> <span class='ocrx_word' id='word_1_131' title='bbox 2983 877 3220 933; x_wconf 89' lang='lat' dir='ltr'><strong>conferat</strong></span> <span class='ocrx_word' id='word_1_132' title='bbox 3248 882 3401 936; x_wconf 85' lang='lat' dir='ltr'><strong>vobis</strong></span> <span class='ocrx_word' id='word_1_133' title='bbox 3420 898 3532 938; x_wconf 80' lang='lat' dir='ltr'><strong>suae</strong></span> 
     </span>
    </p>
   </div>
   <div class='ocr_carea' id='block_1_23' title="bbox 1955 955 3533 1039">
    <p class='ocr_par' dir='ltr' id='par_1_23' title="bbox 1955 955 3533 1039">
     <span class='ocr_line' id='line_1_23' title="bbox 1955 955 3533 1039; baseline 0.013 -32"><span class='ocrx_word' id='word_1_134' title='bbox 1955 955 2343 1022; x_wconf 82' lang='lat' dir='ltr'><strong>pmpitiationis</strong></span> <span class='ocrx_word' id='word_1_135' title='bbox 2369 969 2417 1014; x_wconf 90' lang='lat' dir='ltr'><strong>et</strong></span> <span class='ocrx_word' id='word_1_136' title='bbox 2451 961 2835 1020; x_wconf 81' lang='lat' dir='ltr'><strong>benedictionis</strong></span> <span class='ocrx_word' id='word_1_137' title='bbox 2883 966 3102 1022; x_wconf 90' lang='lat' dir='ltr'><strong>donum.</strong></span> <span class='ocrx_word' id='word_1_138' title='bbox 3156 968 3351 1025; x_wconf 85' lang='lat' dir='ltr'><strong>Amen.</strong></span> <span class='ocrx_word' id='word_1_139' title='bbox 3402 973 3533 1039; x_wconf 87' lang='lat' dir='ltr'><strong>Qui-</strong></span> 
     </span>
    </p>
   </div>
   <div class='ocr_carea' id='block_1_24' title="bbox 1951 1044 3531 1125">
    <p class='ocr_par' dir='ltr' id='par_1_24' title="bbox 1951 1044 3531 1125">
     <span class='ocr_line' id='line_1_24' title="bbox 1951 1044 3531 1125; baseline 0.013 -30"><span class='ocrx_word' id='word_1_140' title='bbox 1951 1057 2055 1110; x_wconf 89' lang='lat' dir='ltr'><strong>que</strong></span> <span class='ocrx_word' id='word_1_141' title='bbox 2104 1058 2187 1098; x_wconf 85' lang='lat' dir='ltr'><strong>tne</strong></span> <span class='ocrx_word' id='word_1_142' title='bbox 2235 1044 2508 1116; x_wconf 88' lang='lat' dir='ltr'><strong>indignum</strong></span> <span class='ocrx_word' id='word_1_143' title='bbox 2555 1050 2712 1103; x_wconf 90' lang='lat' dir='ltr'><strong>nullis</strong></span> <span class='ocrx_word' id='word_1_144' title='bbox 2757 1052 3109 1109; x_wconf 84' lang='lat' dir='ltr'><strong>existentibus</strong></span> <span class='ocrx_word' id='word_1_145' title='bbox 3161 1058 3388 1125; x_wconf 86' lang='lat' dir='ltr'><strong>meritis,</strong></span> <span class='ocrx_word' id='word_1_146' title='bbox 3435 1061 3531 1116; x_wconf 87' lang='lat' dir='ltr'><strong>sed</strong></span> 
     </span>
    </p>
   </div>
   <div class='ocr_carea' id='block_1_25' title="bbox 1952 1135 3529 1218">
    <p class='ocr_par' dir='ltr' id='par_1_25' title="bbox 1952 1135 3529 1218">
     <span class='ocr_line' id='line_1_25' title="bbox 1952 1135 3529 1218; baseline 0.013 -33"><span class='ocrx_word' id='word_1_147' title='bbox 1952 1135 2179 1201; x_wconf 88' lang='lat' dir='ltr'><strong>gratuita</strong></span> <span class='ocrx_word' id='word_1_148' title='bbox 2231 1149 2323 1191; x_wconf 85' lang='lat' dir='ltr'><strong>sua</strong></span> <span class='ocrx_word' id='word_1_149' title='bbox 2360 1139 2555 1207; x_wconf 87' lang='lat' dir='ltr'><strong>pietate</strong></span> <span class='ocrx_word' id='word_1_150' title='bbox 2608 1141 2729 1196; x_wconf 84' lang='lat' dir='ltr'><strong>huic</strong></span> <span class='ocrx_word' id='word_1_151' title='bbox 2783 1142 3038 1200; x_wconf 80' lang='lat' dir='ltr'><strong>Ecclesiae</strong></span> <span class='ocrx_word' id='word_1_152' title='bbox 3070 1163 3304 1216; x_wconf 59' lang='lat' dir='ltr'><strong>praeesse</strong></span> <span class='ocrx_word' id='word_1_153' title='bbox 3336 1151 3529 1218; x_wconf 87' lang='lat' dir='ltr'><strong>voluit,</strong></span> 
     </span>
    </p>
   </div>
   <div class='ocr_carea' id='block_1_26' title="bbox 1950 1225 3531 1298">
    <p class='ocr_par' dir='ltr' id='par_1_26' title="bbox 1950 1225 3531 1298">
     <span class='ocr_line' id='line_1_26' title="bbox 1950 1225 3531 1298; baseline 0.01 -17"><span class='ocrx_word' id='word_1_154' title='bbox 1950 1225 2218 1298; x_wconf 78' lang='lat' dir='ltr'><strong>suffragiis</strong></span> <span class='ocrx_word' id='word_1_155' title='bbox 2245 1241 2549 1286; x_wconf 87' lang='lat' dir='ltr'><strong>sanctorum</strong></span> <span class='ocrx_word' id='word_1_156' title='bbox 2602 1247 2819 1289; x_wconf 91' lang='lat' dir='ltr'><strong>suorum</strong></span> <span class='ocrx_word' id='word_1_157' title='bbox 2849 1252 2937 1291; x_wconf 90' lang='lat' dir='ltr'><strong>me</strong></span> <span class='ocrx_word' id='word_1_158' title='bbox 2969 1238 3036 1292; x_wconf 89' lang='lat' dir='ltr'><strong>ab</strong></span> <span class='ocrx_word' id='word_1_159' title='bbox 3065 1241 3315 1297; x_wconf 89' lang='lat' dir='ltr'><strong>omnibus</strong></span> <span class='ocrx_word' id='word_1_160' title='bbox 3344 1243 3531 1298; x_wconf 86' lang='lat' dir='ltr'><strong>vincu-</strong></span> 
     </span>
    </p>
   </div>
   <div class='ocr_carea' id='block_1_27' title="bbox 1951 1318 3528 1401">
    <p class='ocr_par' dir='ltr' id='par_1_27' title="bbox 1951 1318 3528 1401">
     <span class='ocr_line' id='line_1_27' title="bbox 1951 1318 3528 1401; baseline 0.013 -29"><span class='ocrx_word' id='word_1_161' title='bbox 1951 1318 2014 1373; x_wconf 89' lang='lat' dir='ltr'><strong>lis</strong></span> <span class='ocrx_word' id='word_1_162' title='bbox 2069 1332 2407 1389; x_wconf 87' lang='lat' dir='ltr'><strong>peccatorum</strong></span> <span class='ocrx_word' id='word_1_163' title='bbox 2458 1326 2718 1393; x_wconf 84' lang='lat' dir='ltr'><strong>absolvat,</strong></span> <span class='ocrx_word' id='word_1_164' title='bbox 2754 1331 3059 1401; x_wconf 86' lang='lat' dir='ltr'><strong>sanctisque</strong></span> <span class='ocrx_word' id='word_1_165' title='bbox 3105 1335 3215 1390; x_wconf 91' lang='lat' dir='ltr'><strong>suis</strong></span> <span class='ocrx_word' id='word_1_166' title='bbox 3271 1336 3528 1393; x_wconf 86' lang='lat' dir='ltr'><strong>altaribus</strong></span> 
     </span>
    </p>
   </div>
   <div class='ocr_carea' id='block_1_28' title="bbox 1951 1415 3526 1488">
    <p class='ocr_par' dir='ltr' id='par_1_28' title="bbox 1951 1415 3526 1488">
     <span class='ocr_line' id='line_1_28' title="bbox 1951 1415 3526 1488; baseline 0.013 -24"><span class='ocrx_word' id='word_1_167' title='bbox 1951 1419 2230 1468; x_wconf 89' lang='lat' dir='ltr'><strong>strenuum</strong></span> <span class='ocrx_word' id='word_1_168' title='bbox 2297 1415 2621 1488; x_wconf 88' lang='lat' dir='ltr'><strong>dignumque</strong></span> <span class='ocrx_word' id='word_1_169' title='bbox 2686 1421 2990 1478; x_wconf 91' lang='lat' dir='ltr'><strong>ministrum</strong></span> <span class='ocrx_word' id='word_1_170' title='bbox 3057 1424 3272 1482; x_wconf 84' lang='lat' dir='ltr'><strong>efﬁciat.</strong></span> <span class='ocrx_word' id='word_1_171' title='bbox 3330 1430 3526 1486; x_wconf 87' lang='lat' dir='ltr'><strong>Amen.</strong></span> 
     </span>
    </p>
   </div>
   <div class='ocr_carea' id='block_1_29' title="bbox 1948 1504 3530 1593">
    <p class='ocr_par' dir='ltr' id='par_1_29' title="bbox 1948 1504 3530 1593">
     <span class='ocr_line' id='line_1_29' title="bbox 1948 1504 3530 1593; baseline 0.013 -35"><span class='ocrx_word' id='word_1_172' title='bbox 1948 1504 2242 1574; x_wconf 87' lang='lat' dir='ltr'><strong>Quatenus,</strong></span> <span class='ocrx_word' id='word_1_173' title='bbox 2281 1524 2373 1577; x_wconf 86' lang='lat' dir='ltr'><strong>per</strong></span> <span class='ocrx_word' id='word_1_174' title='bbox 2400 1513 2644 1581; x_wconf 84' lang='lat' dir='ltr'><strong>exempla</strong></span> <span class='ocrx_word' id='word_1_175' title='bbox 2691 1525 2996 1572; x_wconf 90' lang='lat' dir='ltr'><strong>sanctorum</strong></span> <span class='ocrx_word' id='word_1_176' title='bbox 3047 1521 3388 1576; x_wconf 83' lang='lat' dir='ltr'><strong>saccrdowm</strong></span> <span class='ocrx_word' id='word_1_177' title='bbox 3437 1524 3530 1593; x_wconf 86' lang='lat' dir='ltr'><strong>qui</strong></span> 
     </span>
    </p>
   </div>
   <div class='ocr_carea' id='block_1_30' title="bbox 1948 1596 3530 1684">
    <p class='ocr_par' dir='ltr' id='par_1_30' title="bbox 1948 1596 3530 1684">
     <span class='ocr_line' id='line_1_30' title="bbox 1948 1596 3530 1684; baseline 0.012 -33"><span class='ocrx_word' id='word_1_178' title='bbox 1948 1596 2000 1651; x_wconf 90' lang='lat' dir='ltr'><strong>in</strong></span> <span class='ocrx_word' id='word_1_179' title='bbox 2033 1597 2133 1653; x_wconf 84' lang='lat' dir='ltr'><strong>hac</strong></span> <span class='ocrx_word' id='word_1_180' title='bbox 2162 1598 2290 1654; x_wconf 80' lang='lat' dir='ltr'><strong>sede</strong></span> <span class='ocrx_word' id='word_1_181' title='bbox 2321 1610 2373 1655; x_wconf 91' lang='lat' dir='ltr'><strong>et</strong></span> <span class='ocrx_word' id='word_1_182' title='bbox 2406 1603 2457 1656; x_wconf 92' lang='lat' dir='ltr'><strong>in</strong></span> <span class='ocrx_word' id='word_1_183' title='bbox 2493 1605 2594 1659; x_wconf 84' lang='lat' dir='ltr'><strong>hoc</strong></span> <span class='ocrx_word' id='word_1_184' title='bbox 2628 1605 2927 1663; x_wconf 89' lang='lat' dir='ltr'><strong>ministerio</strong></span> <span class='ocrx_word' id='word_1_185' title='bbox 2975 1610 3025 1665; x_wconf 90' lang='lat' dir='ltr'><strong>ei</strong></span> <span class='ocrx_word' id='word_1_186' title='bbox 3054 1612 3369 1679; x_wconf 86' lang='lat' dir='ltr'><strong>placuerunt</strong></span> <span class='ocrx_word' id='word_1_187' title='bbox 3412 1629 3530 1684; x_wconf 86' lang='lat' dir='ltr'><strong>gra-</strong></span> 
     </span>
    </p>
   </div>
   <div class='ocr_carea' id='block_1_31' title="bbox 1946 1687 3619 1765">
    <p class='ocr_par' dir='ltr' id='par_1_31' title="bbox 1946 1687 3619 1765">
     <span class='ocr_line' id='line_1_31' title="bbox 1946 1687 3619 1765; baseline 0.011 -23"><span class='ocrx_word' id='word_1_188' title='bbox 1946 1687 2175 1756; x_wconf 89' lang='lat' dir='ltr'><strong>dientes,</strong></span> <span class='ocrx_word' id='word_1_189' title='bbox 2206 1707 2529 1765; x_wconf 81' lang='lat' dir='ltr'><strong>gregemque</strong></span> <span class='ocrx_word' id='word_1_190' title='bbox 2558 1699 2910 1754; x_wconf 88' lang='lat' dir='ltr'><strong>commissum</strong></span> <span class='ocrx_word' id='word_1_191' title='bbox 2940 1702 3235 1757; x_wconf 89' lang='lat' dir='ltr'><strong>secundum</strong></span> <span class='ocrx_word' id='word_1_192' title='bbox 3260 1719 3410 1759; x_wconf 89' lang='lat' dir='ltr'><strong>suam</strong></span> <span class='ocrx_word' id='word_1_193' title='bbox 3435 1719 3528 1759; x_wconf 89' lang='lat' dir='ltr'><strong>vo-</strong></span> <span class='ocrx_word' id='word_1_194' title='bbox 3617 1690 3619 1693; x_wconf 12' lang='lat' dir='ltr'><strong>V</strong></span> 
     </span>
    </p>
   </div>
   <div class='ocr_carea' id='block_1_32' title="bbox 1946 1778 3527 1865">
    <p class='ocr_par' dir='ltr' id='par_1_32' title="bbox 1946 1778 3527 1865">
     <span class='ocr_line' id='line_1_32' title="bbox 1946 1778 3527 1865; baseline 0.012 -33"><span class='ocrx_word' id='word_1_195' title='bbox 1946 1778 2224 1847; x_wconf 89' lang='lat' dir='ltr'><strong>luntatem,</strong></span> <span class='ocrx_word' id='word_1_196' title='bbox 2273 1799 2338 1838; x_wconf 91' lang='lat' dir='ltr'><strong>eo</strong></span> <span class='ocrx_word' id='word_1_197' title='bbox 2370 1785 2684 1854; x_wconf 88' lang='lat' dir='ltr'><strong>opitulante,</strong></span> <span class='ocrx_word' id='word_1_198' title='bbox 2720 1798 2989 1859; x_wconf 86' lang='lat' dir='ltr'><strong>regentes.</strong></span> <span class='ocrx_word' id='word_1_199' title='bbox 3030 1793 3095 1849; x_wconf 87' lang='lat' dir='ltr'><strong>ab</strong></span> <span class='ocrx_word' id='word_1_200' title='bbox 3146 1796 3382 1850; x_wconf 89' lang='lat' dir='ltr'><strong>omnium</strong></span> <span class='ocrx_word' id='word_1_201' title='bbox 3432 1810 3527 1865; x_wconf 87' lang='lat' dir='ltr'><strong>pa-</strong></span> 
     </span>
    </p>
   </div>
   <div class='ocr_carea' id='block_1_33' title="bbox 244 1874 3520 1982">
    <p class='ocr_par' dir='ltr' id='par_1_33' title="bbox 244 1874 3520 1982">
     <span class='ocr_line' id='line_1_33' title="bbox 244 1874 3520 1982; baseline 0.009 -29"><span class='ocrx_word' id='word_1_202' title='bbox 244 1874 730 1972; x_wconf 30' lang='lat' dir='ltr'><strong>mihi&#39;eont-u-listi,</strong></span> <span class='ocrx_word' id='word_1_203' title='bbox 779 1874 1336 1964; x_wconf 45' lang='lat' dir='ltr'><strong>inter-cedente&#39;beato</strong></span> <span class='ocrx_word' id='word_1_204' title='bbox 1388 1874 1551 1967; x_wconf 67' lang='lat' dir='ltr'><strong>i’etro</strong></span> <span class='ocrx_word' id='word_1_205' title='bbox 1584 1874 1833 1982; x_wconf 74' lang='lat' dir='ltr'><strong>apostolo</strong></span> <span class='ocrx_word' id='word_1_206' title='bbox 1866 1874 2419 1982; x_wconf 31' lang='lat' dir='ltr'><strong>BswriiinPasmre</strong></span> <span class='ocrx_word' id='word_1_207' title='bbox 2470 1876 2966 1982; x_wconf 59' lang='lat' dir='ltr'><strong>Ch&quot;is,“’..p°mi&quot;9</strong></span> <span class='ocrx_word' id='word_1_208' title='bbox 3034 1887 3251 1982; x_wconf 43' lang='lat' dir='ltr'><strong>pmmi‘i</strong></span> <span class='ocrx_word' id='word_1_209' title='bbox 3319 1888 3520 1982; x_wconf 33' lang='lat' dir='ltr'><strong>sinetis</strong></span> 
     </span>
    </p>
   </div>
   <div class='ocr_carea' id='block_1_34' title="bbox 244 1993 1176 2067">
    <p class='ocr_par' dir='ltr' id='par_1_34' title="bbox 244 1993 1176 2067">
     <span class='ocr_line' id='line_1_34' title="bbox 244 1993 1176 2067; baseline 0.01 -22"><span class='ocrx_word' id='word_1_210' title='bbox 244 1998 357 2058; x_wconf 89' lang='lat' dir='ltr'><strong>tuo,</strong></span> <span class='ocrx_word' id='word_1_211' title='bbox 392 1993 662 2063; x_wconf 89' lang='lat' dir='ltr'><strong>propitius</strong></span> <span class='ocrx_word' id='word_1_212' title='bbox 690 1999 1021 2067; x_wconf 75' lang='lat' dir='ltr'><strong>exsequeris.</strong></span> <span class='ocrx_word' id='word_1_213' title='bbox 1057 1999 1176 2055; x_wconf 89' lang='lat' dir='ltr'><strong>Per.</strong></span> 
     </span>
    </p>
   </div>
   <div class='ocr_carea' id='block_1_35' title="bbox 314 2082 1837 2169">
    <p class='ocr_par' dir='ltr' id='par_1_35' title="bbox 314 2082 1837 2169">
     <span class='ocr_line' id='line_1_35' title="bbox 314 2082 1837 2169; baseline 0.012 -32"><span class='ocrx_word' id='word_1_214' title='bbox 314 2082 594 2155; x_wconf 69' lang='lat' dir='ltr'><strong>Praefatio.</strong></span> <span class='ocrx_word' id='word_1_215' title='bbox 620 2117 693 2128; x_wconf 93' lang='lat'><strong>-—</strong></span> <span class='ocrx_word' id='word_1_216' title='bbox 718 2088 859 2145; x_wconf 77' lang='lat' dir='ltr'><strong>Vere</strong></span> <span class='ocrx_word' id='word_1_217' title='bbox 904 2090 1124 2162; x_wconf 88' lang='lat' dir='ltr'><strong>dignum</strong></span> <span class='ocrx_word' id='word_1_218' title='bbox 1153 2098 1219 2164; x_wconf 60' lang='grc' dir='ltr'><strong>ζει</strong></span> <span class='ocrx_word' id='word_1_219' title='bbox 1259 2093 1457 2165; x_wconf 81' lang='lat' dir='ltr'><strong>justum</strong></span> <span class='ocrx_word' id='word_1_220' title='bbox 1491 2105 1591 2162; x_wconf 88' lang='lat' dir='ltr'><strong>est,</strong></span> <span class='ocrx_word' id='word_1_221' title='bbox 1627 2113 1837 2169; x_wconf 63' lang='lat' dir='ltr'><strong>aequum</strong></span> 
     </span>
    </p>
   </div>
   <div class='ocr_carea' id='block_1_36' title="bbox 241 2177 1836 2261">
    <p class='ocr_par' dir='ltr' id='par_1_36' title="bbox 241 2177 1836 2261">
     <span class='ocr_line' id='line_1_36' title="bbox 241 2177 1836 2261; baseline 0.009 -29"><span class='ocrx_word' id='word_1_222' title='bbox 241 2185 300 2233; x_wconf 87' lang='lat' dir='ltr'><strong>et</strong></span> <span class='ocrx_word' id='word_1_223' title='bbox 329 2177 596 2248; x_wconf 86' lang='lat' dir='ltr'><strong>salutare,</strong></span> <span class='ocrx_word' id='word_1_224' title='bbox 616 2195 711 2236; x_wconf 89' lang='lat' dir='ltr'><strong>nos</strong></span> <span class='ocrx_word' id='word_1_225' title='bbox 733 2182 829 2237; x_wconf 92' lang='lat' dir='ltr'><strong>tibi</strong></span> <span class='ocrx_word' id='word_1_226' title='bbox 859 2197 1075 2253; x_wconf 89' lang='lat' dir='ltr'><strong>semper</strong></span> <span class='ocrx_word' id='word_1_227' title='bbox 1103 2194 1157 2241; x_wconf 91' lang='lat' dir='ltr'><strong>et</strong></span> <span class='ocrx_word' id='word_1_228' title='bbox 1180 2185 1374 2256; x_wconf 91' lang='lat' dir='ltr'><strong>ubique</strong></span> <span class='ocrx_word' id='word_1_229' title='bbox 1413 2190 1612 2260; x_wconf 81' lang='lat' dir='ltr'><strong>gratias</strong></span> <span class='ocrx_word' id='word_1_230' title='bbox 1658 2206 1836 2261; x_wconf 88' lang='lat' dir='ltr'><strong>agere,</strong></span> 
     </span>
    </p>
   </div>
   <div class='ocr_carea' id='block_1_37' title="bbox 240 2263 1840 2344">
    <p class='ocr_par' dir='ltr' id='par_1_37' title="bbox 240 2263 1840 2344">
     <span class='ocr_line' id='line_1_37' title="bbox 240 2263 1840 2344; baseline 0.01 -26"><span class='ocrx_word' id='word_1_231' title='bbox 240 2263 484 2321; x_wconf 86' lang='lat' dir='ltr'><strong>Domine</strong></span> <span class='ocrx_word' id='word_1_232' title='bbox 516 2279 714 2335; x_wconf 85' lang='lat' dir='ltr'><strong>sancte,</strong></span> <span class='ocrx_word' id='word_1_233' title='bbox 745 2268 908 2326; x_wconf 85' lang='lat' dir='ltr'><strong>Pater</strong></span> <span class='ocrx_word' id='word_1_234' title='bbox 928 2271 1269 2341; x_wconf 90' lang='lat' dir='ltr'><strong>omnipotens</strong></span> <span class='ocrx_word' id='word_1_235' title='bbox 1289 2315 1304 2338; x_wconf 93' lang='lat'><strong>,</strong></span> <span class='ocrx_word' id='word_1_236' title='bbox 1335 2284 1539 2331; x_wconf 83' lang='lat' dir='ltr'><strong>aeterne</strong></span> <span class='ocrx_word' id='word_1_237' title='bbox 1571 2278 1708 2333; x_wconf 90' lang='lat' dir='ltr'><strong>Deus</strong></span> <span class='ocrx_word' id='word_1_238' title='bbox 1729 2320 1743 2344; x_wconf 90' lang='lat'><strong>,</strong></span> <span class='ocrx_word' id='word_1_239' title='bbox 1782 2286 1840 2333; x_wconf 87' lang='lat' dir='ltr'><strong>ut</strong></span> 
     </span>
    </p>
   </div>
   <div class='ocr_carea' id='block_1_38' title="bbox 239 2354 1839 2437">
    <p class='ocr_par' dir='ltr' id='par_1_38' title="bbox 239 2354 1839 2437">
     <span class='ocr_line' id='line_1_38' title="bbox 239 2354 1839 2437; baseline 0.009 -28"><span class='ocrx_word' id='word_1_240' title='bbox 239 2354 367 2425; x_wconf 85' lang='lat' dir='ltr'><strong>quia</strong></span> <span class='ocrx_word' id='word_1_241' title='bbox 399 2356 459 2412; x_wconf 87' lang='lat' dir='ltr'><strong>in</strong></span> <span class='ocrx_word' id='word_1_242' title='bbox 486 2373 645 2413; x_wconf 87' lang='lat' dir='ltr'><strong>mantt</strong></span> <span class='ocrx_word' id='word_1_243' title='bbox 676 2370 764 2415; x_wconf 89' lang='lat' dir='ltr'><strong>tua</strong></span> <span class='ocrx_word' id='word_1_244' title='bbox 793 2361 909 2418; x_wconf 90' lang='lat' dir='ltr'><strong>dies</strong></span> <span class='ocrx_word' id='word_1_245' title='bbox 938 2365 1107 2419; x_wconf 92' lang='lat' dir='ltr'><strong>nostri</strong></span> <span class='ocrx_word' id='word_1_246' title='bbox 1135 2364 1351 2435; x_wconf 88' lang='lat' dir='ltr'><strong>vitaque</strong></span> <span class='ocrx_word' id='word_1_247' title='bbox 1381 2368 1660 2437; x_wconf 91' lang='lat' dir='ltr'><strong>consistit,</strong></span> <span class='ocrx_word' id='word_1_248' title='bbox 1698 2368 1839 2426; x_wconf 90' lang='lat' dir='ltr'><strong>sicut</strong></span> 
     </span>
    </p>
   </div>
   <div class='ocr_carea' id='block_1_39' title="bbox 241 2448 1839 2533">
    <p class='ocr_par' dir='ltr' id='par_1_39' title="bbox 241 2448 1839 2533">
     <span class='ocr_line' id='line_1_39' title="bbox 241 2448 1839 2533; baseline 0.008 -29"><span class='ocrx_word' id='word_1_249' title='bbox 241 2448 511 2508; x_wconf 83' lang='lat' dir='ltr'><strong>honorem</strong></span> <span class='ocrx_word' id='word_1_250' title='bbox 544 2453 704 2510; x_wconf 87' lang='lat' dir='ltr'><strong>nobis</strong></span> <span class='ocrx_word' id='word_1_251' title='bbox 733 2454 968 2526; x_wconf 79' lang='lat' dir='ltr'><strong>indignis</strong></span> <span class='ocrx_word' id='word_1_252' title='bbox 995 2457 1208 2528; x_wconf 86' lang='lat' dir='ltr'><strong>largiris</strong></span> <span class='ocrx_word' id='word_1_253' title='bbox 1249 2459 1564 2529; x_wconf 89' lang='lat' dir='ltr'><strong>ministerii,</strong></span> <span class='ocrx_word' id='word_1_254' title='bbox 1609 2462 1686 2517; x_wconf 90' lang='lat' dir='ltr'><strong>sic</strong></span> <span class='ocrx_word' id='word_1_255' title='bbox 1709 2478 1839 2533; x_wconf 86' lang='lat' dir='ltr'><strong>quo-</strong></span> 
     </span>
    </p>
   </div>
   <div class='ocr_carea' id='block_1_40' title="bbox 240 2546 1840 2625">
    <p class='ocr_par' dir='ltr' id='par_1_40' title="bbox 240 2546 1840 2625">
     <span class='ocr_line' id='line_1_40' title="bbox 240 2546 1840 2625; baseline 0.008 -26"><span class='ocrx_word' id='word_1_256' title='bbox 240 2558 347 2614; x_wconf 86' lang='lat' dir='ltr'><strong>que</strong></span> <span class='ocrx_word' id='word_1_257' title='bbox 403 2546 620 2601; x_wconf 89' lang='lat' dir='ltr'><strong>tribuas</strong></span> <span class='ocrx_word' id='word_1_258' title='bbox 676 2549 1011 2607; x_wconf 90' lang='lat' dir='ltr'><strong>rationabilis</strong></span> <span class='ocrx_word' id='word_1_259' title='bbox 1062 2552 1303 2623; x_wconf 90' lang='lat' dir='ltr'><strong>obsequii</strong></span> <span class='ocrx_word' id='word_1_260' title='bbox 1356 2556 1623 2625; x_wconf 90' lang='lat' dir='ltr'><strong>propitius</strong></span> <span class='ocrx_word' id='word_1_261' title='bbox 1668 2556 1840 2612; x_wconf 89' lang='lat' dir='ltr'><strong>incre-</strong></span> 
     </span>
    </p>
   </div>
   <div class='ocr_carea' id='block_1_41' title="bbox 241 2639 1838 2720">
    <p class='ocr_par' dir='ltr' id='par_1_41' title="bbox 241 2639 1838 2720">
     <span class='ocr_line' id='line_1_41' title="bbox 241 2639 1838 2720; baseline 0.01 -28"><span class='ocrx_word' id='word_1_262' title='bbox 241 2648 512 2694; x_wconf 87' lang='lat' dir='ltr'><strong>mentum.</strong></span> <span class='ocrx_word' id='word_1_263' title='bbox 545 2639 616 2695; x_wconf 86' lang='lat' dir='ltr'><strong>Et</strong></span> <span class='ocrx_word' id='word_1_264' title='bbox 665 2648 755 2697; x_wconf 89' lang='lat' dir='ltr'><strong>tua</strong></span> <span class='ocrx_word' id='word_1_265' title='bbox 782 2641 918 2698; x_wconf 91' lang='lat' dir='ltr'><strong>dona</strong></span> <span class='ocrx_word' id='word_1_266' title='bbox 968 2644 1022 2699; x_wconf 92' lang='lat' dir='ltr'><strong>in</strong></span> <span class='ocrx_word' id='word_1_267' title='bbox 1057 2645 1215 2701; x_wconf 88' lang='lat' dir='ltr'><strong>nobis</strong></span> <span class='ocrx_word' id='word_1_268' title='bbox 1244 2648 1540 2715; x_wconf 85' lang='lat' dir='ltr'><strong>custodias,</strong></span> <span class='ocrx_word' id='word_1_269' title='bbox 1571 2656 1629 2704; x_wconf 92' lang='lat' dir='ltr'><strong>ut</strong></span> <span class='ocrx_word' id='word_1_270' title='bbox 1675 2650 1838 2720; x_wconf 80' lang='lat'><strong>227</strong></span> 
     </span>
    </p>
   </div>
   <div class='ocr_carea' id='block_1_42' title="bbox 243 2732 1841 2813">
    <p class='ocr_par' dir='ltr' id='par_1_42' title="bbox 243 2732 1841 2813">
     <span class='ocr_line' id='line_1_42' title="bbox 243 2732 1841 2813; baseline 0.008 -27"><span class='ocrx_word' id='word_1_271' title='bbox 243 2732 357 2801; x_wconf 86' lang='lat' dir='ltr'><strong>ejus</strong></span> <span class='ocrx_word' id='word_1_272' title='bbox 386 2732 668 2804; x_wconf 74' lang='lat' dir='ltr'><strong>suffragiis</strong></span> <span class='ocrx_word' id='word_1_273' title='bbox 708 2735 849 2806; x_wconf 90' lang='lat' dir='ltr'><strong>apud</strong></span> <span class='ocrx_word' id='word_1_274' title='bbox 888 2745 941 2793; x_wconf 93' lang='lat' dir='ltr'><strong>te</strong></span> <span class='ocrx_word' id='word_1_275' title='bbox 964 2751 1183 2809; x_wconf 88' lang='lat' dir='ltr'><strong>semper</strong></span> <span class='ocrx_word' id='word_1_276' title='bbox 1215 2740 1412 2796; x_wconf 90' lang='lat' dir='ltr'><strong>reddar</strong></span> <span class='ocrx_word' id='word_1_277' title='bbox 1453 2753 1727 2813; x_wconf 84' lang='lat' dir='ltr'><strong>acceptus,</strong></span> <span class='ocrx_word' id='word_1_278' title='bbox 1752 2758 1841 2799; x_wconf 85' lang='lat' dir='ltr'><strong>cu-</strong></span> 
     </span>
    </p>
   </div>
   <div class='ocr_carea' id='block_1_43' title="bbox 240 2823 1837 2906">
    <p class='ocr_par' dir='ltr' id='par_1_43' title="bbox 240 2823 1837 2906">
     <span class='ocr_line' id='line_1_43' title="bbox 240 2823 1837 2906; baseline 0.011 -27"><span class='ocrx_word' id='word_1_279' title='bbox 240 2823 324 2893; x_wconf 81' lang='lat' dir='ltr'><strong>jus</strong></span> <span class='ocrx_word' id='word_1_280' title='bbox 367 2841 461 2883; x_wconf 87' lang='lat' dir='ltr'><strong>me</strong></span> <span class='ocrx_word' id='word_1_281' title='bbox 494 2828 619 2895; x_wconf 80' lang='lat' dir='ltr'><strong>vice</strong></span> <span class='ocrx_word' id='word_1_282' title='bbox 650 2827 810 2886; x_wconf 85' lang='lat' dir='ltr'><strong>hodie</strong></span> <span class='ocrx_word' id='word_1_283' title='bbox 852 2829 1111 2889; x_wconf 76' lang='lat' dir='ltr'><strong>Ecclesia:</strong></span> <span class='ocrx_word' id='word_1_284' title='bbox 1153 2843 1259 2890; x_wconf 75' lang='lat' dir='ltr'><strong>tua:</strong></span> <span class='ocrx_word' id='word_1_285' title='bbox 1309 2850 1544 2906; x_wconf 65' lang='lat' dir='ltr'><strong>praeesse</strong></span> <span class='ocrx_word' id='word_1_286' title='bbox 1596 2838 1837 2897; x_wconf 81' lang='lat' dir='ltr'><strong>voluisti.</strong></span> 
     </span>
    </p>
   </div>
   <div class='ocr_carea' id='block_1_44' title="bbox 241 2916 672 2977">
    <p class='ocr_par' dir='ltr' id='par_1_44' title="bbox 241 2916 672 2977">
     <span class='ocr_line' id='line_1_44' title="bbox 241 2916 672 2977; baseline 0.007 -3"><span class='ocrx_word' id='word_1_287' title='bbox 241 2916 341 2975; x_wconf 85' lang='lat' dir='ltr'><strong>Per</strong></span> <span class='ocrx_word' id='word_1_288' title='bbox 365 2918 672 2977; x_wconf 86' lang='lat' dir='ltr'><strong>Christum.</strong></span> 
     </span>
    </p>
   </div>
   <div class='ocr_carea' id='block_1_45' title="bbox 307 3010 1836 3090">
    <p class='ocr_par' dir='ltr' id='par_1_45' title="bbox 307 3010 1836 3090">
     <span class='ocr_line' id='line_1_45' title="bbox 307 3010 1836 3090; baseline 0.009 -26"><span class='ocrx_word' id='word_1_289' title='bbox 307 3010 393 3064; x_wconf 75' lang='lat' dir='ltr'><strong>Ad</strong></span> <span class='ocrx_word' id='word_1_290' title='bbox 455 3010 847 3083; x_wconf 80' lang='lat' dir='ltr'><strong>Complendum.</strong></span> <span class='ocrx_word' id='word_1_291' title='bbox 906 3044 978 3057; x_wconf 90' lang='lat'><strong>—-</strong></span> <span class='ocrx_word' id='word_1_292' title='bbox 1019 3016 1274 3087; x_wconf 79' lang='lat' dir='ltr'><strong>CorpOris</strong></span> <span class='ocrx_word' id='word_1_293' title='bbox 1322 3019 1465 3075; x_wconf 88' lang='lat' dir='ltr'><strong>sacri</strong></span> <span class='ocrx_word' id='word_1_294' title='bbox 1506 3029 1561 3076; x_wconf 90' lang='lat' dir='ltr'><strong>et</strong></span> <span class='ocrx_word' id='word_1_295' title='bbox 1615 3021 1836 3090; x_wconf 90' lang='lat' dir='ltr'><strong>pretiosi</strong></span> 
     </span>
    </p>
   </div>
   <div class='ocr_carea' id='block_1_46' title="bbox 236 3104 1829 3180">
    <p class='ocr_par' dir='ltr' id='par_1_46' title="bbox 236 3104 1829 3180">
     <span class='ocr_line' id='line_1_46' title="bbox 236 3104 1829 3180; baseline 0.007 -22"><span class='ocrx_word' id='word_1_296' title='bbox 236 3104 525 3175; x_wconf 74' lang='lat' dir='ltr'><strong>sanguinis</strong></span> <span class='ocrx_word' id='word_1_297' title='bbox 556 3107 749 3177; x_wconf 89' lang='lat' dir='ltr'><strong>repleti</strong></span> <span class='ocrx_word' id='word_1_298' title='bbox 780 3108 1062 3178; x_wconf 88' lang='lat' dir='ltr'><strong>libamine,</strong></span> <span class='ocrx_word' id='word_1_299' title='bbox 1084 3125 1413 3180; x_wconf 72' lang='lat' dir='ltr'><strong>quaesumus,</strong></span> <span class='ocrx_word' id='word_1_300' title='bbox 1443 3113 1668 3171; x_wconf 88' lang='lat' dir='ltr'><strong>Domine</strong></span> <span class='ocrx_word' id='word_1_301' title='bbox 1684 3115 1829 3170; x_wconf 91' lang='lat' dir='ltr'><strong>Deus</strong></span> 
     </span>
    </p>
   </div>
   <div class='ocr_carea' id='block_1_47' title="bbox 237 3201 1833 3276">
    <p class='ocr_par' dir='ltr' id='par_1_47' title="bbox 237 3201 1833 3276">
     <span class='ocr_line' id='line_1_47' title="bbox 237 3201 1833 3276; baseline 0.008 -23"><span class='ocrx_word' id='word_1_302' title='bbox 237 3207 451 3266; x_wconf 73' lang='lat' dir='ltr'><strong>noster,</strong></span> <span class='ocrx_word' id='word_1_303' title='bbox 485 3209 544 3256; x_wconf 93' lang='lat' dir='ltr'><strong>ut</strong></span> <span class='ocrx_word' id='word_1_304' title='bbox 581 3201 769 3272; x_wconf 84' lang='lat' dir='ltr'><strong>gratiae</strong></span> <span class='ocrx_word' id='word_1_305' title='bbox 798 3211 901 3259; x_wconf 69' lang='lat' dir='ltr'><strong>tua:</strong></span> <span class='ocrx_word' id='word_1_306' title='bbox 928 3219 1142 3271; x_wconf 90' lang='lat' dir='ltr'><strong>munus,</strong></span> <span class='ocrx_word' id='word_1_307' title='bbox 1176 3206 1319 3276; x_wconf 91' lang='lat' dir='ltr'><strong>quod</strong></span> <span class='ocrx_word' id='word_1_308' title='bbox 1350 3206 1506 3263; x_wconf 90' lang='lat' dir='ltr'><strong>nobis</strong></span> <span class='ocrx_word' id='word_1_309' title='bbox 1548 3210 1833 3269; x_wconf 89' lang='lat' dir='ltr'><strong>immeritis</strong></span> 
     </span>
    </p>
   </div>
   <div class='ocr_carea' id='block_1_48' title="bbox 1946 1967 3526 2043">
    <p class='ocr_par' dir='ltr' id='par_1_48' title="bbox 1946 1967 3526 2043">
     <span class='ocr_line' id='line_1_48' title="bbox 1946 1967 3526 2043; baseline 0.009 -24"><span class='ocrx_word' id='word_1_310' title='bbox 1946 1967 2211 2035; x_wconf 88' lang='lat' dir='ltr'><strong>promissa</strong></span> <span class='ocrx_word' id='word_1_311' title='bbox 2257 1982 2362 2021; x_wconf 91' lang='lat' dir='ltr'><strong>una</strong></span> <span class='ocrx_word' id='word_1_312' title='bbox 2392 1983 2513 2023; x_wconf 90' lang='lat' dir='ltr'><strong>cum</strong></span> <span class='ocrx_word' id='word_1_313' title='bbox 2558 1971 2789 2026; x_wconf 87' lang='lat' dir='ltr'><strong>subditis</strong></span> <span class='ocrx_word' id='word_1_314' title='bbox 2821 1974 3098 2043; x_wconf 88' lang='lat' dir='ltr'><strong>percipere</strong></span> <span class='ocrx_word' id='word_1_315' title='bbox 3128 1985 3181 2031; x_wconf 92' lang='lat' dir='ltr'><strong>et</strong></span> <span class='ocrx_word' id='word_1_316' title='bbox 3232 1977 3286 2031; x_wconf 91' lang='lat' dir='ltr'><strong>in</strong></span> <span class='ocrx_word' id='word_1_317' title='bbox 3324 1977 3526 2034; x_wconf 87' lang='lat' dir='ltr'><strong>electo-</strong></span> 
     </span>
    </p>
   </div>
   <div class='ocr_carea' id='block_1_49' title="bbox 1944 2062 3524 2140">
    <p class='ocr_par' dir='ltr' id='par_1_49' title="bbox 1944 2062 3524 2140">
     <span class='ocr_line' id='line_1_49' title="bbox 1944 2062 3524 2140; baseline 0.011 -31"><span class='ocrx_word' id='word_1_318' title='bbox 1944 2070 2059 2109; x_wconf 92' lang='lat' dir='ltr'><strong>rum</strong></span> <span class='ocrx_word' id='word_1_319' title='bbox 2090 2072 2312 2114; x_wconf 88' lang='lat' dir='ltr'><strong>numero</strong></span> <span class='ocrx_word' id='word_1_320' title='bbox 2344 2075 2648 2116; x_wconf 88' lang='lat' dir='ltr'><strong>mereamur</strong></span> <span class='ocrx_word' id='word_1_321' title='bbox 2693 2062 2929 2134; x_wconf 90' lang='lat' dir='ltr'><strong>adjungi.</strong></span> <span class='ocrx_word' id='word_1_322' title='bbox 2977 2067 3170 2123; x_wconf 83' lang='lat' dir='ltr'><strong>Amen.</strong></span> <span class='ocrx_word' id='word_1_323' title='bbox 3219 2068 3368 2136; x_wconf 87' lang='lat' dir='ltr'><strong>Quod</strong></span> <span class='ocrx_word' id='word_1_324' title='bbox 3408 2069 3524 2140; x_wconf 90' lang='lat' dir='ltr'><strong>ipse</strong></span> 
     </span>
    </p>
   </div>
   <div class='ocr_carea' id='block_1_50' title="bbox 1944 2151 2495 2227">
    <p class='ocr_par' dir='ltr' id='par_1_50' title="bbox 1944 2151 2495 2227">
     <span class='ocr_line' id='line_1_50' title="bbox 1944 2151 2495 2227; baseline 0.009 -25"><span class='ocrx_word' id='word_1_325' title='bbox 1944 2159 2198 2217; x_wconf 64' lang='lat' dir='ltr'><strong>praestare</strong></span> <span class='ocrx_word' id='word_1_326' title='bbox 2225 2151 2495 2227; x_wconf 83' lang='lat' dir='ltr'><strong>dignetur.</strong></span> 
     </span>
    </p>
   </div>
   <div class='ocr_carea' id='block_1_51' title="bbox 2015 2243 3524 2321">
    <p class='ocr_par' dir='ltr' id='par_1_51' title="bbox 2015 2243 3524 2321">
     <span class='ocr_line' id='line_1_51' title="bbox 2015 2243 3524 2321; baseline -0.003 -7"><span class='ocrx_word' id='word_1_327' title='bbox 2015 2243 2177 2313; x_wconf 80' lang='grc'><strong>228</strong></span> <span class='ocrx_word' id='word_1_328' title='bbox 2199 2243 2276 2296; x_wconf 67' lang='lat' dir='ltr'><strong>Ad</strong></span> <span class='ocrx_word' id='word_1_329' title='bbox 2307 2245 2693 2321; x_wconf 12' lang='lat' dir='ltr'><strong>Com‘plendum.</strong></span> <span class='ocrx_word' id='word_1_330' title='bbox 2732 2278 2801 2287; x_wconf 92' lang='lat'><strong><em>—</em></strong></span> <span class='ocrx_word' id='word_1_331' title='bbox 2831 2248 3155 2319; x_wconf 83' lang='lat' dir='ltr'><strong>Repleantur</strong></span> <span class='ocrx_word' id='word_1_332' title='bbox 3199 2256 3524 2311; x_wconf 84' lang='lat' dir='ltr'><strong>consolatio-</strong></span> 
     </span>
    </p>
   </div>
   <div class='ocr_carea' id='block_1_52' title="bbox 1943 2332 3522 2409">
    <p class='ocr_par' dir='ltr' id='par_1_52' title="bbox 1943 2332 3522 2409">
     <span class='ocr_line' id='line_1_52' title="bbox 1943 2332 3522 2409; baseline 0.009 -22"><span class='ocrx_word' id='word_1_333' title='bbox 1943 2332 2099 2388; x_wconf 87' lang='lat' dir='ltr'><strong>nibus</strong></span> <span class='ocrx_word' id='word_1_334' title='bbox 2130 2336 2251 2401; x_wconf 89' lang='lat' dir='ltr'><strong>tuis,</strong></span> <span class='ocrx_word' id='word_1_335' title='bbox 2288 2338 2529 2405; x_wconf 88' lang='lat' dir='ltr'><strong>Domine,</strong></span> <span class='ocrx_word' id='word_1_336' title='bbox 2563 2354 2891 2409; x_wconf 76' lang='lat' dir='ltr'><strong>qnmsumus,</strong></span> <span class='ocrx_word' id='word_1_337' title='bbox 2940 2351 3151 2398; x_wconf 91' lang='lat' dir='ltr'><strong>tuorum</strong></span> <span class='ocrx_word' id='word_1_338' title='bbox 3187 2347 3349 2400; x_wconf 90' lang='lat' dir='ltr'><strong>corda</strong></span> <span class='ocrx_word' id='word_1_339' title='bbox 3390 2348 3522 2402; x_wconf 83' lang='lat' dir='ltr'><strong>fide-</strong></span> 
     </span>
    </p>
   </div>
   <div class='ocr_carea' id='block_1_53' title="bbox 1944 2422 3515 2504">
    <p class='ocr_par' dir='ltr' id='par_1_53' title="bbox 1944 2422 3515 2504">
     <span class='ocr_line' id='line_1_53' title="bbox 1944 2422 3515 2504; baseline 0.011 -29"><span class='ocrx_word' id='word_1_340' title='bbox 1944 2422 2093 2490; x_wconf 91' lang='lat' dir='ltr'><strong>lium,</strong></span> <span class='ocrx_word' id='word_1_341' title='bbox 2118 2423 2423 2495; x_wconf 88' lang='lat' dir='ltr'><strong>pariterque</strong></span> <span class='ocrx_word' id='word_1_342' title='bbox 2444 2429 2601 2483; x_wconf 88' lang='lat' dir='ltr'><strong>etiam</strong></span> <span class='ocrx_word' id='word_1_343' title='bbox 2632 2438 2684 2484; x_wconf 92' lang='lat' dir='ltr'><strong>et</strong></span> <span class='ocrx_word' id='word_1_344' title='bbox 2710 2430 2778 2485; x_wconf 91' lang='lat' dir='ltr'><strong>de</strong></span> <span class='ocrx_word' id='word_1_345' title='bbox 2802 2431 3056 2487; x_wconf 82' lang='lat' dir='ltr'><strong>Ecclesiae</strong></span> <span class='ocrx_word' id='word_1_346' title='bbox 3088 2436 3336 2504; x_wconf 68' lang='lat' dir='ltr'><strong>prmsule,</strong></span> <span class='ocrx_word' id='word_1_347' title='bbox 3369 2439 3515 2493; x_wconf 86' lang='lat' dir='ltr'><strong>etde</strong></span> 
     </span>
    </p>
   </div>
   <div class='ocr_carea' id='block_1_54' title="bbox 1942 2521 3523 2593">
    <p class='ocr_par' dir='ltr' id='par_1_54' title="bbox 1942 2521 3523 2593">
     <span class='ocr_line' id='line_1_54' title="bbox 1942 2521 3523 2593; baseline 0.012 -27"><span class='ocrx_word' id='word_1_348' title='bbox 1942 2528 2159 2568; x_wconf 90' lang='lat' dir='ltr'><strong>suorum</strong></span> <span class='ocrx_word' id='word_1_349' title='bbox 2230 2526 2471 2572; x_wconf 85' lang='lat' dir='ltr'><strong>votorum</strong></span> <span class='ocrx_word' id='word_1_350' title='bbox 2535 2521 2867 2589; x_wconf 88' lang='lat' dir='ltr'><strong>plenitudine</strong></span> <span class='ocrx_word' id='word_1_351' title='bbox 2922 2525 3214 2593; x_wconf 84' lang='lat' dir='ltr'><strong>gratiarum</strong></span> <span class='ocrx_word' id='word_1_352' title='bbox 3285 2528 3523 2585; x_wconf 83' lang='lat' dir='ltr'><strong>referant</strong></span> 
     </span>
    </p>
   </div>
   <div class='ocr_carea' id='block_1_55' title="bbox 1944 2608 2385 2665">
    <p class='ocr_par' dir='ltr' id='par_1_55' title="bbox 1944 2608 2385 2665">
     <span class='ocr_line' id='line_1_55' title="bbox 1944 2608 2385 2665; baseline 0.007 -5"><span class='ocrx_word' id='word_1_353' title='bbox 1944 2609 2230 2662; x_wconf 84' lang='lat' dir='ltr'><strong>actionem.</strong></span> <span class='ocrx_word' id='word_1_354' title='bbox 2262 2608 2385 2665; x_wconf 90' lang='lat' dir='ltr'><strong>Per.</strong></span> 
     </span>
    </p>
   </div>
   <div class='ocr_carea' id='block_1_56' title="bbox 2276 2726 3169 2805">
    <p class='ocr_par' dir='ltr' id='par_1_56' title="bbox 2276 2726 3169 2805">
     <span class='ocr_line' id='line_1_56' title="bbox 2276 2726 3169 2805; baseline 0.013 -26"><span class='ocrx_word' id='word_1_355' title='bbox 2276 2726 2542 2783; x_wconf 81' lang='lat' dir='ltr'><strong>Orationes</strong></span> <span class='ocrx_word' id='word_1_356' title='bbox 2570 2746 2662 2801; x_wconf 87' lang='lat' dir='ltr'><strong>pro</strong></span> <span class='ocrx_word' id='word_1_357' title='bbox 2691 2731 2877 2804; x_wconf 83' lang='lat' dir='ltr'><strong>adepta</strong></span> <span class='ocrx_word' id='word_1_358' title='bbox 2908 2734 3169 2805; x_wconf 84' lang='lat' dir='ltr'><strong>dignitate.</strong></span> 
     </span>
    </p>
   </div>
   <div class='ocr_carea' id='block_1_57' title="bbox 2015 2816 3522 2899">
    <p class='ocr_par' dir='ltr' id='par_1_57' title="bbox 2015 2816 3522 2899">
     <span class='ocr_line' id='line_1_57' title="bbox 2015 2816 3522 2899; baseline 0.015 -31"><span class='ocrx_word' id='word_1_359' title='bbox 2015 2816 2171 2884; x_wconf 89' lang='lat' dir='ltr'><strong>Deus,</strong></span> <span class='ocrx_word' id='word_1_360' title='bbox 2201 2818 2287 2873; x_wconf 91' lang='lat' dir='ltr'><strong>cui</strong></span> <span class='ocrx_word' id='word_1_361' title='bbox 2316 2820 2488 2875; x_wconf 92' lang='lat' dir='ltr'><strong>omnis</strong></span> <span class='ocrx_word' id='word_1_362' title='bbox 2518 2831 2752 2890; x_wconf 88' lang='lat' dir='ltr'><strong>potestas</strong></span> <span class='ocrx_word' id='word_1_363' title='bbox 2779 2833 2833 2879; x_wconf 91' lang='lat' dir='ltr'><strong>et</strong></span> <span class='ocrx_word' id='word_1_364' title='bbox 2863 2826 3090 2897; x_wconf 87' lang='lat' dir='ltr'><strong>dignitas</strong></span> <span class='ocrx_word' id='word_1_365' title='bbox 3118 2830 3432 2899; x_wconf 89' lang='lat' dir='ltr'><strong>famulatur,</strong></span> <span class='ocrx_word' id='word_1_366' title='bbox 3456 2836 3522 2890; x_wconf 89' lang='lat' dir='ltr'><strong>da</strong></span> 
     </span>
    </p>
   </div>
   <div class='ocr_carea' id='block_1_58' title="bbox 1940 2906 3518 2994">
    <p class='ocr_par' dir='ltr' id='par_1_58' title="bbox 1940 2906 3518 2994">
     <span class='ocr_line' id='line_1_58' title="bbox 1940 2906 3518 2994; baseline 0.012 -33"><span class='ocrx_word' id='word_1_367' title='bbox 1940 2906 2142 2963; x_wconf 91' lang='lat' dir='ltr'><strong>famulo</strong></span> <span class='ocrx_word' id='word_1_368' title='bbox 2173 2917 2263 2964; x_wconf 92' lang='lat' dir='ltr'><strong>tuo</strong></span> <span class='ocrx_word' id='word_1_369' title='bbox 2293 2908 2385 2964; x_wconf 88' lang='lat' dir='ltr'><strong>Itl.</strong></span> <span class='ocrx_word' id='word_1_370' title='bbox 2416 2926 2730 2983; x_wconf 89' lang='lat' dir='ltr'><strong>prosperum</strong></span> <span class='ocrx_word' id='word_1_371' title='bbox 2762 2930 2874 2971; x_wconf 88' lang='lat' dir='ltr'><strong>suae</strong></span> <span class='ocrx_word' id='word_1_372' title='bbox 2915 2918 3192 2988; x_wconf 86' lang='lat' dir='ltr'><strong>dignitatis</strong></span> <span class='ocrx_word' id='word_1_373' title='bbox 3236 2923 3482 2980; x_wconf 79' lang='lat' dir='ltr'><strong>effectura</strong></span> <span class='ocrx_word' id='word_1_374' title='bbox 3504 2967 3518 2994; x_wconf 97' lang='lat'><strong>,</strong></span> 
     </span>
    </p>
   </div>
   <div class='ocr_carea' id='block_1_59' title="bbox 1941 3000 3520 3085">
    <p class='ocr_par' dir='ltr' id='par_1_59' title="bbox 1941 3000 3520 3085">
     <span class='ocr_line' id='line_1_59' title="bbox 1941 3000 3520 3085; baseline 0.012 -30"><span class='ocrx_word' id='word_1_375' title='bbox 1941 3000 1993 3056; x_wconf 91' lang='lat' dir='ltr'><strong>in</strong></span> <span class='ocrx_word' id='word_1_376' title='bbox 2025 3017 2125 3071; x_wconf 83' lang='lat' dir='ltr'><strong>qua</strong></span> <span class='ocrx_word' id='word_1_377' title='bbox 2185 3011 2236 3058; x_wconf 94' lang='lat' dir='ltr'><strong>te</strong></span> <span class='ocrx_word' id='word_1_378' title='bbox 2281 3019 2494 3073; x_wconf 89' lang='lat' dir='ltr'><strong>semper</strong></span> <span class='ocrx_word' id='word_1_379' title='bbox 2549 3007 2750 3074; x_wconf 89' lang='lat' dir='ltr'><strong>timeat,</strong></span> <span class='ocrx_word' id='word_1_380' title='bbox 2806 3009 3004 3081; x_wconf 91' lang='lat' dir='ltr'><strong>tibique</strong></span> <span class='ocrx_word' id='word_1_381' title='bbox 3046 3012 3248 3083; x_wconf 85' lang='lat' dir='ltr'><strong>jugiter</strong></span> <span class='ocrx_word' id='word_1_382' title='bbox 3305 3016 3520 3085; x_wconf 86' lang='lat' dir='ltr'><strong>placere</strong></span> 
     </span>
    </p>
   </div>
   <div class='ocr_carea' id='block_1_60' title="bbox 1941 3094 2723 3155">
    <p class='ocr_par' dir='ltr' id='par_1_60' title="bbox 1941 3094 2723 3155">
     <span class='ocr_line' id='line_1_60' title="bbox 1941 3094 2723 3155; baseline 0.009 -7"><span class='ocrx_word' id='word_1_383' title='bbox 1941 3094 2250 3150; x_wconf 88' lang='lat' dir='ltr'><strong>contendat.</strong></span> <span class='ocrx_word' id='word_1_384' title='bbox 2282 3096 2385 3152; x_wconf 89' lang='lat' dir='ltr'><strong>Per</strong></span> <span class='ocrx_word' id='word_1_385' title='bbox 2414 3098 2723 3155; x_wconf 87' lang='lat' dir='ltr'><strong>Dominum.</strong></span> 
     </span>
    </p>
   </div>
   <div class='ocr_carea' id='block_1_61' title="bbox 2013 3184 3521 3272">
    <p class='ocr_par' dir='ltr' id='par_1_61' title="bbox 2013 3184 3521 3272">
     <span class='ocr_line' id='line_1_61' title="bbox 2013 3184 3521 3272; baseline 0.014 -34"><span class='ocrx_word' id='word_1_386' title='bbox 2013 3184 2152 3243; x_wconf 84' lang='lat' dir='ltr'><strong>Alia.</strong></span> <span class='ocrx_word' id='word_1_387' title='bbox 2177 3217 2243 3228; x_wconf 91' lang='lat'><strong>-</strong></span> <span class='ocrx_word' id='word_1_388' title='bbox 2272 3189 2547 3260; x_wconf 90' lang='lat' dir='ltr'><strong>Omnium,</strong></span> <span class='ocrx_word' id='word_1_389' title='bbox 2598 3191 2843 3261; x_wconf 88' lang='lat' dir='ltr'><strong>Domine,</strong></span> <span class='ocrx_word' id='word_1_390' title='bbox 2879 3195 2996 3252; x_wconf 89' lang='lat' dir='ltr'><strong>fons</strong></span> <span class='ocrx_word' id='word_1_391' title='bbox 3023 3198 3297 3257; x_wconf 89' lang='lat' dir='ltr'><strong>bonorum.</strong></span> <span class='ocrx_word' id='word_1_392' title='bbox 3335 3210 3521 3272; x_wconf 75' lang='lat' dir='ltr'><strong>Justo-</strong></span> 
     </span>
    </p>
   </div>
   <div class='ocr_carea' id='block_1_62' title="bbox 236 3276 1832 3370">
    <p class='ocr_par' dir='ltr' id='par_1_62' title="bbox 236 3293 1830 3370">
     <span class='ocr_line' id='line_1_62' title="bbox 236 3293 1830 3370; baseline 0.008 -24"><span class='ocrx_word' id='word_1_393' title='bbox 236 3293 542 3362; x_wconf 75' lang='lat' dir='ltr'><strong>contulisti,</strong></span> <span class='ocrx_word' id='word_1_394' title='bbox 594 3293 957 3353; x_wconf 89' lang='lat' dir='ltr'><strong>intercedente</strong></span> <span class='ocrx_word' id='word_1_395' title='bbox 1007 3298 1164 3353; x_wconf 87' lang='lat' dir='ltr'><strong>beato</strong></span> <span class='ocrx_word' id='word_1_396' title='bbox 1207 3299 1364 3355; x_wconf 90' lang='lat' dir='ltr'><strong>Petro</strong></span> <span class='ocrx_word' id='word_1_397' title='bbox 1413 3301 1660 3370; x_wconf 89' lang='lat' dir='ltr'><strong>apostolo</strong></span> <span class='ocrx_word' id='word_1_398' title='bbox 1718 3311 1830 3370; x_wconf 91' lang='lat' dir='ltr'><strong>tuo,</strong></span> 
     </span>
    </p>
   </div>
   <div class='ocr_carea' id='block_1_63' title="bbox 1940 3276 3518 3370">
    <p class='ocr_par' dir='ltr' id='par_1_63' title="bbox 1944 3286 3518 3360">
     <span class='ocr_line' id='line_1_63' title="bbox 1944 3286 3518 3360; baseline 0.011 -28"><span class='ocrx_word' id='word_1_399' title='bbox 1944 3293 2166 3349; x_wconf 87' lang='lat' dir='ltr'><strong>rumque</strong></span> <span class='ocrx_word' id='word_1_400' title='bbox 2195 3291 2562 3352; x_wconf 88' lang='lat' dir='ltr'><strong>provectuum,</strong></span> <span class='ocrx_word' id='word_1_401' title='bbox 2596 3286 2790 3353; x_wconf 89' lang='lat' dir='ltr'><strong>tribue,</strong></span> <span class='ocrx_word' id='word_1_402' title='bbox 2820 3302 3149 3360; x_wconf 84' lang='lat' dir='ltr'><strong>quaesumus,</strong></span> <span class='ocrx_word' id='word_1_403' title='bbox 3181 3290 3274 3348; x_wconf 86' lang='lat' dir='ltr'><strong>Ill.</strong></span> <span class='ocrx_word' id='word_1_404' title='bbox 3318 3295 3518 3350; x_wconf 89' lang='lat' dir='ltr'><strong>famulo</strong></span> 
     </span>
    </p>
   </div>
   <div class='ocr_carea' id='block_1_64' title="bbox 235 3383 1836 3453">
    <p class='ocr_par' dir='ltr' id='par_1_64' title="bbox 235 3383 1836 3453">
     <span class='ocr_line' id='line_1_64' title="bbox 235 3383 1836 3453; baseline 0.007 -15"><span class='ocrx_word' id='word_1_405' title='bbox 235 3383 510 3453; x_wconf 86' lang='lat' dir='ltr'><strong>propitius</strong></span> <span class='ocrx_word' id='word_1_406' title='bbox 562 3385 854 3443; x_wconf 90' lang='lat' dir='ltr'><strong>muniendo</strong></span> <span class='ocrx_word' id='word_1_407' title='bbox 897 3388 1193 3446; x_wconf 89' lang='lat' dir='ltr'><strong>custodias.</strong></span> <span class='ocrx_word' id='word_1_408' title='bbox 1245 3389 1348 3447; x_wconf 89' lang='lat' dir='ltr'><strong>Per</strong></span> <span class='ocrx_word' id='word_1_409' title='bbox 1400 3391 1689 3449; x_wconf 90' lang='lat' dir='ltr'><strong>Dominum</strong></span> <span class='ocrx_word' id='word_1_410' title='bbox 1738 3408 1836 3449; x_wconf 87' lang='lat' dir='ltr'><strong>no-</strong></span> 
     </span>
    </p>
   </div>
   <div class='ocr_carea' id='block_1_65' title="bbox 234 3484 440 3533">
    <p class='ocr_par' dir='ltr' id='par_1_65' title="bbox 234 3484 440 3533">
     <span class='ocr_line' id='line_1_65' title="bbox 234 3484 440 3533; baseline 0.01 -2"><span class='ocrx_word' id='word_1_411' title='bbox 234 3484 351 3533; x_wconf 80' lang='lat' dir='ltr'><strong>stru</strong></span> <span class='ocrx_word' id='word_1_412' title='bbox 361 3492 413 3533; x_wconf 90' lang='lat' dir='ltr'><strong>m</strong></span> <span class='ocrx_word' id='word_1_413' title='bbox 424 3517 440 3532; x_wconf 92' lang='lat'><strong>.</strong></span> 
     </span>
    </p>
   </div>
   <div class='ocr_carea' id='block_1_66' title="bbox 385 3587 1686 3662">
    <p class='ocr_par' dir='ltr' id='par_1_66' title="bbox 385 3587 1686 3662">
     <span class='ocr_line' id='line_1_66' title="bbox 385 3587 1686 3662; baseline 0.007 -19"><span class='ocrx_word' id='word_1_414' title='bbox 385 3587 553 3644; x_wconf 69' lang='lat' dir='ltr'><strong>Missa</strong></span> <span class='ocrx_word' id='word_1_415' title='bbox 584 3591 795 3661; x_wconf 82' lang='lat' dir='ltr'><strong>propria</strong></span> <span class='ocrx_word' id='word_1_416' title='bbox 823 3589 975 3662; x_wconf 75' lang='grc'>(784)</span> <span class='ocrx_word' id='word_1_417' title='bbox 1002 3593 1055 3647; x_wconf 84' lang='lat' dir='ltr'><strong>in</strong></span> <span class='ocrx_word' id='word_1_418' title='bbox 1083 3592 1167 3649; x_wconf 80' lang='lat' dir='ltr'><strong>die</strong></span> <span class='ocrx_word' id='word_1_419' title='bbox 1194 3594 1531 3651; x_wconf 74' lang='lat' dir='ltr'><strong>ordinationis</strong></span> <span class='ocrx_word' id='word_1_420' title='bbox 1558 3612 1686 3652; x_wconf 69' lang='lat' dir='ltr'><strong>ante.</strong></span> 
     </span>
    </p>
   </div>
   <div class='ocr_carea' id='block_1_67' title="bbox 299 3711 1826 3784">
    <p class='ocr_par' dir='ltr' id='par_1_67' title="bbox 299 3711 1826 3784">
     <span class='ocr_line' id='line_1_67' title="bbox 299 3711 1826 3784; baseline 0.002 -17"><span class='ocrx_word' id='word_1_421' title='bbox 299 3712 480 3777; x_wconf 82' lang='lat' dir='ltr'><strong>Deus,</strong></span> <span class='ocrx_word' id='word_1_422' title='bbox 513 3712 605 3780; x_wconf 89' lang='lat' dir='ltr'><strong>qui</strong></span> <span class='ocrx_word' id='word_1_423' title='bbox 634 3724 741 3766; x_wconf 89' lang='lat' dir='ltr'><strong>non</strong></span> <span class='ocrx_word' id='word_1_424' title='bbox 773 3712 1003 3782; x_wconf 89' lang='lat' dir='ltr'><strong>propriis</strong></span> <span class='ocrx_word' id='word_1_425' title='bbox 1026 3711 1442 3784; x_wconf 73' lang='lat' dir='ltr'><strong>suifragantibus</strong></span> <span class='ocrx_word' id='word_1_426' title='bbox 1471 3713 1702 3780; x_wconf 89' lang='lat' dir='ltr'><strong>meritis,</strong></span> <span class='ocrx_word' id='word_1_427' title='bbox 1729 3714 1826 3770; x_wconf 89' lang='lat' dir='ltr'><strong>sed</strong></span> 
     </span>
    </p>
   </div>
   <div class='ocr_carea' id='block_1_68' title="bbox 231 3803 1831 3878">
    <p class='ocr_par' dir='ltr' id='par_1_68' title="bbox 231 3803 1831 3878">
     <span class='ocr_line' id='line_1_68' title="bbox 231 3803 1831 3878; baseline 0.003 -19"><span class='ocrx_word' id='word_1_428' title='bbox 231 3806 341 3860; x_wconf 88' lang='lat' dir='ltr'><strong>sola</strong></span> <span class='ocrx_word' id='word_1_429' title='bbox 400 3803 690 3861; x_wconf 80' lang='lat' dir='ltr'><strong>ineﬂ&#39;abilis</strong></span> <span class='ocrx_word' id='word_1_430' title='bbox 735 3806 920 3877; x_wconf 74' lang='lat' dir='ltr'><strong>gratiae</strong></span> <span class='ocrx_word' id='word_1_431' title='bbox 975 3807 1217 3878; x_wconf 87' lang='lat' dir='ltr'><strong>largitate</strong></span> <span class='ocrx_word' id='word_1_432' title='bbox 1246 3848 1261 3875; x_wconf 95' lang='lat'><strong>,</strong></span> <span class='ocrx_word' id='word_1_433' title='bbox 1315 3823 1402 3864; x_wconf 91' lang='lat' dir='ltr'><strong>me</strong></span> <span class='ocrx_word' id='word_1_434' title='bbox 1450 3806 1673 3864; x_wconf 79' lang='lat' dir='ltr'><strong>familiae</strong></span> <span class='ocrx_word' id='word_1_435' title='bbox 1723 3817 1831 3865; x_wconf 74' lang='lat' dir='ltr'><strong>tuae</strong></span> 
     </span>
    </p>
   </div>
   <div class='ocr_carea' id='block_1_69' title="bbox 232 3896 1820 3971">
    <p class='ocr_par' dir='ltr' id='par_1_69' title="bbox 232 3896 1820 3971">
     <span class='ocr_line' id='line_1_69' title="bbox 232 3896 1820 3971; baseline 0.004 -21"><span class='ocrx_word' id='word_1_436' title='bbox 232 3909 478 3964; x_wconf 70' lang='lat' dir='ltr'><strong>prmesse</strong></span> <span class='ocrx_word' id='word_1_437' title='bbox 503 3896 735 3966; x_wconf 80' lang='lat' dir='ltr'><strong>iussisti,</strong></span> <span class='ocrx_word' id='word_1_438' title='bbox 780 3898 953 3953; x_wconf 90' lang='lat' dir='ltr'><strong>tribue</strong></span> <span class='ocrx_word' id='word_1_439' title='bbox 985 3898 1078 3953; x_wconf 90' lang='lat' dir='ltr'><strong>tibi</strong></span> <span class='ocrx_word' id='word_1_440' title='bbox 1120 3900 1282 3971; x_wconf 87' lang='lat' dir='ltr'><strong>digne</strong></span> <span class='ocrx_word' id='word_1_441' title='bbox 1315 3901 1626 3970; x_wconf 89' lang='lat' dir='ltr'><strong>persolvere</strong></span> <span class='ocrx_word' id='word_1_442' title='bbox 1658 3901 1820 3956; x_wconf 91' lang='lat' dir='ltr'><strong>mini-</strong></span> 
     </span>
    </p>
   </div>
   <div class='ocr_carea' id='block_1_70' title="bbox 230 3988 1828 4062">
    <p class='ocr_par' dir='ltr' id='par_1_70' title="bbox 230 3988 1828 4062">
     <span class='ocr_line' id='line_1_70' title="bbox 230 3988 1828 4062; baseline 0.006 -21"><span class='ocrx_word' id='word_1_443' title='bbox 230 3989 461 4043; x_wconf 82' lang='lat' dir='ltr'><strong>sterium</strong></span> <span class='ocrx_word' id='word_1_444' title='bbox 492 3989 843 4045; x_wconf 87' lang='lat' dir='ltr'><strong>sacerdotalis</strong></span> <span class='ocrx_word' id='word_1_445' title='bbox 891 3988 1079 4062; x_wconf 83' lang='lat' dir='ltr'><strong>officii,</strong></span> <span class='ocrx_word' id='word_1_446' title='bbox 1129 4002 1185 4048; x_wconf 90' lang='lat' dir='ltr'><strong>et</strong></span> <span class='ocrx_word' id='word_1_447' title='bbox 1216 3992 1597 4049; x_wconf 88' lang='lat' dir='ltr'><strong>ecclesiasticis</strong></span> <span class='ocrx_word' id='word_1_448' title='bbox 1627 4008 1828 4051; x_wconf 84' lang='lat' dir='ltr'><strong>conve-</strong></span> 
     </span>
    </p>
   </div>
   <div class='ocr_carea' id='block_1_71' title="bbox 230 4081 1826 4157">
    <p class='ocr_par' dir='ltr' id='par_1_71' title="bbox 230 4081 1826 4157">
     <span class='ocr_line' id='line_1_71' title="bbox 230 4081 1826 4157; baseline 0.004 -22"><span class='ocrx_word' id='word_1_449' title='bbox 230 4081 450 4137; x_wconf 79' lang='lat' dir='ltr'><strong>menter</strong></span> <span class='ocrx_word' id='word_1_450' title='bbox 480 4082 687 4138; x_wconf 83' lang='lat' dir='ltr'><strong>servire</strong></span> <span class='ocrx_word' id='word_1_451' title='bbox 714 4082 1048 4154; x_wconf 87' lang='lat' dir='ltr'><strong>ministeriis,</strong></span> <span class='ocrx_word' id='word_1_452' title='bbox 1096 4084 1417 4157; x_wconf 87' lang='lat' dir='ltr'><strong>plebemque</strong></span> <span class='ocrx_word' id='word_1_453' title='bbox 1460 4088 1826 4153; x_wconf 85' lang='lat' dir='ltr'><strong>commissam,</strong></span> 
     </span>
    </p>
   </div>
   <div class='ocr_carea' id='block_1_72' title="bbox 229 4175 1783 4248">
    <p class='ocr_par' dir='ltr' id='par_1_72' title="bbox 229 4175 1783 4248">
     <span class='ocr_line' id='line_1_72' title="bbox 229 4175 1783 4248; baseline 0.002 -18"><span class='ocrx_word' id='word_1_454' title='bbox 229 4179 279 4230; x_wconf 84' lang='lat' dir='ltr'><strong>te</strong></span> <span class='ocrx_word' id='word_1_455' title='bbox 307 4175 373 4229; x_wconf 85' lang='lat' dir='ltr'><strong>in</strong></span> <span class='ocrx_word' id='word_1_456' title='bbox 398 4175 652 4231; x_wconf 87' lang='lat' dir='ltr'><strong>omnibus</strong></span> <span class='ocrx_word' id='word_1_457' title='bbox 678 4183 1011 4247; x_wconf 85' lang='lat' dir='ltr'><strong>protegente,</strong></span> <span class='ocrx_word' id='word_1_458' title='bbox 1045 4178 1343 4248; x_wconf 87' lang='lat' dir='ltr'><strong>gubernare</strong></span> <span class='ocrx_word' id='word_1_459' title='bbox 1371 4181 1628 4236; x_wconf 91' lang='lat' dir='ltr'><strong>concede.</strong></span> <span class='ocrx_word' id='word_1_460' title='bbox 1660 4180 1783 4235; x_wconf 88' lang='lat' dir='ltr'><strong>Per.</strong></span> 
     </span>
    </p>
   </div>
   <div class='ocr_carea' id='block_1_73' title="bbox 293 4268 1827 4336">
    <p class='ocr_par' dir='ltr' id='par_1_73' title="bbox 293 4268 1827 4336">
     <span class='ocr_line' id='line_1_73' title="bbox 293 4268 1827 4336; baseline 0.002 -13"><span class='ocrx_word' id='word_1_461' title='bbox 293 4268 446 4323; x_wconf 73' lang='lat' dir='ltr'><strong>Alia.</strong></span> <span class='ocrx_word' id='word_1_462' title='bbox 481 4297 552 4309; x_wconf 90' lang='lat'><strong><em>—</em></strong></span> <span class='ocrx_word' id='word_1_463' title='bbox 582 4268 748 4336; x_wconf 88' lang='lat' dir='ltr'><strong>Deus,</strong></span> <span class='ocrx_word' id='word_1_464' title='bbox 777 4269 961 4325; x_wconf 90' lang='lat' dir='ltr'><strong>mundi</strong></span> <span class='ocrx_word' id='word_1_465' title='bbox 986 4269 1208 4327; x_wconf 90' lang='lat' dir='ltr'><strong>Creator</strong></span> <span class='ocrx_word' id='word_1_466' title='bbox 1247 4280 1303 4327; x_wconf 92' lang='lat' dir='ltr'><strong>et</strong></span> <span class='ocrx_word' id='word_1_467' title='bbox 1328 4281 1525 4332; x_wconf 90' lang='lat' dir='ltr'><strong>rector,</strong></span> <span class='ocrx_word' id='word_1_468' title='bbox 1552 4272 1619 4327; x_wconf 93' lang='lat' dir='ltr'><strong>ad</strong></span> <span class='ocrx_word' id='word_1_469' title='bbox 1650 4272 1827 4327; x_wconf 92' lang='lat' dir='ltr'><strong>humi-</strong></span> 
     </span>
    </p>
   </div>
   <div class='ocr_carea' id='block_1_74' title="bbox 228 4358 1820 4432">
    <p class='ocr_par' dir='ltr' id='par_1_74' title="bbox 228 4358 1820 4432">
     <span class='ocr_line' id='line_1_74' title="bbox 228 4358 1820 4432; baseline 0.003 -17"><span class='ocrx_word' id='word_1_470' title='bbox 228 4358 401 4415; x_wconf 89' lang='lat' dir='ltr'><strong>litatis</strong></span> <span class='ocrx_word' id='word_1_471' title='bbox 434 4376 571 4416; x_wconf 78' lang='lat' dir='ltr'><strong>mea:</strong></span> <span class='ocrx_word' id='word_1_472' title='bbox 602 4375 789 4431; x_wconf 87' lang='lat' dir='ltr'><strong>preces</strong></span> <span class='ocrx_word' id='word_1_473' title='bbox 815 4362 1058 4432; x_wconf 88' lang='lat' dir='ltr'><strong>placatus</strong></span> <span class='ocrx_word' id='word_1_474' title='bbox 1088 4362 1327 4431; x_wconf 89' lang='lat' dir='ltr'><strong>intende,</strong></span> <span class='ocrx_word' id='word_1_475' title='bbox 1355 4375 1412 4420; x_wconf 91' lang='lat' dir='ltr'><strong>et</strong></span> <span class='ocrx_word' id='word_1_476' title='bbox 1447 4380 1533 4419; x_wconf 92' lang='lat' dir='ltr'><strong>me</strong></span> <span class='ocrx_word' id='word_1_477' title='bbox 1567 4364 1820 4419; x_wconf 89' lang='lat' dir='ltr'><strong>famulum</strong></span> 
     </span>
    </p>
   </div>
   <div class='ocr_carea' id='block_1_75' title="bbox 229 4456 1828 4529">
    <p class='ocr_par' dir='ltr' id='par_1_75' title="bbox 229 4456 1828 4529">
     <span class='ocr_line' id='line_1_75' title="bbox 229 4456 1828 4529; baseline 0.003 -21"><span class='ocrx_word' id='word_1_478' title='bbox 229 4461 408 4522; x_wconf 84' lang='lat' dir='ltr'><strong>tuum,</strong></span> <span class='ocrx_word' id='word_1_479' title='bbox 435 4470 603 4526; x_wconf 88' lang='lat' dir='ltr'><strong>quem</strong></span> <span class='ocrx_word' id='word_1_480' title='bbox 653 4456 815 4512; x_wconf 90' lang='lat' dir='ltr'><strong>nullis</strong></span> <span class='ocrx_word' id='word_1_481' title='bbox 857 4458 1274 4529; x_wconf 80' lang='lat' dir='ltr'><strong>suffragantibus</strong></span> <span class='ocrx_word' id='word_1_482' title='bbox 1324 4458 1553 4525; x_wconf 91' lang='lat' dir='ltr'><strong>meritis,</strong></span> <span class='ocrx_word' id='word_1_483' title='bbox 1586 4459 1682 4513; x_wconf 85' lang='lat' dir='ltr'><strong>sed</strong></span> <span class='ocrx_word' id='word_1_484' title='bbox 1728 4459 1828 4513; x_wconf 85' lang='lat' dir='ltr'><strong>im-</strong></span> 
     </span>
    </p>
   </div>
   <div class='ocr_carea' id='block_1_76' title="bbox 230 4546 1827 4617">
    <p class='ocr_par' dir='ltr' id='par_1_76' title="bbox 230 4546 1827 4617">
     <span class='ocr_line' id='line_1_76' title="bbox 230 4546 1827 4617; baseline 0.003 -17"><span class='ocrx_word' id='word_1_485' title='bbox 230 4559 422 4601; x_wconf 82' lang='lat' dir='ltr'><strong>mensa</strong></span> <span class='ocrx_word' id='word_1_486' title='bbox 453 4546 706 4617; x_wconf 89' lang='lat' dir='ltr'><strong>largitate</strong></span> <span class='ocrx_word' id='word_1_487' title='bbox 738 4548 1037 4605; x_wconf 61' lang='lat' dir='ltr'><strong>clementiae</strong></span> <span class='ocrx_word' id='word_1_488' title='bbox 1069 4560 1171 4606; x_wconf 62' lang='lat' dir='ltr'><strong>tua;</strong></span> <span class='ocrx_word' id='word_1_489' title='bbox 1214 4548 1529 4605; x_wconf 69' lang='lat' dir='ltr'><strong>caelestibus</strong></span> <span class='ocrx_word' id='word_1_490' title='bbox 1558 4550 1827 4617; x_wconf 86' lang='lat' dir='ltr'><strong>mysteriis</strong></span> 
     </span>
    </p>
   </div>
   <div class='ocr_carea' id='block_1_77' title="bbox 1944 3375 3521 3453">
    <p class='ocr_par' dir='ltr' id='par_1_77' title="bbox 1944 3375 3521 3453">
     <span class='ocr_line' id='line_1_77' title="bbox 1944 3375 3521 3453; baseline 0.01 -27"><span class='ocrx_word' id='word_1_491' title='bbox 1944 3382 2032 3427; x_wconf 92' lang='lat' dir='ltr'><strong>tuo</strong></span> <span class='ocrx_word' id='word_1_492' title='bbox 2077 3375 2323 3444; x_wconf 90' lang='lat' dir='ltr'><strong>adeptam</strong></span> <span class='ocrx_word' id='word_1_493' title='bbox 2368 3377 2503 3433; x_wconf 88' lang='lat' dir='ltr'><strong>bene</strong></span> <span class='ocrx_word' id='word_1_494' title='bbox 2550 3392 2745 3453; x_wconf 68' lang='lat' dir='ltr'><strong>gerere</strong></span> <span class='ocrx_word' id='word_1_495' title='bbox 2787 3379 3127 3452; x_wconf 87' lang='lat' dir='ltr'><strong>dignitatem,</strong></span> <span class='ocrx_word' id='word_1_496' title='bbox 3173 3376 3375 3442; x_wconf 79' lang='lat' dir='ltr'><strong>etate</strong></span> <span class='ocrx_word' id='word_1_497' title='bbox 3420 3387 3521 3442; x_wconf 90' lang='lat' dir='ltr'><strong>sibi</strong></span> 
     </span>
    </p>
   </div>
   <div class='ocr_carea' id='block_1_78' title="bbox 1939 3465 3521 3544">
    <p class='ocr_par' dir='ltr' id='par_1_78' title="bbox 1939 3465 3521 3544">
     <span class='ocr_line' id='line_1_78' title="bbox 1939 3465 3521 3544; baseline 0.009 -26"><span class='ocrx_word' id='word_1_498' title='bbox 1939 3465 2227 3533; x_wconf 80' lang='lat' dir='ltr'><strong>praestitam</strong></span> <span class='ocrx_word' id='word_1_499' title='bbox 2275 3468 2426 3523; x_wconf 88' lang='lat' dir='ltr'><strong>bonis</strong></span> <span class='ocrx_word' id='word_1_500' title='bbox 2481 3471 2730 3539; x_wconf 82' lang='lat' dir='ltr'><strong>Operibus</strong></span> <span class='ocrx_word' id='word_1_501' title='bbox 2778 3477 3148 3544; x_wconf 91' lang='lat' dir='ltr'><strong>comprobare.</strong></span> <span class='ocrx_word' id='word_1_502' title='bbox 3201 3476 3303 3534; x_wconf 91' lang='lat' dir='ltr'><strong>Per</strong></span> <span class='ocrx_word' id='word_1_503' title='bbox 3342 3477 3521 3534; x_wconf 88' lang='lat' dir='ltr'><strong>Domi-</strong></span> 
     </span>
    </p>
   </div>
   <div class='ocr_carea' id='block_1_79' title="bbox 1938 3570 2359 3616">
    <p class='ocr_par' dir='ltr' id='par_1_79' title="bbox 1938 3570 2359 3616">
     <span class='ocr_line' id='line_1_79' title="bbox 1938 3570 2359 3616; baseline 0.01 -5"><span class='ocrx_word' id='word_1_504' title='bbox 1938 3572 2064 3613; x_wconf 88' lang='lat' dir='ltr'><strong>num</strong></span> <span class='ocrx_word' id='word_1_505' title='bbox 2094 3570 2359 3616; x_wconf 75' lang='lat' dir='ltr'><strong>IIOSU&#39;UUI.</strong></span> 
     </span>
    </p>
   </div>
   <div class='ocr_carea' id='block_1_80' title="bbox 2178 3654 3288 3733">
    <p class='ocr_par' dir='ltr' id='par_1_80' title="bbox 2178 3654 3288 3733">
     <span class='ocr_line' id='line_1_80' title="bbox 2178 3654 3288 3733; baseline 0.012 -26"><span class='ocrx_word' id='word_1_506' title='bbox 2178 3654 2332 3726; x_wconf 67' lang='grc'>(785)</span> <span class='ocrx_word' id='word_1_507' title='bbox 2365 3655 2544 3721; x_wconf 82' lang='lat' dir='ltr'><strong>Oratio</strong></span> <span class='ocrx_word' id='word_1_508' title='bbox 2571 3656 2599 3695; x_wconf 66' lang='grc' dir='ltr'>δ</span> <span class='ocrx_word' id='word_1_509' title='bbox 2625 3661 2693 3713; x_wconf 86' lang='lat' dir='ltr'><strong>ad</strong></span> <span class='ocrx_word' id='word_1_510' title='bbox 2724 3660 2952 3716; x_wconf 83' lang='lat' dir='ltr'><strong>abbatem</strong></span> <span class='ocrx_word' id='word_1_511' title='bbox 2977 3664 3288 3733; x_wconf 79' lang='lat' dir='ltr'><strong>faciendum.</strong></span> 
     </span>
    </p>
   </div>
   <div class='ocr_carea' id='block_1_81' title="bbox 2006 3744 3517 3829">
    <p class='ocr_par' dir='ltr' id='par_1_81' title="bbox 2006 3744 3517 3829">
     <span class='ocr_line' id='line_1_81' title="bbox 2006 3744 3517 3829; baseline 0.012 -31"><span class='ocrx_word' id='word_1_512' title='bbox 2006 3744 2341 3814; x_wconf 64' lang='lat' dir='ltr'><strong>Quaesumus,</strong></span> <span class='ocrx_word' id='word_1_513' title='bbox 2366 3752 2710 3820; x_wconf 92' lang='lat' dir='ltr'><strong>omnipotens</strong></span> <span class='ocrx_word' id='word_1_514' title='bbox 2741 3754 2901 3823; x_wconf 90' lang='lat' dir='ltr'><strong>Deus,</strong></span> <span class='ocrx_word' id='word_1_515' title='bbox 2939 3757 3195 3813; x_wconf 90' lang='lat' dir='ltr'><strong>famulum</strong></span> <span class='ocrx_word' id='word_1_516' title='bbox 3230 3768 3373 3815; x_wconf 92' lang='lat' dir='ltr'><strong>tuum</strong></span> <span class='ocrx_word' id='word_1_517' title='bbox 3397 3759 3517 3829; x_wconf 85' lang='lat' dir='ltr'><strong>III.,</strong></span> 
     </span>
    </p>
   </div>
   <div class='ocr_carea' id='block_1_82' title="bbox 1936 3839 3512 3919">
    <p class='ocr_par' dir='ltr' id='par_1_82' title="bbox 1936 3839 3512 3919">
     <span class='ocr_line' id='line_1_82' title="bbox 1936 3839 3512 3919; baseline 0.011 -30"><span class='ocrx_word' id='word_1_518' title='bbox 1936 3850 2094 3906; x_wconf 90' lang='lat' dir='ltr'><strong>quem</strong></span> <span class='ocrx_word' id='word_1_519' title='bbox 2127 3839 2190 3891; x_wconf 89' lang='lat' dir='ltr'><strong>ad</strong></span> <span class='ocrx_word' id='word_1_520' title='bbox 2221 3841 2461 3909; x_wconf 90' lang='lat' dir='ltr'><strong>regimen</strong></span> <span class='ocrx_word' id='word_1_521' title='bbox 2490 3846 2789 3898; x_wconf 89' lang='lat' dir='ltr'><strong>animarum</strong></span> <span class='ocrx_word' id='word_1_522' title='bbox 2838 3847 3125 3916; x_wconf 86' lang='lat' dir='ltr'><strong>elegimus,</strong></span> <span class='ocrx_word' id='word_1_523' title='bbox 3174 3852 3360 3919; x_wconf 66' lang='lat' dir='ltr'><strong>gratim</strong></span> <span class='ocrx_word' id='word_1_524' title='bbox 3410 3863 3512 3908; x_wconf 75' lang='lat' dir='ltr'><strong>tua:</strong></span> 
     </span>
    </p>
   </div>
   <div class='ocr_carea' id='block_1_83' title="bbox 1935 3928 3517 4012">
    <p class='ocr_par' dir='ltr' id='par_1_83' title="bbox 1935 3928 3517 4012">
     <span class='ocr_line' id='line_1_83' title="bbox 1935 3928 3517 4012; baseline 0.013 -29"><span class='ocrx_word' id='word_1_525' title='bbox 1935 3928 2077 3984; x_wconf 92' lang='lat' dir='ltr'><strong>dono</strong></span> <span class='ocrx_word' id='word_1_526' title='bbox 2124 3945 2465 4003; x_wconf 85' lang='lat' dir='ltr'><strong>prosequere,</strong></span> <span class='ocrx_word' id='word_1_527' title='bbox 2508 3944 2565 3990; x_wconf 88' lang='lat' dir='ltr'><strong>ut</strong></span> <span class='ocrx_word' id='word_1_528' title='bbox 2596 3944 2647 3990; x_wconf 92' lang='lat' dir='ltr'><strong>te</strong></span> <span class='ocrx_word' id='word_1_529' title='bbox 2676 3936 2932 4008; x_wconf 89' lang='lat' dir='ltr'><strong>largiente</strong></span> <span class='ocrx_word' id='word_1_530' title='bbox 2974 3954 3095 3997; x_wconf 90' lang='lat' dir='ltr'><strong>cum</strong></span> <span class='ocrx_word' id='word_1_531' title='bbox 3124 3944 3241 4012; x_wconf 88' lang='lat' dir='ltr'><strong>ipsa</strong></span> <span class='ocrx_word' id='word_1_532' title='bbox 3282 3944 3376 4001; x_wconf 87' lang='lat' dir='ltr'><strong>tibi</strong></span> <span class='ocrx_word' id='word_1_533' title='bbox 3416 3959 3517 4003; x_wconf 80' lang='lat' dir='ltr'><strong>no-</strong></span> 
     </span>
    </p>
   </div>
   <div class='ocr_carea' id='block_1_84' title="bbox 1936 4023 2841 4094">
    <p class='ocr_par' dir='ltr' id='par_1_84' title="bbox 1936 4023 2841 4094">
     <span class='ocr_line' id='line_1_84' title="bbox 1936 4023 2841 4094; baseline 0.008 -17"><span class='ocrx_word' id='word_1_534' title='bbox 1936 4032 2043 4078; x_wconf 88' lang='lat' dir='ltr'><strong>stra</strong></span> <span class='ocrx_word' id='word_1_535' title='bbox 2075 4023 2335 4080; x_wconf 89' lang='lat' dir='ltr'><strong>electione</strong></span> <span class='ocrx_word' id='word_1_536' title='bbox 2365 4025 2689 4094; x_wconf 88' lang='lat' dir='ltr'><strong>placeamus.</strong></span> <span class='ocrx_word' id='word_1_537' title='bbox 2718 4027 2841 4084; x_wconf 88' lang='lat' dir='ltr'><strong>Per.</strong></span> 
     </span>
    </p>
   </div>
   <div class='ocr_carea' id='block_1_85' title="bbox 2302 4139 3140 4211">
    <p class='ocr_par' dir='ltr' id='par_1_85' title="bbox 2302 4139 3140 4211">
     <span class='ocr_line' id='line_1_85' title="bbox 2302 4139 3140 4211; baseline 0.011 -18"><span class='ocrx_word' id='word_1_538' title='bbox 2302 4139 2456 4211; x_wconf 87' lang='lat'><strong>(786)</strong></span> <span class='ocrx_word' id='word_1_539' title='bbox 2490 4153 2511 4181; x_wconf 75' lang='grc' dir='ltr'><strong>ο</strong></span> <span class='ocrx_word' id='word_1_540' title='bbox 2543 4157 2810 4199; x_wconf 73' lang='lat' dir='ltr'><strong>INCIPIUNT</strong></span> <span class='ocrx_word' id='word_1_541' title='bbox 2848 4159 3140 4202; x_wconf 72' lang='grc' dir='ltr'><strong>Αροιοςυε.</strong></span> 
     </span>
    </p>
   </div>
   <div class='ocr_carea' id='block_1_86' title="bbox 2006 4252 3512 4333">
    <p class='ocr_par' dir='ltr' id='par_1_86' title="bbox 2006 4252 3512 4333">
     <span class='ocr_line' id='line_1_86' title="bbox 2006 4252 3512 4333; baseline 0.011 -28"><span class='ocrx_word' id='word_1_542' title='bbox 2006 4252 2158 4324; x_wconf 87' lang='grc'>(787)</span> <span class='ocrx_word' id='word_1_543' title='bbox 2204 4252 2430 4320; x_wconf 83' lang='lat' dir='ltr'><strong>Impellit</strong></span> <span class='ocrx_word' id='word_1_544' title='bbox 2476 4256 2815 4313; x_wconf 88' lang='lat' dir='ltr'><strong>ministrandi</strong></span> <span class='ocrx_word' id='word_1_545' title='bbox 2866 4260 3099 4315; x_wconf 86' lang='lat' dir='ltr'><strong>officium</strong></span> <span class='ocrx_word' id='word_1_546' title='bbox 3132 4261 3281 4333; x_wconf 86' lang='lat'><strong>(788)</strong></span> <span class='ocrx_word' id='word_1_547' title='bbox 3328 4264 3512 4323; x_wconf 86' lang='lat' dir='ltr'><strong>Hostia</strong></span> 
     </span>
    </p>
   </div>
   <div class='ocr_carea' id='block_1_87' title="bbox 1933 4345 3507 4417">
    <p class='ocr_par' dir='ltr' id='par_1_87' title="bbox 1933 4345 3507 4417">
     <span class='ocr_line' id='line_1_87' title="bbox 1933 4345 3507 4417; baseline 0.008 -16"><span class='ocrx_word' id='word_1_548' title='bbox 1933 4345 2179 4401; x_wconf 88' lang='lat' dir='ltr'><strong>salutaris</strong></span> <span class='ocrx_word' id='word_1_549' title='bbox 2206 4348 2386 4416; x_wconf 87' lang='lat' dir='ltr'><strong>populi</strong></span> <span class='ocrx_word' id='word_1_550' title='bbox 2416 4363 2511 4417; x_wconf 90' lang='lat' dir='ltr'><strong>pro</strong></span> <span class='ocrx_word' id='word_1_551' title='bbox 2537 4348 2759 4417; x_wconf 88' lang='lat' dir='ltr'><strong>delicto,</strong></span> <span class='ocrx_word' id='word_1_552' title='bbox 2795 4360 2961 4408; x_wconf 91' lang='lat' dir='ltr'><strong>terret</strong></span> <span class='ocrx_word' id='word_1_553' title='bbox 2991 4355 3318 4411; x_wconf 84' lang='lat' dir='ltr'><strong>conscientia</strong></span> <span class='ocrx_word' id='word_1_554' title='bbox 3350 4357 3507 4414; x_wconf 86' lang='lat' dir='ltr'><strong>inde-</strong></span> 
     </span>
    </p>
   </div>
   <div class='ocr_carea' id='block_1_88' title="bbox 1933 4437 3514 4509">
    <p class='ocr_par' dir='ltr' id='par_1_88' title="bbox 1933 4437 3514 4509">
     <span class='ocr_line' id='line_1_88' title="bbox 1933 4437 3514 4509; baseline 0.009 -18"><span class='ocrx_word' id='word_1_555' title='bbox 1933 4437 2031 4492; x_wconf 88' lang='lat' dir='ltr'><strong>biti</strong></span> <span class='ocrx_word' id='word_1_556' title='bbox 2059 4439 2343 4494; x_wconf 83' lang='lat' dir='ltr'><strong>sacerdOtii</strong></span> <span class='ocrx_word' id='word_1_557' title='bbox 2372 4455 2469 4509; x_wconf 88' lang='lat' dir='ltr'><strong>pro</strong></span> <span class='ocrx_word' id='word_1_558' title='bbox 2498 4451 2669 4497; x_wconf 90' lang='lat' dir='ltr'><strong>reatu.</strong></span> <span class='ocrx_word' id='word_1_559' title='bbox 2704 4443 2761 4499; x_wconf 91' lang='lat' dir='ltr'><strong>Si</strong></span> <span class='ocrx_word' id='word_1_560' title='bbox 2794 4458 2821 4496; x_wconf 89' lang='lat' dir='ltr'><strong>a</strong></span> <span class='ocrx_word' id='word_1_561' title='bbox 2856 4460 2942 4499; x_wconf 93' lang='lat' dir='ltr'><strong>me</strong></span> <span class='ocrx_word' id='word_1_562' title='bbox 2970 4448 3208 4502; x_wconf 91' lang='lat' dir='ltr'><strong>omnium</strong></span> <span class='ocrx_word' id='word_1_563' title='bbox 3262 4449 3514 4506; x_wconf 85' lang='lat' dir='ltr'><strong>sacerdo-</strong></span> 
     </span>
    </p>
   </div>
   <div class='ocr_carea' id='block_1_89' title="bbox 1936 4531 3519 4611">
    <p class='ocr_par' dir='ltr' id='par_1_89' title="bbox 1936 4531 3519 4611">
     <span class='ocr_line' id='line_1_89' title="bbox 1936 4531 3519 4611; baseline 0.008 -27"><span class='ocrx_word' id='word_1_564' title='bbox 1936 4540 2043 4585; x_wconf 92' lang='lat' dir='ltr'><strong>tum</strong></span> <span class='ocrx_word' id='word_1_565' title='bbox 2075 4531 2224 4602; x_wconf 85' lang='lat'><strong>(789)</strong></span> <span class='ocrx_word' id='word_1_566' title='bbox 2262 4531 2559 4602; x_wconf 86' lang='lat' dir='ltr'><strong>peripsetna</strong></span> <span class='ocrx_word' id='word_1_567' title='bbox 2604 4535 2926 4591; x_wconf 89' lang='lat' dir='ltr'><strong>sacrificium</strong></span> <span class='ocrx_word' id='word_1_568' title='bbox 2980 4538 3269 4606; x_wconf 86' lang='lat' dir='ltr'><strong>offeratur,</strong></span> <span class='ocrx_word' id='word_1_569' title='bbox 3303 4542 3519 4611; x_wconf 63' lang='lat' dir='ltr'><strong>pollutae</strong></span> 
     </span>
    </p>
   </div>
   <div class='ocr_carea' id='block_1_90' title="bbox 229 4622 3522 4725">
    <p class='ocr_par' dir='ltr' id='par_1_90' title="bbox 229 4622 3522 4725">
     <span class='ocr_line' id='line_1_90' title="bbox 229 4622 3522 4725; baseline 0.008 -34"><span class='ocrx_word' id='word_1_570' title='bbox 229 4638 443 4693; x_wconf 79' lang='lat' dir='ltr'><strong>servire</strong></span> <span class='ocrx_word' id='word_1_571' title='bbox 493 4636 747 4707; x_wconf 90' lang='lat' dir='ltr'><strong>tribuisti,</strong></span> <span class='ocrx_word' id='word_1_572' title='bbox 780 4639 997 4710; x_wconf 84' lang='lat' dir='ltr'><strong>dignum</strong></span> <span class='ocrx_word' id='word_1_573' title='bbox 1044 4642 1213 4697; x_wconf 89' lang='lat' dir='ltr'><strong>sacris</strong></span> <span class='ocrx_word' id='word_1_574' title='bbox 1263 4640 1521 4697; x_wconf 85' lang='lat' dir='ltr'><strong>altaribus</strong></span> <span class='ocrx_word' id='word_1_575' title='bbox 1552 4640 1636 4695; x_wconf 85' lang='lat' dir='ltr'><strong>fac</strong></span> <span class='ocrx_word' id='word_1_576' title='bbox 1664 4640 1826 4695; x_wconf 90' lang='lat' dir='ltr'><strong>mini-</strong></span> <span class='ocrx_word' id='word_1_577' title='bbox 1851 4663 1907 4725; x_wconf 69' lang='grc' dir='ltr'>ι)</span> <span class='ocrx_word' id='word_1_578' title='bbox 1935 4622 2273 4677; x_wconf 68' lang='grc' dir='ltr'><strong>θοηδθίθηίίδθ</strong></span> <span class='ocrx_word' id='word_1_579' title='bbox 2552 4636 2794 4725; x_wconf 51' lang='grc' dir='ltr'><strong>δυὲθίξξτ·</strong></span> <span class='ocrx_word' id='word_1_580' title='bbox 2828 4628 2884 4683; x_wconf 60' lang='lat' dir='ltr'><strong>Si</strong></span> <span class='ocrx_word' id='word_1_581' title='bbox 2920 4639 3079 4685; x_wconf 56' lang='lat' dir='ltr'><strong>“mm</strong></span> <span class='ocrx_word' id='word_1_582' title='bbox 3110 4632 3375 4701; x_wconf 61' lang='grc' dir='ltr'><strong>ΜθῙθδίδίί</strong></span> <span class='ocrx_word' id='word_1_583' title='bbox 3403 4635 3522 4690; x_wconf 73' lang='grc' dir='ltr'><strong>¹¹¹¹ί’</strong></span> 
     </span>
    </p>
   </div>
   <div class='ocr_carea' id='block_1_91' title="bbox 229 4732 1823 4801">
    <p class='ocr_par' dir='ltr' id='par_1_91' title="bbox 229 4732 1823 4801">
     <span class='ocr_line' id='line_1_91' title="bbox 229 4732 1823 4801; baseline 0.006 -20"><span class='ocrx_word' id='word_1_584' title='bbox 229 4737 424 4798; x_wconf 75' lang='lat' dir='ltr'><strong>atrum,</strong></span> <span class='ocrx_word' id='word_1_585' title='bbox 456 4739 519 4785; x_wconf 90' lang='lat' dir='ltr'><strong>ut</strong></span> <span class='ocrx_word' id='word_1_586' title='bbox 546 4732 690 4801; x_wconf 89' lang='lat' dir='ltr'><strong>quod</strong></span> <span class='ocrx_word' id='word_1_587' title='bbox 719 4747 837 4788; x_wconf 85' lang='lat' dir='ltr'><strong>mea</strong></span> <span class='ocrx_word' id='word_1_588' title='bbox 867 4733 1247 4789; x_wconf 87' lang='lat' dir='ltr'><strong>celebrandum</strong></span> <span class='ocrx_word' id='word_1_589' title='bbox 1293 4748 1425 4789; x_wconf 89' lang='lat' dir='ltr'><strong>voce</strong></span> <span class='ocrx_word' id='word_1_590' title='bbox 1471 4732 1823 4801; x_wconf 87' lang='lat' dir='ltr'><strong>depromitur,</strong></span> 
     </span>
    </p>
   </div>
   <div class='ocr_carea' id='block_1_92' title="bbox 233 4812 1825 4883">
    <p class='ocr_par' dir='ltr' id='par_1_92' title="bbox 233 4812 1825 4883">
     <span class='ocr_line' id='line_1_92' title="bbox 233 4812 1825 4883; baseline 0.005 -8"><span class='ocrx_word' id='word_1_591' title='bbox 233 4827 318 4877; x_wconf 83' lang='lat' dir='ltr'><strong>tua</strong></span> <span class='ocrx_word' id='word_1_592' title='bbox 342 4812 782 4880; x_wconf 67' lang='lat' dir='ltr'><strong>sanctificatione</strong></span> <span class='ocrx_word' id='word_1_593' title='bbox 810 4824 1072 4881; x_wconf 90' lang='lat' dir='ltr'><strong>firmetur.</strong></span> <span class='ocrx_word' id='word_1_594' title='bbox 1105 4826 1205 4881; x_wconf 89' lang='lat' dir='ltr'><strong>Per</strong></span> <span class='ocrx_word' id='word_1_595' title='bbox 1229 4825 1512 4881; x_wconf 91' lang='lat' dir='ltr'><strong>Dominum</strong></span> <span class='ocrx_word' id='word_1_596' title='bbox 1562 4835 1825 4883; x_wconf 88' lang='lat' dir='ltr'><strong>nostrum.</strong></span> 
     </span>
    </p>
   </div>
   <div class='ocr_carea' id='block_1_93' title="bbox 300 4915 1829 4989">
    <p class='ocr_par' dir='ltr' id='par_1_93' title="bbox 300 4915 1829 4989">
     <span class='ocr_line' id='line_1_93' title="bbox 300 4915 1829 4989; baseline 0 -16"><span class='ocrx_word' id='word_1_597' title='bbox 300 4916 483 4987; x_wconf 76' lang='lat' dir='ltr'><strong>Super</strong></span> <span class='ocrx_word' id='word_1_598' title='bbox 510 4915 704 4972; x_wconf 85' lang='lat' dir='ltr'><strong>oblata.</strong></span> <span class='ocrx_word' id='word_1_599' title='bbox 733 4946 803 4959; x_wconf 90' lang='lat'><strong>—</strong></span> <span class='ocrx_word' id='word_1_600' title='bbox 846 4917 929 4974; x_wconf 83' lang='lat' dir='ltr'><strong>Ad</strong></span> <span class='ocrx_word' id='word_1_601' title='bbox 974 4918 1222 4989; x_wconf 86' lang='lat' dir='ltr'><strong>gloriam,</strong></span> <span class='ocrx_word' id='word_1_602' title='bbox 1254 4918 1502 4986; x_wconf 88' lang='lat' dir='ltr'><strong>Domine,</strong></span> <span class='ocrx_word' id='word_1_603' title='bbox 1536 4921 1609 4974; x_wconf 92' lang='lat' dir='ltr'><strong>tui</strong></span> <span class='ocrx_word' id='word_1_604' title='bbox 1656 4919 1829 4975; x_wconf 87' lang='lat' dir='ltr'><strong>nomi-</strong></span> 
     </span>
    </p>
   </div>
   <div class='ocr_carea' id='block_1_94' title="bbox 235 5010 1826 5084">
    <p class='ocr_par' dir='ltr' id='par_1_94' title="bbox 235 5010 1826 5084">
     <span class='ocr_line' id='line_1_94' title="bbox 235 5010 1826 5084; baseline 0.003 -21"><span class='ocrx_word' id='word_1_605' title='bbox 235 5010 337 5077; x_wconf 84' lang='lat' dir='ltr'><strong>nis.</strong></span> <span class='ocrx_word' id='word_1_606' title='bbox 389 5028 573 5069; x_wconf 87' lang='lat' dir='ltr'><strong>annua</strong></span> <span class='ocrx_word' id='word_1_607' title='bbox 622 5011 761 5069; x_wconf 88' lang='lat' dir='ltr'><strong>festa</strong></span> <span class='ocrx_word' id='word_1_608' title='bbox 814 5022 1125 5084; x_wconf 90' lang='lat' dir='ltr'><strong>repetentes</strong></span> <span class='ocrx_word' id='word_1_609' title='bbox 1178 5013 1525 5069; x_wconf 88' lang='lat' dir='ltr'><strong>sacerdotalis</strong></span> <span class='ocrx_word' id='word_1_610' title='bbox 1581 5013 1826 5080; x_wconf 80' lang='lat' dir='ltr'><strong>exordii,</strong></span> 
     </span>
    </p>
   </div>
   <div class='ocr_carea' id='block_1_95' title="bbox 235 5102 1822 5175">
    <p class='ocr_par' dir='ltr' id='par_1_95' title="bbox 235 5102 1822 5175">
     <span class='ocr_line' id='line_1_95' title="bbox 235 5102 1822 5175; baseline 0.001 -17"><span class='ocrx_word' id='word_1_611' title='bbox 235 5102 482 5159; x_wconf 82' lang='lat' dir='ltr'><strong>Hostiam</strong></span> <span class='ocrx_word' id='word_1_612' title='bbox 514 5103 609 5160; x_wconf 90' lang='lat' dir='ltr'><strong>tibi</strong></span> <span class='ocrx_word' id='word_1_613' title='bbox 641 5103 819 5160; x_wconf 82' lang='lat' dir='ltr'><strong>laudis</strong></span> <span class='ocrx_word' id='word_1_614' title='bbox 848 5104 1146 5174; x_wconf 73' lang='lat' dir='ltr'><strong>offerimus,</strong></span> <span class='ocrx_word' id='word_1_615' title='bbox 1177 5105 1494 5175; x_wconf 90' lang='lat' dir='ltr'><strong>suppliciter</strong></span> <span class='ocrx_word' id='word_1_616' title='bbox 1515 5113 1822 5171; x_wconf 82' lang='lat' dir='ltr'><strong>exorantes,</strong></span> 
     </span>
    </p>
   </div>
   <div class='ocr_carea' id='block_1_96' title="bbox 235 5194 1829 5266">
    <p class='ocr_par' dir='ltr' id='par_1_96' title="bbox 235 5194 1829 5266">
     <span class='ocr_line' id='line_1_96' title="bbox 235 5194 1829 5266; baseline 0.002 -17"><span class='ocrx_word' id='word_1_617' title='bbox 235 5207 289 5249; x_wconf 85' lang='lat' dir='ltr'><strong>ut</strong></span> <span class='ocrx_word' id='word_1_618' title='bbox 316 5197 476 5266; x_wconf 76' lang='lat' dir='ltr'><strong>cuius</strong></span> <span class='ocrx_word' id='word_1_619' title='bbox 506 5195 793 5253; x_wconf 87' lang='lat' dir='ltr'><strong>ministerii</strong></span> <span class='ocrx_word' id='word_1_620' title='bbox 819 5196 937 5254; x_wconf 91' lang='lat' dir='ltr'><strong>vice</strong></span> <span class='ocrx_word' id='word_1_621' title='bbox 967 5198 1063 5254; x_wconf 90' lang='lat' dir='ltr'><strong>tibi</strong></span> <span class='ocrx_word' id='word_1_622' title='bbox 1111 5198 1382 5254; x_wconf 83' lang='lat' dir='ltr'><strong>servimus</strong></span> <span class='ocrx_word' id='word_1_623' title='bbox 1409 5194 1683 5265; x_wconf 88' lang='lat' dir='ltr'><strong>immeriti,</strong></span> <span class='ocrx_word' id='word_1_624' title='bbox 1714 5195 1829 5253; x_wconf 80' lang='lat' dir='ltr'><strong>suf-</strong></span> 
     </span>
    </p>
   </div>
   <div class='ocr_carea' id='block_1_97' title="bbox 235 5285 1292 5362">
    <p class='ocr_par' dir='ltr' id='par_1_97' title="bbox 235 5285 1292 5362">
     <span class='ocr_line' id='line_1_97' title="bbox 235 5285 1292 5362; baseline 0.009 -24"><span class='ocrx_word' id='word_1_625' title='bbox 235 5285 421 5357; x_wconf 60' lang='lat' dir='ltr'><strong>[regiis</strong></span> <span class='ocrx_word' id='word_1_626' title='bbox 450 5289 573 5360; x_wconf 76' lang='lat' dir='ltr'><strong>eius</strong></span> <span class='ocrx_word' id='word_1_627' title='bbox 597 5289 886 5346; x_wconf 87' lang='lat' dir='ltr'><strong>reddamur</strong></span> <span class='ocrx_word' id='word_1_628' title='bbox 910 5292 1137 5362; x_wconf 87' lang='lat' dir='ltr'><strong>accepti.</strong></span> <span class='ocrx_word' id='word_1_629' title='bbox 1169 5290 1292 5347; x_wconf 88' lang='lat' dir='ltr'><strong>Per.</strong></span> 
     </span>
    </p>
   </div>
   <div class='ocr_carea' id='block_1_98' title="bbox 307 5377 1828 5455">
    <p class='ocr_par' dir='ltr' id='par_1_98' title="bbox 307 5377 1828 5455">
     <span class='ocr_line' id='line_1_98' title="bbox 307 5377 1828 5455; baseline 0.007 -24"><span class='ocrx_word' id='word_1_630' title='bbox 307 5377 461 5449; x_wconf 78' lang='lat' dir='ltr'><strong>Infra</strong></span> <span class='ocrx_word' id='word_1_631' title='bbox 491 5382 770 5439; x_wconf 82' lang='lat' dir='ltr'><strong>actionem.</strong></span> <span class='ocrx_word' id='word_1_632' title='bbox 809 5412 881 5427; x_wconf 92' lang='lat'><strong>—-</strong></span> <span class='ocrx_word' id='word_1_633' title='bbox 910 5383 1059 5439; x_wconf 84' lang='lat' dir='ltr'><strong>Hanc</strong></span> <span class='ocrx_word' id='word_1_634' title='bbox 1089 5384 1249 5454; x_wconf 90' lang='lat' dir='ltr'><strong>igitur</strong></span> <span class='ocrx_word' id='word_1_635' title='bbox 1284 5382 1633 5449; x_wconf 89' lang='lat' dir='ltr'><strong>oblationem,</strong></span> <span class='ocrx_word' id='word_1_636' title='bbox 1664 5400 1828 5455; x_wconf 88' lang='lat' dir='ltr'><strong>quam</strong></span> 
     </span>
    </p>
   </div>
   <div class='ocr_carea' id='block_1_99' title="bbox 236 5468 1824 5546">
    <p class='ocr_par' dir='ltr' id='par_1_99' title="bbox 236 5468 1824 5546">
     <span class='ocr_line' id='line_1_99' title="bbox 236 5468 1824 5546; baseline 0.004 -23"><span class='ocrx_word' id='word_1_637' title='bbox 236 5468 333 5525; x_wconf 87' lang='lat' dir='ltr'><strong>tibi</strong></span> <span class='ocrx_word' id='word_1_638' title='bbox 362 5472 529 5531; x_wconf 76' lang='lat' dir='ltr'><strong>offero</strong></span> <span class='ocrx_word' id='word_1_639' title='bbox 555 5489 658 5546; x_wconf 85' lang='lat' dir='ltr'><strong>ego</strong></span> <span class='ocrx_word' id='word_1_640' title='bbox 688 5484 810 5532; x_wconf 89' lang='lat' dir='ltr'><strong>tuus</strong></span> <span class='ocrx_word' id='word_1_641' title='bbox 848 5474 1081 5532; x_wconf 88' lang='lat' dir='ltr'><strong>famulus</strong></span> <span class='ocrx_word' id='word_1_642' title='bbox 1110 5482 1164 5532; x_wconf 88' lang='lat' dir='ltr'><strong>et</strong></span> <span class='ocrx_word' id='word_1_643' title='bbox 1191 5475 1446 5532; x_wconf 89' lang='lat' dir='ltr'><strong>sacerdos</strong></span> <span class='ocrx_word' id='word_1_644' title='bbox 1471 5475 1540 5532; x_wconf 86' lang='lat' dir='ltr'><strong>ob</strong></span> <span class='ocrx_word' id='word_1_645' title='bbox 1571 5475 1739 5543; x_wconf 91' lang='lat' dir='ltr'><strong>diem,</strong></span> <span class='ocrx_word' id='word_1_646' title='bbox 1772 5475 1824 5530; x_wconf 92' lang='lat' dir='ltr'><strong>in</strong></span> 
     </span>
    </p>
   </div>
   <div class='ocr_carea' id='block_1_100' title="bbox 236 5567 1821 5639">
    <p class='ocr_par' dir='ltr' id='par_1_100' title="bbox 236 5567 1821 5639">
     <span class='ocr_line' id='line_1_100' title="bbox 236 5567 1821 5639; baseline 0.002 -18"><span class='ocrx_word' id='word_1_647' title='bbox 236 5578 347 5634; x_wconf 87' lang='lat' dir='ltr'><strong>quo</strong></span> <span class='ocrx_word' id='word_1_648' title='bbox 376 5582 463 5624; x_wconf 90' lang='lat' dir='ltr'><strong>me</strong></span> <span class='ocrx_word' id='word_1_649' title='bbox 492 5567 742 5639; x_wconf 87' lang='lat' dir='ltr'><strong>dignatus</strong></span> <span class='ocrx_word' id='word_1_650' title='bbox 767 5583 827 5627; x_wconf 89' lang='lat' dir='ltr'><strong>es</strong></span> <span class='ocrx_word' id='word_1_651' title='bbox 855 5567 1161 5626; x_wconf 88' lang='lat' dir='ltr'><strong>ministerio</strong></span> <span class='ocrx_word' id='word_1_652' title='bbox 1185 5583 1344 5626; x_wconf 85' lang='lat' dir='ltr'><strong>sacro</strong></span> <span class='ocrx_word' id='word_1_653' title='bbox 1372 5568 1698 5625; x_wconf 89' lang='lat' dir='ltr'><strong>constituere</strong></span> <span class='ocrx_word' id='word_1_654' title='bbox 1729 5583 1821 5624; x_wconf 89' lang='lat' dir='ltr'><strong>sa-</strong></span> 
     </span>
    </p>
   </div>
   <div class='ocr_carea' id='block_1_101' title="bbox 316 5694 1827 5819">
    <p class='ocr_par' dir='ltr' id='par_1_101' title="bbox 316 5728 1827 5819">
     <span class='ocr_line' id='line_1_101' title="bbox 316 5728 1827 5819; baseline 0.003 -33"><span class='ocrx_word' id='word_1_655' title='bbox 316 5739 346 5768; x_wconf 78' lang='grc'><em>³</em></span> <span class='ocrx_word' id='word_1_656' title='bbox 384 5731 441 5786; x_wconf 88' lang='lat' dir='ltr'><strong>In</strong></span> <span class='ocrx_word' id='word_1_657' title='bbox 488 5732 919 5819; x_wconf 52' lang='lat' dir='ltr'><strong>benedictionali</strong></span> <span class='ocrx_word' id='word_1_658' title='bbox 944 5728 1145 5809; x_wconf 82' lang='lat' dir='ltr'><strong>legitur</strong></span> <span class='ocrx_word' id='word_1_659' title='bbox 1182 5735 1286 5795; x_wconf 81' lang='lat' dir='ltr'><strong>alia</strong></span> <span class='ocrx_word' id='word_1_660' title='bbox 1312 5749 1410 5809; x_wconf 87' lang='lat' dir='ltr'><strong>pro</strong></span> <span class='ocrx_word' id='word_1_661' title='bbox 1451 5733 1827 5793; x_wconf 81' lang='lat' dir='ltr'><strong>anniversario</strong></span> 
     </span>
    </p>
   </div>
   <div class='ocr_carea' id='block_1_102' title="bbox 239 5812 943 5876">
    <p class='ocr_par' dir='ltr' id='par_1_102' title="bbox 239 5812 943 5876">
     <span class='ocr_line' id='line_1_102' title="bbox 239 5812 943 5876; baseline 0.007 -19"><span class='ocrx_word' id='word_1_662' title='bbox 239 5812 663 5876; x_wconf 75' lang='lat' dir='ltr'><strong>consecrationis</strong></span> <span class='ocrx_word' id='word_1_663' title='bbox 686 5812 943 5876; x_wconf 82' lang='lat' dir='ltr'><strong>episcopi.</strong></span> 
     </span>
    </p>
   </div>
   <div class='ocr_carea' id='block_1_103' title="bbox 321 5872 1003 5938">
    <p class='ocr_par' dir='ltr' id='par_1_103' title="bbox 321 5872 1003 5938">
     <span class='ocr_line' id='line_1_103' title="bbox 321 5872 1003 5938; baseline 0.007 -8"><span class='ocrx_word' id='word_1_664' title='bbox 321 5872 350 5914; x_wconf 75' lang='grc' dir='ltr'>δ</span> <span class='ocrx_word' id='word_1_665' title='bbox 380 5876 545 5935; x_wconf 79' lang='lat' dir='ltr'><strong>Abest</strong></span> <span class='ocrx_word' id='word_1_666' title='bbox 571 5878 640 5935; x_wconf 87' lang='lat' dir='ltr'><strong>ab</strong></span> <span class='ocrx_word' id='word_1_667' title='bbox 669 5872 789 5937; x_wconf 79' lang='lat' dir='ltr'><strong>aliis</strong></span> <span class='ocrx_word' id='word_1_668' title='bbox 811 5872 1003 5938; x_wconf 74' lang='lat' dir='ltr'><strong>Editis.</strong></span> 
     </span>
    </p>
   </div>
   <div class='ocr_carea' id='block_1_104' title="bbox 1932 4718 3521 4796">
    <p class='ocr_par' dir='ltr' id='par_1_104' title="bbox 1932 4718 3521 4796">
     <span class='ocr_line' id='line_1_104' title="bbox 1932 4718 3521 4796; baseline 0.009 -26"><span class='ocrx_word' id='word_1_669' title='bbox 1932 4730 2102 4771; x_wconf 78' lang='lat' dir='ltr'><strong>versze</strong></span> <span class='ocrx_word' id='word_1_670' title='bbox 2134 4720 2313 4774; x_wconf 90' lang='lat' dir='ltr'><strong>carnis</strong></span> <span class='ocrx_word' id='word_1_671' title='bbox 2336 4718 2507 4790; x_wconf 88' lang='lat' dir='ltr'><strong>judici</strong></span> <span class='ocrx_word' id='word_1_672' title='bbox 2537 4737 2642 4778; x_wconf 90' lang='lat' dir='ltr'><strong>non</strong></span> <span class='ocrx_word' id='word_1_673' title='bbox 2674 4722 2918 4788; x_wconf 82' lang='lat' dir='ltr'><strong>offertur,</strong></span> <span class='ocrx_word' id='word_1_674' title='bbox 2954 4725 3290 4796; x_wconf 70' lang='lat' dir='ltr'><strong>negligentiae</strong></span> <span class='ocrx_word' id='word_1_675' title='bbox 3339 4738 3521 4784; x_wconf 90' lang='lat' dir='ltr'><strong>reatus</strong></span> 
     </span>
    </p>
   </div>
   <div class='ocr_carea' id='block_1_105' title="bbox 1931 4810 3520 4889">
    <p class='ocr_par' dir='ltr' id='par_1_105' title="bbox 1931 4810 3520 4889">
     <span class='ocr_line' id='line_1_105' title="bbox 1931 4810 3520 4889; baseline 0.008 -25"><span class='ocrx_word' id='word_1_676' title='bbox 1931 4810 2235 4867; x_wconf 87' lang='lat' dir='ltr'><strong>ascribitur.</strong></span> <span class='ocrx_word' id='word_1_677' title='bbox 2286 4812 2428 4869; x_wconf 83' lang='lat' dir='ltr'><strong>Inter</strong></span> <span class='ocrx_word' id='word_1_678' title='bbox 2476 4813 2593 4869; x_wconf 59' lang='lat' dir='ltr'><strong>haec</strong></span> <span class='ocrx_word' id='word_1_679' title='bbox 2646 4824 2773 4880; x_wconf 76' lang='lat' dir='ltr'><strong>tum,</strong></span> <span class='ocrx_word' id='word_1_680' title='bbox 2836 4816 3197 4889; x_wconf 90' lang='lat' dir='ltr'><strong>omnipotens,</strong></span> <span class='ocrx_word' id='word_1_681' title='bbox 3258 4819 3520 4875; x_wconf 84' lang='lat' dir='ltr'><strong>libramen</strong></span> 
     </span>
    </p>
   </div>
   <div class='ocr_carea' id='block_1_106' title="bbox 1922 4900 3518 4975">
    <p class='ocr_par' dir='ltr' id='par_1_106' title="bbox 1922 4900 3518 4975">
     <span class='ocr_line' id='line_1_106' title="bbox 1922 4900 3518 4975; baseline 0.006 -19"><span class='ocrx_word' id='word_1_682' title='bbox 1922 4900 2144 4971; x_wconf 75' lang='lat' dir='ltr'><strong>pictatis</strong></span> <span class='ocrx_word' id='word_1_683' title='bbox 2173 4905 2423 4975; x_wconf 91' lang='lat' dir='ltr'><strong>imploro,</strong></span> <span class='ocrx_word' id='word_1_684' title='bbox 2449 4906 2603 4975; x_wconf 87' lang='lat' dir='ltr'><strong>cujus</strong></span> <span class='ocrx_word' id='word_1_685' title='bbox 2631 4906 2847 4961; x_wconf 91' lang='lat' dir='ltr'><strong>ultionis</strong></span> <span class='ocrx_word' id='word_1_686' title='bbox 2878 4907 3020 4963; x_wconf 90' lang='lat' dir='ltr'><strong>diem</strong></span> <span class='ocrx_word' id='word_1_687' title='bbox 3076 4921 3361 4966; x_wconf 90' lang='lat' dir='ltr'><strong>accusante</strong></span> <span class='ocrx_word' id='word_1_688' title='bbox 3389 4928 3518 4966; x_wconf 88' lang='lat' dir='ltr'><strong>con-</strong></span> 
     </span>
    </p>
   </div>
   <div class='ocr_carea' id='block_1_107' title="bbox 1930 4995 3517 5075">
    <p class='ocr_par' dir='ltr' id='par_1_107' title="bbox 1930 4995 3517 5075">
     <span class='ocr_line' id='line_1_107' title="bbox 1930 4995 3517 5075; baseline 0.006 -24"><span class='ocrx_word' id='word_1_689' title='bbox 1930 4995 2150 5053; x_wconf 86' lang='lat' dir='ltr'><strong>scientia</strong></span> <span class='ocrx_word' id='word_1_690' title='bbox 2202 4997 2542 5066; x_wconf 90' lang='lat' dir='ltr'><strong>pertimesco.</strong></span> <span class='ocrx_word' id='word_1_691' title='bbox 2593 4999 2745 5070; x_wconf 86' lang='lat'><strong>(790)</strong></span> <span class='ocrx_word' id='word_1_692' title='bbox 2794 4999 2870 5055; x_wconf 88' lang='lat' dir='ltr'><strong>Ne</strong></span> <span class='ocrx_word' id='word_1_693' title='bbox 2927 5000 3234 5072; x_wconf 88' lang='lat' dir='ltr'><strong>indignum,</strong></span> <span class='ocrx_word' id='word_1_694' title='bbox 3296 5021 3517 5075; x_wconf 81' lang='lat' dir='ltr'><strong>quaeso,</strong></span> 
     </span>
    </p>
   </div>
   <div class='ocr_carea' id='block_1_108' title="bbox 1934 5090 3515 5164">
    <p class='ocr_par' dir='ltr' id='par_1_108' title="bbox 1934 5090 3515 5164">
     <span class='ocr_line' id='line_1_108' title="bbox 1934 5090 3515 5164; baseline 0.001 -18"><span class='ocrx_word' id='word_1_695' title='bbox 1934 5090 2296 5147; x_wconf 88' lang='lat' dir='ltr'><strong>misericordia</strong></span> <span class='ocrx_word' id='word_1_696' title='bbox 2330 5100 2412 5145; x_wconf 90' lang='lat' dir='ltr'><strong>tua</strong></span> <span class='ocrx_word' id='word_1_697' title='bbox 2437 5091 2669 5162; x_wconf 78' lang='lat' dir='ltr'><strong>judices,</strong></span> <span class='ocrx_word' id='word_1_698' title='bbox 2702 5108 2858 5162; x_wconf 92' lang='lat' dir='ltr'><strong>quem</strong></span> <span class='ocrx_word' id='word_1_699' title='bbox 2885 5108 2916 5149; x_wconf 88' lang='lat' dir='ltr'><strong>a</strong></span> <span class='ocrx_word' id='word_1_700' title='bbox 2968 5102 3209 5164; x_wconf 88' lang='lat' dir='ltr'><strong>tempore</strong></span> <span class='ocrx_word' id='word_1_701' title='bbox 3240 5096 3515 5163; x_wconf 88' lang='lat' dir='ltr'><strong>poeniten-</strong></span> 
     </span>
    </p>
   </div>
   <div class='ocr_carea' id='block_1_109' title="bbox 1934 5182 3511 5254">
    <p class='ocr_par' dir='ltr' id='par_1_109' title="bbox 1934 5182 3511 5254">
     <span class='ocr_line' id='line_1_109' title="bbox 1934 5182 3511 5254; baseline 0.001 -16"><span class='ocrx_word' id='word_1_702' title='bbox 1934 5183 2021 5238; x_wconf 70' lang='lat' dir='ltr'><strong>tia:</strong></span> <span class='ocrx_word' id='word_1_703' title='bbox 2068 5199 2175 5237; x_wconf 89' lang='lat' dir='ltr'><strong>non</strong></span> <span class='ocrx_word' id='word_1_704' title='bbox 2220 5182 2477 5239; x_wconf 82' lang='lat' dir='ltr'><strong>excludis.</strong></span> <span class='ocrx_word' id='word_1_705' title='bbox 2526 5182 2675 5254; x_wconf 88' lang='grc'>(791)</span> <span class='ocrx_word' id='word_1_706' title='bbox 2705 5182 2985 5254; x_wconf 88' lang='lat' dir='ltr'><strong>Suspende</strong></span> <span class='ocrx_word' id='word_1_707' title='bbox 3029 5186 3290 5253; x_wconf 87' lang='lat' dir='ltr'><strong>securim,</strong></span> <span class='ocrx_word' id='word_1_708' title='bbox 3340 5187 3511 5240; x_wconf 89' lang='lat' dir='ltr'><strong>donec</strong></span> 
     </span>
    </p>
   </div>
   <div class='ocr_carea' id='block_1_110' title="bbox 1933 5275 3517 5347">
    <p class='ocr_par' dir='ltr' id='par_1_110' title="bbox 1933 5275 3517 5347">
     <span class='ocr_line' id='line_1_110' title="bbox 1933 5275 3517 5347; baseline 0.001 -15"><span class='ocrx_word' id='word_1_709' title='bbox 1933 5275 2107 5332; x_wconf 88' lang='lat' dir='ltr'><strong>cultor</strong></span> <span class='ocrx_word' id='word_1_710' title='bbox 2155 5277 2326 5331; x_wconf 63' lang='lat' dir='ltr'><strong>vineae</strong></span> <span class='ocrx_word' id='word_1_711' title='bbox 2378 5276 2660 5332; x_wconf 86' lang='lat' dir='ltr'><strong>admoveat</strong></span> <span class='ocrx_word' id='word_1_712' title='bbox 2707 5277 2997 5347; x_wconf 82' lang='lat' dir='ltr'><strong>copliinum</strong></span> <span class='ocrx_word' id='word_1_713' title='bbox 3043 5283 3297 5335; x_wconf 84' lang='lat' dir='ltr'><strong>stercoris</strong></span> <span class='ocrx_word' id='word_1_714' title='bbox 3345 5278 3517 5333; x_wconf 89' lang='lat' dir='ltr'><strong>infru-</strong></span> 
     </span>
    </p>
   </div>
   <div class='ocr_carea' id='block_1_111' title="bbox 1934 5367 3518 5434">
    <p class='ocr_par' dir='ltr' id='par_1_111' title="bbox 1934 5367 3518 5434">
     <span class='ocr_line' id='line_1_111' title="bbox 1934 5367 3518 5434; baseline -0.001 -10"><span class='ocrx_word' id='word_1_715' title='bbox 1934 5379 2136 5425; x_wconf 72' lang='lat' dir='ltr'><strong>ctuosa:</strong></span> <span class='ocrx_word' id='word_1_716' title='bbox 2162 5369 2370 5425; x_wconf 88' lang='lat' dir='ltr'><strong>arboris</strong></span> <span class='ocrx_word' id='word_1_717' title='bbox 2399 5367 2467 5423; x_wconf 90' lang='lat' dir='ltr'><strong>ad</strong></span> <span class='ocrx_word' id='word_1_718' title='bbox 2495 5370 2754 5425; x_wconf 89' lang='lat' dir='ltr'><strong>radicem.</strong></span> <span class='ocrx_word' id='word_1_719' title='bbox 2786 5368 2956 5426; x_wconf 86' lang='lat' dir='ltr'><strong>Parce</strong></span> <span class='ocrx_word' id='word_1_720' title='bbox 2984 5370 3134 5434; x_wconf 88' lang='lat' dir='ltr'><strong>mihi,</strong></span> <span class='ocrx_word' id='word_1_721' title='bbox 3161 5370 3384 5425; x_wconf 84' lang='lat' dir='ltr'><strong>Domine</strong></span> <span class='ocrx_word' id='word_1_722' title='bbox 3409 5370 3518 5424; x_wconf 86' lang='lat' dir='ltr'><strong>cle-</strong></span> 
     </span>
    </p>
   </div>
   <div class='ocr_carea' id='block_1_112' title="bbox 1934 5461 3517 5532">
    <p class='ocr_par' dir='ltr' id='par_1_112' title="bbox 1934 5461 3517 5532">
     <span class='ocr_line' id='line_1_112' title="bbox 1934 5461 3517 5532; baseline -0.001 -14"><span class='ocrx_word' id='word_1_723' title='bbox 1934 5462 2270 5531; x_wconf 90' lang='lat' dir='ltr'><strong>mentissine,</strong></span> <span class='ocrx_word' id='word_1_724' title='bbox 2326 5462 2627 5530; x_wconf 78' lang='lat' dir='ltr'><strong>pmnitenti,</strong></span> <span class='ocrx_word' id='word_1_725' title='bbox 2659 5462 2747 5530; x_wconf 92' lang='lat' dir='ltr'><strong>qui</strong></span> <span class='ocrx_word' id='word_1_726' title='bbox 2784 5461 2949 5517; x_wconf 91' lang='lat' dir='ltr'><strong>David</strong></span> <span class='ocrx_word' id='word_1_727' title='bbox 2995 5471 3115 5532; x_wconf 91' lang='lat' dir='ltr'><strong>post</strong></span> <span class='ocrx_word' id='word_1_728' title='bbox 3154 5463 3359 5530; x_wconf 90' lang='lat' dir='ltr'><strong>lapsum</strong></span> <span class='ocrx_word' id='word_1_729' title='bbox 3408 5462 3517 5517; x_wconf 86' lang='lat' dir='ltr'><strong>cle-</strong></span> 
     </span>
    </p>
   </div>
   <div class='ocr_carea' id='block_1_113' title="bbox 1934 5555 3517 5628">
    <p class='ocr_par' dir='ltr' id='par_1_113' title="bbox 1934 5555 3517 5628">
     <span class='ocr_line' id='line_1_113' title="bbox 1934 5555 3517 5628; baseline -0.002 -13"><span class='ocrx_word' id='word_1_730' title='bbox 1934 5570 2147 5617; x_wconf 87' lang='lat' dir='ltr'><strong>menter</strong></span> <span class='ocrx_word' id='word_1_731' title='bbox 2198 5559 2265 5614; x_wconf 87' lang='lat' dir='ltr'><strong>ad</strong></span> <span class='ocrx_word' id='word_1_732' title='bbox 2296 5557 2507 5615; x_wconf 82' lang='lat' dir='ltr'><strong>veniam</strong></span> <span class='ocrx_word' id='word_1_733' title='bbox 2554 5558 2855 5625; x_wconf 87' lang='lat' dir='ltr'><strong>revocasti;</strong></span> <span class='ocrx_word' id='word_1_734' title='bbox 2900 5557 2987 5628; x_wconf 91' lang='lat' dir='ltr'><strong>qui</strong></span> <span class='ocrx_word' id='word_1_735' title='bbox 3019 5556 3159 5612; x_wconf 84' lang='lat' dir='ltr'><strong>Petri</strong></span> <span class='ocrx_word' id='word_1_736' title='bbox 3207 5555 3517 5612; x_wconf 89' lang='lat' dir='ltr'><strong>misericors</strong></span> 
     </span>
    </p>
   </div>
   <div class='ocr_carea' id='block_1_114' title="bbox 2010 5720 3514 5805">
    <p class='ocr_par' dir='ltr' id='par_1_114' title="bbox 2010 5720 3514 5805">
     <span class='ocr_line' id='line_1_114' title="bbox 2010 5720 3514 5805; baseline -0.01 -18"><span class='ocrx_word' id='word_1_737' title='bbox 2010 5742 2033 5771; x_wconf 73' lang='grc' dir='ltr'><strong>ι</strong></span> <span class='ocrx_word' id='word_1_738' title='bbox 2075 5730 2215 5805; x_wconf 63' lang='lat' dir='ltr'><strong>Haec</strong></span> <span class='ocrx_word' id='word_1_739' title='bbox 2246 5730 2485 5805; x_wconf 79' lang='lat' dir='ltr'><strong>apologia</strong></span> <span class='ocrx_word' id='word_1_740' title='bbox 2538 5743 2678 5805; x_wconf 88' lang='lat' dir='ltr'><strong>cum_</strong></span> <span class='ocrx_word' id='word_1_741' title='bbox 2708 5725 2965 5805; x_wconf 85' lang='lat' dir='ltr'><strong>sequen_t_i_</strong></span> <span class='ocrx_word' id='word_1_742' title='bbox 3001 5724 3053 5777; x_wconf 92' lang='lat' dir='ltr'><strong>in</strong></span> <span class='ocrx_word' id='word_1_743' title='bbox 3078 5721 3205 5805; x_wconf 50' lang='lat' dir='ltr'><strong>&quot;Ed.</strong></span> <span class='ocrx_word' id='word_1_744' title='bbox 3240 5720 3411 5805; x_wconf 77' lang='lat' dir='ltr'><strong>Vatic.</strong></span> <span class='ocrx_word' id='word_1_745' title='bbox 3464 5728 3514 5771; x_wconf 83' lang='lat' dir='ltr'><strong>et</strong></span> 
     </span>
    </p>
   </div>
   <div class='ocr_carea' id='block_1_115' title="bbox 1936 5792 3513 5859">
    <p class='ocr_par' dir='ltr' id='par_1_115' title="bbox 1936 5792 3513 5859">
     <span class='ocr_line' id='line_1_115' title="bbox 1936 5792 3513 5859; baseline -0.008 0"><span class='ocrx_word' id='word_1_746' title='bbox 1936 5803 2239 5859; x_wconf 83' lang='lat' dir='ltr'><strong>Gussanvil.</strong></span> <span class='ocrx_word' id='word_1_747' title='bbox 2283 5792 2610 5856; x_wconf 76' lang='lat' dir='ltr'><strong>continetur.</strong></span> <span class='ocrx_word' id='word_1_748' title='bbox 2663 5799 2716 5853; x_wconf 88' lang='lat' dir='ltr'><strong>lo</strong></span> <span class='ocrx_word' id='word_1_749' title='bbox 2753 5792 2856 5852; x_wconf 82' lang='lat' dir='ltr'><strong>vet.</strong></span> <span class='ocrx_word' id='word_1_750' title='bbox 2902 5796 3046 5849; x_wconf 87' lang='lat' dir='ltr'><strong>Miss.</strong></span> <span class='ocrx_word' id='word_1_751' title='bbox 3073 5792 3261 5848; x_wconf 89' lang='lat' dir='ltr'><strong>Gallic.</strong></span> <span class='ocrx_word' id='word_1_752' title='bbox 3293 5792 3396 5847; x_wconf 90' lang='lat' dir='ltr'><strong>alia</strong></span> <span class='ocrx_word' id='word_1_753' title='bbox 3429 5808 3513 5847; x_wconf 88' lang='lat' dir='ltr'><strong>rc-</strong></span> 
     </span>
    </p>
   </div>
   <div class='ocr_carea' id='block_1_116' title="bbox 1938 5866 3471 5949">
    <p class='ocr_par' dir='ltr' id='par_1_116' title="bbox 1938 5866 3471 5949">
     <span class='ocr_line' id='line_1_116' title="bbox 1938 5866 3471 5949; baseline -0.012 -14"><span class='ocrx_word' id='word_1_754' title='bbox 1938 5875 2139 5949; x_wconf 87' lang='lat' dir='ltr'><strong>peritur</strong></span> <span class='ocrx_word' id='word_1_755' title='bbox 2166 5874 2431 5946; x_wconf 75' lang='lat' dir='ltr'><strong>apologis,</strong></span> <span class='ocrx_word' id='word_1_756' title='bbox 2457 5872 2582 5927; x_wconf 91' lang='lat' dir='ltr'><strong>licet</strong></span> <span class='ocrx_word' id='word_1_757' title='bbox 2609 5870 2780 5941; x_wconf 85' lang='lat' dir='ltr'><strong>quoad</strong></span> <span class='ocrx_word' id='word_1_758' title='bbox 2804 5882 3031 5925; x_wconf 82' lang='lat' dir='ltr'><strong>.scnsum</strong></span> <span class='ocrx_word' id='word_1_759' title='bbox 3064 5867 3153 5925; x_wconf 78' lang='lat' dir='ltr'><strong>vix</strong></span> <span class='ocrx_word' id='word_1_760' title='bbox 3181 5866 3471 5936; x_wconf 88' lang='lat' dir='ltr'><strong>discrepet.</strong></span> 
     </span>
    </p>
   </div>
  </div>
