4042 6350
540 308 638 364 29.7

1723 301 1964 384 SANCTi
2004 298 2330 356 GREGORII
2370 299 2583 356 MAGNl

3670 304 3776 368 928

539 437 719 478 amare
764 419 938 478 ﬂentis
979 419 1237 490 lacrymas
1266 417 1545 482 respexistr
1565 458 1581 483 ,
1631 418 1718 485 qui
1746 417 2005 471 latronem
2045 415 2098 469 in
2129 416 2183 477 Α
2204 414 2479 484 accingere
2503 454 2518 480 ,
2549 413 2860 484 lumbosque
2890 428 3038 469 meos
3064 413 3241 471 balteo
3271 415 3344 470 tui
3373 415 3567 472 amoris
3608 419 3774 473 ambi-

541 516 714 572 crucis
763 513 1000 584 patibulo
1046 511 1180 566 tanti
1228 511 1478 566 facinoris
1523 524 1671 564 reum
1722 509 1899 563 divina
1930 508 2099 577 gratia

541 609 839 671 illustrasti,
889 607 974 661 cui
1019 619 1140 661 mox
1181 603 1407 659 obtinuit
1460 601 1725 658 confessio
1781 600 1932 671 (792)
1983 615 2104 670 per-

539 700 722 767 spicue
754 697 846 751 Dei
879 697 1090 762 Filium,
1140 694 1270 749 ﬁdes
1319 692 1623 763 praemium,
1659 706 1814 762 paena
1853 693 2061 746 veniam
2084 732 2098 756 ,

539 793 766 846 lamenta
795 789 988 859 gaudia
1013 787 1355 856 sempiterna,
1392 783 1542 854 (795)
1569 785 1692 838 dum
1736 782 2008 838 confessor
2049 783 2104 836 in

535 897 714 948 cruce,
767 895 1046 950 possessor
1073 879 1274 936 exstitit
1296 876 1524 948 paradisi
1557 884 1676 944 post
1720 890 1956 930 crucem.
1997 875 2102 931 Sed

538 975 660 1044 quia
689 974 850 1029 verba
881 977 1033 1030 venia
1067 982 1168 1029 tum
1205 971 1416 1042 pietatis
1449 969 1705 1039 indigent,
1745 981 1863 1038 quae
1901 967 2105 1036 indigni

537 1067 830 1122 sacerdotis
857 1081 1021 1136 opera
1049 1081 1154 1120 non
1175 1063 1571 1131 commendant,
1607 1061 1781 1116 saltim
1817 1061 2097 1117 astantium

539 1167 661 1212 vota
703 1158 932 1228 suscipe,
967 1166 1023 1212 ut
1053 1168 1106 1214 et
1136 1158 1264 1211 mihi
1293 1159 1403 1211 suis
1431 1156 1568 1225 apud
1619 1165 1671 1210 te
1714 1155 1960 1223 precibus
2006 1169 2100 1206 ve-

537 1248 703 1314 niam,
737 1256 790 1302 et
819 1263 1002 1304 eorum
1029 1247 1233 1302 meritis
1263 1245 1526 1301 sacrificia
1572 1257 1875 1299 nostrorum
1920 1244 2105 1298 vulne-

536 1357 653 1394 rum
686 1340 969 1396 salubriter
994 1340 1146 1395 nobis
1172 1339 1448 1394 conferant
1480 1337 1818 1401 medicinam,
1853 1337 2002 1408 (794)
2047 1345 2107 1391 ut

537 1431 658 1501 quia
696 1431 1030 1500 omnipotens
1079 1445 1177 1500 pro
1205 1430 1453 1484 omnibus
1484 1429 1654 1484 factus
1691 1445 1750 1484 es
1793 1428 1966 1484 hostia
2008 1443 2104 1498 pro

539 1526 789 1593 peccatis,
835 1526 979 1579 adsis
1007 1524 1160 1580 nobis
1188 1506 1563 1578 sanctiﬁcatio
1592 1523 1646 1577 in
1694 1522 1960 1577 sacriﬁcio
2007 1537 2103 1591 pro

539 1617 766 1685 delictis,
817 1617 1048 1680 Christe,
1089 1615 1334 1671 Salvator
1363 1613 1565 1678 mundi,
1607 1613 1696 1683 qui
1736 1629 1855 1668 cum
1905 1623 2105 1669 aeterno

538 1707 698 1763 Patre
729 1724 832 1764 una
859 1723 981 1763 cum
1012 1707 1214 1777 Spiritu
1245 1715 1430 1760 sancto
1469 1706 1604 1760 vivis
1633 1714 1686 1760 et
1716 1696 1908 1775 iegnas
1940 1704 2099 1760 Deus.

533 1798 633 1854 Per
663 1799 838 1854 omnia
868 1799 1063 1853 saecula
1093 1799 1429 1852 saeculorum.

602 1892 629 1945 Ι
637 1902 733 1944 tem
755 1893 1016 1961 apologia.
1042 1919 1113 1931 —
1141 1889 1291 1960 (795)
1320 1891 1458 1944 Ante
1480 1889 1663 1944 oculos
1683 1895 1824 1958 tuos,
1855 1886 2099 1952 Domine,

531 1999 656 2038 rcus
685 1982 1026 2037 conscientia:
1057 1981 1207 2035 testis
1236 1979 1430 2034 assiste
1455 1996 1468 2032 :
1498 1992 1690 2048 rogare
1713 1977 1807 2032 vix
1832 1977 1988 2049 (796)
2008 1989 2106 2031 au-

530 2075 633 2130 deo
677 2075 817 2144 quod
865 2075 1148 2143 impetrare
1182 2073 1344 2142 229
1390 2085 1498 2125 non
1545 2082 1773 2124 mereor.
1825 2067 1905 2122 Tu
1949 2065 2104 2138 (797)

534 2167 674 2222 enim
733 2168 860 2232 scis,
899 2166 1143 2232 Domine,
1175 2165 1352 2218 omnia
1395 2179 1513 2233 quae
1561 2170 1792 2233 aguntur
1832 2162 1884 2216 in
1925 2159 2100 2215 nobis.

531 2260 683 2328 (798)
716 2259 1081 2314 Erubescimus
1109 2255 1349 2312 conﬁteri
1382 2255 1519 2324 quod
1549 2253 1706 2324 (799)
1733 2267 1831 2322 per
1856 2267 1954 2307 nos
1997 2267 2102 2306 non

532 2350 786 2404 timemus
825 2350 972 2418 (800)
1001 2349 1301 2403 admittere.
1340 2347 1532 2402 Verbis
1567 2347 1660 2400 tibi
1709 2355 1911 2399 tantum
1943 2343 2105 2399 obse-

535 2441 767 2509 quimur,
790 2442 952 2495 corde
973 2441 1284 2507 mentimur,
1309 2448 1362 2492 ct
1383 2438 1522 2508 quod
1553 2438 1690 2493 velle
1725 2453 1822 2492 nos
1851 2437 2102 2502 dicimus,

481 2587 486 2590 _
536 2533 678 2587 nolle
709 2533 902 2588 nostris
930 2531 1138 2587 actibus
1178 2531 1554 2600 approbemus.
1595 2530 1746 2601 (80f)
1777 2530 1965 2594 Parce,
2002 2527 2108 2579 Do-

537 2625 698 2690 mine,
731 2622 1107 2679 conﬁtentibus
1135 2622 1368 2690 ignosce.
1403 2621 1767 2684 Peccavimus,
1826 2617 2101 2685 miserere,

535 2725 584 2769 te
611 2729 878 2784 rogamus.
906 2713 975 2768 Et
998 2714 1124 2784 quia
1149 2714 1204 2768 iu
1226 2710 1576 2769 sacramentis
1607 2711 1712 2765 tuis
1735 2723 1885 2764 meus
1915 2699 2104 2763 sensus

535 2803 685 2876 (802)
715 2803 951 2859 inﬁrmus
998 2813 1100 2870 est,
1135 2812 1350 2874 praesta,
1382 2817 1706 2872 quaesumus,
1740 2799 1892 2870 (805)
1925 2806 1982 2853 ut
2018 2797 2104 2868 qui

534 2912 598 2949 ex
630 2895 783 2950 nobis
806 2895 923 2950 duri
946 2893 1124 2950 cordis
1149 2893 1315 2950 verba
1341 2907 1448 2948 non
1478 2891 1726 2961 suscipis,
1758 2889 1906 2961 (8οο1)
1937 2904 2031 2959 per
2053 2898 2106 2943 te

534 2987 690 3042 nobis
719 2987 924 3042 veniam
955 2985 1216 3056 largiaris.
1252 2985 1402 3055 (805)
1434 2984 1536 3038 Per
1561 2981 1864 3036 Dominum.

605 3080 737 3134 Item
765 3078 1255 3150 apologia.—(806)
1277 3076 1612 3133 Conscientia
1637 3074 1850 3144 quidem
1881 3072 2092 3142 trepidi,

2205 517 2282 573 re,
2320 519 2382 559 ac
2411 520 2565 560 renes
2591 504 2763 561 cordis
2791 505 2896 560 mei
2923 505 3044 577 igne
3076 514 3176 560 tuae
3205 505 3479 562 charitatis
3516 524 3688 578 urere,
3720 522 3775 565 ut

2205 611 2302 666 pro
2337 599 2566 666 peccatis
2589 599 2722 654 meis
2749 599 2946 669 possim
2974 599 3327 667 intercedere,
3356 610 3412 657 et
3434 604 3653 658 astantis
3684 621 3777 676 po-

2203 691 2311 760 puli
2335 701 2675 761 peccatorum
2694 694 2900 749 veniam
2922 696 3228 763 promereri,
3248 709 3318 751 ac
3337 697 3585 762 paciﬁcas
3603 699 3782 771 singu-

2205 784 2381 841 lorum
2403 786 2604 841 hostias
2625 787 2921 853 immolare,
2949 802 3034 844 me
3059 803 3268 858 quoque
3290 788 3384 844 tibi
3409 790 3677 846 audaciter
3695 808 3781 846 ac-

2205 874 2486 931 cedentem
2506 891 2612 932 non
2634 873 2777 934 sinas
2791 878 2994 945 perire,
3015 877 3109 934 sed
3134 877 3352 947 dignare
3373 879 3569 946 lavare,
3592 895 3780 938 ornare

2204 974 2258 1021 et
2281 966 2467 1022 leniter
2487 967 2780 1038 suscipere.
2804 968 2905 1024 Per
2931 968 3213 1024 Dominum
3243 980 3479 1025 nostrum
3505 971 3709 1027 desum.

2274 1055 2407 1111 Item
2426 1058 2794 1133 αὔων-(818)
2816 1063 2950 1115 Ante
2967 1061 3152 1116 aeterni
3170 1062 3310 1131 regis
3330 1062 3525 1118 Clnisti
3549 1078 3780 1134 prasen-

2205 1147 2329 1199 tiam
2354 1157 2531 1203 nostra
2561 1150 2772 1218 indigna
2796 1151 3337 1222 acceduntpraeconia
3353 1169 3474 1223 qua
3495 1155 3671 1212 valent
3692 1171 3783 1224 po-

2205 1237 2606 1310 puliimpctrare
2619 1241 2824 1298 delicta.
2847 1243 2998 1314 (8f9)
3015 1244 3209 1302 Livore
3225 1254 3499 1315 torquetur
3509 1248 3782 1305 conscien-

2203 1329 2298 1395 tia,
2319 1331 2434 1400 quia
2461 1335 2632 1388 sacris.
2650 1335 2914 1404 mysteriis
2937 1335 3219 1392 oﬁerendis
3237 1351 3296 1392 se
3312 1336 3505 1406 ingerit
3529 1338 3782 1396 crimino-

2202 1433 2346 1484 sam;
2373 1434 2425 1474 et
2441 1425 2564 1476 dum
2588 1423 2802 1491 respicit
2821 1423 3072 1488 admissa,
3095 1433 3322 1480 terretur
3351 1424 3456 1482 tuis
3475 1427 3786 1496 conspecti-

2203 1509 2302 1567 bus
2331 1521 2504 1568 astare
2533 1513 2774 1570 confusa.
2803 1513 2908 1570 Sed
2935 1531 3118 1586 quaeso
3145 1515 3360 1572 humilis
3396 1532 3540 1582 reus.
3568 1520 3694 1588 quia
3718 1519 3784 1576 ad

2207 1608 2256 1655 te
2286 1611 2403 1669 post
2426 1603 2628 1672 lapsum
2650 1605 2812 1661 redeo
2835 1607 3039 1674 devius,
3061 1605 3215 1677 jaceo
3236 1608 3468 1672 saucius,
3500 1608 3556 1668 in
3585 1616 3638 1665 te
3662 1611 3788 1666 vilis

2205 1694 2434 1761 respiro,
2474 1694 2610 1750 bone
2640 1697 2878 1764 medice,
2921 1698 3227 1756 vulneratus
3251 1740 3268 1764 ,
3299 1708 3358 1755 ut
3394 1699 3482 1770 qui
3527 1701 3786 1758 sacrificia

2131 1797 2179 1858 Β
2205 1784 2456 1842 altaribus
2488 1787 2590 1844 tuis
2621 1790 2814 1844 munda
2845 1790 3024 1846 offerri
3064 1791 3310 1861 praecipis
3333 1832 3347 1858 ,
3388 1807 3508 1848 cum
3552 1792 3792 1850 offerens

2205 1878 2334 1932 tium
2349 1878 2549 1934 meritis
2565 1881 2854 1936 sacerdotis
2874 1882 3075 1952 indigni
3096 1883 3234 1938 labia
3249 1883 3448 1952 polluta
3462 1886 3785 1952 sauctilices,

2204 1971 2293 2039 qui
2333 1970 2568 2034 indigere
2608 1988 2692 2027 me
2722 1974 2973 2030 miserum
3017 1986 3126 2044 tua,
3169 1977 3382 2033 Christe
3431 1978 3675 2035 Salvator
3706 1997 3786 2036 tn-

2157 2053 2161 2068 ’
2203 2072 2362 2134 ciyte,
2397 2066 2766 2122 misericordia
2792 2070 3147 2138 recognoscis.
3178 2069 3280 2137 Qui
3303 2071 3434 2126 vivis
3477 2081 3528 2128 et
3569 2087 3784 2143 regnas.

2276 2158 2436 2230 230
2486 2156 2620 2214 Item
2655 2159 2761 2216 alia
2800 2161 2854 2215 in
2879 2162 3147 2230 festiuitate
3191 2172 3502 2218 sanctorum.
3532 2164 3780 2236 —-(820)

2207 2247 2410 2317 Eripiat
2435 2263 2552 2316 nos,
2587 2266 2912 2320 quaesumus,
2943 2251 3184 2320 Domine,
3217 2262 3430 2310 tuorum
3468 2256 3782 2326 deprecatio

2205 2350 2533 2408 sanctorum,
2575 2351 2630 2398 et
2649 2343 2789 2400 sicut
2818 2359 2910 2413 per
2931 2344 3169 2417 Moysem
3200 2344 3455 2402 famulum
3485 2357 3631 2404 tuum
3655 2365 3788 2419 pee-

2207 2441 2322 2486 cata
2357 2434 2530 2502 pepuli
2561 2434 2844 2505 dimisisti,
2880 2436 2954 2491 ita
2976 2452 3072 2507 per
3103 2438 3536 2498 intercessionem
3565 2449 3785 2498 sancto-

2206 2540 2324 2579 rum
2359 2534 2570 2580 tuorum
2601 2535 2784 2582 nostra
2813 2529 3050 2584 omnium
3077 2528 3266 2601 iubeas
3297 2531 3525 2586 relaxari
3563 2533 3782 2588 delicta.

2206 2616 2307 2673 Per
2336 2617 2647 2686 Dominum.)

2280 2708 2413 2764 Item
2454 2712 2705 2782 apologias
2751 2715 3063 2783 quotidiana:
3111 2717 3390 2773 sacerdotis
3437 2733 3682 2786 proprior.
3716 2747 3787 2758 —

2211 2799 2361 2878 (Sil)
2397 2810 2420 2835 τι
2452 2802 2713 2858 Mordacis
2744 2804 3085 2860 conscientiae
3113 2806 3343 2862 stimulis
3370 2815 3425 2862 et
3466 2804 3786 2862 delictorum

2207 2901 2512 2948 nostrorum
2551 2893 2926 2950 recordatione
2953 2899 3260 2952 commoniti
3292 2897 3443 2968 (8‘22)
3469 2937 3488 2969 ,
3527 2907 3582 2954 te
3612 2899 3786 2956 Deum

2206 2981 2551 3055 indulgentiae
2590 2985 2977 3054 deprecamur,
3017 2997 3075 3043 ut
3100 2989 3356 3060 quidquid
3401 2985 3564 3059 dicto,
3601 2990 3781 3054 facto,

2207 3077 2528 3144 cogitatione
2567 3075 2718 3148 (8'25)
2749 3088 3022 3147 peccatum
3070 3088 3147 3135 est
3174 3120 3190 3147 ,
3220 3080 3333 3138 sive
3359 3081 3581 3136 lubricae
3606 3083 3790 3138 aetatis

540 3173 876 3240 omnipotens
905 3171 1066 3236 Deus,
1107 3170 1172 3224 ad
1202 3170 1370 3224 altare
1392 3178 1538 3224 tuum
1565 3166 1887 3236 accedimus.
1919 3166 2012 3222 sed
2044 3169 2104 3220 ﬁ-
2130 3179 2175 3242 ο
2209 3164 2470 3234 impulsu,
2510 3181 2623 3224 srve
2661 3169 2972 3240 ignorantiae
3019 3185 3202 3228 errore
3231 3170 3379 3244 (89.4)
3412 3173 3792 3241 commissum,

535 3265 745 3318 duciam
769 3263 836 3318 de
866 3274 967 3316 tua:
991 3262 1201 3333 pietatis
1228 3260 1592 3317 misericordia
1611 3271 1922 3317 retinemus.
1954 3261 2022 3316 Et
2044 3261 2106 3315 li-

539 3361 625 3409 Cct
659 3353 724 3407 ad
753 3353 1071 3408 celebranda
1095 3352 1354 3408 sacriﬁcia
1379 3366 1588 3422 semper
1611 3351 1941 3407 inveniamur
1968 3351 2104 3405 indi-

539 3447 650 3517 gni,
685 3446 836 3518 (807)
869 3447 962 3502 sed
988 3447 1035 3502 si
1073 3448 1403 3516 recedimus,
1433 3461 1676 3508 veremur
1707 3447 1774 3502 de
1801 3446 2110 3504 inobedien-

537 3539 608 3591 tia
631 3539 992 3593 condemnari.
1022 3538 1127 3594 Pro
1156 3538 1307 3611 (808)
1339 3555 1439 3608 qua
1466 3550 1522 3597 re
1547 3539 1766 3609 dignare
1791 3553 1887 3595 nos
1913 3538 2111 3608 pietate

542 3637 756 3696 paterna
787 3629 980 3700 placito
1003 3630 1150 3684 vultu
1179 3644 1464 3700 respicere,
1487 3638 1544 3685 et
1572 3630 1748 3686 cordis
1771 3629 1942 3685 nostri
1976 3629 2108 3683 inte-

538 3721 679 3776 riora
707 3736 950 3790 purgarc.
1003 3721 1155 3793 (809)
1201 3723 1269 3776 Et
1306 3723 1353 3777 si
1383 3736 1479 3778 nos
1509 3721 1745 3793 pondere
1773 3729 2107 3792 peccatorum

542 3823 846 3870 nostrorum
876 3831 937 3870 ac
963 3825 1112 3871 reatu
1139 3816 1567 3888 constringimur,
1593 3827 1893 3872 nostrarum
1927 3828 2107 3874 tamen

541 3919 755 3972 precum
778 3905 997 3962 obtentu
1023 3906 1112 3962 tibi
1143 3908 1270 3977 sint,
1293 3923 1618 3977 quaesumus,
1642 3908 1887 3977 Domine,
1913 3908 1964 3964 in
1994 3923 2108 3964 om-

542 3999 699 4053 nibus
730 4000 918 4068 placita
950 3999 1197 4070 mysteria
1229 4001 1607 4057 consecranda.
1631 4001 1752 4057 Per.

611 4093 746 4146 Item
771 4093 1116 4165 apologia.—-
1140 4094 1292 4167 (810)
1322 4095 1563 4167 Ignosce,
1594 4094 1838 4162 Domine,
1868 4096 2104 4164 ignosce,

543 4183 692 4261 (811)
716 4186 854 4252 quod
877 4185 1000 4238 dum
1032 4200 1219 4256 rogare
1245 4187 1558 4255 compellor,
1589 4185 1711 4240 dum
1747 4202 1839 4255 per
1868 4186 2103 4241 immun-

544 4275 611 4329 da
635 4276 771 4330 labia
803 4290 997 4330 nomen
1029 4287 1266 4332 sanctum
1300 4288 1444 4333 tuum
1471 4294 1704 4346 assumo,
1736 4289 1790 4334 et
1817 4278 1966 4350 (812)
1987 4293 2107 4336 cum

547 4369 910 4437 pudendorum
932 4379 1145 4422 actuum
1176 4379 1382 4425 secreta
1413 4372 1690 4438 confiteor,
1715 4371 1866 4443 (815)
1889 4388 1994 4428 non
2018 4373 2112 4429 ha-

541 4462 639 4516 beo
670 4463 806 4531 apud
843 4470 895 4516 te
932 4477 1030 4517 nec
1072 4462 1233 4517 verba
1277 4463 1394 4518 sine
1422 4463 1662 4518 crimine.
1698 4466 1776 4518 Tu
1805 4468 1943 4520 enim
1975 4483 2106 4521 con-

2209 3261 2376 3328 pietas
2425 3262 2633 3316 Domini
2662 3264 2828 3317 nostri
2848 3263 3202 3326 Jesu‘Christi
3231 3263 3382 3338 (8‘25)
3421 3266 3696 3322 resolvere
3727 3282 3791 3323 ac

2208 3347 2485 3420 indulgere
2516 3352 2783 3422 dignetur.
2809 3354 2932 3410 Per.

2285 3441 2417 3496 Item
2438 3443 2791 3514 alim—(8'26)
2816 3445 3088 3514 Indignum
3105 3459 3210 3512 me,
3237 3445 3473 3510 Domine,
3491 3447 3660 3501 sacris
3683 3447 3792 3503 tuis

2209 3549 2331 3591 esse
2356 3535 2524 3590 fateor
2549 3578 2564 3604 ,
2603 3537 2691 3606 qui
2721 3537 3012 3592 innumeris
3041 3537 3277 3608 quotidie
3316 3539 3547 3607 peccatis
3577 3539 3786 3596 fuscor.

2211 3625 2362 3699 (8'27)
2399 3627 2535 3694 Quid
2577 3643 2675 3698 ego
2716 3636 2767 3683 te
2810 3629 3016 3684 blandis
3057 3629 3236 3685 verbis
3275 3645 3460 3700 rogare
3497 3645 3788 3700 praesumo,

2209 3735 2365 3792 quem
2419 3721 2675 3790 improbis
2719 3722 3013 3791 smpissime
3058 3722 3212 3778 factis
3259 3721 3514 3778 offendo?
3558 3733 3614 3778 tu
3643 3726 3791 3780 enim

2209 3812 2340 3867 mihi
2362 3812 2679 3868 medicinam
2703 3813 2854 3885 (828)
2878 3813 3092 3885 ingeris,
3116 3829 3215 3886 ego
3239 3813 3386 3886 (829)
3415 3816 3626 3870 sanitati
3651 3832 3790 3872 mean

2208 3907 2475 3962 contraria
2498 3922 2618 3976 ago.
2645 3907 2840 3977 Legem
2871 3917 3014 3963 tuam
3041 3909 3214 3963 sacris
3243 3909 3459 3964 inditam
3486 3909 3690 3979 paginis
3706 3910 3793 3964 le-

2207 4017 2293 4072 go,
2327 4017 2510 4057 sanam
2539 4016 2665 4057 vero
2693 4001 3031 4071 disciplinam
3063 4001 3245 4056 infelix
3284 4001 3608 4073 negligo.Ad
3633 4014 3788 4056 tuum

2208 4093 2425 4163 quidem
2455 4093 2621 4149 altare
2650 4094 2800 4164 quasi
2829 4093 3052 4151 devotus
3079 4095 3297 4159 accedo,
3330 4094 3421 4150 sed
3445 4110 3474 4147 a
3502 4094 3792 4163 praeceptis

2210 4186 2318 4242 tuis
2343 4188 2645 4244 contumaci
2686 4189 2848 4244 corde
2895 4188 3049 4260 (850)
3077 4189 3291 4245 recedo.
3347 4188 3419 4243 Da
3453 4201 3582 4258 ergo
3623 4187 3787 4252 mihi,

2212 4280 2437 4337 Domine
2460 4321 2476 4349 ,
2525 4296 2617 4336 cor
2651 4291 3050 4349 compunctum,
3090 4296 3196 4350 quo
3224 4279 3498 4336 veraciter-
3518 4278 3648 4334 odio
3685 4277 3792 4333 ha-

2211 4373 2365 4429 beam
2415 4384 2707 4444 peccatum.
2753 4372 2929 4428 Meum
2973 4381 3087 4439 est,
3134 4372 3178 4426 si
3230 4370 3538 4439 donaveris,
3589 4369 3792 4425 delicta

2213 4465 2410 4521 deﬂere
2437 4482 2450 4531 ;
2486 4477 2629 4520 tuum
2662 4475 2745 4521 est
2775 4467 2934 4520 etiam
2964 4463 3115 4533 (851)
3139 4462 3334 4517 nubem
3358 4476 3476 4516 eam
3501 4463 3611 4514 cito
3634 4459 3791 4515 dele-

538 4554 772 4610 scientiae
798 4569 932 4609 meae
959 4556 1174 4610 vulnera
1205 4565 1256 4609 et
1299 4555 1448 4626 (8M)
1471 4555 1842 4626 cOgitationum
1874 4572 2108 4614 mearum
2135 4549 2196 4614 D
2216 4571 2293 4626 re,
2329 4566 2386 4611 ut
2410 4557 2560 4628 (852)
2587 4557 2677 4624 qui
2701 4558 2835 4611 hanc
2860 4558 3086 4625 palmam
3110 4554 3376 4610 amiserim
3407 4551 3623 4608 inimico
3640 4552 3794 4606 frau-

539 4648 744 4702 occulta
789 4649 949 4714 nosti,
995 4659 1049 4704 et
1092 4649 1448 4705 immunditias
1491 4665 1635 4706 meas
1666 4659 1720 4705 tu
1761 4652 1903 4707 solus
1940 4669 2105 4723 agno-

535 4740 658 4793 scis.
683 4740 935 4797 Miserere
960 4741 1088 4796 mihi
1117 4783 1131 4809 ,
1164 4742 1383 4798 Domine
1407 4781 1421 4807 ,
1457 4743 1712 4799 miserere
1737 4744 1865 4798 mihi
1896 4785 1911 4811 ,
1947 4745 2103 4816 igno-

535 4845 626 4885 sce
655 4833 893 4902 mysterii
921 4835 990 4888 tui
1018 4843 1221 4888 secreta
1249 4835 1530 4900 tractanti,
1560 4849 1657 4890 nec
1691 4835 1960 4905 indignum
1996 4839 2106 4892 mi-

540 4922 829 4978 sericordia
859 4933 946 4979 tua
967 4924 1172 4994 judices
1198 4941 1352 4997 quem
1395 4927 1636 4995 pro.aliis
1665 4942 1851 4997 rogare
1881 4930 2102 4998 permit.

539 5013 628 5079 tis,
665 5014 790 5069 etin
831 5031 936 5086 quo
967 5018 1325 5074 testimonium
1354 5020 1476 5075 boni
1507 5021 1682 5089 operis
1727 5037 1831 5077 non
1861 5023 2103 5092 agnoscis

539 5104 775 5160 officium
815 5109 1001 5163 saltem
1042 5110 1452 5178 dispensationis
1488 5113 1707 5170 credita:
1736 5130 1840 5170 non
1869 5129 2105 5172 recuses.

536 5195 640 5252 Per
666 5198 818 5270 (815)
849 5199 1128 5257 Dominum
1153 5214 1412 5260 nostrum.

616 5288 746 5343 Item
758 5291 958 5345 alia.——
974 5292 1122 5365 (816)
1144 5295 1290 5367 Rogo
1308 5304 1381 5362 te,
1407 5295 1544 5352 Deus
1572 5295 1803 5354 Sabaoth
1831 5296 2106 5368 altissime,

542 5389 692 5449 pater
717 5392 902 5441 sancte
925 5426 940 5454 ,
978 5385 1129 5457 (817)
1157 5390 1228 5443 uti
1257 5403 1342 5444 me
1373 5391 1545 5445 tunica
1595 5390 1848 5447 castitatis
1876 5391 2108 5463 digneris

610 5510 636 5538 ιι
666 5502 879 5576 Legitur
909 5503 960 5559 in
988 5504 1214 5560 laudatis
1251 5505 1390 5560 Edit.
1432 5520 1553 5559 cum
1596 5505 1800 5561 duabus
1841 5513 2104 5576 sequenti-

541 5571 660 5646 bus,
708 5571 984 5646 mordacis,
1035 5586 1161 5636 etc.,
1218 5586 1290 5640 et,
1340 5577 1607 5646 indignum
1657 5593 1768 5640 me,
1824 5571 1930 5632 etc:
1961 5579 2112 5633 Prior

542 5643 745 5718 'ljheod.
789 5643 1005 5718 exhibet
1036 5649 1205 5718 etiam
1245 5643 1548 5714 huiusmodi
1602 5647 1868 5717 apologias
1917 5650 2106 5718 partim

541 5711 766 5796 sin-tiles,
794 5717 982 5796 partim
1015 5717 1272 5796 diversas.
1318 5711 1375 5770 in
1427 5718 1510 5796 his
1563 5711 1964 5796 noiandavenit
1991 5735 2109 5796 quae

540 5779 716 5842 adhuc
744 5779 895 5844 nobis
920 5788 1194 5848 familiaris
1215 5796 1315 5856 est,
1350 5791 1534 5860 paucis
1566 5789 1896 5848 immutatis:
1923 5779 2102 5858 Aperi,

2212 4650 2393 4717 dante,
2428 4649 2578 4721 (855)
2594 4651 2660 4703 ad
2687 4651 2892 4704 veniam
2920 4649 3108 4704 saltem
3143 4648 3452 4718 pertineant,
3479 4654 3534 4703 te
3561 4645 3796 4701 Domino

2214 4741 2689 4812 miserante.(854)
2709 4741 2828 4796 Tibi
2842 4743 2982 4796 enim
3010 4741 3117 4796 Deo
3141 4747 3226 4797 est
3251 4741 3421 4797 honor
3451 4751 3631 4808 regum
3654 4736 3794 4807 Regi

2213 4845 2522 4892 cunctorum
2565 4851 2657 4905 per
2700 4844 2886 4891 cuncta
2926 4833 3165 4904 regnanti
3205 4833 3396 4888 saecula
3442 4831 3790 4888 saeculorum.

2290 4928 2414 4986 Item
2455 4929 2580 4984 alia.
2624 4958 2692 4968 ——
2738 4927 2888 5000 (855)
2922 4926 3178 4996 Proiectis
3208 4926 3362 4982 nobis
3385 4964 3401 4991 ,
3434 4924 3662 4980 Domine
3683 4966 3699 4991 ,
3735 4925 3788 4978 in

2214 5022 2710 5078 condemnationem
2731 5036 2950 5091 operum
2978 5029 3301 5086 nostrorum,
3329 5020 3398 5074 da
3418 5018 3579 5087 capiti
3599 5025 3794 5073 nostro

2213 5127 2423 5183 aquam,
2450 5123 2502 5167 et
2525 5112 2692 5168 oculis
2717 5113 2914 5166 nostris
2933 5111 3138 5167 fontem
3155 5109 3376 5166 infunde
3398 5109 3791 5179 lacrymarum,

2214 5213 2272 5260 ut
2294 5207 2495 5276 peccati
2523 5206 2760 5262 maculas
2781 5204 3047 5260 abluendo
3073 5203 3291 5258 ultrices
3319 5215 3600 5271 pinnarum
3630 5200 3790 5254 flam-

2215 5314 2328 5356 mas
2357 5299 2574 5354 fletuum
2619 5298 2860 5354 ubertate
2888 5299 3181 5361 vincamus,
3213 5295 3366 5368 (856)
3402 5295 3523 5365 quia
3550 5292 3644 5348 tibi
3680 5309 3792 5348 non

2215 5400 2342 5451 sunt
2371 5391 2574 5447 occulta
2604 5406 2723 5462 quae
2753 5389 2906 5464 (857)
2931 5391 3185 5461 gerimus.
3218 5387 3475 5462 Sit(858)
3512 5387 3567 5443 in
3594 5386 3753 5443 nobis
3775 5426 3790 5452 ,

2213 5507 2447 5571 Domine,
2479 5525 2534 5563 os
2575 5524 2742 5562 nteum
2791 5507 2860 5561 ad
2909 5505 3303 5561 benedicendum
3356 5519 3535 5558 nomen
3591 5508 3789 5564 tuum;

2211 5580 2502 5650 mundaque
2542 5595 2630 5634 cor
2659 5593 2825 5631 nicum
2853 5578 2915 5650 ait
2951 5580 3186 5637 omnim
3219 5577 3376 5635 variis
3395 5585 3440 5628 et
3469 5571 3795 5640 aequissimis

2208 5649 2616 5722 cogitatimzibus,
2643 5659 2718 5722 (ut
2730 5649 2965 5705 exaudiri
2986 5665 3178 5706 merear
3200 5650 3475 5720 deprecans
3504 5651 3551 5699 te
3579 5657 3672 5715 pro
3693 5656 3790 5716 ρο-

2210 5720 2330 5794 puto
2349 5738 2498 5795 quem
2523 5720 2738 5795 efegistt'.
