4128 6346
342 344 449 405 239

1554 333 1761 401 LIBER
1799 325 2438 390 SACRAMENTORUM.

3518 326 3631 391 2511.

345 462 597 532 Domino,
623 475 737 521 non
759 461 873 520 oris
916 466 1121 517 tantum
1168 454 1459 525 confessio,
1499 454 1595 510 sed
1626 462 1683 510 et
1702 452 1939 518 doloris;
1965 450 2019 509 Α
2042 450 2164 507 cisti
2187 447 2341 521 (865)
2372 461 2436 501 ex
2461 442 2626 500 nihilo
2655 442 2808 514 (864)
2832 441 2924 513 qui
2952 449 3222 521 rogarent.
3254 440 3627 509 Clamantibus

344 572 455 615 non
498 553 777 613 excusatio
820 555 1105 611 criminum
1126 592 1143 618 ,
1191 549 1289 608 sed
1333 546 1649 605 lamentatio
1686 553 1957 622 peceato-.

345 666 485 707 rum.
512 648 668 719 (8'59)
696 648 888 704 Castus
913 648 1058 702 enim
1086 645 1259 701 nostri
1293 644 1535 713 corporis
1562 641 1746 697 oculos
1772 626 1957 697 lasci?

348 746 449 797 viae
480 740 637 813 (840)
665 740 853 797 mundi
872 739 1093 797 violavit
1118 746 1387 806 aspectus.
1418 734 1571 807 (841)
1599 734 1775 790 Mores
1802 747 1938 793 cor-

347 836 513 905 rupti,
544 833 828 902 disciplina
869 832 1074 901 vitiata,
1117 831 1386 887 simulatio
1431 829 1488 885 in
1527 837 1697 894 vultu,
1727 826 1937 883 fallacia

346 930 400 985 in
415 926 623 993 verbis,
652 926 807 982 dolus
829 924 884 980 in
901 924 1087 992 corde,
1109 923 1415 979 volubilitas
1441 919 1497 975 in
1520 920 1714 989 lingua,
1747 931 1937 988 opera.

348 1021 421 1075 tio
446 1019 624 1075 stulta.
664 1032 819 1073 mens
843 1016 1024 1081 dubia,
1054 1013 1491 1087 concupiscentia
1509 1011 1759 1075 carnalis,
1785 1006 1941 1079 (8l2)

347 1111 654 1169 sollicitudo
681 1112 882 1176 carnis,
909 1106 1106 1165 oblivio
1121 1124 1333 1175 animae,
1366 1106 1686 1177 negligentia
1736 1102 1934 1157 sancti-

349 1206 473 1261 tatis
493 1247 509 1271 ,
557 1219 721 1275 super
748 1204 867 1260 hac
890 1214 1068 1261 autem
1100 1203 1285 1257 mortis
1320 1200 1481 1257 timor
1508 1198 1753 1255 increvit.
1779 1196 1939 1251 Mise-

352 1312 474 1354 rere
497 1298 676 1366 nobis,
701 1297 947 1364 Domine,
974 1297 1235 1353 miserere
1254 1293 1428 1350 nobis.
1463 1294 1539 1348 Da
1565 1291 1719 1362 (845)
1747 1298 1943 1359 praete-

349 1390 695 1446 ritisveniam
711 1430 729 1457 ,
755 1388 1108 1459 praisentibus
1136 1386 1591 1452 emendationem,
1617 1381 1806 1439 futuris
1834 1381 1941 1438 lar-.-

348 1480 462 1551 gire
488 1480 807 1538 custodiam.
842 1479 969 1537 Per.

387 1628 391 1632 λ
423 1612 553 1668 Item
580 1613 706 1667 alia.
735 1644 804 1653 —
826 1609 977 1685 (844)
1006 1612 1102 1679 Ita,
1133 1609 1381 1677 Domine,
1413 1608 1664 1665 immensi
1696 1604 1943 1662 criminis

350 1705 448 1772 rei,
483 1705 816 1762 conscientia
854 1702 990 1761 teste
1016 1750 1030 1774 ,
1062 1702 1441 1759 confundimur
1467 1744 1482 1767 ,
1514 1708 1575 1756 ut
1602 1701 1667 1755 ad
1707 1698 1940 1755 ofﬁcium

350 1805 497 1852 tuum
546 1812 649 1853 nec
689 1798 864 1854 securi
912 1796 1177 1867 possimus
1222 1797 1425 1860 venire,
1458 1808 1558 1850 nec
1606 1793 1783 1848 liberi.
1813 1793 1941 1860 Quis

348 1887 490 1942 enim
523 1902 752 1958 pensans
793 1898 1071 1958 peccatum
1101 1902 1255 1942 suum
1282 1928 1295 1951 ,
1331 1884 1481 1957 (845)
1517 1898 1616 1941 nec
1646 1898 1706 1939 se
1746 1899 1775 1937 a
1808 1884 1944 1939 facie

353 1986 440 2032 tua
482 1981 645 2035 vellet
692 1980 1061 2047 abscondere,
1117 1979 1164 2034 si
1214 1979 1399 2035 liceret
1447 1987 1608 2033 tanta!
1655 1976 1952 2047 maiestatis

353 2071 539 2127 oculos
569 2073 843 2129 declinare
867 2114 883 2140 ,
928 2074 973 2127 si
1026 2080 1117 2127 aut
1162 2087 1421 2127 evasurus
1461 2070 1692 2139 lateret,
1734 2078 1825 2125 aut
1862 2084 1953 2125 oc-

354 2162 586 2219 cultatus
643 2164 933 2219 evaderet?
992 2166 1098 2218 Aut
1143 2163 1263 2233 quis
1307 2178 1413 2217 non
1461 2163 1628 2233 magis
1666 2161 1851 2218 videre
1900 2169 1951 2216 te

364 2266 583 2325 cuperet
610 2295 625 2319 ,
659 2255 705 2310 si
730 2270 836 2310 non
864 2254 975 2326 iam
1007 2256 1132 2309 hinc
1153 2253 1303 2325 (846)
1333 2253 1683 2324 quodcunque
1716 2267 1947 2323 peccan-

364 2354 467 2401 tem
501 2345 764 2416 prospicis
793 2346 912 2416 plus
941 2345 1199 2401 timeret?
1224 2345 1365 2416 Ergo
1391 2345 1513 2415 quia
1547 2353 1601 2399 tu
1628 2344 1822 2413 ubique
1852 2357 1949 2399 nos

359 2438 596 2505 invenis,
648 2439 713 2494 ad
740 2446 792 2493 te
820 2438 1154 2507 confugimus
1179 2480 1195 2507 ,
1237 2455 1394 2508 quem
1436 2437 1623 2509 fugere
1663 2453 1767 2492 non
1799 2437 1949 2493 vale-

361 2548 501 2589 mus.
546 2532 733 2587 Restat
760 2532 975 2587 miseris
1001 2547 1107 2586 non
1136 2531 1369 2587 latebras
1390 2529 1735 2594 intervenire,
1763 2529 1857 2585 sed
1882 2530 1952 2584 la-

359 2639 589 2695 crymas.
616 2624 819 2680 Foveat
850 2624 1006 2695 231
1036 2622 1394 2693 indulgentia,
1420 2636 1555 2692 quos
1587 2631 1753 2678 terret
1780 2621 1951 2677 oll‘en-

362 2733 441 2773 sa.
474 2715 705 2773 Minatur
756 2720 1014 2790 potentia,
1060 2716 1153 2772 sed
1200 2714 1568 2771 misericordia
1616 2714 1944 2772 consoletur.

361 2809 440 2864 Ex
471 2819 521 2865 te
549 2821 630 2865 est
658 2808 747 2879 qui
796 2808 988 2865 liberet
1011 2849 1025 2873 ,
1056 2822 1150 2878 per
1180 2816 1231 2863 te
1258 2816 1340 2863 est
1369 2809 1460 2879 qui
1488 2815 1725 2863 excuset.
1762 2808 1951 2875 Parce,

366 2903 525 2959 Pater
548 2903 927 2973 omnipotens;
978 2914 1032 2957 et
1060 2915 1193 2972 quos
1223 2902 1416 2970 aspicis
1448 2901 1677 2957 humiles
1710 2916 1803 2970 per
1833 2915 1952 2957 rea-

362 3004 472 3049 tum
494 3035 510 3060 ,
539 3003 748 3051 erectos
778 3008 1063 3050 munerare
1092 2993 1329 3063 digneris
1355 2993 1408 3048 in
1440 2993 1686 3062 prmmio.
1716 2992 1781 3047 Et
1816 3006 1951 3062 quos

362 3084 615 3155 intelligis
663 3100 758 3155 per
804 3084 1200 3140 confessionem
1245 3084 1492 3149 miseros,
1546 3099 1649 3139 non
1690 3083 1857 3143 facias
1893 3084 1949 3140 in

360 3178 759 3236 examinatione
789 3177 1062 3234 confusos.
1098 3178 1201 3235 Per
1227 3178 1529 3235 Dominum.

434 3295 588 3369 (847)
616 3296 752 3357 Item
790 3296 895 3351 alia
934 3304 961 3333 α
996 3297 1052 3352 in
1087 3296 1433 3353 tribulatione.
1461 3327 1531 3337 -
1559 3295 1711 3367 (848)
1739 3297 1795 3351 S1
1830 3304 1956 3354 ante

362 3390 548 3459 oculos
578 3398 723 3461 tuos,
752 3389 977 3447 Domine
1004 3432 1019 3458 ,
1047 3390 1231 3460 culpas
1269 3404 1403 3461 quas
1431 3389 1653 3446 fecimus
1675 3430 1690 3457 ,
1717 3401 1770 3445 et
1800 3386 1955 3461 (849)

366 3484 548 3555 plagas
578 3499 717 3557 quas
751 3484 1050 3554 excipimus
1091 3482 1430 3539 conferamus
1456 3524 1473 3550 ,
1502 3484 1676 3540 minus
1699 3490 1782 3536 est
1810 3479 1957 3551 quod

366 3576 617 3649 patimur,
641 3576 813 3649 majus
834 3585 917 3634 est
936 3577 1086 3648 (8.30)
1117 3577 1259 3649 quod
1282 3592 1570 3633 meremur.
1609 3577 1818 3633 Peccati
1845 3591 1952 3645 pm-

368 3682 492 3724 nam
521 3670 807 3735 sentimus,
836 3680 890 3724 et
911 3667 1169 3740 peccandi
1198 3668 1545 3739 pertinaciam
1572 3684 1677 3722 non
1700 3667 1955 3727 vitamus.

366 3759 425 3816 In
452 3760 678 3832 ﬂagellis
712 3762 815 3818 tuis
846 3763 1106 3828 fragilitas
1151 3770 1333 3817 nostra
1384 3762 1534 3834 (851)
1581 3761 1876 3831 frangitur,
1904 3769 1963 3819 et

367 3853 619 3924 iniquitas
639 3870 745 3910 non
764 3865 1015 3911 mutatur.
1036 3856 1182 3911 Mens
1203 3862 1402 3926 aegrota
1428 3862 1733 3925 torquetur,
1759 3865 1813 3909 ct
1836 3869 1957 3909 cer-

367 3944 460 3999 vix
484 3944 614 4000 dura
639 3961 747 4003 non
762 3945 1137 4002 flectitur.Vita
1160 3947 1214 4002 in
1238 3946 1423 4003 dolore
1444 3946 1700 4016 suspirat,
1721 3954 1777 4001 et
1801 3944 1955 4014 (852)

367 4035 426 4092 in
451 4051 617 4107 opere
645 4052 749 4093 non
780 4037 930 4110 (855)
958 4019 1228 4095 emendat.
1257 4037 1315 4095 Si
1344 4048 1645 4108 exspectas,
1672 4036 1827 4108 (854)
1854 4053 1959 4092 non

368 4128 694 4199 corrigimur
721 4147 735 4197 ;
767 4124 814 4185 si
837 4129 1074 4185 vindicas
1100 4170 1116 4198 ,
1168 4144 1274 4185 non
1316 4130 1586 4186 duramus.
1621 4125 1957 4184 Confitentur

370 4218 523 4291 (835)
553 4221 608 4275 in
657 4221 995 4294 correptione
1037 4222 1178 4293 quod
1216 4221 1472 4289 fecimus,
1504 4221 1876 4278 obliviscimur
1910 4224 1964 4278 in

373 4311 679 4368 visitatione
733 4313 876 4385 quod
931 4314 1194 4370 flevimus.
1255 4314 1313 4369 Si
1366 4320 1391 4383 (
1416 4311 1564 4385 856)
1628 4313 1965 4383 impresseris

374 4417 591 4459 manum
626 4446 643 4473 ,
708 4404 949 4463 facienda
1008 4406 1406 4476 promittimus;
1492 4405 1537 4461 si
1627 4405 1966 4475 suspenderis

372 4495 631 4566 gladium,
684 4499 946 4567 promissa
979 4513 1087 4554 non
1119 4499 1388 4561 facimus;
1435 4498 1480 4555 si
1524 4496 1715 4569 ferias,
1760 4497 1969 4554 clama-

374 4603 495 4643 mus
539 4598 597 4642 ut
641 4604 826 4661 parcas
853 4634 867 4658 ,
910 4591 957 4646 si
1006 4588 1159 4663 (857)
1207 4606 1432 4662 parcas,
1480 4590 1674 4646 iterum
1718 4600 1767 4645 te
1815 4589 1964 4663 (8238)

374 4705 732 4761 provocamus
779 4703 837 4751 ut
868 4695 1059 4761 lerias;
1112 4694 1160 4750 si
1213 4692 1362 4766 (859)
1416 4693 1671 4763 angustia:
1714 4691 1965 4757 veniunt,

381 4794 591 4859 tempus
621 4792 850 4859 petimus
881 4789 1228 4863 paenitendi;
1274 4790 1317 4845 si
1358 4788 1723 4846 misericordia
1772 4788 1966 4844 subve-

380 4882 492 4934 niat
515 4921 532 4948 ,
564 4882 832 4938 abutimur
862 4883 1123 4955 patientia
1152 4898 1270 4952 quae
1299 4881 1561 4952 pepercit.
1593 4881 1781 4936 Adhuc
1816 4881 1967 4951 plaga

380 4969 528 5026 illata
560 4974 647 5027 vix
674 4974 911 5042 praeterit
937 5015 951 5041 ,
992 4974 1155 5029 etiam
1199 4989 1306 5028 non
1343 4972 1530 5029 recolit
1576 4987 1727 5027 mens
1756 4971 1966 5041 ingrata

382 5062 525 5130 quod
560 5065 797 5134 pertulit.
830 5066 883 5122 Si
914 5064 1069 5121 citius
1116 5080 1213 5120 nos
1257 5065 1463 5131 audias,
1505 5080 1569 5120 ex
1602 5061 1964 5118 misericordia

385 5153 801 5225 insolescimus;
834 5158 881 5213 si
908 5157 1109 5213 tardius
1135 5198 1150 5224 ,
1193 5173 1259 5214 ex
1306 5156 1637 5229 impatientia
1675 5168 1974 5209 murmura-

384 5264 527 5303 mus.
560 5248 639 5304 Te
664 5288 681 5318 ,
728 5249 951 5306 Domine
976 5291 990 5315 ,
1033 5250 1274 5305 volumus
1311 5263 1533 5305 servare
1569 5246 1712 5318 quod
1738 5247 1928 5301 feceris
1954 5286 1971 5313 ,

384 5342 536 5412 (860)
581 5357 687 5398 non
726 5343 975 5399 timemus
1009 5343 1299 5400 observare
1329 5342 1469 5415 quod
1495 5341 1741 5413 iusseris.
1774 5336 1974 5407 Habes,

384 5433 636 5503 Domine,
670 5436 992 5493 confitentes
1020 5451 1165 5503 reos,
1198 5450 1377 5507 parce,
1413 5434 1536 5507 quia
1564 5436 1686 5506 pius
1711 5448 1789 5490 cs.
1822 5431 1970 5504 (861)

390 5526 646 5584 Novimus
670 5530 817 5601 quod
850 5530 951 5585 nisi
982 5528 1241 5597 dimittas,
1276 5537 1423 5584 recte
1451 5542 1548 5582 nos
1580 5524 1730 5596 (862)
1761 5524 1972 5594 punias.

388 5620 492 5675 Sed
524 5622 663 5691 apud
689 5632 739 5677 te
770 5632 855 5677 est
878 5622 1049 5677 multa
1080 5622 1377 5680 miseratio.
1409 5630 1463 5677 et
1493 5616 1795 5689 propitiatio
1823 5631 1975 5686 pera-

390 5714 655 5774 bundans.
685 5716 886 5774 Prmsta
915 5717 1033 5774 sine
1071 5716 1264 5774 merito
1296 5714 1436 5783 quod
1467 5726 1739 5783 rogamus,
1770 5726 1860 5779 qur
1892 5708 1971 5763 fe-

2036 541 2190 600 nobis
2216 539 2283 595 ad
2316 548 2404 603 te;
2436 534 2663 593 Domine
2688 576 2705 601 ,
2733 532 2988 590 miserere
3016 549 3032 601 ;
3073 541 3285 588 moveat
3310 531 3623 588 misericor-

2034 639 2177 695 diam
2209 647 2355 691 tuam
2382 645 2489 688 vox
2531 630 2702 687 fidelis
2740 638 2793 684 et
2820 627 3047 691 ﬂebilis;
3079 634 3242 697 atque
3268 626 3355 680 illa
3380 665 3395 691 ,
3427 627 3491 680 de
3520 638 3627 695 qua

2038 741 2208 788 totum
2258 738 2559 796 speramus,
2610 724 2779 793 pietas
2823 737 2930 776 non
2969 728 3179 789 reputet
3219 719 3360 789 quod
3402 717 3631 773 offendi-

2038 841 2180 889 mus,
2211 825 2337 877 dum
2368 818 2585 889 respicit
2612 816 2753 887 quod
2777 827 3050 886 rogamus;
3083 824 3133 869 et
3164 828 3283 868 cum
3311 812 3528 882 grandis
3561 813 3635 867 sit

2037 916 2252 979 miseria
2286 928 2404 970 esse
2444 927 2543 967 nos
2572 925 2695 967 reos
2718 952 2733 974 ,
2768 907 2939 978 maior
2983 905 3077 959 tibi
3110 905 3179 959 sit
3199 904 3481 960 clementia
3510 917 3632 959 esse

2038 1024 2143 1065 nos
2178 1007 2428 1064 miseros.
2468 1003 2581 1058 Tuo
2613 999 2764 1072 (865)
2796 998 3064 1068 supplices
3099 996 3299 1051 auxilio
3334 1005 3460 1052 ante
3499 1004 3551 1051 te
3579 1001 3635 1049 et

2038 1100 2283 1158 criminis
2313 1096 2481 1153 nostri
2523 1095 2663 1149 mala
2692 1092 2939 1163 ponimus
2962 1136 2977 1160 ,
3006 1098 3059 1146 et
3093 1090 3342 1155 dolores;
3376 1104 3405 1143 a
3430 1098 3482 1143 te
3513 1102 3634 1158 prc—

2040 1194 2213 1251 cautlo
2254 1187 2675 1249 misericordiam
2702 1228 2716 1253 ,
2760 1199 2918 1256 quam
2968 1182 3238 1253 peccando
3296 1180 3590 1251 repulimus
3616 1218 3640 1248 ,

2041 1292 2435 1353 exspectamus.
2490 1278 2779 1333 Prmstetur
2834 1274 2918 1331 his
2971 1273 3039 1329 de
3095 1273 3425 1344 indulgentia
3476 1269 3635 1342 (.366)

2041 1375 2185 1445 quod
2223 1371 2427 1440 rogaris
2470 1369 2757 1437 accipere,
2805 1379 2940 1436 quos
2982 1363 3226 1433 agnoscis
3275 1361 3525 1418 fiduciam
3564 1360 3632 1415 de

2044 1462 2197 1536 (867)
2235 1472 2325 1517 tua
2358 1459 2567 1530 iustitia
2609 1473 2717 1513 non
2764 1455 2983 1511 habere.
3032 1452 3191 1521 Erige
3228 1467 3364 1522 nos,
3406 1450 3631 1506 Domine

2047 1559 2191 1615 Deos
2244 1562 2465 1617 noster,
2530 1560 2586 1607 et
2643 1548 2817 1604 alleva
2870 1547 2924 1599 in
2970 1542 3336 1599 misericordia
3384 1550 3513 1610 tua,
3574 1547 3637 1595 ut

2044 1647 2421 1704 communione
2459 1642 2644 1697 salutis
2669 1681 2684 1706 ,
2718 1648 2774 1694 et
2807 1635 3001 1708 gaudio
3026 1632 3304 1689 cbaritatis
3332 1675 3345 1697 ,
3382 1632 3505 1687 dum
3536 1629 3639 1700 ipsi

2050 1739 2245 1795 salvari
2281 1752 2349 1791 ex
2392 1747 2615 1789 munere
2654 1737 2749 1784 tuo
2776 1726 3022 1797 cupimus
3046 1766 3062 1792 ,
3094 1724 3254 1779 ctiam
3286 1722 3389 1776 ﬁde
3416 1730 3470 1775 et
3502 1734 3633 1789 pace

2051 1830 2203 1905 (868)
2232 1836 2426 1885 cuncta
2453 1822 2751 1895 regentium
2780 1818 3129 1891 gaudeamus.
3162 1815 3268 1871 Per
3300 1813 3602 1868 Dominum.

2126 1925 2261 1980 Item
2282 1922 2405 1977 alia.
2445 1912 2512 1961 σέ-
2535 1916 2686 1989 (869)
2723 1915 2976 1987 Ignosce,
3010 1909 3233 1965 Domine
3257 1947 3275 1975 ,
3309 1905 3461 1978 (870)
3490 1920 3640 1961 cont-

2053 2019 2333 2075 maculatre
2355 2013 2452 2068 viae
2478 2007 2823 2067 conscientiae
2847 2002 3087 2069 sordido,
3116 2008 3171 2055 et
3198 1998 3487 2054 criminum
3512 2011 3641 2051 con-

2055 2112 2267 2168 fusione
2296 2107 2531 2178 eaptivo,
2561 2102 2710 2176 (87f)
2742 2100 2831 2171 qui
2860 2113 2956 2169 pro
2982 2110 3069 2152 me
3092 2094 3338 2150 obtinere
3365 2090 3497 2147 nihil
3525 2104 3642 2144 tne-

2056 2220 2201 2269 reor,
2248 2218 2346 2272 pro
2377 2200 2497 2254 aliis
2543 2202 2829 2266 rogaturus
2851 2190 3073 2246 assiste.
3120 2186 3343 2243 Profero
3383 2183 3449 2239 ad
3483 2193 3569 2249 te,
3598 2180 3645 2238 si

2054 2294 2295 2366 digneris
2319 2334 2335 2360 ,
2364 2288 2623 2366 Domine,
2657 2284 2889 2355 gemitus
2917 2279 3259 2349 captivorum
3289 2317 3303 2342 ,
3336 2272 3641 2329 tribulatio-

2054 2361 2151 2444 ne's
2202 2383 2460 2454 plebium,
2517 2363 2753 2448 pericula
2800 2372 3135 2443 populorum,
3171 2365 3322 2439 (872)
3370 2361 3645 2454 angustias

2059 2490 2376 2549 pauperum,
2408 2468 2758 2528 necessitates
2789 2462 3191 2535 peregrinorum
3214 2504 3228 2525 ,
3262 2457 3469 2526 inopias
3497 2453 3647 2509 debi~

2052 2572 2181 2627 lium
2206 2612 2221 2637 ,
2255 2565 2663 2636 desperationes
2699 2557 3064 2630 languentium
3087 2593 3105 2618 _,
3139 2551 3376 2609 defectos
3409 2563 3601 2604 senum
3625 2588 3647 2616 ,

2052 2664 2281 2735 suspiria
2312 2662 2571 2733 iuventtrn
2596 2699 2610 2724 ,
2642 2663 2767 2710 vota
2794 2651 3084 2722 virginum,
3117 2647 3270 2720 (875)
3304 2646 3534 2701 lamenta
3560 2639 3643 2697 vi-

2052 2733 2300 2813 duarum.
2331 2755 2396 2809 Et
2422 2748 2573 2823 (874)
2600 2746 2849 2819 quoniam
2884 2757 2969 2799 tne
2999 2739 3211 2804 eadem,
3243 2751 3359 2807 qua:
3386 2733 3647 2805 pOpttluut

2055 2835 2202 2905 tuum
2236 2856 2423 2902 catena
2452 2840 2791 2908 constringit,
2823 2834 2973 2909 (875)
3005 2844 3317 2886 communes
3339 2829 3491 2897 lugeo
3522 2840 3644 2896 pas-

2054 2941 2258 3005 siones,
2288 2952 2393 2991 non
2423 2934 2566 2990 obsit
2595 2928 2791 3001 popqu
2821 2938 2910 2981 tuo
2942 2925 3115 2981 oratio
3137 2920 3411 2990 subiugata
3446 2931 3639 2987 pecca-

2054 3033 2144 3088 tis.
2185 3029 2289 3086 Per
2330 3042 2417 3083 me
2440 3024 2536 3080 tibi
2572 3022 2795 3078 offertur
2827 3016 2979 3091 (876)
3013 3023 3192 3071 votum
3213 3056 3229 3081 ,
3266 3028 3361 3083 per
3386 3018 3441 3066 te
3467 3024 3644 3066 meum

2054 3122 2382 3191 compleatur
2409 3117 2668 3176 officium.
2700 3115 2827 3171 Per.

1985 3240 2035 3306 Ο
2132 3214 2293 3285 232
2319 3212 2453 3266 Αίία·
2479 3239 2547 3251 ’-
2573 3206 2722 3278 (87⁷)
2748 3204 2913 3265 Dens.
2938 3199 3005 3257 ad
3027 3212 3182 3298 quem
3212 3193 3466 3306 accedere
3492 3206 3647 3247 mun-

2063 3304 2117 3360 di
2147 3303 2534 3365 desideramus,
2565 3307 2618 3352 et
2644 3296 2711 3352 ob
2737 3292 2887 3362 cujus
2908 3293 3132 3361 gloriam
3162 3285 3215 3342 in
3245 3287 3501 3340 honorem
3524 3293 3646 3339 tuo-

2062 3413 2184 3453 rum
2226 3402 2528 3465 martyrum
2570 3388 2777 3461 expiari
2822 3384 3162 3456 deposcimus
3189 3421 3205 3448 ,
3255 3381 3308 3436 in
3340 3379 3509 3435 vivam
3549 3390 3646 3431 nos

2059 3489 2155 3546 tibi
2196 3500 2433 3558 prmpara
2480 3482 2745 3547 hostiam;
2790 3478 3031 3536 cordium
3083 3489 3294 3549 quoque
3334 3481 3644 3528 nostrorum

2058 3579 2239 3637 abdita
2266 3574 2414 3633 omni
2461 3573 2685 3630 crimine
2725 3571 2841 3627 lava
2868 3610 2885 3637 ,
2918 3577 2973 3623 et
3001 3566 3227 3639 spiritali
3270 3565 3418 3635 reple
3443 3562 3652 3618 laetitia.

2060 3671 2266 3740 Quique
2294 3682 2474 3724 coram
2499 3675 2551 3721 te
2574 3705 2591 3732 ,
2627 3673 2681 3720 et
2708 3678 2806 3734 pro
2828 3662 3028 3721 nostris
3051 3702 3069 3727 ,
3099 3669 3154 3717 et
3180 3675 3274 3727 pro
3308 3660 3528 3714 fratrum
3559 3656 3651 3711 de-

2061 3760 2199 3814 lictis
2229 3755 2645 3827 ingemiscimus,
2675 3751 2917 3808 exaudiri
2947 3766 2977 3806 a
3008 3758 3059 3805 te
3091 3751 3405 3819 quantocius
3438 3761 3648 3802 merea-

2062 3866 2201 3917 ntur,
2226 3858 2283 3904 ut
2315 3862 2413 3903 nec
2440 3854 2624 3900 nostro
2653 3843 2956 3914 puniantur,
2998 3854 3098 3910 nec
3126 3841 3299 3895 alieno
3326 3848 3561 3907 peccato,
3592 3844 3650 3892 ut

2058 3942 2261 4017 juStitia
2290 3951 2343 3998 et
2363 3937 2643 3995 sanctitate
2670 3935 2880 4003 vestiti,
2907 3942 3295 4004 praesentemur
3321 3931 3413 3985 tibi
3443 3929 3650 3986 indem-

2066 4051 2164 4091 nes
2195 4034 2248 4089 in
2277 4032 2366 4089 die
2393 4029 2600 4101 iudicii.

2136 4129 2275 4184 Alia.
2304 4157 2373 4167 —
2396 4124 2547 4193 (878)
2574 4121 2808 4185 Dimitte,
2834 4119 2997 4184 Deus,
3033 4116 3184 4188 (879)
3206 4113 3422 4186 quiquid
3448 4129 3541 4183 per
3568 4113 3651 4168 itt-

2068 4219 2476 4290 temperautiam
2525 4214 2789 4271 mordacis
2833 4214 3029 4282 lingum
3070 4212 3284 4265 incauta
3326 4222 3438 4262 Of‘lS
3477 4206 3647 4262 nostri

2069 4310 2362 4381 increpatio
2391 4306 2682 4363 momordit
2710 4306 2761 4359 in
2792 4303 3051 4360 subditos.
3084 4298 3352 4369 Quidquid
3383 4300 3558 4352 minus
3587 4295 3655 4353 de

2068 4403 2192 4460 boni
2217 4401 2541 4473 perfectione
2556 4399 2806 4465 diximus,
2826 4410 3007 4467 parce;
3027 4392 3279 4464 quidquid
3301 4391 3655 4460 incongruum

2072 4496 2156 4550 vel
2187 4493 2364 4549 minus
2391 4498 2686 4561 temperate
2712 4487 3052 4559 protulimus,
3085 4494 3137 4539 tu
3172 4486 3409 4554 ignosce.
3433 4478 3550 4537 Non
3579 4482 3658 4536 in-

2078 4597 2287 4645 cautum
2313 4587 2655 4657 praesumptio
2680 4583 2882 4654 puniat,
2912 4581 3007 4635 sed
3042 4585 3419 4649 agnoscentem
3447 4592 3530 4629 me
3553 4573 3658 4630 ini-

2071 4683 2302 4751 quitates
2337 4693 2483 4735 meas
2528 4679 2698 4746 pietas
2737 4671 3101 4730 miserationis
3144 4680 3245 4724 tua:
3285 4668 3545 4724 absolvat.
3594 4665 3662 4723 Et

2072 4779 2196 4845 quia
2224 4789 2331 4828 non
2359 4770 2490 4827 mihi
2533 4770 2664 4824 alibi
2694 4775 2777 4823 est
2804 4766 3021 4831 fiducia,
3061 4762 3162 4817 nisi
3196 4761 3250 4816 in
3293 4757 3660 4833 misericordia

2075 4878 2184 4935 tua,
2216 4877 2271 4922 tu
2302 4874 2356 4922 et
2384 4879 2444 4919 os
2475 4876 2653 4919 meum
2681 4858 2950 4931 praeconio
2985 4853 3223 4911 veritatis
3246 4849 3396 4924 (880)
3422 4862 3661 4921 perarma

2073 4965 2162 5036 (In
2187 4962 2290 5018 Ms.
2323 4977 2420 5033 per
2442 4957 2638 5031 arma],
2679 4966 2734 5013 et
2761 4970 2894 5025 opus
2922 4951 3151 5024 pleniori
3180 4949 3423 5006 ubertate
3458 4945 3664 5036 sanctis

2079 5035 2204 5127 lica,
2235 5066 2291 5111 ut
2319 5064 2372 5110 et
2401 5052 2675 5123 indignum
2705 5064 2791 5107 me
2812 5047 2994 5103 salvos
3014 5085 3029 5112 ,
3066 5053 3122 5099 et
3151 5043 3494 5100 commissum
3528 5035 3661 5094 mihi

2077 5163 2292 5221 gregem
2341 5161 2438 5216 pro
2470 5153 2556 5198 tua
2588 5143 2786 5212 pietate
2820 5137 2975 5211 (881)
3000 5136 3286 5207 iustiﬁces.
3318 5130 3581 5204 Quidquid
3611 5130 3665 5184 in

2080 5242 2187 5297 illis
2231 5240 2475 5295 vitiatum
2529 5234 2677 5305 (889.)
2707 5230 2928 5302 rcSpicis
2954 5270 2968 5296 ,
2999 5244 3163 5295 sana;
3212 5223 3467 5299 quidquid
3498 5223 3550 5277 in
3576 5232 3663 5275 me

2079 5332 2326 5390 vitiosum
2350 5328 2589 5398 inSpicis,
2621 5341 2766 5383 cura.
2801 5325 2859 5380 Si
2888 5321 3039 5399 (885)
3066 5336 3220 5395 quam
3252 5320 3381 5374 vitio
3407 5312 3663 5383 tepidita-

2077 5426 2146 5479 tis
2174 5437 2306 5478 mea:
2332 5462 2345 5485 ,
2378 5418 2461 5474 vel
2502 5419 2705 5473 incuria
2751 5426 3134 5472 contraxerunt
3162 5454 3177 5480 ,
3210 5412 3294 5467 vel
3335 5408 3663 5463 contrahunt

2080 5517 2276 5576 labem,
2306 5511 2510 5566 omitte.
2541 5508 2598 5564 Si
2623 5522 2726 5578 quo
2753 5509 2938 5574 etiam,
2965 5520 3051 5560 me
3074 5506 3373 5571 ignorante,
3402 5497 3484 5550 vel
3512 5490 3663 5563 (884)

2080 5624 2213 5677 cogn
2241 5616 2317 5673 to,
2341 5604 2654 5661 deciderunt
2684 5602 2736 5656 in
2762 5599 3009 5665 crimine,
3037 5602 3194 5663 atque
3224 5592 3272 5647 si
3297 5585 3533 5655 exempli
3556 5582 3663 5677 mei

2078 5670 2402 5758 offendiculo
2431 5700 2783 5770 proruerunt,
2816 5688 2969 5761 (885)
2998 5685 3241 5756 ignosce;
3282 5690 3333 5740 et
3367 5693 3465 5755 pro
3494 5670 3664 5745 culpis

467 5862 495 5895 ι
524 5854 650 5913 tiae
678 5853 923 5927 apologia
953 5852 1224 5912 nonnullis
1250 5848 1544 5908 immutatis
1567 5842 1757 5916 legitur
1778 5838 1835 5899 in
1863 5846 1975 5901 vet.
2014 5839 2349 5901 Sacrament.
2384 5837 2495 5895 Gal.
