4042 6350
499 345 594 406 2‘5!

1714 342 1960 403 SANCTI
1997 345 2322 405 GREGORII
2361 346 2581 406 MAGNI

3645 352 3750 413 232

498 463 687 518 talibus
714 461 912 520 misero
941 459 1074 518 mihi
1100 460 1314 519 ultionis
1341 475 1447 518 non
1477 461 1727 518 restituas
1753 463 1948 517 vicem.
1975 462 2066 516 His
2093 467 2146 526 Α
2174 463 2226 516 in
2256 464 2472 518 nomine
2503 462 2596 520 Dei
2621 462 2793 519 Patris
2818 463 3214 538 omnipotentis,
3241 476 3298 525 et
3323 467 3377 523 in
3399 467 3613 525 nomine
3627 468 3752 526 Jesu

496 559 672 611 tamen
697 593 712 622 ,
756 553 944 622 quibus
974 554 1354 624 increpationis
1382 555 1525 610 visus
1547 568 1664 608 sum
1693 553 1949 610 adhibere
1981 555 2069 625 ju-

495 643 692 699 dicium
714 685 729 711 ,
765 653 819 698 et
843 644 1006 717 (886)
1036 645 1333 716 increpatio
1364 648 1476 716 ipsa
1505 647 1584 702 eis
1610 646 1852 715 proﬁciat
1890 646 1956 701 ad
1988 661 2072 701 sa-

493 734 658 792 iutem
687 776 701 802 ,
750 743 804 790 et
830 737 1000 791 oratio
1033 737 1146 792 haec
1173 737 1522 807 interpellans
1552 738 1838 793 commisso
1863 751 1958 794 eos
1986 753 2072 794 re-

494 837 645 881 vocet
672 832 735 881 ab
756 843 958 892 errore,
988 839 1045 883 ut
1073 844 1179 884 non
1204 832 1478 899 perierant
1501 838 1760 884 tartareos
1781 829 2069 896 cruciatus,

493 919 683 987 quibus
725 961 740 985 ,
772 929 828 974 ut
860 927 981 989 pote
1007 919 1156 991 (887)
1200 921 1478 990 mortales,
1514 922 1841 990 poenitentia:
1875 923 2072 976 indixi-

491 1022 609 1062 mus
642 1010 816 1078 leges;
869 1027 972 1080 quo
1002 1011 1152 1081 (888)
1184 1022 1534 1080 utrorumque
1564 1013 1920 1068 incommodis
1945 1027 2068 1081 par-

491 1114 637 1165 cens,
670 1102 881 1159 illorum
922 1104 1286 1175 iniquitatibus
1317 1107 1521 1162 tribuas
1554 1109 1784 1174 veniam,
1813 1116 1867 1164 et
1896 1123 2072 1163 meam

495 1191 681 1246 abluas
711 1204 1040 1249 contractam
1085 1195 1153 1250 de
1192 1197 1408 1265 gerendi
1443 1198 1877 1254 incommoditate
1904 1198 2073 1254 offen-

491 1296 627 1340 Sam.
677 1287 886 1354 Prazhe,
931 1287 1093 1355 Deus,
1124 1303 1306 1344 aurem
1354 1290 1629 1346 sacriﬁciis
1659 1292 1875 1356 nostris,
1909 1298 1962 1345 et
1988 1305 2074 1346 me

494 1376 731 1447 mihique
755 1381 1073 1435 commissos
1100 1380 1200 1434 tuis
1231 1380 1438 1435 ascribe
1468 1383 1520 1434 in
1550 1381 1775 1450 paginis,
1808 1396 1914 1450 quo
1945 1395 2067 1435 cum

494 1481 656 1538 grege
687 1469 818 1524 mihi
853 1470 1080 1531 credito,
1115 1480 1166 1525 et
1195 1485 1224 1524 a
1256 1479 1450 1526 cuncto
1472 1471 1619 1525 eluar
1648 1471 1892 1537 crimine,
1923 1481 1976 1525 et
2002 1469 2067 1525 ad

509 1575 559 1613 .e
599 1574 808 1614 merear
839 1562 1118 1629 pervenire
1146 1561 1198 1615 in
1229 1577 1384 1630 pace.
1415 1561 1665 1616 Pacatum
1692 1561 1880 1628 redde,
1908 1559 2070 1626 Deus,

489 1662 794 1707 nostrorum
817 1655 1058 1709 cordium
1072 1654 1434 1711 habitaculum
1449 1671 1515 1710 ex
1526 1655 1770 1725 pulsione
1783 1632 2072 1710 carnalitim

486 1744 755 1800 vitiorum.
800 1746 866 1801 Et
890 1747 1042 1817 (889)
1061 1749 1151 1817 qui
1180 1749 1234 1803 in
1262 1748 1488 1804 subditis
1506 1763 1668 1804 conor
1696 1764 1902 1804 summa
1920 1764 2073 1804 exer-

2174 551 2371 608 Christi
2403 554 2522 609 Filii
2551 555 2666 623 ejus
2711 555 2921 612 Domini
2961 559 3150 625 nostri,
3193 567 3250 613 ut
3288 559 3383 613 ﬁas
3428 575 3562 629 aqua
3592 576 3754 616 exor-

2173 645 2366 713 cizata,
2400 646 2466 700 ad
2495 646 2830 717 eﬁ‘ugandam
2855 664 3066 705 omnem
3091 660 3409 721 potestatem
3442 649 3665 718 inimici,
3699 661 3755 706 et

2173 735 2348 806 ipsum
2381 739 2657 794 inimicum
2698 741 2971 798 eradicare
3000 752 3056 798 et
3084 744 3394 814 explantare
3424 743 3602 798 valeas
3630 757 3752 799 cum

2173 832 2378 900 angelis
2408 832 2521 887 suis
2555 835 2885 902 apostaticis,
2917 851 3012 906 per
3048 837 3304 891 virtutem
3337 836 3544 890 Domini
3585 837 3756 890 nostri

2173 919 2300 976 Jesu
2324 921 2542 990 Christi,
2577 923 2665 992 qui
2699 931 2953 982 venturus
2982 934 3064 983 est
3084 927 3327 997 judicare
3358 929 3511 983 vivos
3540 935 3594 982 et
3617 942 3760 982 mor-

2175 1021 2313 1080 tuos,
2356 1023 2409 1068 et
2440 1014 2693 1070 saeculum
2723 1031 2818 1086 per
2844 1019 3038 1088 ignem.

2244 1104 2540 1160 Benedictio
2590 1125 2753 1177 aqum.
2801 1139 2859 1149 —
2889 1111 3051 1179 Deus,
3109 1113 3220 1182 qui,
3266 1113 3333 1167 ad
3383 1112 3609 1168 salutem
3660 1112 3760 1166 hu-

2176 1197 2323 1252 mani
2353 1198 2584 1268 generis,
2621 1201 2848 1256 maxima
2876 1219 3101 1273 quaeque
3131 1214 3463 1261 sacramenta
3501 1206 3552 1259 in
3595 1219 3761 1273 aqua-

2179 1303 2298 1344 rum
2351 1291 2705 1346 substantiam
2738 1295 3051 1363 condidisti,
3101 1297 3286 1351 adesto
3331 1296 3762 1352 invocatiouibus

2179 1381 2401 1448 nostris,
2433 1389 2487 1437 et
2509 1383 2776 1439 elemento
2800 1386 2922 1440 huic
2949 1387 3280 1441 multimodis
3300 1388 3762 1457 puriﬁcationihus

2177 1485 2476 1544 praeparato
2523 1476 2776 1533 virtutem
2829 1487 2935 1534 tute
2983 1479 3370 1536 benedictionis
3418 1481 3653 1546 effunde,
3705 1490 3769 1535 ut

2177 1578 2420 1621 creatura
2469 1571 2709 1638 mysterii
2742 1571 2838 1639 tui,
2893 1572 2986 1626 tibi
3026 1575 3266 1628 serviens
3313 1574 3381 1628 ad
3429 1574 3763 1644 abjiciendos

2185 1657 2450 1714 daemones
2477 1661 2800 1732 morbosque
2831 1665 3129 1732 pellendos,
3155 1666 3348 1720 divina:
3375 1670 3558 1738 gratiae
3583 1675 3768 1722 sumat

2181 1749 2456 1817 eﬁ‘ectum;
2489 1761 2549 1807 ut
2592 1755 2844 1824 quidquid
2883 1757 2938 1811 in
2978 1757 3223 1814 domibus
3265 1759 3348 1814 vel
3377 1761 3429 1813 in
3461 1761 3590 1815 locis
3627 1759 3767 1814 ﬁde-

486 1848 610 1890 cere
631 1836 908 1904 virtutum,
937 1839 1140 1907 pacatis
1166 1841 1420 1894 mentium
1445 1855 1835 1911 corporumque
1871 1841 2076 1896 incom-
2103 1842 2152 1902 B
2183 1841 2314 1898 lium
2342 1845 2456 1899 haec
2487 1846 2624 1900 unda
2666 1852 2984 1917 resperserit
3029 1859 3210 1906 careat
3237 1851 3594 1918 immunditia,
3625 1852 3764 1906 libe-

487 1927 660 1982 modis
700 1929 951 1998 paciﬁcus
972 1946 1180 1985 merear
1205 1971 1220 1997 ,
1251 1941 1302 1986 te
1324 1932 1620 2001 judicante,
1662 1933 1909 1987 coronari
1943 1947 2064 1987 cum

486 2022 713 2092 angelis.
750 2024 859 2079 Fac
889 2040 1039 2094 ergo,
1072 2041 1399 2094 quaesumus,
1437 2041 1554 2093 nos,
1591 2025 1676 2094 pie
1705 2025 1866 2093 Deus,
1910 2026 2066 2095 aspi-

482 2111 684 2168 cientes
732 2113 784 2168 in
842 2125 1130 2184 conspectu
1180 2124 1289 2182 tuo,
1324 2115 1475 2188 (890)
1503 2117 1928 2172 ﬂammescentes
1962 2126 2064 2171 tua:

482 2205 668 2274 gratiae
706 2204 867 2271 dono,
900 2215 956 2261 ut
991 2208 1136 2262 zelus
1166 2217 1267 2262 tute
1320 2208 1511 2262 domus
1550 2224 1646 2263 nos
1673 2211 1939 2264 comedat.
1969 2213 2064 2264 At-

482 2309 588 2361 que
618 2297 688 2350 ita
718 2312 815 2351 per
845 2298 1079 2366 vigorem
1112 2299 1278 2353 sancti
1307 2299 1532 2368 Spiritus
1560 2309 1804 2368 regentes
1825 2299 2064 2355 subditos

484 2401 882 2457 temperemus;
925 2389 1076 2460 (891)
1107 2400 1163 2444 ut
1192 2400 1246 2445 et
1271 2389 1562 2459 disciplinis
1603 2391 1768 2445 nostri
1791 2391 2064 2460 regiminis

488 2481 764 2536 obtineant
806 2483 1010 2536 lucrum
1043 2523 1059 2550 ,
1109 2491 1161 2537 et
1199 2482 1409 2536 illorum
1442 2481 1638 2537 duritia
1667 2483 1963 2555 frangatur,
1996 2498 2060 2552 ac

483 2572 592 2627 vita
622 2573 1002 2628 sanctiﬁcetur.
1038 2574 1281 2639 Suscipe,
1302 2574 1547 2642 Domine,
1581 2584 1885 2630 nostrorum
1916 2584 2066 2631 voto-

479 2677 599 2717 rum
630 2663 902 2731 libamina,
951 2675 1005 2719 et
1034 2680 1130 2734 per
1160 2667 1274 2720 haec
1305 2665 1559 2736 quidquid
1591 2667 1646 2721 in
1670 2666 1911 2724 subditos
1942 2683 2061 2724 cor-

478 2755 735 2811 rectionis
763 2758 930 2811 verbo
958 2759 1042 2812 vel
1071 2758 1267 2813 merito
1289 2757 1646 2829 impertimus,
1700 2775 1806 2815 non
1854 2760 1918 2815 ad
1951 2761 2062 2814 dis-

478 2848 718 2904 cordiam
747 2849 960 2914 nostri,
996 2849 1090 2905 sed
1120 2850 1186 2906 ad
1218 2861 1536 2921 perpetuum
1584 2852 1884 2907 dulcedinis
1934 2867 2064 2922 gau-

477 2939 647 3010 dium,
691 2953 740 2998 et
793 2944 968 3012 nobis,
1023 2954 1076 2999 et
1128 2943 1232 2999 illis
1260 2943 1548 3014 profecisse
1603 2943 1752 3016 (89‘2)
1796 2945 2061 3000 hetemur.

477 3034 648 3091 Ablue
675 3034 824 3104 (895)
857 3050 974 3104 nos,
1009 3035 1169 3101 Deus,
1219 3045 1274 3091 et
1324 3037 1500 3093 alieno
1545 3046 1603 3092 et
1629 3047 1813 3092 nostro
1842 3037 2058 3105 delicto,

474 3133 553 3192 ut,
610 3126 663 3179 in
712 3133 937 3196 utroque
965 3127 1221 3196 spiritalis
1253 3129 1439 3198 gratiae
1471 3127 1817 3183 efﬁcientiam
1847 3129 2062 3197 capien-

2178 1948 2330 1992 retur
2370 1955 2400 1993 a
2445 1955 2601 1995 noxa.
2636 1941 2751 1995 Non
2791 1943 2898 1996 illic
2945 1944 3178 1999 resideat
3224 1944 3443 2014 spiritus
3482 1945 3762 2014 pestilens,

2176 2042 2284 2083 non
2314 2042 2445 2082 aura
2475 2043 2858 2100 corrumpens;
2907 2032 3186 2088 discedant
3215 2049 3403 2089 omnes
3447 2034 3652 2090 insidiae
3689 2036 3765 2088 la-

2170 2118 2331 2172 tentis
2363 2118 2596 2184 inimici;
2630 2131 2683 2175 et
2728 2122 2770 2174 si
2799 2122 2922 2191 quid
2961 2132 3042 2178 est
3086 2125 3224 2193 quod
3268 2134 3361 2178 aut
3397 2125 3758 2179 incolumitati

2169 2213 2522 2268 habitantium
2569 2215 2803 2280 invidet,
2856 2225 2947 2271 aut
2991 2217 3190 2287 quieti,
3234 2220 3544 2288 aspersione
3597 2218 3763 2288 hujus

2168 2291 2322 2373 aqua:
2366 2305 2607 2374 effugiat,
2660 2318 2716 2361 ut
2754 2308 3042 2363 salubritas
3092 2325 3186 2379 per
3236 2310 3630 2366 invocationem
3685 2311 3762 2365 tui

2168 2396 2398 2450 nominis
2437 2399 2694 2466 expetita,
2739 2401 2806 2455 ab
2854 2401 3102 2457 omnibus
3157 2403 3229 2458 sit
3267 2403 3762 2475 impugnationibus

2166 2488 2406 2543 defensa.
2450 2490 2570 2544 Per.

2236 2581 2529 2640 Benedictio
2554 2585 2679 2640 salis
2703 2594 2751 2641 et
2779 2602 2928 2658 aqua
2955 2592 3163 2659 pariter.
3196 2617 3264 2632 —-
3294 2589 3398 2646 Hic
3425 2592 3646 2646 mittitur
3677 2589 3761 2644 sui

2165 2675 2219 2730 in
2241 2692 2445 2746 aquam.

2241 2771 2416 2834 Deus,
2461 2769 2674 2826 invictae
2723 2773 2934 2828 virtutis
2979 2780 3186 2841 auctor,
3239 2783 3294 2830 et
3325 2783 3350 2812 α
3381 2773 3757 2845 inseparabilis

2168 2860 2380 2931 imperii
2403 2860 2536 2930 Rex,
2577 2878 2638 2918 ac
2667 2879 2880 2936 semper
2901 2868 3216 2938 magniﬁcus
3246 2867 3629 2937 triumphator,
3663 2868 3754 2937 qui

2165 2956 2424 3032 adversae,
2455 2958 2841 3013 dominationis
2897 2961 3041 3016 vires
3083 2961 3352 3032 reprimis,
3405 2963 3496 3032 qui
3543 2961 3750 3016 inimici

2165 3049 2423 3115 rugientis
2468 3049 2727 3105 saevitiam
2767 3065 3016 3120 superas,
3070 3053 3162 3122 qui
3208 3052 3434 3109 hostiles
3479 3054 3755 3124 nequitias

2164 3150 2354 3210 potens
2395 3156 2696 3215 expugnas,
2731 3151 2807 3212 te,
2843 3145 3090 3213 Domine,
3123 3155 3418 3202 trementes
3461 3161 3524 3201 ac
3550 3147 3755 3217 suppli-

475 3224 578 3282 tes,
608 3217 908 3273 ﬁducialius
950 3229 1039 3275 tuo
1083 3222 1284 3276 nomini
1332 3223 1714 3292 supplicemus.
1753 3223 1854 3278 Per
1880 3222 2057 3276 Domi-

2171 3246 2254 3288 ces
2277 3233 2653 3304 deprecamur,
2682 3251 2745 3291 ac
2767 3237 3019 3306 petimus,
3051 3247 3111 3292 ut
3137 3238 3275 3294 hanc
3297 3248 3600 3295 creaturam
3625 3239 3755 3294 salis

481 3322 632 3364 num.

651 3399 802 3473 (894)
836 3401 1105 3458 Orationes
1132 3406 1200 3458 ad
1233 3405 1544 3460 uisitandum
1571 3407 1856 3475 inﬁrmum.

542 3491 610 3546 In
663 3495 841 3563 primis
892 3497 1085 3565 faciant
1126 3498 1414 3556 sacerdotes
1465 3516 1671 3569 asperso
1718 3501 1826 3555 sale
1869 3518 2056 3572 aquam

474 3582 805 3650 benedictam,
849 3595 895 3639 et
943 3586 1092 3658 (895)
1134 3602 1408 3663 aspergunt
1451 3608 1559 3648 eam
1590 3592 1742 3665 (896)
1775 3610 1887 3648 cum
1907 3595 2056 3650 Anti-

471 3675 641 3745 phona
671 3676 827 3748 233
872 3688 917 3733 et
969 3679 1299 3739 Orationibus
1325 3699 1475 3756 super
1506 3687 1672 3758 ipsum
1699 3688 1976 3758 inﬁrmum,
2006 3702 2054 3745 et

469 3783 623 3837 super
648 3768 851 3822 domum
878 3773 1009 3841 ejus.

542 3859 689 3930 (897)
722 3859 1054 3920 Exoreismus
1109 3869 1256 3923 salis.
1284 3896 1356 3911 -δ
1384 3869 1647 3927 Exoreizo
1693 3883 1764 3940 te,
1808 3884 2051 3931 creatura

468 3951 617 4020 salis,
647 3968 741 4023 per
769 3955 938 4012 Deum
967 3958 1172 4027 vivum,
1204 3977 1301 4030 per
1330 3963 1493 4019 Deum
1522 3980 1724 4033 verum,
1758 3983 1854 4036 per
1883 3969 2049 4026 Deum

464 4045 625 4131 quite
657 4061 750 4114 per
773 4047 1024 4106 Elisaeum
1054 4054 1368 4123 prophetam
1397 4055 1448 4109 in
1480 4070 1679 4126 aquam
1711 4058 1848 4113 mitti
1866 4057 2048 4128 jussit,

466 4145 525 4192 ut
553 4150 831 4196 sanaretur
861 4147 1118 4202 sterilitas
1146 4165 1332 4220 aqua};
1367 4161 1423 4207 ut
1452 4152 1702 4210 efﬁciaris
1729 4155 1807 4212 sal
1836 4159 2052 4213 exorci-

465 4237 641 4284 2atum
672 4232 722 4285 in
751 4234 974 4290 salutem
1017 4241 1368 4309 credentium,
1417 4256 1471 4300 et
1499 4247 1572 4302 sis
1600 4249 1844 4304 omnibus
1878 4258 1929 4306 te
1959 4267 2047 4307 su-

465 4323 734 4378 mentibus
781 4329 981 4383 sanitas
1015 4333 1206 4388 animm
1246 4345 1300 4389 et
1325 4346 1597 4407 corporis;
1632 4350 1686 4397 et
1725 4343 1942 4413 effugiat
1967 4354 2048 4400 at-

463 4425 568 4481 que
597 4413 834 4470 discedat
874 4419 941 4473 ab
968 4434 1032 4474 eo
1080 4423 1194 4477 loco
1244 4439 1348 4492 quo
1392 4442 1640 4496 aSpersus
1663 4432 1825 4488 fueris
1869 4436 2044 4490 omnis

462 4505 739 4575 phantasia
765 4519 818 4564 et
844 4509 1098 4580 nequitia,
1130 4514 1212 4568 vel
1244 4521 1474 4572 versutia
1505 4519 1786 4577 diabolicae
1819 4526 2040 4596 fraudis,

2165 3336 2218 3380 et
2241 3339 2391 3395 aqua:
2418 3324 2701 3396 dignanter
2725 3329 2978 3398 accipias,
3010 3330 3270 3401 benignus
3299 3331 3557 3398 illustres,
3584 3333 3754 3402 pieta-

2165 3417 2230 3471 tis
2265 3427 2370 3472 tutc
2397 3432 2546 3474 more
2568 3420 2892 3489 sanctiﬁces,
2921 3433 2976 3477 ut
2999 3423 3297 3495 ubicunque
3321 3424 3483 3481 fuerit
3504 3438 3751 3495 aspersa,

2161 3521 2259 3578 per
2293 3507 2686 3566 invocationem
2713 3513 2884 3568 sancti
2918 3515 2990 3568 tui
3023 3516 3250 3570 nominis
3273 3517 3448 3572 omnis
3477 3517 3754 3577 infestatio

2161 3599 2421 3656 immundi
2459 3602 2677 3671 spiritus
2727 3605 3028 3675 abjiciatur,
3060 3607 3223 3678 234,
3251 3618 3531 3679 terrorque
3568 3624 3749 3666 vene-

2158 3695 2279 3750 nosi
2319 3699 2583 3767 serpentis
2629 3700 2812 3770 procul
2861 3702 3108 3771 pellatur,
3156 3713 3210 3760 et
3237 3706 3524 3775 praesentia
3570 3706 3750 3762 sancti

2160 3787 2388 3858 Spiritus
2445 3791 2600 3847 nobis
2650 3793 3076 3850 misericordiam
3143 3800 3485 3868 poscentibus
3551 3798 3750 3869 ubique

2157 3879 2346 3937 adesse
2377 3882 2645 3953 dignetur.
2679 3885 2781 3940 Per
2812 3885 3117 3945 Dominum.
3182 3871 3189 3876 ﬁ

2372 3976 2553 4031 Oratio
2582 3979 2789 4049 quando
2827 3997 2961 4050 aqua
2989 3983 3247 4053 spargitur
3269 3984 3322 4038 in
3347 3993 3522 4041 domo.

2227 4067 2429 4124 Exaudi
2476 4086 2594 4142 nos,
2648 4073 2871 4130 Domine
2914 4086 3128 4146 sancte,
3173 4078 3331 4135 Pater
3373 4081 3740 4151 omnipotens,

2153 4161 2480 4232 sempiterne
2511 4165 2677 4231 Deus,
2709 4179 2762 4222 et
2794 4167 3009 4222 mittere
3047 4170 3268 4241 dignare
3307 4173 3555 4242 angelum
3593 4181 3743 4228 tuum

2155 4263 2396 4309 sanctum
2444 4256 2510 4311 de
2548 4259 2723 4327 caelis,
2776 4260 2862 4330 qui
2904 4263 3190 4331 custodiat,
3225 4264 3416 4332 foveat,
3477 4274 3742 4335 protegat,

2152 4349 2350 4414 visitet,
2383 4359 2437 4406 et
2461 4350 2713 4408 defendat
2756 4369 2942 4409 onmes
2970 4354 3271 4413 habitantes
3315 4358 3368 4411 in
3397 4357 3502 4413 hoc
3534 4359 3742 4414 habita-

2150 4442 2291 4498 culo.
2320 4444 2442 4500 Per.

2224 4537 2519 4592 Benedictio
2559 4539 2761 4595 domus.
2791 4571 2861 4581 ——
2901 4541 3121 4608 Adesto,
3163 4541 3425 4611 Domine,
3473 4545 3742 4615 supplica-

461 4598 741 4667 omnisque
807 4601 1026 4671 spiritus
1082 4603 1388 4662 immundus
1444 4611 1724 4681 adjuratus
1775 4631 1868 4686 per
1923 4635 2042 4676 eum

2176 4627 2385 4684 ionibus
2428 4632 2650 4699 nostris,
2683 4642 2737 4686 et
2767 4631 2904 4687 hanc
2935 4634 3153 4689 domum
3198 4638 3405 4692 serenis
3435 4639 3604 4692 oculis
3636 4647 3740 4692 tuae

461 4690 550 4756 qui
582 4697 838 4746 venturus
869 4702 950 4748 est
972 4693 1215 4763 judicare
1245 4698 1394 4754 vivos
1425 4712 1478 4757 et
1507 4713 1767 4775 mortuos,
1801 4717 2042 4767 etsazcu-

460 4777 569 4849 ium
601 4795 693 4850 per
723 4784 917 4852 ignem.
1402 4855 1405 4857 _

529 4870 822 4929 Benedictio
855 4878 1002 4932 salis.
1029 4909 1099 4921 —
1121 4880 1437 4940 immensam
1477 4888 1817 4947 clementiam
1870 4905 2035 4969 tuam,

456 4965 793 5033 omnipotens
832 4980 1032 5028 :eterne
1060 4973 1222 5042 Deus,
1259 4976 1534 5037 humiliter
1575 4982 1945 5057 imploramus,
1984 4965 2038 5045 ut

455 5051 918 5144 hancAcreaturam
950 5064 1098 5134 salis,
1118 5080 1277 5136 quam
1307 5070 1362 5125 in
1395 5087 1548 5128 usum
1578 5077 1789 5144 generis
1817 5077 2033 5137 humani

452 5139 705 5213 tribuisti,
756 5148 1074 5210 benedicere
1124 5165 1181 5212 et
1225 5163 1557 5220 sanctiﬁcare
1582 5139 1685 5222 'tua
1725 5170 1922 5239 pietate
1949 5171 2034 5228 di-

453 5241 657 5309 gneris,
691 5253 748 5297 ut
792 5245 861 5299 sit
891 5248 1138 5306 omnibus
1183 5254 1327 5310 salus
1359 5264 1551 5315 mentis
1590 5271 1643 5316 et
1681 5267 1943 5333 corporis;
1979 5275 2034 5322 ut

454 5331 709 5403 quidquid
762 5353 826 5394 eo
874 5351 1073 5400 tactum
1121 5348 1202 5403 vel
1257 5366 1562 5422 respersum
1617 5331 1798 5425 fuerit,
1855 5331 2033 5416 careat

459 5428 626 5484 omni.
653 5429 988 5491 intmunditia
1037 5440 1291 5510 omnique
1330 5444 1732 5514 impugnatione
1775 5450 2030 5519 spiritalis

449 5520 722 5589 nequitiae.
755 5523 880 5582 Per.

520 5611 849 5674 Exorcismus
877 5635 1048 5678 acute.
1080 5650 1151 5660 —
1184 5620 1440 5679 Exorcizo
1470 5632 1543 5690 te,
1571 5637 1814 5683 creatura
1851 5643 2022 5704 aquae,

519 5753 545 5781 ο
569 5750 649 5825 ita
687 5749 740 5806 in
766 5755 984 5821 Codice,
1024 5760 1115 5811 ubi
1151 5764 1327 5812 tamen
1367 5760 1636 5815 Pamelius
1667 5772 1906 5822 autumat
1934 5776 2014 5825 le-

449 5818 675 5885 gendum
731 5818 1104 5893 insuperabilis.
1157 5829 1318 5886 Paulo
1347 5838 1469 5902 post
1511 5832 1706 5904 legitur
1754 5818 2014 5900 etiam-in

2146 4721 2357 4791 pietatis
2415 4721 2643 4777 iiIuStra.
2695 4723 2995 4780 Desceudat
3042 4742 3206 4796 super
3238 4728 3543 4784 habitantes
3590 4732 3643 4783 in
3674 4745 3738 4785 ca

2144 4812 2328 4880 gratia:
2380 4821 2482 4866 tua:
2513 4813 2657 4883 larga
2709 4814 3033 4885 benedictio,
3085 4828 3142 4872 ut
3185 4818 3237 4872 in
3270 4818 3364 4882 his
3413 4822 3738 4876 manufactis

2146 4903 2468 4960 habitaculis
2517 4921 2640 4960 cum
2690 4908 3004 4964 salubritate
3055 4910 3396 4967 manentibus
3437 4912 3538 4982 ipsi
3586 4923 3736 4969 tuum

2141 5012 2355 5068 semper
2389 5000 2496 5054 sint
2525 5000 2909 5057 habitaculum.
2942 5002 3044 5058 Per
3074 5003 3381 5060 Dominum.

2211 5089 2348 5146 Alia.
2376 5122 2447 5132 —
2468 5092 2674 5148 Exaudi
2704 5109 2821 5161 nos,
2856 5096 3082 5153 Domine
3112 5109 3317 5166 sancte,
3351 5099 3513 5154 Pater
3542 5101 3736 5154 ‘omni-

2140 5197 2353 5256 potens,
2383 5198 2587 5246 aeterne
2620 5191 2785 5259 Deus,
2824 5201 2883 5248 ut
2910 5193 2955 5247 si
2979 5209 3080 5263 qua
3107 5204 3229 5250 sunt
3259 5199 3507 5264 adversa,
3550 5197 3596 5250 si
3628 5214 3731 5265 qua

2137 5281 2408 5335 contraria
2455 5283 2508 5336 in
2551 5281 2650 5338 hac
2699 5285 2859 5339 domo
2909 5285 3090 5341 famuli
3141 5288 3218 5342 tui
3243 5288 3364 5356 ιιι.,
3407 5291 3732 5345 auctoritate

2137 5369 2425 5440 Majestatis
2465 5382 2580 5449 tute
2599 5374 2879 5443 pellantur.
2906 5377 3029 5433 Per.

2208 5463 2365 5533 (898)
2397 5462 2692 5520 Benedictio
2721 5483 2829 5522 uva:
2867 5469 2946 5523 vel
2990 5469 3138 5540 (899)
3173 5476 3324 5542 fauce.
3351 5501 3415 5514 ——-
3445 5475 3686 5531 Benedic
3708 5517 3724 5540 ,

2134 5553 2387 5620 Domine,
2418 5556 2514 5610 hos
2543 5558 2744 5614 fructus
2780 5575 2949 5615 novos
2975 5578 3115 5630 uvas,
3152 5567 3257 5622 sive
3289 5566 3445 5633 favni,
3477 5585 3614 5639 quos
3640 5579 3722 5640 tu,

2139 5643 2388 5713 Domine,
2416 5662 2510 5716 per
2541 5664 2716 5706 rorem
2744 5653 2888 5720 coeli,
2919 5665 2970 5710 ct
2997 5655 3364 5717 inundantiam
3391 5663 3721 5737 pluviarum,

2123 5779 2547 5909 ﬁggéfrimoldi
2589 5808 2745 5862 more,
2777 5809 2882 5852 non
2922 5812 3056 5864 rore,
3088 5807 3145 5856 ut
3173 5798 3230 5856 in
3267 5800 3503 5871 vulgatis
3525 5801 3716 5864 Missa-
