4042 6350
261 344 362 404 2⁸⁷5

299 384 328 404 υ

299 384 328 404 υ

1422 339 1627 397 LIBER
1664 339 2299 399 SACRAMENTORUM.

3388 346 3497 404 234

262 469 316 517 et
342 470 571 528 tempora
606 471 797 516 serena
826 462 984 528 atque
1026 454 1309 525 tranquilla
1338 454 1405 510 ad
1456 455 1817 511 maturitatem
1844 456 2165 525 Acorporis
2198 456 2530 511 laborantem
2577 454 2814 525 placatus
2859 456 3087 529 respice,
3129 468 3186 517 et
3236 461 3391 517 visita
3435 466 3489 519 in

260 550 542 621 perducere
577 550 823 620 dignatus
859 563 939 619 es,
978 548 1044 604 ad
1078 547 1471 618 percipiendum
1509 547 1664 603 nobis
1697 562 1818 602 cum

258 645 536 715 gratiarum
595 642 811 699 actione
853 640 909 697 in
956 641 1172 698 nomine
1216 639 1425 696 Domini
1478 640 1645 696 nostri
1693 639 1820 696 Jesu

256 737 464 794 Christi.
498 737 596 805 Qui
628 746 825 793 tecum.

320 829 616 884 Benedictio
664 830 733 883 ad
778 833 972 900 fructus
1018 844 1190 884 novos.
1220 825 1546 883 —-Domine
1594 834 1819 893 sancte,

252 921 407 978 Pater
436 923 798 992 omnipotens,
838 932 1040 978 teterne
1068 922 1232 986 Deus,
1272 920 1361 990 qui
1400 920 1594 976 caelum
1625 928 1680 975 et
1707 927 1819 975 ter-

252 1026 359 1067 ram
414 1021 473 1068 et
513 1012 693 1067 omnia
748 1012 965 1081 creasti,
1013 1022 1063 1067 te
1110 1011 1375 1082 supplices
1405 1025 1715 1081 quaesumus
1762 1018 1822 1065 ut

249 1106 382 1162 hunc
423 1108 652 1163 fructum
680 1121 880 1162 novum
909 1106 1228 1162 benedicere
1254 1114 1311 1162 et
1350 1104 1689 1161 sanctiﬁcare
1729 1104 1822 1159 di-

252 1200 449 1269 gneris,
478 1208 533 1256 et
571 1198 930 1269 multiplicare
954 1197 1286 1255 abundanter
1313 1197 1659 1254 offerentibus
1700 1197 1817 1264 tibi,

251 1298 306 1345 ut
344 1290 558 1362 repleas
584 1305 770 1347 eorum
798 1290 1012 1346 cellaria
1055 1305 1175 1346 cum
1207 1289 1524 1346 fortitudine
1563 1288 1818 1345 frumenti

249 1391 300 1439 et
327 1384 465 1451 vini,
508 1393 568 1439 ut
608 1385 854 1440 laetantes
896 1384 955 1439 in
984 1383 1064 1440 eis
1102 1383 1342 1441 referant
1370 1383 1470 1443 tibi
1498 1385 1612 1443 Deo
1636 1384 1816 1442 omni-

248 1475 449 1543 potenti
477 1474 662 1529 laudes
691 1483 746 1530 et
769 1474 986 1543 gratias.
1019 1472 1142 1530 Per.
1484 1492 1487 1495 ·

310 1565 608 1621 Benedictio
659 1568 730 1621 ad
781 1567 954 1622 omnia
997 1582 1112 1636 qua:
1158 1568 1398 1623 volueris.
1434 1595 1506 1609 —
1544 1567 1814 1635 Benedic,

248 1657 490 1725 Domine,
518 1668 823 1715 creaturam
853 1659 1031 1728 istam,
1060 1669 1117 1716 ut
1152 1661 1222 1716 sit
1249 1660 1544 1717 remedium
1574 1661 1807 1717 salutare

250 1750 429 1819 generi
470 1748 736 1818 humano;
786 1757 842 1806 et
872 1760 1063 1820 praesta
1093 1766 1189 1821 per
1215 1752 1605 1809 invocationem
1653 1752 1817 1809 nomi-

1921 548 2142 605 salutari
2173 558 2284 616 tuo,
2334 562 2395 603 ac
2433 548 2665 605 caelestis
2688 557 2873 620 gratiae
2913 560 3107 621 praesta
3149 552 3487 610 medicinam.

1920 638 2044 697 Per.

1992 730 2131 787 Atia.
2154 760 2225 774 -—
2250 732 2412 798 Deus,
2444 732 2533 803 qui
2579 732 2810 789 humano
2857 736 3062 805 generi,
3108 746 3163 792 et
3191 738 3375 795 salutis
3408 754 3489 793 rc~

1922 826 2177 892 medium,
2226 836 2281 882 et
2321 828 2443 882 vitae
2485 836 2698 883 mternte
2753 844 2972 885 munera
3014 832 3309 899 contulisti,
3364 848 3486 887 cons

1921 933 2076 975 serva
2106 920 2304 975 famulo
2336 930 2424 975 tuo
2450 919 2544 975 ιιι.
2580 932 2785 976 tuarum
2816 921 2953 976 dona
2976 923 3248 993 virtutum,
3280 934 3333 980 et
3357 940 3489 979 con-

1922 1011 2055 1067 cede
2080 1020 2139 1066 ut
2182 1012 2446 1067 medelam
2478 1019 2618 1066 tuam
2656 1028 2763 1068 non
2804 1014 2977 1070 solum
3010 1014 3064 1071 in
3107 1031 3354 1088 corpore,
3395 1017 3487 1072 sed

1921 1104 2079 1161 etiam
2113 1105 2165 1159 in
2195 1104 2372 1160 anima
2410 1106 2623 1161 sentiat.
2654 1105 2776 1164 Per.

1993 1199 2131 1253 Alia.
2160 1198 2423 1254 Virtutum
2467 1199 2786 1266 caelestium,
2812 1201 2974 1269 Deus,
3004 1204 3093 1273 qui
3141 1203 3209 1259 ab
3240 1202 3485 1259 humanis

1922 1291 2233 1361 corporibus
2260 1305 2473 1347 omnem
2502 1291 2807 1361 languorem
2856 1301 2912 1349 et
2957 1309 3169 1350 omnem
3208 1295 3489 1350 infirmita-

1920 1388 2026 1436 tem
2059 1381 2309 1451 prtecepti
2337 1382 2409 1437 tui
2441 1389 2700 1451 potestate
2727 1383 2973 1453 depellis,
2998 1384 3184 1441 adesto
3226 1387 3487 1456 propitius

1920 1469 2046 1527 huic
2076 1474 2274 1529 famulo
2322 1483 2411 1529 tuo
2450 1472 2568 1541 Ill.,
2621 1483 2700 1542 ut,
2745 1475 2937 1546 fugatis
2976 1476 3393 1546 infirmitatibus,
3437 1490 3491 1534 et

1919 1563 2121 1619 viribus
2167 1568 2418 1634 receptis,
2471 1580 2666 1621 nomen
2707 1576 2949 1622 sanctum
2993 1576 3144 1623 tuum
3189 1569 3481 1628 instaurata

1918 1657 2161 1728 protinus
2182 1659 2409 1714 sanitate
2440 1658 2739 1714 benedicat.
2767 1659 2869 1714 Per
2895 1660 3176 1716 Dominum
3220 1671 3488 1716 nostrum.

1990 1748 2128 1804 Atia.
2153 1779 2225 1790 —
2255 1749 2480 1805 Domine
2502 1759 2703 1819 sancte,
2732 1750 2891 1805 Pater
2905 1751 3263 1820 omnipotens,
3286 1763 3487 1809 aeterne

247 1840 328 1895 nis
366 1840 441 1896 tui
468 1849 524 1896 ut
546 1842 848 1913 quicunque
882 1857 949 1898 ex
976 1857 1039 1899 ea
1067 1845 1361 1914 sumpserit
1389 1846 1627 1915 corporis
1663 1844 1814 1902 sani-
1843 1834 1891 1897 Β
1918 1841 2082 1909 Deus,
2114 1842 2204 1912 qui
2234 1840 2572 1911 fragilitatem
2598 1842 2920 1898 conditionis
2950 1851 3146 1899 nostrae
3172 1844 3345 1899 infusa
3372 1844 3486 1899 vir-

246 1940 404 1987 tatem
431 1939 487 1986 et
510 1932 700 1987 animae
724 1932 945 1988 tutelam
975 1934 1256 2004 percipiat.
1279 1933 1402 1991 Per.

310 2022 607 2079 Benedictio
633 2024 782 2097 (900)
810 2027 986 2099 panis.
1015 2056 1085 2068 —
1114 2027 1365 2095 Benedic,
1400 2030 1646 2098 Domine,
1667 2046 1817 2088 crea-

244 2124 420 2173 turam
452 2119 604 2174 istam
630 2120 807 2190 panis,
854 2122 994 2177 sicut
1034 2122 1355 2179 benedixisti
1384 2125 1617 2195 quinque
1652 2140 1816 2196 panes

243 2207 303 2265 in
325 2209 566 2279 deserto,
592 2219 648 2267 ut
682 2225 870 2268 omnes
893 2221 1166 2284 gustantes
1213 2228 1280 2283 ex
1308 2228 1375 2271 eo
1403 2214 1669 2285 accipiant
1706 2224 1815 2271 tam

239 2305 489 2374 corporis
518 2319 668 2376 quam
694 2305 888 2363 animae
927 2309 1228 2366 sanitatem.
1260 2308 1362 2377 Qui
1391 2308 1526 2367 vivis
1553 2321 1677 2366 cum
1705 2309 1817 2368 Deo

236 2394 397 2455 Patre
422 2397 481 2455 in
510 2401 726 2457 unitate.
1350 2400 1359 2409 ’

242 2567 249 2575 ν
558 2499 589 2530 ει
618 2491 798 2549 Oratio
835 2496 903 2549 ad
928 2494 1078 2568 (901)
1110 2496 1490 2567 capillaturam.

306 2582 463 2656 (902)
507 2584 855 2656 Omnipotens
889 2590 1219 2661 sempiterna
1254 2590 1418 2661 Deus,
1446 2590 1655 2662 respice
1694 2604 1819 2661 pro-

242 2674 398 2743 pitius
427 2691 592 2748 super
622 2678 765 2736 hunc
790 2680 1043 2738 famulum
1069 2690 1220 2739 tuum
1241 2682 1359 2750 ιιι..
1389 2698 1546 2755 quem
1577 2682 1604 2723 ι)
1629 2683 1696 2738 ad
1720 2698 1817 2738 no-

238 2779 350 2822 vam
404 2769 662 2825 tondendi
717 2772 941 2844 gratiam
993 2789 1220 2831 evocare
1264 2775 1510 2846 dignatus
1567 2791 1665 2843 es,
1722 2775 1819 2832 tri-

239 2856 402 2915 buens
442 2861 494 2916 ei
533 2862 909 2920 remissionem
965 2867 1204 2922 omnium
1253 2875 1614 2937 peccatorum,
1668 2866 1819 2940 (903)

238 2961 393 3023 atque
432 2952 741 3010 ctelestium
785 2957 1044 3016 donorum
1081 2961 1409 3017 consortium
1452 2974 1572 3018 esse
1612 2975 1815 3032 praece-

239 3050 471 3112 ptorum.
502 3045 626 3101 Per.

394 3137 570 3210 235
604 3137 786 3195 Oratio
814 3150 839 3181 °
869 3141 939 3195 ad
960 3140 1114 3214 (904)
1145 3142 1327 3199 barbas
1354 3143 1661 3201 tondendas.

1922 1932 2053 1987 tutis
2085 1942 2189 1988 tuae
2215 1932 2520 2002 dignatione
2550 1932 2855 2001 confirmas,
2888 1941 2946 1989 ut
2972 1934 3293 1990 salutaribus
3315 1950 3489 1990 reme-

1918 2026 2025 2083 diis
2052 2028 2269 2099 pietatis
2298 2037 2399 2081 tuae
2427 2041 2648 2095 corpora
2684 2034 2868 2083 nostra
2897 2036 2953 2082 et
2974 2028 3212 2084 membra
3239 2040 3490 2099 vegeteri-

1920 2132 2027 2187 tur,
2073 2136 2233 2192 super
2261 2121 2403 2177 hunc
2435 2120 2695 2176 famulum
2729 2129 2873 2176 tuum
2914 2119 3009 2176 ιιι.
3053 2122 3370 2191 propitiatus
3412 2122 3496 2178 in-

1919 2215 2118 2285 tende,
2175 2224 2252 2280 ut,
2293 2215 2438 2271 omni
2482 2214 2799 2270 necessitate
2847 2228 3120 2285 corporea:
3165 2215 3495 2271 infirmitatis

1919 2309 2154 2376 exclusa,
2178 2309 2347 2380 gratia
2376 2306 2428 2362 in
2451 2322 2517 2363 eo
2540 2307 2775 2377 pristinae
2804 2306 3048 2363 sanitatis
3078 2304 3316 2377 perfecta
3342 2321 3495 2377 repa-

1917 2408 2085 2456 retur.
2116 2400 2217 2455 Per
2244 2398 2542 2453 Dominum.

1989 2495 2186 2549 Deinde
2214 2510 2248 2547 tt
2273 2492 2534 2547 sacerdote
2563 2490 2765 2546 dicatur
2790 2490 2897 2546 [nec
2926 2487 3103 2545 Oratio
3127 2504 3150 2545 :

1990 2587 2217 2644 Domine
2242 2587 2405 2653 Deus,
2432 2586 2584 2658 (907)
2609 2587 2699 2656 qui
2731 2601 2825 2657 per
2852 2586 3121 2656 apstolum
3162 2594 3312 2640 tuum
3350 2583 3499 2641 locu-

1922 2689 2008 2740 tus
2031 2696 2091 2738 es
2119 2698 2135 2739 :
2166 2682 2492 2737 lnrtnnnun
2520 2697 2636 2746 QUIS
2663 2696 2713 2735 IN
2740 2681 2925 2736 vonts?
2952 2695 3179 2736 mnucar
3208 2694 3503 2735 rnesnvrs-

1921 2788 2018 2830 nos
2060 2789 2346 2838 eccnssm,
2374 2774 2537 2844 236
2564 2788 2631 2850 er
2658 2787 2830 2827 onem
2857 2787 3021 2828 sursn
3067 2788 3195 2836 eun,
3234 2786 3503 2827 uncenres

1922 2881 2031 2921 EUII
2074 2880 2209 2921 οι.Εο
2238 2880 2439 2921 8ΔΝΩΤο
2467 2881 2519 2919 1N
2548 2877 2745 2919 NOHINE
2775 2879 2987 2931 DOIINI;
3031 2880 3100 2919 ΕΤ
3129 2878 3324 2919 ORATIO
3358 2879 3505 2919 FIDE!

1922 2974 2177 3015 SALVABIT
2206 2973 2479 3022 INFIRHUH,
2513 2972 2579 3011 ΕΤ
2615 2971 2907 3010 ΑιιενΑΒιτ
2936 2971 3042 3010 ΕυΜ
3072 2969 3330 3021 DOMINUS;
3357 2970 3425 3009 ΕΤ
3455 2970 3503 3009 Sl

1925 3064 1979 3104 IN
2006 3064 2257 3106 PBCCATIS
2280 3065 2399 3115 EST,
2441 3064 2808 3105 DIMITTENTUR
2851 3064 2942 3115 El;
2984 3063 3131 3113 cura,
3172 3062 3500 3119 quaesumus,

1925 3139 2259 3211 Redemptor
2296 3148 2502 3210 noster,
2534 3141 2704 3210 gratia
2735 3138 2967 3210 Spiritus
3008 3137 3179 3196 sancti
3216 3139 3501 3210 languores

311 3223 482 3293 Deus,
509 3227 663 3298 cujus
690 3229 885 3299 spiritu
907 3241 1151 3289 creatura
1177 3234 1355 3291 omnis
1382 3235 1561 3292 adulta
1587 3248 1819 3305 congau-
1846 3225 1891 3290 C
1926 3230 2081 3288 istius
2122 3232 2340 3301 infirmi,
2373 3240 2429 3287 et
2469 3246 2567 3287 sua
2598 3245 2726 3287 sana
2757 3232 2997 3299 vulnera,
3043 3231 3263 3301 ejusque
3292 3231 3501 3287 dimitte

240 3314 344 3385 det,
394 3320 599 3376 exaudi
655 3336 843 3393 preces
897 3335 1109 3383 nostras
1151 3341 1313 3397 super
1366 3327 1507 3385 hunc
1564 3328 1817 3383 famulum

243 3415 385 3465 tuum
419 3408 520 3465 ιιι.
540 3412 766 3483 juvenili
803 3424 959 3472 aetate
996 3417 1191 3475 decore
1219 3418 1512 3487 laetantem,
1550 3428 1605 3476 et
1630 3418 1819 3490 primis

238 3504 519 3573 auspiciis,
571 3504 639 3559 ad
679 3507 1040 3580 tondendum,
1090 3510 1317 3583 exaudi,
1358 3511 1604 3582 Domine,
1653 3521 1714 3567 ut
1763 3513 1820 3569 in

240 3595 491 3649 omnibus
520 3597 870 3665 protectionis
891 3607 995 3655 tute
1028 3602 1262 3657 munitus
1292 3602 1515 3671 auxilio,
1542 3602 1819 3660 ctelestem

242 3681 675 3744 benedictionem
714 3690 961 3761 accipiat,
993 3701 1050 3749 et
1092 3694 1372 3764 praesentis
1396 3696 1518 3752 vita
1558 3695 1821 3768 prasidi

240 3777 467 3844 gaudeat
510 3787 565 3834 et
592 3789 825 3838 aeternae.
856 3781 980 3840 Per.

488 3871 667 3927 Oratio
694 3875 762 3927 ad
790 3873 945 3944 (905)
969 3877 1230 3947 inﬁrmum
1258 3882 1572 3954 ungendum.

235 3962 245 3997 ε
306 3962 516 4033 lnungo
547 3972 602 4019 te
622 3964 692 4021 de
729 3965 851 4021 oleo
877 3977 1088 4037 sancto,
1126 3970 1266 4026 sicut
1289 3974 1441 4029 unxit
1471 3974 1691 4032 Samuel
1716 3976 1823 4031 Da-

238 4052 324 4106 vid
347 4055 399 4109 in
430 4070 615 4126 regem
640 4067 695 4113 et
716 4061 1056 4130 prophetam.
1075 4061 1331 4134 Operare,
1348 4074 1590 4124 creatura
1617 4068 1744 4137 olei,
1767 4070 1823 4126 in

241 4147 460 4203 nomine
486 4147 663 4205 Patris
691 4153 1091 4222 omnipotentis,
1125 4166 1181 4212 ut
1206 4172 1312 4214 non
1338 4158 1503 4217 lateat
1522 4161 1633 4217 illic
1660 4161 1823 4232 spiri-

238 4243 321 4293 tus
358 4240 694 4310 immundus,
729 4259 904 4315 neque
941 4246 996 4302 in
1041 4249 1297 4306 membris
1344 4251 1508 4321 illius,
1539 4268 1716 4325 neque
1769 4256 1821 4310 in

241 4332 515 4399 medullis,
546 4348 725 4406 neque
753 4336 805 4391 in
836 4336 939 4393 ulla
960 4341 1276 4411 compagine
1300 4344 1664 4399 membrorum
1691 4360 1706 4411 ;
1731 4344 1827 4400 sed

244 4420 296 4475 in
323 4431 376 4479 te
416 4426 625 4482 habitet
648 4428 819 4485 virtus
845 4428 1041 4487 Christi
1069 4431 1344 4501 altissimi,
1372 4442 1425 4491 et
1454 4434 1685 4506 Spiritus
1706 4450 1829 4493 san-

241 4513 330 4567 cti.
356 4516 461 4571 Per
488 4519 760 4575 eumdem.

562 4609 744 4666 Oratio
780 4616 849 4666 ad
884 4617 1193 4675 uisitandum
1230 4620 1511 4691 inﬁrmum.

313 4698 471 4771 (906)
493 4700 661 4771 Deus,
694 4706 781 4774 qui
811 4705 1010 4762 famulo
1037 4716 1124 4762 tuo
1146 4708 1389 4765 Ezechiae
1413 4720 1495 4767 ter
1519 4712 1710 4783 quinos
1735 4728 1833 4768 an-

246 4801 345 4844 nos
380 4792 450 4847 ad
480 4794 648 4848 vitam
674 4794 909 4869 donasti,
946 4800 1019 4855 ita
1062 4808 1117 4856 et
1145 4800 1401 4857 famulum
1444 4812 1591 4859 tuum
1620 4805 1772 4861 illum
1800 4820 1831 4859 a

248 4876 388 4937 lecto
408 4885 743 4955 aegritudinis
771 4894 861 4943 tua
887 4891 1127 4960 potentia
1149 4892 1320 4962 erigat
1343 4893 1410 4948 ad
1429 4894 1677 4950 salutem.
1704 4896 1828 4953 Per.

316 4975 461 5031 Alia.
496 5005 564 5018 -—
593 4976 844 5049 Respice,
898 4981 1146 5051 Domine,
1191 4984 1442 5040 famulum
1476 4994 1623 5042 tuum
1669 4990 1721 5044 in
1758 4988 1834 5043 in-

246 5063 502 5124 ﬁmitate
530 5071 615 5126 sui
642 5075 888 5144 corporis
911 5074 1270 5148 laborantem,
1303 5087 1358 5135 et
1384 5081 1617 5137 animam
1647 5082 1833 5138 refove

246 5173 410 5227 quam
459 5166 680 5236 creasti,
716 5179 796 5237 ut,
837 5171 1277 5242 castigationibus
1314 5175 1622 5245 emundata,
1658 5176 1833 5233 conti-

250 5263 354 5305 nuo
382 5268 444 5308 se
471 5256 670 5312 sentiat
703 5266 789 5315 tua
818 5262 1082 5319 medicina
1108 5265 1391 5322 salvatum.
1423 5266 1549 5326 Per.

320 5345 463 5399 Atia.
492 5377 566 5390 —-
595 5352 755 5419 Deus,
787 5353 878 5423 qui
901 5354 1123 5414 factura:
1154 5368 1257 5415 tute
1293 5361 1383 5430 pio
1420 5375 1635 5432 semper
1662 5362 1837 5419 domi-

250 5435 403 5487 naris
440 5437 652 5511 affectu,
693 5443 896 5502 inclina
946 5463 1129 5506 aurem
1175 5460 1316 5507 tuam
1357 5454 1836 5526 supplicationibus

250 5530 475 5597 nostris,
504 5542 560 5589 et
573 5534 830 5595 famulum
865 5548 1012 5598 tuum
1043 5541 1134 5598 ιιι.
1160 5558 1232 5600 ex
1267 5543 1492 5603 adversa
1525 5548 1835 5605 valetudine

249 5696 576 5821 οτδίξίὲξιθιη
623 5702 815 5775 legitur
843 5704 898 5762 in
947 5705 1093 5765 Edit.
1134 5707 1359 5776 Pamel.,
1393 5706 1490 5766 sed
1517 5708 1675 5779 longe
1721 5707 1831 5765 alio

237 5837 245 5873 τ
325 5835 354 5874 δ
380 5836 444 5890 1n
469 5837 596 5895 Cod.
622 5847 753 5913 Reg.
783 5848 969 5918 Suec.,
999 5852 1069 5905 ad
1095 5869 1292 5910 comam
1315 5851 1560 5910 tondendi
1590 5854 1829 5921 gratiam.

549 5934 816 5996 ΡΑτιιυι.
860 5942 1205 6008 LXXVI”.

1927 3335 2170 3397 peccata,
2212 3336 2371 3396 atque
2408 3324 2624 3381 dolores
2668 3333 2891 3380 cunctos
2928 3323 3110 3379 cordis
3151 3332 3207 3381 et
3254 3323 3499 3394 corporis

1923 3423 2154 3495 expelle,
2179 3422 2497 3493 plenamque
2522 3423 2571 3480 ei
2593 3421 2816 3479 interius
2844 3422 3185 3495 exteriusque
3211 3424 3497 3481 sanitatem

1927 3514 2348 3571 misericorditer
2394 3514 2582 3583 redde,
2612 3522 2687 3581 ut,
2721 3528 2823 3584 ope
2864 3513 3249 3571 misericordiae
3277 3524 3379 3571 tuae
3413 3530 3501 3572 re-

1926 3608 2143 3663 stitutus
2172 3615 2226 3663 et
2244 3616 2483 3675 sanatus,
2511 3606 2578 3663 ad
2600 3606 2825 3677 pristina
2852 3606 3062 3676 pietatis
3091 3615 3194 3664 tuae
3220 3615 3500 3680 reparetur

1928 3697 2127 3755 ofﬁcia.
2161 3698 2284 3755 Per.

1997 3790 2069 3847 Et
2093 3791 2166 3846 sic
2199 3791 2352 3862 (908)
2382 3792 2556 3862 ﬂectat
2585 3806 2718 3863 genu
2760 3791 2835 3859 uel
2864 3806 3030 3864 genua
3072 3792 3160 3860 qui
3186 3800 3261 3846 est
3289 3790 3498 3865 langui-

1926 3883 2045 3948 dus,
2076 3892 2125 3937 et
2148 3890 2240 3937 stet
2277 3883 2345 3937 ad
2384 3883 2644 3939 dexteram
2684 3883 2979 3949 sacerdotis,
3026 3889 3074 3937 et
3097 3883 3173 3939 sic
3209 3883 3503 3939 decantetur

1925 3974 2036 4032 hac
2063 3977 2354 4047 Antiphona
2383 3964 2407 4032 :0

2000 4068 2256 4125 Dominus
2284 4068 2433 4139 (909)
2464 4067 2671 4124 locutus
2698 4075 2781 4124 est
2813 4065 3090 4136 discipulis
3118 4066 3268 4123 suis:
3301 4065 3358 4122 lu
3398 4081 3500 4123 uo-

1928 4174 2055 4216 ἊΙΝΕ
2078 4176 2185 4217 MEO
2221 4176 2472 4217 DEIONIA
2502 4175 2740 4228 εδιοιτες
2773 4176 2842 4215 ET
2870 4175 3033 4215 SUPER
3061 4174 3305 4217 ωιιιωοε
3330 4174 3502 4216 ιΑΝυε

1929 4269 2159 4310 ves'rnss
2200 4268 2472 4325 mronrrs,
2525 4269 2595 4309 er
2643 4270 2778 4309 neas
2817 4268 3118 4309 uenenum.
3166 4250 3312 4308 Psal.
3364 4253 3505 4308 Deus

1932 4345 2166 4400 Deorum
2189 4344 2446 4402 Dominus
2475 4346 2684 4403 locutus
2714 4355 2819 4403 est.
2848 4342 2917 4400 Et
2940 4345 3119 4417 repetit
3142 4360 3163 4400 :
3191 4343 3249 4401 ln
3278 4343 3503 4415 (nomine

1931 4450 2075 4504 meo,
2105 4446 2201 4492 etc.

2008 4527 2254 4599 Sequitur
2310 4527 2507 4583 Oratio.
2542 4556 2612 4570 -
2647 4528 2874 4585 Oremus
2931 4526 3213 4583 Dominum
3263 4534 3504 4583 nostrum

1853 4618 2114 4683 DJesum
2154 4621 2447 4689 Christum,
2479 4631 2534 4677 et
2576 4637 2701 4677 cum
2741 4619 2888 4677 omni
2926 4621 3313 4691 supplicatione
3356 4632 3511 4687 roge-

1934 4730 2072 4781 mus,
2105 4725 2161 4770 ut
2194 4716 2335 4769 hunc
2367 4714 2623 4771 famulum
2663 4729 2817 4770 suum
2862 4713 2957 4769 ιιι.
2990 4728 3084 4783 per
3111 4714 3357 4783 angelum
3387 4726 3511 4767 san-

1936 4818 2081 4863 ctum
2106 4822 2260 4863 suum
2290 4806 2530 4875 visitare,
2549 4806 2822 4862 ltetilicare
2844 4814 2898 4862 et
2916 4804 3222 4862 confortare
3241 4805 3515 4878 dignetur.

2009 4899 2254 4970 Sequitur
2299 4900 2617 4970 Antiphona.
2655 4929 2728 4941 —
2755 4899 3055 4966 Succurre,
3114 4898 3339 4955 Domine
3363 4941 3379 4965 ,
3434 4899 3517 4953 in-

1936 4990 2096 5047 firmo
2119 4992 2221 5047 isto
2249 4989 2339 5045 Ill.
2386 5000 2440 5046 et
2477 4991 2685 5048 medica
2724 5006 2848 5048 eum
2876 4991 3102 5063 spiritali
3141 4990 3519 5056 medicamine,

1939 5091 2019 5151 ut,
2046 5086 2103 5139 in
2133 5083 2353 5152 pristina
2385 5085 2612 5140 sanitate
2638 5086 2939 5150 restitutus,
2966 5086 3257 5155 gratiarum
3287 5084 3383 5139 tibi
3424 5098 3514 5137 sa-

1940 5191 2041 5231 nus
2068 5176 2263 5231 referat
2301 5176 2557 5232 actiones.
2605 5174 2755 5232 Psal.
2782 5177 2934 5250 (910)
2957 5177 3039 5232 Ad
3080 5177 3362 5232 Dominum
3394 5187 3515 5227 cum

1941 5270 2246 5326 tribularer.
2284 5270 2533 5341 Sequitur
2557 5272 2664 5326 alia
2699 5270 2823 5327 Ant.
2856 5272 3024 5339 Sana,
3074 5271 3320 5335 Domine,
3367 5266 3517 5321 infir-

1942 5379 2090 5420 mum
2132 5364 2313 5431 istum,
2345 5365 2498 5434 cujus
2520 5379 2641 5422 ossa
2669 5365 2878 5422 turbata
2899 5376 3043 5435 sunt,
3076 5373 3130 5420 et
3155 5361 3307 5431 cujus
3340 5358 3517 5413 anima

1944 5454 2155 5510 turbata
2194 5461 2276 5509 est
2323 5454 2511 5521 valde;
2537 5455 2634 5511 sed
2665 5463 2743 5524 tu,
2793 5454 3041 5518 Domine,
3085 5457 3418 5513 convertere,
3467 5454 3520 5499 et

1944 5561 2075 5603 sana
2102 5562 2245 5618 eum,
2278 5553 2334 5604 et
2358 5548 2509 5619 eripe
2542 5549 2776 5604 animam
2821 5549 2959 5619 ejus.
2991 5543 3138 5600 Pent.
3172 5539 3419 5608 Domine,
3450 5551 3519 5592 ne

2017 5718 2039 5747 ε
2069 5709 2249 5763 Exstat
2285 5710 2338 5763 in
2368 5717 2477 5764 vel.
2518 5709 2667 5764 Sacr.
2697 5707 2834 5764 Gall.
2883 5702 3176 5760 Benedictio
3206 5715 3361 5769 super
3396 5715 3511 5753 eum

1943 5781 2031 5845 qui
2052 5780 2104 5833 in
2137 5778 2368 5834 Ecclesia
2406 5781 2639 5850 primitus
2677 5779 2935 5843 tondetur,
2965 5775 3118 5845 cujus
3145 5787 3335 5830 sensus
3364 5771 3511 5825 idem

1943 5852 2056 5908 fere
2078 5864 2157 5910 eSt
2186 5867 2251 5907 ac
2277 5852 2429 5922 hujus
2454 5850 2741 5906 Orationis.
