4042 6350
301 306 393 384 237
1456 331 1659 389 usus
1700 332 2341 397 SACRAMENTORUM.

3444 354 3557 420 258

305 454 397 499 tem
434 439 643 497 caelesti
682 447 929 513 protegas
973 440 1235 511 benignus
1280 442 1498 511 auxilio,
1551 454 1604 500 et
1651 446 1861 501 assidua
1893 452 1945 513 Α
1969 447 2049 503 dis
2081 458 2183 504 tum
2214 450 2485 507 oll‘erimus
2528 451 2813 523 Majestati,
2853 465 2911 514 ut
2954 474 3049 530 per
3089 462 3203 521 haec
3232 478 3415 525 sancta
3460 486 3552 530 su.

306 531 615 603 protectione
655 546 968 601 conserves,
1002 540 1059 588 ut
1100 533 1193 589 tibi
1225 534 1423 605 jugiter
1467 534 1774 609 famuletur,
1815 548 1870 597 et

301 627 438 681 nullis
464 625 853 681 tentationibus
880 640 909 681 a
939 635 991 682 te
1020 637 1320 698 separetur.
1348 629 1473 686 Per.

363 716 524 789 Super
551 715 746 771 oblata.
774 745 847 758 -—
875 716 1068 789 Hujus,
1111 718 1354 788 Domine,
1394 737 1721 793 quaesumus,
1748 726 1870 783 vir-

300 818 399 864 tute
444 807 684 881 mysterii
729 817 784 865 et
829 824 859 864 a
890 811 1120 881 propriis
1163 826 1261 867 nos
1301 814 1498 869 munda
1539 816 1771 886 delictis,
1816 828 1871 875 et

301 901 540 958 famulum
580 912 732 957 tuum
778 900 871 959 Ill.
920 903 990 961 ab
1046 904 1293 962 omnibus
1346 905 1563 964 absolve
1608 908 1862 979 peccatis.

300 994 407 1051 Per.

360 1085 435 1140 Ad
462 1085 854 1159 Complcndum.
877 1116 948 1130 —--
973 1089 1264 1147 Puriﬁcent
1293 1107 1409 1159 nos,
1435 1092 1686 1163 Domine,
1726 1111 1871 1166 quae-

298 1191 499 1243 sumus,
553 1190 893 1237 sacramenta
936 1199 1057 1253 quae
1107 1186 1455 1255 sumpsimus,
1510 1197 1564 1244 et
1611 1189 1866 1246 famulum

298 1280 433 1327 tuum
472 1269 569 1326 ιιι.
616 1272 687 1327 ab
728 1275 879 1329 omni
916 1275 1078 1346 culpa
1121 1277 1351 1333 liberum
1376 1294 1498 1335 esse
1522 1283 1778 1350 concede,
1811 1290 1873 1339 ut

295 1363 405 1434 quia
433 1364 777 1419 conscientia:
808 1375 957 1421 reatu
986 1370 1390 1441 constringitur,
1422 1373 1661 1430 caelestis
1688 1391 1867 1432 reme-

294 1455 361 1512 dii
381 1446 708 1528 plenitudine
730 1459 1007 1528 glorietur.
1041 1461 1166 1518 Per.

691 1550 857 1607 Missa
885 1555 1118 1623 specialis
1148 1559 1448 1614 sacerdotis.

360 1642 461 1700 Fac
489 1657 601 1709 me,
625 1657 836 1716 quaso,
866 1648 1209 1717 autﬁpoteus
1243 1650 1407 1719 Deus,
1439 1651 1514 1706 ita
1538 1649 1745 1723 iustitia
1777 1652 1873 1708 in-

297 1736 401 1802 dui,
436 1736 583 1791 utin
629 1746 936 1793 sanctorum
992 1747 1205 1796 tuorum
1256 1757 1467 1799 merear
1514 1746 1871 1802 exsultatione

1971 553 2155 609 pernae
2202 542 2588 600 benedictionis
2627 548 2848 616 gratiam
2881 551 3175 625 obtineant,
3225 566 3281 614 et
3321 560 3547 631 gloriam

1971 641 2188 688 aeterna:
2217 634 2561 692 beatitudinis
2590 642 2887 710 acquirant.
2922 643 3044 700 Per.
3516 641 3524 649 ’

2044 726 2125 778 Ad
2146 725 2531 796 Complendum.
2555 760 2625 772 —-
2648 732 2835 788 Divina
2856 736 3079 793 libantes
3103 740 3379 811 mysteria,
3407 759 3554 815 quae-

1971 832 2177 886 sumus,
2219 821 2463 893 Domine,
2517 835 2575 881 ut
2614 824 2735 882 haec
2778 829 3032 887 salutaria
3074 847 3413 893 sacramenta
3441 839 3547 895 illis

1970 912 2249 982 proﬁciant
2276 916 2345 970 ad
2388 921 2793 987 prosperitatem
2824 934 2880 978 et
2921 940 3130 996 pacem,
3180 943 3281 998 pro
3323 945 3550 1001 quorum

1972 1004 2255 1063 dilectione
2303 1007 2420 1065 haec
2472 1018 2577 1066 tua:
2619 1012 2907 1072 obtulimus
2955 1017 3242 1089 Majestati.
3296 1020 3399 1078 Per
3443 1023 3551 1078 Do-

1971 1112 2194 1152 mtuum.

2356 1170 2519 1227 Missa
2542 1182 2568 1212 α
2591 1176 2889 1246 quotidiana
2916 1197 3008 1250 pro
3036 1198 3171 1253 rege.

2046 1257 2200 1331 (924)
2239 1260 2580 1332 Quaesumus,
2626 1270 2967 1339 omnipotens
3012 1273 3172 1342 Deus,
3223 1282 3282 1329 ut
3321 1273 3555 1331 famulus

1982 1360 2102 1407 tuus
2129 1350 2247 1421 111.,
2296 1357 2388 1423 qui
2418 1367 2504 1412 tua
2536 1360 2879 1417 miseratione
2918 1366 3151 1434 suscepit
3177 1368 3327 1435 regni
3355 1367 3553 1439 guber—

1975 1445 2185 1515 nacula,
2238 1446 2495 1503 virtutum
2538 1452 2696 1506 etiam
2740 1452 2895 1526 (925)
2921 1458 3159 1512 omnium
3188 1461 3450 1530 percipiat
3474 1461 3554 1515 in-

1973 1552 2282 1610 crementa,
2333 1544 2521 1614 quibus
2576 1546 2830 1604 decenter
2882 1561 3137 1619 ornatus,
3196 1562 3251 1608 et
3304 1555 3555 1610 vitiorum

1974 1643 2218 1690 monstra
2260 1635 2522 1703 devitarc,
2554 1648 2607 1694 et
2635 1639 2702 1694 ad
2743 1649 2817 1708 te,
2869 1643 2960 1711 qui
3007 1644 3116 1715 via,
3156 1645 3353 1701 veritas
3374 1656 3431 1702 et
3452 1647 3561 1701 vita

1974 1740 2055 1795 es,
2090 1729 2356 1799 gratiosus
2382 1732 2554 1787 valeat
2583 1736 2883 1802 pervenire.
2919 1736 3038 1792 Per.

295 1826 470 1898 laetari,
510 1837 798 1899 quatenus,
859 1831 1179 1888 emundatus
1223 1834 1290 1890 ab
1330 1835 1580 1891 omnibus
1623 1838 1865 1893 sordibus

2048 1822 2219 1893 Super
2266 1825 2457 1880 oblata.
2490 1856 2559 1867 —-
2589 1828 2805 1885 Munera
2834 1873 2847 1896 ,
2903 1831 3127 1887 Domine
3150 1874 3166 1901 ,
3217 1849 3557 1904 quasumus,

290 1928 645 1989 peccatorum,
677 1923 1009 1977 consortium
1043 1924 1310 1995 adipiscar
1334 1926 1657 1996 placentium
1686 1944 1867 1983 sacer-

288 2011 485 2079 dotum,
508 2026 701 2082 meque
722 2022 811 2068 tua
833 2013 1203 2071 misericordia
1223 2031 1252 2071 a
1274 2016 1415 2072 vitiis
1437 2018 1686 2074 omnibus
1709 2028 1869 2076 exuat

285 2118 439 2174 quem
466 2112 646 2159 reatus
675 2105 906 2175 propriae
934 2108 1277 2163 conscientiae
1306 2118 1513 2179 gravat.
1540 2109 1663 2165 Per.

358 2195 532 2267 Super
560 2198 742 2252 oblata.
768 2227 839 2239 —
866 2199 1035 2267 Deus,
1074 2202 1162 2271 qui
1194 2209 1247 2255 te
1276 2202 1522 2272 praecipis
1550 2217 1579 2256 a
1611 2211 1862 2271 peccato-

282 2289 433 2347 ribus
477 2292 702 2359 exorari,
738 2292 942 2363 tibique
988 2294 1311 2349 sacriﬁcium
1337 2295 1553 2350 contriti
1582 2296 1757 2350 cordis
1787 2295 1869 2350 of-

283 2384 425 2451 ferri,
461 2384 564 2441 hoc
590 2384 932 2455 sacriﬁcium,
975 2387 1117 2457 quod
1160 2387 1392 2457 indignis
1444 2389 1690 2444 manibus
1730 2388 1868 2447 meis

282 2475 469 2545 oﬁ‘ero,
514 2486 797 2548 acceptare
836 2478 1081 2550 dignare,
1123 2491 1183 2535 ut
1212 2489 1268 2535 et
1299 2478 1419 2550 ipse
1449 2479 1545 2534 tibi
1577 2480 1770 2549 hostia,
1813 2489 1869 2537 et

278 2564 595 2622 sacriﬁcium
624 2583 747 2624 esse
776 2583 1004 2637 merear,
1040 2571 1325 2626 miseratus
1348 2570 1608 2641 concede,
1638 2586 1745 2642 quo
1770 2585 1869 2641 per

280 2659 557 2716 ministerii
610 2661 774 2734 hujus
828 2663 991 2734 239
1040 2663 1472 2733 exhibitionem,
1524 2673 1867 2735 peccatorum

279 2755 508 2809 omnium
532 2758 830 2827 percipiam
863 2758 1253 2815 remissionem.
1290 2760 1407 2816 Per.

343 2846 422 2901 Ad
466 2845 963 2919 Complendum.—
992 2850 1160 2921 Hujus
1199 2851 1349 2919 mihi,
1400 2852 1645 2921 Domine,
1690 2866 1871 2908 sacra-

275 2940 438 2995 menti
470 2942 754 3012 perceptio
780 2943 849 2997 sit
870 2952 1211 3013 peccatorum
1244 2944 1523 3012 remissio,
1555 2953 1613 3000 et
1633 2952 1737 3000 ture
1757 2946 1871 3015 pie-

273 3033 396 3087 tatis
435 3043 624 3103 optata
674 3035 1003 3107 propitiatio,
1047 3045 1108 3093 ut
1148 3052 1241 3107 per
1286 3037 1423 3103 hate,
1452 3045 1508 3093 te
1538 3038 1862 3108 opitulante,

269 3123 478 3179 efﬁciar
520 3127 693 3183 sacris
730 3128 1001 3200 mysteriis
1042 3128 1254 3200 dignus,
1299 3144 1420 3200 quae
1456 3130 1525 3187 de
1552 3138 1643 3186 tua
1670 3130 1869 3201 pietate

271 3218 507 3276 conﬁsus
537 3217 883 3292 frequentare
912 3237 1177 3292 praesumo
1199 3222 1470 3294 indignus.
1504 3222 1626 3278 Per.

670 3313 837 3369 Missa
882 3331 978 3385 pro
1017 3315 1183 3371 salute
1223 3317 1471 3372 uirorum.

364 3403 675 3472 Praetende,
719 3406 967 3475 Domine,
996 3409 1419 3466 misericordiam
1471 3418 1619 3465 tuam
1657 3410 1866 3467 famulis

260 3501 317 3548 et
379 3494 689 3553 famulabus
737 3499 843 3555 tuis
894 3498 989 3554 Iit.
1038 3501 1317 3558 dexteram
1362 3501 1601 3558 ccclesiis
1655 3504 1861 3573 auxilii,

262 3602 324 3647 ut
361 3603 419 3648 te
463 3600 580 3649 toto
627 3592 790 3650 corde
831 3595 1158 3666 perquirunt,
1212 3607 1265 3653 et
1303 3612 1421 3668 qua:
1467 3598 1628 3669 digna
1672 3611 1871 3669 postu-

262 3683 383 3738 lant
421 3692 802 3754 assequuntur,
849 3696 907 3742 et
936 3686 1207 3743 medelam
1254 3697 1398 3743 tuam
1443 3704 1548 3744 non
1587 3688 1760 3745 solum
1810 3689 1866 3745 in

261 3792 520 3847 corpore,
550 3779 646 3835 sed
670 3779 835 3835 etiam
866 3782 922 3837 in
949 3781 1123 3837 anima
1150 3781 1404 3839 sentiant.
1441 3783 1563 3839 Per.

321 3869 505 3942 Super
516 3872 1105 3945 obtata.—Propitiare,
1126 3876 1370 3943 Domine,
1386 3875 1867 3947 supplicationibus

265 3964 503 4029 nostris,
545 3973 603 4020 et
630 3965 731 4021 bas
755 3966 1056 4023 oblationes
1085 3967 1414 4025 famulorum
1445 3970 1868 4042 famularumque

255 4062 505 4129 tuarum,
539 4074 677 4131 quas
702 4060 797 4117 tibi
824 4076 922 4133 pro
946 4063 1312 4120 incolumitate
1339 4079 1524 4120 eorum
1555 4065 1860 4131 olierimus,

252 4148 537 4224 benignus
582 4170 827 4225 assume;
877 4166 932 4214 et
972 4167 1031 4214 ut
1079 4160 1275 4216 nullius
1315 4160 1385 4216 sit
1422 4162 1630 4217 irritum
1657 4171 1863 4229 votum,

259 4245 473 4301 nullius
494 4262 667 4304 vacua
688 4250 1000 4320 postulatio,
1031 4259 1247 4321 praesta,
1278 4267 1604 4324 quaesumus,
1636 4262 1697 4308 ut
1722 4253 1864 4322 quod

257 4334 513 4395 ﬁdeliter
542 4342 773 4410 petimus
806 4343 1098 4400 efﬁcaciter
1120 4359 1535 4416 consequamur.
1568 4346 1690 4399 Per.

328 4430 422 4483 Ad
453 4431 857 4503 Complendum.
884 4466 957 4478 —
981 4436 1058 4491 Da
1090 4438 1303 4492 famulis
1336 4448 1389 4492 et
1410 4438 1707 4492 lamulabus
1735 4437 1859 4505 tuis,

254 4533 608 4595 unum”,
642 4527 895 4598 Domine,
938 4530 995 4585 in
1041 4540 1127 4585 tua
1161 4530 1265 4587 ﬁde
1304 4542 1357 4586 et
1395 4529 1700 4587 sinceritate
1729 4546 1861 4586 cou-

1972 1919 2151 1975 oblata
2200 1922 2500 1989 sanctiﬁca,
2532 1934 2589 1978 ut
2615 1935 2668 1980 et
2697 1926 2852 1981 nobis
2886 1926 3153 1999 Unigeniti
3186 1930 3259 1984 tui
3288 1944 3481 2001 corpus
3504 1940 3564 1986 et

1971 2012 2188 2082 sanguis
2211 2013 2361 2084 ﬁant,
2391 2020 2444 2069 et
2476 2014 2623 2086 (926)
2647 2013 2745 2070 Ill.
2770 2017 2883 2086 regi
2903 2018 2971 2072 ad
3000 2018 3343 2075 obtinendam
3365 2021 3561 2076 animae

1972 2105 2317 2174 corporisque
2364 2106 2610 2175 salutem,
2665 2116 2721 2163 et
2771 2108 2925 2181 (927)
2976 2112 3336 2182 peragendum
3380 2113 3563 2183 injun-

1971 2205 2115 2251 ctum
2140 2197 2404 2272 ofﬁcium,
2432 2200 2597 2272 2&0
2628 2212 2683 2258 te
2711 2203 2990 2273 largiente,
3023 2221 3404 2277 usquequaque
3425 2222 3555 2278 pro-

1973 2289 2175 2347 ﬁciant.
2207 2293 2309 2349 Per
2339 2295 2645 2350 Dominum.

2044 2384 2129 2437 Ad
2175 2383 2571 2457 Comptendum.
2599 2388 2845 2456 —liaec,
2895 2389 3145 2458 Domine,
3198 2389 3349 2462 (928)
3395 2393 3567 2449 oratio

1972 2476 2223 2533 salutaris
2252 2478 2509 2533 famulum
2542 2486 2688 2534 tuum
2728 2478 2823 2535 Ill.
2855 2481 2925 2538 ab
2952 2482 3204 2539 omnibus
3232 2492 3444 2539 tueatur
3473 2484 3569 2539 ad-

1972 2570 2165 2637 versis,
2191 2579 2455 2639 quatenus
2480 2579 2536 2626 et
2563 2572 2945 2629 ecclesiastica:
2983 2574 3129 2645 pacis
3156 2574 3397 2632 obtineat
3423 2585 3569 2631 tran-

1971 2660 2316 2731 quillitatem,
2371 2670 2426 2716 et
2472 2670 2594 2731 post
2644 2662 2795 2719 istius
2848 2664 3106 2734 temporis
3158 2663 3445 2723 decursum
3497 2665 3566 2722 ad

1971 2762 2230 2811 aeternam
2254 2755 2533 2826 perveniat
2564 2755 2959 2813 hmreditatem.
2991 2758 3115 2815 Per.

2526 2847 2693 2903 Missa
2719 2866 2812 2919 pro
2842 2866 2988 2918 pace.

2047 2938 2210 3005 Deus,
2262 2954 2290 2993 a
2338 2952 2444 3009 quo
2493 2949 2683 2995 sancta
2733 2940 3020 3009 desideria,
3062 2950 3208 2997 recta
3238 2942 3483 3009 consilia,
3512 2953 3570 2999 et

1969 3029 2116 3101 justa
2149 3040 2275 3087 sunt
2304 3047 2487 3103 opera,
2528 3034 2591 3088 da
2624 3033 2795 3089 servis
2830 3035 2933 3090 tuis
2972 3034 3118 3091 illam
3146 3051 3302 3107 quam
3335 3037 3566 3094 mundus

1977 3123 2107 3181 dare
2142 3141 2251 3180 non
2284 3133 2463 3197 potest
2492 3141 2703 3197 pacem,
2733 3135 2793 3181 ut
2821 3136 2874 3183 et
2902 3126 3063 3183 corda
3092 3137 3272 3184 nostra
3304 3129 3568 3185 mandatis

1895 3216 1943 3282 C
1977 3222 2080 3277 tuis
2109 3219 2311 3289 dedita,
2360 3229 2435 3289 et,
2478 3220 2716 3277 hostium
2748 3220 2957 3277 sublata
2986 3221 3294 3294 formidine,
3324 3232 3566 3293 tempora

1973 3313 2083 3369 sint
2111 3322 2197 3368 tua
2231 3314 2564 3383 prmectione
2596 3314 2898 3386 tranquilla.
2930 3312 3054 3371 Per.

2046 3403 2217 3474 Super
2250 3406 2441 3461 oblata.
2464 3436 2534 3448 —
2558 3406 2719 3476 Deus,
2752 3404 2844 3475 qui
2878 3404 3157 3462 credentes
3201 3405 3254 3462 in
3299 3414 3354 3463 te
3395 3422 3567 3479 popu-

1973 3496 2055 3552 los
2085 3498 2246 3553 nullis
2278 3498 2410 3555 sinis
2436 3501 2650 3555 concuti
2683 3499 2999 3569 terroribus,
3044 3499 3263 3571 dignare
3292 3509 3347 3557 et
3377 3516 3564 3571 preces

1971 3598 2025 3645 et
2060 3590 2275 3647 Hostias
2304 3592 2495 3647 dicatae
2528 3590 2625 3648 tibi
2656 3591 2825 3662 plebis
2865 3592 3154 3663 suscipere,
3206 3601 3260 3649 ut
3300 3608 3424 3664 pax,
3476 3602 3565 3650 tua

1973 3681 2175 3752 pietate
2236 3697 2537 3753 concessa,
2591 3682 3021 3740 Christianorum
3079 3684 3215 3741 ﬁnes
3280 3684 3349 3742 ob
3411 3687 3561 3741 omni

1976 3772 2133 3830 hoste
2174 3774 2335 3830 faciat
2373 3789 2492 3830 esse
2519 3788 2762 3831 securos.

2043 3874 2126 3928 Ad
2154 3874 2546 3945 Complendum.
2571 3904 2641 3914 —
2663 3874 2823 3939 Deus,
2855 3883 3042 3930 auctor
3072 3874 3217 3944 pacis
3246 3882 3302 3930 et
3329 3883 3563 3940 amator,

1972 3984 2132 4040 quem
2167 3983 2327 4024 nosse
2351 3968 2555 4033 vivere,
2588 3967 2676 4022 cui
2705 3967 2916 4022 servire
2949 3980 3177 4036 regnare
3207 3979 3311 4035 εει,
3346 3975 3563 4038 protege

1972 4063 2040 4118 ab
2080 4062 2334 4118 omnibus
2383 4061 2875 4133 impugnationibus
2917 4059 3185 4133 supplices
3215 4068 3356 4127 tuos,
3389 4068 3445 4116 ut
3474 4062 3563 4132 qui

1971 4156 2025 4210 in
2076 4154 2394 4211 defensione
2444 4164 2531 4211 tua
2585 4152 2945 4222 conﬁdimus,
3005 4153 3200 4211 nullius
3256 4152 3563 4211 hostilitatis

1971 4259 2121 4300 arma
2147 4246 2452 4301 timeamus.
2484 4244 2606 4300 Per.

2280 4338 2333 4391 Μ
2342 4340 2439 4393 issa
2460 4355 2551 4409 pro
2575 4354 2875 4410 quacunque
2897 4339 3243 4407 tribulatione.

2044 4430 2372 4490 ineffabilem
2422 4435 2844 4490 misericordiam
2892 4445 3057 4504 tuam,
3108 4434 3363 4502 Domine,
3406 4434 3560 4491 nobis

1967 4526 2263 4582 clementer
2288 4529 2535 4598 ostende,
2565 4537 2623 4583 ut
2644 4526 2804 4583 simul
2837 4544 2935 4585 nos
2964 4537 3019 4586 et
3048 4544 3073 4581 η
3105 4530 3338 4600 peccatis
3366 4544 3553 4601 exuas,
3614 4520 3619 4533 ’

257 4619 558 4684 “aliam,
580 4627 665 4685 ut,
686 4622 738 4675 in
761 4623 1025 4679 charitate
1054 4624 1235 4680 divina
1256 4626 1471 4691 ﬁrmati,
1505 4626 1663 4681 nullis
1694 4634 1861 4681 tenta—
1886 4604 1941 4666 Ῑ)
1968 4628 2024 4675 et
2053 4636 2081 4675 a
2114 4621 2288 4690 poenis
2314 4636 2449 4691 quas
2480 4636 2577 4691 pro
2608 4622 2693 4676 his
2724 4637 2990 4678 meremur
3020 4623 3235 4693 eripias.
3266 4622 3388 4679 Per.

254 4708 508 4767 tionibus
539 4713 609 4768 ab
642 4713 758 4784 ejus
784 4716 1087 4786 integritate
1118 4720 1403 4776 vellantur.
1428 4719 1550 4774 Per.

738 4807 900 4863 Missa
921 4826 1013 4879 pro
1035 4810 1392 4881 {antiliaribus.

332 4895 505 4966 Deus,
547 4897 641 4971 qui
679 4900 960 4958 cbaritatis
1001 4902 1141 4958 dona
1171 4918 1263 4972 per
1293 4904 1516 4973 gratiam
1547 4902 1714 4958 sancti
1744 4902 1860 4971 Spi-

254 4986 401 5044 ritus
445 5000 662 5048 tuorum
693 4994 949 5051 cordibus
982 4995 1217 5050 ﬁdelium
1251 4995 1513 5062 infudisti,
1551 4995 1616 5049 da
1649 4994 1865 5051 famulis

255 5081 391 5150 ιιιίε,
427 5100 527 5155 pro
554 5087 750 5158 quibus
790 5098 933 5144 tuam
965 5090 1321 5160 deprecamur
1371 5089 1735 5154 clementiam,
1777 5103 1864 5143 sa-

258 5170 436 5232 lutem
465 5182 662 5236 mentis
701 5191 755 5236 et
783 5184 1047 5251 corporis,
1078 5192 1135 5238 ut
1166 5190 1218 5239 te
1250 5191 1359 5239 tota
1390 5183 1588 5238 virtute
1616 5182 1861 5252 diligant,

255 5271 317 5317 el
354 5283 482 5339 quae
524 5271 621 5327 tibi
664 5272 859 5344 placita
900 5284 1027 5330 sunt
1072 5283 1182 5332 tota
1224 5273 1516 5333 dilectione
1565 5274 1859 5347 perﬁciant.

259 5354 389 5413 Per.

337 5449 518 5523 Super
571 5455 765 5512 oblata.
813 5487 884 5499 —
927 5456 1214 5530 Miserere,
1261 5475 1590 5533 quaesumus,
1641 5460 1867 5515 Domine

258 5539 434 5616 Deus,
476 5547 692 5605 famulis
742 5550 867 5620 tuis,
915 5566 1014 5622 pro
1053 5553 1247 5623 quibus
1276 5555 1375 5611 hoc
1403 5555 1723 5612 sacriﬁcium
1747 5553 1867 5608 lau-

255 5692 457 5739 nncto
504 5684 695 5760 Petro;
736 5688 803 5744 de
842 5700 1029 5747 sancto
1069 5690 1340 5760 Stephano
1369 5710 1383 5759 ;
1417 5693 1482 5748 de
1516 5704 1695 5748 sancta
1723 5706 1848 5745 cru-

257 5762 346 5834 ?8.
377 5764 509 5821 δίε-ς
566 5756 735 5834 Elissa
777 5776 924 5834 spec.
981 5756 1313 5831 sacerdotis;
1370 5756 1467 5834 pro
1498 5764 1670 5821 salute
1699 5765 1851 5819 vivo-

259 5833 380 5874 rum
400 5862 418 5889 ,
450 5840 550 5895 pro
575 5827 946 5901 familiaribus.
981 5849 1080 5905 pro
1104 5849 1253 5909 rege,
1284 5827 1391 5892 etc;

2043 4710 2214 4780 Super
2253 4712 2448 4765 oblata.
2491 4741 2563 4753 --
2594 4712 2848 4768 Puriﬁcet
2875 4729 2999 4777 nos,
3045 4713 3289 4782 Domine,
3339 4729 3557 4784 quazsu-

1971 4818 2114 4870 mus,
2164 4804 2405 4859 muneris
2462 4806 2741 4874 praesentis
2794 4805 3017 4873 oblatio,
3071 4814 3126 4862 et
3178 4806 3373 4878 dignos
3398 4823 3553 4864 sacra

1970 4895 2385 4966 participatione
2407 4895 2668 4965 perﬁciat.
2703 4897 2825 4952 Per.

2041 4990 2124 5042 Ad
2169 4987 2565 5059 Compteudum.
2594 5019 2666 5031 --
2690 4990 2911 5058 Praesta,
2949 4992 3195 5062 Domine,
3227 5009 3555 5063 quasnmus,

1970 5088 2067 5145 ut,
2135 5080 2364 5137 terrenis
2419 5080 2699 5137 aﬁectibus
2757 5083 2996 5153 expiati,
3047 5086 3113 5139 ad
3170 5085 3391 5155 superni
3446 5086 3557 5156 ple-

1963 5170 2258 5229 nitudinem
2306 5175 2652 5245 sacramenti,
2697 5175 2848 5247 cujus
2882 5177 3166 5236 libavimus
3191 5188 3401 5247 sancta,
3430 5188 3549 5236 ten-

1962 5264 2175 5320 damus.
2207 5264 2333 5321 Per.

2483 5356 2650 5414 Misso
2677 5376 2772 5431 pro
2790 5361 3037 5431 inﬁrmis.

2038 5450 2391 5520 Omnipotens
2437 5454 2764 5523 sempiterno
2811 5454 2972 5523 Deus,
3016 5455 3163 5511 salus
3202 5463 3404 5511 aeterm
3431 5467 3553 5511 cre-

1968 5547 2237 5614 dentium,
2263 5546 2453 5604 exaudi
2497 5561 2599 5603 nos
2642 5564 2743 5619 pro
2786 5549 3005 5608 iamuiis
3047 5550 3155 5606 tuis
3196 5547 3320 5618 ιιι..
3356 5549 3552 5622 quibus

2030 5692 2057 5721 ἰ
2084 5681 2144 5738 In
2181 5690 2286 5739 vet.
2341 5683 2558 5741 Sacram
2609 5682 2800 5741 Gallic.
2831 5683 3061 5742 habetur
3089 5680 3252 5741 Missa
3280 5698 3379 5758 pro
3402 5682 3553 5759 priu-

1956 5754 2091 5829 cipe.
