4042 6350
498 408 501 411 λ
517 434 626 501 ‘239

1126 418 1472 486 APPENDIX
1510 416 1602 478 AD
1640 416 1699 475 S.
1740 399 2067 470 GREGORII
2106 403 2325 465 MAGNI
2362 406 2493 463 LIB.
2533 386 3161 461 SACRAMENTORUM.

3689 368 3788 432 940

522 558 903 626 misericordia:
947 562 1049 610 tua)
1092 550 1442 620 imploramus
1470 541 1747 602 auxilium,
1792 545 1849 590 ut
1894 528 2105 589 reddita
2132 533 2188 593 Α
2218 526 2473 598 periculis
2516 520 2825 586 metuimus,
2868 516 2937 571 de
2965 523 3151 570 eorum
3185 502 3357 563 salute
3386 499 3654 558 laetemur.
3691 495 3790 553 Per

522 664 623 721 sibi
656 659 906 719 sanitate,
939 649 1233 721 gratiarum
1264 642 1361 699 tibi
1392 642 1447 698 in
1475 635 1713 693 Ecclesia
1743 641 1831 687 tua
1862 625 2108 685 referant
2210 622 2521 678 Dominum.

520 759 809 816 actionem.
836 751 938 806 Per
968 743 1275 801 Dominum.

587 893 768 961 _Super
790 886 984 941 oblata.
1014 913 1083 923 -—
1110 881 1270 943 Deus,
1303 875 1401 931 sub
1430 872 1583 943 cujus
1613 868 1834 926 nutibus
1865 864 1987 920 vita:
2016 873 2112 917 no-

524 997 654 1041 stra:
687 988 958 1038 momenta
985 978 1299 1040 decurrunt,
1331 967 1544 1035 suscipe
1579 977 1765 1034 preces
1807 967 1862 1016 et
1903 954 2115 1012 Hostias

526 1076 849 1131 famulorum
883 1081 1120 1134 tuorum,
1167 1081 1263 1134 pro
1299 1062 1492 1133 quibus
1534 1052 1916 1128 mgrotantibus
1955 1046 2119 1102 mise-

529 1168 779 1223 ricordia:
814 1175 917 1221 tua:
950 1161 1299 1232 imploramus
1341 1151 1619 1214 auxilium,
1670 1155 1729 1202 ut
1775 1145 1843 1199 de
1891 1151 2119 1212 quorum

2285 712 2365 767 Ad
2414 706 2807 779 Complendnm.
2855 729 2929 745 —-
2976 697 3139 766 Deus,
3187 689 3509 749 inﬁrmitatis
3555 685 3798 741 humana:

2215 806 2484 879 singulare
2539 800 2888 872 praesidium,
2958 790 3140 848 auxilii
3198 787 3273 843 tui
3334 796 3495 853 super
3563 778 3802 833 inﬁrmos

2219 910 2437 957 nostros
2482 892 2711 951 ostende
2739 891 3016 953 virtutem,
3049 891 3127 950 ut,
3158 896 3259 949 ope
3289 870 3673 933 misericordiae
3707 879 3805 923 tuae

2222 990 2416 1061 adjuti,
2468 983 2722 1040 Ecclesia
2767 989 2871 1034 tute
2917 982 3117 1032 sancta:
3153 965 3532 1040 repraesentari
3567 975 3807 1018 merean-

2223 1093 2333 1139 tur.
2365 1081 2467 1136 Per
2496 1077 2783 1133 Dominum
2813 1079 3056 1127 nostrum
3084 1065 3269 1123 Jesum
3302 1060 3573 1118 Christum
3615 1052 3821 1109 Filium'

2227 1186 2400 1232 tuum.

528 1283 3807 1385 μ’

1820 1460 2538 1586 APPENDIX

538 1715 696 1801 AD
771 1702 1237 1796 LIBRUM
1338 1674 2434 1782 SACRAMENTORUM
2534 1670 2623 1756 S.
2708 1648 3313 1752 GREGOBII
3383 1647 3806 1737 MAGNI.

1084 1882 1311 1943 VETUS
1349 1876 1575 1935 MISSA.

807 2029 880 2083 Ex
907 2025 1087 2077 Codice
1108 2017 1301 2071 Ratoldi
1327 2014 1516 2065 abbatis
1537 2004 1870 2061 Corbeiensis.

862 2130 1130 2194 Dominica
1156 2126 1211 2181 in
1234 2124 1318 2179 die
1344 2127 1521 2177 sancto
1553 2113 1793 2170 Pascitur.

610 2270 765 2343 241
814 2266 995 2321 Primo
1027 2272 1298 2331 antequam
1334 2256 1600 2325 episcOpus
1645 2246 1863 2303 Missam
1902 2239 2136 2305 celebret,
2170 2260 2217 2320 Β

543 2330 865 2434 ing-redietur
912 2330 1172 2425 quoddam
1221 2346 1523 2410 oratorium,
1567 2349 1615 2395 et
1642 2335 1922 2393 secundum
1972 2330 2141 2387 cordis

544 2449 987 2521 compunctionem
1024 2445 1245 2514 seipsum
1270 2436 1510 2494 libamine
1530 2431 1776 2490 orationis
1803 2427 1912 2483 Deo
1937 2424 2140 2494 offerat.

546 2544 700 2599 Dicat
752 2542 882 2595 hanc
931 2538 1214 2593 orationem
1261 2548 1279 2587 :

616 2660 714 2715 Via
743 2655 894 2729 (929)
925 2660 1232 2710 sanctorum
1262 2645 1503 2703 omnium
1528 2640 1658 2699 Jesu
1686 2638 1925 2703 Christe,
1956 2633 2047 2705 qui
2077 2632 2145 2687 ad

547 2763 605 2811 te
622 2750 962 2809 venientibus
981 2742 1247 2802 claritatis
1267 2737 1521 2811 gaudium
1541 2731 1842 2795 contulisﬁ,
1865 2726 2146 2784 introitum

556 2845 746 2915 templi
789 2843 979 2909 istius,
1009 2836 1239 2907 Spiritus
1273 2828 1444 2889 sancti
1465 2828 1585 2883 luce
1616 2821 1900 2895 perfunde,
1932 2817 2023 2889 qui
2055 2816 2149 2869 lo-

553 2957 677 2997 cum
706 2940 866 2995 istum
892 2942 1198 2991 sanctorum
1216 2937 1443 3007 tuorum
1494 2932 1791 2991 martyrum
1822 2912 2037 2970 nomine
2066 2906 2151 2962 vel

552 3032 813 3102 sanguine
840 3022 1172 3084 consecrasti
1205 3003 1223 3074 ε’
1252 3025 1476 3090 praesta,
1525 3022 1860 3083 quaesumus,
1893 3003 2153 3071 omnipo—

555 3138 673 3183 tens
691 3126 851 3189 Deus,
872 3130 931 3177 ut
954 3130 1145 3174 omnes
1162 3113 1313 3186 (950)
1336 3111 1426 3167 isti
1450 3102 1846 3164 intercedentes
1869 3096 2151 3152 obtineant

554 3222 765 3276 veniam
791 3231 890 3287 pro
921 3212 1153 3277 delictis,
1177 3207 1247 3264 ab
1274 3202 1527 3261 omnibus
1556 3198 1851 3253 liberentur
1866 3188 2154 3259 angustiis,

555 3283 847 3381 impetrent
876 3302 1138 3377 quidquid
1168 3296 1421 3371 petierint
1446 3307 1546 3365 pro
1574 3285 1989 3345 necessitatibus
2016 3283 2153 3345 suis,

556 3409 774 3478 placere
796 3415 1012 3471 semper
1039 3394 1368 3470 praevaleant
1394 3403 1575 3445 coram
1607 3382 1779 3441 oculis
1804 3381 1936 3445 tuis,
1958 3382 2158 3447 quate-

560 3512 684 3566 nus,
715 3512 812 3568 per
840 3502 896 3550 te
925 3501 980 3548 et
1009 3505 1108 3562 per
1158 3494 1407 3543 sanctum
1455 3481 1675 3537 Petrum
1734 3472 1958 3529 militem
2005 3476 2156 3522 tuum

562 3594 775 3658 muniti,
808 3600 1115 3646 mereamur
1142 3582 1317 3637 aulam
1344 3574 1578 3649 paradisi
1610 3570 1859 3626 introire.
1896 3565 2019 3620 Per.

635 3651 787 3742 Hora
811 3698 928 3738 vero
976 3678 1078 3733 diei
1122 3675 1275 3731 tertia
1329 3667 1480 3742 (951)
1514 3681 1661 3719 arma
1711 3661 1809 3716 sibi
1857 3651 2238 3727 deferanturc

564 3777 927 3842 sacerdotalia,
951 3788 1065 3846 qua:
1110 3768 1287 3823 induet
1315 3772 1459 3819 extra
1482 3760 1695 3814 chorum
1740 3752 1963 3808 sinistra:
1993 3748 2158 3819 partis

564 3878 621 3932 in
642 3878 757 3930 loco
779 3868 932 3945 (952)
962 3864 1247 3922 secretarii.
1281 3859 1421 3914 Dum
1443 3852 1697 3910 introierit
1722 3851 1777 3905 in
1802 3844 2160 3908 secretarium,

566 3970 705 4023 dicat
737 3966 870 4020 hanc
900 3959 1201 4016 Orationem
1235 3969 1256 4010 :

639 4078 992 4148 Omnipotens
1022 4081 1077 4129 et
1104 4067 1417 4125 misericors
1472 4063 1633 4125 Deus,
1683 4055 1776 4128 qui
1820 4049 2167 4108 sacerdotum

571 4169 895 4236 ministerio,
929 4167 995 4221 ad
1027 4164 1122 4220 tibi
1169 4158 1513 4217 serviendum
1543 4164 1598 4210 et
1647 4146 2062 4220 supplicandum
2094 4141 2172 4196 uti

572 4261 836 4333 dignaris,
864 4269 1171 4329 quaesumus
1204 4254 1524 4309 immensam
1568 4241 1909 4302 clementiam
1940 4248 2084 4293 tuam
2116 4243 2175 4289 ut

577 4329 840 4429 quidquid
862 4351 1022 4408 modo
1047 4350 1332 4404 visitamus
1363 4345 1575 4410 visites,
1613 4336 1871 4409 quidquid
1902 4329 2175 4389 benedici-

581 4469 704 4511 mus
730 4449 1043 4515 benedicas,
1074 4446 1250 4515 sitque
1270 4441 1338 4497 ad
1370 4448 1571 4494 nostrte
1601 4433 1923 4490 humilitatis
1975 4426 2179 4483 introi-

582 4559 720 4612 tum,
764 4549 1071 4598 sanctorum
1124 4544 1335 4588 tuorum
1385 4529 1614 4593 meritis,
1666 4524 1788 4595 fuga
1844 4522 2176 4584 dazmonum,

586 4637 768 4709 angeli
794 4635 940 4706 pacis
968 4632 1264 4701 ingressus.
1302 4625 1425 4680 Per.

656 4753 839 4809 Primo
864 4748 1070 4821 quidem
1098 4741 1248 4813 (9'55)
1279 4739 1509 4793 minister
1531 4734 1730 4803 deferat
1752 4729 1965 4800 caligas,
2010 4743 2175 4797 usque

583 4851 650 4905 ad
663 4863 796 4919 genu
808 4817 1086 4904 tendentes,
1105 4844 1150 4891 et
1165 4834 1302 4888 dicat
1321 4850 1334 4885 :
1351 4830 1430 4887 Tu
1446 4828 1690 4890 Domine,
1705 4833 1976 4895 optamus,
1989 4817 2181 4889 iubeas

587 4940 898 5000 benedicier
924 4947 1133 4993 omnes.
1160 4926 1451 4998 Respondet
1472 4924 1741 4993 episcopus
1772 4933 1790 4971 :

662 5034 854 5090 Totius
910 5022 1212 5084 honestatis
1272 5029 1459 5075 auctor
1508 5012 1852 5081 omnipotens
1898 5007 2063 5069 Deus,
2112 5002 2180 5057 ad

594 5123 966 5199 reprimendas
1017 5115 1224 5187 antiqui
1280 5112 1451 5169 hostis
1495 5106 1786 5172 vcrsutias,
1842 5116 1938 5172 per
1987 5105 2184 5153 nostrae

596 5195 874 5280 servitutis
906 5211 1224 5286 mysterium
1265 5208 1443 5281 lforte,
1496 5197 1877 5268 ministerium]
1901 5195 2030 5266 jube
2058 5207 2186 5248 san-

593 5313 819 5371 etiﬁcari
875 5284 979 5364 has
1019 5304 1239 5375 caligas,
1286 5308 1346 5354 ut
1389 5306 1444 5353 et
1493 5296 1545 5350 in
1599 5308 1791 5363 gressu
1850 5284 2191 5357 resplendeat

597 5402 870 5478 Evangelii
899 5398 1121 5464 veritas,
1171 5404 1227 5451 et
1252 5400 1432 5449 mente
1462 5387 1590 5445 ﬁdei
1616 5391 1932 5443 exerceatur
1960 5378 2191 5449 integri-

594 5511 700 5558 tas.
726 5501 831 5556 Per
858 5493 1060 5552 omnia.

669 5611 872 5671 Deinde
886 5608 1116 5665 minister
1133 5603 1218 5658 det
1234 5599 1382 5675 (954)
1402 5593 1659 5663 sandalia,
1674 5599 1724 5648 et
1748 5588 1909 5655 dicat,
1927 5592 1985 5641 ut
2006 5596 2192 5652 supra.

603 5705 900 5778 Respondet
916 5703 1181 5773 episcopus
1202 5711 1221 5751 :

679 5771 846 5855 Indue
876 5771 985 5864 me,
1009 5771 1256 5859 Domine,
1306 5784 1688 5844 calceamentis
1732 5778 1979 5853 justitiaz,
2032 5771 2196 5845 242

603 5906 760 5964 quem
785 5863 1020 5945 Joannes
1048 5885 1182 5941 vidit
1209 5883 1458 5939 vestitum
1512 5880 1730 5949 podere,
1757 5885 1813 5930 ut
1845 5870 2045 5944 possim
2103 5863 2197 5919 tibi

603 5982 1005 6053 omnitempore
1026 5995 1145 6037 cum
1178 5980 1368 6034 timore
1398 5978 1622 6033 servire.
1652 5974 1748 6027 Per
1777 5965 1978 6025 omnia.

2307 1833 2438 1889 Post
2468 1830 2576 1885 lucc
2605 1843 2721 1882 vero
2750 1831 2894 1879 ornet
2923 1838 2975 1877 se
2999 1819 3193 1875 cteteris
3238 1809 3567 1874 indumentis,
3597 1815 3647 1861 et
3678 1801 3829 1858 mini-

2235 1938 2340 1985 ster
2366 1924 2689 1980 administret
2721 1914 2868 1990 (955)
2894 1908 3310 1985 superhumerale
3330 1948 3345 1972 ,
3380 1912 3427 1959 et
3449 1904 3586 1958 dicat
3614 1917 3629 1955 :
3671 1897 3830 1979 Jube,

2241 2020 2487 2083 Domine,
2517 2014 2863 2072 benedicere.
2898 2007 3192 2076 Respondet
3218 2001 3493 2069 episcopus
3522 2010 3541 2049 :

2312 2110 2496 2167 Virtus
2518 2120 2724 2162 summa
2745 2103 2905 2167 Deus,
2934 2106 3247 2155 cunctorum
3264 2102 3442 2148 rector
3457 2087 3690 2157 opimus,

2313 2204 2398 2261 Tu
2435 2200 2666 2260 benedic
2702 2204 2984 2262 nostrum,
3026 2205 3133 2262 quo
3174 2200 3315 2243 nunc
3353 2194 3642 2244 ornamur,
3685 2174 3830 2230 ami-

3619 2267 3834 2343 ῃωωε

2321 2392 2393 2449 Ut
2414 2389 2622 2447 servire
2648 2384 2746 2442 tibi
2774 2381 3053 2439 valeamus
3072 2373 3238 2434 corde
3263 2367 3477 2443 pudico.

2322 2487 2428 2543 Per
2462 2481 2664 2539 omnia.

2326 2577 2517 2633 Postea
2542 2572 2795 2627 ministret
2816 2567 2862 2624 ei
2892 2565 3063 2620 albam
3093 2558 3245 2632 (956)
3277 2565 3325 2613 et
3352 2556 3510 2623 dicat,
3543 2560 3597 2605 ut
3625 2562 3806 2618 supra.

2326 2668 2580 2726 Vestibus
2601 2661 2857 2732 angelicis
2880 2657 3073 2721 induti,
3102 2653 3217 2708 Rex
3238 2648 3488 2721 pietatis;

2324 2762 2601 2821 Possimus
2622 2758 2789 2815 libare
2819 2754 2889 2824 pii
2913 2752 3146 2807 libamen
3175 2743 3381 2810 odoris,

2328 2856 2583 2913 Clemens
2610 2860 2666 2909 et
2697 2862 2871 2920 pravae
2917 2858 3113 2916 purges
3138 2837 3383 2908 contagia
3414 2832 3631 2890 mentis.

2330 2952 2409 3007 Ac
2438 2948 2595 3005 citius
2619 2942 2852 3001 delenda
2879 2936 3030 3013 (9‘57)
3066 2933 3224 2991 mala:
3257 2928 3499 3000 contagia
3526 2921 3750 2982 mentis.

2331 3046 2435 3101 Per
2454 3041 2656 3098 omnia.

2332 3138 2521 3193 Postea
2567 3133 2819 3189 ministret
2870 3126 2917 3184 ei
2962 3119 3115 3199 (958)
3159 3118 3442 3194 cingulum,
3492 3121 3541 3169 et
3592 3111 3758 3180 dicat,
3805 3111 3856 3159 ut

2262 3250 2443 3304 supra.
2904 3264 2909 3265 ν

2334 3328 2617 3384 Scrutator
2640 3317 2842 3385 cordis,
2875 3324 2931 3372 et
2959 3320 3123 3370 castae
3150 3304 3345 3364 mentis
3371 3309 3600 3366 amator,

2335 3422 2417 3478 Tu
2440 3418 2651 3474 lumbos
2677 3411 2947 3485 praecinge
2971 3419 3143 3470 meos,
3164 3402 3303 3458 Deus
3325 3398 3511 3453 intime
3528 3389 3719 3463 iudex,

2335 3511 2659 3573 Mortiﬁcans
2690 3518 2882 3578 pravos
2908 3503 2963 3559 in
2988 3508 3139 3556 casto
3166 3506 3393 3565 corpore
3422 3495 3626 3560 gestus.

2344 3609 2448 3665 Per
2468 3605 2669 3661 omnia.

2344 3704 2532 3757 Postea
2556 3698 2705 3753 detur
2726 3694 2771 3749 ei
2794 3691 3013 3747 balteum
3034 3684 3183 3760 (959)
3217 3678 3499 3754 pudicitiae,
3521 3680 3569 3730 et
3590 3671 3737 3727 dicat
3758 3667 3853 3723 mi-

2269 3800 2538 3863 nister,'ut
2567 3807 2749 3863 supra.
2779 3783 3073 3857 Respondet
3098 3780 3363 3851 episcopus
3386 3789 3406 3829 :

2346 3861 2497 3958 ltogo
2523 3895 2596 3949 te,
2625 3861 2892 3938 altissime
2918 3877 3059 3932 Deus
3087 3871 3343 3934 Sabaoth,
3376 3866 3534 3921 Pater
3564 3865 3777 3923 sancte,
3815 3861 3869 3909 ut

2274 3996 2362 4038 me
2384 3979 2649 4049 castigare
2694 3972 2949 4043 digneris,
3005 3966 3311 4035 accingere,
3350 3967 3406 4016 et
3451 3967 3601 4013 meos
3656 3950 3873 4007 lumbos

2278 4076 2458 4131 balteo
2493 4072 2569 4127 tui
2601 4069 2809 4125 timoris
2837 4061 3065 4125 ambire,
3100 4074 3165 4113 ac
3193 4068 3349 4111 renes
3376 4048 3554 4106 cordis
3602 4044 3712 4101 mei
3770 4050 3871 4095 tua:

2280 4165 2558 4224 cbaritatis
2586 4164 2709 4233 igne
2738 4172 2915 4223 urere,
2974 4162 3034 4209 ut
3077 4165 3175 4222 pro
3219 4145 3453 4219 peccatis
3482 4140 3616 4198 meis
3670 4132 3873 4206 possim

2281 4255 2639 4319 intercedere,
2675 4261 2731 4308 et
2764 4247 2990 4305 astantis
3045 4240 3229 4315 populi
3272 4245 3613 4310 peccatorum
3658 4226 3877 4282 veniam

2282 4348 2617 4423 promereri,
2642 4359 2705 4401 ac
2718 4341 2968 4416 paciﬁcas
2996 4334 3329 4407 singulorum
3346 4326 3551 4386 hostias
3568 4319 3877 4379 immolare.

2286 4446 2412 4501 Per.

2360 4560 2494 4615 Tum
2516 4557 2747 4611 minister
2774 4550 2952 4619 eﬂ'erat
2997 4547 3044 4602 ei
3076 4543 3265 4599 stolam
3298 4530 3666 4611 jucunditatis,
3699 4531 3885 4597 gerens

2286 4657 2441 4711 vitam
2491 4650 2705 4722 gemina:
2743 4638 3210 4712 contemplationis.
3262 4630 3335 4688 Et
3381 4630 3517 4685 dicat
3544 4667 3561 4692 ,
3594 4632 3651 4679 ut
3699 4633 3883 4690 supra.

2290 4745 2579 4819 Respondet
2612 4742 2879 4813 episcopus
2915 4753 2927 4789 :

2361 4864 2511 4921 Colla
2530 4860 2658 4932 jugo
2682 4849 2958 4913 subdeuda
2979 4858 3091 4915 tuo,
3121 4844 3264 4899 Deus
3290 4839 3455 4901 alme,
3478 4840 3709 4895 sacrato,

2300 4976 2306 4987 '
2362 4960 2444 5017 Ad
2468 4930 2620 5025 cujus
2642 4953 2860 5023 dignum
2890 4945 3123 5016 pretiosa
3150 4946 3320 4994 morte
3340 4930 3666 5002 sepulcrum,

2209 5053 2268 5116 D
2358 5021 2550 5109 Virtus
2574 5021 2813 5119 angelica
2843 5038 3167 5100 consederat
3194 5029 3387 5089 ordine
3419 5021 3642 5083 mundo.

2365 5146 2469 5202 Per
2500 5142 2698 5199 omnia.

2365 5264 2527 5336 2&3
2569 5260 2739 5331 Super
2764 5257 2873 5310 lucc
2896 5253 3065 5321 itaque
3092 5244 3416 5301 ministretur
3456 5235 3501 5289 ei
3532 5225 3682 5300 (940)
3712 5221 3898 5278 tunica

2295 5314 2662 5434 θῶς-(991).
2705 5353 2757 5405 in
2815 5314 3137 5402 tintinabulis
3174 5333 3330 5411 (942)
3360 5330 3536 5387 mirice
3801 5314 3903 5434 sgi-

2296 5405 2466 5524 ii’ﬁce)
2493 5405 2706 5521 i'efecla,
2740 5452 2788 5499 et
2816 5442 2957 5497 dicat
2991 5405 3244 5500 minister,
3291 5435 3347 5483 ut
3385 5436 3568 5493 supra.
3603 5405 3906 5481 Respondet

2305 5548 2577 5620 episcopus
2607 5557 2627 5597 :

2379 5657 2664 5719 Sanctiﬁca
2707 5653 2940 5710 tunicam
2981 5659 3083 5720 qua
3115 5655 3257 5699 nunc
3302 5628 3684 5705 superinduor,
3718 5619 3908 5677 istam,

2381 5755 2733 5823 Omnipotens
2766 5758 2966 5802 aeterne
3000 5744 3163 5806 Deus,
3191 5736 3308 5791 sine
3337 5727 3553 5786 numine
3582 5716 3741 5787 cujus

2384 5853 2468 5908 Nil
2503 5850 2734 5904 humana
2763 5842 2905 5898 valet
2926 5836 3105 5895 devoti
3129 5829 3364 5888 condere
3387 5824 3579 5878 virtus.

2389 5943 2457 5997 Et
2483 5940 2569 6011 qni
2600 5952 2685 5993 me
2716 5936 2883 5991 sacris
2905 5920 3381 5986 voluistivcstl‘ius
3411 5910 3508 5978 uti,
