4042 6350
314 395 413 453 2H

312 549 321 557 -
392 516 465 569 Da
491 510 698 568 servire
721 506 836 577 tibi,
862 508 1022 581 judex
1049 510 1156 581 pie,
1182 514 1360 563 mente
1390 502 1555 559 lideli.

388 607 491 661 Per
510 603 717 659 omnia.

385 699 588 753 Deinde
635 697 951 751 ministretur
1003 697 1049 751 ei
1076 711 1212 768 aqua
1251 693 1319 748 ad
1372 706 1577 757 manus,
1638 694 1685 742 et
1733 695 1911 759 pecten

320 794 384 848 ad
410 800 588 863 caput,
611 798 659 845 et
688 789 829 844 dicat
862 789 1115 854 minister,
1156 797 1211 841 ut
1240 802 1417 858 supra.
1467 781 1759 854 Respondet
1797 781 1910 853 epi-

322 903 499 941 δεουιιε
520 900 540 939 ἔ

374 903 547 1013 (mgni
557 964 748 1027 potens
763 963 818 1013 et
840 952 1149 1010 misericors
1168 952 1330 1016 Deus,
1350 965 1541 1021 precor
1563 945 1907 1004 clementiam

323 1059 483 1115 tuam,
511 1056 571 1103 ut
600 1063 687 1103 me
709 1047 983 1103 audaciter
1005 1044 1350 1101 accedentem
1382 1057 1489 1096 non
1512 1042 1658 1095 sinas
1706 1038 1908 1109 perire,

322 1144 412 1199 sed
441 1143 669 1215 dignare
698 1142 901 1209 lavare,
952 1154 1149 1196 ornare
1179 1146 1232 1195 et
1260 1137 1453 1193 leniter
1478 1135 1774 1206 suscipere.
1804 1133 1910 1190 Per

321 1235 517 1292 omnia.

387 1327 532 1382 Tunc
566 1327 921 1382 ministrentur
946 1326 991 1380 ei
1022 1321 1172 1396 (943)
1204 1321 1434 1388 manicae,
1463 1328 1518 1375 ut
1546 1334 1728 1387 supra.

388 1421 557 1492 Digna
583 1436 775 1477 manus
799 1430 1013 1476 nostras
1038 1417 1237 1474 Christi
1265 1415 1508 1472 custodia
1533 1421 1735 1481 servet,

388 1511 455 1568 Ut
476 1522 710 1569 tractare
735 1520 937 1583 queant
982 1518 1183 1567 nostrae
1213 1515 1563 1564 monumenta
1591 1502 1799 1561 salutis.

392 1602 498 1659 Per
516 1604 723 1660 omnia.

393 1693 577 1751 Postea
611 1694 766 1767 (944)
797 1694 947 1749 detur
972 1694 1019 1749 ei
1058 1693 1287 1750 annulus
1315 1694 1371 1748 in
1398 1694 1607 1749 dextera
1633 1707 1791 1747 manu
1819 1690 1914 1745 de-

324 1802 477 1857 super
502 1787 733 1842 manica.
786 1785 937 1841 Dicat
966 1785 1240 1858 .minister,
1294 1795 1352 1841 ut
1392 1801 1574 1856 supra.
1614 1782 1913 1854 Respondet

314 1880 580 1952 episcopus
611 1895 633 1935 :

383 1973 614 2043 Pignore
641 1987 727 2030 me
757 1971 887 2030 ﬁdei
915 1973 1179 2045 signatum
1211 1973 1356 2043 pacis
1382 1980 1436 2028 et
1458 1971 1643 2040 arrha,

459 2065 680 2123 Custodi
700 2067 914 2135 dextra,
937 2062 1034 2123 rex
1055 2065 1361 2133 benedicte,
1386 2074 1495 2122 tua.

393 2158 503 2215 Per
529 2160 726 2216 omnia.

392 2247 590 2305 Postea
617 2250 927 2307 ministretur
973 2252 1019 2306 ei
1064 2250 1212 2323 (945)
1271 2249 1485 2316 casula,
1538 2248 1743 2303 tandem
1794 2265 1910 2304 vero

313 2339 477 2412 (946)
510 2341 754 2397 rationale
778 2343 1038 2399 cohaerens
1064 2342 1269 2397 vinetim
1300 2341 1485 2415 [Forte
1522 2340 1768 2412 junctim]
1815 2358 1909 2395 su-

313 2433 685 2503 perhamerali.
714 2434 783 2491 Et
810 2436 950 2491 dicat
998 2435 1250 2504 minister,
1303 2443 1360 2490 ut
1404 2447 1584 2505 supra.
1620 2432 1912 2504 Respondet

314 2526 585 2599 episcopus
608 2545 630 2585 :

400 2621 539 2692 Spes
562 2630 787 2691 aeterna,
814 2622 978 2690 Deus,
1006 2626 1322 2678 cunctorum
1354 2624 1526 2686 certa,
1557 2616 1832 2688 salusque,

384 2724 462 2780 Tu
485 2733 696 2777 memor
720 2725 838 2773 esto
860 2715 965 2771 mei
987 2722 1101 2769 toto
1128 2722 1179 2770 te
1207 2711 1370 2768 corde
1392 2710 1619 2781 petenti,

387 2819 667 2888 Exsequar
690 2821 751 2870 ut
779 2813 970 2882 dignus
989 2810 1227 2867 ctelestis
1256 2808 1435 2864 munia
1464 2807 1608 2862 vitae.

384 2911 634 2979 Dumque
672 2904 809 2961 meis
845 2902 1092 2958 manibus
1141 2908 1402 2955 tractatur
1439 2898 1663 2968 mystica
1702 2896 1908 2967 virtus,

387 3002 671 3072 Dispereat
696 2993 954 3067 quidquid
977 2998 1319 3049 contraxerat
1338 2990 1474 3046 ordo
1499 2997 1775 3046 veternus.

386 3094 490 3151 Per
513 3092 715 3148 omnia.

385 3198 653 3267 Deturque
684 3191 860 3249 manui
893 3192 1031 3246 ltevaz
1082 3186 1231 3259 (947)
1287 3186 1580 3257 manipulus
1636 3184 1911 3250 castitatis,

931 384 1275 443 APPENDIX
1318 385 1419 442 AD
1451 385 1509 441 S.
1552 380 1888 441 GllEGORll
1923 382 2139 441 MAGNI
2182 386 2312 441 LIB.
2355 382 2991 442 SACRAMENTORUM.

1937 509 1991 566 Α
2018 505 2364 576 cogitatione,
2400 505 2690 570 locutione,
2724 506 2958 571 actione,
2992 511 3152 573 atque
3188 500 3437 557 omnibus
3468 514 3603 555 scn-

3500 379 3561 434 Ξρὶ
3577 380 3607 439 3

2017 597 2168 653 sibus
2195 599 2521 667 exstinctus;
2571 601 2664 670 qui
2703 600 2966 671 justilicas
3015 599 3208 667 impios
3255 604 3311 652 et
3357 595 3601 651 viviﬁcas

2016 702 2287 759 mortuos,
2315 692 2521 747 viviﬁca
2571 708 2677 761 me,
2708 701 2764 750 et
2812 691 3072 748 resuscita
3093 705 3198 757 me,
3248 696 3304 745 et
3345 687 3608 745 miserere

2019 783 2149 849 mei,
2180 782 2321 837 Deus
2353 798 2527 839 meus.

2090 876 2356 931 Annuente
2376 880 2611 950 episcopo
2643 877 2791 951 (955)
2824 878 3099 950 incipiatur
3129 875 3371 932 Psalmus
3418 891 3452 929 a
3480 888 3607 929 can-

2020 977 2149 1039 tore,
2179 988 2297 1025 cum
2321 970 2551 1028 Introitu
2580 976 2948 1043 reciprocante.
2981 973 3133 1047 (954)
3163 971 3381 1025 Interim
3404 985 3605 1039 quoque

2018 1066 2275 1119 osculetur
2302 1082 2477 1121 onmes
2519 1067 2615 1121 sibi
2652 1066 3017 1132 circumdatos,
3070 1064 3318 1136 incipiens
3360 1062 3509 1133 (955)
3542 1060 3609 1113 si-

2019 1158 2195 1225 nistre,
2222 1158 2615 1231 alternatimque
2644 1162 2844 1215 veniens
2876 1157 3025 1232 (956)
3060 1160 3257 1213 dextre.

2094 1248 2212 1303 Hoc
2233 1258 2402 1305 autem
2432 1252 2653 1322 expleto,
2677 1251 2827 1321 (957)
2852 1252 3120 1321 episcopus
3152 1250 3298 1319 signo
3328 1248 3477 1320 digiti
3499 1246 3605 1312 sui,

2018 1342 2224 1398 inchoet
2264 1354 2444 1398 cantor
2466 1345 2643 1400 Gloria
2675 1344 2842 1399 Patri.
2874 1346 2938 1398 Et
2968 1354 3201 1416 properet
3233 1345 3497 1412 episcopus
3537 1342 3607 1396 ad

2020 1434 2189 1489 altare
2216 1437 2525 1504 stipantibus
2552 1438 2831 1501 ministris;
2863 1437 2999 1490 dicat
3020 1436 3153 1489 hanc
3188 1436 3485 1489 Orationem
3514 1449 3535 1488 :
3624 1478 3626 1483 ,

2094 1527 2370 1598 Indignum
2401 1529 2554 1601 (958)
2603 1545 2713 1596 me,
2748 1530 2995 1597 Domine,
3023 1530 3191 1584 sacris
3220 1530 3324 1584 tuis
3372 1543 3494 1584 esse
3521 1528 3610 1583 la-

2019 1627 2158 1690 teor,
2191 1620 2281 1691 qui
2336 1622 2630 1677 innumeris
2675 1622 2917 1692 quotidie
2970 1621 3203 1691 peccatis
3240 1621 3439 1676 fuscor.
3470 1618 3608 1687 Quid

2021 1728 2123 1785 ego
2174 1714 2388 1770 blandis
2440 1725 2515 1781 te,
2558 1715 2806 1784 Domine,
2856 1714 3037 1772 verbis
3086 1730 3274 1784 rogare
3320 1727 3608 1784 praesumo,

2020 1826 2181 1882 quem
2209 1810 2469 1882 improbis
2499 1812 2797 1882 saepissime
2846 1810 3000 1866 factis
3032 1808 3280 1865 oﬂendo?
3333 1809 3376 1863 T
3382 1823 3414 1862 ιι
3442 1807 3609 1874 enim,

1913 1916 1917 1945 τ
1945 1912 1996 1975 Β
2025 1905 2273 1973 Domine,
2305 1905 2436 1960 mihi
2471 1905 2793 1961 medicinam
2826 1904 3025 1974 ingeris
3051 1917 3218 1974 aegro,
3250 1915 3348 1971 ego
3391 1899 3610 1956 sanitati

2019 2016 2158 2056 meae
2202 2000 2469 2055 contraria
2517 2014 2649 2069 ago;
2695 1998 2869 2069 legem
2917 2006 3086 2064 tuam,
3139 1994 3387 2063 Domine,
3438 1993 3610 2048 sacris

2017 2093 2230 2164 paginis
2260 2092 2484 2148 inditam
2517 2092 2659 2164 lego,
2687 2106 2872 2147 sanam
2905 2104 3034 2146 vero
3057 2088 3393 2159 disciplinam
3422 2086 3610 2142 infelix

2020 2185 2252 2257 negligo.
2303 2185 2383 2240 Ad
2417 2193 2565 2241 tuum
2606 2184 2820 2255 quidem
2850 2184 3017 2239 altare
3046 2186 3197 2253 quasi
3228 2181 3455 2238 devotus
3507 2196 3609 2235 ac-

2016 2280 2178 2347 cedo,
2211 2279 2305 2336 sed
2336 2296 2367 2335 a
2396 2281 2688 2351 praeceptis
2723 2280 2827 2335 tuis
2857 2278 3163 2334 contumaci
3191 2276 3355 2333 corde
3386 2274 3606 2330 recedo.

2018 2369 2094 2423 Da
2123 2384 2251 2441 ergo
2275 2370 2430 2436 mihi,
2488 2370 2735 2434 Domine,
2792 2382 3000 2440 quaeso,
3054 2382 3149 2423 cor
3204 2373 3610 2436 compunctum,

2017 2462 2164 2531 quod
2194 2464 2459 2519 veraciter
2488 2464 2613 2518 odio
2640 2462 2838 2518 habeat.
2881 2467 3179 2530 peccatum.
3206 2459 3384 2515 Meum
3432 2465 3536 2523 est,
3567 2456 3616 2512 si

2021 2555 2335 2623 donaveris,
2363 2557 2556 2612 delicta
2579 2555 2811 2623 deﬂere;
2836 2563 2982 2610 tuum
3012 2560 3097 2610 est
3122 2566 3185 2608 ea
3214 2560 3271 2607 ut
3297 2552 3476 2607 nivem
3501 2550 3614 2604 cito

2020 2648 2228 2704 delere.
2262 2649 2327 2703 Et
2360 2649 2482 2704 licet
2504 2649 2739 2719 palmam
2772 2646 3047 2703 amiserim
3071 2644 3287 2701 inimico
3302 2642 3612 2710 fraudante,

2018 2743 2088 2798 ad
2116 2744 2331 2799 veniam
2360 2744 2551 2799 saltem
2583 2742 2894 2813 perveniam
2925 2750 2979 2797 te
3008 2740 3316 2796 miserante.
3349 2739 3467 2794 Tibi
3502 2736 3617 2793 Deo

2020 2845 2105 2892 est
2135 2837 2331 2904 honor,
2365 2851 2588 2907 regnum
2638 2835 2770 2905 Regi
2790 2842 3108 2889 cunctorum
3136 2840 3329 2887 cuncta
3367 2828 3616 2900 regnanti

2021 2929 2078 2985 in
2101 2932 2297 2985 saecula
2322 2931 2661 2986 saeculorum.
2695 2930 2891 2984 Amen.

2094 3022 2249 3077 Mora
2274 3025 2482 3095 quidem
2508 3023 2758 3078 orationis
2806 3023 2964 3094 facta,
3014 3020 3145 3076 sicut
3197 3018 3423 3075 ordinati
3469 3025 3613 3083 sunt,

2024 3117 2157 3172 alter
2184 3121 2487 3171 alterutrum
2512 3116 2792 3186 presbyteri
2820 3124 2867 3167 et
2895 3112 3100 3168 diaconi
3119 3110 3412 3167 osculentur
3434 3110 3614 3165 altaris

2019 3225 2237 3265 cornua.
2274 3209 2340 3264 Et
2366 3208 2575 3263 ultimus
2612 3208 2899 3279 episcOpus,
2935 3204 3341 3260 ministrantibus
3370 3202 3495 3268 illis,
3532 3217 3617 3256 os-

318 3302 365 3350 “
390 3292 527 3347 dm“
550 3288 785 3343 Μίηίδίθν
806 3302 825 3342 ³
841 3284 1001 3352 Iubet
1035 3280 1279 3349 nomine,
1309 3280 1648 3337 benedicere°
1672 3278 1913 3346 Reman"
1945 3310 1993 3374 ο
2025 3304 2223 3358 culctur
2254 3299 2589 3371 Evangelium
2635 3278 2698 3352 ab
2740 3278 2867 3369 ipsis
2924 3298 3174 3352 elevatum
3199 3305 3248 3350 et
3294 3303 3554 3365 apertum,
3577 3309 3614 3347 a

318 3383 401 3439 det
426 3382 697 3451 episcopus
731 3392 750 3432 :

384 3486 483 3556 Qui
514 3499 678 3555 super
698 3489 843 3538 astra
889 3478 1065 3547 sedes,
1093 3478 1185 3548 qui
1213 3476 1362 3547 regni
1390 3482 1594 3542 sceptra
1623 3481 1810 3541 tueris,

385 3582 655 3640 Summus
676 3578 886 3646 adesto,
918 3575 1081 3642 Deus,
1113 3573 1357 3629 mihimet
1374 3580 1463 3628 tua
1483 3572 1627 3641 iussa
1651 3567 1918 3640 sequenti,

386 3677 464 3731 Ac
496 3676 671 3730 levem
696 3671 858 3743 capiti
885 3668 1254 3738 complexibus
1274 3666 1470 3722 adhibe
1495 3666 1762 3730 dextram,

398 3761 785 3830 Auxiliumque
815 3756 947 3813 mihi
968 3756 1172 3811 tribuas
1203 3769 1297 3825 per
1322 3762 1514 3809 cuncta
1543 3752 1826 3822 benignus,

388 3853 457 3909 Ut
476 3853 689 3908 valeam
712 3858 861 3905 casta
893 3847 991 3904 tibi
1020 3848 1215 3903 sistere
1244 3844 1454 3918 perpeti
1486 3844 1615 3899 vita.

382 3944 488 4001 Per
508 3942 709 3999 omnia.

386 4059 517 4114 Cum
547 4058 687 4113 omni
730 4071 926 4128 quoque
976 4054 1243 4127 diligentia
1298 4053 1565 4123 episcOpus
1587 4056 1853 4105 veneretur
1888 4064 1922 4102 a

308 4154 443 4208 suis.
466 4151 549 4206 Eo
574 4160 747 4206 autem
765 4148 1139 4204 rationabiliter
1172 4147 1323 4216 (948)
1350 4146 1668 4215 ﬂamineato,
1695 4142 1912 4197 accedat

310 4245 604 4299 ordinatim
637 4243 801 4296 omnis
854 4241 1004 4313 (949)
1039 4239 1316 4312 processio.
1349 4254 1444 4304 vn,
1496 4248 1586 4292 aut
1618 4252 1674 4305 v,
1720 4243 1809 4289 aut
1832 4249 1914 4300 ιιι,

314 4337 472 4408 (950)
500 4336 597 4391 etsi
622 4351 724 4390 non
749 4334 1026 4405 presbyter,
1058 4342 1104 4386 et
1133 4332 1403 4386 diaconus.
1456 4328 1731 4399 Presbyter
1775 4343 1917 4394 quo-

310 4446 418 4499 que
445 4431 511 4485 ad
542 4430 778 4483 dextram
804 4436 852 4482 et
875 4427 1120 4481 diaconus
1147 4426 1216 4479 ad
1246 4426 1526 4479 sinistram.
1555 4422 1918 4479 Subdiaconus

310 4535 438 4574 vero
493 4530 616 4575 ante
640 4518 813 4573 oculos
836 4519 947 4588 ejus
976 4526 1143 4571 teneat
1165 4514 1499 4587 Evangelium
1553 4530 1572 4568 :
1620 4513 1708 4585 qui
1763 4512 1919 4567 etiam

315 4614 539 4683 stipatus
565 4614 634 4666 sit
660 4612 858 4665 duobus
892 4609 1168 4680 acolythis,
1194 4618 1283 4662 aut
1311 4607 1540 4679 pluribus
1569 4623 1685 4660 cum
1731 4605 1922 4657 cande~

2026 3393 2339 3449 subdiacono
2365 3392 2559 3447 scilicet
2605 3392 2657 3445 in
2686 3390 2867 3444 altaris
2922 3390 3090 3443 medio
3123 3387 3365 3452 positum.
3399 3384 3466 3439 Et
3497 3394 3618 3439 tunc

2028 3498 2248 3545 canatur
2274 3488 2436 3559 Kyrie
2458 3486 2683 3542 eleison.
2708 3484 2777 3540 Et
2801 3484 2927 3553 ipsis
2981 3483 3304 3549 ducentibus,
3356 3481 3618 3553 perveniat

2025 3587 2298 3656 episcOpus
2327 3583 2395 3637 ad
2434 3583 2642 3638 solium.
2692 3580 2846 3652 (959)
2874 3578 2945 3633 Et
2968 3587 3087 3633 tunc
3115 3577 3331 3645 incipiat
3352 3574 3531 3631 Gloria
3562 3575 3619 3632 in

2028 3678 2265 3734 excelsis
2294 3677 2421 3732 Deo.
2442 3675 2569 3729 Post
2589 3673 2699 3729 haec
2721 3682 2891 3729 autem
2916 3680 3129 3726 canatur
3149 3669 3313 3724 Missa
3336 3668 3618 3723 secundum

2029 3771 2109 3824 sui
2129 3770 2291 3823 visum
2324 3769 2483 3841 [forte
2512 3764 2707 3835 usum].
2755 3765 2825 3819 Et
2852 3764 3122 3818 annuntiat
3150 3762 3414 3833 episcOpus
3440 3775 3462 3815 :
3503 3759 3617 3816 Pax

2027 3863 2205 3919 vobis.
2224 3862 2378 3932 Resp.
2406 3860 2614 3914 Etcum
2646 3857 2835 3927 Spiritu
2860 3865 2970 3912 tuo.

2105 3955 2306 4010 Oratio.
2344 3983 2416 3995 —
2445 3952 2607 4017 Deus,
2642 3950 2731 4021 qui
2760 3948 3020 4006 hodierna
3049 3946 3139 4003 die
3161 3960 3256 4016 per
3285 3943 3616 4016 unigenitum

2027 4056 2197 4115 tuum,
2230 4057 2325 4105 etc.

2104 4164 2307 4218 Exinde
2334 4161 2576 4230 procedat
2599 4158 2938 4214 subdiaconus
2962 4156 3014 4209 in
3063 4153 3350 4219 ambonem,
3378 4162 3425 4208 et
3464 4152 3617 4225 (960)

2017 4255 2167 4329 legat
2205 4253 2529 4325 Epistolam,
2563 4254 2894 4323 Expurgate.
2927 4246 3081 4321 (961)
3110 4248 3268 4318 Resp.
3313 4246 3439 4302 Haec
3479 4246 3619 4302 dies.

2032 4351 2278 4419 Alleluia,
2310 4349 2515 4404 Pascha
2544 4356 2805 4403 nostrum.

2100 4462 2315 4518 Incedat
2337 4462 2587 4534 siquidem
2617 4462 2865 4516 diaconus
2909 4478 3025 4516 cum
3055 4459 3341 4526 thuribulo,
3390 4457 3620 4525 aliusque

2026 4559 2258 4612 minister
2287 4572 2403 4611 cum
2461 4557 2610 4610 thure
2658 4558 3050 4627 genuﬂeclentes
3098 4555 3167 4609 ad
3209 4552 3620 4626 genua-sedentis

2025 4650 2274 4721 episcopi,
2302 4658 2351 4705 et
2382 4649 2548 4703 mittat
2569 4648 2853 4713 incensum,
2885 4649 3084 4719 fumum
3109 4647 3282 4703 suavis
3341 4644 3536 4710 odoris,
3571 4648 3621 4696 ct

316 4704 479 4760 labris
508 4716 557 4760 et
612 4701 1182 4800 thuribuliszlnterit‘n‘
1201 4718 1335 4800 tam
1361 4709 1611 4771 Ρναῖρανεί
1639 4716 1691 4800 ξε
1719 4696 1917 4800 “Mf”,
1946 4713 2000 4776 Ῑ)

312 4809 363 4852 et
397 4808 579 4853 cantor
600 4813 776 4852 eorum
807 4794 1005 4851 medius
1064 4794 1215 4865 (951)
1276 4800 1529 4846 annuente
1580 4790 1815 4861 episcopo
1843 4789 1924 4843 in-

311 4895 468 4947 choat
491 4892 865 4961 Antiphonem,
885 4888 1198 4945 Resurrexi.
1235 4884 1382 4941 Psal.
1410 4885 1652 4949 Domine,
1684 4882 1923 4952 probasti

310 5004 427 5044 me.
458 4986 782 5057 Properante
804 4985 1039 5055 episcopo
1087 4981 1157 5035 ad
1187 4980 1359 5050 templi
1421 4976 1742 5040 vestibulum,
1779 4984 1825 5027 et
1855 4975 1923 5027 ad

310 5082 511 5133 ostium
538 5077 823 5144 secretarii,
854 5075 1111 5130 osculetur
1140 5072 1501 5140 Evangelium,
1530 5080 1575 5123 et
1598 5079 1775 5137 postea
1806 5084 1925 5122 cum

313 5176 463 5227 omni
492 5172 765 5243 diligentia
781 5170 1039 5223 incedant.
1074 5166 1346 5235 Finitoque
1361 5164 1585 5218 lntroitu
1599 5162 1919 5232 ingrediatur

314 5268 522 5321 medius
544 5266 796 5338 pontifex,
821 5279 937 5317 cum
987 5261 1199 5333 collegio
1241 5259 1601 5329 processionis.
1634 5256 1712 5310 Eo
1742 5265 1914 5311 autem

318 5368 526 5411 astante
556 5367 605 5412 et
627 5364 806 5410 orante
826 5356 963 5408 dicat
985 5353 1119 5406 hanc
1150 5352 1449 5405 Orationem
1482 5364 1501 5403 :

398 5471 554 5543 (952)
582 5471 809 5541 Suscipe
833 5470 1227 5526 confessionem
1260 5480 1454 5533 meam,
1482 5466 1639 5521 unica
1669 5479 1794 5535 spes
1821 5478 1920 5519 sa-

316 5562 450 5621 lutis
477 5580 637 5631 meae,
669 5564 899 5620 Domine
934 5564 1075 5618 Deus
1105 5578 1279 5628 meus,
1317 5561 1437 5632 quia
1466 5561 1608 5631 gula,
1635 5559 1915 5627 ebrietate,

319 5654 715 5726 fornicatione,
745 5658 992 5723 libidine,
1015 5657 1225 5720 aceilia,
1273 5655 1507 5720 tristitia,
1540 5653 1911 5721 somnolentia,

320 5750 492 5823 244
540 5752 887 5822 negligentia,
924 5750 1027 5815 ira,
1072 5749 1380 5820 cupiditate,
1424 5747 1644 5811 invidia,
1693 5746 1913 5813 malitia,

322 5843 474 5907 odio,
510 5842 861 5910 detractione,
889 5842 1145 5913 perjurio,
1179 5842 1427 5905 falsitate,
1456 5838 1753 5903 mendacio,
1781 5853 1918 5894 vana

329 5936 511 6009 goria,
544 5938 767 5996 levitate
797 5953 861 5996 ac
891 5938 1143 6010 superbia
1171 5938 1410 6009 perditus
1442 5951 1584 6004 sunt,
1615 5944 1669 5994 et
1695 5938 1913 5995 omnino

2102 4837 2256 4891 Mitto
2286 4836 2561 4891 incensum
2587 4834 2640 4889 in
2669 4834 2889 4887 odorem
2941 4829 3217 4886 suavitatis
3242 4836 3299 4886 et
3324 4829 3376 4885 in
3408 4828 3626 4885 nomine

2028 4918 2227 4964 sancta:
2249 4914 2303 4962 et
2325 4907 2609 4961 individua:
2638 4905 2940 4959 Trinitatis.

2102 5002 2173 5056 Et
2216 5002 2463 5055 diaconus
2495 5002 2761 5069 postulans
2790 4999 3037 5053 inclinato
3088 4998 3256 5067 capite
3278 4986 3284 4996 ’
3307 4996 3626 5051 benedictio-

2029 5114 2169 5164 nem,
2198 5105 2244 5150 et
2268 5097 2405 5149 dicat
2435 5111 2455 5149 :
2489 5095 2637 5165 (969.)
2668 5094 2822 5159 .Iube,
2869 5094 3116 5161 Domine,
3152 5092 3487 5150 benedicere.
3522 5089 3626 5143 Re-

2028 5193 2244 5261 spondet
2264 5190 2528 5259 episcOpus
2556 5205 2575 5242 :
2594 5186 2853 5241 Dominus
2878 5186 3019 5242 sitin
3050 5186 3339 5251 cordetuo,
3374 5194 3427 5240 et
3447 5184 3499 5237 in
3530 5197 3626 5237 ore

2029 5283 2096 5337 ad
2127 5279 2502 5352 proferendam
2535 5279 2812 5349 Evangelii
2845 5279 3159 5335 lectionem.

2098 5373 2363 5445 Accipiens
2392 5372 2499 5441 ipse
2541 5369 2877 5441 Evangelium
2920 5381 2968 5424 et
3026 5370 3349 5425 deosculetur
3395 5382 3510 5421 eum
3573 5375 3620 5419 ct

2027 5468 2213 5522 altare.
2238 5463 2304 5517 Et
2327 5463 2564 5519 ascendat
2592 5465 2643 5518 in
2661 5465 2922 5518 ambonem
2938 5463 3086 5536 (965)
3112 5459 3439 5516 adnuntianti
3458 5456 3622 5529 [forte

2030 5559 2098 5613 ad
2146 5556 2523 5627 nunciandum]
2574 5557 2726 5610 verba
2781 5567 2987 5611 (eterna:
3044 5552 3326 5624 felicitatis.
3396 5548 3622 5621 Leyatur

2027 5650 2365 5721 Evangelium
2394 5647 2545 5721 (964)
2572 5648 2734 5704 Maria
2757 5647 3107 5717 Magdalenzc.
3135 5642 3312 5697 Finito
3339 5642 3622 5712 Evangelia

2027 5753 2252 5815 portetur
2280 5742 2619 5813 Evanyelium
2648 5758 2681 5794 a
2728 5739 3064 5803 subdiacono,
3112 5743 3165 5789 ut
3198 5735 3461 5788 osculetur
3503 5734 3612 5801 epi-

2026 5854 2230 5911 scOpus,
2261 5844 2307 5893 et
2335 5834 2486 5907 (965)
2512 5850 2683 5889 omnes
2704 5840 2818 5904 post
2846 5832 3013 5885 illum.
3062 5827 3132 5883 Et
3155 5830 3292 5885 dicat
3341 5829 3617 5899 episcopus

2028 5932 2286 5989 Dominus
2316 5929 2613 5988 vobiscum.
2646 5926 2807 5996 Resp.
2838 5924 3047 5981 Etcum
3078 5923 3285 5996 Spiritu
3314 5931 3426 5981 tuo.
3460 5920 3611 5993 (966)
