4042 6350
468 377 577 436 Ξιὸ

1078 368 1427 427 APPENDIX
1464 368 1559 426 AD
1595 369 1656 427 S.
1687 367 2018 426 GREGORII

2166 369 2264 427 :Nt
2303 372 2435 428 Lm.
2478 352 3126 437 sscnsusmonuu.

3637 382 3743 439 244

470 496 719 553 Oremus.
751 489 898 545 Tunc
942 487 1156 560 incipiat
1204 486 1542 553 Olertorium
1558 483 1713 556 (967)
1733 483 1900 541 Terra
1929 492 2050 541 tre-
2074 490 2129 549 Α
2227 484 2331 540 Per
2378 501 2538 556 quem
2596 490 2712 546 haec
2762 492 2965 559 omnia,
3026 491 3284 561 Domine,
3332 505 3552 567 semper
3603 496 3745 554 bona

471 588 624 645 muit.

541 678 702 750 255
745 674 826 729 Eo
866 683 1035 731 autem
1083 672 1249 739 finito,
1282 672 1345 741 et;
1369 669 1522 741 (968)
1554 669 1809 724 oblatione
1845 678 2052 737 recepta

468 774 617 843 (969)
664 786 780 824 cum
820 768 958 822 omni
1002 764 1321 832 processione
1352 772 1631 817 revertatur
1655 763 1724 817 ad
1766 761 1973 829 solium,
2003 771 2054 817 et

466 872 621 926 auat
652 863 804 937 (970)
830 863 1083 927 manicas,
1117 859 1266 931 (971)
1307 860 1532 929 lavetque
1558 874 1763 923 manus,
1795 866 1843 913 et
1873 858 1945 912 sic
1974 859 2056 913 in-

465 961 732 1031 grediatur
762 956 1204 1027 propitiatorium,
1228 963 1274 1008 et
1306 952 1457 1023 (972)
1484 954 1647 1006 omnis
1687 952 1938 1019 processio
1967 953 2054 1022 of-

468 1056 599 1124 ferat
624 1052 719 1106 sibi
740 1050 1071 1115 oblationem,
1115 1057 1161 1101 et
1190 1046 1208 1115 (
1231 1045 1332 1101 975
1357 1045 1375 1115 )
1406 1046 1475 1097 ad
1502 1045 1741 1099 ultimum
1770 1045 2054 1112 incensum,

464 1156 513 1199 et
544 1146 684 1199 dicat
710 1145 803 1197 Itas
838 1142 1109 1196 Orationes
1138 1142 1261 1194 dum
1287 1140 1582 1193 incernatur
1608 1154 1629 1191 :

544 1236 769 1292 Domine
809 1236 952 1291 Deus
992 1245 1193 1299 noster,
1222 1232 1454 1301 supplici
1487 1231 1775 1286 dev0tione
1802 1230 2053 1301 deposci-

466 1345 590 1385 mus
632 1338 691 1385 ut
733 1328 875 1384 sicut
904 1326 1185 1396 suscepisti
1224 1339 1443 1380 munera
1487 1323 1643 1387 Abel,
1676 1323 1820 1391 Noe,
1854 1326 2053 1390 Aaron,

465 1422 739 1478 Zachariae
777 1430 832 1477 et
863 1420 1098 1487 Samuel,
1129 1427 1185 1474 et
1205 1419 1445 1473 omnium
1474 1427 1783 1473 sanctorum
1814 1426 2051 1485 tuorum,

465 1514 547 1570 sic
581 1528 741 1567 manu
783 1519 964 1566 nostra
1020 1510 1322 1579 peccatrice
1366 1512 1643 1579 suscipere
1680 1510 1916 1579 digneris
1965 1510 2053 1567 in-

467 1620 690 1663 censum
721 1603 861 1661 istud
903 1604 956 1658 in
999 1603 1225 1659 odorem
1252 1602 1532 1658 suavitatis
1551 1644 1566 1669 ,
1599 1611 1656 1658 et
1679 1602 2051 1659 remissionem

464 1700 703 1757 omnium
733 1710 1075 1769 peccatorum
1103 1707 1435 1755 nostrorum.
1460 1698 1564 1753 Per
1595 1698 1904 1754 Dominum.

535 1794 770 1846 Alia.--
800 1790 1068 1856 Placetur,
1104 1790 1363 1856 Domine,
1417 1792 1520 1844 hoc
1570 1790 1918 1860 thymiamate
1966 1790 2053 1847 vel

2160 590 2333 641 creas,
2363 578 2730 649 sancti-Hicas,
2763 583 3061 654 vivi-Hicas.

2229 672 2391 745 246
2417 675 2695 746 Acolythus
2714 694 2830 733 vero
2854 696 2973 734 cum
2994 688 3178 750 patena
3199 688 3298 737 stet
3321 689 3461 738 retro
3486 683 3733 741 diaconos

2158 763 2413 819 inclinans
2437 782 2491 820 se
2514 782 2633 821 cum
2654 768 2974 835 diaconibus,
2999 787 3156 841 usque
3179 772 3321 828 dicat
3340 775 3612 845 episcopus
3635 775 3740 831 No-

2159 855 2243 911 bis
2272 872 2487 928 quoque
2532 860 2922 929 peccatoribus.
2963 862 3223 919 Diaconus
3263 866 3423 937 igitur
3450 869 3539 938 qui
3569 867 3745 923 Evan-

2159 955 2347 1026 gelium
2371 955 2517 1028 legit,
2544 957 2696 1029 (978)
2724 958 2842 1013 inde
2875 975 3167 1029 prazcavens
3196 964 3339 1032 quod
3361 979 3516 1035 super
3538 966 3746 1020 calicem

2159 1049 2429 1119 episcopus
2475 1050 2637 1119 faciat
2682 1050 2883 1122 signum
2922 1054 3086 1108 crucis
3110 1094 3125 1119 ,
3182 1064 3229 1109 et
3272 1054 3426 1126 (979)
3474 1059 3747 1127 prcoeniat

2159 1142 2256 1196 sibi
2286 1140 2438 1213 (980)
2468 1143 2738 1198 sublevans
2778 1146 2985 1199 calicem
3024 1147 3079 1200 in
3110 1156 3389 1217 conspectu
3432 1148 3675 1217 Domini,
3700 1160 3749 1206 et

2159 1242 2440 1287 revertatur
2470 1235 2538 1287 ad
2569 1236 2734 1289 locum
2754 1253 2903 1290 suum
2934 1239 3053 1291 cito.
3089 1237 3357 1308 Siquidem
3377 1240 3688 1296 subdiaconi
3715 1260 3747 1298 a

2160 1332 2297 1378 retro
2326 1326 2501 1392 altari,
2532 1326 2621 1380 ubi
2655 1328 2952 1382 memoriam
2984 1328 3137 1401 (981)
3175 1331 3254 1384 vel
3279 1330 3489 1385 nomina
3518 1334 3750 1388 vivorum

2162 1428 2211 1472 et
2236 1428 2553 1473 mortuorum
2596 1422 2987 1476 nominaverunt
3007 1465 3022 1492 ,
3053 1422 3132 1477 vel
3168 1425 3533 1493 recitaverunt,
3560 1440 3747 1497 proce—

2164 1512 2291 1566 dant
2312 1523 2427 1584 post
2456 1513 2729 1568 diaconum
2758 1514 3061 1569 inclinantes
3086 1517 3281 1587 capita.
3318 1517 3593 1573 Dominica
3617 1519 3751 1573 Ora-

2166 1605 2301 1659 tione
2317 1605 2484 1674 ﬁnita,
2508 1608 2723 1677 accipiat
2749 1608 3089 1662 subdiaconus
3113 1618 3347 1678 patenam
3369 1611 3432 1663 de
3449 1627 3608 1665 manu
3628 1626 3752 1666 aco-

2162 1698 2311 1769 lythi,
2342 1707 2389 1751 et
2432 1699 2515 1751 det
2544 1699 2792 1765 diacono,
2825 1709 2873 1755 et
2894 1701 2985 1755 ille
3016 1702 3214 1771 deferat
3250 1703 3527 1774 episcOpo;
3555 1712 3607 1759 et
3637 1711 3752 1773 post

2165 1792 2272 1846 lucc
2298 1792 2619 1847 stabilientur
2639 1793 2695 1846 in
2725 1795 2833 1847 loco
2860 1811 2959 1863 quo
2992 1806 3139 1849 erant
3159 1838 3173 1861 ,
3198 1803 3471 1865 antequam
3496 1796 3755 1868 legeretur

461 1885 683 1940 incenso
710 1882 861 1939 luror
884 1891 1004 1938 tuus
1025 1890 1214 1938 contra
1235 1897 1345 1950 me,
1371 1892 1425 1937 et
1447 1891 1634 1937 contra
1664 1882 1839 1937 locum
1866 1882 2051 1948 istum,
2086 1878 2134 1937 B
2161 1882 2520 1954 Et‘angelium,
2544 1900 2802 1954 quousque
2817 1883 3113 1939 Benedictio
3140 1896 3186 1940 et
3206 1888 3347 1956 pacis
3372 1887 3603 1942 osculum
3635 1890 3753 1956 fue-

462 1990 519 2035 ct
545 1987 733 2033 contra
765 1976 1014 2045 populum
1044 1976 1204 2031 istum
1227 2016 1241 2042 ,
1276 1986 1333 2030 et
1361 1984 1554 2045 praesta
1586 1975 1848 2045 propitius
1875 1984 1930 2028 ut
1958 1971 2048 2028 iu-

462 2088 587 2129 mus
615 2073 739 2128 boni
764 2071 943 2128 odoris
970 2071 1063 2127 tibi
1089 2073 1258 2127 simus
1279 2070 1346 2127 ad
1368 2068 1683 2141 capiendam
1705 2068 1865 2125 vitam
1881 2076 2049 2125 aeter-

458 2181 605 2222 nam.
641 2164 767 2220 Per.
1330 2214 1331 2217 η

525 2256 716 2311 Postea
741 2271 857 2310 vero
883 2255 1123 2312 ordinent
1150 2272 1204 2311 se
1230 2271 1373 2310 more
1400 2254 1762 2309 ecclesiastico.
1799 2253 1916 2307 Hoc
1944 2262 2043 2321 est,

462 2347 669 2403 diaconi
694 2357 813 2400 ante
838 2348 1026 2410 altare,
1054 2345 1357 2399 subdiaconi
1392 2354 1548 2412 retro,
1574 2345 1840 2413 episcopus
1868 2345 1918 2398 in
1946 2361 2049 2397 ute-

460 2440 571 2506 dio,
597 2439 721 2509 quia
752 2439 806 2492 in
836 2454 923 2491 ore
952 2439 1179 2491 duorum
1208 2438 1285 2489 vel
1325 2436 1479 2490 trium
1506 2446 1606 2491 stat
1634 2452 1782 2489 omne
1822 2438 2045 2503 verbum,

457 2530 765 2585 inclinantes
794 2529 969 2599 capita
996 2543 1260 2598 quousque
1290 2528 1491 2581 dicatur
1521 2542 1614 2595 per
1642 2527 1821 2582 omnia
1852 2528 2047 2583 saecula

456 2625 802 2681 saeculorum.
847 2623 1004 2695 Resp.
1050 2626 1239 2678 Amen.
1297 2621 1366 2675 Et
1393 2622 1529 2675 dicat
1579 2622 1709 2675 lianc
1752 2620 2047 2675 Orationem

459 2731 626 2787 super
660 2716 838 2772 oblata
874 2734 888 2769 ε
924 2714 1097 2786 (974)
1141 2712 1385 2782 Susripe,
1424 2713 1683 2781 Domine,
1717 2729 2043 2782 quaesumus,

458 2824 651 2881 preces
683 2809 864 2879 populi
896 2809 970 2864 tui
1016 2825 1138 2864 cum
1181 2806 1545 2863 oblationibus
1576 2807 1900 2862 Hostiarum.
1944 2807 2047 2862 Re-

455 2903 605 2973 quire
626 2911 764 2956 retro
802 2902 857 2956 in
892 2901 1116 2956 Sabbato
1164 2910 1361 2955 sancto.
1418 2899 1559 2954 Tunc
1598 2916 1715 2953 vero
1756 2908 1869 2969 post
1913 2898 2047 2952 hanc

453 2994 656 3064 erigunt
677 3009 753 3062 se,
775 3002 823 3048 et
843 2993 1068 3063 acolytlti
1090 2992 1372 3046 ministrent
1390 3007 1577 3061 aquam
1596 2992 1665 3044 ad
1691 3007 1873 3044 manus
1896 2989 2053 3061 (975)

454 3087 753 3153 diaconum,
775 3096 821 3143 et
841 3087 1217 3155 manutergium
1231 3087 1320 3153 ,‘jet
1340 3086 1479 3138 dicat
1502 3086 1735 3154 pontifex
1755 3083 1865 3138 alta
1884 3100 2003 3138 voce
2026 3099 2043 3135 :

452 3178 560 3235 Per
588 3179 768 3235 omnia
800 3180 998 3235 saecula
1036 3178 1376 3234 saeculorum.
1409 3178 1567 3247 Resp.
1596 3178 1787 3233 Amen.
1821 3178 2045 3233 Sursum

2160 1974 2261 2028 rint
2301 1974 2474 2042 finita.
2508 1975 2705 2029 Deinde
2752 1978 2875 2029 dum
2919 1976 3056 2030 dicat
3102 1977 3369 2049 cpiscopus
3414 1978 3517 2033 Per
3563 1979 3749 2033 omnia

2159 2066 2357 2121 sarcula
2401 2066 2756 2133 saeculorum,
2809 2066 2967 2138 Resp.
3022 2070 3222 2133 Amen,
3269 2078 3383 2141 post
3426 2068 3754 2124 Dominicam

2164 2160 2480 2227 Orationem,
2515 2163 2635 2214 dum
2666 2160 2860 2229 finierit
2897 2161 3091 2217 Libera
3123 2178 3221 2218 nos
3250 2177 3280 2217 a
3309 2163 3471 2228 malo,
3494 2174 3753 2218 annuente

2159 2254 2396 2324 episcopo
2418 2250 2567 2323 (982)
2598 2254 2734 2307 dicat
2753 2254 3036 2308 diaconus:
3064 2252 3213 2324 (985)
3236 2254 3527 2309 llumiliate
3554 2269 3655 2309 vos
3681 2255 3751 2310 ad

2161 2344 2631 2413 Benedictionem;
2661 2353 2711 2400 et
2738 2345 2960 2415 populus
2984 2360 3122 2415 resp.
3147 2346 3257 2401 Deo
3282 2346 3501 2418 gratias.
3532 2344 3605 2399 Et
3628 2347 3751 2417 epi-

2159 2455 2341 2510 scopus
2370 2439 2507 2491 dicat
2545 2440 2676 2491 hanc
2705 2437 3117 2493 Benedictionem
3146 2452 3167 2491 :

2234 2532 2386 2602 (984)
2422 2532 2707 2586 Ilenedicat
2746 2546 2842 2586 vos
2895 2530 3234 2599 omnipotens
3290 2528 3431 2584 Deus
3482 2526 3752 2585 hodierna

2158 2623 2549 2679 interveniente
2579 2621 2818 2690 paschali
2845 2620 3185 2676 solemnitate
3204 2660 3221 2687 ,
3245 2628 3352 2674 etc.

2232 2714 2300 2770 Et
2328 2716 2449 2770 inde
2484 2717 2737 2785 accipiens
2768 2723 2961 2783 partem
2986 2713 3218 2783 corporis
3248 2711 3455 2767 Domini
3480 2719 3532 2766 et
3558 2712 3708 2766 dicat
3734 2727 3754 2768 :

2155 2809 2266 2866 Pax
2290 2809 2496 2864 Domini
2518 2808 2667 2880 (985)
2693 2809 2761 2863 sit
2787 2822 3001 2878 semper
3029 2806 3321 2863 vobiscum.
3344 2806 3501 2876 Resp.
3532 2806 3602 2862 Et
3630 2821 3757 2863 cum

2156 2901 2345 2971 spiritu
2375 2910 2486 2956 tuo.
2519 2899 2587 2954 Et
2616 2908 2871 2955 annuente
2891 2901 3128 2970 episcopo
3158 2900 3297 2953 dicat
3318 2907 3535 2953 cantor:
3564 2902 3756 2967 Agnus

2161 2995 2283 3061 Dei,
2317 2996 2405 3065 qui
2436 2996 2576 3050 tollit
2604 3004 2821 3064 peccata
2844 2992 3045 3048 mundi.
3075 2992 3227 3063 (986)
3253 2990 3470 3047 Interim
3493 2992 3755 3048 osculetur

2158 3090 2580 3144 arclzidiaconum
2609 3098 2655 3143 et
2679 3099 2910 3144 caeteros.
2940 3086 3074 3142 Inde
3098 3095 3293 3141 vertens
3315 3101 3369 3141 se
3388 3085 3456 3140 ad
3475 3086 3642 3142 altare
3670 3086 3756 3141 di-

2160 3192 2241 3237 cat
2276 3183 2410 3237 hanc
2442 3183 2735 3237 Orationem
2766 3198 2787 3241 .'
2839 3179 3096 3236 Dominus
3130 3179 3429 3235 vobiscum.
3474 3178 3636 3249 Resp.
3678 3179 3753 3236 Et

454 3273 641 3330 corda.
668 3272 829 3340 Resp.
862 3272 1134 3328 Habemus
1164 3272 1230 3326 ad
1257 3271 1560 3326 Dominum.
1589 3270 1797 3325 Gratias
1823 3285 2047 3341 agamus
2082 3281 2129 3345 ο
2165 3292 2284 3331 cum
2313 3276 2505 3345 spiritu
2536 3286 2645 3330 tuo.

457 3364 689 3422 Domino
721 3366 832 3421 Deo
860 3374 1067 3422 nostro.
1102 3364 1259 3435 Resp.
1295 3364 1521 3434 Dignum
1551 3372 1607 3419 et
1627 3364 1831 3433 justum
1871 3373 1974 3419 est.

526 3456 805 3529 Prtefatio.
836 3485 909 3507 --
937 3457 1076 3514 Vere
1105 3458 1323 3527 dignum
1369 3466 1422 3513 et
1449 3457 1649 3525 jusrum
1691 3466 1811 3525 est,
1840 3472 2052 3527 aequum

453 3560 508 3608 et
531 3552 770 3609 salutare
800 3571 816 3607 :
840 3552 921 3609 Te
940 3552 1155 3622 quidem
1188 3552 1332 3606 omni
1366 3558 1629 3620 tempore,
1658 3560 1715 3604 ut
1739 3567 1917 3617 supra.

524 3646 664 3700 Dum
690 3647 893 3701 dicatur
911 3646 1159 3709 Sanctus,
1188 3645 1438 3699 inclinant
1459 3660 1513 3700 se
1542 3659 1738 3712 omnes,
1771 3653 1818 3698 et
1844 3644 2043 3714 episco-

450 3754 549 3809 pus
571 3736 709 3793 dicat
735 3740 869 3794 hanc
901 3738 1200 3794 Orationem
1226 3738 1429 3793 interim
1458 3753 1479 3792 .'

526 3834 673 3904 (976)
700 3833 862 3899 Deus,
899 3836 986 3904 qui
1011 3850 1115 3889 non
1147 3840 1398 3899 mortem,
1425 3833 1520 3888 sed
1544 3834 1916 3904 paenitentiam
1945 3832 2049 3889 de-

450 3924 658 3981 sideras
687 3934 1052 3997 peccatorum,
1078 3940 1165 3982 me
1194 3926 1451 3983 miserum
1478 3926 1828 3995 fragilemque
1858 3941 2042 3995 pecca-

453 4027 626 4073 torem
657 4035 687 4073 a
718 4028 805 4073 tua
850 4035 955 4089 non
999 4020 1232 4090 repellas
1258 4020 1491 4089 pietate;
1520 4034 1692 4086 neque
1720 4018 1947 4085 aspicias
1976 4018 2044 4073 ad

451 4122 693 4182 peccata,
722 4122 776 4166 et
804 4114 871 4166 ad
900 4114 1102 4169 scelera
1145 4129 1262 4167 mea
1286 4154 1301 4178 ,
1338 4121 1391 4168 et
1421 4112 1725 4166 immundos
1754 4124 2045 4182 turpesque

451 4203 802 4271 cogitationes
844 4218 1013 4269 meas,
1051 4205 1243 4272 quibus
1288 4204 1538 4260 ﬂebiliter
1569 4219 1598 4258 a
1643 4212 1728 4257 tua
1771 4202 2049 4274 disjungor

449 4296 753 4362 voluntate,
798 4294 891 4347 sed
922 4296 987 4349 ad
1036 4297 1460 4351 misericordiam
1492 4307 1633 4351 tuam
1658 4337 1672 4362 ,
1705 4304 1758 4351 et
1785 4296 1851 4350 ad
1882 4296 2043 4351 ﬁdem

454 4389 909 4457 devotionemque
938 4404 1148 4457 eorum,
1175 4390 1264 4459 qui
1296 4405 1388 4457 per
1418 4406 1503 4445 me
1534 4400 1868 4459 peccatorem
1899 4399 2043 4444 tuam

451 4490 711 4551 expetunt
755 4480 1195 4535 misericordiam.
1248 4481 1315 4535 Et
1344 4480 1466 4550 quia
1499 4496 1584 4536 me
1612 4481 1887 4552 indignum
1929 4498 2044 4537 me-

449 4574 599 4630 dium
631 4575 770 4630 inter
799 4584 851 4630 te
878 4584 932 4629 et
957 4574 1211 4645 populum
1244 4581 1393 4630 tuum
1427 4575 1540 4629 lieri
1574 4574 1817 4641 voluisti,
1849 4576 1931 4630 lac
1957 4590 2045 4633 me

2236 3367 2389 3437 (987)
2415 3367 2538 3421 llaec
2563 3373 2905 3420 sacrosancta
2934 3363 3237 3420 commistio
3263 3364 3507 3432 corporis
3535 3373 3591 3420 et
3619 3378 3755 3420 sano

2156 3459 2332 3530 guinis
2359 3458 2569 3513 Domini
2600 3458 2769 3512 nostri
2798 3456 2927 3513 Jesu
2973 3456 3171 3512 Christi
3200 3457 3290 3511 ﬁat
3313 3454 3465 3529 (988)
3495 3456 3753 3512 omnibus

2158 3553 2495 3610 sumentibus
2521 3552 2666 3608 salus
2686 3551 2882 3608 mentis
2902 3557 2959 3606 et
2975 3550 3239 3621 corporis,
3273 3558 3329 3605 et
3354 3551 3423 3606 ad
3448 3551 3614 3605 vitam
3636 3565 3747 3606 ca-

2156 3646 2406 3718 piendam
2464 3653 2720 3701 teternam
2771 3644 3089 3714 praeparatio
3141 3640 3413 3697 salutaris.
3477 3640 3581 3697 Per
3637 3641 3751 3697 Do-

2157 3742 2382 3797 mitium.

2228 3837 2364 3890 Dum
2395 3836 2654 3908 frangitur
2694 3849 2903 3903 corpus.
2931 3861 3004 3873 —
3035 3832 3296 3887 Emittere
3335 3829 3574 3901 digneris
3596 3869 3613 3896 ,
3646 3828 3752 3885 Do-

2156 3928 2320 3994 mine,
2352 3938 2594 3983 sanctum
2625 3926 2871 3997 angelum
2894 3932 3044 3979 tuum
3076 3924 3141 3978 ad
3184 3937 3392 3978 sacrum
3420 3930 3477 3977 et
3518 3922 3747 3975 immor-

2156 4022 2263 4075 tale
2290 4020 2624 4090 mysterium,
2657 4020 2863 4075 scilicet
2896 4032 3092 4087 corpus
3132 4025 3185 4071 et
3211 4013 3525 4085 sanguinem
3557 4022 3747 4076 tuum;

2154 4127 2254 4168 nos
2280 4114 2421 4168 enim
2445 4109 2760 4181 frangimus,
2791 4111 3036 4178 Domine,
3061 4108 3190 4165 illud
3212 4126 3226 4176 ;
3254 4117 3310 4164 tu
3337 4107 3558 4177 dignare
3580 4105 3753 4162 bene-

2155 4207 2359 4275 dicere,
2391 4215 2445 4261 et
2466 4214 2659 4277 praesta
2690 4216 2749 4260 ut
2775 4203 3131 4259 immaculatis
3151 4202 3397 4258 sensibus
3420 4209 3474 4256 et
3500 4200 3750 4256 manibus

2155 4300 2287 4356 illud
2333 4310 2560 4355 tractare
2588 4299 2895 4365 valeamus,
2948 4307 3002 4354 ct
3028 4296 3189 4367 digne
3228 4310 3461 4352 sumere.
3493 4295 3595 4351 Per
3639 4296 3746 4351 Du-

2154 4394 2356 4450 minum
2386 4406 2650 4450 nostrum.
2684 4395 2885 4449 Emitte
2913 4391 3160 4464 angelum
3194 4400 3366 4459 tuum,
3398 4390 3650 4453 Domine,
3696 4398 3753 4444 ut

2156 4487 2427 4541 dianetur.

2250 4503 2278 4541 n
2320 4502 2427 4541 tur.

2212 4502 2353 4634 gPrfst
2376 4578 2483 4633 haec
2504 4578 2671 4649 itaque
2698 4575 2850 4651 (989)
2871 4576 3239 4631 communicent
3266 4590 3319 4629 se
3350 4588 3522 4628 onmes
3552 4572 3752 4643 singil-

452 4668 670 4739 dignum
694 4668 875 4734 talem,
899 4676 955 4723 ut
978 4667 1173 4738 possim
1197 4676 1342 4723 tuam
1366 4683 1590 4723 exorare
1614 4668 2042 4723 misericordiam
2072 4661 2125 4722 D
2152 4674 2317 4737 latim,
2346 4674 2613 4743 episcopus
2642 4688 2873 4743 quoque;
2897 4668 3051 4742 (990)
3077 4685 3235 4739 eoque
3252 4668 3630 4723 communicato
3661 4666 3746 4721 di-

450 4775 551 4831 pro
576 4776 662 4815 me
682 4800 697 4828 ,
736 4770 788 4817 et
817 4775 912 4830 pro
942 4758 1130 4815 eodem
1163 4760 1359 4829 populo
1388 4767 1500 4813 tuo.
1532 4759 1597 4813 Et
1622 4759 1852 4830 adiunge
1881 4774 2039 4814 voces

452 4860 669 4910 nostras
704 4854 926 4910 vocibus
979 4862 1288 4909 sanctorum
1334 4853 1645 4923 angelorum
1698 4862 1937 4921 tuorum,
1982 4865 2041 4909 ut

449 4946 591 5003 sicut
618 4946 698 5003 illi
730 4954 783 5004 te
821 4946 1039 5003 laudant
1081 4948 1413 5003 incessanter
1450 4955 1504 5001 et
1532 4946 1932 5016 infatigabiliter
1984 4947 2037 5003 in

446 5049 649 5098 :eterna
672 5041 1021 5108 beatitudine,
1052 5043 1124 5097 ita
1152 5059 1249 5098 nos
1274 5056 1489 5113 quoque
1522 5055 1705 5096 eorum
1732 5042 2039 5097 interventu

446 5148 756 5191 mereamur
781 5134 1000 5191 laudare
1028 5145 1078 5191 te
1104 5135 1499 5206 inculpabiliter
1524 5134 1580 5189 in
1606 5133 1706 5189 hac
1727 5132 2037 5207 peregrina-

450 5225 615 5283 tione.
646 5227 749 5283 Per
778 5228 1085 5282 Dominum.

524 5320 600 5377 Te
626 5321 805 5392 igitur,
834 5321 1258 5378 clementissime
1280 5320 1460 5378 Pater.

523 5414 1022 5484 Communicantes,
1080 5426 1136 5474 et
1196 5417 1513 5475 memoriam
1572 5428 1927 5488 venerantes,
1984 5431 2041 5476 ut

451 5524 631 5579 supra.
655 5523 662 5533 '

524 5600 674 5657 lianc
691 5601 855 5673 igitur
880 5602 1207 5661 oblationem
1232 5606 1506 5662 servitutis
1531 5615 1746 5677 nostrm,
1775 5618 1831 5663 ut
1854 5626 2032 5680 supra.

524 5697 806 5767 Antequam
830 5700 1036 5755 dicatur
1065 5700 1169 5758 Per
1196 5716 1355 5774 quem
1384 5702 1500 5760 hmo
1526 5703 1726 5770 omnia.
1760 5703 1912 5777 (977)
1938 5703 2039 5759 Be-

451 5786 676 5843 nedictio
703 5793 871 5846 carnis
904 5806 926 5849 ε

530 5881 669 5937 Deus
698 5883 957 5941 universa:
985 5888 1191 5959 carnis,
1219 5892 1304 5963 qui
1340 5890 1451 5950 Noe
1478 5899 1530 5949 ct
1560 5891 1681 5949 ﬁliis
1711 5890 1846 5964 ejus.

2144 4779 2226 4821 cat
2260 4766 2526 4821 Orationes
2554 4770 2643 4821 llas
2673 4782 2694 4821 :

2219 4860 2494 4930 Perceptio
2519 4859 2763 4929 corporis
2785 4866 2840 4914 et
2881 4855 3157 4928 sanguinis
3189 4854 3299 4922 tui,
3330 4852 3558 4909 Domine
3607 4850 3741 4907 Jesu

2145 4952 2378 5019 Christe,
2422 4968 2580 5023 quam
2611 4966 2711 5021 ego
2760 4950 3008 5021 indignus
3058 4962 3320 5017 prmsumo
3352 4958 3605 5009 sumere,
3635 4958 3744 4997 non

2143 5045 2277 5101 mihi
2309 5045 2489 5101 veniat
2515 5045 2580 5098 ad
2600 5043 2861 5113 judicium
2885 5052 2940 5097 et
2966 5038 3488 5105 condemnationem,
3521 5036 3616 5092 sed
3640 5051 3743 5107 pro

2144 5150 2234 5197 tua
2258 5140 2454 5212 pietate
2481 5141 2651 5211 prosit
2680 5138 2811 5194 mihi
2842 5137 2910 5193 ad
2934 5143 3289 5192 tutamentum
3321 5132 3517 5189 mentis
3539 5141 3595 5187 et
3615 5146 3739 5186 cor-

2147 5236 2315 5305 poris,
2342 5234 2431 5304 qui
2460 5249 2580 5289 cum
2613 5232 2773 5290 Patre
2797 5234 2849 5288 in
2875 5234 3100 5288 unitate.

2218 5330 2357 5382 Alia.
2388 5356 2459 5369 -—
2486 5327 2711 5383 Domine
2738 5327 2868 5383 Jesu
2914 5324 3146 5393 Christe,
3201 5322 3303 5378 Fili
3347 5321 3443 5377 Dei
3490 5319 3620 5385 vivi,
3646 5319 3741 5391 qui

2146 5438 2212 5479 ex
2251 5421 2520 5477 voluntate
2555 5421 2757 5487 Patris,
2810 5428 3131 5489 c00perante
3168 5416 3370 5488 Spiritu
3401 5423 3609 5483 sancto,
3640 5427 3742 5484 per

2146 5525 2373 5572 mortem
2399 5526 2543 5571 tuam
2573 5515 2829 5570 mundum
2864 5512 3165 5577 viviﬁcasti,
3193 5510 3363 5567 libera
3394 5525 3480 5566 me
3510 5524 3605 5578 per
3635 5507 3741 5560 hoc

2146 5624 2356 5664 sacrum
2382 5622 2575 5678 corpus
2601 5616 2655 5662 et
2683 5605 2999 5675 sanguinem
3022 5612 3171 5659 tuum
3196 5618 3225 5657 a
3252 5602 3461 5658 cunctis
3486 5598 3740 5670 iniquita-

2150 5702 2287 5758 tibus
2312 5711 2368 5757 et
2397 5700 2659 5756 universis
2689 5698 2839 5755 malis
2880 5699 3033 5765 meis,
3064 5705 3117 5753 et
3148 5698 3231 5753 lac
3262 5712 3347 5752 me
3379 5694 3486 5749 tuis
3514 5691 3737 5749 obedire

2147 5796 2446 5865 praeceptis,
2479 5804 2535 5849 et
2562 5809 2593 5850 a
2624 5803 2676 5850 te
2714 5808 2982 5867 nunquam
3026 5794 3080 5851 in
3118 5802 3435 5865 perpetuum
3465 5783 3735 5858 separari.

2145 5884 2250 5956 Qui
2275 5900 2393 5941 cum
2418 5886 2593 5941 Patre.
