4042 6350
271 400 384 460 24‘s

888 402 1235 462 'APPENDlX
1273 401 1366 458 AD
1403 402 1460 458 S.
1503 395 1837 458 GBEGORH
1879 393 2098 452 MAGNI
2137 397 2268 454 LIB.
2309 399 2949 461 SACRAMENTORUM.

3445 404 3552 461 246

343 524 482 578 Atia.
503 550 577 565 -—-
604 521 1054 588 Dominesancte,
1085 518 1244 573 Pater
1267 515 1631 586 omnipotens,
1665 521 1867 568 aeterne
1889 511 1950 572 Δ
1973 513 2168 568 mentis
2209 529 2360 581 mete,
2394 531 2494 572 nec
2532 516 2648 588 ipsa
2697 533 2850 574 mens
2896 518 3199 575 inﬂectatur
3227 518 3416 590 spiritu
3445 520 3554 576 ela-

272 617 433 681 Deus,
457 613 530 668 da
555 613 694 668 mihi
728 612 831 668 hoc
849 627 1047 682 corpus
1069 619 1130 667 et
1165 611 1484 681 sanguinem
1510 607 1726 663 Domini
1755 620 1860 660 no-

267 709 368 765 stri
397 707 528 763 Jesu
554 705 761 763 Christi
807 705 967 777 247
1015 705 1089 760 ita
1133 719 1373 768 sumere,
1419 709 1476 759 ut
1515 715 1724 758 merear
1767 714 1867 769 per

269 802 373 855 hoc
395 799 778 855 remissionem
807 799 1046 854 omnium
1077 807 1422 869 peccatorum
1453 811 1694 853 meorum
1725 794 1868 851 acci-

267 909 422 959 pere,
453 902 510 947 et
539 902 630 946 tuo
661 901 852 947 sancto
882 891 1082 962 Spiritu
1111 891 1344 960 repleri,
1385 890 1509 963 quia
1540 898 1593 944 tu
1615 904 1676 945 es
1699 889 1868 945 bene-

263 988 466 1048 dictus,
493 993 552 1040 et
577 993 776 1056 preter
803 990 861 1041 te
888 998 998 1040 non
1025 993 1111 1039 est
1134 983 1296 1051 alius,
1323 982 1476 1052 cujus
1501 996 1725 1052 regnum
1746 982 1866 1053 glo-

263 1082 471 1135 riosum
502 1087 786 1150 permanet
823 1079 882 1136 in
909 1079 1108 1135 saecula
1127 1077 1472 1134 seculorum.
1499 1077 1693 1132 Amen.

337 1173 409 1228 Et
432 1174 594 1245 (991)
615 1174 884 1245 episcopus
908 1173 1252 1228 communicet
1278 1172 1596 1244 presbyteros
1621 1179 1669 1224 et
1693 1171 1868 1226 diaco-

263 1283 356 1322 nos
375 1283 504 1320 cum
539 1266 715 1320 osculo
736 1266 911 1337 peds,
943 1265 1100 1336 (992)
1123 1265 1264 1319 sicco
1306 1275 1477 1321 tamen
1508 1264 1789 1334 sacri/icio,
1817 1275 1866 1317 et

261 1360 610 1416 subdiaconos
631 1358 746 1413 sine
763 1357 964 1424 osculo,
987 1359 1139 1413 misto
1171 1357 1321 1428 (995)
1349 1357 1626 1432 sacriﬁcio.
1659 1356 1729 1410 Et
1753 1356 1870 1410 dia-

263 1454 380 1510 coni
427 1462 478 1508 et
506 1452 793 1522 presbyteri
829 1451 1128 1506 summatim
1159 1458 1365 1521 gustent
1410 1467 1528 1506 cum
1575 1451 1753 1517 calice,
1793 1461 1868 1506 te-

263 1558 418 1603 nente
437 1547 777 1611 subdiacono,
808 1545 873 1600 de
897 1545 1013 1615 ipso
1036 1546 1308 1615 sanguine.
1335 1539 1557 1598 Interim
1581 1553 1762 1598 cautor
1787 1545 1869 1597 in-

266 1640 445 1712 cipiat.
457 1638 990 1708 annuenteepiscopo,
1012 1635 1166 1707 (994)
1184 1635 1333 1692 Com.
1351 1636 1556 1690 Pascha
1585 1645 1828 1690 nostrum
1847 1650 1864 1702 ;

268 1731 478 1788 Ρωι-ι.
505 1731 742 1788 Domine
771 1730 1008 1800 probasti
1038 1745 1146 1799 me,
1179 1746 1293 1783 cum
1317 1727 1515 1784 Gloria.
1543 1727 1666 1783 Hoc
1695 1737 1868 1782 autem

263 1827 494 1897 expleto,
547 1825 722 1880 sedeat
763 1825 1037 1894 episcOpus
1078 1825 1134 1877 in
1163 1823 1330 1892 solio,
1376 1832 1445 1890 et,
1475 1824 1592 1878 lotis
1633 1823 1868 1878 manibus

263 1918 440 1983 tertio,
465 1924 750 1971 revertatur
776 1915 844 1970 ad
865 1916 1049 1984 altare,
1073 1923 1123 1969 et
1151 1915 1290 1969 dicat
1311 1913 1614 1972 Collectam.

335 2009 510 2080 με
546 2009 627 2063 Ad
667 2008 1063 2078 Complendum.
1085 2038 1157 2048 —
1185 2007 1444 2078 Spiritum
1487 2007 1682 2075 nobis,
1760 2009 1866 2064 Do-

260 2101 446 2160 mine.
479 2101 669 2158 Postea
693 2103 833 2156 dicat
855 2103 1133 2172 episwpus
1159 2110 1453 2157 convertens
1478 2103 1548 2156 ad
1567 2101 1864 2173 papulum':

263 2195 543 2252 Dominus
577 2195 870 2252 vobiscum.
917 2193 1081 2264 Resp.
1126 2194 1338 2250 Etcum
1363 2195 1556 2264 spiritu
1602 2203 1715 2250 tuo.
1759 2195 1868 2250 An-

259 2297 470 2344 nuente
496 2289 748 2360 episcopo,
774 2288 915 2343 dicat
943 2288 1195 2345 diaconus
1223 2303 1244 2342 :
1274 2286 1353 2342 lte
1382 2285 1537 2358 (995)
1569 2285 1730 2342 Missa
1759 2295 1862 2342 est.

261 2383 432 2453 Bap.
485 2383 598 2436 Deo
619 2381 846 2451 gratias.
876 2379 1001 2453 Ipse
1023 2390 1200 2438 autem
1233 2380 1501 2450 episcopus
1539 2379 1869 2435 deosculatur

261 2476 460 2543 altare,
485 2492 608 2531 cunt
634 2476 840 2532 silentio
861 2476 994 2530 dicit
1024 2477 1156 2530 hanc
1189 2473 1488 2530 Orationem
1519 2489 1539 2528 :

337 2568 591 2624 Orassus.
621 2599 694 2611 —
721 2569 873 2640 (996)
897 2567 1115 2624 Placeat
1163 2567 1256 2623 tibi
1289 2575 1478 2623 saneta
1518 2566 1770 2634 Trinitas,
1799 2568 1869 2622 ad

260 2672 505 2718 Mum
535 2660 702 2716 Joan.
733 2662 802 2715 ad
838 2660 990 2730 Vesp.
1020 2659 1292 2726 Concede,
1327 2675 1657 2732 quaesumus,
1688 2660 1866 2716 omni-

261 2766 458 2825 potens
491 2754 673 2820 Deus;
709 2754 779 2807 ad
815 2757 980 2824 [antes
1004 2769 1027 2807 :
1071 2753 1304 2817 Praesta,
1334 2767 1664 2821 quaesumus,
1696 2753 1872 2807 omni-

260 2856 462 2917 potens
493 2846 670 2913 Deus,
699 2844 770 2898 ad
794 2856 1029 2900 sanctum
1049 2845 1308 2899 Andream
1332 2860 1352 2900 :
1397 2845 1622 2915 Prtesta,
1662 2861 1872 2915 quaesu-

260 2953 418 3004 mus,
467 2936 817 3007 omnipotens
843 2937 1032 3008 (Deus,
1066 2945 1126 2993 ut
1173 2934 1264 3008 qui
1304 2938 1558 3010 gratiam.
1602 2935 1873 2994 Hactenus

264 3029 453 3085 lina:
483 3029 787 3084 Paschalis.

724 3121 886 3177 ΜΛΔ
929 3121 1129 3179 MISS-1
1174 3121 1425 3178 VETUS.

835 3214 907 3264 Ex
937 3214 1116 3264 (lodice
1137 3213 1347 3264 Titiano.

337 3295 506 3368 24³1
537 3295 690 3368 (997)
715 3295 906 3364 Incipit
927 3297 1068 3351 Ordo
1090 3296 1368 3366 pontiﬁcis,
1386 3297 1592 3368 quando
1614 3306 1873 3369 praeparat
1894 3307 1948 3374 α

265 3405 315 3444 se
338 3391 412 3443 ad
450 3388 699 3444 Missam.
729 3388 886 3463 (998)
919 3389 1138 3457 Quando
1160 3391 1310 3457 ,lavat
1347 3407 1554 3458 manus,
1584 3393 1722 3447 dicat
1743 3393 1876 3449 lianc

265 3490 563 3545 annonem
595 3505 617 3544 .'

335 3582 573 3651 Lat-gite
620 3579 866 3637 sensibus
915 3581 1138 3647 nostris,
1192 3581 1533 3652 omnipotens
1582 3580 1779 3649 Pater,
1815 3592 1877 3636 ut

263 3672 412 3728 sicut
443 3672 698 3728 exterius
726 3672 1018 3728 abluuntur
1055 3673 1454 3743 inquinamenta
1498 3689 1774 3742 manuum,
1800 3676 1877 3730 sic

269 3781 297 3820 a
331 3775 390 3822 te
447 3765 781 3820 mundentur
831 3766 1056 3822 interius
1107 3768 1425 3837 pollutiones
1468 3770 1767 3836 mentium,
1820 3779 1876 3825 et

267 3870 483 3916 crescat
505 3860 561 3914 in
581 3858 736 3914 nobis
757 3869 1066 3916 sanctarum
1090 3872 1431 3932 augmentum
1456 3863 1730 3920 virtutum.
1752 3863 1873 3934 Per.

337 3953 542 4010 Postea
575 3955 728 4026 (999)
759 3972 814 4010 se
847 3956 1029 4027 incipit
1070 3957 1313 4012 sandalia
1344 3960 1611 4030 episcopus
1633 3960 1874 4026 calciare,

271 4058 317 4102 et
345 4050 481 4103 dicit
511 4048 810 4104 Orationem
835 4049 972 4105 hanc
995 4065 1014 4104 :

336 4141 571 4213 Calcia,
622 4142 886 4210 Domine,
943 4143 1108 4214 pedes
1161 4158 1311 4199 meos
1365 4145 1418 4199 in
1471 4145 1877 4215 prteparatione

269 4235 560 4307 Evangelii
605 4237 800 4308 pacis,
842 4245 902 4293 et
949 4227 1176 4308 protege
1220 4237 1276 4294 in
1326 4238 1630 4294 velamento
1667 4237 1873 4292 alarum

270 4341 516 4386 tuarum.

344 4421 548 4493 (1000)
613 4419 819 4478 Deinde
873 4430 1046 4478 cantet
1108 4438 1226 4477 cum
1277 4420 1729 4478 circumstantibus
1783 4423 1876 4478 hos

270 4516 528 4572 Psalmos
563 4531 585 4570 :

337 4609 519 4678 Quam
543 4606 739 4664 dilecta
766 4625 782 4675 ;
825 4607 1147 4665 Benedixisti
1168 4649 1184 4675 ,
1219 4608 1479 4674 Domine;
1513 4607 1730 4674 lnclina,
1758 4608 1867 4665 Do-

1975 606 2158 663 tionis.
2192 609 2386 666 Amen.

2044 701 2126 757 Ad
2169 702 2376 761 stolam.
2403 735 2474 746 —
2499 705 2646 762 Stola
2673 705 2896 777 iustitiae
2940 703 3244 772 circumda,
3295 705 3541 772 Domine,

1973 795 2237 852 cervicem
2267 811 2466 865 meam,
2499 807 2554 854 et
2582 799 2651 854 ab
2677 799 2822 854 omni
2851 799 3195 870 corruptione
3223 798 3426 869 peccati
3456 814 3557 868 pu-

1972 887 2121 945 riﬁca
2152 899 2387 945 mentem
2418 905 2614 946 meam.
2647 881 2868 947 Amenf

2045 982 2126 1037 Ad
2173 985 2420 1038 casulam.
2460 985 2721 1040 -—.lndue
2768 1000 2876 1052 me,
2927 985 3187 1053 Domine,
3238 993 3556 1040 ornamento

1973 1072 2254 1130 cltaritatis
2297 1084 2353 1130 et
2383 1079 2548 1143 pacis,
2580 1074 2746 1149 248
2777 1086 2861 1142 υι,
2894 1076 3130 1148 undique
3168 1077 3407 1131 munitus
3451 1077 3559 1131 vir-

1975 1168 2205 1235 tutibus,
2237 1168 2438 1238 possim
2488 1168 2740 1224 resistere
2789 1170 2957 1239 vitiis,
2985 1179 3039 1226 et
3085 1169 3329 1226 hostibus
3360 1171 3558 1225 mentis

1973 1268 2031 1316 et
2059 1260 2326 1331 corporis.

2049 1353 2332 1425 Postquam
2375 1355 2444 1409 ad
2493 1356 2837 1427 manipulum.
2867 1385 2936 1397 —
2974 1355 3050 1410 Da
3097 1353 3260 1420 mihi,
3308 1353 3557 1418 "Domine,

1973 1460 2194 1502 sensum
2225 1454 2451 1514 rectum,
2485 1453 2540 1502 et
2562 1461 2748 1503 vocem
2782 1459 2994 1518 puram,
3025 1452 3084 1500 ut
3109 1444 3332 1514 implere
3357 1446 3559 1514 possim

1972 1537 2186 1593 laudem
2218 1547 2381 1592 tuam.

2047 1631 2331 1702 Postquam
2362 1631 2518 1685 intrat
2547 1631 2602 1686 in
2623 1629 2910 1697 ecclesiam,
2945 1627 3132 1700 (1001)
3157 1628 3410 1683 osculetur
3433 1628 3562 1682 duos

1977 1725 2316 1796 presbyteros,
2350 1733 2393 1776 et
2426 1723 2552 1777 duos
2579 1723 2825 1777 diaconos
2848 1764 2863 1789 ,
2893 1719 3080 1792 (1002)
3112 1719 3361 1790 incipiens
3389 1734 3478 1787 per
3507 1733 3558 1771 se

1975 1820 2212 1876 lntroibo
2231 1820 2296 1875 ad
2326 1821 2497 1876 altare
2525 1820 2642 1888 Dei,
2673 1838 2786 1874 cum
2809 1819 3020 1875 Psatmo
3041 1818 3227 1874 Judicn
3253 1833 3362 1883 me,
3391 1818 3556 1871 Deus.

1895 1909 1947 1972 Β
1975 1912 2200 1970 Interim
2229 1916 2349 1968 dum
2379 1923 2610 1968 cantetur
2636 1912 2826 1968 Versus
2862 1914 2928 1967 ad
2975 1911 3273 1974 Introitum,
3305 1909 3430 1963 dicit
3472 1909 3565 1961 has

1978 2007 2270 2063 Orationes.
2305 2006 2496 2078 (1005)
2546 2005 2712 2060 Aul'er
2745 2020 2775 2060 a
2809 2005 2966 2059 nobis
2993 2004 3300 2072 iniquitates
3329 2010 3561 2065 nostras,

1976 2101 2118 2156 utad
2147 2110 2333 2156 sancta
2359 2108 2666 2156 sanctorum
2699 2098 2846 2168 puris
2876 2095 3144 2152 mentibus
3173 2093 3331 2169 [Lege
3357 2107 3562 2149 merca-

1975 2193 2119 2267 mur]
2154 2197 2397 2252 introire.

2052 2292 2171 2346 Alia
2202 2288 2404 2344 Oratio.
2437 2317 2507 2328 ——
2539 2285 2727 2359 (1001)
2759 2285 3112 2355 Omnipotens
3139 2283 3312 2345 Deus,
3353 2279 3446 2350 qui
3479 2296 3566 2334 me

1976 2392 2319 2452 peccatorem
2352 2382 2524 2435 sacris
2553 2381 2809 2435 altaribus
2840 2387 3017 2433 astare
3045 2375 3280 2440 voluisti,
3311 2381 3368 2430 et
3395 2372 3568 2428 sancti

1976 2476 2210 2532 nominis
2239 2476 2314 2530 tui
2338 2475 2554 2529 laudare
2585 2473 2877 2543 potentiam
2899 2513 2914 2538 ,
2947 2469 3209 2534 concede,
3236 2481 3564 2538 quaesumus,

1977 2587 2074 2642 per
2106 2569 2264 2640 hujus
2305 2569 2626 2624 sacramenti
2675 2569 3010 2639 mysterium,
3053 2579 3301 2620 meorum
3347 2562 3560 2617 veniam

1977 2645 2350 2735 peccatorum,
2393 2672 2449 2718 ut
2478 2673 2580 2718 tua:
2609 2662 2867 2732 Majestati
2914 2660 3074 2732 digne
3113 2657 3424 2714 ministrare
3452 2671 3566 2711 me-

1977 2756 2474 2919 r£1210(1:58;.Deinde
2504 2862 2616 2901 cum
2655 2844 2972 2900 osculabitur
3004 2841 3341 2913 Evangelium
3386 2841 3524 2895 dicat
3553 2855 3573 2894 :

2049 2942 2160 2996 Pax
2217 2937 2417 2996 Christi
2471 2954 2630 3010 quam
2675 2938 2833 2996 nobis
2873 2953 2969 3008 per
3013 2935 3361 3008 Evangelinm
3411 2947 3568 2987 suum

1980 3035 2217 3101 tradidit,
2243 3036 2548 3102 conﬁrmet,
2580 3043 2633 3090 et
2661 3042 2946 3091 conservet
2974 3031 3135 3088 corda
3171 3039 3354 3086 nostra
3376 3037 3428 3084 et
3449 3041 3567 3083 cor-

1973 3141 2112 3208 pora
2139 3127 2192 3182 in
2222 3128 2389 3183 vitam
2420 3134 2696 3182 aeternam.
2731 3130 2924 3182 Amen.

2056 3213 2246 3289 (1006)
2271 3213 2532 3286 Confessio
2556 3214 2835 3269 sacerdotis
2865 3223 2983 3268 ante
3011 3212 3194 3267 altare.

2059 3311 2283 3378 Suscipe
2325 3310 2721 3365 confessionem
2768 3323 2980 3376 meam,
3035 3310 3190 3362 unica
3239 3319 3362 3376 spes
3390 3302 3575 3359 salutis

1983 3416 2142 3470 meare,
2187 3403 2410 3457 Domine
2439 3401 2581 3457 Deus
2627 3417 2795 3457 meus.
2829 3401 2991 3468 Gula,
3023 3401 3302 3466 ebrietate,
3347 3400 3575 3454 fornica-

1983 3494 2152 3560 tione,
2185 3493 2427 3561 libidine,
2456 3493 2688 3558 tristitia,
2720 3494 2924 3560 acedia,
2955 3493 3334 3560 somnolentia,
3360 3492 3459 3560 ira,
3483 3509 3572 3546 en-

1982 3585 2226 3655 piditate,
2262 3586 2479 3653 invidia,
2532 3586 2752 3652 malitia,
2804 3585 2960 3651 odio,
3007 3585 3356 3651 detractione,
3384 3584 3568 3654 perjno

1984 3677 2087 3743 rio,
2116 3678 2371 3746 falsitate,
2399 3678 2718 3748 jmendacio,
2745 3693 2884 3733 vana
2909 3679 3076 3748 gloria
3099 3720 3112 3740 ,
3138 3679 3355 3734 levitate
3383 3691 3445 3733 ac
3481 3693 3569 3730 sn-

1983 3770 2165 3838 perbia
2209 3771 2449 3840 perditus
2499 3787 2650 3838 sum;
2712 3782 2765 3825 et
2812 3773 2959 3825 omni
3001 3772 3357 3842 cogitatione,
3416 3772 3568 3825 locn-

1986 3862 2157 3931 tione,
2189 3865 2421 3932 actione,
2452 3875 2614 3934 atque
2644 3866 2891 3920 omnibus
2921 3866 3075 3919 malis
3104 3867 3398 3920 exstinctus
3419 3881 3562 3930 sum;

1985 3955 2081 4011 sed
2115 3965 2192 4024 tu,
2223 3957 2313 4027 qui
2360 3957 2620 4028 justiﬁeas
2671 3959 2890 4026 impios,
2923 3966 2976 4012 et
3021 3956 3260 4011 viviticas
3304 3967 3571 4022 mortuos,

1981 4049 2194 4104 vivilica
2220 4065 2304 4104 me
2333 4058 2386 4105 et
2409 4050 2666 4105 resuscita
2699 4065 2806 4116 tne,
2833 4047 2977 4105 Deus
3007 4065 3177 4105 meus.

2061 4146 2243 4198 Oratio
2271 4144 2555 4198 sacerdotis
2582 4154 2700 4197 ante
2721 4143 2884 4198 altare
2925 4143 3221 4214 priusquam
3251 4141 3463 4198 Missam
3491 4145 3574 4199 in-

1983 4238 2158 4310 cipiat.
2183 4266 2255 4279 —
2285 4238 2446 4304 Deus,
2490 4237 2751 4306 prepitius
2786 4248 2902 4293 esto
2947 4237 3074 4292 mihi
3112 4239 3402 4308 peccaturi,
3447 4239 3567 4308 quia

1985 4340 2039 4384 tu
2078 4345 2136 4385 es
2169 4329 2311 4386 Deus
2349 4329 2696 4394 immortalis,
2741 4339 2795 4386 et
2839 4331 2958 4386 sine
2979 4340 3199 4401 peccato
3229 4332 3392 4386 solus.
3446 4331 3556 4384 Do-

1982 4421 2128 4478 mine
2157 4421 2299 4478 Deus
2342 4437 2513 4490 meus,
2557 4423 2776 4494 indigno
2820 4423 2947 4479 mihi
2976 4424 3175 4479 famulo
3203 4435 3292 4478 tuo
3319 4423 3573 4492 indulge,-

1982 4517 2109 4587 quia
2157 4527 2410 4586 peccator
2464 4532 2582 4572 sum
2633 4530 2687 4574 et
2729 4519 3019 4590 indignus,
3066 4516 3154 4588 qui
3207 4530 3475 4587 praesumo
3505 4517 3572 4571 ad

1982 4624 2226 4670 sanetum
2271 4614 2442 4670 altare
2487 4623 2633 4668 tuum
2682 4615 2964 4682 accedere,
2998 4625 3052 4670 et
3079 4616 3330 4669 invocare
3376 4622 3447 4679 te,
3480 4613 3571 4684 qui

269 4701 440 4767 mine,
474 4716 595 4754 cum
621 4699 852 4770 precibus
883 4715 902 4754 :
938 4699 1200 4772 Exsurge.
1247 4698 1503 4766 Domine;
1536 4701 1630 4754 ﬁat
1652 4700 1874 4755 miseri-
1897 4719 1959 4778 ἒι)
1984 4703 2205 4774 peccavi
2239 4722 2420 4762 coram
2461 4715 2531 4775 te,
2564 4716 2618 4762 et
2650 4722 2830 4762 coram
2872 4707 3074 4777 angelis
3106 4708 3236 4773 tuis;
3279 4706 3370 4761 sed
3401 4706 3572 4761 trilme

270 4793 458 4847 cordia
505 4802 621 4858 tua,
671 4791 928 4859 Domine;
979 4791 1120 4848 Dens
1169 4800 1224 4846 tu
1273 4805 1604 4858 conversus;
1637 4791 1877 4848 Ostende

274 4883 464 4951 nobis,
521 4881 788 4949 Domine;
833 4881 912 4938 Ne
963 4882 1134 4938 intres
1175 4883 1228 4936 in
1270 4880 1561 4952 judicium;
1608 4882 1878 4953 Propitius

271 4985 390 5030 esto
419 4975 659 5044 peccatis
679 4974 908 5040 nostris;
938 4973 1186 5043 Domine,
1223 4976 1412 5030 exaudi
1443 4975 1764 5031 orationem.

341 5071 523 5126 Aures
552 5077 658 5124 tuae
683 5069 920 5139 pietatis,
957 5069 1243 5126 mitissime
1270 5070 1434 5140 Deus,
1463 5070 1660 5125 inclina
1692 5069 1878 5139 preci-

271 5159 374 5216 lms
421 5162 592 5230 meis,
642 5170 698 5218 et
746 5162 919 5234 gratia
973 5163 1148 5218 sancti
1205 5163 1434 5232 Spiritus
1485 5162 1725 5218 illumina
1778 5179 1873 5218 cor

277 5279 483 5329 meum,
511 5271 574 5318 ut
597 5265 708 5320 tuis
734 5265 1050 5321 ministeriis
1094 5262 1253 5334 digne
1291 5265 1594 5320 ministrare
1638 5264 1871 5333 valeam,

275 5371 338 5411 ac
365 5369 418 5413 te
444 5369 646 5415 aeterm
672 5359 937 5415 charitate
959 5359 1184 5427 diligere
1207 5371 1438 5413 merear.
1463 5357 1588 5412 Per.

358 5448 541 5503 Oratio
564 5450 849 5504 sacerdotis
878 5451 946 5503 ad
971 5448 1185 5505 Missam
1205 5448 1555 5519 praeparandi.
1580 5477 1652 5489 —
1673 5446 1875 5503 Obum-

279 5539 382 5595 bra
403 5582 416 5606 ,
443 5542 698 5608 Domine,
726 5550 893 5612 caput
938 5557 1118 5597 meum
1151 5540 1464 5595 untbraculo
1502 5548 1704 5596 sanctae
1725 5539 1870 5606 ﬁdei,

280 5645 336 5690 et
363 5637 569 5706 expelle
596 5651 626 5691 a
653 5653 740 5694 me
764 5636 948 5692 nubila
980 5635 1317 5708 ignorantiae.
1351 5635 1542 5690 Amen.

360 5728 438 5780 Ad
460 5729 655 5784 albam.
685 5759 758 5769 —
787 5729 953 5785 Indue
974 5743 1082 5794 me,
1112 5728 1354 5791 Domine,
1382 5725 1706 5781 vestimento
1729 5724 1876 5781 salu-

287 5819 383 5885 tis,
404 5830 451 5876 et
480 5822 758 5879 circumda
800 5839 890 5879 me
915 5823 1081 5878 lorica
1101 5821 1447 5877 fortitudinis.
1480 5822 1672 5876 Amen.

370 5912 444 5967 Ad
471 5930 681 5970 sonam.
710 5945 778 5956 —
809 5915 1067 5985 Domine,
1105 5915 1320 5986 accinge
1360 5915 1413 5972 in
1458 5929 1545 5972 me
1570 5913 1869 5974 custodiam

1987 4797 2151 4870 249
2178 4797 2559 4868 indulgentiam
2590 4798 2907 4853 delictorum
2935 4814 3198 4861 meorum,
3223 4809 3275 4852 et
3304 4796 3562 4851 conﬁrma

1983 4907 2072 4946 me
2095 4892 2146 4946 in
2179 4902 2364 4946 sancta
2397 4891 2637 4946 Ecclesia
2669 4899 2779 4956 tua,
2814 4891 2865 4945 in
2899 4890 3002 4945 fide
3032 4890 3483 4954 orthodoxornm,
3517 4899 3571 4943 et

1985 4983 2120 5040 doce
2159 5001 2248 5040 me
2296 4983 2474 5040 facere
2526 4984 2851 5038 voluntatem
2897 4993 3040 5038 tuam
3087 4984 3335 5038 omnibus
3379 4982 3566 5037 diebus

1984 5079 2105 5133 vita:
2133 5093 2287 5132 meae.
2321 5077 2420 5144 Qui
2447 5076 2603 5131 vivis.

2059 5169 2242 5240 (1007)
2288 5169 2422 5224 Item
2457 5169 2635 5223 Oratio
2664 5169 2867 5223 interim
2923 5169 3043 5222 dum
3071 5169 3249 5224 Gloria
3291 5168 3342 5221 in
3391 5163 3570 5220 excel-

1983 5263 2058 5318 sis
2077 5263 2190 5317 Deo
2216 5271 2472 5316 cantatur.
2502 5291 2574 5304 —
2617 5263 2844 5317 Domine
2887 5261 3013 5318 Jesu
3060 5260 3289 5324 Christe,
3324 5256 3561 5312 Redem-

1979 5367 2102 5428 ptor
2129 5356 2331 5426 mundi,
2361 5356 2619 5427 propitius
2643 5365 2758 5412 esto
2791 5357 2923 5410 mihi
2973 5353 3258 5425 peccatori,
3313 5350 3562 5406 omnibus

1981 5449 2152 5506 modis
2183 5449 2234 5504 in
2269 5459 2486 5520 peccato
2522 5449 2741 5520 jacenti,
2773 5448 2894 5521 quia
2922 5457 2975 5503 tu
3004 5449 3148 5504 solus
3173 5445 3395 5500 Domine
3426 5443 3568 5497 Dens

1984 5551 2165 5597 noster
2188 5541 2504 5596 immortalis
2553 5557 2609 5596 es
2633 5550 2688 5597 et
2731 5541 2847 5595 sine
2897 5549 3152 5608 peccato;
3186 5534 3400 5606 indulge
3428 5532 3554 5587 mihi

1985 5633 2285 5689 miserrimo
2316 5633 2657 5703 prmsumenti
2716 5631 2971 5686 accedere
3001 5631 3064 5681 ad
3107 5633 3347 5682 sanetum
3399 5627 3569 5680 altare

1985 5736 2132 5783 tuum
2175 5736 2231 5782 et
2267 5727 2516 5782 invocare
2565 5737 2635 5793 te,
2689 5726 2809 5795 quia
2838 5721 3056 5792 peccavi
3088 5720 3157 5775 ab
3197 5719 3419 5775 infantia
3452 5735 3569 5774 mea

1985 5837 2150 5891 usque
2182 5837 2320 5876 nunc
2349 5835 2527 5875 coram
2563 5828 2631 5884 te,
2659 5825 2713 5872 et
2743 5831 2921 5870 coram
2948 5814 3190 5869 omnibus
3214 5814 3408 5869 sanctis
3440 5814 3564 5874 luis;

1981 5913 2074 5972 sed
2102 5928 2196 5984 per
2225 5911 2439 5970 illorum
2489 5909 2920 5966 intercessionem
2977 5905 3148 5964 tribue
3206 5907 3334 5962 mihi
3383 5904 3562 5960 divina
