4042 6350
481 485 587 541 247

1086 468 1434 531 APPENDIX
1472 468 1563 523 AD
1602 466 1660 523 S.
1696 457 2026 519 GREGORH
2068 456 2073 511 l

2193 452 2282 511 :NI
2320 451 2448 509 LIB.
2485 446 3128 509 SACRAMENTORUM.

3640 448 3746 506 118

483 602 769 663 clementia
793 598 1005 654 veniam
1044 600 1388 667 peccatorum
1419 600 1683 653 meorum,
1714 590 1768 637 et
1796 581 1930 636 doce
1976 593 2062 635 me
2089 574 2148 636 Δ
2170 581 2223 631 te
2252 580 2560 643 peccatores
2586 585 2692 627 non
2713 570 2913 626 habent
2934 566 3097 667 verba
3121 566 3238 621 sine
3262 562 3755 667 nimium-praesta,

485 700 658 753 lacere
687 693 1012 748 voluntatem
1066 695 1210 743 tuam
1233 683 1481 741 omnibus
1508 679 1701 735 diebus
1729 676 1853 732 vitae
1901 688 2059 730 meae.

482 792 585 861 Qui
614 789 747 844 vivis
776 794 832 843 et
859 796 1069 854 regnas.

561 880 753 954 (1008)
795 879 919 934 Post
948 877 1211 934 collectam
1259 884 1418 941 usque
1446 867 1513 924 ad
1542 864 1886 938 Evangelium
1912 870 2065 936 prout

480 977 579 1035 sibi
608 975 857 1037 videatur,
882 972 1005 1025 dicit
1034 969 1125 1022 has
1152 967 1422 1020 Orationes
1446 977 1465 1015 :

555 1070 718 1134 Deus,
751 1067 840 1136 qui
867 1064 933 1120 de
958 1060 1185 1132 indignis
1213 1058 1401 1126 dignos
1416 1055 1566 1122 lacis,
1596 1053 1663 1110 de
1691 1051 2064 1123 peccatoribus

478 1163 672 1233 justas,
704 1157 771 1213 de
816 1152 1102 1211 immundis
1131 1147 1378 1215 mundos,
1407 1144 1605 1201 munda
1635 1158 1831 1213 corpus
1860 1157 2063 1211 meum,

482 1264 535 1311 et
555 1268 650 1309 car
682 1264 860 1306 meum
882 1247 948 1301 ab
976 1243 1120 1300 omni
1149 1241 1468 1310 contagione
1494 1246 1548 1293 et
1575 1235 1735 1292 sorde
1753 1234 1978 1305 peccati,
2013 1243 2068 1289 et

485 1347 566 1402 fac
593 1359 679 1399 me
703 1342 917 1411 dignum
959 1335 1155 1391 sanctis
1203 1331 1460 1386 altaribus
1508 1328 1613 1383 tttis
1659 1327 1981 1392 ministrum,
2014 1333 2068 1382 et

482 1434 718 1496 concede
736 1431 1022 1504 propitius,
1044 1434 1103 1481 ut
1143 1426 1196 1482 in
1224 1424 1327 1479 hoc
1355 1421 1529 1488 altari,
1555 1420 1621 1475 ad
1652 1419 1791 1491 quod
1818 1419 2068 1490 indignus

482 1528 702 1594 accedo,
736 1524 950 1579 Hostias
997 1518 1284 1589 placabiles
1334 1514 1558 1571 oﬁ‘eram
1608 1512 1793 1583 pietati
1822 1519 1925 1567 tuae
1970 1526 2068 1581 pro

480 1620 714 1694 peccatis
738 1629 791 1673 et
818 1614 1197 1672 oﬁ‘ensianibus
1221 1609 1379 1676 meis,
1408 1619 1463 1663 et
1486 1606 1780 1662 innumeris
1802 1604 2066 1677 quotidia-

480 1715 670 1784 nisque
690 1709 1016 1769 excessibus,
1046 1712 1100 1760 et
1119 1717 1279 1773 grege
1302 1699 1430 1755 mihi
1453 1698 1760 1766 commisso,
1788 1707 1841 1754 et
1871 1696 2070 1752 famulo

480 1817 571 1860 tuo
600 1805 662 1859 N.
705 1803 1053 1872 conjugeque,
1078 1812 1140 1852 ac
1168 1794 1364 1867 populo
1395 1790 1495 1847 sibi
1516 1791 1780 1861 subjecto,
1810 1800 1867 1845 et
1894 1788 2069 1846 omni-

478 1899 581 1953 bus
615 1896 1137 1961 circumastantibus,
1160 1892 1514 1959 omnibusque
1544 1887 1676 1943 mihi
1704 1884 2069 1942 familiaritate

2168 663 2417 731 Domine,
2447 671 2505 719 ut
2530 663 2576 718 si
2602 678 2669 718 ex
2704 661 2859 717 nobis
2886 659 3119 729 indignis
3149 666 3204 714 et
3244 656 3612 727 peccatoribus
3636 658 3759 714 duri

2168 754 2346 813 cordis
2375 754 2535 810 verba
2580 769 2689 809 non
2715 752 2960 823 suscipis,
2997 765 3093 821 per
3117 750 3454 819 temetipsum
3484 750 3636 805 nobis
3664 766 3762 806 ve-

2170 851 2309 905 niam
2336 849 2598 919 largiaris.
2630 846 2732 915 Qui
2774 846 2908 902 vivis
2947 853 3001 900 et
3028 858 3223 914 regnas
3254 843 3395 899 Deus
3420 854 3476 900 et
3514 857 3757 915 semper,

2169 950 2227 999 et
2255 943 2308 998 in
2351 949 2550 996 aeterna
2583 938 2779 994 saecula
2810 936 3152 992 saeculorum.

2242 1034 2384 1089 Tunc
2414 1032 2599 1105 (1013)
2631 1038 2885 1085 convertat
2913 1044 2968 1083 se
3011 1028 3079 1082 ad
3106 1026 3454 1097 suscipiendas
3480 1025 3763 1080 oblationes

2168 1135 2489 1203 oﬂ'erentium
2534 1131 2943 1203 presbyterorum
2987 1127 3065 1182 uel
3110 1122 3766 1194 diaconorum,(101«1)et

2168 1228 2305 1283 dicat
2324 1226 2667 1296 unusquisque
2695 1224 2826 1278 hanc
2851 1222 3195 1276 Orationem:

2240 1318 2359 1375 Tibi
2389 1317 2618 1374 Domino
2646 1318 2758 1372 Deo
2782 1315 3027 1371 Creatori
3059 1327 3181 1369 meo
3211 1311 3439 1368 hostiam
3462 1308 3632 1365 oﬁ‘ero
3663 1325 3766 1379 pro

2168 1412 2488 1470 remissione
2511 1410 2747 1467 omnium
2790 1418 3151 1479 peccatorum,
3184 1412 3237 1463 et
3283 1414 3603 1461 cunctorum
3634 1401 3775 1458 ﬁde-

2170 1506 2298 1562 lium
2322 1512 2562 1561 tuorum.

2244 1599 2372 1653 Cum
2400 1597 2646 1651 diaconus
2675 1593 2895 1650 libamen
2928 1592 3103 1648 calicis
3134 1591 3344 1660 accipit,
3387 1589 3522 1644 dicat
3549 1604 3569 1643 :

2243 1694 2535 1762 Acceptum
2556 1692 2625 1747 sit
2642 1689 2997 1759 omnipotenti
3018 1688 3130 1743 Deo
3148 1684 3479 1743 sacriﬁcium
3492 1684 3657 1741 istud.

2248 1784 2391 1839 Tunc
2436 1784 2611 1838 redeat
2653 1782 2891 1836 sacerdos
2920 1782 2987 1834 ad
3040 1779 3237 1843 altare;
3286 1787 3333 1833 et
3380 1793 3549 1831 coram
3589 1777 3772 1844 altari,

2174 1886 2444 1949 antequam
2473 1877 2734 1932 Secretam
2765 1875 2921 1939 dicat,
2941 1873 3126 1945 (1015)
3144 1880 3337 1927 accuset
3364 1886 3417 1925 se
3437 1870 3580 1941 prius
3621 1871 3774 1940 ﬂebi-

478 1991 800 2063 conjunctis,
833 1999 990 2060 atque
1016 1989 1263 2044 omnibus
1289 2000 1373 2041 me
1409 1984 1534 2039 odio
1573 1980 1890 2037 exsecrabili
1924 1980 2072 2035 inse-
2103 1972 2154 2034 B
2179 1973 2314 2039 liter,
2344 1980 2390 2025 et
2411 1972 2549 2025 dicat
2579 1970 2711 2023 hanc
2746 1969 3043 2021 Orationem
3069 1983 3090 2022 :

478 2086 769 2151 ctantibus,
792 2092 849 2140 et
877 2083 1132 2140 Ecclesiae
1156 2090 1261 2137 tuae
1295 2077 1597 2135 commissae
1634 2075 2066 2140 adversantibus,

478 2183 686 2239 cunctis
728 2181 975 2239 ﬁdelibus
1015 2179 1173 2235 simul
1203 2174 1542 2233 Christianis.
1570 2173 1638 2229 Et
1690 2188 1787 2243 per
1830 2188 1952 2229 eum
1999 2171 2071 2225 sit

480 2277 571 2331 tibi
597 2291 775 2331 meum
812 2284 1014 2340 votum,
1049 2282 1209 2341 atque
1234 2269 1554 2326 sacriﬁcium
1584 2265 1933 2336 acceptabile,
1978 2262 2071 2331 qui

481 2385 537 2425 se
568 2368 661 2424 tibi
688 2370 797 2424 Deo
826 2368 967 2423 Patri
998 2366 1190 2421 obtulit
1215 2364 1269 2420 in
1294 2361 1612 2419 sacriﬁcium
1643 2360 1800 2416 Jesus
1822 2357 2071 2413 Christus

482 2460 744 2517 Dominus
766 2468 969 2515 noster.

551 2551 796 2623 ignosce,
840 2552 1089 2621 Domine,
1122 2548 1264 2621 quod
1296 2556 1349 2605 te
1377 2561 1568 2617 rogare
1596 2543 1910 2615 compellor,
1944 2543 2068 2600 dum

481 2657 579 2715 per
598 2644 870 2700 immunda
901 2643 1041 2699 labia
1076 2656 1193 2697 mea
1225 2656 1422 2698 nomen
1453 2649 1698 2695 sanctum
1731 2647 1879 2694 tuum
1918 2652 2071 2694 assu-

482 2752 597 2806 mo,
619 2746 679 2792 ut
715 2752 837 2793 cum
887 2735 1259 2808 pudendorum
1307 2742 1522 2789 actuum
1570 2747 1812 2789 meorum
1862 2740 2073 2787 secreta

480 2828 761 2897 conﬁteor,
793 2844 901 2884 non
924 2829 1095 2883 habeo
1118 2827 1257 2899 apud
1304 2836 1357 2883 te
1379 2826 1540 2882 verba
1575 2825 1691 2881 sine
1714 2824 1959 2880 crimine.
1991 2823 2071 2879 Tu

481 2923 625 2979 enim
653 2922 996 2979 conscientiae
1019 2937 1152 2979 meae
1171 2921 1413 2987 vulnera,
1438 2929 1492 2974 tu
1517 2919 1899 2988 cogitationum
1928 2930 2075 2972 mea-

480 3030 603 3072 rum
632 3016 839 3072 occulta
867 3016 1027 3080 nosti,
1057 3024 1112 3071 et
1157 3014 1549 3070 immunditiam
1600 3027 1774 3067 meam
1827 3020 1883 3065 tu
1927 3012 2073 3066 solus

482 3108 750 3178 agnoscis.
800 3106 1054 3162 Miserere
1102 3106 1254 3171 mihi,
1320 3105 1567 3167 Domine,
1615 3104 1875 3159 miserere
1905 3102 2071 3169 mihi;

484 3199 702 3269 ignosce
741 3198 978 3268 mysterii
1024 3197 1098 3251 tui
1120 3204 1325 3253 secreta
1352 3195 1621 3258 tractanti,
1650 3195 1757 3249 'nec
1792 3193 2071 3265 indignum

484 3292 851 3349 misericordia
894 3302 979 3346 tua
1010 3291 1217 3360 iudices
1240 3304 1397 3359 quem
1427 3304 1526 3359 pro
1545 3288 1669 3344 aliis
1710 3303 1903 3359 rogare
1950 3303 2073 3358 per-

2244 2064 2435 2137 (1016)
2469 2065 2607 2118 Ante
2623 2072 2967 2131 conspectum
2982 2058 3174 2114 divinae
3194 2055 3485 2128 Maiestatis
3508 2064 3616 2112 tua:
3642 2070 3770 2112 reus

2178 2133 2391 2225 assisto,
2418 2158 2507 2229 qui
2537 2158 2788 2213 invocare
2811 2169 3007 2211 nomen
3030 2161 3270 2210 sanctum
3300 2162 3445 2207 tuum
3471 2166 3766 2222 praesumo.

2173 2254 2427 2309 Miserere
2452 2249 2604 2318 mihi,
2644 2248 2888 2313 Domine,
2935 2245 3135 2301 homini
3184 2245 3485 2315 peccatori;
3533 2243 3764 2314 ignosce

2172 2347 2391 2418 indigno
2416 2343 2705 2409 sacerdoti,
2731 2357 2825 2413 per
2852 2342 3003 2411 cujus
3028 2355 3216 2396 manus
3235 2344 3349 2394 haec
3371 2338 3574 2395 oblatio
3605 2339 3763 2393 vide«

2174 2447 2260 2496 tur
2288 2438 2491 2503 oll’erri,
2524 2450 2682 2506 parce
2704 2434 2825 2490 labe
2864 2442 3206 2504 peccatorum
3234 2447 3347 2502 prae
3373 2431 3585 2486 caeteris
3612 2430 3764 2500 capi-

2177 2532 2360 2588 talium
2386 2529 2611 2601 polluto.
2645 2529 2713 2584 Et
2743 2543 2810 2585 ne
2839 2529 3005 2585 intres
3038 2529 3088 2583 in
3127 2526 3390 2599 judicium
3432 2541 3553 2582 cum
3595 2539 3761 2581 servo

2175 2634 2266 2680 tuo
2307 2623 2512 2679 scilicet
2541 2622 2683 2677 vitiis
2713 2636 2778 2677 ac
2806 2620 3167 2691 voluptatibus
3223 2620 3399 2675 carnis
3440 2625 3760 2690 aggravato.

2175 2717 2503 2785 Recordare,
2532 2715 2775 2779 Domine,
2808 2714 2949 2784 quod
2980 2729 3108 2770 caro
3135 2729 3277 2768 sum.
3310 2713 3367 2768 1n
3408 2721 3499 2769 tuo
3527 2726 3765 2783 conspe-

2176 2821 2266 2867 ctu
2282 2811 2444 2866 etiam
2473 2809 2596 2865 caeli
2620 2824 2727 2864 non
2746 2816 2873 2864 sunt
2902 2808 3107 2873 mundi,
3125 2816 3325 2877 quanto
3355 2805 3523 2876 magis
3550 2821 3652 2861 nos
3678 2808 3777 2862 ho-

2177 2906 2349 2960 mines
2393 2904 2665 2958 mortales.
2689 2901 2940 2970 Indignus
2970 2914 3087 2955 sum
3112 2908 3168 2953 ut
3196 2900 3298 2954 sim
3328 2899 3532 2954 vivens.
3562 2898 3647 2953 Tu
3679 2898 3777 2968 qui

2178 3012 2283 3052 non
2310 2997 2394 3053 vis
2424 3004 2646 3052 mortem
2679 2994 2991 3064 peccatoris,
3020 2993 3085 3048 da
3115 2992 3249 3047 mihi
3284 2992 3496 3047 veniam
3525 2991 3580 3045 in
3604 3004 3772 3046 carne

2177 3089 2488 3154 constituto,
2520 3096 2581 3143 ut
2626 3102 2720 3157 per
2776 3084 3099 3157 poenitentiae
3143 3085 3356 3140 labores
3400 3084 3508 3139 vita
3560 3092 3771 3139 aeterna

2178 3183 2423 3255 perfruar
2451 3182 2504 3237 in
2534 3180 2686 3237 caelis
2708 3195 2805 3252 per
2830 3189 2902 3245 te,
2933 3178 3062 3234 Jesu
3088 3176 3319 3234 Christe.

2252 3274 2438 3345 (1017)
2468 3271 2613 3326 Tunc
2640 3288 2765 3341 puro
2815 3271 2967 3325 corde
2995 3269 3178 3339 o/ferat
3207 3269 3429 3324 Domino
3471 3266 3672 3324 oblatas
3702 3268 3784 3322 al-

484 3383 687 3449 mittis;
716 3391 772 3438 et
798 3383 853 3437 in
890 3397 994 3453 quo
1024 3382 1387 3437 testimonium
1420 3382 1546 3436 boni
1572 3381 1750 3450 operis
1777 3396 1879 3435 non
1907 3396 2074 3450 agno-
2102 3366 2148 3430 C
2179 3366 2279 3449 tari
2301 3364 2664 3436 δυρθνρωίίαδο
2701 3363 2869 3416 dicens
2900 3378 2919 3417 -'

485 3476 613 3543 scis,
645 3476 875 3531 ofﬁcium
899 3477 1088 3531 saltem
1110 3475 1525 3545 dispensationis
1550 3473 1769 3532 creditae
1792 3489 1899 3530 non
1921 3490 2080 3531 recu-

489 3583 599 3637 ses,
630 3568 876 3625 Salvator
901 3569 1105 3624 mundi.
1138 3568 1238 3636 Qui
1269 3569 1426 3624 vivis.

557 3661 686 3717 Cum
710 3660 896 3735 (1009)
916 3663 1191 3727 incensum,
1213 3671 1487 3734 antequam
1507 3660 2077 3735 legaturEuangelium,

487 3756 640 3811 mittit
665 3756 723 3812 in
753 3756 1101 3823 thuribulum,
1135 3758 1273 3811 dicat
1302 3772 1322 3813 :

555 3849 733 3906 Odore
759 3851 996 3907 caelestis
1026 3849 1391 3919 inspirationis
1440 3864 1551 3905 suae
1577 3848 1857 3916 accendat,
1891 3857 1946 3905 et
1981 3850 2082 3906 im-

488 3942 630 4012 pleat
659 3942 919 4000 Dominus
939 3946 1102 4000 corda
1125 3952 1310 4000 nostra
1339 3944 1404 3998 ad
1432 3945 1695 4000 audienda
1723 3952 1778 4000 et
1811 3944 2079 4011 implenda

488 4033 765 4105 Evangelii
802 4036 884 4091 sui
914 4044 1201 4107 praecepta.
1235 4036 1336 4102 Qui
1364 4036 1515 4091 vivit.

555 4125 744 4197 (1010)
787 4125 988 4183 Deinde
1006 4127 1278 4182 inclinanti
1300 4126 1516 4181 diacono
1538 4126 1674 4180 dicat
1696 4124 1934 4180 sacerdos
1957 4141 1977 4180 :

557 4215 816 4271 Dominus
846 4219 898 4272 in
929 4218 1091 4274 corde
1133 4228 1241 4284 tuo,
1273 4227 1326 4273 et
1362 4216 1415 4272 in
1444 4217 1601 4272 labiis
1631 4217 1757 4281 tuis,
1789 4224 1846 4273 ut
1875 4231 2084 4275 annun-

486 4307 585 4364 ties
609 4315 977 4377 competenter
1001 4310 1342 4378 Evangelium
1376 4310 1545 4378 pacis.

554 4402 574 4470 (
585 4399 745 4471 1011)
787 4398 1019 4454 Perlecto
1045 4412 1215 4453 autem
1238 4398 1540 4469 Evangelia,
1564 4401 1817 4470 a/feratur
1839 4402 1910 4457 ad
1937 4403 2083 4459 salu-

481 4495 699 4546 tandum
723 4492 979 4562 episc0po,
1013 4501 1060 4545 et
1081 4493 1217 4545 dicat
1244 4506 1264 4543 :

554 4584 659 4640 Per
684 4585 815 4641 istos
847 4598 1126 4640 sermones
1171 4583 1341 4639 sancti
1375 4582 1647 4654 Evangelii
1696 4582 1818 4639 Filii
1852 4584 1926 4639 tui
1977 4584 2086 4641 Do-

483 4676 616 4731 mini
640 4675 809 4732 nostri
832 4676 960 4733 Jesu
1008 4674 1211 4731 Christi
1256 4673 1531 4745 indulgeat
1574 4674 1834 4731 Dominus
1862 4685 2083 4746 peccata

485 4780 693 4827 nostra.

555 4871 683 4928 Cum
713 4871 900 4943 (1012)
940 4881 1110 4928 autem
1136 4882 1377 4927 ornatum
1408 4871 1561 4943 fuerit
1590 4868 1774 4934 altare,
1805 4879 2077 4937 antequam

483 4965 729 5035 suscipiat
754 4963 948 5035 prcesul
978 4964 1260 5017 oblationes
1295 4965 1723 5034 presbyterorum,
1748 4971 1793 5015 et
1825 4960 2076 5015 diacono-

482 5073 619 5125 rum,
662 5056 785 5109 dum
811 5066 1064 5110 canuntur
1095 5054 1393 5123 Oﬁ‘ertoria.
1426 5055 1675 5110 ascendat
1715 5054 1784 5107 ad
1813 5053 1999 5120 altare,
2028 5063 2078 5108 et

482 5146 767 5201 humillime
789 5147 925 5200 dicat
958 5146 1093 5199 hanc
1126 5145 1422 5199 Orationem
1447 5160 1468 5199 :

558 5239 722 5309 250
751 5239 889 5293 Ante
908 5238 1093 5291 oculos
1116 5245 1254 5304 tuos,
1280 5237 1527 5305 Domine,
1560 5250 1705 5304 reus,
1734 5239 2076 5301 conscientiae

482 5329 634 5384 testis
666 5330 880 5383 assisto.
913 5329 1125 5399 Rogare
1152 5345 1256 5383 non
1281 5329 1452 5384 audeo
1472 5329 1611 5397 quod
1647 5330 1936 5399 impetrare
1968 5347 2074 5387 non

481 5435 717 5475 mereor.
754 5419 835 5474 Tu
873 5420 1016 5475 enim
1048 5420 1175 5487 scis,
1210 5419 1451 5485 Domine,
1491 5436 1610 5490 quae
1638 5432 1866 5489 aguntur
1889 5424 1942 5476 in
1979 5438 2076 5478 no-

484 5513 591 5570 bis.
625 5514 1000 5570 Erubescimus
1025 5514 1272 5568 conﬁteri
1303 5513 1444 5581 quod
1479 5529 1585 5568 non
1609 5513 1856 5569 timemus
1880 5516 2075 5571 admit-

484 5613 617 5659 tere.
652 5604 847 5662 Verbis
886 5606 980 5660 tibi
1027 5613 1229 5660 tantum
1276 5605 1644 5676 obsequimur,
1687 5606 1851 5663 corde
1881 5608 2074 5663 menti-

488 5709 639 5761 mur;
670 5705 726 5752 et
753 5697 893 5768 quod
910 5698 1050 5755 velle
1067 5713 1165 5753 nos
1188 5698 1441 5766 dicimus,
1465 5700 1607 5755 nolle
1636 5699 1835 5755 nostris
1862 5701 2072 5756 actibus

486 5785 864 5850 approbamus.
889 5789 991 5845 Sed
1029 5804 1207 5860 parce,
1243 5791 1466 5846 Domine
1492 5791 1892 5856 conﬁtentibus,
1924 5791 2075 5860 igno-

487 5885 579 5927 sce
628 5879 995 5948 peccantibus,
1048 5882 1307 5940 miserere
1355 5892 1410 5941 te
1458 5884 1788 5955 rogantibus.
1850 5884 1915 5937 Et
1954 5884 2076 5954 quia

486 5977 639 6021 meus
666 5980 856 6024 sensus
874 5970 927 6029 in
952 5975 1303 6033 sacramentis
1330 5978 1431 6034 tuis
1460 5978 1700 6033 inﬁrmus
1730 5984 1830 6042 est,
1860 5983 1913 6030 et
1936 5974 2076 6043 apud

2252 3448 2443 3530 (1018)
2485 3456 2732 3525 Suscipe,
2765 3461 2948 3509 sancta
2965 3453 3221 3521 Trinitas,
3251 3453 3387 3508 hanc
3412 3452 3777 3523 oblationem,

2180 3564 2339 3621 quam
2365 3548 2458 3603 tibi
2485 3548 2652 3603 allero
2676 3561 2773 3617 pro
2800 3561 2884 3602 me
2916 3554 3220 3615 peccatore,
3252 3555 3305 3600 et
3332 3554 3529 3602 nostra:
3550 3560 3782 3617 congre-

2181 3642 2399 3699 tationis
2444 3641 2647 3706 salute,
2687 3650 2742 3696 et
2793 3655 2890 3711 pro
2917 3640 3061 3694 omni
3115 3639 3309 3709 populo
3354 3638 3685 3704 Christiano,
3731 3645 3790 3694 et

2181 3750 2283 3807 pro
2326 3736 2574 3792 omnibus
2603 3735 2975 3804 eleemosynas
3020 3733 3173 3788 nobis
3215 3732 3546 3798 facientibus,
3597 3739 3651 3787 et
3684 3746 3791 3803 pro

2182 3833 2268 3889 bis
2293 3831 2455 3889 etiam
2481 3832 2570 3903 qui
2603 3846 2662 3889 se
2684 3831 3199 3887 commendavcrunt
3242 3831 3293 3885 in
3331 3838 3542 3885 nostras
3573 3830 3784 3884 oratio-

2184 3938 2312 3991 nes;
2344 3933 2399 3980 et
2420 3927 2511 3994 qui
2538 3924 2711 3978 nostri
2734 3923 3046 3979 memoriam
3082 3924 3136 3977 in
3176 3922 3289 3978 suis
3328 3921 3657 3977 orationibus
3688 3921 3791 3978 ha-

2184 4015 2334 4081 bent,
2377 4026 2435 4071 ut
2472 4015 2562 4070 hic
2606 4016 2821 4071 veniam
2870 4014 3191 4085 recipiamus
3235 4025 3596 4085 peccatorum,
3640 4024 3706 4069 ut
3734 4014 3793 4071 in

2186 4107 2365 4163 futuro
2392 4108 2611 4176 praemia
2633 4109 2888 4178 consequi
2911 4122 3213 4162 mereamur
3234 4115 3454 4163 aeterna.
3478 4109 3674 4161 Amen.

2259 4200 2451 4273 (1019)
2494 4200 2739 4270 Suscipe,
2770 4208 2955 4255 sancta
2984 4199 3239 4267 Trinitas,
3269 4199 3407 4255 hanc
3432 4198 3788 4267 oblationem;

2186 4309 2349 4367 quam
2374 4294 2541 4350 oﬁ‘ero
2592 4294 2858 4363 inprimis,
2901 4302 2960 4349 ut
3002 4294 3206 4364 justum
3236 4300 3337 4362 est,
3372 4293 3426 4348 in
3455 4295 3783 4349 memoriam

2187 4388 2592 4456 Incarnationis,
2627 4388 2956 4455 Nativitatis,
2990 4388 3283 4456 Passionis,
3326 4389 3783 4457 Resurrectionis,

2188 4484 2639 4552 Ascensionisque
2661 4482 2871 4538 Domini
2901 4481 3069 4538 nostri
3107 4481 3235 4538 Jesu
3264 4479 3488 4547 Christi,
3510 4492 3567 4538 et
3598 4484 3651 4538 in
3681 4484 3785 4539 ho-

2190 4591 2373 4632 norem
2404 4577 2644 4631 omnium
2692 4586 3001 4631 sanctorum
3062 4585 3294 4645 tuorum,
3326 4577 3416 4646 qui
3444 4576 3535 4631 tibi
3568 4577 3787 4645 placue-

2188 4676 2317 4725 runt
2342 4669 2408 4723 ab
2440 4668 2591 4725 initio
2617 4669 2823 4733 mundi,
2869 4680 2924 4726 ct
2953 4685 3179 4739 quorum
3210 4670 3429 4725 nomina
3458 4678 3513 4724 et
3540 4670 3788 4741 reliquias

2110 4761 2165 4823 Ι)
2195 4764 2282 4820 hic
2294 4765 2656 4832 continentur,
2679 4773 2936 4820 eteorum
2953 4779 3176 4835 quorum
3198 4763 3453 4821 festivitas
3477 4764 3787 4819 celebratur

2186 4858 2240 4913 in
2269 4858 2449 4923 terris,
2482 4866 2536 4911 ut
2564 4856 2666 4910 illis
2706 4856 2945 4926 proﬁciat
2971 4857 3037 4912 ad
3089 4857 3369 4924 honorem,
3417 4856 3572 4912 nobis
3598 4868 3781 4913 autem

2185 4948 2252 5004 ad
2280 4950 2526 5011 salutem.
2576 4956 2633 5004 ut
2658 4948 2735 5003 illi
2783 4962 2972 5003 omnes
3010 4948 3343 5006 intercedere
3393 4948 3686 5020 dignentur
3720 4948 3777 5003 in

2186 5042 2361 5109 caelis,
2389 5056 2612 5111 quorum
2644 5041 2960 5095 memoriam
3003 5040 3227 5096 facimus
3258 5042 3309 5095 in
3348 5040 3525 5096 terris.
3632 5054 3635 5055 '

2257 5134 2445 5205 (1090)
2504 5133 2749 5203 Suscipe,
2802 5145 2985 5188 sancta
3047 5134 3306 5200 Trinitas,
3354 5134 3491 5188 hanc
3544 5131 3788 5187 ablatio-

2186 5242 2329 5291 nem,
2361 5241 2521 5296 quam
2549 5225 2643 5280 tibi
2666 5224 2833 5281 oﬁ‘ero
2866 5241 2961 5296 pro
2991 5226 3178 5296 (1021)
3234 5226 3410 5280 anima
3434 5221 3617 5277 famuli
3663 5222 3767 5290 tui,

2183 5327 2442 5390 quatenus
2471 5326 2521 5371 te
2550 5316 2807 5383 donante,
2830 5325 3081 5387 percepta
3105 5317 3265 5374 venia
3298 5324 3662 5387 peccatorum,
3698 5316 3785 5370 vi-

2183 5420 2253 5466 tm
2296 5426 2507 5482 quoque
2570 5413 2916 5481 sempiterna:
2960 5410 3224 5467 immensa
3267 5411 3459 5482 gaudia
3501 5409 3785 5481 percipere

2180 5515 2469 5562 mereatur.

2252 5601 2410 5672 251
2441 5597 2629 5671 (1022)
2654 5597 2898 5667 Suscipe,
2930 5607 3117 5655 sancta
3147 5598 3403 5668 Trinitas,
3434 5598 3574 5653 hanc
3618 5597 3775 5653 obla-

2179 5693 2379 5749 tionem
2418 5706 2579 5761 quam
2630 5690 2724 5746 tibi
2766 5690 2933 5747 oll'ero
2974 5707 3073 5763 pro
3121 5692 3404 5748 animabus
3458 5692 3774 5746 ﬁunulorum

2183 5796 2416 5851 tuorum,
2462 5792 2517 5839 et
2559 5782 2903 5849 famularum,
2936 5793 3013 5853 ut,
3047 5798 3146 5855 per
3173 5783 3277 5839 hoc
3302 5783 3534 5838 salutare
3561 5781 3770 5837 sacriﬁ-

2180 5880 2318 5934 cium
2373 5884 2629 5947 purgataa,
2678 5883 2992 5932 sanctorum
3061 5884 3271 5932 tuorum
3339 5873 3609 5931 consortio
3655 5888 3769 5928 me-

2183 5985 2397 6033 reantur
2425 5969 2612 6043 (1025)
2640 5967 2877 6043 adjungi.
