4042 6350
242 457 347 515 249

846 448 1189 506 APPENDIX
1226 447 1318 503 AD
1357 447 1416 502 S.
1456 444 1789 503 GREGORII
1830 446 2044 504 MAGNI
2084 449 2212 505 LIB.
2257 451 2886 516 SACRAMENTORUM.

3394 465 3499 525 250

312 574 494 651 (1021)
524 572 674 629 Tunc
716 571 963 626 diaconus
991 569 1199 625 calicem
1221 565 1406 635 offerat
1446 564 1702 619 sacerdoti
1729 580 1818 620 su-
1842 567 1899 627 Δ
1926 566 2137 623 duciam
2167 573 2444 639 speranda:
2489 576 2698 645 pietatis
2744 575 2996 645 tribuisti,
3049 583 3247 649 optatae
3293 579 3498 638 miseri-

237 690 325 746 ρει·
347 671 535 737 altare,
566 677 612 723 et
639 667 776 721 dicat
800 679 821 719 .-

304 764 528 822 lmmola
582 764 692 818 Deo
741 757 1059 815 sacriﬁcium
1108 755 1302 823 laudis,
1344 760 1401 810 et
1447 751 1611 808 redde
1655 750 1820 807 Altis-

1922 662 2117 719 cordiae
2144 674 2337 732 praesta
2368 667 2631 740 benignus
2661 671 2928 728 effectum.
2985 716 2991 721 .

1988 756 2120 813 Item
2165 776 2259 829 pro
2309 762 2541 816 omnibus
2585 763 2784 819 Oratio.
2830 794 2902 806 --
2953 764 3210 823 Precibus
3271 768 3498 839 nostris,

232 862 368 918 simo
390 867 517 915 vota
541 867 652 911 tua.
688 855 770 910 Sit
796 852 1053 907 Dominus
1076 850 1285 921 adjutor
1310 856 1450 913 tuus,
1484 843 1739 901 mundum
1767 852 1821 900 te
1919 864 2244 921 quaesumus,
2279 855 2520 921 Domine,
2560 871 2715 913 aures
2748 865 2853 913 tua:
2875 858 3087 928 pietatis
3129 860 3493 929 accommoda,

229 955 420 1020 iaciat;
451 952 579 1007 dum
615 948 851 1005 oraveris
880 946 945 999 ad
967 960 1110 1011 eum,
1142 942 1395 1000 exaudiat
1422 950 1495 996 te.

295 1047 363 1099 Et
396 1042 587 1115 (1025)
628 1042 891 1113 episcopus
912 1037 1122 1093 calicem
1144 1035 1362 1105 offerens
1394 1033 1613 1087 Domino
1638 1030 1816 1086 dicat:

296 1134 736 1207 (1026)_Domine
762 1132 888 1189 Jesu
916 1128 1151 1196 Christe,
1173 1130 1263 1199 qui
1290 1129 1342 1181 in
1373 1140 1530 1183 cruce
1552 1124 1815 1195 passionis

225 1240 321 1288 tum
349 1230 419 1285 de
449 1229 623 1284 latere
671 1236 761 1281 tuo
816 1223 1130 1295 sanguinem
1179 1228 1235 1275 et
1262 1233 1476 1286 aquam,
1532 1216 1671 1273 unde
1718 1216 1813 1271 tibi

223 1323 521 1381 Ecclesiam
563 1330 930 1382 consecrares,
961 1328 1182 1369 manare
1203 1312 1441 1379 voluisti,
1471 1311 1683 1381 suscipe
1713 1311 1815 1366 hoc

220 1414 546 1473 sacriﬁcium
575 1410 732 1466 altari
762 1419 852 1463 tuo
880 1405 1296 1477 superpositum,
1338 1415 1391 1459 et
1417 1403 1677 1469 concede,
1704 1403 1814 1458 cle-

224 1509 588 1575 mentissime,
614 1512 675 1560 ut
696 1518 792 1574 pro
820 1500 1219 1570 redemptione,
1243 1503 1426 1553 nostra
1446 1505 1502 1553 et
1532 1496 1689 1552 etiam
1716 1509 1812 1566 pro

221 1607 380 1662 totius
409 1599 601 1658 mundi
630 1598 685 1654 in
708 1602 997 1665 conspectu
1022 1591 1219 1647 divinae
1248 1588 1539 1659 Majestatis
1562 1595 1666 1644 tua:
1687 1602 1809 1644 cum

221 1699 386 1756 odore
414 1694 698 1753 suavitatis
727 1704 831 1744 tua:
859 1684 1131 1751 ascendat,
1157 1682 1283 1739 Jesu
1320 1679 1553 1737 Christe.

288 1793 372 1849 Ad
401 1790 587 1863 (1027)
618 1782 931 1841 miscendum
954 1782 1127 1836 uinum
1153 1792 1270 1831 cum
1302 1791 1457 1846 aqua.

285 1888 449 1949 Deus,
479 1882 575 1953 qui
616 1881 863 1936 humana:
895 1871 1209 1929 substantia:
1238 1870 1549 1940 dignitatem
1580 1866 1795 1923 mirabi-

1917 952 1972 999 et
1991 944 2261 1000 orationes
2305 947 2626 1017 supplicum,
2671 949 3007 1005 occultorum
3035 949 3297 1020 cognitor,
3345 950 3497 1006 beni-

1916 1048 2051 1105 gnus
2080 1036 2292 1105 exaudi,
2319 1046 2379 1092 ut
2420 1047 2470 1095 te
2498 1037 2760 1109 largiente
2784 1040 2851 1095 ad
2879 1040 3087 1096 veniam
3121 1041 3495 1111 perveniamus

1915 1133 2192 1182 aternatn.

1986 1218 2173 1290 (1056)
2208 1220 2423 1292 Expleta
2454 1221 2685 1293 Secreta,
2729 1232 2774 1278 et
2801 1222 2983 1296 (1057)
3030 1223 3273 1279 Oratione
3303 1224 3488 1279 Domi—

1914 1313 2050 1378 nica,
2087 1328 2201 1367 cum
2229 1314 2412 1368 dixerit
2442 1314 2551 1369 Pax
2580 1315 2789 1370 Domini
2836 1316 2906 1371 sit
2933 1331 3146 1387 semper
3188 1316 3491 1385 vobiscum,

1914 1405 2183 1458 misceatur
2212 1420 2398 1475 corpus
2420 1403 2628 1460 Domini
2656 1423 2771 1461 cum
2798 1409 3063 1478 sanguine.

1984 1500 2110 1555 llaéc
2151 1508 2335 1556 sancta
2374 1501 2678 1556 commistio
2704 1503 2946 1571 corporis
2998 1510 3054 1557 et
3079 1502 3350 1573 sanguinis
3388 1502 3492 1559 Do-

1912 1591 2040 1647 mini
2070 1594 2239 1649 nostri
2284 1592 2413 1649 Jesu
2460 1594 2656 1650 Christi
2687 1596 2780 1650 ﬁat
2824 1595 3071 1651 omnibus
3114 1597 3266 1652 nobis
3295 1599 3490 1654 mentis

1910 1694 1965 1739 et
1988 1683 2225 1755 corporis
2264 1685 2327 1739 ad
2361 1694 2617 1741 aeternam
2645 1686 2808 1742 vitam
2854 1686 3237 1757 capessendam
3291 1702 3468 1758 praepa

1909 1778 2045 1834 ratio
2093 1777 2363 1833 salutaris.
2396 1778 2519 1833 Per.

1980 1868 2169 1941 (1058)
2207 1868 2487 1941 Postquam
2536 1878 2706 1927 autem
2734 1872 3014 1927 benedictio
3056 1870 3353 1944 episcopalis
3398 1887 3488 1926 ea:-

215 1982 334 2037 liter
361 1974 677 2044 condidisti,
722 1982 779 2028 et
807 1966 1101 2025 mirabilius
1153 1961 1483 2027 relormasti,
1515 1962 1582 2016 da
1626 1960 1801 2029 nobis,
1838 1975 1886 2035 Β
1911 1962 2047 2034 pleta
2066 1973 2159 2027 est,
2184 1963 2436 2034 accipiens
2464 1974 2659 2033 partem
2689 1982 2842 2035 quam
2868 1973 3020 2020 auten
3048 1964 3267 2035 e/fregit,
3292 1972 3489 2018 tenens-

212 2084 551 2144 quarsumus,
579 2081 676 2137 per
700 2062 856 2132 hujus
903 2074 1055 2130 aqua:
1100 2065 1154 2112 et
1181 2056 1288 2111 vini
1321 2054 1657 2126 mysterium,
1691 2054 1808 2123 ejus

212 2163 525 2221 divinitatis
572 2172 689 2215 esse
747 2162 1049 2219 consortes,
1081 2151 1171 2222 qui
1220 2148 1563 2205 humanitatis
1610 2156 1813 2203 nostra!

212 2255 415 2333 (1028)
466 2254 705 2325 dignatus
749 2264 809 2304 es
840 2246 953 2302 ﬁeri
983 2245 1269 2315 particeps,
1301 2240 1425 2296 Jesu
1464 2239 1699 2295 Christe.
1787 2233 1791 2237 ’

278 2348 485 2422 (1029)
514 2345 654 2401 Tunc
688 2343 882 2398 eleuata
932 2356 1089 2393 manu
1117 2336 1379 2392 benedicat
1403 2344 1695 2405 utrumque.

277 2446 333 2500 ln
369 2441 596 2499 nomine
624 2436 832 2495 Domini
877 2433 1049 2490 nostri
1078 2432 1205 2488 Jesu
1234 2428 1435 2486 Christi
1479 2427 1551 2482 sit
1591 2423 1809 2482 sacrifi-

212 2538 347 2596 cium
395 2533 544 2591 istud
597 2529 1023 2596 immaculatum,
1054 2533 1109 2581 et
1138 2538 1169 2580 a
1217 2531 1271 2579 te
1294 2522 1409 2579 Deo
1427 2522 1551 2577 vivo
1597 2529 1652 2577 et
1680 2532 1809 2576 vero

210 2632 503 2687 adunatum
534 2633 590 2681 et
611 2620 975 2680 benedictum.

274 2722 473 2796 (l050)
506 2719 695 2775 Postea
726 2717 989 2771 incensum
1025 2710 1282 2784 accipiens
1312 2714 1471 2779 ponat
1492 2705 1550 2761 in
1574 2704 1809 2761 thuribu—

208 2819 337 2873 lum-
370 2817 548 2870 dicens
574 2828 594 2866 :

270 2863 381 2966 Per
446 2901 894 2962 intercessionem
950 2896 1122 2954 sancti
1176 2892 1438 2951 Gabrielis
1502 2889 1807 2961 archangeli

204 3004 397 3063 stantis
439 3016 469 3054 a
496 2998 705 3055 dextris
744 2995 930 3051 altaris
959 2990 1185 3059 incensi,
1238 2996 1295 3045 et
1322 2986 1562 3043 omnium
1608 2985 1807 3042 electo-

208 3111 317 3153 runt
357 3107 609 3157 suorum,
641 3089 917 3143 incensum
961 3083 1101 3139 istud
1145 3080 1402 3136 Dominus
1432 3078 1680 3150 dignetur
1714 3077 1809 3134 be-

210 3191 487 3254 nedicere,
514 3192 571 3240 et
596 3183 649 3237 in
676 3181 895 3236 odorem
932 3175 1211 3232 suavitatis
1248 3172 1515 3243 accipere.

272 3280 473 3353 (1051)
501 3276 651 3332 Tunc
680 3281 837 3344 ponat
880 3272 1142 3326 incensum
1177 3281 1335 3337 super
1377 3262 1709 3333 sacriﬁcium,
1757 3267 1807 3316 et

203 3377 254 3430 in
273 3373 507 3429 circuitu
535 3368 714 3423 altaris
744 3366 883 3419 dicat
907 3379 928 3417 :

269 3467 568 3522 lncensum
599 3458 739 3515 istud
764 3473 794 3511 a
846 3464 899 3512 te
929 3451 1271 3510 benedictum
1317 3446 1570 3503 ascendat
1619 3446 1687 3502 ad
1720 3454 1798 3516 te,

205 3558 460 3621 Domine,
487 3562 544 3609 et
572 3549 865 3607 descendat
915 3560 1077 3616 super
1131 3557 1230 3598 nos
1272 3537 1640 3596 misericordia
1690 3546 1799 3593 tua.

209 3650 480 3721 Dirigatur
525 3644 701 3700 oratio
727 3655 849 3699 mea
876 3639 1015 3695 sicut
1062 3637 1339 3692 incensum
1396 3632 1451 3688 in
1510 3638 1803 3701 conspectu

204 3752 312 3800 tuo.
540 3732 543 3733 ⁷

269 3831 471 3904 (1052)
523 3830 746 3899 Quando
790 3828 919 3885 odor
948 3823 1173 3897 ejusdem
1228 3820 1424 3876 incensi
1452 3817 1691 3890 episcOpo
1721 3814 1802 3871 vel

205 3930 405 3985 ceteris
438 3925 749 3997 porrigitur,
787 3919 1137 3989 unusquisque
1167 3915 1345 3970 dicat:

269 4019 556 4077 Accendat
588 4017 641 4071 in
667 4015 818 4070 nobis
859 4013 1117 4067 Dominus
1138 4010 1317 4081 ignem
1360 4006 1443 4063 sui
1485 4006 1707 4073 amoris,
1752 4012 1808 4061 et

207 4113 485 4169 ﬂammam
514 4119 732 4165 mternat
758 4105 1059 4162 charitatis.

272 4203 471 4276 (1035)
494 4201 644 4256 Tunc
662 4198 903 4253 sacerdos
931 4194 1220 4249 humillime
1248 4197 1508 4247 convertat
1532 4204 1586 4246 se
1610 4190 1681 4244 ad
1702 4190 1808 4244 cir-

208 4309 539 4365 cumstantes,
577 4306 624 4353 et
655 4296 790 4349 dicat
812 4310 832 4348 :

272 4395 446 4451 Orate
470 4406 575 4463 pro
602 4405 690 4445 me
716 4388 916 4443 misero
946 4387 1233 4454 peccatore
1282 4378 1350 4435 ad
1396 4378 1681 4435 Dominum
1713 4392 1810 4433 no-

210 4497 378 4545 strum
408 4486 597 4541 Jesum
624 4479 918 4542 Christum,
950 4486 1009 4531 ut
1034 4490 1213 4531 meum
1255 4471 1577 4528 sacriﬁcium
1623 4486 1687 4525 ac
1718 4485 1811 4527 ve-

210 4592 380 4638 strum
409 4580 481 4634 sit
504 4572 833 4645 acceptabile
862 4571 916 4626 in
945 4577 1237 4639 conspectu
1266 4566 1458 4622 divina:
1492 4565 1725 4635 pietatis.

278 4672 475 4747 (1054)
503 4671 655 4727 Tunc
681 4670 883 4723 dicatur
910 4684 944 4722 a
967 4664 1187 4737 singulis
1210 4678 1230 4718 :

1908 2071 2005 2126 que
2039 2072 2191 2125 super
2219 2056 2445 2123 calicem,
2480 2056 2685 2128 frangat
2715 2066 2761 2112 et
2795 2058 2970 2113 dicat:

1976 2147 2156 2203 Sancti
2200 2148 2475 2219 sanguinis
2522 2150 2826 2204 commistio
2871 2164 2993 2205 cum
3030 2158 3215 2205 sancto
3258 2163 3487 2220 corpore

1908 2240 2119 2296 Domini
2150 2242 2315 2297 nostri
2336 2241 2465 2297 Jesu
2494 2242 2715 2312 Christi,
2754 2244 2921 2313 prosit
2943 2244 3190 2299 omnibus
3224 2242 3489 2299 sumenti-

1911 2333 2011 2389 bus
2034 2333 2099 2387 ad
2130 2332 2290 2388 vitam
2316 2342 2595 2389 aeternam.

1983 2425 2170 2495 (l039)
2225 2424 2445 2493 Quando
2496 2441 2681 2498 corpus
2717 2424 2927 2480 Domini
2976 2424 3030 2480 in
3076 2440 3258 2479 manus
3302 2425 3491 2497 accipit

1908 2518 2083 2572 dicat:
2115 2518 2307 2573 Panem
2336 2517 2612 2575 cmlestem
2641 2518 2921 2589 accipiam,
2952 2526 3007 2575 et
3045 2533 3239 2575 nomen
3275 2519 3490 2576 Domini

1911 2610 2195 2666 invocabo.

1978 2704 2062 2759 Ad
2094 2703 2399 2759 sumendum
2431 2720 2615 2775 corpus
2646 2704 2979 2760 dominicum.

1984 2798 2170 2869 (1010)
2206 2798 2484 2868 Perceptio
2524 2799 2765 2867 corporis
2790 2800 2887 2863 tui,
2922 2797 3145 2854 Domine
3171 2798 3297 2855 Jesu
3334 2799 3492 2856 Chri-

1908 2898 2012 2958 ste,
2043 2890 2184 2961 quod
2216 2890 2465 2961 indignus
2496 2905 2709 2945 sumere
2739 2904 3028 2959 praesumo,
3061 2906 3167 2946 non
3210 2891 3337 2946 mihi
3368 2908 3495 2962 pro-

1913 2983 2085 3039 veniat
2143 2984 2196 3038 in
2255 2982 2512 3053 judicium
2568 2991 2621 3037 et
2675 2982 3194 3048 condemnationem,
3251 2983 3344 3038 sed
3400 3000 3494 3053 per

1907 3084 2052 3132 tuam
2082 3077 2332 3146 pietatem
2361 3078 2531 3147 prosit
2558 3074 2686 3130 mihi
2720 3076 2785 3131 ad
2816 3084 3169 3133 tutamentum
3191 3079 3405 3149 lmentis
3433 3086 3490 3135 et

1908 3172 2170 3243 corporis.
2203 3170 2304 3238 Qui
2334 3170 2489 3225 vivis.

1985 3262 2170 3338 (1011)
2205 3264 2423 3332 Quando
2449 3264 2661 3318 calicem
2687 3264 2893 3337 accipit,
2931 3264 3067 3319 dicat
3092 3279 3113 3320 :

1830 3358 1878 3422 C
1979 3357 2117 3427 Quid
2147 3357 2437 3413 retribuam
2468 3356 2714 3425 Domino,
2756 3366 2886 3423 etc.,
2935 3367 2990 3411 ut
3034 3358 3088 3412 in
3131 3356 3279 3414 Miss.
3337 3357 3492 3416 Rom.

1980 3448 2107 3505 Post
2136 3457 2416 3519 sumptum,
2444 3456 2653 3503 secrete.

1978 3544 2403 3600 Communicatio
2433 3550 2487 3599 et
2507 3541 2847 3599 conﬁrmatio
2879 3543 3049 3599 sancti
3077 3543 3353 3613 sanguinis
3392 3543 3490 3612 tui,

1906 3638 2132 3695 Domine
2182 3636 2312 3693 Jesu
2341 3634 2578 3703 Christe,
2629 3636 2799 3705 prosit
2847 3635 2976 3691 mihi
3026 3638 3080 3691 in
3127 3638 3494 3695 remissionem

1907 3732 2144 3788 omnium
2158 3736 2867 3801 peccatorum,etcouservet
2879 3745 2963 3785 me
2976 3732 3029 3785 in
3040 3730 3201 3786 vitam
3215 3740 3494 3791 aeternam.

1977 3823 2164 3895 (1042)
2194 3822 2419 3878 Domine
2438 3821 2566 3877 Jesu
2593 3820 2827 3887 Christe,
2862 3820 2962 3876 Fili
2991 3821 3089 3876 Dei
3124 3823 3251 3888 vivi,
3297 3822 3387 3892 qui
3425 3836 3494 3878 ex

1907 3918 2177 3973 voluntate
2206 3915 2380 3971 Patris
2403 3912 2590 3987 (1015)
2618 3922 2943 3981 cooperante
2964 3912 3121 3987 [Lege
3146 3912 3348 3982 Spiritu
3377 3927 3494 3967 san-

1907 4010 2015 4085 eto]
2042 4017 2347 4067 sanctorum
2382 4021 2477 4080 per
2505 4014 2733 4063 mortem
2770 4014 2913 4061 tuam
2960 4005 3217 4063 mundum
3260 4005 3492 4062 viviﬁca-

1907 4105 1998 4172 sti,
2022 4104 2187 4161 libera
2220 4117 2308 4158 me
2339 4115 2434 4172 per
2462 4101 2566 4156 hoc
2607 4113 2817 4155 sacrum
2853 4113 3046 4170 corpus
3081 4108 3136 4155 et
3177 4100 3488 4170 sanguinem

1909 4205 2081 4265 tuum,
2104 4203 2368 4266 quatenus
2398 4206 2503 4248 non
2532 4192 2605 4247 sit
2643 4192 2773 4246 mihi
2806 4192 2871 4247 ad
2908 4191 3191 4262 judicium,
3221 4207 3395 4263 neque
3423 4193 3492 4249 ad

1908 4284 2425 4351 condemnationem,
2454 4283 2549 4340 sed
2578 4281 2645 4337 ad
2675 4283 2970 4339 remedium
3012 4284 3254 4353 proﬁciat
3302 4284 3496 4342 anima

1910 4395 2076 4445 meae;
2124 4385 2183 4435 et
2230 4392 2259 4431 a
2310 4374 2519 4432 cunctis
2560 4374 2934 4444 iniquitatibus
2989 4373 3124 4430 meis
3166 4375 3327 4431 libera
3382 4390 3493 4445 me,

1917 4474 2082 4540 Deus,
2112 4479 2167 4528 et
2187 4470 2273 4526 iac
2304 4484 2391 4525 me
2418 4470 2525 4524 tuis
2553 4468 2775 4525 obedire
2800 4465 3083 4531 mandatis,
3113 4474 3167 4521 et
3203 4481 3233 4520 a
3266 4476 3337 4533 te,
3387 4476 3440 4522 et
3464 4483 3497 4525 a

1910 4566 2115 4623 sanctis
2138 4564 2245 4618 tuis
2261 4576 2529 4633 nunquam
2549 4562 2602 4616 in
2622 4570 2939 4630 perpetuum
2952 4559 3209 4629 separari.
3224 4559 3323 4628 Qui
3337 4560 3493 4616 vivis.

1983 4656 2169 4731 (1041)
2196 4656 2422 4712 Domine
2451 4662 2657 4721 sancte,
2688 4652 2847 4708 Pater
2889 4654 3245 4721 omnipotens,
3296 4663 3498 4711 aeterne

274 4746 452 4827 Orent
478 4782 581 4837 pro
609 4773 662 4819 te
690 4777 879 4819 omnes
919 4760 1087 4817 sancti
1118 4758 1233 4814 Dei.
1280 4756 1482 4813 Memor
1512 4754 1582 4811 sit
1629 4753 1810 4809 Domi-
1833 4759 1889 4822 ι)
1918 4754 2085 4824 Deus,
2124 4754 2187 4806 da
2220 4752 2347 4806 mihi
2382 4751 2483 4806 hoc
2514 4762 2709 4818 corpus
2736 4757 2790 4803 et
2817 4746 3125 4818 sanguinem
3152 4747 3265 4801 Filii
3295 4748 3367 4802 tui
3391 4748 3499 4804 Do-

212 4882 308 4921 nus
329 4862 518 4921 omnis
538 4859 788 4917 sacriﬁcii
815 4857 914 4925 tui,
941 4866 994 4911 et
1038 4854 1405 4910 holocaustum
1437 4859 1583 4905 tuum
1616 4850 1809 4918 pingue

213 4961 319 5016 ﬁat.
355 4956 625 5014 Exaudiat
652 4962 707 5009 te
746 4951 1005 5008 Dominus
1032 4963 1129 5019 pro
1172 4947 1327 5003 nobis
1357 4954 1621 5001 orantem.
1652 4943 1808 4999 Mise-

214 5061 399 5107 reatur
445 5049 519 5105 tui
570 5046 916 5117 omnipotens
965 5043 1130 5113 Deus,
1163 5048 1218 5097 et
1246 5038 1478 5094 dimittat
1504 5036 1602 5094 tibi
1630 5035 1809 5091 omnia

213 5153 434 5216 peccata
464 5153 577 5199 tua.

283 5234 475 5305 (1055)
524 5232 806 5302 Postquam
843 5227 1079 5283 sacerdos
1108 5224 1185 5282 Te
1224 5223 1390 5296 igitur
1445 5222 1652 5293 incipit,
1692 5219 1807 5273 dia-

212 5331 327 5384 coni
352 5338 399 5383 et
427 5326 730 5383 subdiaconi
752 5331 955 5377 cantent
982 5323 1106 5376 istos
1136 5319 1377 5374 Psalmos
1401 5333 1420 5371 :

287 5420 551 5476 Exaudiat
600 5428 652 5474 te
701 5416 988 5481 Dominus;
1040 5413 1121 5468 Ad
1175 5420 1244 5479 te,
1299 5409 1545 5478 Domine,
1599 5406 1803 5473 levavi;

211 5511 465 5569 Iliserere
514 5512 643 5576 mei,
701 5510 868 5577 Dens;
920 5507 1022 5576 Qui
1070 5506 1295 5571 habitat,
1356 5520 1471 5557 cum
1535 5496 1810 5572 precibus:

212 5606 432 5663 Salsum
452 5606 534 5662 lac
560 5619 775 5661 servum
808 5613 994 5670 tuum;
1033 5600 1367 5656 Desiderium
1391 5597 1599 5663 cordis;
1636 5596 1810 5651 Vitam

215 5700 367 5770 petiit
392 5717 421 5754 a
446 5710 531 5767 te;
562 5698 713 5755 Oculi
741 5697 951 5753 Domini
999 5710 1160 5765 super
1197 5694 1405 5763 justus;
1438 5691 1553 5746 Fiat
1602 5688 1812 5745 miseri-

213 5794 429 5861 cordia;
457 5793 704 5860 Domine,
734 5791 926 5847 exandi
971 5790 1290 5845 orationem.

287 5886 447 5957 252
488 5884 672 5939 Oratio
710 5900 804 5955 pro
831 5882 1111 5937 sacerdote.
1142 5910 1215 5921 —
1260 5877 1521 5943 Gaudeat,
1577 5875 1804 5935 Domine

221 5975 390 6047 Deus,
420 5976 652 6035 famulus
701 5986 824 6036 tuus
852 5974 1129 6035 beneﬁciis
1154 5974 1482 6047 impetratis;
1533 5980 1589 6030 et
1617 5971 1701 6028 cui
1734 5971 1798 6026 ti-

1914 4844 2048 4901 mini
2075 4844 2243 4899 nostri
2280 4842 2409 4898 Jesu
2439 4840 2637 4896 Christi
2682 4840 2757 4893 ita
2800 4853 3033 4908 sumere,
3067 4847 3124 4893 ut
3152 4852 3360 4895 merear
3405 4855 3502 4911 per

1918 4940 2020 4995 hoc
2048 4937 2418 4993 remissionem
2470 4942 2812 5005 peccatorum
2854 4932 3120 5004 accipere,
3153 4942 3206 4989 et
3248 4943 3338 4990 tuo
3366 4949 3502 4991 san-

1917 5040 2003 5088 cto
2033 5030 2231 5101 Spiritu
2258 5027 2478 5098 repleri,
2507 5024 2630 5096 quia
2662 5033 2719 5079 tu
2748 5039 2830 5091 es,
2875 5034 2929 5080 et
2967 5038 3164 5095 praeter
3192 5035 3243 5083 te
3287 5042 3393 5083 non
3416 5035 3502 5084 est

1916 5124 2071 5190 alius,
2103 5121 2254 5191 cujus
2285 5117 2578 5192 gloriosum
2624 5131 2821 5173 nomen
2870 5127 3150 5188 permanet
3203 5119 3256 5175 in
3304 5121 3501 5177 saecula

1916 5215 2258 5273 saeculorum.
2292 5217 2483 5268 Amen.

1987 5306 2173 5382 (1045)
2198 5306 2395 5362 Deinde
2416 5321 2531 5359 cum
2557 5306 2760 5378 cteperit
2784 5304 3158 5361 communicare
3184 5302 3381 5360 clerum
3400 5301 3501 5357 sive

1917 5403 2186 5477 papulum,
2218 5403 2352 5457 dicat
2379 5400 2598 5472 singulis
2622 5416 2641 5456 :

1989 5494 2180 5567 (1010)
2230 5492 2513 5563 Perceptio
2559 5494 2799 5563 corporis
2848 5490 3056 5549 Domini
3086 5488 3257 5546 nostri
3308 5489 3379 5544 sit
3409 5488 3505 5546 tibi

1919 5589 2024 5646 vita
2048 5599 2103 5647 et
2129 5591 2296 5657 salus,
2344 5598 2400 5646 et
2443 5588 2742 5661 redemptio
2785 5588 3023 5645 omnium
3074 5595 3290 5641 tuorum
3318 5597 3507 5654 pecca-

1921 5694 2096 5741 torum
2105 5725 2120 5740 .
3152 5690 3155 5693 ’

1992 5778 2173 5835 Oratio
2223 5779 2388 5834 sancti
2437 5776 2676 5853 Gregorii
2722 5787 2892 5845 papae.
2924 5799 2995 5811 —
3031 5768 3237 5841 Corpus
3292 5771 3505 5829 Domini

1918 5874 2087 5930 nostri
2115 5872 2242 5929 Jesu
2300 5872 2499 5927 Christi
2530 5871 2698 5943 prosit
2724 5866 2853 5923 mihi
2886 5862 2938 5916 in
2985 5861 3361 5924 remissionem
3393 5880 3510 5927 om-

1911 5968 2058 6043 nium
2107 5974 2453 6037 peccatorum
2496 5963 2560 6019 ad
2592 5965 2750 6020 vitam
2780 5962 3063 6013 aeternam.
