4042 6350
513 443 618 505 251

1137 434 1481 498 APPENDIX
1519 434 1611 493 AD
1646 432 1708 491 S.
1744 422 2085 485 GREGOBII
2124 418 2341 477 MAGN!
2384 417 2513 475 LIB.
2553 417 3192 479 SACRAHENTORUM.

3698 421 3809 482 ιζ’.Ξῖ

583 565 809 642 (1047)
870 561 1051 619 Finita
1110 559 1294 632 Missa,
1340 566 1612 631 postquam
1642 553 1891 609 diaconus
1933 544 2100 599 dicit:
2130 538 2186 601 Α
2207 555 2417 642 surgens
2468 538 2744 642 inclinanti
2796 540 2897 595 sibi
2955 540 3168 642 inclinet
3231 540 3451 642 diacono
3475 579 3506 642 τ’
3556 540 3807 596 diaconus

516 662 678 734 253
709 659 784 715 Ite
806 659 967 714 Missa
1002 663 1104 723 est,
1135 654 1314 712 veniat
1358 651 1615 709 sacerdos
1641 657 1769 705 ante
1813 645 2007 712 altare,
2049 651 2106 700 et

515 754 756 813 osculato
804 751 982 807 dicat:

588 845 802 900 Placeat
831 841 949 909 tibi,
978 846 1162 895 sancta
1190 838 1449 905 Trinitas,
1476 832 1798 906 obsequium
1833 829 2104 889 servitutis

518 950 676 1004 mese,
711 944 767 991 et
792 941 988 1005 praesta
1018 942 1077 988 ut
1105 931 1210 988 hoc
1235 928 1577 997 sacriﬁcium,
1609 926 1753 997 quod
1796 924 1972 981 oculis
2000 933 2106 980 tuae

520 1029 817 1101 Maiestatis
846 1026 1096 1096 indignus
1123 1024 1317 1090 obtuli,
1346 1022 1417 1078 sit
1445 1022 1541 1078 tibi
1573 1022 1814 1093 placens,
1866 1016 2109 1088 mihique

522 1133 577 1180 et
604 1124 854 1180 omnibus
880 1137 976 1191 pro
1003 1119 1199 1191 quibus
1238 1118 1368 1174 illud
1395 1116 1562 1174 obtuli
1593 1117 1683 1185 sit,
1713 1124 1766 1172 te
1794 1113 2106 1180 miserante,

518 1215 877 1289 propitiabile.
909 1212 1011 1282 Qui
1044 1210 1202 1267 vivis.

593 1303 786 1380 (1048)
819 1307 935 1362 Alia
968 1306 1164 1361 Oratio.
1189 1333 1262 1345 —-
1290 1301 1492 1361 Meritis
1529 1307 1587 1357 et
1632 1299 2111 1358 intercessionibus

526 1402 765 1458 omnium
791 1408 1095 1455 sanctorum
1125 1409 1345 1454 suorum
1391 1395 1710 1452 misereatur
1748 1392 1907 1450 nobis
1930 1393 2111 1449 omni-

519 1502 712 1565 potens
738 1490 1020 1546 Dominus.

592 1585 782 1657 (1049)
813 1584 1046 1657 Erpletis
1079 1582 1337 1648 omnibus,
1379 1580 1643 1651 episcopus
1680 1580 1885 1635 rediens
1910 1580 1979 1633 ad
2023 1593 2108 1634 sa-

520 1679 747 1734 crarium
776 1679 939 1752 254
982 1692 1098 1731 cum
1128 1676 1427 1731 diaconibus
1454 1683 1502 1730 et
1532 1676 1728 1729 ceteris
1763 1682 1926 1728 cantet
1958 1673 2110 1743 ltgm-

519 1789 646 1827 num
673 1773 826 1827 trium
855 1787 1152 1843 puerorum,
1178 1780 1231 1825 et
1257 1769 1497 1824 Laudale
1522 1768 1805 1822 Dominum
1834 1766 1889 1821 in
1911 1766 2113 1822 sanctis

520 1864 657 1936 ejus.
689 1863 876 1936 (1050)
913 1862 1098 1919 Postea
1138 1877 1359 1935 preces:
1397 1860 1776 1919 Conﬁteantur
1814 1859 1953 1925 tibi,
2007 1858 2113 1914 Do-

2208 637 2476 693 inclinanti
2541 634 2895 704 subdiacono,
2969 634 3317 692 subdiaconus
3380 637 3655 692 inclinanti
3712 640 3808 693 sibi

2210 733 2387 787 choro.
2432 730 2696 788 Diawnus
2739 745 2858 785 vero
2892 740 3006 801 post
3048 729 3432 786 inclinationem
3476 740 3694 804 utraque
3728 736 3811 788 al-

2212 828 2336 883 taris
2374 843 2572 883 cornua
2611 825 2913 883 deosculans
2968 823 3158 896 (1057)
3206 824 3465 881 sacerdoti
3504 825 3671 899 254
3705 843 3812 882 me-

2211 922 2355 976 dium
2378 921 2557 977 altaris
2584 921 2843 977 osculanti
2869 916 3212 994 Evangelium
3238 918 3577 975 osculandum
3597 918 3811 987 oﬁ‘erat.

2211 1010 2494 1085 Evangeﬂo
2521 1015 2655 1070 enim
2683 1012 2920 1069 Christus
2942 1012 3380 1085 praeuaricationis
3406 1012 3811 1086 chirographum

2213 1108 2418 1175 deleas,
2447 1124 2631 1179 pacem
2662 1108 2855 1163 mundo
2880 1108 3053 1175 dedit,
3085 1112 3237 1182 cujus
3263 1104 3588 1179 praconibus
3615 1115 3816 1161 utrum-

2212 1218 2309 1274 que
2335 1202 2603 1275 populum,
2629 1201 2910 1258 Iudaicum
2932 1204 3121 1274 quippe
3140 1212 3191 1257 et
3214 1200 3473 1273 gentilem,
3504 1199 3610 1254 sibi
3635 1214 3819 1254 recan-

2214 1300 2423 1355 ciliatn't.
2462 1300 2613 1367 Quod
2632 1299 2799 1355 altare
2818 1299 3064 1355 sacerdos
3090 1300 3374 1364 osculatur,
3402 1295 3668 1369 signiﬁcat
3690 1310 3819 1366 gen-

2216 1400 2315 1447 tem
2358 1391 2597 1447 Iudicum
2620 1395 2681 1448 in
2729 1392 3021 1448 Jerusalem
3054 1402 3361 1459 morantem,
3389 1408 3547 1462 mm
3575 1390 3818 1447 Christus

2215 1487 2312 1542 sibi
2333 1487 2716 1552 reconciliavit;
2743 1503 2834 1557 per
2871 1486 3233 1558 Evangelium,
3264 1485 3506 1557 gentilem
3532 1488 3818 1556 populum.

2218 1578 2421 1634 Dehinc
2468 1580 2634 1651 pergit
2680 1580 2924 1635 sacerdos
2965 1582 3036 1633 ad
3080 1579 3317 1634 dextram
3374 1594 3539 1632 cornu
3593 1579 3820 1643 altaris;

2221 1672 2483 1728 dexteram
2527 1671 2662 1726 enim
2708 1672 2943 1727 Christus
2989 1687 3189 1743 sempa'
3236 1671 3341 1742 egit
3382 1671 3563 1735 vitam,
3607 1671 3824 1726 dextera

2221 1765 2354 1818 enim
2386 1765 2487 1818 vita
2508 1764 2791 1834 acquiritur
2815 1765 3029 1819 calestis
3052 1765 3242 1835 gloria.
3268 1764 3533 1819 Diaconus
3556 1774 3678 1836 post
3703 1781 3821 1820 sum

2222 1857 2451 1911 eamdem
2478 1858 2729 1912 imitanda
2770 1859 2924 1912 vitant
2962 1859 3233 1926 consistat,
3264 1874 3529 1929 quousque
3555 1858 3607 1913 ei
3642 1860 3826 1913 sedere

522 1958 688 2023 mine,
736 1956 914 2012 omnia
956 1970 1119 2026 opera
1163 1966 1276 2021 tua,
1310 1964 1366 2010 et
1404 1954 1577 2010 sancti
1607 1952 1717 2015 tui;
1758 1950 2117 2008 Exsultabunt
2143 1940 2195 2004 ’Β
2222 1952 2425 2007 innuat.
2459 1952 2650 2022 (1058)
2702 1950 2877 2009 Sessio
2924 1952 3148 2023 episcopi
3175 1955 3332 2023 juxta
3374 1952 3577 2007 decreta
3622 1951 3827 2007 Urbani

516 2045 677 2118 justi;
716 2046 998 2102 Exsultent
1022 2048 1185 2117 justi;
1215 2046 1330 2101 Non
1362 2046 1541 2113 nobis,
1576 2043 1827 2115 Domine,
1874 2057 1986 2098 non
2018 2057 2115 2099 no-

520 2137 638 2205 b‘is;
669 2138 988 2195 Sacerdotes
1018 2139 1264 2206 induam;
1297 2139 1376 2194 Ne
1398 2139 1568 2195 intres
1596 2139 1685 2203 in;
1715 2138 1939 2192 Domine
1962 2136 2110 2191 Deus

523 2233 814 2299 virtutum;
892 2232 1183 2289 Benedicat
1243 2248 1344 2288 nos
1406 2232 1570 2299 Deus,
1648 2232 1825 2298 Deus;
1890 2231 2118 2286 Domine

526 2325 753 2389 exaudi;
784 2324 969 2397 (1051)
1005 2325 1201 2380 Deinde
1231 2325 1432 2382 Oratio.
1463 2325 1625 2393 Deus,
1656 2326 1748 2395 qui
1775 2324 1946 2379 tribus
1989 2338 2120 2393 pue-

526 2416 607 2474 ris
633 2419 886 2489 mitigasti
919 2418 1162 2474 ﬂammas
1190 2418 1420 2489 ignium,
1457 2419 1696 2475 concede
1726 2419 1993 2489 propitius
2022 2432 2120 2488 per

520 2508 884 2567 interventum
931 2525 1138 2577 eorum,
1171 2520 1227 2566 et
1266 2511 1510 2566 omnium
1552 2520 1882 2575 sanctorum,
1918 2518 1978 2567 ut
2018 2522 2121 2566 nos

524 2603 756 2661 famulos
782 2614 899 2661 tuos
929 2621 1035 2661 non
1057 2612 1248 2661 exurat
1274 2605 1487 2660 ﬂamma
1513 2604 1785 2660 vitiorum.
1817 2603 1941 2658 Pcr.

625 2720 833 2777 RITUS
870 2717 1219 2787 ANTIQUUS
1256 2716 1741 2774 CELEBRANDIE
1781 2714 2023 2773 MISSAB.

522 2836 599 2891 Ex
623 2842 825 2902 antiquo
841 2838 1018 2889 Codice
1040 2839 1368 2902 manuscripto
1380 2839 1624 2902 prioratus
1640 2836 1905 2902 Salicosani
1932 2836 2123 2902 (Vulgo

584 2898 847 2965 Sausense)
898 2902 1025 2964 apud
1068 2898 1394 2965 Yelocass'es,‘
1426 2900 1611 2949 ordinis
1637 2902 1833 2965 sancti;
1860 2898 2123 2965 Augustini

558 2961 955 3077 ,(‘liaurgnggtzrm
981 2977 1079 3015 non
1103 2963 1254 3028 longe
1278 2976 1310 3013 ι
1331 2961 1582 3017 Vernone.
1627 2961 1778 3025 Cujus
1801 2962 1990 3014 Codicis
2030 2963 2123 3012 iui-

524 3133 683 3204 253
727 3133 944 3192 Domino
964 3150 1075 3189 vere
1101 3135 1277 3189 sancto
1300 3141 1347 3188 et
1374 3134 1567 3204 meritis
1592 3130 2120 3204 honorando_(i059.)

601 3200 873 3271 M'aurilio,
900 3204 1179 3259 venerabili
1204 3215 1393 3274 sancta:
1427 3202 1853 3274 Rothomagensis
1873 3200 2124 3274 Eaclesiaz

594 3276 1000 3358 archiepiscopo,
1041 3273 1230 3344 (1055)
1267 3272 1503 3358 Joannes
1554 3272 1961 3358 Abrincacensis,
2007 3290 2121 3358 orn-

2222 2060 2372 2117 papse
2392 2054 2445 2099 et
2474 2042 2873 2115 Carthaginense
2896 2045 3176 2098 concilium
3217 2046 3417 2100 ca'teris
3461 2045 3648 2098 celsior
3674 2044 3828 2099 debet

2223 2136 2358 2205 ﬁeri,
2388 2137 2443 2189 in
2482 2152 2583 2205 qua
2607 2135 2851 2189 cathedra
2890 2136 3198 2205 pontiﬁcalis
3226 2135 3509 2204 honoriﬁce
3536 2137 3825 2189 constitua-

2225 2238 2330 2298 tur,
2355 2240 2454 2284 etc.
2476 2228 2664 2299 (1059)
2690 2226 3006 2299 Ceroferarii
3024 2244 3140 2282 vero
3163 2244 3321 2298 usque
3339 2229 3408 2281 ad
3426 2226 3595 2298 Kyrie
3617 2227 3829 2283 eleison

2225 2321 2288 2377 ab
2339 2322 2532 2377 Austro
2584 2320 2656 2374 ad
2704 2321 3013 2392 Aquilonem
3062 2321 3376 2375 candelabra
3423 2328 3674 2387 teneant,
3730 2336 3829 2390 quo

2224 2415 2429 2484 incepto
2456 2414 2645 2470 ibidem
2664 2416 2951 2470 dimittant.
2994 2413 3104 2469 Per
3126 2416 3396 2481 Austrum,
3428 2414 3517 2483 qui
3543 2421 3619 2468 est
3648 2423 3828 2467 ventus

2225 2506 2449 2570 calidus,
2474 2505 2701 2577 Spiritus
2722 2508 2887 2561 sancti
2913 2508 3086 2575 fervor
3104 2507 3421 2578 designatur,
3445 2506 3534 2576 qui
3555 2506 3660 2560 veri
3684 2503 3830 2561 Solis

2228 2607 2343 2653 ortu
2374 2598 2435 2650 ab
2467 2597 2674 2651 Oriente
2717 2599 2785 2651 ad
2815 2597 3142 2653 Occidentem
3178 2599 3429 2653 mundum
3470 2596 3829 2653 illuminanda

2225 2689 2561 2759 dilfuuditur.
2592 2690 2745 2746 Unus
2778 2708 2900 2746 om
2940 2694 3122 2747 tertius
3146 2693 3206 2747 in
3251 2692 3419 2747 medio
3450 2703 3701 2761 ponatur,
3736 2707 3827 2763 per

2228 2799 2377 2854 quem
2404 2784 2489 2838 ubi
2510 2785 2612 2838 duo
2637 2784 2715 2838 vel
2744 2792 2843 2838 tres
2868 2785 3163 2856 congregati
3183 2785 3375 2853 fuerint
3401 2786 3454 2839 in
3475 2786 3685 2839 nomine
3717 2784 3824 2839 Do-

2227 2876 2376 2941 mini,
2411 2874 2690 2931 Dominum
2712 2878 2892 2932 adesse
2926 2877 3249 2947 designatur.
3282 2875 3389 2932 Per
3417 2877 3516 2933 hoc
3541 2877 3705 2949 quod,
3738 2879 3825 2933 in-

2224 2978 2375 3041 cepto
2424 2968 2607 3039 Kyrie,
2655 2971 2784 3025 cerei
2824 2970 3182 3041 deponuntur,
3232 2986 3326 3025 nos
3362 2971 3491 3025 dum
3541 2968 3828 3025 Dominum

2230 3077 2525 3131 exoramus,
2550 3064 2775 3117 contrita
2790 3064 2948 3119 corde
2964 3063 3228 3118 humiliari
3249 3071 3479 3135 aportere
3504 3062 3831 3118 demonstra-

2232 3164 2337 3209 tur.
2388 3154 2660 3210 Salutante
2706 3156 3001 3227 presbytero
3054 3157 3337 3225 populum,
3394 3157 3583 3210 iterum
3640 3156 3831 3211 ibidem

2230 3254 2454 3303 teneam.
2480 3249 2728 3305 Oratione
2753 3251 2903 3319 [inita
2928 3251 2993 3305 ab
3020 3250 3234 3307 Oriente
3256 3251 3326 3304 ad
3370 3250 3701 3306 Occidentem
3722 3254 3830 3306 col-

598 3346 744 3401 m'um
771 3334 1131 3417 episcoporum
1151 3334 1347 3399 meritis
1374 3346 1605 3416 inﬁmus,
1635 3361 1849 3415 corpore
1865 3353 1912 3399 et
1941 3334 2122 3417 spiritu
2154 3334 2201 3400 Ε
2236 3340 2422 3396 lacent.
2449 3338 2659 3396 Duobus
2686 3344 2820 3397 enim
2850 3343 3187 3399 Testamentis
3214 3344 3578 3399 illuminantur
3604 3357 3827 3412 quatuor

530 3462 533 3465 .
599 3418 753 3472 totius
782 3418 1085 3472 obedientia:
1110 3433 1317 3483 munus,
1349 3426 1446 3471 etc.

602 3529 769 3586 Missa
797 3532 898 3585 diei
918 3531 1015 3585 hoc
1043 3530 1226 3585 ordine
1250 3532 1549 3587 celebretur.
1579 3532 1647 3586 In
1672 3533 1851 3604 primis
1878 3534 1932 3588 in
1963 3534 2122 3605 feria-

527 3622 661 3679 libus
698 3622 877 3678 diebus
917 3624 1038 3677 dum
1071 3638 1337 3693 campana
1362 3626 1651 3697 pulsentur,
1674 3626 1731 3680 in
1755 3627 1901 3696 festis
1926 3643 2120 3681 omnes.

528 3716 611 3773 Ad
654 3716 836 3772 Gloria
884 3715 1050 3783 Patri,
1082 3717 1241 3771 choro
1272 3716 1550 3773 Introitum
1590 3735 1623 3772 a
1663 3720 1809 3774 beato
1855 3719 2125 3775 Ctelestino

528 3807 819 3864 institutum
841 3817 1074 3877 canente,
1098 3811 1337 3866 sacerdos
1366 3810 1557 3883 (1054)
1586 3811 1639 3865 in
1660 3813 1898 3867 vestiario
1927 3814 2126 3868 steteri-

528 3915 629 3972 que
657 3901 882 3956 ministri
921 3902 1112 3957 sanctis
1139 3904 1356 3958 vestibus
1377 3908 1533 3975 juxta
1564 3905 1794 3959 ordinem
1822 3906 2123 3973 induantur,

532 3994 728 4049 scilicet
756 3994 893 4062 alba,
925 3996 1078 4061 stola,
1104 4004 1148 4048 et
1177 3996 1455 4051 dalmatica
1486 3980 1773 4061 diaconus;
1804 4000 1945 4065 alba,
1974 4006 2025 4052 et
2048 4008 2129 4053 tu-

532 4089 673 4152 nica,
720 4096 771 4141 et
812 4089 1078 4158 manipulo
1109 4090 1486 4155 subdiaconus;
1530 4090 1714 4159 reliqui
1741 4100 1941 4143 tantum
1974 4090 2128 4157 albis,

539 4178 736 4232 scilicet
764 4178 869 4231 duo
897 4180 1143 4249 acolythi,
1174 4196 1304 4234 unus
1331 4182 1419 4252 qui
1445 4191 1608 4235 cantet
1638 4180 1925 4248 Graduale,
1946 4191 2001 4236 et
2038 4183 2131 4237 de-

532 4271 668 4341 ferat
696 4269 1081 4334 candelabrum,
1114 4271 1244 4325 alter
1263 4272 1351 4342 qui
1383 4273 1629 4341 Alleluia,
1663 4284 1712 4327 et
1741 4279 1871 4342 {erat
1902 4274 2132 4329 thuribu-

530 4362 665 4419 lum.
700 4361 915 4418 Psalmo
943 4365 1102 4431 dicto,
1134 4364 1409 4435 incipiente
1438 4369 1591 4422 choro
1612 4369 1794 4423 Gloria
1826 4368 1969 4425 Patri
1996 4410 2010 4435 ,
2039 4384 2130 4422 sa-

534 4456 716 4511 cerdos
742 4458 1009 4527 victorique
1036 4458 1257 4512 ministri
1282 4460 1354 4511 sic
1379 4460 1448 4512 ad
1481 4461 1644 4513 altare
1674 4462 1969 4531 procedent.
2003 4461 2132 4516 Dia-

537 4563 695 4603 canus
736 4549 994 4621 prcecedat
1042 4551 1410 4622 presbyterum,
1457 4552 1800 4609 subdiaconus
1838 4555 2130 4624 praecedens

537 4642 811 4698 diaconum
862 4644 994 4714 ferat
1042 4643 1408 4717 Evangeliunt,
1450 4646 1789 4717 ceroferarius
1833 4663 1950 4700 cum
1989 4664 2133 4702 cereo

2230 3444 2402 3504 partes
2431 3435 2629 3487 mundi.
2676 3434 2887 3504 Septem
2922 3436 3237 3491 candelabra
3268 3438 3322 3491 in
3356 3438 3501 3506 festis
3529 3437 3827 3510 signiﬁcant

2228 3538 2425 3598 septem
2480 3530 2618 3584 dona
2673 3530 2903 3603 Spiritus
2950 3533 3132 3586 sancti.
3186 3530 3473 3601 Incipiente
3506 3533 3823 3587 subdiacouo

2234 3622 2543 3692 Epistolant,
2574 3624 2817 3680 sacerdos
2838 3625 2997 3695 juxta
3022 3624 3191 3679 altare
3220 3626 3416 3692 sedeat,
3437 3635 3490 3680 et
3527 3626 3748 3679 diacono
3772 3626 3829 3679 in

2234 3718 2345 3772 loco
2396 3734 2490 3771 suo
2540 3717 2714 3772 sedere
2760 3720 2980 3784 innuat;
3024 3718 3371 3773 subdiaconus
3420 3735 3559 3786 vero,
3616 3731 3822 3793 excepto

2230 3820 2456 3882 tempore
2485 3811 2875 3866 ministrationis
2896 3827 3028 3877 suc,
3060 3812 3116 3865 in
3144 3813 3301 3867 choro
3345 3823 3567 3868 utatteat.
3604 3813 3826 3886 Propin-

2233 3913 2420 3973 quante
2451 3901 2717 3974 Evangelii
2745 3905 2962 3957 termino
2985 3904 3225 3959 sacerdos
3254 3905 3535 3977 thymiama
3577 3907 3630 3960 in
3652 3906 3826 3960 thuri-

2235 3996 2351 4050 bulo
2396 4006 2574 4065 ponat,
2620 4012 2720 4065 quo
2748 3998 3009 4052 incensato
3036 3999 3195 4053 altari
3222 4009 3343 4054 ante
3370 3997 3712 4070 Evangeliusn
3740 4008 3833 4053 de-

2238 4090 2455 4159 feratur.
2512 4088 2615 4142 Per
2671 4089 3026 4159 thuribulum,
3073 4093 3213 4161 quod
3258 4092 3603 4165 fragrantiam
3652 4092 3835 4147 odoris

2232 4182 2435 4249 emittit,
2468 4184 2611 4252 fama
2636 4184 2885 4237 bonorum
2910 4200 3125 4255 operum
3160 4201 3274 4256 qua
3312 4186 3506 4241 Christi
3534 4186 3829 4240 doctrinam

2236 4275 2513 4345 praecessit.
2542 4272 2829 4341 Diaconus,
2872 4275 3219 4332 benedictione
3244 4296 3276 4331 α
3300 4279 3571 4332 sacerdote
3598 4288 3834 4347 compta,

2234 4365 2300 4419 ab
2325 4366 2481 4420 altari
2510 4366 2848 4438 Euangeliuns
2879 4370 3137 4437 accipiens
3154 4386 3310 4440 super
3328 4372 3592 4424 sinistrum
3620 4387 3832 4424 armum

2236 4459 2487 4531 imponat.
2519 4460 2684 4533 255
2708 4459 2814 4514 Per
2839 4462 3101 4515 sinistrum
3126 4465 3261 4517 enim
3288 4480 3488 4517 artuum
3519 4465 3621 4518 vita
3648 4473 3837 4535 tempo-

2237 4552 2366 4606 ralis
2392 4554 2713 4623 designatur,
2737 4554 2788 4606 in
2814 4570 2916 4625 qua
2942 4563 3143 4625 Oportet
3166 4554 3505 4624 Etungeliunt
3526 4556 3831 4623 prwdicari.

2238 4642 2308 4697 Et
2334 4645 2672 4699 subdiaconus
2692 4655 2808 4699 ante
2827 4661 2943 4699 eum
2963 4646 3202 4718 pulvinar
3219 4647 3436 4717 deferat.
3460 4645 3567 4699 Per
3588 4646 3835 4716 pulvinar

536 4736 797 4808 praecedat
819 4737 1209 4802 subdiaconum,
1230 4740 1451 4808 portitor
1475 4738 1721 4793 thuribuli
1743 4740 2127 4809 ceroferarium.
2157 4729 2214 4791 D
2236 4739 2373 4806 quod
2398 4739 2638 4808 praecedit
2656 4739 2742 4793 les:
2770 4741 3029 4809 ﬁguratur
3055 4754 3170 4808 aute
3192 4739 3526 4810 Evangelium
3547 4739 3833 4809 prwcessit;

539 4828 683 4885 Dum
698 4845 816 4901 ergo
845 4840 965 4884 ante
980 4831 1142 4884 altare
1164 4831 1410 4898 venerint,
1435 4831 1775 4884 subdiaconus
1793 4830 2130 4899 anngelium

537 4932 697 4991 ponat
725 4936 878 4991 super
906 4924 1143 4977 dextrum
1168 4936 1331 4978 cornu
1359 4924 1559 4990 altaris,
1590 4924 1677 4977 ubi
1696 4939 1856 4994 usque
1875 4924 1943 4976 ad
1970 4923 2136 4977 Evan-

539 5012 734 5083 gelium
771 5015 1011 5069 manebit.
1058 5016 1160 5070 Per
1192 5016 1359 5071 altare
1385 5016 1675 5071 Jerusalem
1708 5017 2044 5087 designatur,
2081 5018 2135 5071 in

541 5122 645 5177 qua
665 5109 726 5162 ab
754 5107 901 5161 initio
931 5108 1175 5163 adventus
1199 5107 1411 5163 Domini
1433 5110 1722 5178 evangelica
1746 5109 1980 5163 doctrina
2008 5118 2138 5163 reta-

544 5199 679 5263 nuit,
708 5208 757 5251 et
790 5199 905 5252 inde
932 5216 1090 5270 usque
1110 5201 1177 5254 ad
1197 5201 1456 5271 publicum
1477 5202 1651 5269 exivit,
1678 5210 1730 5255 ut
1753 5202 1997 5272 scriptum
2020 5212 2136 5257 est:

544 5290 627 5344 De
657 5289 786 5346 Sion
813 5290 979 5345 exibit
1006 5292 1113 5359 lex,
1138 5301 1195 5346 et
1216 5292 1455 5347 Verbum
1485 5293 1697 5349 Domini
1720 5295 1788 5350 de
1810 5296 2130 5351 Jerusalem.

543 5382 741 5436 Postea
771 5382 1113 5437 subdiaconus
1152 5385 1220 5437 ad
1263 5385 1525 5440 sinistram
1565 5389 1841 5442 sacerdotis
1887 5395 2132 5455 transeat,

549 5474 798 5529 diaconus
824 5476 890 5528 ad
920 5477 1191 5542 dextram;
1224 5476 1332 5542 ubi,
1381 5479 1695 5544 confessione
1718 5480 1933 5534 invicem
1975 5482 2130 5548 facta,

549 5570 737 5643 (1055)
781 5574 1051 5627 diaconum
1096 5582 1143 5626 et
1168 5572 1537 5628 subdiaconum
1583 5577 1839 5629 osculetur
1875 5576 2134 5629 sacerdos.

549 5663 789 5719 Primum
833 5666 966 5719 enim
1018 5664 1251 5721 Christus
1309 5684 1483 5736 pacem
1539 5670 1782 5740 apostolis
1830 5669 1988 5730 dedit,
2046 5684 2135 5738 per

549 5772 634 5810 eos
700 5758 811 5810 orbi
865 5759 1165 5812 transmisit.
1222 5758 1348 5813 Post
1401 5776 1512 5831 qua:
1582 5762 1817 5816 sacerdos
1871 5763 2137 5832 caeterique

548 5850 771 5902 ministri
819 5858 949 5904 retro
992 5868 1164 5906 coram
1214 5855 1366 5909 altari
1436 5854 1646 5910 breviter
1712 5864 1889 5917 orent,
1944 5866 2136 5908 stantes

553 5943 734 6000 ordine
798 5963 925 6015 suo;
989 5948 1171 6005 deinde
1248 5952 1471 6022 primum
1539 5952 1600 6005 ab
1667 5950 1894 6005 oratione
1946 5950 2132 6021 (1056)

2238 4844 2329 4898 per
2376 4831 2578 4895 plantas
2622 4846 2738 4900 qua:
2773 4831 2912 4885 intus
2947 4832 3287 4897 occultantur,
3336 4830 3580 4901 mysteria
3626 4846 3747 4900 qua:
3776 4832 3832 4884 in

2236 4922 2350 4994 lege
2376 4921 2802 4989 continebantur;
2832 4940 2923 4991 per
2960 4923 3211 4977 levitatem
3238 4924 3431 4994 pluma:
3460 4932 3718 4993 praecepta
3748 4940 3831 4977 ve-

2237 5015 2358 5068 teris
2388 5014 2511 5083 legis
2538 5014 2666 5067 levia
2690 5014 2759 5067 ad
2793 5016 3229 5083 commuttionem
3266 5030 3452 5080 novat;
3492 5014 3545 5068 in
3579 5013 3672 5067 illa
3693 5015 3833 5068 enim

2241 5099 2477 5152 dicitur:
2529 5098 2650 5152 Non
2690 5099 2930 5165 occides;
2974 5101 3026 5153 in
3068 5117 3197 5154 nova
3249 5117 3405 5154 vero:
3442 5100 3543 5168 Qui
3590 5102 3841 5153 irascitur

2238 5191 2391 5260 fratri
2418 5206 2530 5255 suo,
2567 5206 2685 5243 reus
2714 5191 2811 5243 erit
2827 5191 3055 5262 judicio.
3083 5192 3271 5262 (1060)
3304 5191 3494 5261 Sicque
3528 5193 3837 5261 prarceden-

2242 5282 2372 5335 tibus
2403 5282 2708 5352 ceroferario
2737 5282 3075 5353 thuribulique
3109 5286 3303 5351 latore,
3347 5300 3461 5337 cum
3503 5285 3846 5353 processionc

2242 5378 2311 5429 ad
2336 5379 2589 5449 pulpitum
2616 5388 2825 5449 pergat,
2875 5391 2921 5433 et
2961 5380 3225 5451 supposita
3256 5379 3535 5452 Evangelia
3566 5396 3625 5432 ac
3657 5384 3843 5432 incert-

2242 5479 2373 5537 sata,
2424 5482 2594 5524 versus
2640 5472 2709 5523 ad
2751 5472 3075 5541 Aquilonem,
3131 5472 3462 5545 Evangeliunt
3513 5474 3646 5545 legat
3672 5490 3691 5538 ;
3746 5491 3851 5540 per

2241 5564 2547 5634 Aquilonem
2577 5566 2710 5619 enim
2741 5566 3020 5633 inﬁdelitas
3047 5567 3271 5636 gentium
3299 5568 3615 5638 designatur,
3641 5566 3847 5635 quibus

2246 5658 2581 5725 Evangelium
2607 5659 2671 5711 ab
2700 5660 2948 5728 apostolis
2978 5661 3092 5729 igne
3125 5660 3354 5731 Spiritus
3396 5661 3559 5715 sancti
3604 5664 3850 5712 accensis

2244 5756 2573 5826 prwdicatur.
2622 5757 2735 5823 Quo
2778 5758 2903 5811 lecto
2939 5758 3247 5812 candelabra
3276 5758 3690 5826 exstinguuntur.
3725 5754 3855 5809 Im-

2257 5850 2536 5905 mulatione
2560 5850 2692 5907 enim
2716 5854 2821 5905 veri
2852 5853 2984 5922 Agni
3017 5854 3174 5923 typici
3215 5855 3423 5909 cessavit
3454 5854 3760 5914 immutatio,
3800 5867 3859 5909 ct

2245 5955 2423 6001 ca'tera
2451 5948 2690 6016 mysteria
2718 5963 2832 6019 qua:
2859 5948 2911 6002 in
2940 5949 3047 6018 lege
3079 5925 3472 6005 continebantur
3497 5960 3541 6003 et
3562 5948 3851 6019 prophetis
