4042 6350
224 408 334 466 95>?)

853 405 1204 465 APPENDIX
1244 407 1337 464 AD
1374 408 1430 464 S.
1471 403 1800 464 GREGORII
1841 402 2055 464 MAGNI
2090 409 2223 466 LIB.
2265 409 2904 472 SACRAMEN'I‘ORUM.

3396 419 3501 472 εδ),

220 544 319 600 per
343 524 653 580 candelabra
677 522 976 597 designatis.
1012 522 1290 580 Incensum
1320 522 1573 578 sacerdoti
1600 522 1655 576 in
1682 521 1802 574 thu-
1833 520 1886 580 Α
1907 524 2189 580 sacerdotis
2214 526 2501 598 scapulum.
2536 526 2640 583 Per
2659 530 2925 598 scopulum
2946 530 3225 585 sacerdotis
3255 531 3383 599 lapis
3412 534 3499 586 de-

215 618 387 675 ribulo
422 619 691 687 offeratur,
723 626 773 671 et
809 615 1143 689 Evangelinm
1174 620 1401 689 primum
1440 632 1472 671 α
1501 616 1810 670 sabdiacono

214 713 313 769 sibi
334 718 631 780 porrectum
644 711 920 780 osculetur,
944 710 1081 782 quod
1102 718 1217 783 post
1239 729 1270 766 a
1290 712 1509 765 diacono
1532 709 1807 764 osculetur.

214 804 284 860 Et
313 806 368 859 in
398 806 594 876 festivi:
620 805 801 859 diebus
829 821 863 859 a
887 806 1201 861 subdiacono
1230 806 1370 861 omni
1398 807 1533 861 clero
1558 846 1573 875 ,
1601 805 1810 860 incenso

210 900 558 973 precedente,
603 907 961 969 prasentetur.
1006 900 1289 973 Evangelia
1337 902 1467 955 lecto
1509 900 1732 972 populus
1778 915 1811 955 a

209 997 483 1051 sacerdote
506 994 759 1049 salutetur
782 1008 803 1049 :
830 992 1018 1065 (1061)
1048 993 1325 1063 Oﬂ'erenda
1343 994 1637 1066 incipiatur,
1656 1009 1808 1064 quam

209 1088 417 1156 ﬁnitum
450 1085 641 1141 Versus
681 1083 867 1157 (1062)
896 1093 1154 1157 sequatur.
1185 1085 1405 1141 Interim
1431 1102 1549 1141 vero
1588 1088 1739 1157 punis
1760 1093 1809 1141 et

205 1178 309 1233 vini
341 1178 539 1234 oblatio
565 1195 598 1231 a
626 1179 940 1234 subdiacono
968 1179 1210 1248 diacono,
1241 1195 1272 1235 a
1312 1182 1530 1236 diacono
1567 1182 1809 1251 offeratur

207 1275 528 1346 presbytero.
584 1272 778 1328 Cantor
820 1291 1004 1345 aquam
1053 1276 1209 1331 linteo
1248 1284 1540 1348 conpertam
1578 1276 1635 1330 in
1667 1277 1808 1347 festis

206 1368 435 1421 diacono
478 1367 701 1437 deferat,
736 1381 891 1437 quam
936 1366 1184 1421 diaconus
1225 1368 1343 1422 vino
1391 1370 1621 1423 misceat.
1655 1366 1807 1422 Dulci

206 1458 345 1513 alim
385 1457 619 1511 cantoris
658 1456 1010 1511 modulatione
1058 1456 1285 1529 populus
1324 1458 1412 1528 pia
1456 1458 1721 1512 devotione
1760 1466 1807 1512 et

203 1552 379 1605 divino
411 1566 591 1606 amore
617 1550 937 1619 accenditur,
970 1558 1017 1607 et
1040 1551 1113 1606 sic
1147 1550 1217 1605 ad
1247 1549 1527 1606 Dominum
1554 1552 1737 1619 currit,
1757 1559 1807 1606 et

200 1660 365 1697 unum
395 1656 586 1713 corpus
609 1643 667 1696 in
694 1640 901 1697 Christo
930 1643 1168 1713 efficitur.
1211 1639 1315 1697 Per
1347 1643 1522 1698 vinum
1548 1642 1801 1710 Christus,

200 1752 298 1809 per
346 1752 533 1805 aquam
574 1735 823 1808 populus,
874 1752 965 1807 per
1015 1737 1224 1792 linteam
1268 1748 1626 1808 coaperturam
1656 1754 1806 1810 aqua:

201 1833 352 1886 labor
398 1832 771 1887 modulationis
815 1834 1056 1900 cantoris,
1095 1851 1196 1904 quo
1243 1835 1490 1890 liberatur
1519 1835 1743 1908 papulas
1772 1851 1803 1890 a

196 1926 578 1996 cogitationum
606 1927 887 1995 pravitate;
919 1926 1027 1982 lino
1052 1929 1192 1983 enim
1221 1928 1366 1983 labor
1390 1931 1710 2001 exprimitur.

276 2016 480 2089 (1063)
512 2018 659 2088 Aqua
688 2019 839 2074 mista
865 2022 1003 2089 vino,
1036 2023 1259 2093 populus
1288 2023 1545 2077 adunatur
1574 2010 1799 2079 Christo.

193 2110 328 2164 Aliis
362 2110 548 2167 diebus
569 2112 814 2167 ministret
842 2128 955 2168 eam
980 2114 1272 2185 acolythus.
1323 2115 1511 2188 (106i)
1546 2115 1803 2172 Sacerdos

189 2201 521 2275 oblationem
554 2202 628 2256 ita
662 2214 951 2272 componat,
994 2213 1053 2258 ut
1089 2206 1145 2260 in
1175 2207 1383 2262 dextera
1414 2217 1558 2275 parte
1609 2206 1804 2263 Hostia:

188 2298 419 2355 calicem
436 2272 747 2368 constituat;
768 2316 800 2354 a
821 2300 1002 2356 dextro
1024 2303 1157 2356 enim
1185 2303 1341 2358 latere
1365 2300 1575 2357 Domini
1594 2307 1802 2377 sanguis

190 2392 422 2462 deﬂuxit
451 2399 503 2446 et
531 2408 683 2463 aqua.
734 2392 922 2459 Sicque
952 2395 1211 2465 corporali
1253 2407 1495 2465 conperta
1538 2396 1800 2451 incensum

200 2486 428 2553 desuper
451 2480 661 2551 cierat,
694 2491 741 2539 et
767 2486 841 2539 sic
868 2485 1086 2540 diacono
1104 2487 1350 2558 prtebeut.
1386 2486 1651 2543 Diuconus
1679 2503 1799 2544 vero

195 2578 244 2629 in
278 2578 513 2632 circuitu
538 2578 721 2633 altaris
750 2581 968 2651 deferat,
1003 2590 1175 2651 postea
1194 2583 1469 2651 sacerdoti,
1503 2584 1686 2639 deinde
1706 2587 1800 2638 mi-

195 2669 353 2723 nistro
403 2671 614 2737 reddat,
661 2682 719 2727 ut
748 2674 885 2728 clero
938 2674 1230 2745 papuloque
1279 2675 1496 2746 deferat.
1539 2673 1799 2732 Praeterea

190 2762 452 2830 accipiens
498 2773 743 2835 patenum
798 2764 863 2819 de
917 2766 1101 2833 altari,
1147 2768 1461 2822 subdiacono
1516 2770 1745 2841 porrigat
1778 2811 1795 2838 ,

190 2854 544 2909 subdiaconus
587 2871 725 2922 vero,
776 2856 819 2911 si
860 2858 1036 2928 fuerit,
1068 2858 1292 2929 acolyto.
1348 2858 1472 2914 Non
1504 2860 1620 2914 licet
1661 2862 1798 2914 enim

188 2946 477 3015 quidquam
504 2947 641 3001 sacri
662 2946 723 3000 ab
754 2947 907 3001 altari
936 2950 1141 3020 auferre
1170 2949 1331 3004 alicui
1361 2951 1461 3004 nisi
1484 2951 1701 3004 diacono
1720 2952 1798 3005 vel

188 3038 469 3093 sacerdoti.
519 3038 708 3110 (1065)
753 3038 897 3095 Tunc
942 3057 1121 3097 coram
1164 3043 1322 3097 altari
1367 3052 1473 3099 oret
1519 3044 1797 3100 inclinatus

190 3132 429 3186 sacerdos
472 3129 638 3198 solus,
687 3133 995 3202 postulando
1034 3143 1092 3189 ut
1135 3136 1324 3208 dignus
1365 3137 1525 3205 possit
1554 3137 1796 3192 accedere

190 3230 252 3279 ad
277 3229 449 3283 altare
483 3237 529 3281 et
558 3228 795 3282 insistere
823 3230 1043 3284 cultibus
1090 3231 1295 3285 divinis.
1331 3230 1515 3286 Cteteri
1552 3247 1667 3286 vero
1698 3233 1794 3287 mi-

1916 613 2171 686 signatur,
2196 617 2249 671 in
2274 634 2373 689 quo
2401 619 2615 689 angelus
2643 621 2711 673 ad
2730 622 3021 690 sepulcrum
3045 622 3249 677 resedit.
3286 623 3501 692 Semper

1915 708 2049 762 enim
2075 710 2285 781 angelus
2307 712 2593 767 credendus
2612 723 2688 769 est
2707 716 2883 769 adesse
2904 714 3243 769 immolationi
3270 717 3500 787 corporis

1914 799 2122 856 Christi.
2166 801 2270 858 Per
2298 804 2483 879 (1069)
2513 807 2787 862 diaconum
2818 806 3011 875 Ioseph
3038 810 3361 881 exprimitur,
3407 826 3499 881 per

1912 898 2224 951 sacerdotem
2254 896 2589 969 Nicodemus,
2619 917 2713 972 per
2731 902 3059 958 elevationem
3088 904 3151 957 de
3187 904 3343 957 altari
3390 903 3503 958 Ho-

1912 989 2025 1044 stite
2040 990 2291 1061 depositio
2313 994 2499 1048 Christi
2524 994 2586 1048 de
2614 1011 2784 1063 cruce,
2808 1012 2897 1065 per
2916 996 3285 1067 depositionem
3312 997 3495 1051 iterum

1910 1083 1964 1137 in
1995 1087 2149 1139 altari
2183 1086 2447 1157 sepultura
2473 1086 2681 1143 Christi.
2703 1088 2830 1142 Post
2855 1106 2971 1159 qua
3006 1092 3248 1144 sacerdos
3280 1090 3491 1145 Oratio-

1910 1192 2029 1232 nem
2067 1178 2393 1234 Dominicam
2431 1182 2535 1235 altu
2562 1198 2682 1236 voce
2709 1183 2953 1251 proferat.
2998 1182 3103 1238 Per
3131 1183 3499 1239 exultationem

1910 1271 2195 1329 Dominicw
2235 1273 2501 1329 Orationis
2545 1276 2921 1330 demonstratur
2950 1285 3140 1331 nostra:
3186 1277 3356 1332 unitas
3388 1280 3497 1347 fru-

1909 1366 2183 1419 ternitatis.
2213 1365 2354 1420 Deus
2379 1369 2514 1421 enim
2540 1364 2696 1422 Pater
2722 1376 2911 1433 noster,
2954 1368 3093 1435 pacis
3118 1380 3164 1422 et
3203 1370 3501 1424 concordia;

1912 1455 2184 1529 Magister,
2213 1458 2287 1512 sic
2307 1476 2398 1513 nos
2419 1474 2577 1513 unum
2605 1475 2698 1529 pro
2716 1460 2950 1514 omnibus
2972 1476 3123 1515 orare
3143 1459 3338 1528 docuit,
3364 1478 3495 1532 quo»

1910 1549 2061 1604 modo
2088 1551 2141 1605 in
2178 1552 2281 1605 uno
2310 1567 2486 1606 omnes
2528 1552 2763 1623 portavit.
2796 1549 2945 1607 Clero
2980 1552 3087 1607 Sed
3119 1552 3285 1608 libera
3328 1568 3424 1608 nos
3464 1569 3495 1609 a

1909 1641 2057 1697 malo
2090 1644 2443 1714 respondente,
2473 1644 2660 1715 (1070)
2692 1645 2920 1715 ofﬁcium
2950 1647 3346 1701 consecrationis
3374 1664 3493 1716 per-

1907 1734 2071 1803 ﬁciat.
2116 1734 2224 1792 Sed
2266 1735 2433 1791 libera
2464 1736 2638 1804 dicto,
2679 1737 2932 1793 diaconus
2973 1749 3021 1793 et
3068 1738 3409 1793 subdiaconus
3438 1755 3491 1793 se

1907 1826 2127 1897 erigant,
2158 1837 2205 1881 et
2230 1830 2407 1884 oculos
2435 1830 2491 1884 in
2521 1829 2778 1885 Dominici
2804 1832 3031 1904 corporis
3061 1832 3497 1886 consecrationem

1836 1933 1887 1996 Β
1908 1921 2199 1977 intendant.
2229 1924 2313 1976 Ait
2341 1925 2474 1977 enim
2514 1926 2821 1998 evangelista
2850 1927 2972 1996 quia
3014 1928 3120 1980 noti
3148 1930 3257 1999 ejus
3286 1942 3319 1979 a
3349 1926 3499 1996 longe

1909 2015 2130 2082 stabant,
2176 2033 2271 2070 sua
2300 2026 2506 2084 pectora
2536 2019 2890 2088 percutientes.
2931 2018 3031 2075 Ubi
3061 2036 3179 2090 ergo
3225 2022 3293 2073 ad
3326 2020 3495 2073 locum

1912 2104 1987 2160 Da
2018 2106 2278 2176 propitius
2310 2123 2493 2177 pacem
2530 2112 2737 2179 venerit,
2773 2110 2957 2181 (1071)
2982 2114 3069 2183 qui
3113 2112 3311 2165 mantili
3339 2112 3495 2165 indu-

1908 2208 1988 2254 tus
2020 2211 2248 2256 tenuerat
2278 2201 2470 2275 [Forte
2501 2205 2604 2277 leg.
2630 2206 2898 2279 patenum]
2921 2206 3257 2274 subdiucono,
3286 2207 3494 2262 subdia-

1906 2311 2066 2350 conus
2098 2297 2332 2364 diacono,
2366 2299 2615 2354 diaconus
2645 2302 2900 2355 sucerdoti
2931 2301 3112 2369 offerat
3135 2344 3148 2367 ,
3183 2301 3236 2353 in
3265 2315 3364 2370 qua
3408 2315 3493 2353 sa-

1904 2390 2084 2445 cerdos
2112 2407 2293 2462 corpus
2327 2390 2535 2447 Domi’ni
2564 2392 2835 2463 tripliciter
2864 2392 3054 2447 dividat
3078 2406 3097 2447 :
3128 2408 3346 2465 quarum
3373 2408 3488 2463 pur-

1905 2480 2032 2534 tium
2054 2498 2211 2536 unum
2240 2485 2477 2538 sacerdos
2502 2484 2653 2539 calici
2679 2487 2975 2553 immittens,
3010 2484 3117 2541 Pax
3151 2485 3363 2541 Domini
3385 2487 3492 2540 ulla

1904 2590 2023 2629 vace
2064 2575 2301 2641 dicendo,
2345 2579 2579 2647 protinus
2623 2580 2805 2633 subdut
2858 2590 3053 2635 secreto
3086 2595 3103 2634 :
3135 2579 3323 2653 (1072)
3378 2578 3495 2635 Fiat

1903 2669 2209 2725 commistio
2240 2670 2397 2725 simul
2429 2673 2674 2741 corporis
2706 2681 2761 2728 et
2784 2674 3058 2744 sanguinis
3090 2674 3300 2728 Domini
3335 2674 3494 2730 nobis

1903 2761 2285 2831 accipientibus
2329 2763 2381 2818 in
2421 2764 2583 2818 vitam
2631 2773 2910 2821 aeternam.
2959 2767 3075 2820 Alia
3102 2783 3184 2830 se,
3221 2768 3493 2819 diaconum

1902 2855 2365 2924 subdiaconumque
2392 2858 2745 2912 communicet.
2775 2856 3000 2912 Tertiam
3028 2856 3495 2929 (1073)viuticum,

1902 2947 1945 3002 si
1984 2963 2112 3017 opus
2144 2950 2322 3018 fuerit,
2356 2951 2409 3002 in
2441 2958 2625 3018 patenu
2653 2965 2811 3019 usque
2835 2950 2905 3004 ad
2950 2951 3102 3019 ﬁnem
3134 2949 3187 3004 Μ
3198 2952 3311 3005 issu:
3339 2965 3498 3005 reser—

1902 3043 2001 3091 vet.
2034 3032 2137 3091 Per
2172 3037 2477 3107 particulam
2515 3038 2699 3094 oblata:
2727 3041 2970 3096 immissae
2998 3041 3052 3095 in
3084 3041 3291 3096 culicem
3321 3051 3489 3095 osten-

1901 3129 2043 3183 ditur
2067 3146 2252 3200 corpus
2278 3130 2469 3187 Christi
2494 3133 2632 3202 quod
2662 3134 2939 3188 resurrexit
2970 3150 3003 3189 a
3022 3136 3233 3187 mortuis
3253 3148 3274 3198 ;
3293 3149 3385 3203 per
3411 3150 3497 3189 co-

1900 3233 2113 3278 mestam
2143 3242 2173 3278 u
2209 3225 2470 3280 sacerdote
2490 3228 2567 3282 vel
2587 3228 2777 3299 papula
2804 3227 3140 3296 viviﬁcantem
3172 3243 3255 3281 eos
3279 3228 3333 3281 in
3365 3227 3493 3295 Deo,

190 3318 335 3373 nistri
360 3329 506 3374 stent
529 3320 587 3373 in
616 3322 848 3375 oratione
879 3322 928 3375 in
953 3322 1135 3376 ordine
1173 3338 1286 3378 suo.
1318 3320 1447 3379 Post
1470 3340 1586 3395 qua:
1616 3341 1787 3379 versus
1814 3328 1864 3394 α
1900 3316 2091 3373 Christi
2111 3336 2224 3373 cum
2252 3321 2521 3391 discipulis
2549 3320 2655 3376 suis
2682 3330 2797 3393 post
2822 3319 3263 3376 Resurrectionem
3289 3335 3497 3375 conver-

187 3412 250 3465 ad
260 3414 520 3483 populum
539 3428 691 3466 orare
714 3423 935 3478 moneat,
956 3430 1326 3483 conversusque
1349 3416 1418 3469 ad
1439 3419 1563 3469 altat
1577 3434 1604 3471 e
1624 3416 1791 3472 Secre-

188 3516 283 3558 tam
298 3505 611 3561 Orationem
636 3506 795 3573 dicat;
818 3525 918 3578 qua
942 3508 1214 3580 completa,
1237 3509 1376 3565 Vere
1394 3510 1633 3581 dignum,
1666 3522 1787 3577 etc.,

188 3597 367 3651 devota
407 3610 581 3652 mente
630 3599 868 3667 dulcique
918 3616 1037 3655 voce
1077 3603 1329 3672 proferat,
1386 3603 1437 3656 in
1486 3606 1633 3675 cujus
1686 3606 1790 3671 ﬁne

190 3687 466 3761 Hymnurn
511 3692 762 3757 Sanctus,
809 3690 1061 3759 Sanctus,
1112 3695 1359 3756 Sanctus,
1392 3710 1423 3748 a
1454 3693 1599 3747 beato
1638 3692 1789 3751 Sixto

186 3785 486 3838 institutum
528 3784 714 3838 chorus
742 3786 1069 3856 respondeat.
1102 3783 1363 3839 Diuconus
1394 3795 1439 3838 et
1469 3786 1688 3838 ministri
1719 3786 1789 3838 ad

185 3875 254 3931 Te
280 3877 475 3947 igitur,
502 3886 621 3944 etc.,
654 3888 964 3947 perseverent
994 3890 1128 3933 retro
1153 3880 1471 3934 sacerdotem
1501 3896 1661 3950 usque
1682 3878 1790 3936 Sed

183 3967 351 4024 libera
387 3984 489 4023 nos
518 3970 773 4025 inclinati.
816 3968 1037 4025 Domino
1069 3972 1201 4024 enim
1236 3972 1450 4042 patienti
1490 3988 1707 4026 maerore
1737 3979 1787 4026 et

187 4064 372 4119 timore
400 4068 485 4119 sui
510 4064 952 4133 compatiebantur
987 4066 1229 4134 apostoli.
1279 4065 1381 4119 Per
1404 4066 1789 4121 inclinationem

185 4160 528 4213 diaconorum
586 4157 911 4228 signiﬁcatur
969 4158 1207 4213 mteslitia
1258 4159 1645 4228 apostolorum;
1700 4178 1791 4229 per

190 4250 654 4315 subdiuconorum,
685 4258 980 4302 sanctarum
1005 4249 1295 4302 mulierum.
1328 4248 1644 4303 Subdiaconi
1670 4267 1785 4305 vero

185 4342 420 4395 similiter
463 4339 703 4393 inclinati
732 4340 833 4394 sint
876 4339 929 4393 in
970 4349 1179 4411 aspectu
1216 4340 1515 4409 sacerdotis,
1549 4358 1639 4411 per
1664 4358 1789 4412 quos

184 4436 547 4503 exprimuntur
593 4441 782 4486 sancta:
824 4430 1082 4499 mulieres,
1123 4449 1262 4504 qute,
1286 4433 1511 4503 patiente
1542 4433 1785 4501 Domino,

184 4528 500 4599 fugientibus
526 4526 815 4595 discipulis,
847 4525 963 4580 licet
991 4527 1169 4580 timore
1196 4535 1242 4579 et
1264 4542 1475 4581 maerore
1505 4528 1781 4599 percussis,

182 4617 233 4671 in
257 4619 336 4672 his
354 4634 479 4691 quae
505 4617 570 4671 de
598 4635 655 4672 eo
686 4618 872 4686 ﬁebant
895 4628 1040 4673 erunt
1067 4618 1409 4685 intendentes,
1437 4620 1525 4674 sed
1558 4619 1779 4675 Domino

181 4712 240 4764 de
270 4728 427 4767 cruce
455 4712 691 4784 deposito
721 4729 780 4765 ac
814 4711 1038 4782 sepulto,
1057 4712 1176 4767 inde
1206 4723 1537 4781 recesserunt,
1581 4723 1628 4768 et
1658 4732 1782 4769 uro-
1811 4726 1868 4788 D

183 4822 314 4864 mata
337 4811 628 4879 sepultura:
654 4810 818 4883 256
844 4818 1188 4881 paraverunt;
1220 4810 1290 4863 ita
1315 4810 1617 4863 subdiaconi
1640 4812 1700 4863 ab
1723 4827 1781 4864 eo

180 4902 288 4956 loco
331 4903 629 4967 discedunt,
668 4913 715 4956 et
763 4904 965 4972 corpori
1006 4917 1066 4955 ac
1103 4902 1343 4973 sanguini
1383 4901 1576 4956 Christi
1622 4903 1777 4957 mini-

179 5009 339 5055 strare
367 5005 639 5069 satagunt,
672 4998 939 5066 o/I'erentes
963 5008 1199 5067 patenum
1229 5014 1318 5067 per
1340 5015 1548 5053 manuni
1575 4997 1780 5051 diaconi

180 5093 428 5145 sacerdoti
460 5092 530 5143 ad
560 5091 903 5162 frangendum
928 5091 979 5143 in
1005 5106 1063 5143 eu
1092 5105 1277 5160 corpus
1298 5087 1530 5154 Domini,
1555 5098 1649 5142 etc.
1680 5087 1781 5143 Ubi

180 5194 295 5249 ergo
324 5182 395 5233 ad
417 5181 528 5234 lucc
554 5180 701 5234 verba
732 5181 943 5247 venerit,
974 5179 1183 5244 scilicet,
1216 5179 1318 5235 Per
1345 5196 1500 5250 quem
1534 5179 1644 5234 tunc
1667 5195 1782 5233 om-

180 5274 286 5337 nia,
322 5275 574 5342 Domine,
606 5290 821 5345 semper
850 5275 1013 5341 bona,
1046 5286 1164 5329 tunc
1187 5275 1430 5329 diaconus
1457 5275 1690 5340 accedat,
1728 5285 1775 5329 et

180 5373 391 5423 dextera
419 5388 578 5425 manu
613 5373 851 5425 dextrum
887 5387 1049 5426 cornu
1075 5371 1359 5442 corporalis
1390 5371 1631 5440 accipiat,
1663 5386 1776 5423 cum

180 5469 453 5521 sacerdote
496 5465 861 5534 discoOperiut.
897 5462 1151 5517 Sacerdos
1189 5462 1290 5518 Per
1320 5462 1518 5533 ipsum,
1547 5473 1664 5530 etc.,
1697 5464 1779 5517 di-

181 5563 369 5622 cendo,
420 5557 609 5631 (1066)
664 5558 837 5612 oblata
881 5566 1095 5625 quatuor
1138 5566 1309 5627 partes
1356 5556 1531 5611 culicis
1577 5568 1773 5628 tangat.

182 5649 548 5706 lmmolatione
577 5653 713 5706 enim
741 5650 972 5721 corporis
1002 5648 1190 5704 Christi
1220 5650 1483 5722 redempta
1514 5661 1626 5704 sunt
1648 5668 1767 5717 qua-

182 5756 296 5800 tuor
349 5748 551 5801 climata
622 5746 819 5800 mundi.
878 5742 1067 5815 (1067)
1137 5743 1271 5800 Item
1333 5746 1576 5799 Ura'ione
1633 5746 1780 5814 [inita

184 5838 377 5907 (1068)
407 5850 614 5912 uterque
641 5839 847 5893 calicem
880 5837 1061 5901 levent,
1095 5848 1140 5891 ct
1168 5839 1319 5892 simul
1346 5848 1555 5908 ponant,
1585 5847 1633 5892 et
1663 5856 1781 5892 coo-

180 5933 409 5997 periant.
439 5931 569 5989 Inde
596 5935 757 5989 altare
778 5934 1021 5987 diaconus
1044 5933 1319 5999 osculetur,
1345 5933 1526 5989 deinde
1548 5933 1778 5989 dextrum

1895 3412 2048 3466 satio.
2100 3412 2349 3478 Ter:ium,
2402 3429 2516 3484 qua:
2562 3424 2791 3470 remanet
2835 3418 2887 3470 in
2936 3414 3091 3470 altari
3130 3423 3277 3469 vocat
3316 3422 3498 3469 sancta

1896 3502 2133 3559 Ecclesia
2158 3506 2397 3560 viaticum
2429 3508 2714 3574 morientis,
2746 3516 2803 3562 ut
2824 3511 3125 3564 ostendatur
3151 3525 3252 3563 non
3285 3524 3368 3563 eos
3391 3509 3492 3563 de-

1895 3600 2009 3655 bere
2037 3600 2278 3671 deputari
2306 3602 2600 3669 morientes,
2624 3603 2713 3657 sed
2735 3603 3066 3670 dormientes,
3098 3603 3185 3673 qui
3214 3604 3268 3657 in
3292 3602 3492 3657 Christo

1894 3690 2203 3762 moriuntur,
2231 3693 2353 3746 dum
2376 3692 2468 3746 tali
2496 3699 2737 3765 tantoque
2758 3694 2970 3750 ductore
2988 3696 3055 3748 ad
3077 3704 3317 3750 teternam
3337 3695 3491 3749 vitam

1896 3783 2266 3853 perducuntur.
2302 3784 2363 3839 Si
2393 3796 2561 3839 autem
2588 3802 2715 3856 opus
2745 3802 2847 3840 non
2880 3789 3055 3857 fuerit,
3089 3789 3289 3841 tertium
3315 3803 3489 3842 sacer-

1893 3875 1987 3929 dos
2009 3885 2098 3928 aut
2122 3892 2254 3930 unus
2280 3876 2633 3931 ministrorum
2654 3878 2894 3947 accipiat.
2931 3878 3055 3932 Non
3080 3892 3250 3933 autem
3278 3879 3491 3933 intincto

1894 3986 2046 4040 pune,
2079 3969 2193 4037 sed,
2228 3968 2419 4041 (1074)
2438 3972 2595 4043 juxta
2619 3972 2965 4041 definitionem
2994 3971 3233 4026 Toletani
3260 3972 3487 4041 concilii,

1893 4080 2124 4119 seorsum
2148 4081 2386 4136 corpore,
2421 4079 2652 4120 seorsum
2687 4068 2954 4138 sanguine,
2989 4067 3225 4122 sacerdos
3254 4083 3486 4121 commu-

1893 4159 2046 4227 nicet,
2082 4156 2269 4232 (1075)
2293 4167 2505 4226 excepto
2534 4160 2746 4231 populo,
2779 4177 2927 4230 quem
2950 4161 3165 4215 intincto
3194 4176 3347 4232 pune,
3383 4176 3488 4215 non

1893 4255 2214 4320 auctoritate,
2268 4254 2356 4307 sed
2406 4270 2609 4308 summa
2652 4256 2951 4309 necessitate
2996 4254 3195 4309 timoris
3222 4254 3487 4329 sanguinis

1893 4346 2087 4401 Christi
2118 4344 2383 4414 e/Iusionis
2426 4346 2734 4416 permittitur
2774 4350 3164 4402 communicare.
3198 4348 3336 4401 Dum
3361 4364 3483 4419 ergo

1892 4441 2131 4496 sacerdos
2160 4440 2406 4495 ministris
2444 4443 2850 4497 communionem
2880 4442 3120 4513 porrigit,
3151 4456 3489 4511 unumquem-

1892 4553 1988 4607 que
2015 4536 2254 4608 primitus
2278 4539 2558 4604 osculetur,
2589 4544 2637 4589 et
2669 4546 2784 4607 post
2806 4537 2895 4606 qui
2922 4535 3382 4590 communicandas
3411 4541 3488 4587 est

1894 4648 2048 4684 manu
2067 4630 2348 4685 sacerdotis
2382 4629 2632 4696 osculata,
2657 4630 3067 4685 communionem
3088 4627 3150 4681 ab
3175 4643 3232 4682 eo
3250 4627 3489 4699 accipiat.

1891 4724 2078 4795 (1076)
2109 4722 2375 4779 Postremo
2396 4741 2512 4779 vero
2535 4724 2840 4794 particulam
2869 4739 2985 4793 qua:
3012 4722 3064 4776 in
3094 4722 3253 4775 calice
3280 4737 3487 4776 reman-

1886 4820 1951 4873 sit
1979 4818 2221 4891 sacerdos
2250 4826 2440 4883 sumat,
2475 4827 2521 4873 et
2562 4829 2675 4887 post
2717 4818 2935 4871 diacono
2983 4816 3190 4871 calicem
3233 4816 3301 4870 ad
3330 4832 3489 4869 mun-

1888 4912 2119 4966 dandum
2161 4922 2206 4967 et
2239 4913 2541 4967 sumendum
2568 4911 2703 4982 quod
2744 4911 2987 4965 remansit
3032 4912 3281 4981 porrigat,
3318 4909 3404 4979 qui
3430 4911 3483 4963 in

1886 5006 2150 5059 sinistrum
2179 5022 2339 5060 cornu
2379 5006 2561 5060 altaris
2608 5006 2816 5060 culicem
2865 5022 2981 5058 cum
3030 5015 3215 5075 patenu
3262 5005 3479 5073 deferat,

1888 5098 1973 5150 ubi
1998 5108 2190 5167 partem
2217 5098 2312 5151 sibi
2342 5097 2580 5165 accipiat,
2615 5105 2663 5150 et
2694 5106 2893 5166 partem
2921 5096 3235 5151 subdiucono
3264 5098 3476 5150 tribuat.

1890 5189 2019 5244 Post
2047 5191 2291 5245 mundata
2317 5200 2533 5260 utroque
2564 5190 2767 5260 utrique
2790 5188 2948 5262 257
2978 5192 3300 5261 participent.
3343 5191 3479 5243 Aco-

1889 5282 2063 5353 lgthus
2107 5299 2223 5338 vero
2256 5284 2473 5337 alterum
2522 5283 2728 5338 calicem
2771 5284 3023 5338 sacerdoti
3052 5285 3119 5336 ud
3151 5281 3481 5337 ntnndandos

1888 5375 2074 5447 digitos
2121 5376 2337 5446 deferat.
2388 5376 2746 5431 Subdiaconus
2798 5385 2965 5431 autem
3012 5377 3080 5429 ad
3121 5374 3479 5429 mandandum

1885 5468 2098 5522 culicem
2124 5478 2169 5523 et
2199 5477 2437 5541 patenum
2466 5469 2682 5523 diacono
2707 5470 2911 5524 serviat.
2938 5467 3065 5523 Post
3096 5467 3478 5521 inundationem

1887 5571 2084 5629 patente
2113 5570 2158 5615 et
2189 5561 2363 5616 calicis
2401 5564 2630 5634 acolytus
2661 5572 2929 5630 utrumque
2962 5561 3157 5615 mantili
3192 5559 3473 5613 involutum

1883 5663 2049 5708 teneat
2072 5671 2229 5725 usque
2250 5652 2317 5707 ad
2339 5654 2725 5725 completionem
2748 5656 2926 5725 printte
2948 5652 3469 5717 Postcommunionis,

1883 5764 2074 5817 suaque
2104 5750 2272 5804 centeri
2292 5750 2515 5803 ministri
2545 5748 2726 5819 ofﬁcia.
2764 5747 3035 5806 Sacerdos,
3072 5751 3123 5796 ut
3151 5758 3310 5813 supra
3335 5743 3469 5797 dixi-

1884 5857 2028 5909 mus,
2075 5843 2263 5911 partito
2308 5858 2519 5912 corpore
2548 5839 2792 5904 Domini,
2838 5837 2946 5891 Pax
2977 5834 3189 5889 Domini
3220 5833 3326 5888 altu
3352 5852 3474 5890 voce

1886 5941 2135 6011 proferat,
2154 5956 2184 5993 a
2202 5953 2303 6009 quo
2320 5953 2452 5992 unus
2468 5934 2831 5990 cunonicorum
2854 5946 3031 6003 pacem
3051 5930 3294 6003 accipiat,
3317 5946 3471 5995 quam
