4042 6350
490 426 597 483 255

1099 406 1443 469 APPENDIX
1484 405 1594 461 AD.
1636 402 1694 459 S.
1737 396 2069 455 GREGORH
2112 391 2325 450 MAGNI
2369 389 2495 443 LIB.
2540 384 3189 445 SACRAMENTORUM.‘

3656 387 3762 443 956

493 542 545 595 in
570 546 780 607 utroque
807 532 959 588 choro
989 529 1271 597 majoribus
1302 525 1599 579 distribuat.
1627 520 1740 589 Ipsi
1764 528 1933 572 autem
1964 530 2073 568 cae-
2101 514 2155 575 Α
2247 510 2409 581 258
2438 505 2567 561 Item
2617 507 2803 561 oratio.
2829 536 2899 549 —-
2941 504 3128 578 (1086)
3185 505 3358 570 Deus,
3410 506 3498 575 qni
3550 509 3761 575 populis

493 635 612 692 teris
640 633 711 685 ita
742 630 1025 699 porrigant,
1065 634 1121 680 ut
1152 624 1325 678 nullus
1365 621 1429 675 de
1471 620 1583 673 loco
1612 622 1894 677 moveatur,
1927 611 2014 664 sed
2043 626 2075 662 a

494 725 743 795 superiori
776 722 936 794 258
959 719 1197 790 accipiat,
1227 728 1274 772 et
1302 713 1535 783 inferiori
1567 710 1776 764 tribuat.
1813 705 1956 760 Unus
1979 702 2077 755 mi-

494 835 675 875 norum
711 818 975 885 utriusque
1000 811 1144 867 chori
1182 828 1215 864 a
1252 806 1538 881 majoribus
1568 803 1803 874 accipiat,
1836 807 1881 852 et
1923 798 2080 869 juxta

495 910 849 983 pra’scriptum
886 906 1122 960 ordinem
1169 901 1361 957 cteteris
1400 896 1692 951 distribuat.
1748 891 1863 945 Hoc
1906 898 2078 943 autem

425 1062 434 1073 .
495 1004 706 1075 ﬁrmiter
732 1008 932 1055 teneant
950 1002 1103 1070 juxta
1129 994 1449 1067 Apostolum,
1480 991 1671 1044 honore
1699 986 1915 1041 invicem
1941 997 2078 1053 prce-

426 1098 433 1105 ’
495 1099 767 1161 venientes,
792 1104 846 1148 ut
876 1094 1054 1147 dantes
1098 1104 1273 1161 pacem
1315 1096 1361 1141 et
1386 1085 1685 1155 recipientes
1712 1096 1908 1149 semper
1931 1075 2081 1130 incli-

438 1192 441 1197 ’
497 1200 637 1245 nent.
682 1188 785 1242 Per
831 1185 1065 1242 osculum
1114 1183 1252 1253 pacis
1307 1178 1605 1249 designatur
1653 1182 1841 1228 nostras
1883 1171 2079 1224 utilitas

497 1285 638 1354 ﬁdei.
684 1281 881 1336 Chorus
921 1294 1037 1345 vero
1081 1274 1271 1347 psallat
1310 1272 1491 1342 Agnus
1529 1268 1646 1334 Dei,
1686 1265 1823 1334 quod
1866 1262 2081 1333 Sergius

498 1394 637 1449 papa
689 1386 910 1444 tempore
950 1368 1315 1443 confractionis
1351 1364 1582 1435 corporis
1630 1359 1836 1415 Domini
1876 1364 2084 1412 cantare

498 1468 764 1541 pracepit,
795 1468 944 1538 cujus
976 1463 1105 1533 Agni
1135 1458 1412 1515 immolatio
1441 1453 1689 1509 mundum
1709 1450 1941 1507 redemit.
1970 1449 2082 1515 Quo

499 1563 701 1631 incepto
732 1558 1039 1613 candelabra
1068 1555 1423 1610 illuminentur
1451 1567 1469 1608 :
1499 1547 1638 1619 Agni
1677 1545 1927 1618 passione
1964 1542 2087 1598 illu-

501 1654 735 1710 minatus
756 1660 841 1707 est
866 1648 1118 1714 mundus,
1151 1654 1246 1701 etc.

562 1763 769 1822 RITUS
805 1761 967 1818 01.1.11
1005 1754 1461 1815 OBSERVATUS
1501 1763 1527 1791 ⁸
1562 1752 1627 1809 IN
1680 1746 2024 1809 UNCTIONE

930 1850 1113 1907 REGU
1126 1849 1172 1904 Μ
1208 1844 1575 1903 FRANCORU
1586 1843 1655 1901 Μ.

930 1962 1003 2014 Ex
1029 1961 1204 2014 Codice
1228 1958 1419 2010 Ratoldi
1445 1957 1649 2007 abbatis.

575 2074 731 2145 257
765 2070 954 2142 Incipit
979 2067 1329 2141 percunctatio
1357 2065 1461 2119 sive
1509 2062 1689 2119 electio
1737 2059 2093 2127 episcoporum

501 2182 563 2222 ac
593 2167 915 2230 clericorum,
974 2179 1170 2216 necnon
1212 2160 1523 2232 papulorum
1572 2153 1767 2226 (1077)
1809 2152 1877 2207 ad
1922 2165 2093 2222 regem

503 2260 905 2315 consecrandum
934 2258 1038 2312 sive
1063 2258 1134 2310 ad
1163 2253 1581 2309 benedicendum.

580 2353 876 2409 Admonitio
899 2342 1256 2420 episcoporum
1282 2346 1360 2402 vel
1400 2346 1703 2399 clericorum
1739 2356 1830 2395 seu
1873 2339 2095 2409 papula-

505 2466 621 2504 rum
660 2450 727 2502 ad
774 2464 943 2519 regem
992 2444 1206 2499 dicenda
1249 2442 1323 2496 ita
1369 2441 1570 2511 legatur
1599 2437 1663 2491 ab
1712 2449 1814 2489 uno
1862 2434 2097 2504 episcopo

508 2561 681 2600 coram
720 2540 959 2598 omnibus
983 2554 1000 2593 :

583 2637 767 2716 (1078)
801 2636 848 2692 Α
882 2634 1032 2690 vobis
1062 2626 1345 2701 perdouari
1378 2624 1607 2697 petimus
1632 2629 1690 2677 ut
1718 2617 2002 2688 unicuique
2031 2616 2099 2672 de

509 2712 666 2796 nobis
710 2743 764 2790 et
795 2728 1051 2787 Ecclesiis
1079 2724 1235 2781 nobis
1281 2720 1588 2779 commissis
1641 2716 1958 2772 canonicum
1990 2712 2101 2783 pri-

510 2828 766 2899 vilegium
793 2838 855 2880 ac
876 2822 1112 2878 debitam
1144 2818 1317 2887 legem
1350 2823 1509 2885 atque
1534 2810 1795 2882 justitiam
1823 2819 2104 2862 conserve-

517 2926 611 2992 tis,
635 2930 691 2978 et
713 2918 1080 2975 defensionem
1112 2909 1431 2975 exhibeatis,
1465 2908 1603 2963 sicut
1654 2919 1748 2960 rex
1789 2904 1842 2958 in
1888 2916 1987 2957 suo
2017 2915 2100 2954 re-

516 3031 625 3086 gno
655 3010 943 3080 unicuique
975 3006 1230 3076 episcOpo
1260 3011 1314 3057 et
1366 2998 1623 3055 Ecclesiae
1670 2995 1770 3052 sibi
1803 2992 2104 3050 commissa:

514 3105 706 3179 (1079)
736 3118 833 3173 per
862 3108 1068 3155 rectum
1100 3095 1355 3151 exhibere
1383 3091 1561 3146 debet.

586 3195 773 3269 (1080)
813 3192 1097 3262 Responsio
1124 3188 1279 3259 regis.
1329 3181 1672 3239 —Promitto
1702 3178 1855 3233 vobis
1894 3183 1949 3233 et
1985 3190 2103 3246 per-

517 3290 663 3346 dono
684 3287 807 3358 quia
838 3282 1124 3353 unicuique
1149 3281 1222 3335 de
1245 3278 1395 3334 vobis
1419 3285 1473 3332 et
1505 3272 1761 3330 Ecclesiis
1780 3270 1943 3365 vobis
1960 3284 2108 3326 com-
2133 3301 2178 3365 ϐ

518 3379 699 3438 missis
757 3376 1073 3433 canonicum
1137 3371 1473 3442 privilegium
1530 3378 1583 3424 et
1633 3366 1867 3422 debitam
1934 3364 2104 3433 legem

517 3484 677 3546 atque
720 3472 981 3544 justitiam
1025 3467 1286 3532 servabo,
1338 3473 1391 3521 et
1428 3462 1819 3526 defensionem,
1852 3466 2107 3530 quantum

521 3575 775 3638 potuero,
808 3564 1096 3634 adjuvante
1126 3560 1377 3628 Domino,
1406 3554 1699 3621 exhibebo,
1753 3554 1891 3609 sicut
1929 3567 2024 3607 rex
2056 3555 2109 3604 in

520 3674 621 3717 suo
649 3675 812 3731 regno
839 3659 1123 3729 unicuique
1154 3655 1405 3725 episcopo
1436 3660 1491 3707 et
1520 3649 1774 3706 Ecclesia:
1814 3647 1918 3703 sibi
1964 3660 2114 3701 com-

521 3756 703 3812 missa:
729 3769 824 3824 per
853 3762 1057 3808 rectum
1088 3748 1345 3805 exhibere
1375 3744 1555 3801 debet.

597 3844 783 3916 (1081)
817 3843 1017 3898 Deinde
1038 3842 1372 3912 alloquuntur
1402 3839 1503 3892 duo
1532 3833 1758 3906 episcopi
1786 3831 2030 3902 papulum
2059 3829 2114 3883 in

524 3939 735 3995 ecclesia
764 3936 1075 4007 inquirentes
1105 3948 1279 3986 eorum
1304 3928 1642 3990 voluntatem,
1677 3934 1723 3979 et
1754 3924 1797 3977 si
1842 3921 2116 3976 concordes

525 4031 734 4102 fuerint,
760 4027 947 4101 (1082)
986 4035 1141 4098 agant
1172 4023 1282 4078 Deo
1322 4022 1516 4094 gratias
1548 4017 1881 4085 omnipotenti
1930 4011 2117 4086 (1083)

527 4123 856 4177 decantanles
886 4121 960 4175 Te
977 4121 1144 4174 Deum
1169 4117 1467 4172 laudamus.
1494 4111 1562 4167 Et
1593 4112 1699 4166 duo
1726 4108 1951 4181 episcOpi
1980 4107 2118 4160 acci-

529 4215 813 4286 pianteum
864 4228 954 4280 per
1003 4227 1221 4277 manus,
1276 4219 1321 4263 et
1371 4207 1629 4261 deducant
1679 4212 1800 4258 ante
1850 4200 2044 4265 altare,
2074 4206 2120 4251 et

531 4312 811 4378 prosternet
837 4319 890 4357 se
919 4319 1075 4372 usque
1104 4304 1172 4355 ad
1202 4304 1356 4369 ﬁnem
1383 4300 1461 4355 Te
1491 4300 1659 4355 Deum
1693 4295 1991 4351 laudamus.

604 4396 790 4472 (1084)
823 4395 1089 4450 lnvocatio
1140 4410 1295 4463 super
1331 4408 1611 4464 regem.—
1649 4392 1726 4446 Te
1771 4390 2120 4452 invocamus,

534 4492 761 4547 Domine
790 4496 993 4553 sancte,
1028 4487 1184 4541 Pater
1225 4485 1565 4554 omnipotens
1587 4526 1600 4548 ,
1633 4492 1834 4538 aeterne
1866 4480 2026 4544 Deus,
2063 4489 2121 4533 ut

536 4585 681 4640 hunc
716 4580 970 4636 famulum
1005 4588 1154 4634 tuum
1190 4576 1277 4641 N.,
1309 4590 1467 4646 quem
1500 4584 1604 4629 tuae
1626 4574 1821 4628 divinae
1849 4573 2125 4641 dispensa-

536 4674 701 4732 tioxiis
724 4669 1057 4743 providentia
1087 4670 1141 4724 in
1171 4666 1465 4738 primordio
1498 4667 1818 4736 plasmatum
1863 4677 2030 4733 usque
2058 4662 2124 4717 ad

541 4766 683 4823 hunc
711 4774 1030 4837 prmsentem
1084 4762 1228 4817 diem
1280 4758 1503 4830 juvenili
1537 4756 1671 4812 [lore
1718 4757 1984 4809 laetantem
2016 4768 2127 4809 cre-

540 4875 698 4916 scere
748 4858 1087 4925 concessisti,
1116 4871 1239 4911 eum
1293 4862 1397 4908 tua:
1450 4850 1661 4921 pietatis
1711 4849 1853 4903 dono
1901 4847 2128 4901 ditatum

545 4953 869 5025 plenumque
892 4950 1063 5022 gratia
1092 4948 1333 5003 veritatis
1359 4945 1425 5000 de
1450 4946 1537 4999 die
1560 4945 1611 4997 in
1637 4942 1779 4996 diem
1809 4955 1987 4995 coram
2024 4940 2131 4993 Deo

545 5054 604 5101 et
636 5043 943 5097 hominibus
988 5042 1055 5095 ad
1109 5040 1330 5095 meliora
1370 5051 1584 5105 semper
1637 5033 1895 5103 proﬁcere
1941 5030 2130 5097 facias,

548 5134 751 5210 (1085)
788 5143 845 5189 ut
872 5134 1067 5190 summi
1126 5132 1400 5201 regiminis
1442 5127 1635 5182 solium
1673 5125 1859 5194 gratim
1888 5138 2134 5192 supernae

549 5225 803 5295 largitate
857 5224 1094 5295 gaudens
1148 5221 1422 5290 suscipiat,
1470 5228 1556 5283 et,
1610 5214 1992 5271 misericordias
2045 5224 2136 5269 tuo

554 5333 710 5374 muro
739 5316 805 5372 ab
836 5315 1069 5370 hostium
1096 5312 1416 5368 adversitate
1455 5309 1693 5379 undique
1734 5308 1992 5372 munitus,
2022 5308 2138 5378 ple-

552 5411 674 5467 bem
703 5410 801 5464 sibi
834 5408 1173 5464 commissam
1205 5420 1325 5460 cum
1360 5418 1490 5474 pace
1533 5401 1926 5472 propitiationis
1955 5411 2009 5456 et
2032 5402 2143 5455 vir-

2180 603 2285 656 tuis
2324 604 2522 654 virtute
2572 599 2831 664 consulis,
2859 606 2915 653 et
2942 613 3126 652 amore
3170 598 3488 659 dominaris,
3521 600 3586 653 da
3639 601 3759 655 huic

2179 692 2382 748 famulo
2409 699 2500 746 tuo
2529 690 2787 760 Spiritum
2834 689 3114 759 sapientia:
3143 702 3264 744 cum
3314 688 3576 757 regimine
3604 687 3766 745 disci-

2181 787 2373 859 plinas,
2428 793 2488 841 ut
2536 784 2636 841 tibi
2679 794 2795 841 toto
2846 784 3007 840 corde
3054 784 3279 839 devotus
3321 783 3375 837 in
3422 782 3573 854 regni
3628 784 3769 853 regi-

2182 881 2327 937 mine
2353 888 2569 934 maneat
2589 893 2805 949 semper
2832 878 3083 944 idoneus,
3115 886 3313 948 tuoque
3336 891 3557 932 munere
3575 877 3768 948 (1087)

2186 974 2358 1044 ipsius
2388 972 2725 1042 temporibus
2752 973 3006 1026 securitas
3038 968 3291 1025 Ecclesia:
3315 969 3597 1038 dirigatur,
3620 976 3679 1022 et
3716 968 3773 1024 in

2186 1064 2571 1133 tranquillitate
2605 1063 2823 1119 devotio
2862 1060 3166 1116 Christiana
3224 1066 3555 1129 permaneat,
3615 1066 3674 1112 ut
3716 1058 3772 1115 in

2185 1158 2340 1214 bonis
2370 1156 2625 1225 operibus
2675 1168 3027 1226 perseverans
3056 1151 3125 1207 ad
3162 1158 3423 1208 aeternum
3463 1165 3691 1222 regnum
3720 1161 3776 1207 te

2186 1250 2323 1307 duce
2352 1251 2528 1305 valeat
2561 1248 2866 1317 pervenire.
2892 1246 3013 1301 Per.

2258 1342 2396 1396 Atia.
2425 1371 2497 1383 -—-
2516 1340 2576 1395 In
2598 1340 2788 1396 diebus
2809 1339 2926 1410 ejus
2957 1338 3161 1394 oriatur
3189 1338 3437 1393 omnibus
3465 1339 3692 1408 tequitas
3722 1346 3778 1395 et

2184 1432 2416 1505 justitia,
2447 1431 2634 1486 amicis
2658 1430 3003 1501 adiutorium,
3030 1427 3262 1486 inimicis
3289 1428 3647 1495 obstaculum,
3674 1428 3780 1484 hu-

2190 1522 2412 1577 milibus
2439 1520 2711 1587 solatium,
2756 1521 2916 1576 elatis
2956 1520 3242 1585 correctio,
3294 1518 3544 1575 divitibus
3574 1518 3784 1575 doctri-

2192 1631 2292 1685 na,
2345 1614 2672 1688 pauperibus
2716 1614 2906 1683 pietas,
2956 1612 3253 1685 peregrinis
3302 1610 3622 1681 paciﬁcatio,
3654 1628 3785 1682 pro-

2189 1710 2324 1783 priis
2362 1711 2417 1766 in
2460 1709 2628 1780 patria
2662 1724 2762 1779 pax
2808 1717 2865 1765 et
2916 1708 3180 1764 securitas
3206 1750 3220 1773 ,
3252 1706 3542 1777 unicuique
3589 1721 3787 1762 secun-

2193 1807 2318 1863 dum
2364 1821 2514 1861 suam
2566 1818 2872 1859 mensuram
2918 1801 3193 1859 moderate
3221 1802 3559 1872 gubernans,
3594 1798 3785 1870 (1088)

2120 1909 2171 1972 Β
2196 1898 2427 1968 seipsum
2455 1895 2673 1951 sedulus
2699 1894 2889 1963 discat,
2912 1901 2988 1960 ut,
3023 1901 3113 1948 tua
3137 1893 3385 1964 irrigatus
3415 1891 3790 1960 compunctjo-

2196 2004 2296 2051 ne,
2351 1988 2446 2042 toti
2502 1987 2700 2059 populo
2750 1986 2843 2041 tibi
2894 1985 3087 2055 placita
3146 1984 3391 2054 praebere
3444 1983 3569 2038 vitae
3615 1984 3789 2051 possit

2193 2079 2457 2149 exempla,
2490 2089 2565 2146 et,
2599 2093 2692 2149 per
2720 2078 2860 2132 viam
2903 2077 3144 2133 veritatis
3183 2090 3305 2131 cum
3335 2089 3499 2146 grege
3524 2074 3786 2145 gradiens

2195 2174 2299 2231 sibi
2335 2173 2572 2239 subdito,
2625 2186 2756 2243 Opes
2784 2170 3017 2241 frugales
3065 2170 3401 2226 abundanter
3428 2169 3673 2239 acquirat
3714 2168 3794 2223 si-

2197 2267 2309 2323 mul
2345 2265 2412 2320 ad
2454 2265 2682 2320 salutem
2734 2278 2842 2319 non
2895 2263 3073 2318 solum
3113 2276 3433 2333 corporum,
3488 2260 3585 2315 sed
3628 2258 3793 2316 etiam

2199 2358 2442 2414 cordium
2474 2372 2502 2411 a
2535 2364 2588 2412 te
2629 2369 2945 2412 concessam
2986 2361 3180 2410 cuncta
3209 2352 3455 2423 accipiat.
3484 2352 3705 2423 Sicque,
3736 2352 3793 2406 in

2205 2457 2262 2505 te
2300 2450 2589 2519 cogitatum
2622 2448 2788 2502 animi
2815 2446 3207 2517 consiliumque
3229 2461 3389 2502 omne
3418 2459 3747 2513 componens
3774 2485 3792 2509 ,

2200 2537 2372 2608 plebis
2395 2536 2760 2608 gubernacula
2783 2551 2904 2593 cum
2929 2551 3061 2607 pace
3084 2536 3240 2593 simul
3267 2546 3319 2591 et
3360 2535 3623 2607 sapientia
3650 2551 3800 2589 sem-

2202 2645 2296 2702 per
2338 2631 2579 2686 invenire
2632 2629 2910 2696 videatur;
2945 2639 3104 2699 teque
3155 2629 3450 2684 auxiliante
3499 2628 3795 2699 praesentis

2202 2722 2325 2776 vitae
2370 2721 2731 2792 prolixitatem
2783 2720 3076 2791 percipiat,
3110 2728 3164 2776 et
3216 2735 3312 2791 per
3358 2730 3602 2790 tempora
3644 2719 3795 2774 bona

2206 2827 2375 2882 usque
2422 2813 2489 2867 ad
2521 2827 2788 2868 summam
2837 2821 3171 2869 senectutem
3202 2810 3498 2882 perveniat,
3529 2810 3803 2881 hujusque

2206 2903 2516 2978 fragilitatis
2558 2906 2718 2961 ﬁnem
2772 2905 3064 2974 perfectum
3117 2904 3183 2959 ab
3240 2904 3488 2959 omnibus
3539 2902 3803 2958 vitiorum

2206 2998 2437 3055 vinculis
2465 3008 2572 3055 tuae
2604 2999 2819 3069 pietatis
2867 2999 3114 3070 largitate
3166 2999 3442 3065 liberatus,
3472 3006 3527 3053 et
3576 2998 3805 3053 inﬁnita:

2210 3093 2588 3163 prosperitatis
2612 3093 2830 3163 praemia
2863 3101 3118 3163 perpetua
3148 3091 3567 3164 angelorumque
3598 3098 3810 3147 (eterna

2211 3188 2538 3244 commercia
2567 3195 2948 3257 consequatur.
2976 3185 3099 3243 Per.

2286 3278 2497 3352 (1089)
2554 3279 2885 3335 Consecratio
2913 3279 3069 3352 regis.
3101 3309 3171 3319 ——
3206 3277 3557 3347 Omnipotens
3602 3273 3810 3345 sempi-

2216 3384 2369 3432 terne
2397 3376 2557 3441 Deus,
2594 3373 2818 3430 Creator
2863 3383 2920 3428 et
2969 3373 3297 3443 gubernator
3326 3370 3447 3427 coeli
3498 3377 3552 3425 et
3600 3378 3761 3424 terra:
3792 3409 3810 3435 ,

2214 3467 2462 3525 conditor
2501 3477 2557 3522 et
2585 3465 2879 3536 dispositor
2914 3466 3223 3535 angelorum
3254 3472 3308 3518 et
3349 3462 3659 3525 hominum,
3695 3459 3812 3516 Rex

2217 3575 2402 3630 regum
2421 3565 2476 3615 et
2492 3559 2750 3613 Dominus
2778 3556 3139 3623 dominorum,
3171 3556 3262 3626 qui
3294 3552 3561 3610 Abraham
3592 3551 3813 3607 ﬁdelem

2218 3652 2476 3706 famulum
2501 3659 2648 3706 tuum
2672 3650 2739 3704 de
2779 3649 3025 3704 hostibus
3052 3647 3387 3717 triumphare
3412 3645 3605 3711 fecisti,
3636 3643 3816 3716 Moysi

2220 3752 2276 3800 et
2294 3742 2454 3798 Josue
2486 3741 2685 3812 populo
2715 3750 2804 3795 tuo
2851 3739 3087 3810 praelatis
3137 3737 3494 3805 multiplicem
3526 3735 3819 3789 victoriam

2221 3834 2491 3899 tribuisti,
2527 3831 2781 3886 humilem
2814 3843 3029 3900 quoque
3057 3828 3224 3882 David
3270 3841 3496 3896 puerum
3541 3834 3692 3878 tuum
3726 3838 3820 3879 re-

2222 3924 2312 3995 gni
2337 3921 2545 3993 fastigio
2568 3920 2728 3993 259
2750 3919 3070 3986 sublimasti,
3101 3917 3408 3988 eumquede
3433 3932 3525 3972 ore
3550 3916 3743 3980 leonis,
3760 3927 3823 3972 et

2223 4014 2290 4070 de
2311 4029 2469 4069 manu
2492 4012 2677 4067 bestiae
2694 4021 2852 4082 atque
2872 4010 3172 4077 Goliae,sed
3200 4018 3253 4065 et
3278 4009 3345 4065 de
3374 4007 3550 4079 gladio
3578 4008 3821 4078 maligno

2224 4107 2354 4163 Saul
2381 4116 2436 4163 et
2460 4106 2698 4162 omnium
2743 4107 3079 4163 inimicorum
3117 4107 3232 4175 ejus
3278 4104 3533 4171 liberasti,
3579 4112 3631 4157 et
3660 4102 3823 4158 Salo-

2224 4216 2439 4257 monem
2462 4200 2743 4271 sapientize
2773 4201 3024 4271 pacisque
3068 4198 3322 4255 ineffabili
3351 4212 3573 4253 munere
3604 4196 3826 4266 ditasti,

2225 4292 2435 4362 respice
2468 4291 2731 4362 propitius
2761 4291 2829 4347 ad
2878 4304 3063 4361 preces
3115 4298 3314 4344 nostra:
3363 4287 3720 4352 humilitatis,
3766 4296 3831 4341 et

2230 4400 2395 4454 super
2422 4384 2565 4439 hunc
2589 4384 2848 4439 famulum
2882 4391 3052 4448 tuum,
3082 4397 3242 4452 quem
3274 4380 3504 4451 supplici
3534 4378 3829 4435 devotione

2229 4480 2280 4533 in
2309 4479 2490 4551 (1000)
2525 4494 2747 4551 regnum
2776 4478 2845 4533 Ν.
2882 4477 3123 4533 Alhionis
3154 4477 3319 4531 totius
3366 4474 3615 4529 videlicet
3653 4472 3833 4527 Fran-

2228 4587 2408 4626 corum
2440 4572 2642 4640 pariter
2661 4573 2903 4641 eligimus
2926 4610 2940 4631 ,
2968 4569 3401 4626 benedictionum
3435 4577 3645 4621 tuarum
3677 4564 3827 4619 dona

2230 4659 2788 4728 multiplica,eumque
2810 4658 3029 4713 dextera
3051 4665 3154 4711 tuae
3181 4656 3430 4726 potentia:
3459 4668 3675 4722 semper
3702 4651 3829 4706 ubi-

2236 4768 2340 4821 que
2377 4752 2685 4818 circumda;
2721 4761 3005 4821 quatenus,
3040 4749 3279 4819 praedicti
3311 4748 3540 4803 Abrahae
3570 4744 3836 4800 ﬁdelitate

2239 4844 2503 4904 ﬁrmatus,
2540 4842 2705 4913 Moysi
2739 4841 3146 4896 mansuetudine
3178 4838 3363 4902 fretus,
3396 4837 3561 4892 Josue
3608 4833 3833 4889 fortitu-

2238 4936 2364 4991 dine
2386 4922 2641 5001 munitus,
2666 4932 2828 4987 David
2860 4932 3160 4987 humilitate
3188 4931 3451 4985 exaltatus
3471 4967 3489 4995 ,
3514 4928 3831 4983 Salomonis

2240 5026 2504 5095 sapientia
2554 5026 2878 5091 decoratus,
2940 5023 3030 5078 tibi
3080 5024 3130 5079 in
3187 5021 3435 5077 omnibus
3473 5020 3835 5089 complaceat,

2242 5132 2297 5178 et
2328 5135 2420 5190 per
2447 5118 2713 5173 tramitem
2741 5117 2960 5185 justitiae
2994 5116 3257 5171 inoffenso
3287 5128 3471 5185 gressu
3502 5127 3721 5182 semper
3750 5112 3840 5166 iu-

2244 5214 2435 5280 cedat,
2469 5220 2523 5266 et
2576 5211 2738 5265 totius
2784 5209 3027 5266 Albionis
3077 5208 3373 5263 Ecclesiam
3426 5207 3680 5275 deinceps
3709 5220 3837 5261 cum

2244 5302 2485 5376 plebibus
2515 5300 2617 5356 sibi
2648 5301 2872 5354 annexis
2907 5300 2976 5354 ita
3014 5298 3248 5355 enutriat
3273 5313 3336 5354 ac
3366 5298 3577 5362 doceat,
3599 5298 3835 5361 muniat,

2246 5406 2301 5454 et
2340 5396 2584 5459 instruat,
2618 5403 2913 5463 contraque
2958 5407 3145 5449 omnes
3175 5391 3411 5447 visibiles
3454 5400 3508 5445 et
3535 5389 3840 5445 invisibiles

554 5511 668 5558 tute
697 5502 933 5558 victoria:
972 5498 1200 5555 feliciter
1240 5510 1430 5570 regere
1468 5505 1757 5571 mereatur.
1805 5494 1911 5550 Per
1960 5491 2146 5548 Domi-
2248 5490 2431 5547 hostes
2456 5488 2596 5542 idem
2644 5496 2889 5555 potenter
2929 5487 3289 5557 regaliterque
3320 5496 3424 5539 tuas
3455 5485 3667 5539 virtutis
3696 5482 3845 5551 regi-

554 5614 705 5655 num.

630 5744 657 5771 α
688 5734 741 5789 1η
770 5736 940 5803 primo
979 5730 1185 5787 Theod.
1239 5739 1364 5784 sunt
1414 5728 1682 5785 Orationes
1729 5730 1798 5783 ad
1835 5727 2132 5803 benedicen-

561 5808 681 5861 dum
715 5802 900 5875 regem.
936 5807 1144 5875 Atcum
1189 5804 1385 5857 nostris
1413 5803 1564 5857 nullo
1585 5813 1748 5871 .pacto
1786 5802 2132 5875 conveniunt.

562 5881 621 5934 In
650 5876 729 5928 bis
756 5872 868 5931 llaec
908 5884 1090 5928 notatu
1117 5873 1274 5943 digna
1297 5890 1416 5945 quae
1448 5875 1754 5930 inscribitur
1786 5892 1797 5928 :
1833 5872 2013 5945 Oratio
2041 5884 2139 5945 qua

564 5947 816 6003 benedixit
837 5949 1048 6002 domnus
1078 5939 1389 6019 apoitolicus
1415 5946 1662 6019 {Joannes
1702 5943 1992 6017 (octavus)
2036 5939 2144 5995 Lu-

2250 5584 2393 5641 mine
2432 5579 2801 5646 administret,
2845 5577 3031 5649 (109-1)
3064 5590 3119 5634 ut
3140 5578 3317 5650 regale
3358 5578 3549 5631 solium
3590 5574 3847 5628 videlicet

2239 5720 2475 5777 dovicum
2516 5717 2897 5789 (cognomento
2938 5715 3191 5785 Balbum)
3236 5714 3474 5789 Junioris
3521 5710 3704 5789 Caroli
3724 5712 3851 5789 “int-

2244 5793 2491 5862 peratoris
2524 5784 2717 5857 ﬁlium,
2743 5786 2925 5862 Trecas
2957 5784 3197 5862 civitatis.
3222 5788 3490 5862 (Spiritum
3537 5784 3847 5837 sanctiﬁra-

2247 5858 2435 5988 ’tiotnist,i
2458 5862 2793 5983 Qufsumus,
2833 5860 3090 5928 Domine,
3118 5860 3255 5916 Lud.
3289 5858 3404 5931 regi
3450 5865 3639 5913 nostro
3683 5870 3847 5926 prop.

2249 5953 2302 5991 in
2332 5950 2399 5988 un
2440 5948 2489 5991 e.
2523 5946 2553 5984 e
2581 5944 2631 5984 e.

2475 5971 2489 5999 ,
2523 5968 2631 5984 νυν.
