4128 6346
386 360 491 424 257

1006 354 1357 422 APPENDIX
1394 362 1489 420 AD
1527 362 1590 420 S.
1631 354 1972 419 GREGORll
2008 357 2223 416 MAGNI
2263 354 2395 417 LIB.
2436 358 3076 421 SACRAMENTORUM.

3562 360 3671 423 258

385 484 723 539 Francorum
770 487 982 551 sceptra
1042 496 1151 536 non
1195 480 1447 546 deserat,
1501 477 1595 534 sed
1625 476 1693 533 ad
1739 475 1977 548 pristinae
2010 473 2355 540 Atractabili
2387 472 2529 529 dono
2576 473 2862 530 invisibilia
2916 475 3217 546 percipere,
3255 485 3311 534 et
3354 482 3671 551 temporalia

384 575 511 631 fidei
555 573 813 646 pacisque
848 574 1192 630 concordiam
1226 588 1413 630 eorum
1455 572 1663 628 animos
1712 580 1765 627 te
1804 571 1978 641 opitu-

386 670 531 726 lante
579 669 859 736 reformat,
893 679 970 738 ut,
1023 679 1374 739 utrorumque
1426 668 1615 724 horum
1654 667 1975 738 populorum

330 786 339 819 ἓ
379 763 563 818 debita
600 762 935 833 subiectione
979 763 1165 831 fultus,
1197 762 1465 833 condigne
1494 776 1683 819 amore
1711 761 1976 832 glorifica-

382 868 487 923 tus,
519 873 615 929 per
641 858 857 928 longum
905 858 1030 913 vitae
1066 858 1296 927 spatium
1328 866 1570 926 paterna:
1607 857 1810 926 apicem
1861 855 1975 926 glo-

379 950 473 1004 rize
518 962 606 1007 tua
650 951 995 1007 miseratione
1042 950 1247 1005 unatim
1296 948 1536 1007 stabilire
1574 958 1629 1005 et
1673 950 1975 1018 gubernare

377 1052 682 1109 mereatur;
708 1052 813 1099 tua
837 1057 1052 1113 quoque
1080 1041 1429 1112 protectionis
1456 1042 1610 1112 galea
1630 1042 1890 1109 munitus,
1919 1049 1974 1097 et

376 1142 533 1186 scuto
573 1132 923 1202 insuperabili
962 1131 1166 1203 jugiter
1191 1140 1500 1202 protectus,
1551 1131 1821 1202 armisque
1863 1146 1974 1188 coe-

376 1225 603 1281 leStibus
632 1226 998 1283 circumdatus
1025 1266 1042 1294 ,
1091 1227 1343 1283 obtabilis
1373 1227 1614 1284 victoria:
1644 1228 1972 1299 triumphum

372 1320 442 1374 de
487 1319 735 1376 hostibus
782 1321 1014 1377 feliciter
1068 1322 1266 1393 capiat,
1319 1329 1692 1392 terroremque
1719 1335 1831 1377 suae
1875 1334 1973 1392 po-

373 1413 561 1467 tentiae
580 1412 884 1469 infidelibus
913 1412 1129 1479 inferat,
1160 1423 1213 1467 et
1244 1428 1434 1481 pacem
1479 1411 1573 1470 tibi
1616 1412 1972 1469 militantibus

374 1501 624 1559 laetanter
674 1512 950 1575 reportet;
981 1504 1272 1561 virtutibus
1302 1520 1513 1561 necnon
1554 1505 1749 1576 quibus
1780 1505 1971 1576 praefa-

375 1601 458 1649 tos
515 1594 709 1651 fideles
742 1604 861 1651 tuos
904 1595 1174 1653 decorasti
1231 1597 1514 1667 multiplici
1543 1596 1763 1653 honoris
1804 1598 1969 1654 bene-

372 1681 611 1740 dictione
638 1683 964 1751 condecora,
1010 1692 1066 1741 et
1092 1686 1146 1740 in
1177 1686 1439 1756 regimine
1469 1686 1621 1756 regni
1662 1686 1969 1742 sublimiter

370 1767 577 1831 colloca
597 1816 615 1842 ,
659 1786 716 1833 et
744 1776 868 1833 oleo
891 1777 1077 1847 gratiae
1119 1778 1350 1848 Spiritus
1372 1780 1545 1835 sancti
1572 1792 1832 1849 perunge.
1865 1777 1968 1833 Hic

2078 580 2248 635 regna
2293 565 2455 640 [Leg.
2501 575 2669 636 temp.
2701 581 2898 639 regno,
2939 568 3072 623 utin
3115 571 3446 627 coronatione
3494 572 3667 629 Henr.

2077 656 2109 713 1
2124 659 2205 734 γ]
2231 660 2391 731 justis
2418 661 2875 722 moderaminibus
2892 674 3172 738 exsecato,
3201 667 3528 727 mternaliter
3545 684 3668 727 eum

2074 768 2141 811 eo
2170 768 2398 824 regnare
2422 755 2701 813 merearis.
2744 756 2869 813 Per.

2149 848 2251 904 Hic
2286 849 2470 921 (1098)
2511 851 2660 906 detur
2690 854 2932 909 annulus.
2960 882 3034 897 —
3055 854 3244 925 (1099)
3273 856 3469 929 Accipe
3498 872 3670 915 annu-

2075 940 2210 1009 lum,
2244 942 2576 1012 signaculum
2630 945 2883 1003 videlicet
2924 956 3125 1004 sancta:
3166 948 3313 1015 fidei,
3345 949 3671 1008 soliditatem

2078 1036 2254 1106 regni,
2295 1048 2641 1108 augmentum
2669 1043 2921 1111 potentia:
2952 1058 3047 1112 per
3070 1058 3191 1115 quae
3213 1044 3363 1119 [Leg.
3394 1061 3582 1117 quem,
3613 1054 3673 1102 ut

2073 1127 2126 1181 in
2150 1133 2479 1185 coronatione
2516 1131 2687 1188 Henr.
2722 1129 2840 1206 IV]
2871 1133 3012 1191 scias
3066 1136 3385 1207 triumphali
3434 1138 3673 1207 potentia

2073 1218 2256 1277 hostes
2286 1222 2579 1293 repellere,
2598 1223 2834 1281 haereses
2864 1224 3168 1293 destruere,
3189 1227 3433 1284 subditos
3460 1228 3668 1285 coadu-

2072 1329 2226 1383 nare,
2255 1323 2311 1371 et
2336 1316 2615 1373 catholica:
2640 1317 2767 1374 fidei
2794 1318 2985 1391 (1100)
3009 1321 3494 1391 perseverabilitati
3533 1336 3668 1379 con-

2074 1408 2242 1463 necti.
2266 1406 2393 1463 Per.

2143 1494 2334 1566 (1101)
2367 1496 2547 1552 Oratio
2565 1508 2677 1569 post
2703 1499 2955 1554 annulum
2979 1501 3179 1559 datum.
3201 1526 3279 1544 --
3302 1503 3447 1561 Deus
3468 1545 3485 1573 ,
3513 1504 3671 1575 cujus

2071 1596 2155 1644 est
2194 1589 2372 1644 omnis
2402 1599 2643 1660 potestas
2671 1600 2727 1648 et
2772 1592 3027 1662 dignitas,
3059 1594 3126 1651 da
3178 1594 3383 1651 famulo
3436 1605 3530 1654 tuo
3573 1612 3674 1668 pro

2070 1681 2273 1753 Spiritu
2301 1699 2413 1741 sum
2439 1686 2723 1756 dignitatis
2767 1686 3046 1756 effectum,
3087 1688 3142 1745 in
3186 1705 3315 1760 qua,
3339 1699 3393 1746 te
3424 1705 3676 1748 remune-

2071 1785 2251 1844 rante,
2280 1789 2616 1848 permaneat,
2648 1795 2975 1854 semperque
2995 1782 3208 1854 timeat,
3242 1785 3445 1857 tibique
3472 1786 3675 1858 jugiter

372 1867 562 1941 (1092)
593 1879 818 1941 ungatur
848 1871 981 1926 oleo.
1026 1870 1149 1926 Ant.
1180 1871 1462 1928 Unxerunt
1505 1872 1848 1929 Salomoncm
1876 1872 1974 1929 Sa-
2000 1871 2049 1933 B
2078 1869 2290 1940 placere
2310 1873 2623 1929 contendat.
2656 1874 2784 1931 Per.

369 1959 478 2017 doc
508 1963 785 2030 sacerdos,
818 1972 873 2019 et
898 1962 1112 2018 Nathan
1137 1965 1396 2036 propheta
1422 1980 1602 2035 regem
1633 1964 1688 2020 in
1718 1963 1883 2030 Giou,
1911 1974 1968 2021 et

366 2056 690 2114 accedentes
719 2057 827 2114 laeti
869 2058 1170 2114 dixerunt:
1201 2058 1357 2113 Vivat
1404 2073 1499 2115 rex
1554 2058 1608 2113 in
1660 2058 1963 2114 aeternum!

368 2147 526 2206 Unde
585 2151 785 2206 unxisti
832 2150 1164 2218 sacerdotes,
1221 2165 1379 2221 reges
1431 2157 1488 2207 et
1539 2152 1850 2222 prophetas,
1903 2165 1968 2207 ac

364 2251 660 2313 martyres,
692 2243 784 2315 qui
805 2259 903 2315 per
929 2245 1089 2299 fidem
1112 2244 1361 2301 vicerunt
1380 2259 1542 2316 regna
1562 2286 1578 2313 ,
1610 2246 1817 2315 operati
1842 2252 1968 2301 sunt

360 2336 651 2406 justitiam,
689 2347 849 2408 atque
890 2338 1124 2407 adempti
1157 2336 1305 2411 [Leg.
1333 2336 1542 2409 adepti]
1573 2346 1699 2393 sunt
1725 2337 1966 2407 promis-

365 2429 570 2485 siones.
596 2426 783 2501 (1095)
813 2427 978 2499 Cujus
1004 2428 1370 2484 sacratissima
1399 2430 1583 2485 unctio
1611 2444 1775 2499 super
1803 2437 1966 2500 caput

364 2520 487 2591 ejus
507 2519 730 2589 defluat,
758 2528 920 2590 atque
961 2519 1028 2574 ad
1057 2519 1309 2575 interiora
1343 2519 1658 2585 descendat,
1687 2531 1742 2576 et
1786 2520 1965 2577 cordis

365 2609 513 2667 illius
544 2611 729 2666 intima
757 2618 1019 2680 penetret,
1044 2612 1595 2683 etpromissionibus,
1629 2627 1764 2683 quas
1783 2611 1965 2683 adepti

369 2714 501 2764 sunt
525 2705 959 2764 victoriosissimi
985 2721 1162 2777 reges,
1195 2707 1363 2777 gratia
1396 2715 1508 2776 tua,
1533 2706 1729 2778 dignus
1758 2705 1963 2763 efficia-

369 2810 485 2868 tur;
515 2810 801 2872 quatenus,
824 2808 881 2857 et
899 2799 953 2856 in
987 2800 1238 2871 presenti
1278 2800 1478 2857 saeculo
1499 2800 1727 2856 feliciter
1754 2809 1962 2871 regnet,

367 2901 428 2950 et
448 2893 515 2950 ad
538 2896 737 2950 ’eorum
778 2894 1114 2949 consortium
1146 2894 1206 2948 in
1230 2893 1438 2950 etelesti
1486 2909 1652 2964 regno
1689 2893 1966 2964 perveniat

367 2998 469 3055 per
498 2984 780 3040 Dominum
811 2994 1053 3041 nostrum
1080 2984 1263 3042 Jesum
1280 2983 1549 3041 Christum
1568 2984 1761 3040 Filium
1790 2992 1960 3053 tuum,

370 3080 462 3151 qui
492 3087 687 3135 unctus
724 3090 810 3138 est
850 3079 972 3137 oleo
1004 3078 1204 3135 laetitia:
1229 3094 1340 3150 prie
1370 3078 1711 3136 consortibus
1750 3078 1884 3146 suis,
1910 3087 1967 3134 et

371 3173 574 3230 virtute
599 3172 773 3232 crucis
818 3180 1111 3243 potestates
1147 3186 1337 3230 aereas
1375 3172 1715 3239 debellavit,
1765 3180 1964 3226 tartara

2151 1960 2249 2016 Hic
2267 1962 2455 2035 (1102)
2484 1965 2727 2036 cingatur
2758 1967 2803 2020 ei
2832 1965 3039 2039 gladius
3066 1968 3128 2023 ab
3170 1968 3579 2040 archiepiswpo.
3601 1997 3677 2015 -

2071 2055 2264 2127 (1105)
2291 2057 2488 2126 Accipe
2528 2058 2669 2114 hunc
2719 2059 2959 2131 gladium
3015 2076 3137 2117 cum
3174 2061 3272 2117 Dei
3302 2061 3676 2121 benedictione

2070 2148 2169 2204 tibi
2190 2149 2470 2217 collatum,
2508 2151 2563 2208 in
2612 2168 2720 2223 quo
2761 2170 2857 2223 per
2903 2155 3159 2211 virtutem
3215 2155 3447 2226 Spiritus
3502 2158 3673 2214 sancti

2071 2238 2329 2296 resistere
2360 2249 2414 2295 et
2443 2241 2642 2311 ejicere
2685 2258 2875 2300 omnes
2927 2246 3176 2301 inimicos
3224 2255 3344 2303 tuos
3390 2247 3592 2314 valeas,
3622 2257 3679 2305 et

2070 2341 2293 2385 cunctos
2319 2342 2520 2388 sanctae
2551 2333 2647 2389 Dei
2669 2334 2924 2391 Ecclesiae
2952 2338 3315 2406 adversarios,
3338 2354 3674 2412 regnumque

2069 2421 2163 2477 tibi
2191 2424 2537 2479 commissum
2572 2427 2772 2493 tutari,
2823 2437 2985 2499 atque
3027 2439 3310 2501 protegere
3338 2441 3515 2487 castra
3569 2433 3668 2488 Dei

2073 2527 2171 2581 per
2195 2515 2452 2571 auxilium
2478 2516 2818 2573 invictissimi
2838 2520 3251 2590 triumphatoris
3270 2523 3481 2578 Domini
3503 2527 3671 2581 nostri

2067 2604 2194 2661 Jesu
2226 2606 2444 2675 Christi,
2472 2610 2563 2680 qui
2592 2624 2715 2665 cum
2741 2609 2903 2668 Patre
2927 2612 2981 2668 in
3006 2614 3215 2671 unitate
3238 2615 3472 2686 Spiritus
3500 2618 3675 2676 sancti

2073 2699 2210 2755 vivit
2239 2709 2294 2756 et
2323 2711 2512 2771 regnat
2543 2705 2598 2759 in
2628 2706 2825 2762 saecula
2862 2707 3213 2765 saeculorum.

2148 2793 2341 2867 (1104)
2392 2796 2571 2852 Oratio
2598 2785 2715 2869 ipost
2766 2799 3023 2872 gladium.
3048 2833 3118 2845 —
3148 2803 3323 2873 Deus;
3354 2808 3446 2878 qui
3491 2810 3674 2879 provi—

2069 2885 2249 2942 dentia
2280 2894 2370 2943 tua
2400 2890 2646 2947 caelestia
2674 2892 2837 2948 simul
2870 2903 2923 2949 et
2946 2903 3165 2953 terrena
3194 2899 3513 2967 moderaris,
3544 2916 3673 2970 pro-

2071 2977 2261 3046 pitiare
2291 2978 2478 3051 (1105)
2508 2978 2972 3040 Christianissimo
3008 2987 3119 3056 regi
3153 2996 3375 3057 nostro,
3407 2999 3466 3045 ut
3494 2991 3673 3047 omnis

2070 3069 2305 3128 hostium
2354 3087 2575 3130 suorum
2627 3073 2890 3133 fortitudo
2937 3078 3136 3137 virtute
3199 3081 3362 3152 gladii
3419 3085 3676 3155 spiritalis

2069 3165 2365 3237 frangatur,
2415 3185 2479 3227 ac
2509 3178 2561 3228 te
2589 3186 2691 3244 pro
2721 3172 2812 3230 illo
2852 3183 3122 3246 pugnante
3168 3178 3387 3248 penitus
3415 3189 3671 3238 contera-

369 3266 656 3333 destruxit,
687 3280 1020 3337 regnumque
1056 3265 1253 3322 diaboli
1284 3266 1583 3336 superavit,
1611 3275 1667 3322 et
1700 3265 1768 3321 ad
1795 3265 1965 3321 caelos
1990 3255 2040 3321 C
2074 3269 2177 3316 tur.
2206 3260 2329 3317 Per.

367 3354 543 3414 victor
568 3356 838 3424 ascendit;
866 3356 921 3412 in
947 3354 1101 3427 cujus
1115 3370 1278 3412 manu
1305 3355 1551 3423 victoria,
1574 3355 1750 3412 omnis
1773 3355 1965 3427 gloria,

369 3460 425 3509 et
453 3460 689 3523 potestas
719 3450 1043 3515 consistunt,
1073 3458 1130 3505 et
1161 3458 1337 3506 tecum
1367 3448 1495 3507 vivit
1516 3459 1573 3508 et
1598 3457 1788 3523 regnat
1816 3452 1962 3509 Deus

370 3544 424 3599 in
455 3544 660 3600 unitate
690 3542 928 3612 ejusdem
951 3542 1207 3613 Spiritus.
1236 3543 1360 3598 Per.

439 3638 577 3693 Atia.
596 3665 668 3681 —
696 3637 887 3711 (1094)
927 3638 1067 3695 Deus
1094 3634 1391 3691 electorum
1422 3633 1679 3691 fortitudo
1707 3644 1763 3691 et
1791 3636 1968 3692 humi-

371 3730 498 3787 lium
530 3730 815 3798 celsitudo,
859 3733 950 3802 qui
980 3730 1032 3785 in
1065 3728 1361 3799 primordio
1407 3742 1502 3798 per
1529 3727 1850 3784 effusionem
1877 3728 1965 3784 di-

371 3822 499 3881 luvii
531 3822 756 3881 crimina
785 3823 970 3879 mundi
991 3822 1264 3891 castigare
1286 3819 1519 3886 voluisti,
1554 3828 1608 3876 et
1635 3835 1729 3891 per
1757 3820 1965 3876 colum-

369 3916 491 3972 bam
523 3930 732 3971 ramum
759 3916 915 3972 oliva:
944 3922 1251 3985 portantem
1289 3927 1479 3983 pacem
1517 3913 1675 3968 terris
1700 3902 1965 3982 redditam

369 4009 777 4077 demonstrasti,
818 4009 1119 4079 iterumque
1159 4009 1339 4064 Aaron
1376 4006 1635 4063 famulum
1684 4015 1831 4062 tuum
1873 4021 1968 4077 per

371 4102 679 4158 unctionem
705 4101 809 4158 olei
830 4099 1077 4164 sanxisti,
1097 4107 1155 4155 et
1182 4107 1366 4170 postea
1384 4114 1482 4170 per
1512 4097 1679 4169 hujus
1708 4098 1966 4167 unguenti

367 4193 693 4251 inlusionem
725 4194 792 4249 ad
836 4193 1129 4264 regendum
1174 4193 1429 4264 populum
1479 4192 1831 4248 lsraeliticum
1879 4207 1969 4247 sa-

368 4288 637 4355 cerdotes,
666 4301 824 4359 reges
851 4295 907 4344 et
952 4285 1241 4357 prophetas
1289 4283 1563 4355 perfecisti
1592 4326 1606 4351 ,
1649 4285 1967 4356 vultumque

370 4378 633 4436 Ecclesia:
672 4379 725 4434 in
755 4379 874 4436 oleo
901 4378 1310 4435 exhilarandum
1355 4393 1452 4448 per
1492 4376 1860 4448 propheticum
1887 4380 1966 4434 fa-

368 4473 500 4529 muli
524 4475 601 4529 tui
629 4488 815 4530 vocem
844 4474 1011 4530 David
1039 4488 1161 4530 esse
1184 4471 1501 4543 praedixisti,
1521 4472 1961 4543 ita,qua:sumus,

367 4566 709 4635 omnipotens
760 4566 954 4637 Pater,
1001 4582 1097 4637 per
1144 4566 1307 4638 hujus
1369 4576 1632 4623 creaturae
1685 4566 1966 4637 pinguedi-

2146 3354 2251 3410 lfic
2281 3356 2797 3429 (ll06)'coronetur.
2826 3388 2899 3403 --
2925 3362 3117 3435 (1107)
3163 3365 3397 3422 Coronet
3429 3374 3480 3423 te
3533 3367 3676 3424 Deus

2079 3461 2278 3505 corona
2299 3450 2510 3520 gloriae,
2537 3460 2699 3523 atque
2714 3453 2946 3524 justitia:
2977 3454 3205 3527 honore,
3246 3470 3300 3515 et
3329 3476 3491 3531 opere
3523 3461 3676 3517 forti-

2079 3539 2310 3607 tudinis,
2353 3550 2411 3597 ut
2441 3557 2539 3613 per
2577 3544 2814 3600 officium
2870 3556 3068 3603 nostrae
3114 3549 3508 3609 benedictionis
3548 3569 3671 3608 cum

2074 3630 2181 3688 fide
2204 3642 2373 3701 recta,
2397 3644 2451 3691 et
2479 3635 2764 3706 multiplici
2789 3638 3057 3696 bonorum
3091 3656 3320 3711 operum
3361 3643 3561 3711 fructu,
3605 3645 3673 3701 ad

2079 3738 2337 3781 coronam
2389 3726 2671 3795 pervenias
2700 3730 2852 3799 regni
2882 3732 3158 3801 perpetui,
3212 3734 3331 3804 ipso
3372 3734 3669 3807 largiente,

2054 3817 2223 3887 ‘cujus
2254 3833 2477 3887 regnum
2506 3831 2786 3889 permanet
2807 3823 2861 3877 in
2896 3824 3096 3879 saecula
3128 3826 3483 3883 saeculorum.

2144 3909 2323 3965 Oratio
2341 3919 2456 3982 post
2474 3912 2964 3968 coronam—Deus
2981 3914 3353 3984 perpetuitatis
3370 3916 3477 3972 dux
3500 3918 3673 3975 virtu-

2071 4012 2204 4070 tum,
2229 4013 2547 4059 eunctorum
2571 4004 2806 4061 hostium
2826 4003 3022 4075 victor,
3057 4006 3285 4063 heuedic
3316 4007 3460 4064 hunc
3493 4009 3664 4067 famu-

2068 4091 2183 4148 lum
2203 4101 2352 4148 tuum
2374 4093 2467 4148 tibi
2491 4104 2650 4165 caput
2665 4108 2822 4150 suum
2845 4095 3282 4167 inclinantem,et
3305 4100 3510 4170 prolixa
3529 4104 3672 4160 sani-

2073 4193 2209 4254 tate,
2236 4194 2291 4240 et
2317 4198 2575 4255 pr05pera
2607 4185 2865 4241 felicitate
2893 4201 3017 4243 eum
3046 4203 3331 4258 conserva,
3359 4200 3415 4248 et
3439 4193 3670 4251 ubicun-

2067 4295 2172 4350 que
2192 4294 2290 4349 pro
2313 4278 2509 4349 quibus
2534 4280 2787 4336 auxilium
2815 4292 2964 4338 tuum
2985 4284 3337 4354 invocaverit,
3365 4286 3472 4342 cito
3500 4289 3668 4358 adsis,

2066 4383 2124 4429 et
2171 4381 2443 4444 protegas,
2478 4382 2641 4444 atque
2679 4372 2960 4430 defendas.
2994 4375 3197 4433 Tribue
3227 4377 3301 4445 ei,
3334 4392 3668 4451 quaesumus,

2068 4465 2298 4523 Domine
2318 4508 2334 4533 ,
2376 4466 2589 4522 divitias
2613 4469 2799 4538 gratiae
2828 4476 2959 4524 tua).
3000 4467 3223 4540 Comple
3250 4470 3305 4525 in
3334 4470 3492 4529 bonis
3522 4474 3667 4530 desio

2068 4561 2272 4618 derium
2315 4560 2461 4633 ejus;
2512 4576 2710 4618 corona
2741 4577 2862 4618 eum
2914 4564 2970 4618 in
2999 4564 3368 4632 miseratione,
3401 4575 3457 4622 et
3501 4567 3668 4625 mise-

370 4675 525 4727 nem,
558 4659 703 4717 hunc
729 4676 944 4718 servum
992 4669 1142 4716 tuum
1171 4660 1511 4717 sanetificare
1551 4659 1715 4732 260
1745 4670 1834 4715 tua
1863 4660 1959 4717 be-
1987 4651 2042 4713 D
2065 4666 2316 4731 ricordia,
2348 4664 2552 4736 tibique
2598 4664 2825 4721 Domino
2880 4663 2965 4735 pia
3012 4664 3301 4722 devotione
3353 4666 3665 4724 famuletur.

369 4755 677 4811 nedictione
722 4755 978 4825 digneris,
1012 4755 1202 4827 (1095)
1228 4770 1460 4825 eumque
1502 4755 1556 4809 in
1606 4754 1956 4812 similitudine

334 4893 341 4901 .
369 4847 635 4905 columba:
662 4862 848 4919 pacem
899 4846 1260 4918 simplicitatis
1290 4847 1488 4917 pupqu
1516 4846 1622 4903 sibi
1667 4847 1959 4904 commisso

370 4950 650 5009 praestare,
683 4948 737 4994 et
768 4940 1012 5009 exempla
1055 4942 1236 4994 Aaron
1268 4938 1341 5008 lin
1377 4939 1469 4994 Dei
1498 4939 1718 4995 servitio
1745 4940 1962 5011 diligen-

370 5041 454 5088 ter
476 5032 695 5100 imitari,
740 5034 999 5104 regnique
1027 5032 1235 5104 fastigia
1268 5032 1321 5088 in
1358 5032 1595 5090 consiliis
1636 5034 1878 5090 scientiae
1907 5042 1964 5091 et

371 5126 625 5195 :equitate
649 5125 839 5195 judicii
867 5140 1083 5195 semper
1110 5126 1349 5195 assequi,
1382 5124 1696 5194 vultumque
1727 5124 1965 5181 hilarita-

378 5222 446 5276 tis
475 5236 571 5291 per
591 5220 731 5276 hanc
746 5221 853 5277 olei
876 5219 1204 5287 unctionem,
1254 5220 1444 5292 (1096)
1469 5228 1523 5277 te
1550 5218 1859 5291 adiuvante,
1887 5229 1967 5276 to-

375 5315 480 5369 tius
508 5312 680 5384 plebis
707 5322 957 5386 paratum
994 5312 1195 5371 habere
1223 5312 1410 5369 facias.

445 5409 584 5463 Alia.
603 5437 677 5451 —
704 5408 848 5465 Deus
872 5408 1057 5480 (1097)
1089 5406 1183 5464 Dei
1213 5406 1381 5463 Filius
1410 5404 1658 5462 Christus
1702 5406 1962 5464 Dominus

376 5516 580 5577 noster,
614 5506 706 5578 qui
731 5522 762 5563 a
785 5506 945 5563 Patre
962 5505 1084 5561 oleo
1109 5503 1485 5561 exsultationis
1517 5511 1707 5559 unctus
1727 5513 1811 5560 est
1852 5519 1964 5573 pra:

377 5600 728 5671 participibus
768 5601 904 5668 suis,
931 5598 1048 5670 ipse
1076 5614 1171 5669 per
1201 5606 1519 5671 praesentem
1548 5597 1689 5653 sacri
1713 5598 1964 5667 unguinis

379 5694 700 5750 inlusionem
733 5694 969 5765 Spiritus
1012 5692 1255 5764 paracliti
1310 5706 1472 5761 super
1520 5701 1678 5761 caput
1700 5701 1847 5747 tuum
1878 5692 1965 5748 in~

379 5785 568 5841 fundat
595 5787 1045 5853 benedictionem,
1064 5784 1416 5852 eamdemque
1437 5796 1603 5852 usque
1619 5782 1685 5837 ad
1713 5783 1966 5842 interiora

380 5878 561 5936 cordis
588 5880 658 5936 tui
689 5890 972 5950 penetrare
1009 5875 1203 5944 faciat;
1248 5884 1511 5948 quatenus
1531 5873 1644 5931 hoc
1683 5874 1879 5932 visibili
1911 5884 1966 5935 et

2071 4760 2173 4816 Per
2196 4759 2481 4815 Dominum
2506 4769 2772 4815 nostrum.

2141 4852 2298 4923 261
2322 4850 2419 4905 Hic
2431 4852 2579 4905 detur
2594 4863 2866 4923 sceptrum.
2887 4851 3150 4922 (1108)-
3166 4852 3360 4925 Accipe
3371 4864 3666 4925 sceptrum,

2069 4945 2229 5013 regiae
2248 4943 2542 5014 majestatis
2560 4944 2785 5014 insigne,
2802 4944 3001 5015 virgam
3030 4946 3238 5004 scilicet
3267 4956 3468 5005 rectam
3494 4948 3667 5019 regni,

2076 5036 2278 5105 virgam
2311 5034 2545 5100 virtutis,
2577 5049 2681 5105 qua
2725 5044 2775 5091 te
2802 5035 2978 5104 ipsum
3014 5035 3153 5093 bene
3201 5051 3379 5107 geras,
3427 5050 3667 5095 sanctam

2074 5127 2368 5183 Ecclesiam
2401 5126 2762 5197 populumque
2799 5125 3164 5184 Christianum
3195 5127 3287 5184 tibi
3317 5144 3349 5184 a
3379 5127 3493 5186 Deo
3522 5142 3671 5182 com-

2071 5219 2294 5275 missum
2327 5219 2472 5290 regia
2507 5218 2703 5275 virtute
2729 5218 2798 5274 ab
2844 5219 3105 5291 improbis
3146 5219 3420 5288 defendas,
3473 5233 3670 5290 pravos

2069 5314 2329 5384 corrigas,
2362 5320 2537 5369 rectos
2568 5313 2837 5384 pacificos,
2870 5321 2925 5369 et
2953 5321 3013 5370 ut
3038 5298 3181 5370 viam
3233 5321 3431 5369 rectam
3482 5322 3668 5367 tenere

2071 5405 2279 5477 possint
2306 5413 2399 5462 tuo
2420 5406 2698 5477 juvamine
2726 5406 2966 5478 dirigas;
3000 5417 3260 5477 quatenus
3287 5404 3353 5459 de
3383 5403 3669 5472 temporali

2070 5514 2237 5571 regno
2257 5499 2323 5556 ad
2351 5509 2613 5557 :eternum
2641 5514 2867 5572 regnum
2890 5499 3191 5569 pervenias,
3219 5496 3337 5566 ipso
3356 5494 3666 5564 adjuvante,

2068 5591 2223 5664 cujus
2248 5605 2468 5662 regnum
2498 5599 2554 5650 et
2578 5591 2866 5664 imperium
2894 5591 3011 5649 sine
3039 5587 3147 5644 ilhc
3169 5592 3447 5659 permanet
3470 5584 3527 5642 in
3555 5600 3670 5641 ste-
3708 5616 3713 5621 ι

2073 5687 2192 5743 cuia
2219 5688 2561 5744 smeulorum.

2149 5780 2327 5835 Oratio
2378 5793 2488 5849 post
2515 5767 3218 5850 stemmata—Omnium,
3265 5769 3505 5838 Domine,
3557 5769 3675 5825 fons

2075 5872 2360 5940 honorum,
2391 5884 2817 5937 cunctarumque
2840 5870 2978 5923 Deus
3009 5861 3292 5925 institutor
3319 5860 3678 5937 profectuum,
