4042 6350
520 279 623 338 9.59

1128 265 1477 326 APPENDIX
1517 265 1609 323 AD
1649 267 1706 325 S.
1748 264 2075 324 GREGORII
2114 261 2331 320 MAGNI
2374 264 2505 321 LIB.
2548 263 3199 322 SACRAMENTORUM.

3687 270 3797 331 260

521 397 718 461 tribue,
746 404 1069 462 qumsumus,
1101 387 1299 443 famulo
1323 397 1412 442 tuo
1444 386 1538 441 Ill.
1570 387 1816 456 adeptam
1844 386 1980 441 bene
2009 401 2098 455 gc-
2125 387 2179 443 Α
2278 384 2412 437 Item
2437 384 2541 437 alia
2570 384 2888 438 Benedictio.
2918 412 2992 426 -—
3017 383 3201 455 (1116)
3233 383 3494 455 Benedic,
3537 386 3798 459 Domine,

522 502 641 545 rere
665 483 1005 557 dignitatem,
1045 488 1099 536 et
1128 494 1157 534 a
1208 488 1257 535 te
1303 480 1400 534 sibi
1449 481 1797 549 praestitutum
1841 478 2101 533 honorem

522 581 741 651 dignare
769 578 1137 634 corroborare.
1171 574 1472 630 Honoriilca
1500 590 1623 630 eum
1649 589 1760 645 przc
1779 574 1990 629 cunctis
2021 589 2102 630 re-

521 675 676 743 gibus
705 682 890 738 terrai,
917 668 1073 724 uberi
1098 682 1221 724 eum
1249 668 1621 724 benedictione
1647 668 1933 736 locupleta,
1964 676 2020 724 et
2049 668 2104 724 in

522 768 657 822 solio
692 766 840 837 regni
876 765 1029 819 ﬁrma
1058 762 1348 818 stabilitate
1377 763 1679 830 consolida;
1705 762 1859 817 visita
1899 778 2020 817 eum
2053 762 2106 818 in

520 859 728 925 sobole,
759 865 952 929 praesta
980 857 1028 912 ei
1060 856 1417 926 prolixitatem
1456 856 1603 921 vitre,
1655 856 1707 910 in
1754 855 1946 911 diebus
1989 854 2107 924 ejus

520 965 737 1023 semper
764 951 968 1007 oriatur
988 949 1232 1021 iustitia;
1264 958 1321 1005 ut
1348 964 1468 1005 cum
1495 948 1830 1020 jucunditate
1850 958 1904 1005 et
1922 949 2107 1005 laetitia

523 1055 726 1101 :eterno
755 1046 1018 1115 glorietur
1054 1044 1108 1101 in
1152 1058 1335 1115 regno.
1384 1043 1486 1099 Per
1535 1043 1816 1099 Dominum
1866 1050 2107 1099 nostrum

522 1138 705 1195 Jesum
732 1139 1027 1193 Christum.

598 1231 744 1285 Tune
765 1230 919 1284 datur
945 1230 989 1283 ei
1018 1230 1179 1299 virga.
1211 1254 1283 1269 —-
1313 1225 1499 1299 (1109)
1526 1225 1724 1296 Accipe
1751 1225 1952 1296 virgam
1996 1224 2108 1280 vir-

522 1323 650 1378 tutis
693 1331 850 1393 atque
877 1321 1159 1392 aequitatis,
1192 1335 1295 1390 qua
1326 1318 1592 1388 intelligas
1623 1319 1859 1373 mulcere
1887 1317 2024 1387 pios,
2054 1324 2110 1373 et

524 1426 727 1472 terrere
756 1416 1031 1485 reprobos.
1066 1413 1279 1468 Erranti
1312 1413 1448 1466 viam
1476 1412 1607 1466 doce
1630 1452 1644 1480 ,
1675 1411 1943 1481 lapsisque
1991 1424 2108 1464 ma-

522 1522 647 1563 num
695 1506 925 1576 porrige,
960 1504 1346 1574 disperdasque
1371 1502 1663 1571 superbos,
1696 1509 1751 1558 et
1780 1503 1987 1558 releves
2013 1501 2110 1557 hu-

522 1600 707 1665 miles;
731 1611 782 1653 et
804 1598 1045 1668 apperiat
1070 1596 1165 1652 tibi
1194 1597 1388 1653 ostium
1411 1596 1567 1651 Jesus
1584 1595 1828 1653 Chrisms
1851 1597 2108 1651 Dominus

523 1702 725 1758 noster,
754 1693 843 1760 qui
875 1692 942 1746 de
969 1692 1146 1761 seipse
1172 1691 1245 1745 ait
1275 1708 1287 1743 :
1320 1688 1437 1761 Ego
1462 1707 1575 1744 sum
1602 1692 1810 1759 ostium,
1844 1707 1934 1763 per
1960 1707 2043 1745 me
2066 1690 2110 1744 si

2216 477 2401 548 (1117)
2434 477 2575 535 hunc
2602 478 2882 546 praesulem
2911 480 3227 549 principem,
3252 482 3344 552 qui
3368 496 3533 555 περ
3555 486 3800 543 omnium

2207 587 2395 642 regum
2430 587 2460 626 a
2488 573 2683 628 saeculo
2708 573 3023 629 moderaris.
3058 577 3252 631 Amen.

2282 668 2348 722 Et
2365 668 2455 724 tali
2468 683 2591 724 eum
2605 669 2976 725 benedictione
2988 672 3246 741 gloriﬁca,
3264 680 3318 726 ut
3330 672 3568 730 Davitica
3582 675 3697 748 [ΑΙ.
3712 676 3807 732 Da-

2209 759 2407 832 vidica]
2423 770 2600 819 teneat
2610 762 2937 818 sublimitate
2946 773 3212 835 sceptrum
3228 765 3433 832 salutis,
3447 769 3807 825 etsanctilicc

2209 854 2603 924 propitiationis
2626 869 2845 911 munere
2873 855 3168 925 reperiatur
3196 856 3573 926 locupletatus.
3603 859 3806 919 Amen.

2285 947 2357 1002 Da
2387 948 2437 1004 ei
2462 962 2492 1003 a
2526 954 2617 1004 tuo
2645 948 2938 1019 spiramine
2968 962 3155 1019 regere
3183 949 3459 1019 populum,
3489 950 3629 1007 sicut
3655 950 3809 1008 Salo-

2210 1056 2425 1099 mooem
2446 1041 2616 1098 fecisti
2644 1056 2867 1110 regnum
2895 1041 3142 1098 obtinere
3168 1043 3468 1113 paciﬁcum.
3496 1044 3697 1101 Amen.

2279 1135 2432 1203 Quod
2464 1136 2579 1205 ipse
2607 1141 2866 1203 prtcstare
2892 1133 3159 1205 dignetur.

2281 1228 2438 1299 Regis
2488 1236 2655 1283 status
2704 1227 3017 1298 designatur.
3044 1255 3117 1269 --
3153 1228 3245 1284 Sta
3286 1227 3481 1300 (1118)
3522 1237 3581 1284 et
3633 1229 3810 1285 retine

2210 1319 2399 1390 (Hi9)
2427 1320 2620 1374 amodo
2657 1333 2816 1388 quem
2843 1317 3115 1390 hucusque
3154 1327 3370 1388 paterna
3393 1316 3587 1389 (1120)
3615 1333 3810 1390 sugge-

2214 1410 2390 1468 stione
2436 1412 2653 1467 tenuisti
2693 1410 3032 1467 hereditario
3079 1411 3202 1481 jure
3236 1411 3333 1467 tibi
3358 1410 3663 1482 delegatum
3717 1426 3812 1481 per

2212 1504 2588 1559 auctoritatem
2645 1502 2740 1558 Dei
2792 1504 3199 1587 omnipotentis,
3242 1512 3303 1559 et
3341 1519 3440 1574 per
3483 1513 3810 1573 praesentem

2214 1598 2558 1653 traditionem
2601 1604 2863 1664 nostram,
2892 1599 3135 1653 omnium
3183 1596 3390 1652 scilicet
3430 1596 3811 1666 episcoporum

2214 1699 2644 1761 cacterorumque
2670 1690 2765 1746 Dei
2794 1704 3071 1747 servorum
3096 1705 3113 1756 ;
3146 1697 3203 1745 et
3241 1696 3441 1759 quanto
3468 1689 3679 1744 clerum
3720 1703 3810 1744 sa-

519 1784 634 1854 guis
660 1783 931 1848 introierit,
963 1782 1266 1839 solvamur.
1300 1782 1368 1838 Et
1393 1782 1509 1852 ipse
1529 1826 1545 1852 ,
1578 1783 1671 1852 qui
1696 1790 1777 1837 est
1805 1782 1974 1838 clavis
2002 1784 2114 1837 Da-
2142 1774 2195 1838 B
2216 1783 2327 1839 cris
2354 1782 2606 1839 altaribus
2644 1783 3078 1855 propinquiorem
3125 1782 3403 1853 prospicis,
3436 1791 3587 1837 tanto
3614 1782 3669 1836 ei
3712 1797 3811 1851 po-

519 1874 628 1939 vid,
662 1883 714 1928 et
762 1882 1033 1944 sceptrum
1062 1875 1252 1930 domus
1281 1874 1467 1943 Israel,
1500 1875 1589 1945 qui
1636 1878 1808 1948 aperit
1856 1887 1908 1932 et
1949 1891 2112 1933 nemo

520 1965 740 2033 claudit,
780 1965 977 2021 claudit
1024 1976 1077 2021 et
1119 1981 1279 2022 nemo
1311 1967 1499 2038 aperit,
1532 1968 1600 2023 sit
1626 1970 1717 2023 tibi
1756 1968 1986 2039 adiutor,
2020 1971 2113 2041 qui

518 2057 699 2114 educit
721 2060 956 2114 vinctum
982 2060 1052 2115 de
1073 2059 1236 2116 domo
1275 2064 1510 2118 carceris
1537 2062 1813 2119 sedentem
1862 2064 1915 2119 in
1963 2074 2113 2121 tene-

517 2150 630 2206 bris
658 2158 715 2206 et
751 2154 938 2207 umbra
969 2153 1181 2221 mortis,
1212 2164 1270 2208 ut
1300 2156 1352 2210 in
1381 2155 1631 2211 omnibus
1657 2158 1806 2227 sequi
1853 2158 2109 2213 merearis

517 2257 661 2308 eum,
690 2243 758 2299 de
785 2259 893 2314 quo
914 2246 1167 2316 propheta
1190 2244 1358 2302 David
1383 2249 1577 2303 cecinit
1606 2264 1623 2302 :
1651 2250 1810 2305 Sedes
1832 2260 1919 2303 tua
1943 2249 2105 2319 Deus,

518 2336 763 2391 sarculum
788 2340 980 2405 seaculi,
1006 2340 1149 2408 uirga
1178 2341 1452 2409 aequitatis,
1472 2342 1615 2413 virga
1633 2342 1779 2411 regni
1795 2344 1867 2395 tui
1880 2360 1900 2409 ,-
1921 2353 1974 2398 et
1992 2345 2111 2399 imi-

516 2428 680 2484 tando
708 2431 900 2501 ipsum,
931 2432 1020 2502 qui
1051 2433 1179 2488 dicit
1208 2451 1224 2491 :
1260 2434 1460 2506 Diligas
1482 2436 1763 2505 justitiam,
1791 2446 1839 2491 et
1868 2439 1986 2492 odio
2016 2438 2113 2493 Ita-

515 2520 636 2574 licas
663 2522 981 2593 iniquitatem
1018 2540 1037 2578 :
1066 2522 1347 2595 Propterea
1370 2526 1514 2580 unxit
1542 2535 1591 2580 te
1618 2526 1779 2597 Deus,
1826 2528 1961 2583 Deus
1993 2541 2110 2585 tuus

514 2615 627 2670 oleo
655 2617 971 2685 (etiamad
1016 2621 1319 2689 exemplum
1346 2619 1487 2675 illius
1529 2636 1689 2691 quem
1737 2630 1863 2677 ante
1910 2624 2107 2679 sarcula

514 2718 741 2765 unxerat
769 2726 879 2780 prae
924 2711 1266 2783 participibus
1295 2713 1429 2783 suis,
1456 2712 1639 2770 Jesum
1678 2713 1951 2772 Christum
1996 2716 2105 2774 Do-

512 2802 719 2858 minum
749 2812 1013 2859 nostrum.

586 2893 736 2949 Tunc
762 2896 963 2949 dicetur
990 2894 1305 2954 Benedictio.
1332 2926 1403 2941 -—
1433 2898 1621 2971 (1110)
1643 2899 1909 2956 Extendat
1930 2901 2106 2958 omni-

512 3000 707 3058 potens
735 2989 878 3044 Deus
905 2990 1182 3046 dexteram
1211 3006 1322 3046 suae
1348 2991 1752 3061 benedictionis,
1786 3004 1842 3049 et
1868 2993 2104 3051 eﬁundat

510 3097 671 3151 super
699 3092 751 3137 te
782 3082 979 3138 donum
1020 3098 1133 3139 suae
1180 3084 1546 3154 protectionis,
1599 3097 1652 3140 et
1705 3086 1997 3143 circumdet
2051 3098 2102 3144 tc

2214 1866 2487 1932 tiorem‘in
2515 1876 2649 1931 locis
2677 1877 2923 1946 congruis
2950 1874 3213 1931 honorem
3259 1873 3573 1943 impendere
3616 1872 3812 1927 memi-

2212 1966 2359 2023 neris
2379 1976 2646 2037 quatenus
2675 1966 2936 2021 Mediator
2962 1965 3057 2021 Dei
3082 1974 3137 2020 et
3165 1963 3445 2020 hominum
3472 1973 3526 2019 te
3549 1962 3813 2019 mediato-

2213 2073 2328 2115 rem
2350 2057 2483 2115 cieri
2509 2068 2564 2113 et
2583 2057 2755 2127 plebis
2782 2056 2837 2112 in
2866 2055 2969 2112 hoc
2998 2056 3149 2125 regni
3171 2056 3309 2111 solio
3337 2056 3646 2121 conﬁrmet,
3672 2064 3729 2110 et
3757 2055 3814 2109 in

2213 2166 2437 2223 regnum
2460 2160 2721 2207 sternunt
2747 2163 2930 2205 secum
2954 2162 3183 2219 regnare
3203 2148 3362 2203 iaciat
3384 2147 3540 2203 testas
3562 2146 3813 2203 Christus

2216 2246 2475 2300 Dominus
2506 2251 2691 2299 uoster
2737 2243 2855 2297 iter
2894 2256 3113 2312 regunt,
3139 2250 3195 2298 et
3232 2242 3488 2297 Dominus
3516 2240 3811 2298 dominan-

2213 2338 2365 2403 tium,
2400 2335 2491 2405 qui
2517 2351 2641 2391 cum
2667 2336 2823 2391 Patre
2853 2343 2911 2391 et
2937 2334 3144 2405 Spiritu
3162 2344 3375 2390 sancto.

2286 2426 2478 2499 (1121)
2508 2426 2793 2483 Rectitudo
2820 2426 2963 2496 regis
3000 2434 3086 2482 est
3133 2427 3341 2482 naviter
3376 2424 3609 2483 ordinati
3654 2434 3715 2482 et
3758 2427 3813 2483 in

2210 2523 2408 2579 solium
2435 2521 2713 2577 sublimati
2734 2520 2850 2576 hac
2869 2520 2971 2575 tria
2994 2519 3191 2591 popqu
3216 2518 3521 2577 Christiano
3542 2520 3649 2576 sibi
3678 2521 3813 2578 sub-

2209 2616 2322 2672 dito
2350 2615 2663 2686 pmcipere,
2694 2614 2750 2669 in
2778 2612 2964 2683 primis
2992 2622 3054 2668 ut
3091 2611 3329 2669 Eccleda
3381 2612 3476 2668 Dei
3512 2622 3575 2669 et.
3619 2614 3803 2668 omnis

2212 2707 2445 2778 populus
2467 2705 2807 2762 Christianus
2835 2719 3019 2761 veram
3052 2718 3238 2774 pacem
3260 2704 3299 2774 -ι-
3319 2718 3543 2761 servans
3569 2704 3625 2760 in
3656 2705 3807 2761 omni

2209 2810 2477 2875 tempore.
2501 2800 2656 2857 Aliud
2678 2809 2763 2856 est
2784 2809 2842 2856 ut
2858 2799 3178 2871 rapacitates
3207 2807 3263 2854 et
3284 2813 3475 2855 omnes
3490 2798 3807 2870 iniquitates

2207 2897 2459 2954 omnibus
2488 2896 2745 2967 gradibus
2774 2894 3082 2950 interdicat.
3110 2894 3354 2949 Tertium
3381 2902 3487 2961 est,
3516 2901 3576 2948 ut
3606 2893 3664 2948 in
3691 2908 3807 2949 on-

2207 2991 2365 3047 nibus
2389 2990 2609 3061 judiciis
2634 2990 2941 3061 aequitatem
2967 2996 3026 3045 et
3048 2987 3472 3044 miscricordiam
3502 2987 3807 3059 pracipiat,

2209 3092 2268 3140 ut
2297 3084 2372 3140 illi
2398 3090 2454 3139 et
2481 3084 2639 3139 nobis
2668 3082 2941 3153 indulgeat
2965 3096 3062 3138 sua
3091 3081 3461 3139 misericordia
3483 3082 3731 3140 cie-eus
3753 3089 3810 3139 et

510 3189 667 3229 muro
684 3172 972 3241 felicitatis,
995 3189 1059 3229 ac
1075 3175 1315 3231 custodia
1338 3190 1449 3231 suae
1469 3176 1880 3248 propitiationis,
1905 3187 2103 3236 sancta:
2128 3168 2180 3233 C
2208 3178 2517 3234 misericors
2543 3177 2704 3246 Deus,
2737 3176 2831 3247 qui
2859 3191 2983 3232 cum
3009 3176 3189 3232 Patre.

512 3267 720 3333 Mariae,
756 3266 940 3337 (1111)
973 3281 1035 3321 ac
1061 3267 1201 3323 beati
1235 3268 1376 3325 Petri
1407 3271 1774 3339 apostolorum
1821 3272 2095 3342 principis,

512 3358 700 3428 (1112)
720 3358 993 3427 sanctique
1008 3356 1247 3428 Gregorii
1262 3360 1309 3432 (l
1325 3360 1349 3414 1
1364 3360 1447 3428 15)
1464 3362 1787 3431 Angelorum
1801 3364 2098 3433 apostolici,

514 3460 675 3521 atque
696 3452 935 3506 omnium
956 3460 1260 3508 sanctorum
1284 3453 1737 3512 intercedentibus
1766 3458 1996 3521 meritis,
2020 3459 2101 3513 in-

515 3542 735 3613 dulgeat
756 3543 851 3598 tibi
871 3543 1129 3600 Dominus
1148 3546 1327 3601 omnia
1352 3547 1491 3603 mala
1507 3563 1627 3619 quae
1643 3550 1881 3621 gessisti.
1905 3553 2096 3607 Amen.

582 3633 650 3688 Et
679 3634 867 3707 (1111)
898 3636 1099 3691 tribuat
1150 3638 1241 3693 tibi
1295 3640 1521 3710 gratiam
1572 3650 1628 3697 et
1678 3642 2101 3701 misericordiam

510 3745 673 3802 quam
710 3731 985 3789 humiliter
1012 3734 1081 3789 ab
1108 3749 1173 3792 eo
1198 3735 1449 3807 deposcis
1472 3780 1485 3805 ,
1515 3748 1565 3794 et
1594 3738 1784 3795 liberet
1817 3748 1868 3795 te
1908 3739 1976 3795 ab
2003 3741 2101 3794 ad-

512 3826 851 3881 versitatibus
876 3826 1106 3896 cunctis,
1136 3837 1192 3883 et
1214 3830 1284 3883 ab
1304 3830 1555 3885 omnibus
1581 3831 1865 3889 visibilium
1886 3843 1940 3889 et
1962 3834 2103 3889 invi-

510 3914 744 3973 sibilium
776 3918 1110 3974 inimicorum
1141 3919 1371 3978 insidiis.
1404 3924 1596 3977 Amen.

581 4016 814 4088 Angelos
842 4030 967 4072 suos
999 4017 1171 4071 bonos
1199 4031 1414 4087 semper
1440 4027 1494 4073 et
1527 4018 1724 4088 ubique
1751 4018 1843 4088 qui
1873 4026 1925 4074 te
1962 4036 2101 4089 prae-

508 4109 721 4180 cedant,
772 4112 1097 4165 comitentur
1124 4122 1179 4165 et
1210 4110 1636 4177 subsequantur,
1690 4111 1757 4165 ad
1807 4112 2100 4168 custodiam

509 4202 585 4256 tui
611 4212 800 4272 ponat,
832 4212 885 4258 et
915 4218 943 4256 a
974 4211 1192 4273 peccato
1219 4219 1313 4259 seu
1342 4205 1547 4276 gladio,
1580 4215 1633 4261 et
1659 4206 1726 4262 ab
1747 4206 1984 4263 omnium
2014 4222 2103 4278 pe-

508 4298 797 4353 riculorum
822 4297 1130 4352 discrimine
1156 4312 1249 4352 sua
1281 4298 1515 4367 potentia
1548 4299 1761 4355 liberet.
1800 4302 1990 4356 Amen.

581 4391 741 4463 262
771 4388 959 4460 (1115)
989 4389 1234 4444 Inimicos
1266 4398 1381 4444 tuos
1426 4391 1490 4444 ad
1524 4393 1668 4460 pacis
1716 4393 2100 4465 charitatisquc

510 4480 894 4551 benignitatem
921 4489 1231 4546 convertat,
1266 4489 1320 4535 et
1349 4480 1505 4537 bonis
1534 4483 1784 4538 omnibus
1824 4492 1876 4538 te
1903 4486 2100 4554 gratio-

2279 3272 2347 3325 Et
2378 3269 2564 3344 (1122)
2597 3278 2717 3325 tunc
2738 3270 3059 3325 deosculetar
3083 3284 3283 3323 omnem
3308 3268 3500 3323 claram
3527 3268 3807 3339 populum-

2202 3380 2322 3433 que,
2350 3361 2538 3435 (1125)
2556 3370 2607 3417 et
2627 3362 2765 3415 dicat
2787 3360 3138 3433 unusquisque
3165 3374 3185 3414 :
3216 3360 3361 3415 vivat
3386 3375 3479 3416 rex
3501 3358 3736 3417 feliciter
3753 3360 3805 3415 in

2206 3458 2593 3527 sempiternum
2616 3459 2628 3511 !
2659 3456 2825 3511 tribus
2845 3456 3037 3510 uicibus
3062 3471 3083 3510 :
3112 3456 3254 3510 vivat
3275 3468 3369 3511 rex
3396 3456 3409 3509 !
3443 3464 3499 3509 ut
3527 3471 3716 3524 supra.
3738 3453 3806 3510 Et

2204 3560 2315 3624 post
2346 3549 2684 3623 Evangelium
2716 3548 2903 3622 (1121)
2933 3547 3082 3615 offert
3118 3564 3211 3602 rex
3236 3550 3304 3601 ad
3348 3563 3559 3601 mnum
3605 3547 3809 3602 archie-

2203 3644 2403 3714 piscOpi
2428 3642 2733 3698 oblationem
2754 3653 2803 3695 et
2824 3641 3019 3709 vinum,
3050 3650 3099 3695 et
3125 3640 3200 3695 sic
3226 3651 3502 3711 peragatur
3524 3638 3693 3694 Missa
3712 3654 3809 3694 suo

2205 3736 2404 3789 ordine.
2437 3733 2638 3788 Deinde
2664 3733 3064 3787 communicetur
3086 3734 3150 3786 ab
3176 3731 3563 3802 archiepiscopo
3589 3746 3804 3802 corpore

2204 3838 2252 3884 et
2274 3828 2520 3899 sanguine
2548 3828 2773 3892 Christi;
2800 3825 2989 3896 (1125)
3010 3835 3058 3881 et
3082 3826 3157 3881 sic
3185 3828 3413 3897 referant
3442 3824 3553 3881 Dee
3576 3827 3799 3896 gratias,

2204 3929 2321 3993 post
2346 3929 2556 3992 pergant
2585 3921 2653 3973 ad
2673 3935 2925 3974 mensam.

2278 4009 2464 4083 (1126)
2499 4010 2662 4066 ITEM
2689 4011 2781 4066 AD
2819 4009 3133 4067 REGINAM
3176 4011 3733 4069 BENEDICENDAM.

2276 4102 2437 4174 263
2463 4101 2775 4157 Debeteniat
2796 4104 2985 4158 adduci
3025 4105 3082 4158 in
3119 4104 3409 4172 ecclesiam,
3453 4113 3501 4159 et
3550 4104 3811 4176 prosterni

2204 4205 2323 4250 ante
2341 4197 2522 4249 altare.
2550 4195 2759 4250 Eleuata
2780 4196 2845 4250 ab
2863 4197 3092 4252 oratione
3111 4196 3177 4251 ab
3195 4198 3467 4268 episcopis,
3485 4210 3539 4253 et
3553 4197 3810 4255 inclinato

2204 4288 2392 4358 capite,
2420 4288 2556 4342 dicat
2585 4290 2994 4361 archiepiscopus
3022 4291 3157 4345 hanc
3178 4292 3473 4346 Orationem
3496 4306 3518 4347 :

2279 4380 2469 4456 (1127)
2500 4384 2724 4453 Adesto,
2756 4384 3005 4452 Domine,
3047 4386 3531 4455 supplicationibus
3571 4387 3802 4458 nostris,

2208 4488 2263 4534 et
2286 4480 2431 4549 quod
2460 4480 2775 4537 humilitatis
2807 4490 3007 4537 nostra
3033 4481 3329 4551 gerendum
3359 4491 3444 4539 est
3472 4480 3802 4548 ministerio,

512 4587 630 4627 sum
662 4580 717 4628 et
762 4573 1045 4628 amabilem
1087 4572 1283 4637 faciat;
1330 4574 1631 4641 pertinaces
1673 4590 1885 4646 quoque
1928 4578 1979 4631 in
2028 4578 2102 4634 tui
2129 4556 2185 4619 D
2210 4580 2315 4627 tua!
2343 4572 2555 4628 virtutis
2582 4572 2871 4643 impleatur
2894 4573 3109 4629 eﬂectll.
3138 4574 3263 4630 Per.

512 4665 863 4721 insectatione
884 4674 938 4721 et
957 4665 1104 4732 odio,
1127 4664 1439 4720 confusione
1459 4664 1677 4720 salutari
1700 4667 1915 4736 induat;
1940 4684 2105 4740 super

514 4767 565 4813 te
594 4766 769 4813 autem
799 4757 1152 4813 sanctificatio
1181 4758 1510 4827 sempiterna
1537 4757 1745 4815 ﬂoreat.
1774 4760 1971 4818 Amen.

586 4854 940 4912 Victoriosum
984 4864 1037 4912 te
1062 4862 1227 4925 atque
1250 4854 1694 4926 triumphatorem
1725 4856 1794 4914 de
1822 4858 2101 4914 invisibili-

511 4948 611 5001 bus
663 4959 821 5019 atque
864 4948 1163 5004 visibilibus
1213 4948 1455 5005 hostibus
1503 4965 1718 5022 semper
1763 4953 1997 5022 efﬁciat,
2047 4964 2101 5011 et

512 5040 682 5095 sancti
738 5040 967 5096 nominis
1016 5041 1099 5096 sui
1155 5040 1397 5098 timorem
1446 5052 1502 5099 et
1556 5060 1795 5100 amorem
1845 5049 2100 5103 continuo

511 5134 660 5188 cordi
690 5144 781 5190 tuo
810 5136 1071 5203 infundat,
1103 5145 1157 5193 et
1186 5138 1238 5192 in
1268 5138 1378 5193 ﬁde
1407 5147 1549 5194 recta
1576 5155 1643 5195 ae
1667 5140 1818 5197 bonis
1846 5141 2101 5211 operibus

515 5228 957 5295 perseverabilem
1005 5230 1213 5299 reddat,
1245 5242 1465 5303 etpace
1506 5234 1560 5289 in
1602 5235 1788 5291 diebus
1835 5236 1938 5291 tuis
1981 5251 2106 5292 con-

513 5334 684 5387 cessa,
711 5336 831 5378 cum
875 5324 1049 5393 palma
1079 5325 1320 5382 victoriae
1347 5335 1399 5383 te
1424 5326 1491 5383 ad
1524 5338 1836 5400 perpetuum
1878 5345 2101 5401 regnum

513 5420 789 5491 perducat.
824 5424 1017 5481 Amen.

586 5516 651 5570 Et
680 5518 769 5588 qui
812 5526 865 5574 te
892 5519 1059 5574 voluit
1092 5535 1254 5591 super
1298 5518 1550 5590 populum
1590 5532 1744 5574 suum
1775 5519 2102 5575 constituere

515 5624 718 5678 regem,
748 5621 801 5667 et
827 5612 881 5667 in
910 5616 1157 5683 praesenti
1185 5614 1383 5671 saeculo
1410 5613 1621 5671 felicem
1644 5656 1662 5683 ,
1690 5625 1905 5673 aeternae
1934 5614 2102 5671 felici-

516 5701 637 5755 tatis
668 5702 866 5763 tribuat
893 5722 1011 5763 esse
1038 5716 1364 5765 consortem.
1394 5708 1586 5767 Amen.

586 5792 739 5861 Quod
766 5797 880 5869 ipse
904 5809 1156 5872 praestare
1181 5805 1449 5877 dignetur.

2282 4665 2465 4737 (1128)
2497 4665 2645 4720 Tunc
2673 4665 2817 4721 debet
2846 4676 3001 4737 caput
3028 4668 3139 4738 ejus
3178 4667 3303 4738 ungi
3346 4668 3483 4724 aleo.
3508 4698 3577 4709 —
3603 4668 3663 4725 In
3707 4684 3809 4725 no-

2208 4755 2350 4812 mine
2382 4757 2551 4813 Patris
2580 4765 2634 4813 et
2665 4758 2782 4814 Filii
2807 4766 2864 4814 et
2891 4757 3118 4828 Spiritus
3144 4759 3316 4815 sancti
3342 4760 3514 4830 prosit
3555 4759 3652 4817 tibi
3685 4761 3809 4817 hac

2207 4854 2391 4909 unctio
2419 4852 2524 4908 olei
2554 4854 2608 4909 in
2643 4853 2904 4911 honorem
2932 4862 2989 4910 et
3025 4854 3489 4912 conﬁrmationem
3517 4865 3804 4915 eternam.

2278 4949 2523 5019 Sequitur
2578 4950 2758 5005 Oratio
2807 4959 2921 5021 post
2966 4951 3282 5007 unctionem.
3309 4980 3379 4994 -—
3410 4951 3809 5024 Omnipotens,

2206 5047 2528 5116 sempiterne
2552 5046 2714 5111 Deus,
2736 5045 3045 5101 afﬂuentem
3061 5044 3321 5117 Spiritum
3345 5054 3452 5102 tuas
3471 5046 3811 5103 benedictio-

2208 5142 2293 5197 nis
2330 5156 2493 5212 super
2524 5140 2779 5195 famulam
2804 5148 2949 5193 tuam
2988 5138 3143 5194 nobis
3180 5140 3459 5197 orantibus
3486 5140 3811 5210 propitiatus

2205 5236 2446 5303 infunde,
2483 5234 2670 5308 (1129)
2702 5241 2760 5289 ut
2788 5248 2908 5305 quae
2939 5248 3037 5304 per
3062 5248 3253 5291 manus
3273 5243 3475 5290 nostra
3494 5233 3807 5304 inmositio-

2206 5347 2329 5388 nem
2361 5330 2521 5387 hodie
2553 5330 2737 5400 regina
2768 5329 3083 5399 instituitur,
3112 5329 3539 5386 sanctiﬁcatione
3580 5336 3670 5384 tua
3722 5326 3810 5382 di-

2204 5441 2307 5499 gna
2336 5436 2388 5483 et
2412 5426 2583 5482 electa
2610 5434 2939 5495 permaneat,
2970 5431 3031 5479 ut
3058 5438 3331 5494 nunquam
3359 5421 3706 5495 postmodum
3736 5420 3810 5477 de

2206 5528 2296 5576 tua
2326 5520 2493 5591 gratia
2524 5526 2800 5587 separetur
2828 5517 3063 5588 indigna.
3096 5516 3219 5573 Per.

2272 5614 2456 5687 (use)
2486 5612 2631 5668 Tunc
2657 5614 2799 5667 debet
2823 5613 2871 5666 ei
2890 5613 3115 5668 sanatus
3133 5613 3267 5667 me
3295 5612 3481 5686 digito.
3501 5639 3573 5653 —
3600 5610 3809 5680 Accipe

2208 5710 2330 5766 ﬁdei
2356 5706 2685 5779 signaculum
2732 5714 2935 5763 sancta
2962 5705 3264 5775 Trinitatis,
3295 5721 3403 5777 quo
3433 5702 3595 5777 m
3624 5701 3811 5773 possis

2208 5814 2399 5860 omnes
2439 5800 2726 5871 pravitates
2757 5797 3041 5857 heretica
3064 5799 3325 5868 devitarc,
3354 5796 3632 5872 ᾱιο(1151)
3680 5799 3811 5856 bar-
