4042 6350
236 311 339 374 iii

850 310 1194 369 APPENDIX
1232 313 1325 369 AD
1363 312 1422 369 S.
1462 310 1803 371 GRIGORII
1842 310 2056 368 IAGNI
2093 311 2221 366 LIB.
2264 310 2893 375 SACBAMENTORUM.

3407 326 3511 385 269

238 435 395 487 haras
418 437 609 501 gentes
627 428 830 485 virtute
858 427 954 483 tibi
985 428 1222 498 praestita
1245 425 1314 482 ad
1333 424 1659 496 agnitionem
1690 424 1832 479 veri-
1853 424 1907 485 Δ
1928 421 2056 492 iuge
2079 422 2342 490 provehas
2368 423 2627 495 benignus
2656 444 2934 486 annorum.
2970 431 3073 487 Per
3099 432 3366 493 Christum
3399 440 3505 496 Do-

237 528 364 581 tatis
387 525 672 579 advocare.

305 617 554 686 Sequitur
585 615 790 669 Oratio.
812 643 882 655 —
908 614 1070 680 Deus,
1104 612 1256 684 cuius
1279 620 1362 670 est
1386 612 1561 668 omnis
1588 619 1824 683 potestas

232 723 281 765 et
305 710 557 779 dignitas,
590 709 659 762 da
686 708 899 763 famulae
927 716 1033 762 tum
1061 703 1153 761 Ill.
1182 704 1341 776 signo
1368 714 1472 761 tua
1499 704 1623 760 ﬁdei
1665 719 1822 774 pros-

231 820 417 874 perum
450 817 565 860 sua
587 801 860 872 dignitatis
888 800 1161 866 effectum,
1182 816 1281 869 qua
1306 800 1397 854 tibi
1428 814 1645 870 semper
1669 801 1823 854 ﬁrma

229 904 468 960 maneat,
502 894 707 963 tibique
729 893 930 963 iugiter
958 892 1167 962 placere
1189 891 1498 946 contendat.

298 972 503 1057 (1152)
518 985 662 1038 Tunc
688 985 835 1039 debet
854 985 1047 1054 imponi
1076 999 1265 1038 corona
1293 985 1346 1039 in
1370 980 1823 1055 eapite.—-(H53)

229 1078 431 1147 Accipe
469 1091 729 1132 coronam
778 1076 987 1147 gloria,
1041 1076 1300 1132 honorem
1346 1074 1719 1145 iucunditatis,
1765 1084 1825 1131 ut

227 1168 515 1239 splendida
556 1170 787 1239 ltilgeas,
821 1177 876 1225 et
902 1176 1104 1226 aeterna
1127 1168 1493 1226 exsultatione
1519 1168 1816 1226 coroneris.

228 1262 333 1317 Per
372 1254 680 1315 Dominum.
871 1254 879 1265 ’

298 1352 438 1407 Item
470 1353 679 1407 Oratio.
702 1379 775 1394 -—
798 1342 1079 1421 Omnium,
1112 1350 1339 1409 Domine
1375 1352 1497 1409 fons
1525 1352 1787 1409 bonorum
1805 1391 1821 1418 ,

225 1455 279 1503 et
309 1455 630 1503 cunctorum
662 1447 816 1503 dator
839 1456 1185 1516 provectum
1209 1492 1224 1516 ,
1262 1447 1440 1503 tribue
1468 1447 1681 1503 famulae
1720 1456 1824 1503 tua:

226 1539 327 1595 ut.
357 1540 607 1610 adeptam
648 1539 785 1596 bene
812 1554 1002 1611 gerere
1046 1540 1382 1609 dignitatem,
1434 1548 1491 1596 et
1539 1555 1569 1595 a
1626 1548 1679 1596 te
1722 1539 1825 1597 sibi

225 1632 528 1702 praetium
552 1631 605 1687 in
655 1647 722 1689 ea
760 1632 918 1689 bonis
945 1632 1198 1704 operibus
1241 1632 1529 1689 corrobora
1576 1632 1822 1705 gloriam.

229 1723 347 1817 Per.
366 1724 666 1781 Dominum.

550 1812 557 1819 ’
585 1815 723 1871 BEN
729 1812 999 1871 EDICTIO
1038 1815 1458 1873 NUPTIABUM.

730 1906 803 1956 Ex
827 1904 1003 1957 Codice
1024 1906 1319 1957 Rhemensi.

296 1988 464 2059 263
502 1986 695 2059 Incipit
738 1989 874 2041 actio
906 1988 1089 2059 (1154)
1124 1998 1148 2024 ⁸
1188 1990 1455 2059 nuptialis.
1483 2019 1557 2031 —
1581 1990 1811 2059 Adesto,

222 2076 460 2132 Domine
481 2119 496 2145 ,
524 2076 1000 2148 supplicationibus
1030 2080 1250 2145 nostris,
1295 2088 1351 2135 et
1389 2078 1646 2135 inStitutis
1687 2081 1811 2147 tuis,

217 2171 435 2241 quibus
463 2173 889 2243 propagatiouem
935 2173 1153 2228 humani
1180 2174 1396 2243 generis
1435 2173 1695 2230 ordinasti
1724 2173 1818 2230 be-

218 2267 431 2336 nignus
459 2267 663 2332 assiste,
696 2276 749 2322 ut
774 2267 939 2338 quod,
969 2277 1020 2322 te
1049 2276 1266 2323 auctore
1290 2266 1552 2339 jungitur,
1586 2277 1637 2323 te
1658 2269 1816 2323 auxi-

217 2357 394 2415 liztnle
423 2368 685 2416 servetur.
716 2359 821 2416 Per
851 2359 1133 2418 Dominum
1161 2367 1403 2417 noenum
1441 2360 1624 2417 Jesum
1651 2360 1818 2418 Chri-

220 2462 388 2506 stum.

296 2544 437 2601 Item
464 2547 593 2601 otio.
621 2574 694 2594 ——
714 2546 1063 2616 Quaesitum,
1091 2548 1428 2617 omnipotens
1456 2548 1620 2617 Dens,
1664 2546 1821 2604 insti-

224 2648 336 2694 tuta
366 2639 717 2709 providentia:
742 2648 845 2695 tute
875 2640 961 2708 pio
991 2639 1171 2695 favore
1198 2641 1477 2705 comitare,
1503 2649 1558 2697 et
1587 2656 1717 2710 quos
1742 2641 1815 2695 le-

219 2734 407 2804 gitima
448 2734 710 2790 societate
759 2732 1063 2802 connectis,
1116 2731 1359 2804 longaeva
1406 2748 1536 2803 pace
1583 2732 1813 2789 custodi.

219 2826 327 2882 Per
356 2825 672 2891 Dominum,

289 2919 474 2990 Super
498 2920 689 2975 oblata.
712 2948 787 2962 -—-
813 2919 1034 2986 Adesto,
1066 2918 1312 2985 Domine,
1343 2916 1817 2988 supplicationibus

219 3012 447 3076 nostris,
480 3022 535 3066 et
566 3009 755 3081 (“35)
785 3009 923 3065 hanc
950 3009 1273 3065 oblationem
1302 3008 1332 3049 ιι
1363 3009 1678 3065 famularum
1704 3019 1819 3063 tua-

219 3121 340 3160 rum
370 3105 612 3172 illarum,
640 3100 799 3174 quam
828 3103 920 3160 tibi
944 3103 1220 3160 offerimus
1248 3119 1345 3175 pro
1368 3103 1561 3159 famula
1593 3111 1678 3158 tua
1704 3101 1815 3169 illa,

1929 514 2134 570 minuta
2162 526 2425 572 nostrum.
2453 519 2627 585 Quam
2648 522 2974 579 oblationem
3001 534 3055 580 tu
3081 526 3242 584 Deus.

2000 606 2155 679 Infra
2183 608 2371 680 (1158)
2404 620 2428 649 ο
2459 614 2614 667 actio.
2645 614 2724 668 Ad
2770 618 3077 673 tricesimum
3117 622 3196 676 vel
3240 627 3511 681 annualent

1927 700 2248 769 nuptiarum.
2270 732 2343 746 —
2363 703 2511 760 lianc
2536 706 2696 776 igitur
2721 708 3041 767 oblationem
3064 713 3312 783 Domine,
3341 719 3511 773 hinn-

1928 790 2101 847 lorum
2136 801 2349 850 tuorum
2377 795 2616 864 illorum,
2640 807 2693 854 et
2720 801 2948 868 illarum,
2974 820 3132 874 quam
3158 807 3248 863 tibi
3278 810 3509 866 otierunt

1928 884 1999 940 ob
2024 884 2165 941 diem
2197 886 2523 945 tricesimum
2545 892 2936 961 coniunctionis
2962 911 3092 964 suae,
3116 899 3201 954 vel
3222 903 3509 960 annualem

1927 991 2033 1046 quo
2059 977 2147 1033 die
2174 992 2269 1035 eos
2291 980 2460 1050 jugali
2488 981 2700 1039 vinculo
2724 986 2931 1042 sociare
2954 988 3204 1060 dignatus
3228 1005 3309 1060 es,
3336 995 3511 1064 placa-

1927 1081 2013 1129 tus
2042 1074 2324 1146 suscipias,
2351 1076 2725 1147 deprecamur.
2750 1080 2831 1137 Ob
2853 1080 2954 1140 hoc
2982 1084 3142 1153 igitur
3168 1087 3391 1143 reddant
3418 1091 3511 1146 tibi

1924 1175 2048 1222 vota
2075 1180 2175 1223 sua
2200 1167 2314 1224 Deo
2356 1183 2513 1235 vero,
2547 1180 2601 1228 et
2641 1171 2786 1241 vivo,
2834 1189 2931 1243 pro
2983 1177 3175 1246 quibus
3222 1182 3512 1238 tremenda

1925 1256 2107 1327 pietati
2132 1272 2242 1314 sua:
2260 1261 2526 1330 supplices
2549 1262 2820 1320 fundimus
2844 1281 3050 1335 preces,
3075 1280 3133 1323 ut
3160 1272 3357 1339 pariter
3377 1271 3513 1328 bene

1926 1366 1990 1407 ac
2023 1353 2242 1421 pacifice
2267 1366 2580 1425 senescant,
2615 1367 2671 1415 et
2696 1359 2913 1417 videant
2935 1362 3072 1417 ﬁlios
3113 1364 3339 1421 ﬁliorum
3388 1381 3515 1422 suo-

1925 1460 2043 1501 rum
2070 1448 2328 1517 usquead
2355 1451 2567 1505 tertiam
2608 1459 2665 1507 et
2691 1462 2932 1523 quartam
2974 1458 3304 1525 progeniem,
3361 1468 3415 1514 et
3460 1467 3513 1515 te

1926 1535 2243 1592 benedicant
2308 1540 2555 1596 omnibus
2606 1542 2792 1599 diebus
2854 1545 2974 1600 vitae
3028 1562 3160 1601 suae.
3195 1549 3354 1619 265
3413 1550 3513 1607 Per

1926 1625 2200 1685 Christum
2231 1629 2513 1687 Dominum
2544 1644 2808 1688 nostrum.
2838 1636 3006 1701 Quam
3030 1636 3375 1693 oblationem.

2001 1718 2328 1793 Percomples
2377 1740 2621 1779 canonent
2675 1725 3000 1797 plcnarium,
3055 1736 3102 1781 et
3153 1727 3341 1799 (1159)
3383 1730 3511 1784 dicis

1810 1792 1814 1799 ’
1847 1813 1898 1875 Β
1928 1811 2224 1868 Orationem
2238 1813 2579 1877 Dominicam.
2598 1792 2685 1872 eti
2708 1818 2781 1871 sic
2798 1817 2818 1889 (
2826 1792 2997 1890 “40)
3010 1835 3123 1874 eam
3150 1792 3400 1877 benedici:
3430 1823 3510 1887 his

1920 1906 2080 1959 verbis
2105 1923 2124 1961 :

1994 1996 2273 2052 Oratio.—
2296 1998 2483 2071 (1141)
2516 2000 2674 2068 Deus,
2699 2003 2787 2072 qui
2814 2002 2997 2057 mundi
3020 2003 3311 2059 crescentis
3349 2018 3512 2061 exor-

1919 2090 2061 2146 dium
2090 2090 2436 2161 multiplicata
2466 2095 2611 2162 prole
2640 2093 2931 2161 benedicis,
2975 2096 3262 2166 propitiare
3291 2098 3503 2168 suppli-

1918 2184 2217 2240 cationibus
2238 2184 2453 2251 nostris,
2468 2197 2518 2241 et
2538 2185 2725 2256 (1142)
2742 2200 2903 2255 super
2923 2188 3064 2242 hanc
3082 2184 3335 2243 famulam
3364 2200 3506 2244 tuam

1919 2277 2065 2332 illam
2098 2291 2255 2347 opem
2288 2278 2676 2333 benedictionis
2725 2279 2965 2345 infunde,
3023 2290 3083 2334 ut
3112 2280 3191 2351 ;in
3239 2280 3505 2351 coniugali

1918 2369 2210 2435 consortio,
2243 2368 2438 2425 alecto
2466 2371 2701 2441 compari
2730 2412 2745 2438 ,
2785 2380 2987 2440 mente,
3026 2371 3289 2428 consimili
3319 2373 3503 2445 (1145)

1917 2462 2257 2515 sanctitatem
2284 2470 2340 2515 ut
2370 2469 2396 2508 8
2428 2470 2515 2516 tua
2545 2461 2705 2535 [Leg.
2737 2463 3021 2518 sanctitate
3078 2464 3299 2536 mutua]
3331 2480 3507 2535 copu-

1917 2554 2132 2611 lentur.

1989 2645 2123 2700 Item
2153 2647 2426 2702 0ratio.—
2452 2646 2609 2702 Pater
2639 2648 2822 2703 mundi
2852 2649 3117 2717 conditor,
3173 2652 3507 2707 nascentium

1917 2739 2147 2810 genitor,
2180 2740 2599 2809 multiplicando:
2620 2740 2841 2809 originis
2862 2740 3053 2812 (1144)
3086 2742 3380 2811 institutor,
3416 2744 3508 2813 qui

1917 2831 2051 2887 Adae
2080 2832 2333 2887 comitem
2365 2833 2471 2888 tuis
2499 2832 2745 2888 manibus
2772 2832 3043 2899 addidiSti,
3076 2834 3229 2901 cuius
3258 2849 3325 2890 ex
3355 2837 3502 2890 ossi-

1916 2923 2018 2980 bus
2039 2939 2161 2979 ossa
2184 2926 2481 2979 crescentia
2506 2939 2685 2994 parem
2713 2924 2936 2978 formam
2960 2924 3265 2980 admirabili
3290 2927 3511 2981 diversi-

1918 3026 2026 3074 tate
2054 3018 2346 3087 signarent,
2380 3018 2504 3073 binc
2534 3018 2602 3073 ad
2632 3019 2792 3075 totius
2816 3018 3173 3074 multitudinis
3203 3019 3505 3075 incremen-

1922 3119 2035 3166 tum
2057 3110 2350 3182 coniugalis
2376 3110 2479 3166 tori
2497 3110 2640 3182 iussa
2663 3110 2955 3179 consortia,
2972 3119 3136 3166 totum
3159 3111 3295 3165 inter
3312 3109 3506 3184 (1145)

220 3212 384 3268 quam
425 3196 498 3252 ad
537 3204 740 3253 statum
771 3197 1091 3253 maturitatis
1118 3203 1173 3251 et
1214 3196 1281 3251 ad
1328 3195 1470 3251 diem
1514 3195 1817 3265 ηυριὶπυυ
1847 3195 1894 3259 C
1925 3205 2183 3261 saeculum
2211 3206 2548 3275 colligarent,
2581 3204 2801 3260 humani
2828 3207 3038 3275 generis
3066 3205 3267 3261 fmdcra
3291 3221 3502 3262 nexue-

221 3291 531 3363 perdueere
560 3289 809 3360 dignatus
834 3303 913 3355 es,
946 3288 1182 3358 placidus
1212 3302 1275 3344 ac
1299 3288 1561 3358 benignus
1584 3300 1819 3353 assume,

220 3393 279 3439 ut
307 3384 457 3455 quod
491 3392 581 3439 tua
611 3381 964 3451 dispositione
1006 3382 1301 3452 expetitur,
1333 3387 1419 3436 tua
1467 3380 1637 3450 gratia
1678 3394 1825 3435 com-

219 3477 461 3548 pleatur.
492 3474 598 3531 Per
626 3474 910 3530 Dominum
938 3482 1200 3530 nostrum.

291 3567 362 3623 Υ.
390 3566 459 3623 D.
484 3566 579 3638 qui
600 3565 800 3622 foedera
823 3565 1126 3635 nuptiarum
1148 3564 1346 3619 blando
1370 3563 1672 3620 concordiae
1687 3562 1821 3633 iugo

221 3671 275 3718 et
299 3659 583 3717 insolubili
612 3659 761 3730 pacis
788 3659 999 3715 vinculo
1029 3657 1289 3725 nexuisti,
1320 3667 1381 3713 ut
1409 3656 1828 3735 multiplicandis

221 3753 585 3825 adoptionum
612 3752 736 3808 ﬁliis
762 3761 1070 3809 sanctorum
1110 3752 1495 3809 coenobiorum
1526 3750 1828 3806 fecunditas

225 3847 423 3913 pudica
451 3846 705 3902 serviret.
735 3845 848 3900 Tua
877 3847 1044 3911 enim,
1080 3846 1324 3911 Domine,
1354 3842 1701 3915 previdentia:
1722 3854 1828 3900 tua:

222 3940 394 4009 gratia
427 3938 792 3994 ineﬂ’abilihus
823 3938 996 3994 modis
1023 3938 1184 4011 264
1214 3946 1497 4008 utrumque
1524 3937 1827 4010 dispensus,

223 4041 283 4086 ut
309 4031 461 4102 quod
504 4032 783 4103 generatio
812 4033 877 4087 ad
925 4031 1108 4087 mundi
1157 4031 1281 4089 edet
1326 4043 1593 4098 ornatum,
1637 4029 1822 4105 (1156)

228 4136 251 4163 ο
280 4123 572 4194 generatio
613 4123 682 4179 ad
710 4123 964 4181 Ecclesia:
1005 4124 1265 4194 perducat
1310 4132 1676 4195 augmentum.
1729 4123 1829 4179 Per

225 4214 535 4272 Christum.

295 4309 464 4380 Infra
491 4307 769 4365 actionem.
794 4337 865 4354 -—-
894 4308 1044 4364 lianc
1070 4309 1229 4379 igitur
1253 4308 1573 4365 oblationem
1604 4309 1828 4366 famula-

225 4416 351 4457 rum
378 4410 599 4457 tuarum
625 4400 870 4467 illarum,
909 4415 1250 4470 quaesumus,
1300 4399 1541 4465 Domine,
1590 4401 1829 4469 placatus

226 4495 467 4564 accipias
488 4536 505 4562 ,
538 4507 638 4564 pro
664 4508 765 4564 qua
794 4494 1128 4564 maiestatem
1163 4502 1305 4547 tuam
1335 4493 1602 4563 supplices
1640 4508 1831 4549 exora-

1927 3309 2069 3354 runt.
2101 3298 2191 3355 Sic
2212 3298 2353 3356 enim
2385 3298 2498 3365 tibi,
2530 3298 2774 3368 Domine,
2809 3296 3059 3368 placitum
3094 3297 3209 3365 fuit,
3242 3298 3318 3354 sic
3349 3300 3493 3354 enim

1926 3390 2290 3447 necessarium
2332 3390 2427 3446 fuit
2457 3408 2473 3457 ;
2507 3390 2692 3461 (1146)
2720 3399 2779 3446 ut
2823 3390 2947 3460 quia
2974 3390 3133 3462 longe
3160 3398 3240 3445 est
3269 3400 3323 3445 et
3360 3389 3510 3444 inﬁr-

1927 3498 2067 3549 mus,
2100 3480 2130 3522 δ
2153 3483 2295 3553 quod
2320 3483 2526 3538 homini
2551 3484 2726 3547 silem,
2752 3497 2910 3552 quam
2936 3482 3077 3553 quod
3100 3482 3192 3537 tibi
3224 3483 3331 3537 Deo
3362 3482 3512 3537 fece-

1927 3590 2034 3640 ras,
2069 3574 2280 3629 additur
2304 3574 2526 3631 fortiore
2556 3589 2715 3629 sexus
2743 3574 3021 3640 inﬁrmior,
3055 3583 3112 3628 ut
3140 3589 3303 3629 unum
3330 3574 3510 3629 efﬁce-

1930 3679 2017 3719 ras
2039 3680 2108 3721 ex
2140 3664 2366 3731 duobus,
2398 3674 2451 3720 et
2482 3666 2594 3734 pari
2623 3667 2843 3735 pignore
2874 3665 3085 3720 soboles
3119 3665 3302 3737 (1147)
3352 3666 3509 3722 mista

1932 3765 2174 3812 maneret
2202 3773 2217 3817 ;
2249 3765 2375 3812 tunc
2394 3770 2489 3825 per
2510 3757 2750 3812 ordinem
2782 3760 2969 3812 tlucret
2995 3768 3177 3826 egesta
3211 3760 3511 3826 posteritas,

1931 3857 1990 3903 ut
2016 3847 2204 3918 (1148)
2236 3849 2288 3901 in
2320 3847 2517 3916 prioris
2556 3856 2779 3901 ventura
2806 3855 3178 3917 sequerentur,
3214 3862 3313 3902 nec
3349 3848 3513 3901 ullum

1931 3943 2030 3997 sibi
2053 3942 2213 3998 linem
2238 3940 2292 3997 in
2326 3948 2429 3996 tam
2457 3941 2607 3995 brevi
2659 3940 2909 4005 termino,
2938 3941 3181 4010 quamvis
3211 3948 3389 3995 essent
3419 3953 3510 3992 ca-

1931 4033 2088 4100 duca,
2122 4042 2500 4102 proponerent.
2522 4032 2607 4090 Ad
2631 4031 2744 4087 haec
2776 4030 2792 4070 ί
2821 4033 2980 4103 igitur
3036 4032 3084 4103 (1
3104 4029 3221 4102 H9)
3248 4032 3385 4085 data:
3413 4028 3522 4085 sint

1932 4126 2064 4195 legis
2088 4125 2328 4180 instituta
2359 4133 2606 4180 ventura.
2662 4124 2998 4193 Quapmpter
3053 4122 3210 4191 huius
3244 4119 3259 4172 i
3300 4119 3516 4175 familia:

1934 4225 2058 4281 tum,
2090 4217 2268 4281 Pater,
2301 4217 2598 4271 rudimenta
2645 4216 2915 4271 sanctiﬁca
2944 4255 2960 4280 ,
2995 4223 3050 4269 ut
3079 4214 3221 4269 bono
3274 4221 3329 4269 et
3383 4213 3520 4269 bene

1934 4324 2189 4380 prospero
2218 4308 2418 4363 sociata
2441 4309 2715 4365 consortio
2737 4308 2865 4379 legis
2895 4318 3111 4363 eterna:
3142 4305 3163 4343 ιε
3188 4306 3312 4377 iura
3340 4314 3519 4361 custo-

1934 4401 2045 4456 diat
2077 4419 2091 4467 ;
2118 4402 2548 4470 memineritque,
2578 4402 2823 4469 Domine,
2855 4401 3018 4472 266
3044 4416 3151 4455 non
3210 4407 3414 4454 tantum
3448 4397 3516 4452 ad

1934 4494 2199 4551 licentiam
2258 4494 2632 4567 coniugalem,
2691 4494 2785 4551 sed
2833 4494 2898 4547 ad
2950 4493 3341 4548 observantiam
3399 4488 3528 4545 ﬁdei

230 4602 378 4653 mus,
406 4586 627 4641 utsicut
655 4600 773 4640 eam
824 4584 891 4640 ad
943 4593 1153 4640 mtatcm
1201 4586 1400 4653 nuptiis
1447 4595 1828 4656 congruentem
1858 4577 2122 4662 1)(1150)
2154 4599 2457 4644 sanctorum
2488 4588 2763 4659 pignorum
2816 4585 2836 4627 ι
2873 4587 3086 4656 diligata
3125 4586 3311 4657 (1151)
3348 4583 3521 4639 ﬁdelis
3594 4596 3599 4601 ·

230 4679 526 4751 pervenire
570 4678 825 4747 tribuisti,
865 4678 944 4733 sic
986 4692 1105 4734 eam
1155 4680 1425 4734 consortio
1472 4679 1698 4734 maritali
1740 4689 1829 4735 tuo

227 4786 467 4827 munere
494 4771 796 4840 copulatam
826 4770 1125 4826 desiderata
1168 4772 1355 4827 sobole
1398 4774 1629 4841 gaudere
1670 4774 1829 4843 perﬁ-

228 4866 347 4923 cias
369 4907 384 4931 ,
411 4864 603 4938 (1157)
643 4874 801 4937 atque
832 4862 857 4903 ά
887 4864 1118 4919 oblatam
1172 4863 1367 4920 seriem
1395 4879 1517 4923 cum
1565 4882 1661 4923 suo
1704 4882 1831 4923 con-

302 4988 337 5019 ⁸
379 4978 770 5035 Obesi-vatione
814 4978 1035 5047 dignum
1073 4977 1284 5033 videtnr
1330 4980 1381 5033 in
1434 4990 1540 5034 vet.
1586 4981 1825 5036 Sacram.

229 5051 379 5106 Gali.
421 5064 710 5106 occurrere
738 5050 1046 5121 Orationem
1077 5064 1172 5105 seu
1204 5049 1636 5105 Benedictionem
1668 5066 1829 5121 super

230 5138 332 5178 eos
362 5122 456 5191 qui
486 5121 726 5193 secundo
761 5120 995 5185 nubunt,
1044 5123 1143 5176 etsi
1187 5122 1489 5191 huiusmodi
1536 5120 1747 5193 nuptias
1776 5126 1830 5179 in

233 5193 488 5247 Ecclesia
518 5191 759 5247 benedici
784 5208 890 5246 non
921 5194 1175 5249 solerent.

304 5264 336 5303 ι
366 5264 568 5335 Noster
600 5262 911 5335 Edmundns
940 5263 1176 5321 Mam-ne
1202 5266 1290 5335 qui
1321 5264 1437 5318 haec
1464 5264 1649 5321 eadem
1680 5266 1832 5321 exhi-

234 5335 327 5389 bet
354 5349 421 5390 ex
452 5334 742 5390 Gelasimo
770 5334 963 5388 Missali
994 5344 1047 5389 et
1074 5351 1204 5393 mss.
1224 5334 1513 5391 Codicihus
1544 5336 1832 5393 Rhemensi

232 5418 287 5459 ct
317 5405 665 5472 Celloneusi,
697 5404 794 5477 lib.
824 5420 839 5458 ι
866 5404 933 5459 de
958 5407 1124 5477 antiq.
1159 5408 1301 5462 Eccl.
1340 5407 1543 5462 Ritibns
1565 5448 1579 5471 ,
1612 5423 1730 5477 cap.
1763 5411 1795 5465 9
1816 5448 1831 5474 ,

229 5476 305 5531 de
341 5477 589 5532 Sacram.
625 5476 888 5542 matrim.,
921 5487 1024 5532 art.
1047 5476 1101 5543 5,
1136 5479 1258 5545 legit
1296 5478 1631 5547 famulorum.
1679 5476 1832 5536 ’Alias

230 5549 650 5604 emendationes
674 5548 743 5603 ab
771 5547 890 5617 ipso
917 5549 1083 5604 factas
1105 5559 1422 5607 attexamus.

314 5629 341 5690 ς
374 5620 523 5675 Idem
546 5619 677 5689 legit
704 5620 1035 5690 regeneratio.

310 5686 344 5729 ἀ
372 5692 514 5759 Lege
544 5686 777 5757 ορὶαιαηῐ
790 5734 804 5757 ,
836 5706 903 5747 ex
933 5692 1120 5748 eodem
1147 5693 1403 5750 Martene.

316 5770 346 5833 ξ
378 5761 537 5827 lbid.,
563 5763 998 5833 infraractionem.

322 5829 346 5871 ⁸
381 5833 537 5905 Apud
562 5829 810 5891 eumdem
841 5834 1099 5904 Marteue,
1130 5845 1177 5892 at
1203 5836 1279 5893 sic
1306 5847 1482 5893 cantas
1510 5834 1832 5895 Benedictio-

1935 4691 1991 4737 et
2013 4691 2179 4746 casta,
2205 4682 2369 4737 nubat
2398 4682 2451 4736 in
2470 4682 2686 4738 Christo
2705 4681 3063 4750 imitatrixque
3082 4686 3383 4733 sanctarum
3404 4690 3525 4745 per-

1937 4783 2148 4831 maneat
2176 4775 2511 4831 feminarum.
2552 4776 2632 4831 Sit
2686 4773 2872 4847 (ll52)
2931 4772 3171 4827 amabilis
3217 4779 3275 4826 ut
3322 4768 3527 4827 Rachel

1938 4869 2052 4924 viro
2093 4883 2211 4936 suo,
2243 4869 2460 4939 sapiens
2484 4874 2542 4924 ut
2569 4867 2834 4933 Rebecca,
2859 4867 3098 4939 longazva
3135 4872 3190 4922 et
3233 4864 3405 4922 ﬁdelis
3459 4870 3518 4919 ut

1932 4983 2013 5037 nis
2045 4983 2343 5038 Orationem
2368 4984 2449 5038 his
2470 4982 2654 5038 verbis.

2006 5065 2029 5101 ι
2061 5056 2135 5109 Ita
2175 5056 2334 5110 etiam
2368 5056 2599 5111 restituit
2621 5052 2865 5108 laudatus
2893 5052 3139 5120 scriptor.

2006 5124 2035 5164 δ
2059 5127 2202 5181 Idem
2230 5127 2365 5197 quod
2385 5127 2591 5180 homine
2610 5125 2844 5197 similem,
2874 5140 3024 5193 quam
3043 5124 3179 5195 quod
3200 5122 3291 5197 tibi
3312 5126 3522 5197 fereras,

1933 5198 2144 5253 additur
2162 5194 2372 5267 fortiore
2403 5214 2553 5252 sexus
2578 5196 2859 5266 inﬁrmior,
2899 5205 2954 5249 ut
2996 5194 3159 5251 unum
3204 5194 3407 5267 eﬁicerig
3458 5206 3521 5245 ea:

1934 5259 2225 5324 duobusf...
2276 5279 2323 5323 et
2354 5272 2550 5341 priores
2590 5259 2798 5323 ventura
2841 5259 3187 5341 sequerentur.
3228 5259 3520 5341 Ubiuforte

1938 5342 2133 5395 mendo
2165 5335 2547 5412 typographico
2575 5341 2788 5411 legitur,
2832 5335 3053 5393 similem
3097 5353 3191 5408 pro
3237 5335 3422 5400 simile,
3463 5340 3521 5388 et

1939 5413 2175 5485 afﬁceris,
2208 5428 2305 5485 pro
2328 5413 2564 5483 eﬂiceres.
2662 5484 2665 5485 ν
2764 5481 2773 5485 Α
3170 5478 3202 5485 ﬁ
3269 5478 3278 5485 ,
3412 5470 3422 5480 .

2014 5484 2031 5523 ί
2046 5470 2224 5559 “id;
2238 5470 2489 5559 40158513!
2506 5485 2634 5559 (egi:
2650 5481 2892 5559 instituta
2904 5491 3150 5559 ventura.
3169 5478 3347 5559 Potior
3373 5470 3527 5528 vide-

1939 5564 2023 5611 tur
2043 5550 2280 5611 Meuardi
2306 5550 2589 5622 restitutio,
2621 5571 2779 5625 quam
2810 5556 2971 5610 habes
2998 5555 3051 5608 in
3081 5550 3239 5608 uotis.

2010 5628 2027 5681 i
2069 5628 2255 5683 Melius
2284 5628 2540 5697 Martene,
2569 5627 2723 5700 hujus
2748 5626 2961 5699 famula:
2988 5635 3113 5681 ιω.

2007 5697 2035 5738 ι
2055 5699 2223 5754 Idem.
2253 5703 2416 5754 iussa.

2117 5714 2223 5770 em,
2242 5717 2416 5770 iussa.

2015 5720 2035 5738 ⁵
2055 5720 2223 5770 luent,
2242 5720 2416 5772 μιδεα.

2015 5769 2035 5811 1
2062 5770 2225 5843 lbid.,
2253 5772 2544 5845 diligatam,
2578 5773 2745 5843 ﬁdelis
2769 5780 2816 5828 et
2844 5778 3005 5837 casta,
3030 5775 3127 5824 etc.

2286 5938 2347 5959 ,ηιμ
2368 5948 2373 5951 ‘
