2021 3175
274 160 329 190 265
650 160 683 189 IN
703 159 733 188 S.
749 158 913 187 GREGORH
934 158 1067 187 LIBRUM
1086 158 1390 189 SACBAMENTORUM
1404 159 1517 189 NOTAE.
1849 160 1905 190 265

275 219 350 247 Sara.
363 218 454 255 (1155)
466 218 535 247 Nihil
550 225 582 246 ex
598 219 648 246 hac
658 218 751 255 (1154)
766 218 893 247 subdolus
908 219 952 246 ille
969 222 1062 246 auctor
1074 216 1102 248 Α
1114 219 1140 244 te
1153 217 1286 252 supplices
1297 225 1450 252 emramus,
1462 225 1511 253 pro
1525 217 1620 252 quibus
1634 215 1704 252 apud
1715 219 1742 244 te
1759 216 1900 251 supplica-

276 266 500 302 pracvaricationis
519 270 645 300 usurpet,
670 272 738 293 nexa
754 265 814 293 ﬁdei
840 263 935 300 (1155)
949 265 1061 292 manda-

235 313 246 350 }
275 313 361 348 lisque
376 317 529 347 permaneat
544 312 635 348 (1156)
647 310 816 345 feminarum,
833 311 951 339 serviens
969 310 1061 347 (1157)

235 363 243 401 3‘
276 359 330 388 Deo
342 367 406 387 vero
419 359 512 387 devota
543 358 636 395 (1158)
660 359 761 386 muniat
784 357 963 385 inﬁrmitatem
987 365 1062 385 suam

237 406 240 411 ’
275 406 372 433 robore
383 405 542 441 disciplinae,
556 405 600 433 uni
614 409 671 433 toro
683 405 774 440 juncta
785 408 922 432 contactus
940 404 1000 431 vita:
1013 404 1063 431 illi-

276 451 342 479 citos
354 451 447 486 fugiat.
464 456 477 471 ι
490 449 633 486 Sit(ll59)
655 450 816 484 verecunda,
842 450 930 485 gravis
950 449 1061 484 pudore,

234 492 240 508 ³
275 497 446 531 venerabilis,
472 497 602 525 doctrinis
624 497 777 525 caelestibus
791 496 906 530 erudita,
924 496 1016 533 (1160)
1031 496 1065 524 sit

277 543 388 571 fecunda
402 545 532 578 sobolem,
546 545 580 572 sit
594 543 685 580 (1161)
703 544 826 579 probata,
839 548 866 571 et
885 544 1024 577 innocens,
1038 546 1066 571 et

277 590 310 617 ad
325 590 462 619 beatorum
479 591 598 627 requiem
613 598 697 626 usque
715 590 749 619 ad
760 590 880 619 coelestia
905 597 986 626 regna
999 586 1079 625 per-V

276 636 376 664 veniat.
847 653 851 656 .

312 680 375 708 Post
398 681 452 709 [nec
470 682 512 709 dic
524 681 579 709 Pax
592 681 729 710 vobiscum
743 686 767 709 et
778 682 815 709 sic
826 689 870 709 eos
893 682 1063 710 communica.

280 726 381 754 Deinde
395 731 560 762 posteaquam
579 727 830 761 communicaverint,
845 727 909 755 dicis
924 735 1002 763 super
1016 735 1059 755 eos

277 771 479 800 Benedictionem
494 774 533 800 Itis
544 774 624 802 verbis
635 781 646 801 :

312 818 422 846 Domine
434 824 536 854 sancte,
548 819 627 848 Pater
646 819 828 855 omnipotens,
843 820 945 849 iteratis
969 820 1065 849 ritibus

1116 266 1159 291 tus
1178 267 1221 291 est
1241 263 1360 292 Christus
1385 263 1478 299 (H62)
1495 263 1508 283 ιτ
1525 262 1718 298 conjunctionis
1741 262 1904 290 famulorum

1116 313 1222 338 tuorum
1233 310 1323 339 fovere
1333 311 1449 346 digneris
1462 310 1553 347 (1165)
1565 310 1763 338 benedictiones
1775 315 1835 338 tuas
1849 318 1904 339 ex-

1117 357 1207 391 cipere
1222 362 1384 392 mereantur,
1397 364 1408 377 ε
1430 361 1459 385 ιιι
1484 357 1598 385 ﬁliorum
1622 357 1790 385 successibus
1809 357 1906 385 fecun-

1116 404 1224 437 dentur,
1235 404 1302 433 sicut
1314 405 1338 441 (l
1346 405 1376 433 l6
1383 404 1405 440 l)
1421 404 1525 438 plurimi
1538 411 1631 432 omnes
1643 405 1801 432 conﬁrmare
1812 404 1909 438 dignm

1118 458 1158 478 re.
1174 451 1336 479 Avertautur
1352 451 1385 478 ab
1399 451 1437 479 cis
1451 451 1550 478 inimici
1571 450 1687 484 insidim,
1703 449 1795 487 (1165)
1814 450 1910 477 omni-

1119 502 1223 532 potens,
1239 503 1267 525 ut
1283 496 1375 533 (1166)
1399 498 1565 526 sanctitatem
1582 497 1686 524 Patrem
1701 497 1780 523 etiam
1795 496 1820 524 in
1842 497 1904 530 ipso

1118 543 1242 579 conjugio
1251 544 1399 577 imitentur,
1410 544 1454 578 qui
1463 543 1627 578 providentia
1639 547 1692 576 tua,
1706 542 1829 575 Domine,
1841 549 1910 569 con-

1116 588 1190 624 jungi
1202 593 1366 617 meruerunt.
1379 588 1430 617 Per
1442 589 1581 617 Dominum
1591 592 1711 617 nostrum
1727 587 1817 616 Jesum
1835 587 1910 616 Citrio

1118 639 1200 664 stum.

1153 681 1217 709 Post
1230 680 1484 709 Communionem.—
1492 680 1591 708 Exaudi
1605 687 1665 714 nos,
1680 679 1792 708 Domine
1804 682 1911 711 macte,

1118 727 1198 756 Pater
1211 727 1393 761 omnipotens,
1417 732 1515 754 aeterne
1543 726 1623 759 Deus,
1644 730 1676 753 ut
1689 724 1786 760 dquod
1812 724 1912 760 (1167)

1117 781 1171 802 ιιοιι
1185 773 1369 801 ministrentur
1381 772 1480 806 ofﬁcio,
1496 777 1539 799 tua
1552 771 1741 800 benedictione
1754 770 1841 805 potius
1855 770 1910 797 im-

1119 820 1250 855 pleantur.
1263 818 1314 846 Per
1327 818 1468 846 Dominum
1481 821 1601 846 nostrum
1615 818 1707 846 Jesum
1724 816 1871 845 Christum.

312 887 424 928 ‘_Mart._,
439 890 472 928 sit
486 889 638 928 verecundia
649 889 746 925 gravis,
762 889 861 925 pudore
878 889 1064 918 venerabilis...
1081 897 1105 928 Β
1118 889 1273 928 4vertantur
1283 892 1314 916 ab
1326 889 1362 917 eis
1373 888 1472 916 inimici
1483 896 1570 916 omnes
1585 888 1685 916 insidias
1702 891 1731 914 ut
1750 886 1913 914 sanctitatem

275 924 307 950 sit
321 924 430 956 fecunda
442 925 467 951 in
482 925 575 952 sobole.

310 957 324 978 ι’
338 959 420 995 idem.
435 961 624 995 conjunctiones
635 961 696 995 fam.

314 999 325 1013 ο
337 994 414 1027 lbid.,
429 1000 454 1021 et
466 994 579 1028 ﬁliorum
604 996 760 1024 successibus
782 996 969 1029 fecundentur;
997 1004 1065 1031 nup-

276 1028 325 1057 tias
340 1038 427 1057 eorum
440 1031 514 1058 sicuti
537 1032 612 1067 primi
635 1032 745 1059 hominis
772 1028 924 1066 conﬁrmare
947 1028 1064 1067 dignare.

1119 924 1228 953 Patrum
1240 926 1327 952 etiam.

1154 960 1166 980 ἀ
1179 960 1261 992 Idem,
1271 959 1371 994 utquod
1383 964 1469 989 nostro
1479 959 1639 987 ministratur
1648 958 1695 993 o/I.
1707 962 1751 986 tua
1757 956 1834 986 bened
1841 977 1848 984 .
1860 965 1914 993 po-

1119 996 1169 1024 tius
1182 995 1327 1031 impleatur.

281 1106 1914 1128 W

512 1196 551 1229 Θ
605 1181 820 1239 NOTAE
863 1182 954 1238 ΕΤ
999 1179 1584 1241 OBSERVATIONES

314 1286 376 1329 IN
403 1286 448 1330 S.
479 1285 783 1331 GREGORII
807 1285 1004 1328 MAGNI
1033 1286 1263 1329 LIBRUM
1293 1284 1853 1330 SACRAMENTORUM,

612 1364 757 1391 AUCTORE
774 1364 807 1390 D.
825 1364 1137 1402 HUGONE_M_ENARDO,
1154 1364 1307 1392 HONACHO
1323 1364 1544 1391 BENEDICTINO.

316 1429 395 1465 273
416 1429 432 1447 “
456 1428 482 1457 1.
505 1427 557 1456 Hic
572 1431 585 1446 α
598 1428 671 1455 liber.
686 1427 715 1456 in
727 1427 840 1457 Eleusis
853 1428 950 1464 legitur
974 1404 1069 1463 incipit
1084 1428 1107 1460 C
1123 1435 1181 1463 cap.
1195 1427 1232 1455 22
1243 1436 1250 1455 :
1262 1428 1364 1455 Curavit
1379 1428 1466 1465 beatus
1479 1427 1617 1465 Gregorius
1629 1427 1792 1465 rationabitia
1803 1436 1913 1463 qucran

281 1465 354 1493 liber.

315 1501 342 1527 ‘2.
369 1500 443 1528 Liber
466 1499 701 1528 Sacramentorum.
729 1499 765 1526 ita
781 1499 805 1526 in
820 1499 961 1527 Codicibus
973 1499 1071 1526 nostris

279 1543 346 1564 mss.
362 1535 490 1570 Rodradi,
502 1534 656 1565 Rhemensi.
680 1539 706 1561 et
727 1534 955 1570 Ratoldirabbatis.
970 1535 1007 1561 Ita
1022 1542 1071 1568 ap-

281 1571 395 1605 pellatur
422 1571 448 1598 in
473 1570 586 1605 concilio
609 1570 754 1605 llhemensi
777 1569 847 1603 apud
872 1570 1067 1602 Burchardum,

282 1604 330 1634 illi.
347 1614 385 1639 ιιι,
401 1614 459 1639 cap.
471 1607 504 1633 97
522 1615 528 1632 ε
546 1604 657 1639 Expleta
672 1604 753 1631 Missa
765 1605 833 1632 calix
850 1613 908 1632 cum
923 1610 1026 1639 patrna,
1047 1610 1071 1631 ct

283 1641 507 1669 Sacramentorum
527 1640 590 1667 liber
612 1649 668 1667 cum
692 1640 799 1667 vestibus
822 1640 1030 1672 sacerdotalibus,
1044 1641 1071 1667 in

282 1677 376 1703 mundo
388 1677 442 1704 loco
453 1676 497 1703 sub
509 1684 565 1702 sera
577 1676 755 1703 recondantur.
767 1675 838 1703 Idem
850 1675 939 1703 videre
950 1680 990 1702 est
1000 1675 1070 1710 apud

284 1712 405 1739 eumdem
423 1711 603 1738 Burchardum
625 1711 692 1737 libro
711 1711 816 1738 decimo
829 1718 908 1742 nono.
924 1712 1010 1743 capite
1025 1718 1070 1738 oe-

283 1752 346 1774 Iavo
361 1756 368 1773 :
386 1747 463 1774 Nunc
486 1755 554 1781 ergo,
571 1754 585 1773 ο
601 1746 710 1780 fratres!
733 1749 777 1780 qui
801 1746 906 1773 voluerit
932 1746 1070 1773 sacerdotis

282 1790 374 1809 nomen
386 1782 490 1814 habere,
506 1783 532 1808 in
547 1782 635 1815 primis
655 1785 756 1816 propter
766 1781 850 1808 Deum
862 1781 964 1816 cogitet,
977 1787 1004 1807 ut
1017 1782 1069 1807 dis-

284 1823 325 1845 cat
340 1818 362 1844 ei
386 1826 443 1851 quae
464 1817 607 1844 necessaria
625 1821 692 1849 sunt,
707 1821 841 1851 antequam
856 1825 944 1843 manus
958 1817 1070 1851 episcopi

283 1854 433 1889 caputeius
454 1856 551 1889 tangat,
573 1852 599 1878 id
621 1858 667 1885 est,
694 1852 859 1889 Psalterium,
879 1851 1070 1889 [.ectionariuns

283 1886 341 1924 cum
356 1886 512 1924 Euangelus,
528 1888 753 1924 Sacramentorunt
764 1887 866 1924 librum,
877 1886 1068 1924 Baptisterium,

283 1928 306 1951 et
321 1923 473 1957 Computum
488 1932 545 1950 cum
564 1925 644 1958 cyclo,
658 1927 708 1950 etc.
726 1923 816 1958 UbLTt‘)
833 1923 1015 1956 Baptisterium
1029 1928 1070 1950 est

282 1959 436 1987 conferendi
452 1957 665 1993 baptistni’ratio.
680 1958 756 1990 Apud
768 1957 957 1993 Flodoardum,
982 1958 1028 1984 lib.
1041 1966 1070 1986 ιιι

282 1994 350 2022 llist.
368 1995 439 2021 Eccl.
455 1992 564 2025 Rliem..
575 2001 633 2028 cap.
645 1994 661 2020 9
675 2002 682 2020 :
693 1993 796 2020 Librum
805 2001 903 2028 quoque
915 1992 1069 2020 Sacramen-

284 2033 368 2057 torum
390 2030 436 2057 sub
457 2030 573 2056 eburneis
594 2029 686 2055 tabulis
709 2034 814 2063 argento
841 2029 1005 2062 prwsiguitis,
1026 2028 1070 2055 scd

283 2064 469 2092 Lcctiotmrium
484 2066 516 2091 ad
531 2064 623 2091 Missas
637 2064 728 2090 librum
745 2064 800 2096 pari
812 2063 901 2090 decore
913 2068 1070 2090 venustatum

282 2100 375 2126 ibidem
399 2100 514 2126 contulit.
537 2099 574 2126 Ita
597 2099 711 2133 appellat
734 2099 903 2132 Micrologus,
919 2105 977 2132 cap.
993 2099 1019 2131 6,
1036 2099 1070 2127 de

282 2134 518 2161 Observationibus
548 2132 737 2161 ecclesiasticis
760 2142 768 2161 :
793 2132 867 2160 Fecit
891 2138 975 2160 autem
1003 2134 1070 2161 idem

282 2170 388 2197 Albinus
408 2170 434 2196 in
454 2173 542 2195 sancta
560 2168 678 2205 Ecclesia
692 2178 742 2196 non
760 2170 969 2196 contenmendum
986 2177 1071 2205 opus;

284 2213 344 2232 nam
360 2205 533 2240 Gregorianas
554 2203 686 2231 Orationes
707 2206 734 2230 in
760 2205 830 2231 libris
847 2203 1071 2232 Sacrameutorum

283 2239 419 2274 collegisse
437 2240 560 2266 asseritur
579 2239 667 2273 paucis
687 2239 745 2265 aliis
766 2240 883 2273 adjectis,
908 2245 960 2267 etc.
985 2240 1072 2267 Berno

283 2276 365 2303 abbas
380 2275 531 2309 Augiensis,
547 2282 606 2309 cap.
622 2275 633 2301 1
650 2274 709 2301 libri
722 2274 755 2301 de
773 2275 930 2308 quibusdam
944 2275 1023 2302 rebus
1038 2276 1071 2302 ad

284 2311 390 2338 Missam
407 2310 588 2345 spectantibus
604 2318 610 2335 :
629 2309 695 2341 Quia
709 2309 773 2335 sicut
797 2317 863 2344 papa
879 2309 1016 2344 Gregorius
1040 2311 1072 2337 li-

285 2346 357 2372 brum
372 2344 597 2373 Sacramentorum
610 2345 803 2379 diligentissime
815 2345 848 2370 ad
863 2344 973 2371 veritatis
984 2345 1071 2371 limam

283 2382 401 2408 correxit.
422 2382 538 2409 Joannes
561 2380 700 2412 Diaconus,
717 2380 743 2406 in
760 2380 817 2407 Vita
843 2382 925 2407 sancti
950 2379 1070 2415 Gregorii

283 2417 362 2443 citata
377 2418 409 2444 ab
423 2416 516 2444 eodem
530 2416 659 2448 lieruoue,
684 2415 770 2449 capite
789 2415 882 2442 eodem
897 2423 904 2439 :
919 2414 993 2443 Unde
1007 2414 1029 2442 et
1044 2416 1070 2442 iu

286 2450 346 2487 Vita
366 2453 443 2487 ipsius
459 2452 565 2487 legimus
589 2459 599 2478 :
624 2450 677 2479 Sed
692 2455 716 2477 et
733 2450 896 2487 Gelasimum
907 2449 1025 2477 Codicem
1039 2452 1071 2477 de

284 2486 423 2514 Missurum
437 2486 566 2514 solemniis
582 2490 663 2513 multa
685 2486 844 2519 subtrahens,
867 2494 949 2519 pauca
968 2494 1070 2513 convera

284 2526 348 2553 lens,
361 2523 485 2549 nonnulla
497 2522 705 2557 superadjiciens,
718 2523 745 2549 in
757 2522 833 2548 unius
849 2522 928 2548 libelli
942 2521 1071 2548 volumine

283 2559 428 2590 courctavit,
443 2558 511 2592 quod
524 2558 639 2584 volumen
653 2557 748 2584 librum
770 2557 992 2592 Sacramentorum
1004 2565 1069 2592 pra:-

282 2592 403 2628 titulavit.
420 2591 456 2620 Ita
471 2593 539 2628 apud
553 2592 681 2620 Joannem
693 2593 848 2620 Diacouum.
858 2591 871 2611 δ
883 2592 935 2620 Sed
948 2592 1068 2619 ultimum

281 2627 393 2663 hujusce
415 2628 466 2656 loci
486 2627 632 2655 membrum
646 2636 679 2655 ex
693 2628 749 2662 ejus
772 2632 844 2655 textu
868 2635 883 2655 a
905 2628 995 2655 nescio
1017 2635 1069 2661 quo

281 2664 402 2692 avulsum
412 2668 464 2692 est.
479 2663 632 2697 Walfridus,
649 2663 717 2691 libro
725 2663 759 2691 de
769 2663 858 2692 Rebus
867 2663 1067 2697 ecclesiasticis,

318 2750 331 2764 ι
346 2746 394 2773 llic
410 2746 501 2773 titulus
517 2745 611 2779 legitur
626 2745 651 2771 in
670 2744 856 2770 vetustissimis
881 2744 1069 2772 Sacramento-

280 2789 339 2810 rum
353 2782 436 2814 libris,
447 2783 591 2815 pra‘sertitu
604 2781 628 2806 iu
639 2779 776 2806 llat'lmauo
787 2780 981 2813 antiqui~sitno,
994 2780 1070 2814 cujus

281 2817 420 2853 scriptum-
433 2817 576 2853 specimetu
593 2816 650 2851 lege
666 2816 734 2850 apud
750 2815 862 2847 illabill.,
880 2816 914 2843 de
927 2816 965 2843 lle
981 2816 1071 2850 Diplo-

280 2852 356 2887 ruat,
373 2861 431 2888 pag.
448 2852 481 2879 56
488 2854 509 2879 Β.

1122 1464 1279 1497 coadunare,
1292 1468 1326 1496 et,
1343 1464 1447 1491 seclusis
1461 1464 1493 1490 iis
1504 1471 1560 1496 qua
1570 1464 1607 1490 vel
1618 1463 1695 1497 nimia
1706 1464 1744 1489 vel
1759 1464 1914 1491 inconcinna

1120 1499 1279 1530 videbantur,
1295 1500 1435 1534 composuit
1450 1499 1541 1525 librum
1553 1500 1596 1533 qui
1613 1496 1707 1524 dicitur
1728 1498 1912 1527 Sacramenta-

1120 1542 1187 1565 rum,
1203 1534 1269 1562 sicut
1279 1542 1310 1561 ea:
1323 1535 1396 1561 titulo
1412 1534 1466 1567 ejus
1482 1534 1685 1567 manifestissime
1698 1534 1858 1561 declaratur.
1875 1535 1914 1561 Ita

1121 1570 1201 1597 etiam
1218 1570 1334 1603 appellat
1349 1569 1511 1601 Gennadius,
1528 1569 1648 1603 quamvis
1662 1568 1695 1595 de
1716 1569 1767 1596 alio
1789 1569 1859 1596 libro
1874 1570 1916 1597 lo-

1121 1609 1228 1639 quatur.
1244 1605 1291 1632 lib.
1306 1605 1339 1632 de
1355 1604 1424 1631 Viris
1439 1604 1596 1637 illustribus,
1608 1611 1667 1637 cap.
1683 1604 1716 1631 de
1733 1604 1851 1632 Voconio
1862 1605 1915 1632 Ca-

1120 1640 1274 1668 stellanensi
1291 1640 1418 1674 episcolio
1429 1648 1436 1665 :
1447 1639 1592 1675 Composuit
1603 1640 1677 1665 etiam
1687 1639 1915 1667 Sacramentorum

1120 1675 1249 1707 volumen,
1264 1680 1291 1703 et
1304 1683 1364 1709 cap.
1385 1675 1418 1702 de
1434 1674 1532 1702 Musmo
1547 1674 1703 1702 hlassiliensi
1731 1675 1892 1710 presbytero
1907 1685 1914 1703 :

1121 1710 1268 1745 Composuit
1294 1710 1519 1737 Sacramentorum
1533 1710 1671 1744 egregium,
1694 1715 1717 1736 et
1735 1718 1785 1736 non
1806 1719 1915 1744 parvum

1120 1746 1238 1772 volumen
1254 1754 1297 1778 per
1311 1745 1423 1772 membra
1437 1746 1539 1781 quidem
1554 1753 1599 1780 pro
1610 1746 1801 1781 Opportunitate
1818 1747 1916 1781 ofﬁcio-

1120 1789 1178 1808 rum
1190 1785 1213 1808 et
1229 1786 1379 1816 temporum,
1396 1789 1440 1816 pro
1455 1781 1591 1808 lectionum
1605 1785 1683 1811 textu.
1700 1780 1915 1816 Psalmorumque

1120 1817 1195 1849 serie,
1210 1817 1254 1844 sed
1265 1817 1427 1851 supplicandi
1443 1816 1508 1850 Deo,
1524 1821 1546 1843 et
1561 1816 1719 1843 contestandi
1733 1816 1915 1850 beneﬁciorum

1121 1853 1177 1887 ejus
1189 1852 1317 1888 soliditate
1329 1853 1368 1879 sui
1379 1856 1591 1888 consentaneum:
1601 1852 1636 1878 ita
1650 1852 1728 1878 etiam
1741 1852 1821 1878 Missa
1833 1852 1915 1888 274

1120 1889 1154 1915 ab
1169 1887 1272 1922 Illyrico
1285 1887 1355 1915 edita
1372 1896 1378 1914 :
1391 1887 1483 1923 Incipit
1498 1887 1561 1914 ordo
1573 1887 1806 1923 Sacramentorum.
1822 1887 1915 1920 Quare

1121 1930 1174 1950 non
1188 1921 1319 1950 assentior
1334 1924 1365 1950 iis
1378 1923 1423 1957 qui
1433 1921 1553 1950 scribunt
1568 1922 1671 1949 titulum
1687 1921 1764 1955 hujus
1775 1922 1836 1950 libri
1851 1930 1915 1950 esse

1120 1959 1150 1986 τὸ
1166 1957 1413 1992 Sacramentarium,
1431 1965 1481 1985 non
1501 1965 1564 1985 vero
1586 1958 1649 1984 liber
1673 1957 1912 1986 Sacrumentorunt.

1120 1993 1188 2028 Cum
1200 1994 1279 2019 etiam
1291 1995 1454 2028 contrarium
1469 1997 1556 2028 pateat
1565 2001 1598 2020 ex
1611 1993 1661 2020 hoc
1674 1992 1912 2021 Sacrameutorum

1120 2027 1200 2059 libro,
1217 2027 1243 2054 in
1267 2036 1319 2063 quo
1339 2027 1478 2056 manifeste
1501 2029 1735 2055 Sacramenturium
1750 2036 1763 2054 a
1778 2028 1848 2056 libro
1861 2030 1915 2057 Sa-

1121 2069 1305 2090 cramentorum
1319 2064 1498 2098 distinguitur.
1515 2063 1649 2098 Siquidem
1665 2063 1712 2097 ibi,
1734 2063 1800 2090 feria
1816 2065 1832 2090 b’
1856 2072 1915 2090 ma-

1120 2098 1189 2133 j0ris
1205 2098 1376 2126 hebdomadas
1390 2100 1486 2127 citatur
1499 2099 1740 2127 Sacratneutarium
1755 2107 1763 2126 :
1780 2099 1830 2131 Qui
1849 2100 1916 2126 dum

1121 2134 1220 2161 veniens
1242 2134 1273 2160 de
1290 2136 1402 2161 sacrario
1425 2136 1544 2169 processit
1557 2139 1615 2160 ante
1629 2135 1710 2160 altare
1724 2135 1757 2169 ad
1770 2135 1912 2168 orandum,

1123 2170 1213 2196 ordine
1225 2177 1276 2204 quo
1289 2170 1315 2196 in
1333 2168 1538 2197 Sacramentario
1557 2170 1706 2196 continetur.
1727 2168 1792 2196 Mos:
1806 2175 1833 2195 ut
1854 2178 1916 2196 sur-

1122 2206 1226 2237 rexerit,
1241 2210 1292 2231 etc.
1308 2205 1362 2232 Nec
1376 2206 1449 2233 obest
1466 2207 1535 2239 quod
1551 2205 1671 2236 Albinus,
1696 2204 1857 2237 Amalarius,
1885 2210 1914 2233 et

1122 2240 1167 2267 alii
1187 2241 1319 2273 nonnulli,
1334 2241 1404 2268 hunc
1423 2240 1519 2268 librum
1538 2239 1695 2274 appellarint
1721 2240 1911 2267 Sacramenta-

1124 2275 1203 2307 rium,
1218 2283 1277 2302 cum
1291 2277 1355 2303 satis
1370 2284 1401 2303 ex
1414 2276 1574 2310 supradictis
1585 2275 1726 2302 constetra
1741 2274 1803 2301 liber
1814 2275 1914 2302 Sacra-

1123 2315 1264 2337 mentorum
1293 2318 1352 2338 esse
1367 2319 1457 2337 verum
1479 2318 1510 2338 ac
1530 2317 1684 2344 germanum
1715 2310 1794 2344 hujus
1821 2312 1912 2345 operis

1122 2346 1239 2378 titulum,
1252 2346 1301 2372 etsi
1317 2353 1369 2372 non
1383 2346 1498 2374 difﬁtear
1522 2345 1591 2373 hanc
1611 2353 1703 2373 vocem
1728 2345 1914 2373 Sacramenta-

1121 2380 1199 2416 rjum,
1214 2381 1258 2407 vel
1272 2381 1502 2414 Sacramentarius,
1525 2389 1585 2408 esse
1605 2381 1751 2416 antiquam,
1777 2381 1911 2416 siquidem

1122 2415 1275 2451 Gennadius
1297 2417 1321 2442 in
1345 2416 1455 2443 Paulino
1475 2424 1507 2444 ea
1521 2423 1584 2443 usus
1599 2420 1640 2443 est
1651 2425 1658 2443 :
1671 2414 1760 2449 Fecit,
1774 2414 1872 2451 inquit,
1889 2422 1914 2444 et

1123 2450 1357 2487 Sacramentarium
1371 2456 1394 2478 et
1407 2451 1589 2487 Hymnarium.
1599 2451 1744 2485 Aptissime
1758 2456 1847 2479 autem
1860 2452 1914 2480 hoc

1122 2493 1190 2520 opus
1205 2486 1271 2513 liber
1290 2487 1523 2514 Sacrameutorum
1535 2487 1642 2518 dicitur,
1659 2487 1720 2521 quia
1735 2487 1761 2514 in
1776 2494 1810 2515 eo
1822 2487 1913 2515 ofﬁcia

1122 2521 1263 2558 Missurum
1276 2522 1396 2557 liturgica
1416 2527 1487 2549 recte
1502 2522 1630 2557 disposita
1644 2522 1824 2558 continentur,
1850 2531 1913 2558 qua

1121 2557 1206 2584 sancti
1222 2557 1315 2584 Patres
1334 2558 1396 2585 oliui
1413 2563 1577 2584 sacramenta
1589 2557 1766 2592 appellarunt,
1783 2557 1915 2592 quemad-

1120 2592 1226 2619 modum
1238 2592 1349 2626 Optatus
1361 2593 1529 2620 Milevitanus
1544 2592 1591 2619 lib.
1607 2600 1626 2619 ιι
1642 2598 1734 2620 contra
1748 2593 1914 2621 Parmenio-

1120 2634 1182 2653 num
1200 2636 1207 2655 :
1224 2627 1294 2654 Nam
1306 2628 1361 2662 quis
1376 2628 1471 2655 dubitet
1487 2636 1530 2655 vos
1543 2628 1609 2655 illud
1623 2628 1766 2663 legitimum
1778 2629 1806 2655 in
1821 2637 1912 2655 sacra-

1119 2666 1261 2690 mentorum
1282 2664 1401 2699 mysterio
1424 2666 1554 2699 praeterire
1575 2671 1626 2691 non
1643 2664 1739 2699 posse?
1763 2664 1857 2698 offerre
1872 2673 1914 2692 vas

1116 2756 1118 2758 τ
1159 2740 1173 2761 ιι
1187 2716 1215 2769 lit
1226 2742 1290 2771 Mss.
1299 2742 1407 2780 Joannis
1418 2742 1627 2778 Diaconi,etiam
1639 2744 1835 2780 antiquioribus
1850 2744 1914 2772 Ber-

1124 2785 1203 2810 noue.
1219 2779 1263 2813 qui
1283 2779 1373 2806 ﬁoruit
1390 2780 1497 2806 ineunte
1521 2780 1621 2807 saeculo
1642 2787 1679 2812 ιιι,
1693 2779 1772 2808 verba
1788 2780 1847 2807 huc
1860 2788 1913 2809 non

1123 2818 1245 2849 exstant;
1260 2822 1348 2850 neque
1361 2814 1414 2843 ulla
1426 2816 1732 2850 supersuut'abrasiouis
1743 2815 1866 2851 vestigia.

317 2911 325 2920 '
338 2910 436 2936 Numeri
449 2912 511 2937 notis
523 2911 613 2943 praeﬁxi
629 2911 737 2936 numeris
748 2909 897 2943 respondent
907 2910 948 2942 qui
960 2908 1148 2941 parenthesibus
1160 2906 1246 2934 inclusi
1259 2907 1415 2939 reperiuntur
1426 2907 1453 2933 in
1463 2909 1534 2934 textu
1544 2906 1599 2934 libri
1607 2906 1831 2934 Sscrstneutornm.
1844 2906 1906 2934 Em:
