4042 6350
535 362 641 422 287

1281 367 1350 426 ΙΝ
1386 367 1444 426 S.
1486 365 1813 425 GREGORII
1848 363 2109 425 LIBRUM
2147 363 2758 425 SACRAMENTOBUM
2797 361 3025 422 ΝΟΤᾹΕ.

3683 365 3798 422 288

536 487 598 534 ut
644 479 927 550 episcopus
951 524 968 548 ,
1016 485 1298 551 antequam
1349 479 1735 536 Eucharistiam
1786 479 2104 551 perciperet,
2135 488 2184 548 Α
2209 479 2502 551 positiones
2529 478 2899 551 appellentur:
2932 477 3142 532 Ptacuit
3161 477 3314 532 etiam
3334 477 3486 545 illud,
3511 488 3567 533 ut
3599 496 3795 547 preces,

535 555 792 620 populum
823 550 1168 608 benediceret’
1189 554 1504 622 quibusdam
1545 551 1816 622 conceptis
1847 550 2108 622 precatio—

539 621 718 686 nibus,
772 631 828 676 ut
866 623 918 676 in
960 631 1070 677 toto
1120 621 1220 678 hoc
1249 623 1714 679 Sacramentorum
1745 621 1882 676 libro
1926 621 2109 675 videre

534 701 637 753 est,
667 707 873 746 necnon
904 694 956 747 in
980 692 1263 748 Codicibus
1295 692 1543 752 ltodradi,
1571 692 1784 755 Rhem.,
1819 691 2030 745 Ratoldi
2055 698 2109 746 et

536 762 764 826 Tiliano,
797 773 956 832 atque
981 767 1138 819 etiam
1190 765 1240 818 in
1283 764 1480 820 Ordine
1509 763 1780 832 Romano,
1809 764 1946 816 sicut
1973 773 2026 816 et
2053 763 2104 815 in

534 835 708 887 veteri
753 831 1047 890 Pontiﬁcali
1089 835 1326 890 ltomano
1367 833 1609 889 dedicato
1654 831 1818 887 Leoni
1866 832 1912 886 Χ
1959 841 2105 900 pont.

536 903 801 970 Maximo,
835 905 886 958 in
915 906 1108 974 quibus
1139 906 1391 972 plurimas
1429 903 1831 959 Benedictiones
1876 903 2110 971 reperire

534 983 650 1039 est;
695 984 1008 1045 constatque
1038 992 1105 1030 ex
1135 985 1321 1031 sancto
1354 976 1648 1044 Augustino
1693 990 1816 1028 mox
1869 974 2107 1045 citando,

533 1053 588 1116 et
637 1059 706 1098 ex
752 1044 1047 1116 Haymbne,
1088 1047 1138 1100 in
1170 1062 1288 1115 cap.
1312 1062 1347 1100 ιι
1379 1047 1544 1114 Epist.
1579 1046 1596 1098 Ι
1623 1045 1687 1099 ad
1720 1044 2063 1116 Timotheum
2092 1062 2104 1097 :

533 1113 920 1170 Postulationes
945 1127 1062 1170 sunt
1085 1113 1465 1171 Benedictiones
1493 1116 1832 1186 episcopales,
1864 1131 1988 1186 quas
2032 1115 2110 1168 di-

533 1187 601 1238 cit
627 1188 892 1256 episcopus
920 1204 1071 1256 super
1092 1189 1357 1256 papnlum,
1383 1190 1623 1241 invocans
1662 1185 1849 1241 nomen
1905 1185 2112 1238 Domini

534 1272 686 1326 super
720 1258 888 1311 illum.
939 1258 1099 1328 quue
1138 1259 1288 1328 juxta
1337 1268 1569 1313 mentem
1618 1258 1787 1312 sancti
1817 1256 2112 1328 Augustini

535 1341 660 1381 mox
689 1328 908 1383 citandi.
944 1326 1170 1383 Praecise
1220 1338 1395 1383 autem
1419 1329 1643 1383 dabatur
1671 1329 1758 1381 illa
1807 1326 2113 1382 Benedictio

534 1398 675 1452 dicta
697 1400 926 1452 clausula
956 1400 1222 1453 Orationis
1269 1399 1451 1453 Libera
1497 1415 1608 1463 nos,
1656 1413 1962 1468 qua’sttmus.
2010 1396 2114 1450 Per

537 1469 710 1539 omnia
733 1469 920 1522 stecula
951 1473 1271 1533 surculorum,
1305 1480 1360 1522 ut
1404 1469 1602 1539 liquido
1649 1478 1858 1523 constat
1899 1485 1962 1522 ex
2009 1469 2113 1523 Or-

540 1537 663 1591 dine
695 1539 932 1593 Romano
961 1541 1035 1610 (in
1062 1541 1280 1594 secundo
1311 1537 1490 1594 ordine
1515 1539 1886 1607 Processionis)
1914 1556 1928 1593 :
1953 1539 2113 1610 Cum-

535 1623 633 1676 que
663 1611 926 1677 episcopus
956 1609 1110 1663 Pater
1139 1621 1306 1664 noster
1332 1612 1541 1677 ﬁnierit,
1576 1613 1829 1677 accipiens
1851 1609 2117 1664 arehisub-

538 1679 784 1750 diaconus
821 1694 1060 1749 patenum
1099 1683 1162 1734 ab
1206 1681 1422 1750 Acolyto
1445 1724 1457 1740 ,
1488 1681 1670 1748 o/ferat
1700 1697 1811 1734 eam
1857 1681 2116 1733 archidia-

535 1764 683 1802 cono.
711 1749 736 1802 Ι
746 1751 811 1803 lle
830 1760 1018 1823 autem,
1043 1760 1095 1804 ut
1119 1749 1383 1823 episcopus
1407 1752 1528 1804 dicit
1555 1751 1630 1804 Da
1651 1752 1903 1821 propitius
1919 1767 2114 1823 pacem,

536 1829 773 1892 patenum
821 1821 900 1874 illi
939 1821 1349 1880 accommodans.
1390 1824 1655 1876 humerum
1701 1824 1810 1892 ejus
1839 1821 2117 1887 osculetur,

2211 548 2290 604 vel
2314 550 2603 614 Orationes,
2632 552 2709 604 vel
2737 548 2928 617 Missae,
2957 566 3071 619 qua:
3099 551 3324 618 probatae
3363 551 3550 618 fuerint
3579 553 3632 605 in
3671 569 3800 606 con-

2209 622 2352 687 cilio,
2378 622 2481 674 sive
2517 619 2872 690 Prtefationes,
2901 623 3003 674 sive
3021 621 3506 687 commendationes,
3534 623 3639 675 sive
3686 641 3802 676 ma-

2210 708 2374 746 nuum
2401 692 2747 759 impositiones
2775 692 2838 743 ab
2869 692 3102 745 omnibus
3145 692 3476 745 celebrentur.
3520 692 3628 748 Nec
3681 695 3802 749 istm

2211 763 2576 832 impositiones
2615 761 2682 816 ad
2723 761 3042 827 poenitentes
3087 771 3352 832 spectant,
3396 762 3592 832 quibus
3632 766 3801 820 etiam

2211 831 2620 902 imponebantur
2646 846 2835 886 manus
2873 832 3009 902 inter
3035 831 3313 887 Missarum
3346 831 3627 889 solemnia.
3660 836 3800 890 Cum

2210 901 2339 959 vero
2366 903 2454 958 bic
2477 911 2663 972 agatur
2688 903 2754 957 de
2786 901 3178 971 precationibus
3207 919 3326 973 qua:
3341 904 3407 958 ad
3437 905 3647 960 Missam
3674 922 3803 972 per-

2215 976 2406 1045 tinent,
2431 973 2500 1030 de
2529 989 2751 1043 quarum
2781 988 3003 1028 numero
3032 983 3156 1030 sunt
3187 973 3617 1043 Benedictiones,
3646 980 3800 1045 ejus-

2214 1044 2359 1099 modi
2393 1046 2758 1114 impositiones
2789 1060 3038 1098 manuum
3086 1045 3260 1114 potius
3298 1045 3630 1113 explicanda:
3671 1044 3802 1102 Sunt

2214 1116 2282 1170 de
2307 1115 2569 1186 ejusmodi
2596 1115 3068 1171 Benedictionibus
3093 1130 3253 1184 quam
3274 1115 3342 1170 de
3369 1117 3803 1185 impositionibus

2212 1201 2332 1254 quae
2360 1186 2492 1240 ﬁunt
2537 1201 2698 1254 super
2741 1187 3082 1256 poenitentes,
3133 1201 3250 1253 qua:
3301 1201 3405 1241 non
3451 1197 3576 1242 sunt
3620 1189 3800 1244 Missa:

2213 1268 2414 1326 partes,
2447 1258 2542 1312 sed
2587 1257 2718 1311 ﬁunt
2745 1255 2949 1310 tantum
2985 1255 3356 1324 paenitentiam
3387 1258 3590 1325 gratia;
3630 1260 3719 1326 qui
3751 1263 3800 1312 si

2216 1342 2323 1382 non
2353 1336 2552 1394 essent,
2585 1328 2846 1396 ejusmodi
2875 1327 3300 1395 impositionibus
3339 1342 3590 1382 manuum
3639 1329 3803 1383 mini-

2216 1413 2304 1453 me
2334 1413 2467 1470 opus
2493 1408 2654 1453 esset.
2691 1397 3174 1470 Ejusmodiautem
3202 1398 3599 1453 benedictiones
3629 1401 3804 1453 tribus

2216 1469 2462 1537 capitulis
2489 1477 2730 1523 constant
2755 1478 2811 1523 et
2840 1469 3215 1535 conclusione,
3249 1476 3308 1522 ut
3334 1470 3492 1523 docet
3533 1469 3803 1523 llonorius

2217 1539 2712 1607 Augustodunensis
2736 1541 2786 1593 in
2822 1537 3065 1594 Gemma.
3096 1538 3249 1606 Quod
3278 1539 3437 1593 etiam
3483 1539 3687 1594 clarum
3716 1550 3806 1594 est

2219 1624 2287 1664 ex
2314 1611 2557 1679 ipsismet
2578 1610 3073 1674 benedictionibus,
3103 1623 3234 1678 quas
3263 1609 3443 1664 videre
3479 1620 3564 1665 est
3605 1612 3660 1665 in
3701 1611 3806 1664 hoc

2218 1682 2387 1734 sancti
2419 1681 2576 1751 Eligii
2605 1681 2820 1743 Codice,
2857 1689 2913 1734 et
2951 1682 3002 1734 in
3031 1679 3330 1751 Codicibus
3370 1680 3582 1751 libum"
3630 1681 3802 1735 ltodr.

2220 1758 2274 1804 et
2301 1749 2691 1821 Ratol.,‘atque
2718 1752 2877 1806 etiam
2908 1749 3048 1819 apud
3091 1749 3399 1804 Pamelium.
3449 1749 3808 1806 Nihilominus

2222 1829 2401 1876 tamen
2432 1823 2486 1876 in
2514 1819 2648 1876 Cod.
2682 1821 2898 1876 Ratoldi
2925 1821 3166 1891 quaedam
3201 1835 3387 1892 paucae
3412 1831 3639 1891 quatuor
3658 1823 3809 1892 capi-

533 1871 803 1963 statimque
829 1892 1060 1963 episcopo
1084 1897 1277 1947 dicente
1319 1871 1421 1946 Der
1463 1895 1638 1946 omnia
1679 1871 1866 1946 sicula
1904 1871 2120 1946 sarculo:
2150 1871 2198 1931 Β
2225 1893 2458 1946 tutorum
2488 1893 2848 1961 reperiuntur.

535 1977 673 2023 rum,
699 1962 915 2031 accipiat
944 1962 1404 2018 Benedictioualem
1425 1965 1636 2025 librum,
1667 1973 1712 2016 et
1749 1979 2016 2016 conversus
2044 1963 2114 2015 ad

533 2033 783 2102 populum
810 2033 943 2086 dicat
975 2049 992 2087 :
1021 2033 1306 2090 Humiliate
1352 2052 1438 2089 vos
1483 2035 1550 2089 ad
1597 2033 2030 2101 Benedictionem,
2070 2043 2118 2087 et

534 2103 671 2178 clero
717 2107 1051 2178 rgpondertte
1097 2106 1225 2178 Deo_
1247 2108 1462 2178 gratias,
1508 2107 1738 2178 porrigat
1783 2106 2022 2175 episcopo
2054 2105 2118 2157 li-

537 2171 704 2228 brant.
738 2171 959 2245 Expleta
988 2185 1158 2231 autem
1187 2171 1574 2242 BEnedictione,
1617 2171 1822 2230 veniens
1860 2171 2119 2245 presbyter

535 2245 757 2314 accipiat
797 2244 1210 2300 Benedictionem
1252 2248 1314 2300 ab
1359 2249 1616 2314 episcopo.
1650 2247 1791 2299 Idem
1829 2244 2120 2299 videre’cst

537 2313 594 2366 in
627 2314 778 2368 Missa
812 2315 1054 2370 Pascliali
1081 2317 1290 2372 Codicis
1337 2313 1545 2371 itatoldi
1578 2333 1590 2368 :
1620 2314 1750 2369 Post
1802 2315 2120 2368 Dominicam

541 2383 835 2438 Orationem
861 2391 982 2438 dum
1013 2389 1239 2453 ﬁnierint
1261 2387 1443 2442 Libera
1471 2404 1564 2441 nos
1590 2404 1620 2440 a
1669 2385 1802 2440 malo
1821 2428 1836 2451 ,
1865 2395 2121 2440 annuente

539 2455 795 2525 episcopo,
842 2456 977 2509 dicat
1007 2459 1252 2513 diaconus
1289 2475 1308 2513 :
1343 2458 1626 2512 Humiliate
1667 2473 1752 2510 vos
1789 2458 1857 2510 ad
1903 2456 2121 2510 Benedi-

538 2526 776 2600 ctionem,
821 2537 896 2600 et‘
915 2529 1138 2594 populus
1168 2545 1304 2600 resp.
1345 2528 1452 2583 Deo
1495 2529 1706 2597 gratias.
1761 2527 1825 2580 Et
1849 2529 2120 2600 episcopus

537 2595 677 2648 dicat
706 2601 836 2649 lianc
857 2595 1265 2654 Benedictionem
1299 2613 1318 2654 :
1346 2595 1619 2654 Benedicat
1647 2615 1760 2662 cos,
1808 2595 1913 2652 etc.
1947 2595 2120 2650 Et'in-

539 2666 606 2739 de
631 2668 883 2734 accipiens
915 2681 1110 2738 partem
1133 2672 1360 2739 corporis
1389 2670 1618 2734 Domini,
1648 2670 1783 2722 dicat
1816 2684 1834 2722 :
1871 2667 1988 2722 Pax
2017 2668 2123 2721 Do-

539 2738 666 2812 mini
693 2739 758 2812 sit
778 2754 974 2812 semper
1002 2738 1277 2812 vobiscum.
1311 2742 1472 2812 296
1506 2739 1604 2795 Ubi
1635 2739 1941 2812 bmc‘verba
1959 2778 1976 2805 ,
1999 2739 2123 2812 dum

537 2806 765 2874 ﬁnierint
787 2808 971 2862 Libera
995 2827 1084 2864 nos
1102 2827 1134 2864 a
1156 2806 1464 2875 malm—non'
1465 2830 1474 2866 l
1485 2821 1532 2866 ta
1555 2809 1810 2864 sumenda
1830 2819 1956 2864 sunt
1975 2810 2124 2878 quasi

535 2879 760 2947 praecise
790 2880 879 2951 his,
901 2880 1060 2935 dictis
1092 2882 1370 2936 benedicat
1404 2884 1723 2951 cpiscopus,
1757 2883 1851 2935 sed
1892 2894 2013 2949 qua:
2041 2895 2127 2934 se-

538 2957 775 3018 quuntur
803 2949 1170 3022 subaudienda
1196 2963 1340 3016 sunt,
1372 2949 1542 3022 usque
1576 2949 1641 3005 ad
1669 2949 1786 3004 Pax
1815 2951 2026 3004 Domini
2057 2954 2124 3022 sit

533 3033 734 3090 semper
762 3023 1035 3075 vobiscum.
1076 3021 1154 3077 Ita
1183 3024 1343 3078 etiam
1385 3021 1779 3077 in’l’ontiﬁcali
1822 3036 1924 3074 ms.
1977 3021 2120 3074 Eccl.

535 3089 986 3160 Bottiomageusis
1012 3093 1162 3147 ferias
1188 3095 1221 3146 5
1249 3100 1298 3147 in
1328 3093 1494 3148 Cinna
1520 3092 1730 3146 Domini
1758 3108 1770 3144 :
1801 3091 1982 3144 Libera
2006 3107 2120 3157 nos,

536 3167 642 3214 etc.
667 3158 773 3214 Per
793 3158 965 3214 omnia
994 3167 1181 3217 scecula
1211 3167 1538 3217 sceculorum.
1574 3165 1756 3216 Amen.
1805 3161 1948 3215 Tunc
1987 3163 2125 3214 dicat

2297 1963 2392 2017 Est
2419 1965 2579 2018 etiam
2607 1963 2705 2016 alia
2726 1961 3050 2029 Benedictio,
3069 1976 3189 2032 quae
3215 1961 3368 2018 datur
3399 1962 3449 2016 in
3472 1962 3578 2018 ﬁne
3605 1961 3806 2026 Missae,

2219 2031 2287 2088 de
2307 2049 2409 2101 qua
2431 2034 2716 2089 concilium
2742 2035 3064 2103 Agatbense,
3090 2031 3210 2091 ean.
3240 2033 3303 2085 47
3337 2050 3351 2085 :
3383 2032 3572 2087 Missas
3599 2035 3678 2087 die
3698 2033 3809 2087 Do-

2219 2104 2408 2157 minico
2452 2123 2484 2158 a
2510 2105 2834 2160 swcularibus
2883 2115 3009 2175 totas
3052 2105 3208 2157 teneri
3233 2105 3439 2175 speciali
3484 2105 3811 2158 ordinatione

2221 2176 2569 2243 praecipimus,
2601 2177 2674 2229 ita
2701 2185 2754 2228 ut
2781 2183 2901 2229 ante
2917 2174 3321 2229 Benedictionem
3336 2176 3609 2229 sacerdotis
3640 2192 3809 2244 popu-

2219 2245 2303 2299 lus
2336 2247 2506 2316 egredi
2530 2263 2630 2299 non
2651 2255 2948 2315 prazsumat.
2971 2244 3116 2316 Nam;
3142 2246 3186 2298 si
3219 2246 3333 2299 lucc
3372 2244 3676 2300 Benedictio
3703 2261 3811 2299 non

2221 2313 2504 2371 daretnrin
2520 2317 2623 2370 ﬁne
2635 2313 2828 2380 Missae,
2849 2318 2939 2371 sed
2954 2325 3075 2370 ante
3086 2313 3639 2382 Communionem,illa
3661 2316 3809 2383 data,

2217 2387 2448 2454 populus
2499 2386 2778 2454 egrediens
2839 2402 2945 2440 non
3005 2386 3292 2441 interesset
3347 2386 3567 2454 integra:
3614 2387 3811 2454 Μίδεω,

2223 2459 2344 2525 quia
2377 2466 2498 2511 ante
2524 2455 2964 2511 Communionem
2995 2457 3326 2520 discederet;
3353 2465 3408 2512 et
3448 2456 3519 2510 ita
3549 2458 3814 2526 capienda

2223 2537 2348 2581 sunt
2377 2530 2539 2581 verba
2570 2529 2738 2599 sancti
2769 2527 3337 2599 CaesariiArelatensis
3358 2569 3374 2594 ,
3403 2530 3558 2599 297
3608 2528 3700 2599 qui
3730 2528 3816 2581 di-

2223 2599 2568 2670 ctorconcilio
2595 2598 2825 2670 praefuit,
2856 2597 3042 2670 homil.
3078 2598 3145 2652 12
3179 2615 3192 2652 :
3227 2597 3356 2670 Ideo
3382 2597 3599 2668 quivult
3623 2597 3816 2652 Missas

2224 2669 2293 2740 a_d
2321 2669 2573 2740 integrum
2599 2669 2712 2722 cum
2742 2669 2887 2723 lucro
2912 2669 3222 2740 animce_sua:
3250 2669 3519 2732 celebrare,
3551 2685 3812 2739 usquequo

2228 2737 2722 2810 Oratio—Dominica
2746 2741 2976 2804 dicatur,
3007 2749 3052 2792 et
3083 2737 3375 2794 Benedictio
3405 2740 3595 2810 populo
3625 2737 3812 2810 detur,

2226 2807 2496 2882 humiliato
2523 2827 2734 2882 corpore
2757 2821 2811 2882 et
2839 2819 3142 2882 compuncto
3175 2812 3326 2882 corde
3356 2807 3498 2864 debet
3522 2828 3592 2882 ise
3620 2810 3675 2882 in
3711 2809 3818 2864 Ec-

2227 2881 2384 2950 clesia
2423 2881 2698 2936 continere.
2752 2881 3038 2936 Walfridus
3084 2881 3298 2946 Strabo,
3348 2895 3467 2950 cap.
3512 2881 3586 2934 22
3620 2881 3714 2934 lib.
3747 2882 3817 2937 de

2229 2949 2408 3005 Rebus
2438 2952 2852 3018 ecclesiasticis,
2896 2953 3068 3006 locum
3111 2951 3344 3017 concilii,
3386 2949 3525 3021 quod
3571 2952 3817 3007 Aurelia-

2230 3035 2400 3076 nense
2424 3025 2665 3077 nominat
2687 3037 2784 3093 pro
2803 3021 3116 3093 Agathensi,
3143 3023 3375 3092 explicat
3419 3024 3485 3076 de
3513 3023 3700 3077 ultima
3729 3037 3818 3076 sa—

2229 3093 2465 3163 cerdotis
2515 3093 2799 3160 Oratione,
2845 3108 3003 3163 quam
3059 3108 3219 3162 supra
3271 3093 3503 3147 diximus
3559 3093 3818 3161 appellari

2227 3162 2538 3219 Orationem
2572 3166 2637 3218 ad
2681 3162 3066 3234 Complendum
3099 3183 3112 3220 :
3145 3163 3410 3219 Statutum
3459 3172 3531 3217 est
3579 3164 3815 3218 Aurelia-

539 3230 785 3285 diaconus
810 3247 831 3286 :
863 3231 1148 3307 llumiliate
1191 3250 1301 3307 vos
1321 3237 1388 3287 ad
1423 3232 1856 3307 Benedictionem.
1905 3232 1974 3285 Et
2018 3233 2124 3307 epi-
2151 3250 2197 3307 η
2228 3235 2375 3287 nensi
2403 3235 2616 3307 concilio
2639 3246 2693 3288 ut
2712 3230 2937 3307 populus
2975 3245 3093 3288 ante
3116 3234 3511 3307 benedictionem
3538 3235 3816 3307 sacerdotis

538 3316 722 3373 scopas
761 3317 933 3356 versus
978 3305 1223 3373 populum
1249 3304 1384 3357 dicat
1413 3321 1429 3357 :
1462 3303 1739 3357 Benedicat
1782 3317 1866 3356 vos
1896 3304 2126 3372 omnipo-

540 3379 650 3426 tens
682 3370 956 3438 Dominus,
979 3370 1098 3428 etc.
1130 3375 1274 3428 Idem
1305 3378 1505 3429 clarum
1527 3384 1609 3429 est
1638 3390 1702 3428 ex
1729 3375 1884 3427 Missa
1907 3375 1974 3428 ab
2003 3370 2124 3443 Illy—

539 3443 653 3516 rico
684 3444 820 3497 cdita
848 3461 861 3498 :
894 3445 1016 3497 Non
1043 3445 1208 3516 mittat
1259 3447 1522 3516 episcopus
1571 3447 1623 3498 in
1681 3444 1887 3498 calicem
1933 3453 2126 3514 partem

548 3514 752 3586 oblatio,
787 3523 842 3586 ut
869 3515 1145 3585 presbyteri
1167 3516 1329 3570 solent
1346 3533 1362 3572 :
1391 3514 1479 3570 sed
1501 3525 1768 3586 exspectet,
1801 3518 1960 3568 donec
1979 3516 2127 3582 ﬁnita

537 3580 897 3657 Benedictione
935 3580 1202 3657 episcOpus
1249 3580 1625 3641 communicare
1669 3587 1880 3649 debeat;
1920 3580 2128 3639 ettunc

539 3655 1015 3729 accipienspartem
1045 3673 1199 3726 quam
1225 3666 1378 3712 antea
1408 3660 1649 3729 fregerat,
1682 3668 1951 3724 teneasque
1975 3672 2129 3729 super

537 3725 768 3793 calicem,
793 3725 1067 3783 immittens
1088 3729 1262 3782 dicens
1284 3744 1304 3783 :
1334 3725 1504 3784 Sacri'
1523 3729 1790 3798 sanguinis
1816 3728 2122 3794 commistio,

539 3805 647 3852 etc.

567 3912 572 3916 .
614 3870 682 3923 At
724 3867 777 3922 in
831 3868 1086 3938 Hispania
1138 3870 1366 3926 dabatur
1411 3871 1526 3927 lure
1574 3867 1880 3926 Benedictio
1923 3878 2126 3924 tantum

539 3948 663 4008 post
689 3942 1120 4012 commistionem
1149 3944 1391 4012 corporis
1413 3953 1466 3998 et
1493 3943 1796 4010 sanguinis,
1831 3949 1888 3994 ut
1913 3942 2127 4012 planum

539 4020 623 4083 est
650 4011 904 4083 ex_Missa
935 4013 1219 4067 Mozaraba
1249 4010 1265 4069 ἐ
1296 4013 1478 4067 Libera
1507 4029 1624 4083 nos,
1659 4010 2130 4083 qtttt’sumus,‘Do-

537 4082 693 4134 mine.
718 4079 787 4134 Et
817 4084 1075 4138 tundendo
1105 4093 1278 4152 pectus
1307 4085 1469 4138 dicit:
1496 4079 1909 4147 Pone,’Domine
1928 4121 1944 4146 ,
1974 4081 2128 4145 ﬁnem

539 4153 782 4218 peccatis.
809 4153 918 4216 Qua
938 4155 1116 4225 ﬁnita,
1142 4167 1402 4224 acceptam
1433 4156 1758 4225 particulam,
1799 4168 1913 4221 qua:
1943 4153 2131 4204 dicitur

539 4234 773 4296 regnum,
797 4225 1063 4296 praemissa
1089 4223 1351 4291 Oratione,
1384 4223 1527 4296 ponit
1557 4241 1708 4293 super
1738 4225 2130 4296 calicem_;_moa:

542 4290 722 4344 addita
753 4291 859 4345 alia
883 4294 1109 4349 immittit
1136 4297 1190 4348 in
1216 4290 1394 4351 illum:
1433 4295 1559 4351 Post
1599 4290 1708 4350 litec
1737 4294 1858 4348 dicit
1894 4309 1912 4346 :
1943 4292 1994 4346 Η
2003 4295 2132 4347 umi-

543 4361 666 4438 liate
691 4378 802 4438 pos
852 4361 1248 4438 Benedictioni;
1271 4375 1317 4420 et
1363 4370 1509 4420 certis
1536 4365 1852 4438 quibusdam
1875 4365 2131 4438 formulis

541 4432 788 4487 benedicit
822 4439 1035 4504 populo.
1067 4436 1217 4501 Quod
1248 4438 1500 4491 statuitur
1531 4432 1584 4490 in
1619 4436 1848 4490 concilio
1874 4432 2132 4491 'l‘oletano

541 4518 617 4576 tv,
647 4518 766 4558 can.
805 4505 890 4558 17.
922 4505 1028 4560 Sed
1058 4517 1170 4576 post
1208 4505 1504 4560 Orationem
1541 4506 1868 4560 Dominicam
1912 4515 1957 4558 et
2003 4523 2130 4560 con-

535 4575 853 4646 junctionem
891 4575 1122 4646 panis’et
1169 4578 1380 4645 calicis,
1434 4576 1725 4632 Benedictio
1775 4578 1831 4630 in
1884 4580 2132 4646 pupulum

543 4656 809 4714 sequatur.

569 4785 582 4797 .
616 4717 807 4773 Fiebat
837 4725 1012 4774 autem
1044 4720 1158 4776 haec
1177 4718 1486 4776 Benedictio
1504 4732 1598 4797 per
1623 4732 1875 4797 manuum
1909 4718 2132 4797 imposi-

544 4790 769 4861 tionem,
803 4797 861 4844 ut
885 4802 1070 4846 notum
1091 4802 1257 4846 estex
1286 4798 1472 4845 sancto
1496 4791 1814 4861 Augustino,
1859 4792 2014 4861 epist.
2041 4790 2132 4858 59,

544 4859 612 4912 ad
644 4857 948 4932 Pauiinum,
980 4879 1032 4932 q.
1067 4861 1140 4916 5:
1172 4857 1622 4931 Interpellatione's
1671 4869 1860 4925 autem,
1891 4857 2033 4927 sive,
2076 4857 2133 4916 ut

545 4929 948 5003 nostriCodices
971 4929 1175 4999 habent,
1208 4929 1596 5003 postulationes,
1620 4933 1747 4999 fiunt
1770 4948 1885 4985 cum
1906 4933 2132 5001 populus

547 4999 878 5056 benedicitur.
911 5002 1058 5057 Tunc
1087 4999 1220 5058 enim
1242 5005 1493 5059 antistites
1531 5004 1664 5058 velut
1706 4999 1936 5057 advocati
1961 4999 2134 5058 susce-

546 5080 660 5142 ptos
687 5087 806 5126 suos
839 5090 927 5142 per
956 5091 1197 5128 manuum
1225 5077 1601 5142 impositionem
1641 5076 2133 5130 misericordissima:

548 5139 771 5205 alierum
794 5139 1062 5212 potestati;
1088 5149 1264 5216 quibus
1301 5139 1529 5216 peractis
1565 5156 1616 5201 et
1646 5147 1949 5216 participato
1992 5156 2134 5199 tanto

547 5224 889 5286 sacramento,
922 5219 1203 5286 gratiarum
1228 5219 1373 5272 Actio
1403 5228 1585 5272 cuncta
1609 5216 1885 5270 concludit.
1920 5218 1985 5271 Et
2005 5232 2135 5273 sane

548 5282 674 5357 olim
709 5282 1016 5341 Benedictio
1046 5289 1268 5342 dabatur
1297 5304 1390 5357 per
1427 5305 1680 5343 manuum
1711 5288 2133 5355 impositionem.

548 5355 774 5426 tﬁanctus
814 5359 1152 5423 Ambrosius,
1195 5355 1310 5412 lib.’
1341 5375 1355 5413 ι
1391 5359 1457 5413 de
1505 5359 1856 5422 Paenitentia,
1897 5374 2017 5426 cap.
2063 5360 2134 5412 7:

551 5424 657 5499 Cur
683 5443 804 5499 ergo
834 5445 1014 5482 manus
1043 5430 1327 5499 imponitis,
1351 5440 1397 5482 et
1426 5428 1805 5483 Benedictionis
1833 5424 2140 5496 opus‘credi-

551 5497 635 5569 tis.
659 5497 823 5569 _Hinc
869 5497 1157 5568 capiendus
1202 5511 1284 5555 est
1315 5497 1546 5554 sanctus
1577 5501 1950 5569 Hieronymus,
1975 5504 2134 5569 epist.

551 5567 618 5620 ad
653 5567 995 5625 Eustochium
1027 5589 1039 5624 :
1071 5570 1293 5625 Extenta
1315 5587 1489 5634 manu,
1518 5580 1569 5623 ut
1601 5567 1889 5642 benedicere
1917 5567 2140 5642 eos'pu-

553 5645 646 5713 tes,
671 5643 713 5691 si
746 5644 963 5710 nescias,
992 5645 1158 5711 pretia
1179 5643 1437 5713 accipiunt
1465 5641 1748 5713 salutandi.
1784 5642 1895 5696 Etsi
1931 5641 2138 5696 nonin-

553 5709 701 5783 ticier
729 5715 853 5766 olim
879 5709 1134 5768 usitatum
1166 5709 1331 5768 fuisse
1349 5713 1556 5783 signum
1593 5712 1770 5766 crucis
1804 5713 1872 5767 ad
1919 5713 2140 5768 benedi-

559 5781 809 5835 cendum.
840 5783 974 5839 Hinc
1002 5786 1059 5839 ﬁt
1087 5794 1146 5840 ut
1172 5787 1224 5840 i‘n
1255 5781 1417 5839 conc.
1452 5783 1756 5840 Milevitano
1795 5799 1864 5849 ιι,
1893 5798 2015 5839 can.
2048 5785 2135 5852 12,

559 5862 975 5911 memoratarum
1013 5856 1448 5914 Benedictionum
1482 5855 1723 5914 formula:
1751 5869 2003 5912 manuum
2035 5857 2138 5912 im-

2228 3321 2331 3377 non
2369 3306 2662 3377 egrediatur
2706 3308 2769 3359 de
2816 3306 2998 3377 Missa.
3033 3308 3162 3377 Quae
3204 3306 3486 3360 benedictio
3513 3306 3814 3377 intelligitur

2228 3376 2322 3428 illa
2369 3376 2547 3429 ultima
2594 3379 2870 3432 sacerdotis
2902 3375 3103 3442 Oratio,
3132 3376 3199 3430 de
3236 3391 3341 3444 qua
3376 3376 3629 3430 nimirum
3659 3375 3814 3441 supra

2226 3445 2441 3500 locutus
2468 3455 2571 3511 est,
2607 3448 2794 3503 eodem
2827 3464 2943 3516 cap.
2979 3447 3296 3509 Amalarius,
3330 3447 3424 3501 lib.
3470 3461 3528 3500 tn
3574 3446 3644 3500 de
3689 3446 3816 3502 Olli-

2228 3516 2329 3587 ciis
2358 3517 2515 3581 eccl.,
2537 3531 2654 3585 cap.
2692 3519 2780 3582 56,
2813 3520 2918 3587 agit
2949 3517 3013 3570 de
3057 3517 3156 3571 hac
3199 3517 3391 3587 ultima
3414 3517 3810 3582 Bcnedictionc,

2229 3586 2324 3640 sed
2353 3588 2544 3654 quibus
2564 3589 2740 3644 verbis
2768 3586 2864 3642 ﬁat
2885 3604 2990 3642 non
3016 3587 3253 3642 declarat
3285 3604 3298 3644 :
3339 3586 3496 3641 Hunc
3522 3603 3719 3641 morem
3748 3598 3815 3642 te-

2229 3665 2318 3730 net
2357 3660 2617 3730 sacerdos,
2661 3669 2714 3712 ut
2743 3669 2856 3730 post
2902 3658 3073 3730 omnia
3103 3669 3419 3730 sacramenta
3467 3669 3818 3730 consummata

2231 3726 2493 3800 benedicat
2525 3726 2753 3798 populo,
2778 3740 2927 3800 atque
2972 3728 3180 3800 salutet.
3216 3728 3424 3800 Deinde
3456 3729 3730 3781 revertitur
3755 3729 3818 3782 ad

2235 3797 2494 3852 Orientem
2518 3797 2571 3852 ut
2591 3816 2646 3852 se
2669 3797 2982 3853 commendet
3014 3798 3224 3853 Domini
3252 3799 3570 3863 Ascensioni,
3597 3800 3818 3868 dicitque

2233 3869 2516 3924 diaconus:
2549 3869 2631 3923 Ite
2661 3869 2824 3924 Missa
2856 3881 2948 3925 est.
2980 3869 3251 3934 Rabanus,
3300 3870 3391 3923 lib.
3433 3885 3450 3925 1
3491 3870 3557 3924 de
3605 3871 3821 3924 Institu-

2232 3940 2381 3993 tione
2402 3942 2740 4008 clericorum,
2769 3956 2888 4012 cap.
2922 3939 2989 3997 55
3016 3959 3028 3994 :
3059 3940 3198 4012 Post
3227 3941 3647 4012 Communionem
3677 3957 3814 4011 ergo,

2231 4018 2281 4062 et
2308 4021 2418 4083 post
2441 4014 2664 4083 ejusdem
2690 4009 2910 4083 nominis
2930 4011 3216 4076 canticum,
3249 4012 3368 4083 data
3396 4009 3760 4065 Benedictione
3785 4027 3822 4083 7a

2231 4081 2496 4135 sacerdote
2541 4082 2610 4134 ad
2639 4082 2854 4152 plebem,
2905 4085 3153 4136 diaconus
3202 4082 3448 4150 prwdicat
3480 4083 3658 4136 Missa:
3703 4082 3825 4150 ofﬁ-

2233 4152 2370 4204 cium
2407 4168 2514 4206 esse
2547 4163 2836 4222 peractum,
2869 4154 2996 4207 dans
3025 4154 3280 4206 licentiam
3309 4153 3550 4206 abeundi.
3584 4153 3667 4207 Ex
3711 4153 3824 4220 qui-

2232 4222 2332 4292 bus
2363 4223 2562 4288 verbis,
2588 4224 2632 4277 si
2661 4226 2919 4278 attentius
2948 4225 3333 4292 expenduntur,
3367 4223 3566 4292 liquido
3595 4233 3813 4277 consta-

2233 4291 2312 4346 bit
2363 4292 2638 4347 Rabanum
2687 4309 2806 4349 esse
2853 4297 2904 4348 in
2950 4291 3136 4350 eadem
3180 4307 3360 4348 mente
3387 4291 3506 4348 cum
3539 4293 3818 4347 Wallrido.

2233 4362 2365 4418 Nam
2412 4368 2678 4420 canticum
2727 4365 2962 4434 ejusdem
3013 4365 3246 4419 nominis
3287 4380 3406 4419 cum
3435 4364 3822 4419 Communioue

2234 4436 2366 4488 nihil
2395 4437 2538 4491 aliud
2585 4445 2668 4490 est
2696 4451 2854 4505 quam
2893 4438 2980 4491 illa
3025 4436 3329 4505 Antiphona
3368 4449 3465 4490 seu
3515 4436 3826 4504 Responso-

2233 4506 2371 4560 rium
2413 4507 2554 4576 quod
2602 4507 2798 4560 dicitur
2829 4507 3151 4560 Communio.
3194 4505 3326 4576 Cum
3365 4515 3543 4560 autem
3574 4505 3826 4559 Babanus

2239 4574 2480 4643 proxime
2525 4577 2774 4646 subjiciat
2823 4577 3264 4632 Benedictionem
3315 4574 3437 4629 huic
3481 4577 3824 4645 Antiphonw,

2158 4627 2214 4690 D
2240 4627 2477 4702 esset
2501 4627 3831 4718 d‘siii'ts“sui‘n"'sa“essentesset;“nisinisi;

2238 4719 2477 4771 ultimam
2509 4719 2817 4772 Orationem
2847 4721 2915 4773 ad
2941 4719 3325 4788 Complendum
3359 4719 3666 4786 vocitatam,
3708 4732 3830 4786 qua:

2236 4799 2288 4842 et
2324 4797 2562 4859 tempore
2613 4790 2752 4843 illius
2801 4790 2852 4842 in
2895 4804 2994 4844 usu
3026 4799 3163 4857 erat,
3202 4798 3256 4843 et
3310 4790 3552 4859 sequitur
3571 4790 3831 4858 proxime

2212 4858 2600 4928 ~Antipbonam
2631 4874 2728 4914 seu
2759 4860 3180 4929 Responsorium
3216 4861 3356 4929 quod
3393 4858 3716 4914 Communia
3751 4859 3832 4912 di-

2238 4931 2398 4984 citur.
2433 4931 2788 4985 Nihilominus
2844 4942 3046 4995 tamen,
3105 4933 3208 4985 etsi
3254 4931 3306 4985 in
3353 4931 3585 4999 antiquis
3627 4931 3835 4984 nostris

2240 5000 2413 5055 Missis
2444 5009 2498 5055 et
2523 5003 2808 5056 Codicibus
2840 5002 3036 5057 nostris
3085 5015 3215 5056 mss.
3261 5002 3404 5056 nulla
3450 5001 3752 5069 reperiatur
3781 5001 3835 5054 in

2242 5072 2347 5124 ﬁne
2399 5071 2575 5125 Missa:
2643 5073 2973 5138 Benedictio,
3039 5073 3291 5128 existimo
3341 5080 3515 5126 tamen
3561 5085 3834 5125 canonem

2242 5142 2455 5196 concilii
2475 5142 2794 5213 Agathensis
2817 5144 3218 5213 intelligendum
3248 5158 3368 5199 esse
3390 5144 3456 5196 de
3483 5142 3836 5198 Benedictio-

2243 5227 2313 5267 ne
2341 5228 2459 5281 qua:
2489 5216 2706 5267 daretur
2730 5214 2782 5267 in
2816 5215 2919 5268 line
2949 5216 3149 5280 Missae,
3171 5215 3418 5268 distincta
3460 5214 3528 5266 ab
3574 5215 3842 5267 Oratione

2242 5284 2308 5336 ad
2337 5284 2746 5352 Complendum.
2783 5284 2912 5338 Nam
2935 5301 3055 5340 cum
3081 5289 3130 5338 in
3157 5287 3347 5340 eodem
3375 5283 3602 5338 concilio
3648 5284 3845 5352 prohi-

2241 5353 2434 5426 beatur
2459 5357 2772 5426 presbytero
2797 5356 3227 5412 Benedictionem
3260 5357 3565 5424 impertire,
3607 5369 3717 5426 no_n
3754 5364 3845 5426 est

2242 5425 2436 5480 rationi
2463 5424 2882 5482 consentaneum
2911 5442 3034 5482 eum
3083 5442 3268 5481 arcere
3313 5429 3378 5481 ab
3420 5426 3624 5496 ultimm
3654 5424 3849 5480 Colle-

2243 5504 2342 5550 cla:
2372 5499 2714 5567 recitatione,
2757 5513 2876 5568 quae
2909 5497 3060 5570 juxta
3093 5507 3333 5552 sanctum
3367 5498 3720 5568 Augustinum
3757 5504 3853 5570 est

2239 5570 2528 5636 gratiarum
2559 5570 2733 5637 Actio,
2758 5585 2877 5640 quae
2907 5568 3034 5624 Sane
3083 5584 3187 5623 non
3230 5577 3311 5624 est
3353 5568 3847 5640 praetermittenda,

2241 5640 2360 5711 sive
2399 5653 2430 5692 a
2481 5639 2820 5711 presbytero,
2869 5642 2980 5695 sive
3028 5641 3096 5694 ab
3143 5639 3415 5710 episcopo.
3448 5640 3554 5694 Sed
3581 5639 3850 5711 existimo

2242 5709 2408 5764 fuisse
2463 5709 2731 5765 diversum
2779 5711 3033 5768 Ecclesiae
3081 5709 3237 5766 usum
3267 5709 3408 5767 circa
3438 5711 3575 5764 banc
3597 5709 3852 5764 Benedi-

2241 5781 2472 5854 ctionem
2504 5780 2690 5854 inﬁde
2719 5781 2912 5848 Missae,
2942 5797 3081 5854 quia,
3112 5793 3170 5838 ut
3211 5783 3340 5844 dixi.
3376 5797 3480 5854 non
3521 5779 3852 5854 habetur_in

2243 5852 2476 5924 antiquis
2505 5851 2678 5910 Missis
2701 5867 2733 5909 a
2759 5856 2912 5911 nobis
2941 5848 3237 5927 productis,
3267 5865 3368 5910 nec
3405 5853 3459 5909 in
3502 5853 3704 5908 nostris
3735 5848 3856 5909 Co-
