4042 6350
248 391 362 453 289

257 508 641 584 dicibtts_mss_._
665 517 843 584 neque
866 508 920 584 in
952 508 1445 584 Ordinibus__hliss:e
1492 519 1522 558 a
1557 508 1695 584 “Melo

257 579 529 649 Hittorpio
555 574 880 649 editis.78ed
898 578 950 631 in
974 577 1083 632 illis
1105 577 1373 649 omnibus,
1408 584 1527 649 post
1553 574 1858 649 Orationem

254 654 324 707 ad
356 644 773 719 Complendum,
804 648 1058 702 diaconus
1086 646 1303 702 dimittit
1334 644 1584 719 populum
1630 644 1861 719 dicendo

256 723 342 777 Ite
364 716 530 777 Missa
560 730 655 786 est,
689 719 1143 789 quemadmodum
1188 728 1271 773 est
1304 720 1356 773 in
1398 717 1596 773 Ordine
1631 716 1860 789 Proces-

255 796 450 857 sionis,
481 787 1014 862 quando'episcopus
1048 789 1579 862 Missamﬁceleibrare
1629 787 1863 862 voluerit

254 866 473 920 lestivis
500 858 711 923 diebus,
743 876 864 930 qum
886 871 1058 915 exstat
1087 862 1138 914 in
1170 860 1367 915 Codice
1392 860 1621 923 Tiliano,
1647 858 1756 913 ‘ubi
1784 858 1862 912 sic

257 936 534 991 habetur:
570 931 799 1003 Cumque
828 932 1097 1003 episcopus
1128 931 1406 1003 Collectam
1438 930 1648 1000 ﬁnierit,
1674 938 1721 1003 et
1751 930 1863 983 dia-

259 1023 423 1059 carius
455 1004 537 1057 lte
568 1002 731 1057 Missa
755 1012 850 1069 est,
882 1012 925 1054 et
952 1006 1118 1057 clerus
1151 1002 1257 1056 Deo
1298 1005 1492 1073 gratias
1516 1002 1727 1067 dixerit,
1760 1004 1863 1054 duo

258 1076 471 1129 diaconi
510 1075 820 1143 accipientes
868 1090 1080 1127 manum
1110 1075 1355 1141 episcopi,
1407 1084 1538 1137 etc.,
1566 1089 1680 1125 cum
1725 1073 1864 1125 omni

262 1147 593 1218 processione
629 1146 696 1224 ad
734 1146 1023 1224 sacrarium
1066 1147 1335 1224 reducaiit.
1386 1147 1452 1224 At
1484 1144 1864 1224 apudAmaIa-

260 1213 402 1273 rium
434 1232 598 1282 supra
627 1216 847 1271 citatum
877 1213 1087 1270 videtur
1118 1215 1232 1271 haec
1255 1216 1564 1270 Benedictio
1598 1215 1779 1269 ultima
1810 1215 1861 1268 in

262 1292 373 1344 line
405 1287 606 1352 Missa,
629 1299 682 1341 et
711 1286 763 1341 in
794 1285 980 1340 ordine
1008 1287 1186 1341 Missae
1224 1301 1253 1339 a
1301 1297 1488 1340 sancto
1520 1285 1677 1340 Petro
1709 1286 1866 1339 insti-

264 1370 381 1414 tuto
421 1374 546 1413 cum
589 1371 685 1411 sua
734 1356 1099 1426 expositione,
1144 1358 1197 1411 in
1249 1358 1445 1412 Codice
1497 1356 1707 1410 Titiano
1742 1373 1755 1409 :
1788 1355 1866 1409 De

264 1448 419 1484 mane
448 1439 656 1482 orantes
685 1436 891 1481 cantant
935 1427 1474 1482 Postcommunionem
1517 1437 1775 1492 cantores,
1809 1435 1866 1480 ut

268 1499 543 1556 ostendant
568 1499 837 1569 Christum
852 1500 905 1569 in
932 1499 1121 1569 populo
1158 1514 1373 1565 corpore
1396 1508 1442 1553 et
1471 1500 1721 1569 sanguine
1747 1514 1865 1551 cor-

264 1574 507 1627 roborata
532 1585 763 1624 manere.
795 1567 863 1623 Et
887 1567 1008 1640 hinc
1031 1587 1062 1620 a
1092 1570 1382 1640 presbytero
1404 1567 1695 1636 postulatur
1721 1580 1869 1624 teter-

267 1661 339 1697 na
369 1641 689 1705 Benedictio,
709 1641 832 1711 quia
869 1638 1103 1694 Christus
1142 1638 1320 1693 coram
1348 1640 1617 1710 discipulis
1648 1641 1867 1695 mandu-

271 1731 401 1766 cans
427 1724 472 1765 et
492 1714 663 1766 bibens
685 1728 801 1764 cum
829 1712 1129 1765 surrexisset
1175 1731 1204 1763 (ι
1250 1713 1461 1765 mortuis
1480 1752 1495 1777 ,
1525 1712 1767 1781 reliquias
1794 1713 1867 1766 eis

272 1786 452 1847 dedit,
483 1784 785 1853 elevatisque
805 1782 1034 1835 manibus
1062 1784 1187 1853 ipsis
1219 1783 1494 1837 benedixit.
1520 1782 1644 1837 Htec
1673 1785 1866 1837 citatus

269 1854 413 1909 ordo
440 1854 572 1909 Cod.
600 1852 812 1919 Tiliani,
858 1854 910 1907 in
959 1869 1063 1921 quo
1092 1868 1196 1908 non
1229 1854 1454 1909 habetur
1472 1855 1619 1922 prior
1648 1854 1867 1908 Benedi-

270 1926 405 1987 ctio,
434 1942 551 1994 qum
575 1926 730 1978 datur
757 1934 883 1978 ante
908 1922 1371 1980 Communionem.
1419 1925 1512 1979 llla
1542 1933 1720 1978 autem
1766 1925 1865 1979 Be-

275 1997 515 2051 nedictio
544 1998 594 2049 in
630 1996 732 2049 line
761 1994 936 2049 Missa)
974 1996 1232 2060 dabatur,
1281 2006 1562 2064 antequam
1608 1996 1866 2050 diaconus

270 2068 485 2121 diceret
517 2067 592 2119 lle
618 2065 781 2119 Missa
801 2075 897 2127 est,
930 2074 988 2119 ut
1015 2068 1214 2120 clarum
1248 2075 1333 2121 est
1374 2082 1439 2122 ex
1484 2076 1710 2120 tractatu
1761 2083 1862 2122 ms.

271 2152 448 2205 super
478 2138 685 2191 Missam
712 2137 1047 2190 bibliothecae
1082 2137 1457 2192 Corbeiensis:
1492 2136 1691 2191 Deinde
1734 2137 1867 2191 Ora-

275 2210 454 2262 tiones
493 2226 523 2259 a
549 2208 797 2261 sacerdote
831 2222 991 2261 sacrae
1033 2205 1414 2262 Communionis
1445 2219 1783 2277 peraguntur,
1818 2218 1867 2262 et

273 2277 585 2332 Benedictio
611 2294 755 2347 super
779 2278 1048 2350 populum,
1085 2286 1139 2350 ut
1182 2295 1213 2331 a
1254 2280 1397 2332 nobis
1442 2279 1591 2346 digne
1631 2289 1868 2350 percepta

273 2350 493 2402 stabiles
524 2351 576 2401 in
599 2351 698 2417 ﬁde
728 2349 988 2403 etmundo
1015 2349 1167 2402 corde
1192 2365 1511 2416 maneamus,
1535 2360 1581 2404 et
1609 2366 1701 2404 nos
1728 2352 1869 2404 salu-

275 2429 383 2473 tem
412 2421 705 2473 animarum
724 2430 770 2473 ct
793 2436 1063 2489 corporum
1082 2420 1267 2473 habere
1308 2422 1591 2475 credamus.
1630 2419 1732 2475 Per
1758 2421 1868 2475 Do-

277 2494 479 2544 minum
506 2502 737 2545 nostrum
773 2491 950 2544 Jesum
992 2491 1271 2558 Christum,
1303 2493 1390 2562 qui
1431 2508 1544 2546 cum
1568 2491 1727 2545 Patre
1755 2494 1869 2547 vivit

277 2570 328 2614 et
357 2572 536 2633 regnat
562 2562 700 2615 Deus
722 2579 822 2616 una
852 2578 966 2615 cum
984 2562 1183 2631 Spiritu
1212 2573 1388 2617 sancto
1414 2564 1465 2615 in
1495 2567 1681 2618 saecula
1711 2581 1871 2619 sa’cu-

278 2635 475 2685 lorum.
503 2634 685 2705 Amen.
722 2633 915 2705 Deinde
938 2649 973 2688 α
1001 2634 1220 2705 diacono
1249 2635 1439 2701 papula
1482 2636 1869 2705 pronuntiatur,

280 2705 501 2775 dicendo
523 2722 543 2757 :
560 2702 640 2775 Ite
653 2705 814 2775 298
832 2703 993 2775 Missa
1018 2714 1110 2758 est.
1139 2704 1281 2759 Idem
1295 2702 1510 2774 pateteit
1526 2706 1718 2775 glossis
1739 2720 1869 2761 mss.

284 2775 338 2847 in
362 2774 613 2847 Ordinem
628 2774 928 2829 Romanum
944 2774 1281 2847 bibliotheca:
1297 2774 1871 2847 ThuanaeEEpiscopus

278 2846 407 2919 data
434 2844 795 2919 Denedictipne
810 2847 1082 2919 revertitur
1100 2846 1168 2919 ad
1191 2848 1422 2919 prapria,
1465 2844 1641 2918 postea
1663 2844 1871 2902 annun-

280 2918 377 2987 tiat
402 2916 660 2987 diaconus
688 2916 714 2970 Ι
725 2928 772 2971 te
795 2916 959 2971 Missa
985 2925 1076 2971 est.
1105 2916 1437 2987 Supradicta:
1466 2916 1660 2972 autem
1696 2921 1873 2974 Bene-

279 2986 550 3057 dictiones
599 2987 930 3057 episcopales
982 3003 1099 3056 quae
1152 3000 1276 3043 ante
1306 2989 1743 3046 Communionem
1774 2990 1872 3045 da-

280 3056 483 3111 bantur
510 3056 645 3113 sunt’
667 3059 841 3113 adhuc
876 3060 929 3113 in
960 3074 1055 3113 usu
1084 3059 1137 3112 in
1168 3060 1482 3128 quibusdam
1512 3060 1785 3127 Ecclesiis,
1818 3070 1871 3116 et

282 3138 502 3183 exstant
532 3145 599 3183 ex
627 3130 706 3185 eis
734 3128 1001 3184 nonnullae
1031 3130 1098 3183 ad
1142 3131 1342 3185 calcem
1385 3129 1715 3186 Pontiliealis
1761 3133 1874 3186 Ro-

280 3201 443 3273 mani
462 3202 644 3273 excusi
679 3212 916 3273 tempore
936 3200 1130 3255 Leonis
1153 3200 1242 3266 XI,
1275 3217 1393 3273 quae
1443 3218 1511 3258 ex
1561 3205 1877 3259 recentiori-

280 3269 387 3323 bus
416 3270 815 3341 Pontiﬁealibus
845 3279 1126 3341 expunctae
1151 3269 1296 3327 sunt.

357 3340 487 3395 101.
530 3340 694 3395 Missa
716 3343 768 3395 in
801 3340 947 3396 mane
975 3344 1158 3411 prima.
1192 3343 1249 3398 In
1278 3341 1437 3410 Cod.,
1466 3343 1683 3401 Ratoldi
1721 3354 1775 3401 et
1813 3347 1867 3401 in

278 3410 461 3465 Editis
495 3411 685 3481 legitur
718 3430 731 3465 :
777 3412 939 3467 Missa
970 3413 1139 3483 primo
1168 3431 1318 3469 mane
1346 3417 1414 3469 ad
1456 3425 1687 3470 sanctam
1731 3418 1872 3471 Ana-

276 3484 523 3552 stasiam,
554 3483 1001 3551 quemadmodum
1030 3485 1169 3552 apud
1193 3485 1507 3542 Pamelium.
1536 3488 1590 3541 In
1612 3487 1744 3542 Cod.
1768 3490 1872 3544 Hoc

278 3551 438 3607 dradi
465 3570 482 3608 :
510 3552 675 3609 Nocte
703 3557 766 3608 ad
792 3566 1022 3611 sanctam
1048 3551 1392 3611 Anastasiam.
1423 3558 1480 3612 ln
1508 3558 1705 3614 Codice
1728 3559 1872 3615 Rhe-

274 3624 463 3697 snensi
492 3666 506 3689 ,
541 3634 660 3697 post
686 3626 902 3697 Missam
943 3627 1010 3681 de
1035 3635 1190 3681 nocte
1232 3629 1473 3697 sequitur
1510 3630 1679 3685 altera
1708 3630 1871 3686 Missa

275 3701 389 3749 sub
420 3696 522 3751 hoc
547 3696 701 3751 titulo
734 3713 747 3751 :
779 3695 845 3750 In
874 3697 1036 3750 natali
1057 3706 1246 3752 sancta:
1274 3695 1584 3754 Anastasius.

368 3764 492 3838 {02.
534 3765 641 3833 Da,
668 3783 979 3838 quccsumus,
1002 3768 1162 3836 Deus,
1189 3778 1294 3824 etc.
1327 3771 1383 3825 ln
1415 3770 1549 3826 Cod.
1581 3770 1818 3826 Rodradi
1846 3779 1872 3807 ⁸

274 3836 574 3892 Orationes
597 3836 886 3894 de‘sancta
916 3842 1200 3894 Anastasia
1240 3843 1550 3899 praecedunt
1591 3841 1873 3899 Orationes

275 3908 354 3961 de
399 3907 573 3963 Natali
618 3909 849 3979 Domini,
895 3907 1348 3980 quemadmodum
1395 3921 1452 3969 et
1505 3912 1755 3969 Praefatio
1805 3914 1875 3970 de

276 3988 481 4032 sancta
507 3982 812 4035 Anastasia.

358 4048 488 4125 193.
529 4050 677 4125 Sicut
715 4052 873 4125 homo
913 4053 1113 4124 genitus
1159 4053 1295 4125 idem
1338 4055 1546 4125 refulsit
1586 4053 1746 4111 Deus.
1796 4055 1875 4113 lla

271 4120 573 4192 Cratippus,
605 4122 698 4177 llb.
732 4137 810 4189 tv,
844 4120 1211 4181 de'Laudibus
1240 4120 1434 4182 Justini
1464 4127 1688 4182 minoris
1714 4144 1728 4182 :

412 4234 569 4287 Natus
591 4235 733 4289 homo
753 4243 860 4299 est,
889 4250 1134 4301 verasque
1158 4238 1293 4290 Deus
1317 4252 1415 4290 non
1446 4240 1635 4292 destitit
1662 4253 1793 4292 esse.

355 4340 486 4399 104.
526 4341 794 4412 Praefatio.
819 4342 1021 4398 Natalis
1048 4344 1280 4401 Domini.
1308 4345 1363 4400 In
1387 4344 1671 4401 Codiclbus
1703 4346 1869 4405 Rodr.

268 4424 337 4469 et
364 4415 491 4468 Rat.
516 4422 572 4469 et
603 4416 655 4468 in
688 4415 911 4470 Excusis
940 4415 1188 4470 additur:
1218 4414 1474 4486 Prw/‘atio
1500 4427 1694 4473 sancta:
1728 4418 1871 4472 Ana-

269 4486 482 4559 stasitg,
510 4500 622 4559 qua:
642 4494 716 4539 est
728 4488 798 4559 de
828 4486 1083 4559 communi
1110 4488 1384 4559 virginum.

360 4556 489 4610 105.
530 4555 679 4623 Ejus.
726 4557 803 4611 lta
847 4559 898 4613 in
938 4557 1140 4621 Editis,
1188 4555 1245 4613 et
1290 4558 1343 4612 in
1381 4557 1576 4614 Codice
1606 4559 1872 4616 Rodradi.

272 4627 442 4696 Apud
470 4626 763 4681 Pamelium
790 4670 806 4695 ,
836 4638 890 4683 et
943 4628 992 4681 in
1025 4627 1310 4683 Codicibus
1342 4630 1631 4684 Bhemensi
1666 4642 1719 4686 et
1748 4633 1869 4687 lia-

273 4698 415 4753 toldi
442 4699 638 4773 legitur
666 4697 981 4773 huiusLsed
1017 4699 1265 4773 existimo
1292 4702 1350 4756 τὸ
1383 4703 1495 4773 ejus
1524 4702 1724 4759 rectius
1748 4710 1866 4762 esse

271 4768 652 4845 ut_releratur
698 4770 766 4824 ad
818 4769 1111 4838 Christum,
1149 4771 1274 4841 quia
1317 4768 1558 4841 sequitur
1587 4777 1735 4845 cujus
1772 4792 1869 4828 na-

268 4851 475 4893 tacitas.

356 4910 485 4965 106.
526 4911 869 4967 Suet-amenti.
916 4910 1326 4969 Sacramentum
1361 4913 1463 4969 hoc
1505 4913 1622 4969 loco
1654 4924 1737 4971 est
1774 4932 1865 4970 so-

269 4984 465 5037 lemne
487 4984 681 5038 lestum
704 5000 809 5054 quo
833 4984 1047 5053 aliquod
1069 4985 1265 5040 Christi
1290 4984 1622 5053 mysterium,
1644 5003 1739 5043 seu
1762 4987 1867 5043 Na-

278 5055 542 5120 tivitatis,
571 5069 665 5108 seu
699 5055 981 5124 passionis,
1009 5057 1123 5111 sive
1152 5058 1493 5112 Ascensionis
1516 5070 1865 5124 repraesenta-

269 5135 391 5186 tur.
417 5136 475 5198 ut
495 5126 650 5181 docet
672 5133 888 5181 sanctus
913 5125 1267 5196 Augustinus,
1303 5129 1463 5198 epist.
1502 5129 1602 5182 118
1624 5170 1639 5192 ,
1669 5132 1733 5184 ad
1765 5130 1866 5184 Ja-

266 5197 552 5263 nuarium,
604 5211 768 5266 agens
817 5198 884 5251 de
926 5202 1279 5253 sacramentis
1308 5215 1414 5254 non
1453 5199 1706 5269 scriptis:
1755 5200 1865 5255 Illa

266 5277 455 5320 autem
497 5283 610 5334 quae
651 5284 753 5321 non
795 5269 1008 5335 scripta,
1050 5271 1140 5322 sed
1177 5270 1369 5325 tradita
1398 5273 1727 5338 custodimus,
1752 5288 1869 5338 qua:

264 5338 614 5415 quidemtoto
636 5348 887 5415 terrarum
911 5340 1031 5415 orbe
1048 5343 1397 5415 observantur,
1416 5343 1605 5415 dantur
1628 5338 1865 5415 intelligi,

267 5410 359 5492 vel
389 5413 452 5490 ab
486 5411 614 5492 ipsis
656 5410 923 5492 apostolis,
956 5410 1031 5491 vel
1060 5412 1307 5492 plenariis
1349 5413 1577 5468 conciliis
1601 5455 1615 5480 ,
1647 5410 1866 5492 quorum

265 5488 357 5533 est
390 5481 440 5533 in
474 5480 707 5536 Ecclesia
727 5480 1065 5535 saluberrima
1088 5484 1385 5549 auctoritas,
1410 5480 1765 5539 commendata
1787 5496 1868 5539 at-

261 5566 378 5622 que
404 5562 618 5620 statuta,
646 5552 872 5623 retinui,
905 5553 1055 5606 sicuti
1083 5555 1219 5622 quod
1252 5552 1461 5609 Domini
1489 5558 1660 5627 passio
1686 5569 1733 5611 et
1754 5557 1864 5612 Rc-

352 5700 380 5726 ⁸
410 5693 468 5747 ln
506 5689 639 5748 Cod.
692 5690 825 5765 Reg.
876 5692 1032 5747 Suec.
1088 5692 1273 5750 Oratio
1322 5695 1495 5765 Super
1541 5697 1717 5751 oblata
1770 5713 1867 5765 pro

260 5776 463 5820 sancta
495 5764 775 5818 Anastasis
806 5765 1062 5833 praecedit
1086 5779 1297 5833 quoque
1325 5764 1634 5821 Orationem
1667 5768 1734 5823 de
1762 5764 1866 5823 Na-

267 5836 376 5891 tali
400 5836 637 5891 Domini.
669 5834 877 5889 Gemet.
913 5837 1162 5889 convenit
1189 5851 1307 5891 cum
1331 5837 1462 5892 Cod.
1502 5838 1755 5894 Rodradi.

346 5904 377 5943 ι
422 5907 471 5963 Δ
515 5906 650 5963 Cod.
683 5904 816 5977 Reg.
844 5907 905 5963 S.
948 5906 1100 5962 abest
1127 5924 1338 5979 quoque
1366 5909 1503 5982 fecit.
1549 5911 1613 5967 Et
1655 5912 1868 5981 quidem

1021 384 1090 449 1N
1128 388 1184 448 s.
1229 380 1558 445 caecos"
1596 381 1853 442 LIBRUM
1893 372 2515 438 sacusucuronun
2556 373 2788 436 sum.
2880 344 2887 349 ’

3428 374 3538 439 290

777 519 843 561 ηε
869 504 920 560 in
952 504 1238 563 ordinibus
1269 505 1445 561 Μίδεω
1492 519 1522 558 a
1571 500 1859 557 Melchiore
1884 501 1940 563 Α
1963 496 2234 563 surrectio,
2275 505 2325 551 et
2358 497 2607 554 Ascensus
2640 500 2696 554 in
2735 498 2937 564 caelum,
2967 504 3016 554 et
3054 498 3297 554 adventus
3322 501 3385 555 de
3411 504 3536 559 creta

1966 566 2194 641 Spiritus
2226 570 2427 641 sancti,
2467 571 2818 625 anniversaria
2843 569 3160 627 solemnitate
3196 572 3536 641 celebrantur,

1963 640 2081 692 et‘si
2111 638 2234 707 quid
2275 640 2374 694 tale
2399 644 2709 705 occurrerit,
2742 641 2881 711 quod
2920 652 3147 695 servatur
3185 644 3247 696 ab
3275 638 3533 711 universa,

1962 726 2263 780 quacunque
2290 728 2343 765 se
2372 711 2615 780 di/fundit
2640 753 2655 780 ,
2690 712 2941 768 Ecclesia.
2975 711 3113 768 Hinc
3138 714 3429 779 capiendus
3455 723 3540 772 est

1964 781 2134 852 sancti
2181 780 2489 852 Hieronymi
2539 783 2721 851 locus,
2754 787 2911 852 epist.
2943 785 3036 850 48,
3083 784 3147 836 ad
3189 783 3537 841 Sabinianum

1964 851 2287 927 diaconum:
2338 851 2463 908 Post
2515 856 2735 923 apostoli
2789 851 2934 910 Petri
2985 855 3285 921 basilicam,
3334 857 3386 909 in
3439 874 3540 927 qua

1966 921 2424 997 Christi/lammeo
2455 921 2747 979 consecrata
2777 937 2873 993 est,
2904 938 3014 997 post
3046 928 3233 991 crucis,
3266 936 3313 980 et
3342 921 3541 980 Resur-

1964 994 2223 1067 rectionis,
2254 1003 2297 1047 et
2320 997 2645 1050 Ascensionis
2675 994 3010 1061 sacramenta,
3042 1000 3095 1052 in
3126 998 3304 1067 quibus
3334 1015 3538 1054 rursum

1964 1080 2018 1117 se
2114 1067 2416 1138 titanasterio
2442 1068 2691 1121 victuram
2721 1069 3087 1136 spoponderat.
3137 1063 3146 1067 ⁷
3626 1094 3635 1138 χ

2040 1136 2437 1209 iO_7._Nalalis.
2484 1140 2554 1209 Ita
2600 1140 2652 1192 in
2694 1140 2974 1194 Codieibus
3016 1140 3301 1195 lthemensi
3342 1150 3396 1196 et
3426 1141 3536 1196 Ro-
3614 1190 3621 1209 _.

1966 1202 2140 1281 dradi.
2166 1206 2437 1281 lu_Editis,
2463 1216 2517 1262 et
2541 1208 2591 1262 in
2615 1209 2743 1263 Cod.
2773 1210 2973 1277 Ratol.,
2999 1211 3204 1281 etapud
3226 1211 3539 1281 Pamelium,
3611 1206 3615 1243 ί

1968 1274 2164 1345 legitur
2192 1276 2411 1352 Novitas
2428 1280 2633 1352 natalis,
2655 1281 2830 1348 aptius
2849 1283 2914 1335 ad
2935 1274 3173 1348 sensum,
3199 1295 3307 1336 tum
3328 1274 3548 1352 propter

1967 1350 2396 1418 paronomasiam
2425 1350 2565 1405 inter
2592 1351 2706 1405 haec
2732 1352 2982 1408 vocabula
3010 1392 3025 1418 ,
3057 1351 3274 1408 Novitas
3306 1350 3357 1409 et
3389 1354 3546 1411 Nati-

1967 1417 2119 1470 vitas.
2152 1419 2257 1474 Sed
2282 1420 2513 1475 arbitror
2537 1423 2594 1477 τὸ
2621 1424 2806 1475 natalis
2836 1417 3157 1478 redundare.

2041 1486 2164 1541 108.
2208 1489 2480 1545 Nativitas.
2514 1491 2569 1546 In
2599 1491 2884 1548 Codieibus
2917 1493 3151 1549 Rodradi
3177 1503 3229 1550 et
3256 1494 3545 1553 Rliemensi

1968 1557 2162 1628 legitur
2190 1561 2447 1626 nobilitas,
2471 1578 2577 1617 non
2609 1563 2678 1616 ita
2711 1575 2877 1619 recte.

2044 1629 2165 1706 109.
2194 1631 2455 1706 βοηθός,
2484 1650 2792 1704 quwsumus,
2817 1637 3135 1702 omnipotens
3166 1635 3319 1706 Deus,
3350 1645 3407 1690 ut
3431 1654 3544 1692 nos.

1970 1699 2142 1769 llujus
2186 1702 2453 1759 Orationis
2494 1699 2820 1761 mentionem
2870 1699 2995 1762 facit
3034 1699 3430 1763 Alcuinus'lib.
3463 1725 3543 1773 iit,

1971 1782 2157 1848 contra
2216 1773 2447 1848 Eclicem
2496 1774 2858 1848 Urgelitanum
2904 1778 3210 1848 episcopum
3246 1796 3259 1831 :
3292 1778 3361 1832 Et
3383 1779 3437 1833 in
3467 1782 3549 1833 die

1973 1841 2185 1919 Natalis
2230 1843 2446 1919 Domini
2536 1841 2796 1916 concede,
2844 1841 3133 1919 qutesumus
3161 1891 3175 1914 ,
3231 1851 3551 1919 omnipotens

1968 1911 2109 2037 lleus
2139 1954 2154 1979 ,
2196 1924 2249 1968 ut
2279 1932 2370 1970 nos
2400 1915 2662 1987 Unigeniti
2693 1921 2766 1972 tui
2784 1911 2923 1973 ἠόυα
2948 1935 3037 1991 per
3064 1911 3266 1975 carnem
3310 1911 3550 1976 na'tivitas

1990 2000 2003 2035 t
2042 1994 2162 2037 cret.

1990 1994 2162 2039 iberet.

2048 2054 2554 2131 l_lO._AInvis‘ibiliunt
2582 2076 2755 2114 amore
2776 2062 3061 2131 rapiamur.
3088 2061 3163 2117 Ita
3188 2062 3241 2116 in
3264 2062 3551 2118 Codicibus

1970 2124 2204 2204 liodradi
2254 2136 2310 2182 et
2343 2128 2790 2204 Batoldi,__at_que
2836 2124 2975 2201 apud
3026 2133 3342 2204 Pamelium.
3390 2148 3549 2204 quam

1974 2196 2255 2272 lectionem
2281 2213 2341 2253 se
2370 2200 2422 2272 in
2452 2215 2556 2272 uno
2586 2196 2715 2255 Cod;
2753 2218 2852 2257 ins.
2872 2196 3156 2272 reperisse
3204 2196 3547 2260 scribit'An-

1971 2268 2121 2343 gelus
2149 2268 2345 2324 ltocea.
2388 2270 2447 2324 ln
2480 2270 2675 2327 Missali
2707 2268 2967 2328 Romano'
2990 2275 3183 2343 legitur
3226 2276 3282 2329 in
3320 2276 3553 2329 invisibi-

1972 2340 2098 2413 liutn
2118 2355 2343 2413 antorem
2369 2342 2658 2409 rapiantur,
2690 2358 2848 2413 quam
2876 2340 3360 2401 etiam'leCtionem
3403 2360 3464 2402 se
3498 2347 3552 2400 in

1976 2408 2145 2463 tribus
2177 2410 2309 2464 Cod.
2342 2408 2473 2467 mss.
2500 2408 2908 2468 vidisse'auctor
2933 2416 3124 2470 citatus
3145 2415 3242 2471 ait.

1971 2479 2169 2603 mill.
2216 2482 2417 2554 Quique
2448 2487 2561 2555 ejus
2589 2484 2884 2555 infantiam,
2916 2498 3021 2543 etc.
3055 2486 3153 2542 Est
3177 2488 3436 2559 pricclara
3458 2502 3557 2543 an-

2000 2566 2010 2603 l
2057 2567 2204 2603 resrs.

2000 2566 2204 2607 lllleSlS.

2047 2621 2185 2697 112.
2212 2624 2375 2695 299
2403 2623 2605 2697 Pra’sta
2626 2668 2639 2690 ,
2680 2643 2975 2696 quaesumus
2996 2671 3011 2697 ,
3051 2630 3369 2697 omnipotens
3391 2631 3551 2685 Deus.

1976 2691 2122 2769 Hauc
2151 2691 2456 2769 Orationem
2481 2696 2535 2769 in
2560 2691 2702 2769 God;
2740 2698 2951 2753 Ratoldi
2988 2691 3231 2769 Sequitur
3260 2702 3430 2757 altera
3458 2700 3553 2756 Be-

1975 2762 2231 2839 nedictio,
2258 2766 2356 2819 hoc
2379 2765 2537 2839 modo
2560 2784 2572 2820 :
2603 2766 2756 2835 Deus,
2782 2771 2869 2838 qui
2892 2787 3047 2839 genus
3068 2762 3352 2825 humanum
3378 2773 3553 2826 vulne-

1974 2843 2141 2887 ratum
2158 2836 2210 2888 in
2236 2836 2555 2911 prolap‘lasto
2580 2855 2706 2893 novo
2729 2836 3309 2911 reCuperastiantidoto,
3327 2853 3429 2896 etc.
3449 2841 3555 2897 Sed

1977 2919 2083 2957 non
2116 2915 2205 2981 est
2232 2908 2494 2981 proprius
2541 2908 2683 2981 illius
2707 2908 2890 2981 locus;
2926 2912 3085 2969 debet
3132 2913 3273 2966 enim
3305 2914 3552 2981 proximo

1977 2977 2128 3048 sequi
2164 2979 2394 3048 priorem
2421 2979 2663 3048 ejusdem
2694 2979 2926 3036 Codicis.

2051 3046 2177 3124 μζ).
2203 3047 2380 3124 quiin
2394 3046 2660 3115 mentibus,
2681 3060 2784 3107 etc.
2808 3052 2901 3108 Est
2922 3052 3138 3122 elegans
3154 3056 3551 3124 paronomasia.

2051 3117 2176 3173 1M.
2220 3117 2370 3194 Fidei
2400 3130 2457 3194 _et
2498 3123 2780 3194 securitatis
2828 3117 3178 3194 augmentum:
3219 3125 3294 3181 Ita
3339 3126 3389 3180 in
3420 3125 3553 3180 Cod.

1983 3186 2273 3244 Rbemensi
2304 3200 2358 3245 et
2400 3189 2654 3259 Rodradi,
2701 3193 2841 3250 hanc
2880 3186 3161 3251 laetionem
3196 3206 3416 3251 testatur
3448 3200 3556 3251 Au-

1902 3291 1947 3354 c
1979 3260 2133 3354 gel‘us'
2158 3260 2425 3354 georg-se
2454 3264 2504 3317 in
2531 3279 2634 3354 uno
2660 3264 2855 3354 Codice
2882 3267 3166 3354 reperisse.
3186 3266 3257 3354 .l‘n
3288 3267 3554 3354 COd';_lllS..

1978 3330 2192 3408 Ratoldi
2222 3331 2467 3408 abbatis,
2500 3342 2555 3389 ct
2581 3336 2719 3403 apud
2761 3330 3049 3392 Pamelium
3097 3338 3327 3408 legitur:
3379 3337 3551 3406 Fidei,

1973 3402 2084 3477 spei
2130 3405 2492 3477 etne/raritatis
2549 3402 2901 3475 augmentum.
2954 3409 3081 3477 Quae
3131 3402 3293 3464 Icctio
3338 3402 3556 3464 videtur

1973 3472 2334 3547 plausibilior;
2365 3490 2466 3531 nec
2497 3472 2673 3531 tamen
2702 3479 2847 3547 prior
2871 3487 2955 3535 est
2976 3472 3395 3547 contemnenda,
3422 3495 3544 3535 cum

1979 3542 2414 3617 sit_ai_itiquorutn
2438 3542 2718 3617 Codicum;
2744 3565 2841 3604 nec
2872 3565 2969 3604 suo
3000 3566 3161 3606 sensu
3190 3542 3390 3608 careat.

2216 3614 2479 3688 Daternis,
2514 3617 2564 3671 id
2597 3614 2708 3682 est,
2733 3621 2900 3688 patris
2932 3622 3085 3675 Adae.

2048 3683 2170 3738 116.
2214 3684 2390 3756 Ilujus
2429 3699 2677 3743 creatura:
2706 3683 2921 3744 novitate
2962 3703 3213 3762 suscepta.
3249 3692 3302 3747 ld
3347 3701 3467 3762 est,
3499 3693 3558 3749 in

1975 3769 2166 3831 novam
2220 3767 2517 3831 creaturam
2570 3762 2949 3831 transformati,
2993 3766 3142 3831 juxta
3195 3763 3326 3817 illud
3382 3765 3555 3831 Pauli,

1976 3825 2093 3902 Gal.
2128 3839 2210 3880 v1:
2245 3826 2311 3880 In
2348 3828 2563 3902 Christo
2596 3827 2742 3895 Jesu,
2795 3825 2955 3901 neque
2993 3825 3315 3886 circumcisio
3358 3825 3553 3902 aliquid

1974 3897 2128 3960 valet,
2159 3913 2318 3966 neque
2345 3900 2678 3966 praeputium,
2706 3901 2796 3953 sed
2822 3897 2953 3957 nova
2980 3913 3236 3956 creatura.

2050 3967 2195 4039 4717.77
2218 3968 2358 4022 Deus
2388 3972 2474 4038 qui
2504 3972 2772 4039 humanat,
2805 3980 2911 4027 etc.
2962 3975 3071 4027 liae
3110 3973 3353 4029 oratione
3393 3974 3560 4033 utitur

1976 4038 2136 4117 modo
2161 4038 2668 4117 Ecclesia‘ltomana
2691 4042 2744 4117 in
2761 4038 3148 4117 7cor_ntnistione
3173 4044 3278 4099 vini
3301 4054 3356 4100 et
3379 4061 3555 4117 aquae,

1976 4109 2059 4163 bis
2092 4111 2364 4187 vocabulis
2412 4112 2784 4183 interpositis:
2827 4112 2931 4169 Per
2968 4114 3124 4186 hujus
3171 4131 3320 4187 aqua:
3359 4127 3405 4171 et
3428 4109 3559 4173 'vini

1976 4183 2290 4235 musterium.
3034 4183 3047 4186 ⁷
3218 4183 3227 4187 ’
3534 4219 3539 4225 -

2028 4197 2290 4329 υἱ
2306 4254 2513 4329 veritate
2544 4253 2808 4329 Corporis.
2838 4254 2966 4314 Haec
3003 4266 3273 4329 ponuntur
3298 4259 3560 4318 adversus

1976 4322 2350 4398 muniebantur,
2398 4325 2487 4395 qui
2535 4326 2749 4382 Christo
2794 4322 3457 4398 corpus'phanlasliwm;
3503 4340 3558 4389 ει

1977 4394 2235 4469 adversus
2257 4394 2617 4469 _Valentinum,
2650 4401 2739 4469 qui
2770 4394 2991 4458 cmlestc
3021 4394 3350 4469 tribuebant;
3394 4394 3559 4461 alios-

1975 4480 2079 4546 que
2118 4466 2359 4534 ejusdem
2398 4468 2584 4524 farinae
2628 4466 2927 4546 haereticos,
2973 4470 3063 4543 qui
3090 4466 3557 4546 ngristo'corpus

1976 4536 2265 4591 humanum
2297 4549 2350 4594 et
2379 4553 2631 4594 carneum
2658 4543 2875 4597 minime
2906 4536 3231 4599 tribuebant.

2047 4607 2167 4682 119.
2195 4608 2438 4682 _Ut_Asicut
2458 4613 2577 4665 illos
2596 4616 2767 4682 passio
2791 4615 3071 4681 Gloriosus,
3092 4616 3181 4681 sic,
3208 4624 3312 4670 etc.
3342 4614 3398 4671 In
3420 4614 3560 4673 Cod.

1895 4669 1944 4729 Ι)
1973 4676 2236 4756 Bodradi;
2262 4680 2473 4756 thquia
2492 4669 2607 4737 ίιιοέ
2624 4688 2793 4754 passio
2813 4669 3080 4756 gloriosos.
3101 4669 3192 4740 nos
3209 4669 3559 4753 devotio,'evtc;

1972 4750 2031 4826 In
2046 4752 2176 4805 Cod.
2195 4750 2406 4826 Ratold.
2430 4765 2515 4808 :ut
2536 4750 2673 4825 quod
2687 4750 2993 4823 illospassio
3009 4759 3279 4826 gloriosos,
3301 4774 3391 4811 nos
3408 4750 3563 4815 deva-

1972 4823 2062 4885 tio,
2102 4833 2209 4897 etc.
2244 4824 2298 4897 lu
2333 4826 2490 4879 editis
2525 4823 2580 4881 et
2622 4828 2762 4896 apud
2800 4823 3091 4882 l’ameliuni
3120 4846 3135 4882 :
3173 4828 3241 4883 Ut
3278 4832 3413 4897 quod
3440 4831 3565 4885 illas

1969 4896 2140 4966 passio
2175 4896 2198 4932 ι)
2231 4896 2349 4965 fecit
2387 4898 2669 4966 gloriosos,
2712 4914 2804 4951 nos
2845 4899 3077 4964 devotio,
3108 4910 3213 4955 etc.
3259 4896 3363 4955 Sed
3395 4902 3556 4957 lectio

1967 4964 2186 5039 Codicis
2223 4964 2574 5037 SanetiEligii
2616 4968 2826 5024 videtur
2856 4971 3257 5039 praestabilium}
3278 4970 3336 5026 In
3363 4972 3561 5029 Codice

1971 5034 2259 5110 Bhemcnsi
2290 5052 2395 5093 non
2428 5034 2540 5093 haec
2569 5039 2784 5105 Oratio,
2821 5034 2915 5095 sed
2946 5042 3049 5095 alia
3081 5059 3095 5095 :
3132 5034 3296 5097 Grata
3314 5044 3403 5096 tibi
3432 5046 3557 5110 sint,

1970 5106 2212 5179 Domine,
2234 5125 2466 5179 munera,
2498 5125 2810 5179 quwsumus,
2847 5112 3126 5167 devotionis
3154 5106 3558 5179 hodiernte,etc;

2046 5178 2364 5255 l“2_0.__Cujus
2405 5178 2586 5255 gloria:
2627 5184 2947 5255 sempiternae
2996 5187 3189 5254 primus
3230 5178 3429 5255 martyr
3470 5199 3558 5237 oc-

1971 5251 2152 5375 cq‘rrit.
2189 5251 2449 5307 Praeclare
2480 5253 2781 5322 Ennodius,
2817 5251 3015 5327 hymno
3044 5254 3100 5324 4,
3130 5258 3197 5315 de
3226 5251 3412 5315 sancio
3436 5255 3559 5310 Ste-

1971 5335 2004 5375 o
2047 5336 2189 5375 ano:

1970 5335 2148 5390 pnano
2176 5340 2189 5377 :

2220 5412 2313 5476 llic
2348 5416 2532 5476 primus
2554 5416 2751 5467 intravit
2775 5417 2924 5467 viam.

2219 5475 2377 5526 Nullis
2408 5480 2656 5530 subactam
2692 5483 2963 5543 gressmus.

2045 5561 2169 5618 l‘lt.
2200 5562 2302 5620 Per
2324 5583 2495 5637 quem.
2525 5567 2685 5624 Deest
2705 5568 2756 5623 in
2787 5568 2973 5635 Editis,
2998 5576 3051 5622 et
3078 5566 3214 5636 apud
3241 5564 3531 5623 Pamelium

1976 5700 2213 5771 Angelus
2242 5702 2417 5761 Rocea
2438 5747 2453 5771 ,
2485 5706 2541 5760 in
2568 5706 2793 5761 scholiis
2829 5706 3025 5760 fatetur
3051 5719 3109 5758 se
3137 5703 3409 5761 addidisse
3439 5721 3563 5763 ver-

1976 5773 2101 5827 bum
2133 5775 2270 5844 fecit,
2294 5779 2434 5847 quod
2463 5778 2515 5832 in
2547 5777 2680 5833 Cod.
2710 5793 2810 5831 ms.
2838 5774 3263 5831 desiderabatur.
3293 5773 3558 5834 Gentetic.

1977 5848 2227 5899 convenit
2265 5863 2387 5903 cum
2431 5849 2564 5904 Cod.
2610 5850 2871 5914 ltodradi;
2916 5849 3023 5903 duo
3054 5860 3181 5903 vero
3210 5848 3413 5906 Theod.
3445 5867 3547 5910 nos

1978 5924 2114 5973 tram
2146 5918 2429 5976 lectionem
2467 5921 2738 5976 exhibent.
3336 5934 3339 5935 '
