4042 6350
259 372 369 431 505

256 562 624 635 όίεθβςιιηΙόί
658 564 922 635 sequitur,
956 580 1027 619 xu
1056 562 1281 620 Kalend.
1314 566 1508 635 April..
1540 565 1711 618 natale
1737 581 1853 618 san-

254 636 327 689 cti
379 634 648 689 Benedicti
698 634 916 689 abbatis.
960 636 1126 703 Cujus
1170 638 1330 692 Missa
1366 634 1463 692 est
1502 636 1849 703 hujusmodi:

257 706 604 775 Omnipotens
629 708 934 775 sempiterne
962 706 1102 762 Deus
1126 747 1142 771 ,
1190 709 1279 777 qui
1334 708 1543 778 gloriosi
1589 706 1853 761 Benedicti

253 778 501 847 exempla
547 779 692 846 (leg.
739 779 1045 848 exemplar)
1091 788 1139 833 et
1183 779 1489 833 humilitatis
1540 781 1853 841 triumphale

257 850 411 903 nobis
476 849 783 912 ostendisti,
833 859 935 904 etc.
992 850 1283 906 Praelatio:
1323 850 1631 905 Honorandi
1679 850 1854 904 Patris

257 920 531 975 Benedicti
558 921 839 990 gloriosum
871 921 1184 976 celebrantes
1213 922 1368 989 diem,
1390 935 1498 977 etc.
1521 922 1851 986 Benedictio,

255 1002 311 1045 ut
342 992 398 1045 in
430 991 609 1051 Missa.
623 992 792 1046 sancti
822 991 1083 1048 Cutberti.
1114 993 1193 1048 Ad
1223 993 1594 1059 complendum
1623 1011 1635 1047 :
1672 993 1855 1047 Perce-

256 1064 401 1129 ptis,
452 1060 677 1116 Domine
722 1072 912 1130 noster,
960 1064 1276 1119 salutaribus
1325 1065 1710 1130 Sacramentis,
1745 1072 1851 1119 etc.

253 1133 437 1197 Super
465 1135 719 1203 p0pnlum
745 1150 759 1189 :
794 1133 1003 1189 Plebem
1033 1137 1251 1189 nominis
1279 1137 1355 1190 tui
1382 1137 1638 1191 subditam
1662 1176 1679 1201 ,
1712 1145 1815 1191 etc.

329 1204 457 1259 186.
510 1206 845 1259 Annuntiatio
892 1206 1073 1276 Angeli
1117 1208 1184 1260 ad
1222 1216 1453 1261 sanctam
1499 1206 1742 1261 Mariam.
1776 1207 1854 1261 Ita

256 1275 310 1331 in
347 1277 576 1331 Excusis
630 1292 694 1331 ex
729 1275 1011 1342 Vaticano;
1061 1279 1155 1332 sed
1196 1278 1249 1332 in
1280 1279 1398 1333 aliis
1426 1279 1715 1334 Codicihus
1753 1292 1853 1331 no-

253 1346 387 1401 stris
417 1363 551 1401 mss.
581 1347 774 1416 legitur
807 1366 818 1400 :
852 1347 878 1385 b
913 1349 1248 1403 Annuntiatio
1276 1362 1469 1403 sancta:
1504 1349 1706 1404 Mariae.
1744 1349 1855 1402 lloc

254 1417 459 1473 festum
492 1417 547 1471 in
597 1420 826 1473 concilio
870 1420 1162 1487 Trullensi,
1209 1435 1329 1476 can.
1373 1422 1465 1487 52,
1497 1420 1795 1489 appellatur
1824 1423 1855 1479 ἡ

253 1490 380 1564 ἁγίᾳ
423 1498 514 1564 toﬁ
546 1492 916 1564 ξραγγβλισμοῦ
951 1493 1136 1564 ἡμέρα.
1179 1491 1368 1564 idest,
1412 1502 1596 1547 sancta
1636 1490 1857 1545 Annunc

253 1513 380 1562 αγια
423 1512 514 1545 του
546 1512 916 1564 ευαογγελισμον
951 1514 1045 1564 ημε
1083 1514 1136 1546 α.
1179 1512 1235 1545 ιιι
1265 1512 1368 1557 651,
1412 1512 1596 1547 saneta
1636 1512 1852 1545 Alllllﬂl‘

253 1561 503 1615 tiationis
533 1561 665 1615 dies.
703 1563 755 1614 ln
805 1564 1011 1616 novella
1044 1512 1301 1617 [flanuelis
1328 1563 1586 1620 Comneui
1617 1564 1852 1632 impera-

257 1633 415 1693 toris,
457 1632 603 1700 apud
634 1632 974 1687 Theodorum
1024 1634 1414 1699 Balsamonem,
1463 1633 1517 1688 in
1548 1642 1708 1701 caput
1749 1632 1857 1700 pri-

258 1718 408 1781 mum
430 1703 570 1781 tituli
584 1703 805 1781 septimi
823 1704 1214 1781 Nomocanouis
1228 1704 1399 1781 Photii
1422 1714 1534 1781 ira;
1554 1709 1856 1781 aganippe;

256 1772 649 1847 σῷαγγιλισμός.
682 1774 734 1847 id
760 1783 873 1847 est,
890 1775 980 1829 Dei
1008 1776 1583 1847 matris‘Aununtiatio.
1609 1772 1665 1829 lii
1687 1772 1855 1831 Ch'ro-

253 1845 1131 1924 nico’Alexandrino,_olympiade
1159 1845 1285 1924 551,
1317 1850 1671 1924 ἡ-ἡμέρᾳ-τοῦ
1702 1850 1853 1924 abeq-

251 1918 499 1990 γελωμῷ
527 1925 617 1977 τῆς
643 1915 909 1990 δεσᾲποίνηξ
938 1920 1081 1990 ἡμῶν
1127 1929 1218 1979 τῆς
1242 1915 1503 1984 θεοτὸκὸνξ
1526 1919 1579 1974 id
1609 1928 1710 1982 est,
1738 1915 1854 1975 dies

252 1987 695 2060 Aitinuntiationis
722 1987 1192 2060 Dominae'uostra:
1215 1990 1314 2060 Dei
1344 1990 1639 2060 genitricis.
1678 1992 1717 2060 A
1750 1990 1854 2043 Co-

252 2057 385 2113 dino
414 2056 754 2127 Cumpalate,
786 2058 842 2113 in
869 2059 1007 2115 libro
1036 2060 1103 2115 de
1133 2056 1628 2117 Olllciis'absolute
1656 2059 1856 2116 dicitur

290 2131 644 2201 ὒα-ῃελιᾳμός,
670 2130 720 2183 id
748 2139 851 2201 est,
883 2130 1253 2187 Annuntiatio.

332 2200 465 2256 187.
492 2200 556 2255 ιη
597 2202 752 2255 beata:
778 2200 1005 2257 Virainis
1035 2211 1194 2257 utero.
1217 2202 1293 2256 Ita
1324 2201 1375 2256 in
1402 2201 1598 2257 Codice
1616 2202 1854 2257 Rodradi

250 2273 586 2344 presbyteri,
613 2281 663 2327 et
690 2273 830 2340 apud
856 2272 1171 2331 Pamelium.
1214 2272 1402 2329 Recte.
1440 2273 1573 2328 Nam
1617 2273 1853 2330 Matth-aii

250 2357 295 2408 ι,
320 2342 640 2410 20,Ἰεαὶιιιι
662 2347 796 2412 quod
822 2344 873 2398 in
894 2360 954 2397 ea
975 2353 1150 2399 natum
1176 2351 1269 2401 est.
1300 2344 1355 2398 In
1384 2345 1582 2401 Missali
1610 2345 1853 2400 Romano

249 2412 451 2483 legitur
481 2417 547 2469 de
572 2414 749 2481 beatis,
778 2424 884 2470 etc.
929 2415 1055 2471 Haec
1082 2424 1258 2470 autem
1279 2415 1461 2471 Oratio
1491 2414 1701 2471 videtur
1730 2431 1853 2473 esne

248 2484 319 2540 ad
368 2485 781 2542 Processionem
827 2499 924 2543 seu
976 2485 1295 2556 Collectam,
1327 2496 1455 2554 etc.;
1506 2489 1703 2544 etenim
1747 2488 1851 2547 alia

248 2564 474 2611 notatur
501 2558 570 2612 ad
601 2557 838 2611 Missam.

324 2626 454 2684 188.
490 2627 561 2701 in
592 2628 758 2701 beata:
784 2626 1011 2701 iiirginis
1038 2628 1349 2701 alvoiltain
1370 2628 1567 2685 Codice
1595 2629 1850 2687 Rodradi.

250 2697 444 2771 Recte.
492 2697 553 2755 lu
580 2697 777 2755 Codice
807 2697 1037 2768 Raloldi,
1069 2702 1122 2758 in
1152 2699 1341 2770 Editis,
1372 2712 1424 2757 et
1479 2702 1616 2771 apud
1650 2701 1853 2759 Pame-

245 2768 379 2826 lium
412 2770 573 2841 deest
602 2771 911 2841 praepositio
938 2774 1014 2827 in.
1325 2768 1332 2770 ⁷
1513 2768 1529 2771 ’
1702 2800 1705 2801 ν

318 2842 448 2914 189.
482 2840 779 2914 incantari.
825 2843 899 2898 lta
930 2844 996 2906 in,
1010 2842 1206 2911 Codice
1230 2842 1481 2898 Rodradi.
1522 2843 1756 2914 Optime.
1793 2844 1849 2900 lu

243 2909 448 2968 (bdice
479 2912 719 2978 Ratoldi,
750 2915 803 2968 in
836 2914 1030 2979 Editis,
1060 2909 1120 2970 et
1138 2914 1279 2984 apud
1308 2909 1625 2981 Pamelium,
1658 2914 1852 2984 legitur

249 2992 273 3021 ε
302 2986 635 3041 coadunare.
663 2984 835 3057 Quam
870 2985 1175 3057 lectionem
1223 2987 1267 3039 si
1296 2987 1417 3057 quis
1445 2987 1671 3052 probare
1700 2987 1847 3053 velit,

242 3069 473 3111 necesse
502 3063 587 3127 est
614 3055 1044 3125 praepositionem
1065 3056 1139 3124 in,
1171 3071 1291 3127 qua:
1311 3055 1509 3112 excidit
1531 3072 1602 3112 ex
1635 3072 1850 3126 pramo-

241 3128 464 3181 minatis
488 3126 798 3190 Codicibus.
831 3127 1059 3193 restitui,
1106 3128 1328 3198 legendo
1360 3128 1384 3166 ι]
1409 3126 1477 3183 1η
1503 3128 1674 3183 Beata:
1723 3127 1849 3183 Vir-

240 3199 375 3267 ginis
405 3199 525 3269 alvo
556 3200 863 3263 coadunare,
890 3208 949 3253 ut
974 3214 1162 3255 sensus
1191 3199 1259 3253 sit
1285 3217 1296 3252 :
1330 3200 1488 3266 Deus,
1522 3202 1610 3269 qui
1640 3200 1692 3255 in
1720 3199 1848 3256 bea-

1028 375 1096 433 ΙΝ
1132 377 1192 435 S.
1234 375 1562 435 GREGORII
1601 374 1857 433 LIBRUM
1894 374 2515 435 SACRAMENTORUM
2556 380 2791 437 NOTAE.

254 493 361 547 niis
392 490 563 565 natale
585 493 751 565 sancti
795 491 1018 565 Cutberti
1059 496 1339 565 martyris:
1386 495 1441 548 ln
1470 502 1495 531 ει
1524 492 1716 549 eodem
1746 490 1848 548 Co-
1877 493 1932 554 Α
1952 487 2462 565 jejunioduntaxat,
2485 489 2611 565 quia
2652 492 2685 565 ii
2710 492 2818 565 qui
2847 491 2898 546 in
2931 490 3277 565 Sexagesima
3303 503 3356 549 et

3444 385 3549 443 5C6

1958 496 2157 559 jejunio
2185 496 2462 555 duntaxat,
2491 496 2611 559 quia
2652 496 2685 546 ii
2710 496 2800 561 qui
2847 496 2898 546 in
2931 496 3277 563 Sexagesima
3303 503 3356 549 et
3384 496 3545 564 Quin-

1958 562 2264 629 quagesima
2297 561 2610 631 jejunabant
2651 561 2915 632 jejunium
2949 564 3164 618 Sahbati
3210 565 3545 632 iii-Quadra-

1952 632 2152 700 gesima
2188 633 2405 686 minime
2455 633 2757 698 servabant,
2790 634 2921 689 etin
2971 637 3403 704 supplementum
3430 640 3542 695 die-

1953 716 2073 779 rum
2105 704 2505 779 sabbatinorum
2537 714 2591 759 et
2616 704 3005 779 dominicorum
3037 705 3088 758 in
3113 708 3457 779 Sexagesima
3490 722 3546 768 et

1955 773 2401 849 Quinquagesima
2429 774 2765 849 jejuuabant.
2825 776 2974 832 Unde
3006 773 3289 833 concilium
3321 781 3552 849 subjun-

1957 846 2069 915 git:
2100 844 2223 920 Sed:
2249 861 2406 920 neque
2435 862 2522 920 per
2564 846 2792 900 Sabbata
2838 849 3025 917 absque
3070 849 3371 917 inﬁrmitate
3409 844 3555 920 guis-

1957 931 2113 990 gnant
2141 916 2302 990 solvat
2336 916 2756 987 Quadragesima’
2796 916 3080 990 jejunium,
3111 921 3213 973 nisi
3245 916 3440 975 tantum
3470 926 3553 977 die

1957 985 2229 1061 ﬂaminica
2258 989 2527 1057 prandeat.
2556 985 2725 1052 'Quod
2757 985 2970 1056 quidem
3020 989 3238 1045 Sabbali
3278 991 3543 1061 jejunium

1959 1056 2011 1113 in
2040 1059 2556 1130 Quadragesima,_in
2583 1062 2809 1130 concilio
2836 1061 3121 1130 Agathensi
3154 1056 3545 1129 olim'p'rtecep-

1958 1134 2071 1183 tum
2100 1128 2272 1184 fuerat
2293 1144 2413 1184 can.
2446 1128 2512 1183 12
2544 1148 2556 1181 :
2602 1129 2813 1184 Placuit
2837 1128 2989 1184 etiam
3014 1142 3068 1186 ut
3097 1149 3269 1186 omnes
3302 1128 3549 1188 Ecclesia:

1959 1199 2086 1272 filii,
2122 1201 2341 1270 exceptis
2374 1199 2673 1264 Dominicis,
2710 1203 2763 1255 in
2814 1203 3240 1272 Quadragesima.
3287 1206 3439 1257 etiam
3468 1206 3551 1260 die

1960 1270 2209 1339 Sabbato,
2240 1273 2547 1325 sacerdotali
2588 1272 2930 1337 ordinatione,
2977 1270 3375 1329 et‘districtionis
3412 1292 3552 1328 com-

1959 1343 2241 1396 minatione
2267 1344 2521 1414 jejuncnt.
2553 1341 2655 1398 Sed
2677 1359 2796 1398 cum
2830 1346 2929 1399 hoc
2960 1346 3231 1399 decretum
3256 1347 3402 1400 nullo
3430 1349 3548 1402 loco

1962 1425 2279 1487 poneretur,
2308 1416 2359 1487 in
2386 1428 2538 1468 conc.
2562 1415 2943 1487 Aurelianensi
2972 1432 3031 1487 1V7
3066 1430 3386 1487 renovatum
3434 1428 3539 1487 est,

1960 1494 2183 1607 propter
2206 1484 2407 1540 Gothos
2436 1486 2682 1548 maxime,
2717 1487 2803 1555 qui
2849 1502 2970 1541 cum
3006 1486 3164 1539 ﬁdem
3194 1487 3262 1540 ab
3298 1484 3541 1543 Orienta-

1982 1555 2099 1607 ibus
2122 1557 2473 1607 accepissent-
2508 1555 2724 1607 Sabhati
2770 1557 3025 1607 ieiunium
3070 1573 3134 1607 ex
3174 1573 3359 1607 eorum
3392 1575 3541 1607 more

1982 1555 2099 1611 ibus
2122 1557 2473 1625 accepissent,
2508 1555 2724 1611 Sabbati
2765 1557 3025 1626 jejunium
3070 1573 3134 1610 ex
3174 1573 3359 1612 eorum
3392 1575 3541 1615 more

1962 1626 2185 1681 minime
2209 1628 2514 1686 sertahant,
2539 1637 2592 1681 et
2619 1630 2667 1681 in
2688 1626 2824 1682 hanc
2854 1628 3291 1683 consuetudinem
3321 1631 3543 1685 cohabi-
3634 1680 3645 1689 ,

1961 1703 2161 1752 tutores
2190 1698 2369 1754 Gallos
2403 1697 2701 1752 trahebant.

2031 1768 2159 1825 198.
2212 1770 2293 1823 Ad
2338 1772 2450 1839 ejus
2503 1770 2893 1839 plenitudinem.
2936 1768 3220 1825 Plenitudo
3264 1770 3399 1825 sacri
3430 1786 3549 1826 mu-

1962 1841 2109 1895 neris
2132 1847 2211 1895 est
2243 1845 2411 1909 gratia
2451 1855 2610 1910 quam
2642 1840 2976 1896 Eucltaristia
3008 1842 3162 1910 plene
3191 1850 3245 1897 et
3271 1841 3548 1897 abundan-

1884 1885 1933 1946 Β
1961 1885 2049 1964 iis?
2063 1885 2301 1966 ’ἑοῖιῗὶειῗῖῖ

2034 1982 2157 2036 199.
2217 1983 2475 2047 Quatenus
2530 1983 2725 2038 triceni.
2795 1982 2953 2039 Juxta
3004 1983 3280 2051 Evangelii
3336 1984 3496 2039 verba
3528 2026 3546 2053 ,

1956 2050 2147 2125 Matth.
2188 2068 2281 2107 xui
2311 2068 2494 2125 ,Aquae
2535 2053 2609 2108 ita
2653 2056 2870 2124 exponit
2914 2066 3130 2125 sanctus
3169 2050 3548 2125 Hieronymus,

1959 2122 2054 2178 lib.
2082 2138 2098 2176 ι
2122 2134 2304 2197 contra
2328 2122 2663 2197 Jovinianum
2686 2122 2828 2178 circa
2848 2124 3196 2195 principium:
3216 2122 3549 2197 Trigentare-

1958 2198 2195 2268 feruntur
2216 2196 2283 2248 ad
2306 2195 2532 2264 nuptias.
2559 2194 2700 2249 Nam
2719 2204 2768 2250 et
2795 2197 2909 2268 ipsa
2931 2194 3206 2267 digitorum
3228 2194 3545 2268 conjunctio,

1956 2267 2104 2335 quasi
2156 2267 2295 2319 molli
2340 2268 2672 2338 complexam
2718 2267 2894 2320 osculo
2922 2277 2970 2321 et
3006 2267 3550 2338 fwderansmtaritum

1955 2337 2119 2406 pingit
2146 2345 2193 2390 et
2231 2337 2517 2408 conjugem.
2565 2336 2845 2408 Sexaginta
2869 2354 2983 2392 vero
3006 2336 3080 2391 ad
3102 2339 3300 2405 viduas,
3325 2353 3383 2391 eo
3406 2337 3545 2408 quod

1956 2408 2009 2479 in
2032 2410 2267 2479 angustia
2289 2416 2335 2462 et
2355 2406 2681 2462 tribulatione
2699 2406 2818 2462 sunt
2838 2410 3049 2479 positce;
3071 2410 3207 2462 unde
3229 2419 3276 2463 et
3296 2406 3550 2479 superiori

1954 2477 2114 2546 digito
2157 2477 2896 2551 deprimunturrquantoque
2941 2482 3229 2551 maiorest
3276 2477 3550 2548 difﬁcultas

1952 2560 2174 2622 expertia
2200 2550 2463 2620 quondam
2504 2550 2783 2622 voluptatis
2812 2550 3060 2605 illecebris
3088 2550 3341 2604 abstinere
3355 2557 3548 2622 ,htanto

1953 2619 2122 2691 majus
2139 2619 2509 2693 estprazmium.
2526 2619 2698 2674 Porro
2716 2623 3015 2675 centesimus
3028 2637 3268 2675 numerus
3285 2619 3547 2693 (άὶιίῃξεητ

1954 2700 2050 2759 ter,
2092 2691 2281 2761 quwso,
2315 2694 2499 2758 lector,
2530 2692 2768 2759 attende)
2796 2694 2859 2745 de
2895 2694 3101 2747 sinistra
3130 2692 3435 2760 transfertur
3473 2691 3544 2742 ad

1955 2762 2235 2830 dexteram,
2287 2771 2333 2816 et
2362 2763 2574 2835 eisdem
2598 2761 2819 2835 quidem,
2849 2763 3044 2835 digitis,
3094 2764 3181 2817 sed
3220 2778 3322 2835 non
3369 2762 3548 2835 eadem

1953 2848 2129 2899 manu,
2153 2835 2335 2902 quibus
2355 2833 2407 2886 in
2438 2832 2567 2887 lteva
2583 2831 2755 2903 nupta:
2780 2831 3134 2903 signiﬁcantur
3161 2843 3207 2885 et
3232 2833 3419 2903 viduae,
3444 2831 3550 2882 cir-

1952 2906 2127 2958 culum
2169 2906 2407 2975 faciens,
2429 2902 2667 2975 exprimit
2696 2902 3001 2972 virginitatis
3028 2919 3288 2956 coronam.
3325 2902 3391 2975 Et
3424 2914 3547 2968 spe-

1953 2975 2145 3030 cialius
2170 2972 2201 3028 a
2227 2976 2367 3030 Beda
2399 2972 2536 3029 libro
2561 2974 2628 3028 de
2659 2975 2973 3031 numerandi
3002 2975 3209 3028 ratione
3236 2972 3550 3039 exprimun-

1958 3054 2064 3100 tur.
2127 3047 2451 3101 Tricesimus
2509 3061 2762 3101 numerus
2822 3046 2888 3101 de
2943 3045 3226 3112 digitorum
3282 3042 3545 3109 conjunc-

1951 3118 2097 3172 tione
2124 3119 2191 3172 ita
2217 3117 2514 3185 explicatur
2541 3134 2553 3169 :
2583 3115 2711 3170 Cum
2737 3118 2865 3170 dicis
2885 3116 3116 3185 triginta,
3143 3131 3330 3185 ungues
3362 3113 3549 3185 indicis

1952 3199 1999 3241 et
2036 3189 2235 3258 pollicis
2269 3183 2769 3260 b‘lando_con;'unges
2792 3183 3049 3258 amplexu.
3084 3183 3546 3260 Sexagesimusnin

242 3254 311 3323 {te
351 3268 591 3339 Virginis
620 3272 741 3324 a’lvo
773 3254 1002 3325 Verbum
1047 3254 1193 3325 tuum
1239 3254 1488 3326 humana;
1510 3254 1707 3325 nostra:
1749 3254 1843 3326 na-
1869 3273 1919 3339 ο
1954 3254 2095 3339 Ιιμὶιο
2150 3261 2414 3339 Ψοάυιῃηε
2446 3254 2715 3339 Pomm";
2760 3268 2817 3311 ηε
2854 3254 3017 3339 σξιρνα,
3056 3265 3335 3339 οιινυαξηυηέ
3377 3254 3548 3335 ίῐτάίοε

242 3346 381 3394 tune
411 3340 666 3395 videlicet
695 3342 998 3396 coadunare
1030 3341 1281 3407 voluisti;
1309 3342 1507 3408 alioqui
1536 3356 1727 3397 sensus
1760 3342 1847 3398 hic

239 3423 573 3479 sequeretur
613 3412 780 3468 Deum
832 3413 1065 3469 voluisse
1096 3414 1400 3469 coadunare
1431 3413 1660 3469 Verbum
1691 3428 1846 3469 suum

239 3480 426 3537 Beata:
460 3483 692 3552 Virginis
719 3484 866 3551 alvo,
889 3486 1080 3552 quiest
1117 3484 1559 3541 absurdissimns.

313 3554 447 3609 190.
490 3552 809 3609 Praesentem
837 3552 1231 3609 solemnitatem.
1288 3557 1341 3610 In
1372 3555 1570 3611 Codice
1608 3554 1847 3611 Rodradi

237 3621 442 3695 legitur
486 3633 511 3662 ⁸
542 3625 856 3681 Praesentem
894 3627 1258 3695 celebritatem.
1289 3627 1346 3681 In
1380 3626 1551 3681 Editis
1579 3636 1634 3683 et
1656 3628 1707 3681 in
1734 3626 1841 3682 Co-

238 3693 361 3769 dice
386 3696 606 3769 Ratoldi
636 3698 830 3768 legitur
864 3714 878 3750 :
905 3694 1016 3751 Fac
1045 3715 1135 3753 nos
1163 3699 1233 3750 ita
1258 3714 1518 3769 peragere.
1547 3698 1699 3769 Male.

237 3838 252 3849 _
304 3768 446 3849 191,
482 3766 624 3822 Pace
652 3766 905 3824 concessa.
947 3769 1065 3825 Non
1096 3778 1202 3824 tam
1242 3766 1461 3825 externa
1492 3768 1656 3840 311‘
1684 3783 1843 3839 quam

235 3848 482 3895 interna.

313 3908 445 3985 £92.
479 3909 909 3985 Divincegratiaz.
939 3911 1107 3983 Quam
1138 3912 1378 3985 angelus,
1405 3912 1561 3968 Lucae
1590 3927 1627 3981 ι,
1655 3912 1844 3983 ερρειέ

238 3979 319 4035 lat
349 3981 605 4037 virtutem
639 3979 920 4038 Altissimi.

316 4052 544 4107 195.11:
592 4053 1005 4123 Septuagesima.
1047 4056 1121 4109 De
1168 4053 1573 4124 Septuagesima
1621 4054 1843 4111 consule

238 4130 405 4195 notas
434 4133 488 4179 et
514 4125 918 4180 observationes
947 4137 1159 4181 nostras
1187 4129 1255 4181 ad
1299 4125 1653 4180 Concordiam
1685 4143 1843 4195 regu-

236 4194 420 4336 lsagum
467 4197 643 4252 sancti
692 4196 966 4252 Benedicti
1014 4197 1222 4254 abbatis
1272 4198 1519 4264 Anianaa,
1570 4212 1687 4268 cap.
1748 4194 1841 4265 56,

310 4336 473 4408 I94,
516 4335 586 4392 Ut
641 4339 854 4394 terrenis
900 4340 1349 4396 sustentationibus
1414 4338 1660 4408 expediti.
1708 4337 1842 4405 Quia

236 4416 373 4534 sine
402 4406 537 4464 olim
578 4412 1060 4468 ecclesiasticorum
1088 4412 1365 4468 hominum
1388 4406 1589 4481 jejunis
1614 4410 1841 4479 incipie-

309 4492 395 4534 nt.

309 4492 395 4535 nt.

312 4549 447 4625 195.
478 4549 549 4604 Et
578 4568 669 4622 per
698 4569 817 4608 eum
844 4554 1031 4619 cibum,
1065 4562 1161 4609 etc.
1189 4555 1323 4622 Quia
1349 4552 1498 4625 juxta
1540 4561 1840 4625 temporum

239 4621 619 4715 diversitatem
655 4640 683 4679 a
706 4625 828 4715 .Deo
852 4627 1005 4708 cibus
1032 4621 1276 4715 terrenus
1303 4621 1364 4708 et
1384 4625 1639 4708 spiritalis
1655 4621 1838 4715 datur,
1869 4654 1921 4715 Β

236 4699 496 4767 terrenus
524 4703 673 4750 extra
700 4695 962 4765 jejunium
986 4736 1002 4763 ,
1033 4697 1288 4767 spiritalis
1310 4698 1362 4751 in
1386 4697 1623 4767 jejunio;
1655 4696 1705 4750 id
1733 4705 1837 4760 est,

236 4778 367 4888 3:";
416 4764 667 4836 jejunant
704 4764 974 4836 homines,
1003 4764 1229 4837 spiritali
1289 4764 1411 4824 cibo
1443 4764 1625 4838 magis
1670 4766 1839 4822 abun-

309 4854 340 4888 ιι
372 4877 390 4888 .

271 4847 390 4893 ant.

311 4907 449 4963 l96.
477 4908 833 4965 Perventione.
864 4910 946 4965 Ad
973 4911 1134 4964 vitam
1159 4915 1436 4967 aeternam.

313 4980 449 5052 l97_.
483 4979 551 5034 In
590 4982 944 5052 Sexagesima.
992 4982 1288 5037 Concilium
1331 4980 1717 5052 Aurelianense
1762 4995 1835 5047 tv,

238 5063 366 5105 can.
401 5050 463 5117 2,
492 5049 749 5120 prohibet
784 5053 1113 5122 presbyteris
1152 5052 1386 5107 indicere
1433 5049 1836 5121 Sexagesimam

235 5132 291 5175 et
312 5122 830 5192 Quinquagesimam
860 5142 873 5178 ε
908 5122 1025 5178 Hoc
1052 5124 1203 5177 etiam
1231 5124 1548 5177 decernimus
1571 5127 1838 5176 observan—

238 5192 394 5255 dum,
434 5204 485 5246 ut
522 5194 924 5265 Quadragesima
955 5196 1025 5248 ab
1045 5194 1273 5248 omnibus
1302 5193 1546 5265 Ecclesiis
1571 5194 1839 5264 wqualiter

238 5268 514 5338 teneat_ur;
542 5264 1275 5338 neque:Quinquagesimam
1320 5276 1408 5321 aut
1455 5264 1841 5338 Sexagesimam

236 5343 361 5388 ante
390 5333 600 5389 Pascha
628 5336 839 5405 quilibet
869 5333 1107 5392 sacerdos
1143 5348 1419 5404 pra’sumat
1447 5333 1691 5391 indicere.
1732 5336 1840 5392 Sed

236 5407 535 5463 concilium
564 5422 669 5463 non
694 5408 963 5464 interdicit
989 5408 1169 5464 ol‘licio
1191 5408 1455 5478 ejusmodi
1485 5407 1715 5476 dierum,
1744 5406 1838 5464 sed

314 5550 344 5579 ⁸
375 5541 455 5596 Ex
481 5541 692 5597 Gemet.
717 5552 771 5599 et
802 5543 1013 5602 Theod.
1046 5545 1148 5601 hoc
1178 5544 1375 5602 festum
1398 5545 1701 5604 celebratur
1723 5560 1846 5602 cum

276 5612 429 5668 inilia
456 5613 703 5668 solemni.

234 5626 429 5683 Vigitta
456 5626 703 5668 soremm.

316 5684 351 5726 δ
381 5685 473 5740 Sic
501 5685 684 5762 habei
723 5686 905 5743 Codex
931 5686 1196 5759 Calensis,
1246 5690 1697 5762 consentiuntque
1743 5688 1847 5746 Ge-

236 5768 380 5813 met.
412 5770 475 5809 ac
500 5755 708 5811 Theod.

320 5840 343 5902 ξ
383 5827 456 5902 ita
493 5843 704 5902 quoque
734 5828 930 5902 legitur
960 5831 1013 5887 in
1037 5832 1243 5889 Gemet.

312 5898 344 5939 ά
383 5897 648 5957 Particula
676 5901 732 5956 in
761 5897 913 5961 dcest
939 5903 996 5961 in
1024 5903 1158 5961 Cod.
1192 5904 1403 5975 Gemet,

1948 3332 2279 3401 circumﬂexo
2310 3332 2588 3402 diligenter
2619 3347 2651 3383 a
2676 3331 2842 3399 [route
2862 3327 3160 3402 prtecinges.
3208 3327 3547 3402 Cente‘simus

1948 3402 2022 3456 ita
2056 3420 2069 3456 :
2101 3398 2304 3457 centum
2341 3398 2457 3456 vero
2481 3402 2533 3455 in
2556 3398 2789 3465 dextera,
2821 3398 3073 3469 quomodo
3104 3402 3157 3452 in
3199 3400 3324 3453 lteva
3348 3398 3541 3463 decem,

1946 3475 2126 3541 facies.
2150 3478 2217 3528 At
2236 3473 2421 3528 decem
2446 3474 2518 3527 ita
2548 3474 2682 3526 liunt
2705 3480 2924 3528 auctore
2947 3472 3136 3525 eodem
3170 3469 3311 3541 Beda
3337 3482 3498 3536 supra
3523 3484 3539 3520 :

1946 3540 2063 3597 cum
2084 3545 2213 3599 dicis
2245 3546 2439 3610 decem,
2483 3559 2706 3614 unguem
2758 3544 2940 3597 indicis
2977 3545 3030 3596 in
3064 3542 3230 3595 medio
3273 3540 3397 3614 ﬁges
3426 3552 3545 3592 artu

1947 3617 2171 3684 pollicis.
2202 3617 2338 3670 Dicit
2364 3623 2543 3669 autem
2560 3612 2782 3668 sanctus
2805 3614 3159 3684 Hieronymus
3184 3612 3541 3684 centesimum

1945 3683 2017 3741 de
2046 3688 2264 3743 sinistra
2294 3684 2570 3739 transferri
2600 3685 2666 3738 ad
2698 3683 3149 3750 dexteram,quia
3197 3683 3366 3751 prima
3393 3694 3542 3734 com-

1946 3758 2146 3827 putatio
2179 3758 2237 3811 lit
2288 3757 2456 3827 315
2509 3756 2563 3808 iu
2612 3755 2760 3827 laevae
2802 3770 3001 3827 manus
3031 3754 3233 3827 digitis,
3278 3766 3444 3827 usque
3472 3751 3543 3804 ad

1946 3823 2564 3896 centesimum'fquibus
2602 3824 2932 3896 decursislit
2962 3825 3220 3896 transitus
3256 3823 3323 3875 ad
3355 3824 3543 3896 dexte-

1945 3915 2083 3965 ratn,
2117 3901 2166 3953 in
2199 3890 2675 3967 qua’computatio
2704 3895 2889 3967 incipit
2942 3911 2972 3948 a
3019 3895 3333 3967 centesimo.
3375 3890 3538 3967 pride

1946 3960 2235 4032 iuvenalis,
2267 3978 2445 4037 satyra
2476 3960 2682 4022 decima
2714 3966 2783 4021 de
2810 3960 3028 4020 homine
3069 3966 3311 4035 longevo
3357 3960 3492 4016 dixit
3522 3977 3537 4013 :

2074 4080 2213 4131 Felix
2238 4080 2487 4138 nimirum,
2514 4079 2597 4140 qui
2618 4090 2707 4140 per
2727 4084 2800 4128 tot
2817 4076 2997 4126 saecula
3019 4078 3232 4126 mortem

2070 4143 2288 4202 Distulit,
2312 4149 2459 4205 atque
2481 4154 2597 4190 suos
2618 4140 2796 4189 dextra
2815 4141 2914 4202 jam
2937 4144 3186 4202 computat
3204 4150 3374 4188 annos.

1948 4223 2015 4284 Et
2056 4243 2174 4282 cum
2206 4236 2416 4282 ventum
2445 4234 2528 4281 est
2552 4226 2618 4279 ad
2646 4226 2832 4280 decem
2876 4226 3066 4292 millia,
3100 4226 3152 4279 in
3183 4226 3316 4281 laiva
3358 4224 3539 4281 denuo

1947 4307 2345 4367 computantur,
2376 4312 2498 4352 cum
2533 4298 2722 4366 supina
2755 4298 2808 4351 in
2838 4298 3017 4353 medio
3052 4299 3281 4365 pectoris
3310 4297 3533 4365 apponi-

1948 4379 2051 4436 tur,
2087 4370 2159 4424 ait
2187 4370 2350 4425 Beda.
2388 4369 2537 4423 Unde
2559 4367 2715 4435 jocus
2740 4368 2986 4424 Nicarchi
3018 4379 3208 4436 poetas,
3238 4368 3329 4422 lib.
3356 4383 3393 4422 ιι
3422 4372 3537 4427 Λιιστ

1946 4442 2197 4512 thologia:
2226 4442 2278 4495 in
2309 4439 2594 4510 quamdam
2622 4454 2783 4494 anum
2810 4440 3051 4495 vivacem
3084 4439 3371 4494 admodum
3405 4455 3422 4495 :

2780 4530 2840 4587 Ἢ
2864 4535 3003 4611 χειρὶ
3023 4532 3135 4611 Ma

2092 4612 2263 4682 Γῆρας
2286 4607 2614 4681 ἀριθμεῖσθαι
2636 4604 2874 4681 δεύτερον
2892 4604 3176 4680 agapen.

2020 4698 2076 4753 Id
2104 4706 2206 4764 est,
2256 4713 2374 4767 quae
2402 4699 2532 4753 laeva
2571 4697 2749 4753 denuo
2780 4711 2938 4751 manu
2977 4700 3309 4749 senectutem
3353 4691 3542 4765 incipit

1948 4778 2258 4839 computare
2292 4769 2337 4823 ι.

2018 4834 2145 4895 200.
2199 4840 2347 4893 Adsit
2387 4840 2550 4893 nobis.
2585 4838 2641 4893 ln
2665 4837 2863 4893 Codice
2892 4836 3179 4893 Bhemensi
3228 4834 3445 4907 Legitur
3475 4843 3541 4890 stt

1949 4914 2146 5037 magi.
2197 4980 2261 5035 Et
2300 4981 2611 5047 sacriﬁcium
2649 4979 3029 5033 celebrandum.
3063 4979 3135 5032 lla
3168 4977 3218 5032 iu
3252 4977 3541 5033 Codicihus

1951 5052 2191 5108 Rodradi
2230 5062 2285 5108 et
2331 5052 2574 5117 llatoldi,
2620 5060 2675 5104 et
2714 5052 2852 5119 apud
2894 5051 3207 5106 Pamelium.
3272 5049 3325 5102 In
3370 5048 3541 5119 Editis

1950 5134 2006 5179 et
2036 5126 2089 5178 in
2122 5124 2316 5179 Missali
2352 5124 2591 5176 Romano
2633 5118 2847 5189 legitur,
2878 5132 2924 5174 et
2954 5122 3021 5175 ad
3052 5120 3361 5190 sacri/icium
3404 5118 3539 5190 cele-

1949 5195 2218 5249 brandum.
2254 5205 2277 5240 8
2331 5195 2381 5247 lu
2412 5194 2609 5248 Codice
2634 5187 2920 5246 Rhemensi
2944 5204 3027 5248 est
3051 5193 3148 5246 alia
3180 5187 3401 5245 Oratio:
3437 5187 3539 5241 Sa-

1950 5266 2223 5335 criﬁcium,
2274 5266 2515 5329 Domine,
2572 5263 2902 5317 observantia:
2951 5262 3207 5335 paschalis
3252 5261 3537 5335 o/ferimus,

1950 5328 2055 5393 etc.
2095 5328 2563 5392 Uhi'observantia
2598 5336 2860 5404 paschalis
2891 5328 2975 5389 est
3003 5334 3264 5404 jejunium
3298 5328 3539 5404 Quadra-

1947 5408 2222 5481 gesimale,
2250 5411 2370 5478 quia
2395 5409 2523 5462 illud
2554 5402 2635 5462 est
2657 5407 2899 5477 quaedam
2922 5402 3281 5476 ad'pas'chalis
3303 5402 3422 5454 lesti
3451 5412 3535 5453 ce-

2035 5554 2056 5581 °
2091 5544 2162 5601 lta
2195 5546 2246 5600 in
2272 5545 2437 5616 priori
2467 5544 2671 5601 Theod.
2696 5544 2831 5600 Atin
2856 5544 3067 5599 Gemet.
3095 5537 3320 5606 legitur:
3352 5541 3434 5609 [ac
3449 5553 3542 5594 nos

1954 5616 2029 5673 ita
2058 5617 2192 5670 hunc
2217 5618 2351 5671 diem
2379 5634 2642 5688 peragere.
2783 5687 2788 5688 γ
2840 5680 2843 5681 ν

2037 5688 2055 5726 ῖ
2072 5688 2211 5763 pum
2240 5676 2456 5759 collegit
2481 5676 2991 5763 huicueruditissimns
3022 5676 3543 5763 Lieuardus‘egregie

1955 5749 2278 5816 confirmant
2305 5776 2335 5812 a
2370 5749 2525 5814 nobis
2554 5749 2692 5813 dicta
2724 5758 2777 5813 in
2806 5765 2929 5811 nota
2956 5754 2989 5807 d
3016 5754 3084 5808 ad
3113 5751 3261 5806 hom.
3293 5749 3347 5806 5.
3373 5749 3477 5814 lib,
3507 5767 3543 5807 tt

1954 5830 2009 5887 in
2032 5830 2252 5897 Ezech.,
2286 5847 2436 5886 num.
2469 5831 2551 5884 12.

2031 5912 2056 5950 κ
2081 5902 2157 5958 lta
2183 5895 2395 5973 quoque
2423 5903 2475 5958 in
2497 5900 2628 5957 Cod.
2653 5900 2784 5970 Reg.
2818 5895 3049 5955 Sueciae.
