4042 6350
261 364 370 421 313

1025 363 1091 419 IN
1127 363 1186 422 S.
1228 363 1558 426 GREGORH
1598 364 1858 424 LIBRUM
1895 365 2505 429 SACRAMENTORUM
2543 371 2793 430 NOTE.

3415 386 3556 448 5M:

258 478 359 533 tiat
436 475 749 559 orationem
785 475 1035 559 .dioendo
1100 478 1357 534 duntaxat
1426 478 1678 559 O_r_emus,
1743 495 1839 559 pro
1865 482 2231 559 Agapiendus
2302 492 2625 559 est‘canon
2662 496 2875 546 'sextus
2948 490 3189 559 eiusdem
3253 497 3468 551 concilii
3507 518 3551 557 εκ

258 563 416 605 more
439 549 623 613 solito,
655 547 752 604 sed
784 547 999 615 insuper
1037 559 1218 620 monet
1260 565 1357 618 pro
1396 552 1591 619 quibus
1628 561 1682 606 et
1708 547 1837 620 quid

255 620 523 676 orandum
562 621 664 685 sit,
696 619 1141 689 quemadmodum
1172 620 1300 675 olim
1342 621 1593 677 usitatum
1632 619 1752 678 erat
1781 623 1836 679 in

253 689 509 747 omnibus
563 692 790 745 aliarum
835 690 1111 745 Missarum
1158 692 1535 757 Orationibus,
1575 708 1697 749 cum
1743 709 1833 749 sa-

251 764 452 819 cerdos
494 762 745 832 populum
775 762 845 817 de
878 762 1132 817 Oratione
1178 775 1453 832 moneret,
1501 773 1560 819 ut
1609 766 1833 821 manife-

250 845 396 889 stum
429 841 519 890 est
542 848 608 889 ex
637 833 807 889 sancti
830 834 1105 902 Augustini
1133 836 1288 904 epist.
1316 836 1438 902 107,
1461 836 1527 891 ad
1558 835 1787 892 Vitaletn
1814 854 1828 891 :

253 905 456 960 Exerce
481 918 661 978 contra
694 905 967 978 Orationes
1014 904 1259 978 Ecclesia:
1288 906 1654 977 disputationes
1698 918 1831 978 tuas,

250 986 298 1031 et
325 977 537 1045 quando
558 976 709 1032 audis
729 977 1040 1031 sacerdotem
1072 975 1168 1029 Dei
1191 978 1260 1031 ad
1289 975 1453 1033 altare
1482 975 1834 1035 exhortantem

251 1050 507 1115 populum
536 1046 628 1101 Dei
659 1064 806 1102 orare
834 1064 929 1116 pro
955 1046 1253 1111 incredulis,
1274 1058 1331 1102 ut
1359 1066 1445 1103 eos
1469 1050 1603 1103 Deus
1629 1067 1836 1105 convcr-

251 1128 327 1171 tat
373 1120 445 1171 ad
475 1120 660 1185 fidem;
701 1129 748 1174 et
776 1134 870 1188 pro
910 1120 1299 1183 catechumenis,
1328 1129 1384 1173 ut
1415 1121 1485 1174 eis
1525 1120 1833 1175 desiderium

249 1191 664 1261 regenerationis
694 1192 943 1260 inspiret;
971 1198 1019 1244 et
1049 1206 1140 1256 pro
1161 1190 1416 1259 fidelibus,
1440 1202 1495 1245 ut
1512 1193 1573 1263 in
1600 1208 1658 1245 eo
1694 1194 1832 1263 quod

249 1278 359 1315 esse
389 1272 649 1335 creperum
673 1265 783 1335 ejus
802 1277 1009 1316 munere
1035 1272 1393 1335 perseruerent.
1421 1261 1833 1335 Subsanna'pias

248 1348 416 1397 rores,
449 1333 595 1403 etidic
624 1341 671 1386 te
695 1333 800 1387 non
830 1338 995 1403 facere
1019 1334 1155 1401 quod
1186 1334 1441 1389 hortatur.
1721 1333 1728 1335 “
1768 1367 1786 1383 ι

317 1404 455 1457 2M.
484 1402 785 1458 Flectamus
809 1402 992 1472 genua.
1040 1404 1202 1459 Vetus
1242 1414 1325 1460 est
1370 1406 1701 1461 consuetudo
1742 1422 1832 1463 ec-

245 1474 554 1548 clesiastica
608 1486 662 1529 ut
718 1474 1585 1548 diaconusclamettFlectamus
1632 1494 1830 1548 genua;

246 1560 410 1609 quam
442 1547 627 1601 videre
647 1557 731 1602 est
768 1547 913 1601 hom.
946 1547 1014 1603 54
1034 1547 1206 1603 sancti
1235 1547 1450 1602 Caesarii
1472 1547 1828 1605 Arelatensis:

249 1616 394 1671 Nam
428 1620 552 1671 dum
598 1622 886 1687 frequenter
909 1659 925 1680 ,
963 1619 1094 1671 sicut
1124 1626 1343 1687 oportet,
1374 1629 1421 1671 et
1449 1620 1715 1689 diligenter
1744 1630 1823 1674 ate

250 1690 425 1754 tendo,
453 1689 713 1744 clamante
742 1689 962 1743 diacono
994 1689 1297 1745 Flectamus
1325 1705 1518 1759 genua,
1552 1691 1828 1745 maximam

248 1768 449 1829 partem
478 1760 660 1829 populi
695 1761 825 1815 sicut
853 1762 1117 1815 columnas
1154 1769 1345 1815 erectas
1389 1771 1525 1815 stare
1548 1762 1825 1831 conspicio,

244 1833 385 1900 quod
414 1832 718 1885 Christianis
741 1872 757 1898 ,
790 1832 913 1887 dum
962 1834 1015 1886 in
1052 1832 1262 1885 ecclesia
1308 1843 1506 1899 oratur,
1552 1850 1656 1887 non
1684 1834 1823 1900 licet,

1940 551 2167 629 Itemque
2182 558 2362 629 puella
2393 555 2492 629 Dei
2508 575 2600 612 nec
2619 551 3028 629 familiaritatem
3042 563 3226 619 habeat
3246 581 3367 619 cum
3391 551 3521 621 con;

1937 626 2147 697 fessore.
2182 624 2255 704 Ita
2278 627 2426 704 dicti,
2454 630 2577 704 quia
2600 624 2845 704 conﬁteri
2868 635 3064 704 passim
3095 636 3146 689 in
3170 651 3321 690 sacra
3345 639 3519 704 scrip-

1938 705 2057 775 t_ura
2097 707 2178 752 est
2223 699 2554 775 Dei__laudes
2600 699 2908 775 decantare.
2940 703 3071 759 Cum
3116 705 3275 775 igitur
3312 707 3367 762 in
3416 699 3520 764 hoc

1937 768 2349 846 Sacramenlarii
2375 769 2494 846 loco
2533 775 2733 830 mentio
2765 774 2854 829 ﬁat
2882 777 3117 830 omnium
3134 768 3515 846 'personarum

1938 838 2225 919 Dei_cultui
2266 843 2710 919 mancipalarum,
2746 860 2841 913 par
2868 855 2950 901 est
2978 838 3200 902 credere
3230 849 3284 903 in
3322 863 3389 904 eo
3418 865 3515 919 per

1936 910 2273 985 confessores
2298 910 2517 985 intelligi
2542 910 2788 971 cantores
2815 932 2907 973 seu
2930 919 3254 983 psalmistas.

2005 979 2135 1060 2_l7.
2174 979 2496 1060 Virginibus:
2515 985 2885 1060 [intelliguntur
2904 979 3137 1060 virgines
3159 989 3387 1060 devotae,
3412 1005 3511 1047 seu

1937 1052 2211 1131 professae,
2240 1052 2347 1131 _lio_c
2384 1066 2465 1111 est
2492 1071 2610 1126 qua:
2649 1052 2761 1115 Deo
2782 1052 3142 1131 virginitatem
3177 1052 3512 1128 devoverint,

1934 1123 2002 1179 de
2022 1125 2213 1192 quibus
2240 1126 2396 1180 intra.

2005 1194 2131 1271 _2t_8.
2169 1196 2369 1271 Viduis.
2401 1198 2654 1271 Similiter
2676 1200 3040 1271 intelliguntur
3066 1202 3168 1257 illae
3192 1203 3366 1258 viduae
3384 1220 3505 1271 quas

1935 1263 2247 1390 viduitaterm
2278 1269 2507 1325 solemni
2536 1271 2639 1325 ritu
2672 1263 2930 1342 professa:
2958 1273 3171 1342 iuerint,
3212 1275 3278 1332 de
3313 1263 3511 1345 quibus

1935 1352 1967 1390 θ
1995 1354 2097 1390 lam
2121 1356 2171 1390 tn
2202 1354 2276 1390 ra.

1935 1346 2097 1393 etiam
2121 1346 2276 1394 intra.

2002 1408 2135 1482 ἓιί9Σ
2159 1409 2265 1482 Pro
2288 1408 2720 1482 Cltristianissimo
2750 1430 2866 1482 rege
2894 1422 3088 1468 nostra.
3114 1415 3190 1470 Ita
3236 1416 3288 1469 in
3321 1415 3515 1472 Editis;

1933 1480 1988 1554 ln
2039 1490 2065 1518 ³
2098 1479 2293 1536 Codice
2332 1481 2628 1537 Rhemensi
2676 1479 2870 1554 legitur
2922 1484 3028 1539 Pro
3080 1485 3519 1542 Christianissimo

1934 1552 2261 1620 imperatore,
2297 1554 2375 1607 vel
2403 1569 2521 1623 rege
2550 1552 2747 1608 nostra.
2776 1556 2830 1609 ln
2862 1555 3149 1609 Codicihns
3179 1556 3435 1622 Rodradi,
3464 1566 3523 1613 et

1938 1622 2169 1696 ltatoldi,
2202 1633 2255 1677 et
2295 1626 2433 1692 apud
2462 1622 2763 1696 Pamelium
2793 1644 2811 1680 :A
2844 1624 2910 1678 Et
2949 1642 3040 1696 pro
3070 1626 3515 1681 Cltristianissimo

1933 1694 2236 1764 imperatore
2264 1705 2459 1749 nostra.
2486 1695 2543 1750 ln
2572 1697 2772 1752 Ordine
2802 1694 3043 1751 Romano
3076 1698 3189 1753 hzec
3218 1698 3480 1751 habentur
3504 1715 3519 1752 :

1932 1764 2123 1820 Postea
2161 1781 2278 1838 uero
2300 1767 2423 1820 dicit
2450 1783 2543 1838 pro
2572 1784 2689 1838 rege
2726 1767 3066 1835 Francorum,
3111 1770 3210 1823 sire
3234 1784 3327 1838 pro
3354 1769 3522 1835 impe-

1933 1846 2126 1892 ratore.
2160 1836 2217 1890 In
2244 1836 2457 1892 Codice
2482 1836 2697 1893 Titiano
2722 1881 2737 1903 ,
2767 1839 2895 1894 feria
2935 1839 3000 1902 4,
3038 1840 3118 1893 sic
3162 1836 3361 1894 habet:
3388 1838 3520 1894 Post

243 1918 335 1979 nec
375 1904 604 1979 expedit.
646 1904 712 1957 Et
757 1904 807 1979 in
866 1905 971 1979 line
1011 1903 1252 1979 I_l_omili:e
1290 1920 1302 1957 :
1336 1902 1403 1956 Et
1441 1905 1834 1979 quotiescunque
1862 1908 1911 1969 B
1938 1908 2298 1978 imperatorem
2320 1924 2437 1963 vero
2460 1908 2585 1963 dicit
2608 1927 2699 1978 pro
2722 1902 2839 1979 rege
2859 1908 3200 1964 Francorum.
3231 1911 3336 1965 Sed
3358 1910 3522 1966 nulla:

242 1974 498 2044 diaconus
529 1975 822 2027 clamaverit
848 1982 901 2027 ut
934 1976 984 2028 in
1020 1975 1265 2028 Oratione
1292 1991 1459 2044 genua
1499 1977 1721 2040 flectere,
1743 1984 1832 2029 aut

240 2043 609 2098 Benedictioni
646 2045 895 2099 inclinare
937 2046 1109 2115 capita
1157 2043 1401 2116 debeatis,
1457 2044 1748 2100 obedienter
1784 2055 1833 2101 et

238 2116 615 2186 ﬁdelitericum
645 2132 758 2170 vera
790 2117 1082 2169 humilitate
1110 2117 1337 2186 faciatis.
1392 2147 1405 2160 -

312 2186 450 2240 242.
481 2185 754 2259 Postquam
796 2190 1068 2242 oraverint.
1100 2187 1238 2247 Olim
1268 2196 1550 2259 postquam
1572 2186 1829 2245 diaconus

234 2257 890 2342 clamaverat_Flectaniits
922 2276 1138 2342 genua,“
1167 2257 1416 2342 populus
1437 2260 1648 2342 orabat.
1676 2260 1829 2342 Jcsse

234 2331 646 2397 Ambianensis,
677 2330 731 2387 in
752 2328 975 2399 epistola
1015 2330 1081 2385 de
1102 2328 1456 2400 Baptissimo:
1488 2328 1831 2384 Postmodum

234 2402 623 2455 admoneamur
648 2419 679 2454 a
718 2404 955 2465 diacono,
993 2402 1170 2468 Orate,
1200 2402 1368 2465 electi,
1399 2402 1585 2469 flectite
1626 2417 1828 2471 genua;

235 2481 289 2527 et
311 2485 589 2543 postquam
610 2474 888 2539 oraverint,
913 2474 1035 2527 dicit
1060 2471 1300 2528 :chate.
1327 2472 1696 2542 Orabaturque
1727 2475 1827 2527 sub

235 2545 483 2598 silentio.
520 2543 674 2600 Unde
701 2546 756 2599 in
806 2544 941 2600 Cod.
977 2544 1173 2600 Bhem.
1207 2543 1274 2598 Et
1297 2544 1504 2597 nuntiat
1528 2544 1779 2599 diaconus
1806 2560 1826 2599 :

234 2616 420 2740 3%
434 2614 733 2671 Flectamus
762 2633 949 2688 genua,
982 2625 1029 2671 et
1056 2615 1275 2685 populus
1306 2616 1438 2670 silet.

426 2727 439 2740 .
497 2687 636 2740 Dicit
667 2688 844 2740 levate.
895 2688 1183 2740 Diaconus.
1234 2686 1438 2740 Oratior

426 2727 439 2740 .
497 2687 636 2740 Dicit
667 2686 844 2741 levate.
895 2688 1183 2749 Diaconus.
1234 2686 1492 2741 Oratione
1532 2687 1822 2757 completa,

232 2758 365 2813 olim
397 2759 709 2824 clamabat,
744 2758 966 2824 Levate;
996 2759 1136 2829 quod
1171 2758 1353 2814 videre
1394 2766 1475 2812 est
1516 2757 1645 2829 loco,
1663 2764 1827 2814 citato

231 2830 389 2886 Iesse
421 2831 841 2885 Ambianensis:
876 2828 1155 2900 Postquam
1184 2828 1825 2891 oraverint,dicatLevate.

232 2901 298 2956 Et
320 2903 375 2955 in
409 2902 549 2957 Cod.
595 2901 827 2971 Rhemur
849 2902 979 2957 feria
1010 2902 1043 2953 6
1087 2901 1306 2971 majoris
1329 2900 1677 2956 hebdomadas
1711 2919 1724 2953 :
1757 2900 1826 2955 Et

230 2974 448 3044 nuntiat
487 2974 741 3027 diaconus
784 2970 1082 3027 Flectamus
1113 2970 1301 3044 genua,
1346 2982 1391 3026 et
1443 2971 1666 3044 populus
1690 2972 1822 3027 silet.

232 3043 375 3097 Dicit
419 3042 628 3109 Levate,
659 3054 703 3098 et
724 3045 811 3097 dat
839 3042 1155 3098 Orationem.
1194 3047 1320 3109 Quae
1345 3044 1527 3097 ultima
1562 3043 1745 3109 verba,
1778 3054 1825 3097 et

231 3118 317 3169 dat
350 3116 681 3188 Orationem,
711 3116 1053 3188 intelligenda
1079 3123 1205 3188 sunt
1231 3116 1296 3188 de
1323 3114 1560 3185 pontillc.
1594 3112 1660 3188 Et
1684 3113 1825 3188 apud

230 3188 546 3252 Alcuinurn,
599 3186 691 3241 lib.
750 3187 818 3241 de
867 3184 1060 3241 divinis
1104 3184 1346 3251 Ofﬁciis,
1408 3200 1528 3255 cap.
1581 3184 1649 3239 de
1691 3184 1823 3240 feria

230 3269 409 3323 sexta,
468 3273 590 3328 qu;
628 3267 681 3311 et
713 3271 1001 3326 parasceve
1029 3257 1223 3311 dicitur
1251 3273 1267 3310 :
1315 3257 1450 3312 Dicit
1484 3256 1702 3328 Oremus
1727 3272 1747 3321 ;
1776 3264 1825 3310 et

229 3326 501 3384 diaconus
534 3326 833 3383 Flectamus
884 3345 1081 3395 genua;
1136 3329 1253 3383 item
1303 3328 1551 3384 diaconus
1617 3326 1824 3391 Levate,

228 3414 270 3455 et
325 3402 576 3469 pontifex
618 3400 707 3454 dat
750 3399 1069 3456 Orationem.
1120 3400 1187 3453 Et
1218 3402 1266 3454 in
1298 3398 1429 3454 Cod.
1458 3399 1686 3463 Tiliano,
1736 3400 1827 3454 ubi

228 3474 405 3538 agitur
437 3472 508 3526 de
556 3472 655 3525 hac
698 3470 829 3526 feria
859 3479 1005 3525 sexta
1042 3488 1055 3523 :
1095 3469 1164 3525 Et
1193 3471 1328 3523 dicat
1360 3473 1598 3537 Orentus,
1637 3479 1685 3522 et
1716 3470 1829 3522 dia-

228 3560 391 3597 cessus
423 3541 725 3613 Flectamus
757 3558 956 3613 genua;
988 3551 1035 3596 et
1081 3552 1188 3596 oret
1209 3543 1534 3613 diutissime;
1566 3548 1614 3595 et
1652 3542 1829 3613 diaco-

229 3630 325 3667 nus
357 3616 507 3667 dicat
531 3612 734 3669 Levate.
758 3610 931 3668 Hodie
967 3627 1093 3667 vero
1121 3616 1179 3669 τὸ
1211 3612 1394 3666 Levate
1431 3612 1623 3667 dicitur
1651 3626 1681 3664 a
1709 3610 1831 3665 sub-

228 3686 487 3740 diacouo.
517 3684 784 3739 Praeterea
817 3682 1105 3739 notandum
1141 3694 1223 3738 cst
1247 3684 1301 3737 in
1330 3683 1535 3738 Ordine
1561 3682 1827 3747 Romano,

228 3759 279 3811 in
306 3760 505 3811 ordino
556 3756 623 3811 de
646 3755 777 3811 feria
808 3765 979 3821 sexta,
1006 3756 1058 3809 in
1081 3754 1170 3810 his
1201 3754 1532 3810 solemnibus
1562 3752 1830 3807 Orationi-

228 3827 348 3893 bus,
386 3830 639 3892 Oremus,
684 3826 1003 3881 dilectissimi
1034 3828 1176 3880 nobis
1201 3869 1214 3892 ,
1259 3842 1352 3895 pro
1393 3824 1630 3879 Ecclesia
1654 3832 1831 3878 sancta

228 3896 346 3965 Dei,
382 3908 520 3961 etc.,
549 3906 756 3952 tantum
800 3897 903 3952 dici
931 3910 959 3949 a
999 3898 1224 3952 diacono
1252 3896 1441 3950 Levate
1465 3937 1479 3960 ,
1509 3895 1563 3949 in
1596 3896 1701 3949 line
1730 3908 1829 3948 cu-

226 3969 423 4040 jusque
448 3969 747 4036 Orationis,
776 3984 881 4038 quo
911 3967 1054 4040 dicto
1078 3969 1205 4023 dicit
1235 3968 1487 4022 sacerdos
1513 3966 1615 4021 Per
1644 3965 1830 4040 D_omi-

226 4036 371 4107 num,
405 4041 459 4095 in
492 4041 640 4094 hunc
668 4036 890 4095 modum
921 4055 955 4110 :7
973 4038 1309 4109 Omnipotens
1342 4040 1639 4110 simpiterne
1670 4036 1825 4110 Deus,

226 4114 314 4182 qui
341 4113 575 4183 gloriam
606 4120 770 4183 tuum,
795 4121 900 4167 etc.
925 4108 1139 4164 Levate.
1168 4110 1269 4165 Per
1290 4108 1544 4183 eumdem.
1578 4108 1830 4183 Omnipo-

226 4179 689 4308 gns'oempiterne
711 4181 872 4251 Deus,
904 4184 1052 4253 cujus
1072 4183 1299 4251 judicio,
1332 4190 1441 4237 etc.
1475 4181 1680 4235 Levate.
1719 4179 1825 4234 Per

279 4271 543 4308 ommum.

279 4271 543 4309 omnium.

294 4326 433 4398 2M.
480 4326 861 4381 Tantummodo
894 4340 985 4398 pro
1008 4343 1063 4382 se
1092 4324 1400 4398 intermittit,
1446 4332 1555 4398 etc.
1613 4322 1714 4398 l_ta_
1743 4320 1832 4398 ᾼΙ-

224 4396 445 4462 cuinus,
478 4413 600 4466 cap.
645 4412 807 4467 supra
835 4391 997 4454 citato
1045 4398 1111 4453 de
1142 4398 1269 4453 feria
1304 4396 1336 4447 4
1369 4394 1596 4467 majoris
1630 4391 1834 4467 hebdo-

225 4472 400 4541 madas
423 4487 449 4541 :7
473 4464 596 4523 Hoc
622 4464 857 4535 scientes,
892 4479 947 4523 ut
967 4471 1103 4539 quod
1125 4468 1359 4541 pontifex
1384 4482 1477 4539 pro
1502 4481 1555 4519 se
1580 4464 1834 4519 intermit-

226 4540 307 4607 tit,
336 4542 411 4593 ibi
434 4540 584 4593 illum
606 4549 1017 4596 commemorent.

294 4604 433 4667 345.
478 4610 590 4666 Pro
614 4610 817 4682 Judreis
850 4628 954 4665 non
1007 4611 1370 4682 genuflectunt.
1422 4609 1477 4664 In
1526 4604 1823 4682 ϐοά-’τίκ

1935 1980 2275 2043 assignantur
2294 1979 2642 2048 particulares
2670 1981 2973 2049 Orationes,
2998 1996 3098 2037 nec
3126 1983 3177 2035 in
3203 1982 3333 2035 feria
3356 1980 3408 2034 6.

2007 2049 2135 2104 950.
2194 2050 2407 2119 Respice
2463 2052 2532 2104 ad
2580 2050 2934 2105 Romanorum
2984 2063 3132 2119 atque
3194 2050 3522 2105 Francorum

1936 2119 2181 2188 benignus
2219 2121 2507 2189 imperium.
2555 2122 2629 2177 Ita
2670 2122 2722 2176 in
2771 2122 3014 2177 Escusis.
3054 2122 3110 2174 ιιι
3150 2120 3346 2177 Codice
3378 2123 3521 2177 lihe-

1934 2192 2110 2246 mensi
2136 2192 2335 2265 legitur
2367 2210 2381 2247 :
2426 2193 2637 2263 Respice
2667 2194 2915 2265 propitius
2955 2194 3115 2265 323
3145 2194 3212 2246 ad
3236 2192 3521 2265 Romano-

1934 2278 2073 2334 rum,
2102 2261 2215 2334 sive
2234 2261 2284 2313 Γ
2288 2261 2563 2317 raucorum
2604 2261 2847 2334 benignus
2894 2261 3190 2334 impie—rium.
3236 2262 3292 2316 ln
3319 2263 3520 2318 Codice

1934 2332 2190 2395 ltodradi,
2217 2342 2271 2387 et
2291 2334 2430 2401 apud
2461 2332 2755 2390 Pameliunt
2790 2352 2803 2387 :
2829 2335 3043 2404 Respice
3074 2335 3141 2387 ad
3167 2333 3519 2404 Romanorum

1933 2404 2179 2473 benignus
2208 2405 2498 2473 imperium.
2526 2404 2554 2444 ιι
2586 2405 2643 2459 ln
2670 2404 2870 2461 Codice
2899 2402 3110 2459 ltatoldi
3147 2422 3160 2457 :
3192 2404 3409 2471 Respice
3450 2402 3539 2469 ad,

1934 2476 2306 2539 Romanorum,
2334 2476 2437 2532 sive
2460 2474 2801 2539 Francorum,
2838 2476 3085 2545 benignus
3114 2476 3409 2542 imperium.

2003 2546 2127 2601 251.
2159 2547 2355 2612 Quibus
2380 2548 2615 2617 expletis,
2645 2556 2749 2603 etc.
2780 2546 2916 2602 Nota
2946 2547 3046 2601 hac
3066 2546 3155 2601 die
3184 2546 3281 2600 has
3309 2546 3520 2617 Oratio-

1932 2632 2029 2673 nes
2078 2617 2185 2673 dici
2216 2616 2589 2688 quidemolim
2627 2619 2813 2674 solitas
2841 2619 3083 2688 proxime
3126 2628 3255 2674 ante
3279 2616 3517 2684 Missam,

1932 2688 2026 2746 sed
2052 2689 2231 2759 aliquo
2265 2688 2569 2744 intervallo.

2003 2758 2313 2814 25'2Jllora
2342 2771 2535 2815 octava.
2570 2760 2625 2815 Id
2667 2768 2772 2827 est,
2813 2760 3047 2816 secunda
3088 2767 3209 2829 post
3235 2758 3516 2814 meridiem

1925 2830 2077 2901 juxta
2108 2832 2382 2900 antiquam
2404 2830 2697 2901 incipiendi
2721 2830 2827 2887 diei
2860 2840 2915 2887 et
2944 2833 3198 2886 horarum
3227 2845 3518 2885 numerau-

1931 2902 2117 2957 darum
2146 2902 2426 2956 rationem.

2002 2972 2130 3029 255.
2160 2972 2375 3029 Schola.
2400 2972 2593 3030 Schola
2618 2974 2670 3029 in
2695 2972 2899 3028 Ordine
2922 2972 3184 3038 Romano,
3214 2979 3271 3027 et
3291 2970 3344 3026 in
3365 2970 3524 3028 libris

1929 3043 2396 3100 Sacramcntorum
2429 3056 2511 3101 εει
2551 3045 2835 3115 collegium
2873 3052 3169 3099 cantorum.
3208 3042 3271 3115 Si
3298 3043 3513 3110 quidem

1930 3116 2058 3171 olim
2091 3117 2270 3172 clerici
2308 3130 2496 3171 omnes
2536 3116 2591 3169 in
2637 3113 2861 3172 ecclesia
2900 3129 3005 3169 non
3042 3113 3374 3179 cantabant;
3422 3115 3519 3169 sed

1931 3196 2087 3243 erant
2112 3188 2327 3256 quidam
2345 3196 2591 3244 cantores
2629 3202 2661 3240 a
2689 3187 2903 3243 caneris
2928 3186 3245 3256 clericorum
3262 3185 3523 3256 gradibus

1934 3254 2197 3325 distincti,
2242 3257 2365 3314 huic
2413 3259 2620 3315 muneri
2655 3256 2905 3313 obeundo
2946 3255 3210 3326 deputati,
3246 3266 3303 3309 ut
3338 3254 3522 3310 videre

1857 3301 1903 3364 ο
1932 3301 3131 3400 2;:aiataiates;ii.'.§.'.;,"a;.;'fi0:333.
3151 3301 3521 3400 ἰεῖφρμιξιιιθο-

1928 3404 2033 3473 logi
2063 3402 2231 3473 nostri
2266 3403 2406 3458 inter
2432 3418 2525 3459 eos
2555 3396 2647 3469 qui
2673 3399 2887 3473 proprie
2928 3396 3205 3473 ordinibus
3241 3396 3520 3453 initiantur

1934 3468 2037 3528 non
2070 3472 2245 3528 solent
2276 3468 2597 3537 recensere;
2649 3468 2703 3527 et
2730 3468 2789 3525 in
2810 3471 3008 3525 concil.
3042 3468 3363 3534 Laodiceno,
3394 3484 3517 3523 can.

1932 3545 2002 3620 15
2028 3563 2040 3599 :
2065 3548 2185 3620 περὶ
2210 3551 2279 3615 μὴ
2307 3545 2409 3601 δεῖν
2439 3546 2567 3603 πλὴν
2591 3551 2690 3598 τῶν
2708 3542 3200 3620 ῃᾳνονικῶνὴψαλςτῶν
3222 3542 3406 3596 ἐπίτόν
3421 3537 3523 3611 ἅμα

1934 3617 2071 3673 ϐωνα
2112 3611 2505 3679 ἇνάϐαινόντων,
2551 3624 2657 3669 ctc.
2708 3612 2767 3669 id
2809 3622 2933 3667 est:
2963 3611 3116 3680 Quod
3152 3626 3259 3666 non
3306 3618 3522 3677 Oportet.

1932 3700 2127 3757 praeter
2146 3688 2434 3742 canonicos
2459 3694 2728 3757 cantores,
2756 3681 2844 3753 qui
2862 3693 3169 3757 suggestum
3194 3680 3516 3757 ascendunt,

1932 3751 1987 3813 et
2007 3758 2099 3828 qui
2136 3772 2199 3812 es
2231 3759 2539 3828 membrana
2563 3751 2820 3824 psallunt,
2848 3751 3222 3828 aliqiios__alios_
3244 3767 3442 3828 canere
3460 3751 3520 3807 in

1932 3822 2180 3885 ecclesia.
2208 3827 2309 3883 Ubi
2337 3822 2578 3882 canonici
2618 3832 2866 3879 cantores
2896 3835 3022 3879 sunt
3050 3823 3086 3876 ii
3132 3822 3222 3890 qui
3252 3822 3514 3877 canonice

1932 3911 1988 3973 et
2017 3900 2249 3973 legitime
2274 3899 2341 3953 ad
2386 3898 2489 3973 hoc
2529 3910 2721 3973 munus
2752 3894 3059 3973 obeundum
3096 3902 3229 3973 sunt
3260 3893 3509 3973 instituti.

1934 3961 2096 4041 Apud
2114 3978 2358 4027 sanctum
2400 3965 2875 4041 lguatium,_epist.
2917 3961 3384 4041 ad_Antiochen_os
3408 4003 3427 4041 ,_
3458 3962 3513 4017 in

1934 4032 2039 4111 qua
2084 4056 2375 4097 recensens
2410 4032 2606 4111 g'radus
2650 4032 2969 4114 clericales,
3000 4036 3140 4114 inter
3175 4048 3269 4113 eos
3303 4032 3519 4114 .Psaltes

1934 4104 2033 4169 seu
2077 4120 2324 4169 cantores
2369 4104 2786 4172 commemorat;
2838 4116 2893 4161 et
2932 4107 2986 4161 in
3032 4104 3518 4160 Constitutiouibus

1934 4184 2269 4257 apostolicis,
2294 4185 2387 4238 lib.
2411 4197 2525 4257 vin,
2552 4182 2606 4236 in
2630 4175 3314 4257 MissasanctiCletnentis,
3338 4176 3519 4257 inqua

1935 4244 2119 4309 oratur
2141 4244 2571 4324 protectoribus,
2590 4250 2919 4324 cantoribus,
2942 4247 3234 4324 virginibus
3250 4256 3303 4301 et
3323 4244 3523 4301 viduis.

1934 4325 2046 4380 Nec
2076 4318 2359 4381 dicendum
2390 4332 2473 4379 est
2502 4323 2643 4377 hunc
2680 4320 2915 4391 gradum,
2944 4320 3142 4391 priscis
3164 4318 3284 4391 illis
3307 4325 3521 4391 tenipo-

1935 4395 2084 4452 ribus
2130 4412 2234 4451 non
2272 4396 2436 4450 fuisse
2474 4410 2503 4449 a
2539 4388 2751 4448 caeteris
2796 4390 3049 4463 gradibus
3071 4388 3371 4463 minoribus
3400 4388 3512 4441 dis-

1938 4469 2184 4540 tinctum,
2209 4466 2303 4523 sed
2322 4483 2387 4522 ex
2413 4467 2511 4540 eis_,
2529 4465 2760 4540 maxime
2780 4460 2845 4518 ex
2876 4460 3187 4540 lectoribus,
3211 4468 3519 4540 assumptos

1939 4538 2105 4594 fuisse
2155 4548 2430 4594 cantores.
2464 4537 2803 4590 Contrarium
2843 4534 2986 4589 enim
3037 4540 3258 4598 apparet
3294 4543 3358 4584 ex
3391 4529 3523 4598 locis

1941 4622 2101 4679 supra
2126 4611 2325 4673 citatis,
2356 4618 2410 4663 et
2449 4608 2679 4661 maxime
2707 4621 2769 4679 ex
2816 4604 3045 4679 concilio
3077 4597 3525 4679 Cliarthaginensi

225 4683 306 4736 Ad
335 4684 588 4735 ultimum
638 4699 733 4751 pro
770 4681 976 4737 Judwis
1007 4674 1115 4735 non
1143 4674 1417 4751 flectantur
1460 4677 1825 4751 genuasﬂanc
1855 4684 1909 4745 D
1934 4674 2126 4746 tv,'ubi
2159 4682 2363 4747 psallat,
2395 4693 2491 4733 seu
2513 4678 2741 4742 cantori,
2768 4676 3087 4751 assignatur_
3109 4682 3229 4751 post
3258 4674 3392 4726 alios
3420 4685 3517 4726 sua

224 4756 537 4809 orationem
578 4748 784 4823 profert
825 4753 1087 4809 Alcuinus
1113 4748 1206 4807 lib.
1245 4753 1312 4807 de
1350 4748 1545 4823 divijiis
1593 4748 1817 4813 Olliciis,

225 4839 342 4889 Cap.
379 4826 455 4879 de
486 4821 619 4878 feria
644 4834 817 4888 sexta,
846 4840 965 4893 qua:
988 4836 1040 4879 et
1069 4837 1355 4893 parasceve
1385 4838 1402 4879 :
1439 4821 1503 4876 Et
1532 4838 1621 4893 per
1649 4834 1821 4893 omnes

225 4896 357 4949 alias
406 4896 681 4949 Orationes
726 4891 1140 4965 genuflectimus,
1181 4906 1371 4965 ut'per
1410 4891 1545 4947 hunc
1598 4891 1826 4945 habitum

223 4968 497 5037 corporis,
575 4968 758 5020 mentis
813 4967 1150 5020 humilitatem
1209 4967 1826 5037 attendamus,_excepto

224 5032 443 5105 quando
488 5032 583 5107 pro
624 5038 833 5105 perfidis
874 5039 1073 5091 Judwis
1116 5052 1345 5091 oramus.
1390 5036 1414 5089 Ι
1428 5036 1483 5089 lli
1512 5032 1645 5091 enim
1692 5046 1828 5107 genu

222 5104 502 5177 flectebant
531 5104 774 5169 Domino,
806 5124 933 5176 Opus
949 5109 1137 5162 bonum
1156 5109 1286 5162 male
1313 5116 1596 5177 operantes,
1627 5108 1747 5175 quia
1770 5104 1830 5156 il-

227 5180 470 5235 ludendo
494 5181 603 5232 hac
627 5180 906 5247 faciebant.

292 5250 439 5305 236.
504 5248 919 5320 Confessoribus.
961 5249 1311 5305 Conlessores
1364 5249 1467 5320 hoc
1539 5247 1658 5320 loco
1706 5252 1832 5320 sunt

221 5331 488 5376 cantores
519 5333 575 5376 et
616 5318 926 5390 psalmistie,
958 5322 1045 5391 qui
1078 5329 1202 5374 sunt
1232 5323 1283 5375 in
1315 5319 1559 5375 inferiori
1606 5318 1830 5391 clerico-

222 5408 345 5447 rum
384 5392 584 5464 gradu,
617 5388 759 5446 'Can.
810 5394 868 5447 Η
914 5388 1126 5447 concilii
1172 5407 1225 5446 tv
1272 5392 1564 5459 Charthag.
1593 5391 1649 5445 Id
1702 5388 1836 5464 satis

222 5458 633 5533 patet'concilio
657 5464 831 5518 Tolet.
856 5479 893 5529 ι,
914 5479 1035 5519 can.
1064 5465 1097 5519 9
1132 5482 1145 5517 :
1183 5464 1345 5517 Nulla
1398 5458 1628 5533 professa
1655 5462 1730 5515 vel
1762 5458 1836 5513 ri-

222 5536 358 5603 dua,
413 5534 621 5589 absente
661 5536 921 5605 episcopo,
955 5535 1034 5588 vel
1073 5536 1387 5606 presbytero,
1437 5536 1491 5587 in
1535 5534 1707 5606 domo
1740 5546 1837 5606 sua

223 5606 564 5675 Antiphonas
590 5604 708 5660 cum
737 5611 1049 5678 confessore,
1074 5604 1152 5662 rel
1181 5604 1324 5660 servo
1340 5621 1434 5661 suo
1464 5606 1644 5674 faciat.
1670 5604 1735 5659 Et
1762 5604 1835 5657 ita

296 5747 325 5775 ιι
352 5737 418 5793 In
451 5738 660 5795 Gemet.
689 5754 917 5813 quoque
938 5740 1129 5811 legitur
1153 5756 1246 5813 pro
1267 5737 1701 5813 Christianissimo
1735 5736 1833 5813 im-_

222 5818 477 5884 peratore
506 5808 719 5884 nostro,
743 5808 872 5867 licet
904 5808 1043 5867 intra
1089 5808 1348 5884 scriptum
1402 5810 1473 5868 sit
1522 5810 1711 5883 respice
1758 5808 1829 5867 ad

225 5882 529 5955 Anglorum
556 5882 802 5955 benignus
829 5894 1068 5958 regnum.

1936 4743 2220 4819 peculiaris
2252 4743 2584 4817 Benedictio,
2609 4763 2729 4817 quae
2756 4743 3247 4819 saneestualicujus
3276 4756 3522 4812 persoim

1933 4814 2355 4893 distinctze,qu:e
2376 4814 2612 4874 nondum
2628 4814 2704 4871 sit
2728 4816 2886 4893 alicui
2913 4815 3089 4870 ordini
3125 4814 3363 4893 initiata;
3396 4828 3519 4893 cum

1935 4893 2022 4948 hic
2042 4884 2238 4961 gradus
2255 4884 2333 4947 'sit
2366 4899 2669 4961 postremus
2688 4886 2951 4961 omnium,
2974 4900 3074 4961 nec
3102 4884 3376 4940 videamus
3399 4886 3521 4953 lege

1936 4956 2205 5019 ordinaria
2247 4956 2381 5019 eum'
2401 4960 2492 5031 qui
2510 4961 2585 5031 ad
2607 4960 2938 5031 superiorem
2980 4956 3211 5031 aliquem
3238 4969 3517 5025 promutus

1934 5036 2005 5090 sit
2024 5036 2243 5105 gradum
2270 5035 2335 5089 ad
2370 5028 2685 5105 inferiorem
2705 5028 2961 5083 ordinari.
2996 5028 3258 5105 Prmterea
3280 5041 3516 5105 canones

1936 5097 2300 5176 apostolorum
2321 5104 2654 5173 distinguunt
2674 5101 2900 5155 lectores
2928 5098 3327 5177 a_cantoribus_;
3359 5097 3519 5177 igitur

1938 5169 1999 5231 u't
2030 5178 2314 5247 plurimum
2342 5169 2725 5247 cantoresnon
2754 5170 3167 5247 assutnebantur
3198 5184 3265 5247 es
3301 5169 3519 5222 lectori-

1937 5240 2056 5304 bus.
2086 5248 2298 5304 Etenim
2318 5260 2438 5300 can.
2463 5246 2532 5298 26
2575 5243 2732 5298 datur
2779 5240 2995 5296 libertas
3040 5240 3269 5295 ducendi
3300 5252 3520 5292 uxorem

1937 5320 2225 5375 lectoribus
2250 5327 2304 5373 et
2320 5316 2649 5372 cantoribus.
2680 5314 2899 5369 Canone
2921 5312 2992 5366 45
3020 5312 3332 5381 prohibetur
3358 5312 3523 5378 hypo-

1938 5392 2187 5457 diacono,
2205 5389 2456 5445 lectoriet
2474 5387 2679 5441 cantori
2705 5385 2839 5438 aleis
2872 5384 3182 5457 etehrietati
3211 5392 3435 5457 vacare;
3468 5387 3523 5457 ct

1941 5478 2061 5519 can.
2094 5449 2456 5519 69'statuitur
2506 5468 2563 5511 ut
2609 5458 2923 5528 episc0pus,
2957 5456 3039 5528 vel
3089 5452 3385 5528 presbyter,
3434 5449 3524 5505 vel

1942 5534 2225 5598 diaconus,
2258 5532 2341 5589 vel
2376 5519 2777 5603 hypodiaciinus
2801 5519 2817 5595 ζ
2844 5519 2929 5579 vel
2963 5519 3156 5603 lector,
3188 5519 3274 5603 vel
3307 5530 3517 5603 cantor,

1940 5606 2033 5677 qui
2062 5590 2304 5663 sanctam
2333 5590 2827 5672 Quadragesimam',
2866 5602 2960 5651 aut
2987 5593 3175 5650 teriam
3205 5590 3261 5654 4,
3293 5592 3379 5645 vel
3428 5606 3521 5662 pa-

2011 5742 2037 5782 δ
2079 5744 2155 5801 lta
2183 5743 2237 5799 in
2266 5741 2503 5806 secundo
2541 5730 2894 5794 Theoder.ln
2922 5730 3108 5797 altero,
3156 5728 3226 5785 ad
3271 5727 3523 5786 Christia-

1936 5816 2204 5877 ‘tiuimttm
2231 5813 2474 5891 benignus
2502 5807 2797 5883 imperium.
