4042 6350
524 322 634 393 397

836 448 1040 507 Victori
1068 443 1258 505 mortis
1286 446 1542 517 inclytam

769 523 1066 594 Pangamus
1100 519 1272 594 laudis
1300 518 1530 594 gl_or_ia_m

765 588 909 649 Curii
931 595 1087 649 Patre
1112 590 1310 647 Sancto
1340 588 1539 658 Spiritu

769 666 873 734 Qui
902 680 999 721 nos
1029 662 1261 719 redemit
1286 661 1455 717 obitu.

532 810 649 865 Hoc
678 809 898 881 expleta,
944 808 1200 864 osculetur
1225 806 1488 881 episcopus
1511 802 1873 881 Evangelium,
1904 812 1955 881 et
1980 821 2105 881 om-

526 898 611 935 nes
642 884 730 952 qui
742 876 948 936 'circum
997 888 1313 952 eumhstants
1349 877 1567 952 Deinde
1581 876 1755 931 dicant
1784 876 2106 931 Dominicam

528 949 825 1007 Orationem
872 954 1039 1007 tacite.
1084 950 1284 1012 Finita,
1324 949 1458 1003 dicat
1486 949 1772 1016 episcOpus,
1822 956 1876 1001 et
1903 963 1970 1003 ne
2006 964 2104 1003 nos

524 1023 744 1078 inducas
775 1026 827 1078 in
853 1022 1231 1084 tentationem;
1260 1021 1397 1075 Ecce
1417 1035 1575 1089 quam
1602 1020 1796 1074 bonum
1820 1036 1833 1084 ;
1854 1020 2105 1087 Suscepi-

523 1095 699 1160 pimus
731 1095 899 1161 Deus;
928 1097 1007 1149 'l'u
1031 1093 1322 1157 mandasti;
1354 1090 1432 1145 Tu
1463 1091 1647 1144 lavasti
1679 1092 1841 1158 pedes
1871 1090 2106 1159 discipu-

519 1165 717 1229 lorum,
758 1182 916 1235 opera
952 1179 1199 1219 manuum
1240 1172 1484 1227 tuarum;
1516 1162 1738 1235 Adesto,
1771 1174 2101 1235 quaesumus,

520 1235 765 1301 Domine,
793 1232 990 1292 ofﬁciis
1042 1244 1237 1288 nostra:
1287 1232 1576 1297 servitutis,
1626 1234 1712 1302 qui
1759 1234 2005 1300 dignatus
2042 1247 2102 1288 es

518 1304 701 1361 lavare
733 1310 893 1373 pedes
922 1308 1025 1362 tuis
1049 1306 1341 1373 discipulis,
1368 1312 1472 1359 etc.

592 1377 759 1434 Porro
792 1380 1001 1433 letionis
1032 1378 1367 1447 pedumqtue
1398 1376 1451 1428 in
1480 1375 1641 1447 Coena
1673 1373 1887 1429 Domini
1918 1386 2102 1447 serva-

520 1456 608 1502 tur
644 1449 695 1503 in
737 1450 971 1504 Ecclesia
1028 1445 1273 1503 meminit
1304 1456 1520 1499 sanctus
1569 1446 1791 1515 Eligius,
1824 1458 1989 1499 serm.
2018 1445 2051 1497 8
2083 1462 2096 1497 :

518 1519 700 1574 Sancti
741 1520 1029 1573 chrismatis
1067 1519 1337 1588 confectio,
1384 1518 1611 1588 fraterna
1647 1518 1836 1588 pedum
1867 1516 2100 1588 ablutio;

518 1600 573 1644 et
616 1591 864 1659 Magister
913 1592 967 1644 in
1019 1585 1219 1659 regula,
1260 1602 1381 1655 cap.
1431 1585 1656 1641 45ε1η’
1694 1603 1836 1641 creua
1885 1585 2107 1659 Domini

518 1658 723 1714 mittant
756 1678 938 1715 manus
978 1678 1070 1731 pro
1088 1658 1445 1713 benedictione
1464 1659 1800 1731 adlauandos
1828 1659 1979 1731 pedes
2008 1658 2099 1731 ab-

516 1732 667 1797 batis,
714 1742 759 1802 et
801 1728 988 1802 postea
1016 1732 1248 1785 omnibus
1288 1730 1572 1801 pra’positis
1615 1746 1730 1783 cum
1770 1728 1956 1782 solatio
1990 1729 2099 1802 fra-

516 1812 675 1857 trmn.
722 1800 1026 1857 Inc/toando
1069 1812 1235 1857 tamen
1276 1800 1427 1854 abbas
1477 1801 1606 1855 lavet
1650 1802 1803 1855 simul
1843 1810 1888 1853 et
1939 1800 2097 1853 ostia-

1284 318 1354 382 ΙΝ
1391 320 1450 381 S.
1491 316 1825 382 GREGORll
1866 318 2125 381 LIBRUM
2163 317 2777 381 SACRAMENTORUM
2813 317 3041 381 NOTAE.

3693 317 3797 381 398

2249 458 2309 515 ue
2345 441 2471 497 dum
2496 442 2663 498 veniat
2700 443 2935 515 pontifex
2968 458 3085 497 cum
3122 437 3442 511 processione
3463 439 3702 513 plenaria
3730 447 3799 499 ad

2141 441 2193 507 Α
2214 458 2309 568 que
2345 441 2471 497 dum
2496 442 2663 498 veniat
2700 443 2935 515 pontifex
2968 458 3085 497 cum
3122 441 3442 511 processione
3463 441 3702 513 plenaria
3730 447 3797 499 ad

2245 513 2452 581 lissam,
2475 515 2605 569 sicut
2633 516 2807 569 diebus
2828 514 3136 569 solemnibus
3165 515 3293 569 solet
3314 530 3431 569 cum
3465 524 3662 586 septem
3682 516 3797 571 dia-

2214 587 2441 652 conibus,
2475 586 2743 641 thuribulis
2763 603 2878 639 cum
2905 587 3130 641 incenso.

2285 657 2442 711 Stans
2477 668 2646 711 autent
2688 659 2920 728 pontifex
2950 669 2996 712 et
3028 658 3309 728 presbyteri
3350 674 3463 713 cum
3494 662 3696 716 cteteris
3741 663 3794 717 in

2212 728 2393 804 ordine
2438 738 2556 804 ante
2600 730 2783 804 altare,
2826 731 2999 783 dicunt
3026 746 3043 784 :
3070 730 3338 804 Gontiteor
3387 731 3497 785 Deo
3545 738 3797 804 omnipo—

2212 799 2365 874 tenti,
2397 810 2492 854 etc.
2524 798 2736 874 Interim
2768 811 2942 874 cantor
2963 809 3018 874 et
3055 802 3349 874 schola,_ut
3384 804 3589 873 jussum
3612 798 3790 874 fuerit,

2209 871 2473 938 imponant
2523 873 2780 925 introitum
2827 873 2896 925 ad
2950 873 3162 927 Missam
3210 888 3228 925 :
3265 871 3396 927 Nos'
3424 871 3645 939 autem,
3696 889 3790 931 etc.

2210 940 2352 997 Deus
2393 946 2730 1008 misereatur,
2774 954 2870 997 etc.
2928 942 2993 996 Et
3042 943 3401 997 iterum:Nos
3451 957 3651 1010 autem,
3695 962 3791 1003 etc.

2210 1011 2389 1067 Gloria
2420 1014 2584 1068 Patri.
2612 1014 2809 1068 Iterum
2832 1031 2851 1069 :
2872 1013 2977 1069 Nos
3007 1024 3205 1071 autem.
3240 1012 3403 1082 Kyrie
3434 1017 3634 1069 eleison
3663 1027 3789 1084 ter.,

2209 1084 2421 1139 Christe
2444 1086 2645 1138 eleison
2679 1095 2805 1152 ter.,
2840 1085 3002 1155 Kyrie
3050 1086 3251 1140 eleison
3286 1096 3385 1139 ter.
3432 1084 3628 1139 Deinde
3664 1089 3787 1141 inci-

2204 1155 2313 1223 piat
2347 1157 2576 1224 pontifex
2606 1157 2783 1212 Gloria
2814 1155 2865 1210 itt
2893 1157 3122 1211 excelsis
3150 1173 3265 1210 cum
3290 1157 3618 1226 presbyteris.
3653 1159 3788 1212 Dum

2205 1237 2443 1279 cantatur
2491 1226 2672 1282 Gloria
2720 1230 2770 1281 in
2822 1230 3049 1282 excelsis
3096 1238 3243 1281 sonat
3283 1237 3445 1280 totum
3488 1229 3785 1295 classicum,

2203 1295 2369 1370 donec
2391 1298 2573 1370 ﬁniat.
2596 1298 2708 1365 Quo
2736 1299 2905 1367 ﬁnito,
2949 1298 3085 1352 dicat
3127 1299 3357 1368 pontifex
3396 1316 3510 1351 cum
3537 1301 3792 1370 presbyte.

2203 1368 2277 1439 ris
2300 1384 2319 1422 :
2347 1368 2453 1439 Pax
2493 1369 2672 1423 vobis.
2719 1374 2965 1425 Oremus.
3011 1371 3151 1425 Deus
3181 1385 3210 1423 a
3240 1384 3345 1439 quo
3386 1380 3439 1424 et
3468 1368 3655 1435 Judas,
3692 1368 3788 1428 ire.

2203 1438 2323 1491 Alia
2353 1437 2536 1511 Oratio
2562 1440 2622 1511 in
2644 1441 3033 1511 consecratione
3054 1437 3344 1495 chrismatis
3370 1457 3389 1493 :
3414 1441 3553 1494 Deus
3582 1444 3673 1511 qui
3704 1459 3791 1497 re-

2202 1510 2522 1577 getierandis
2551 1510 2796 1581 plebibus
2846 1513 2948 1565 tuis
2991 1512 3289 1567 ministerio
3322 1514 3489 1566 uteris
3530 1510 3790 1566 sacerdo-

2204 1588 2339 1647 tum,
2373 1581 2545 1635 tribue
2576 1582 2728 1636 nobis
2752 1594 3179 1652 perseverantem
3209 1583 3262 1636 in
3292 1592 3375 1635 tua
3404 1584 3679 1638 voluntate
3703 1582 3789 1637 fa-

2202 1652 2484 1721 mulatum,
2517 1660 2575 1706 ut
2621 1653 2762 1707 dono
2790 1655 2975 1724 gratia:
3027 1663 3131 1708 tua:
3163 1657 3214 1708 in
3261 1653 3451 1708 diebus
3483 1656 3685 1708 nostris
3732 1665 3788 1711 et

2202 1724 2395 1795 [nerito
2426 1732 2479 1795 et
2520 1739 2756 1795 pumero
2807 1733 3050 1779 sacratus
3106 1725 3197 1779 tibi
3229 1727 3454 1794 pepulus
3500 1735 3785 1795 augeatur.

2201 1790 2324 1846 Per.
2376 1793 2459 1847 Ad
2507 1792 2855 1849 Corinthios:
2898 1796 3147 1861 Fratres,
3203 1790 3647 1851 convenientibus
3694 1814 3787 1853 vo-

513 1848 2093 1940 iiii":'etEI'iiiéiii"v'id&ié£"ési'iri'oblitisin?"i‘B’ieiino'ii,
2125 1848 2173 1910 Β
2201 1861 2283 1940 bis
2306 1906 2321 1928 ,
2368 1874 2465 1940 ἕε-
2526 1848 2873 1940 ιῆί-(Ῑιπίδιυε
2895 1907 2910 1930 ,
2960 1877 3070 1940 etc.
3187 1866 3411 1940 Propter
3449 1869 3595 1940 quod
3619 1910 3635 1933 ,
3684 1879 3785 1924 etc.

513 1958 636 1999 can.
662 1944 716 2009 ’5,
751 1946 839 1999 ubi
882 1946 1130 1999 omnibus
1161 1943 1502 1998 Galliciarum
1528 1943 1784 1997 Ecclesiis
1827 1943 1928 1996 hoc
1968 1956 2097 1996 san-

512 2024 659 2070 ctum
687 2030 820 2084 opus
852 2016 1064 2071 lotionis
1096 2016 1288 2084 pedum
1324 2016 1374 2067 in
1405 2014 1571 2069 Cinna
1600 2012 1811 2068 Domini
1840 2026 2099 2082 peragen-

512 2086 638 2141 dum
661 2087 986 2155 praecipitur,
1020 2087 1090 2141 ob
1118 2086 1370 2155 quasdam
1406 2084 1674 2139 Ecclesias
1703 2100 1823 2153 qua:
1850 2084 1981 2137 illud
2014 2084 2097 2137 iii-

511 2158 878 2213 termiserant.
939 2158 1182 2213 Meminit
1233 2160 1391 2210 etiam
1450 2158 1665 2209 sanctus
1719 2155 2086 2224 Augustinus,

512 2227 671 2296 epist.
703 2227 825 2293 119,
858 2230 920 2282 ad
947 2228 1279 2295 Januarium,
1304 2226 1395 2280 ubi
1432 2226 1619 2281 scribit
1653 2226 1850 2296 multos
1880 2224 1974 2279 illo
2006 2225 2095 2279 die

514 2295 621 2351 non
651 2299 853 2354 lavasse
903 2300 1085 2366 pedes,
1126 2313 1192 2352 ne
1239 2299 1366 2351 lotio
1412 2300 1683 2365 pertinere
1712 2295 1987 2351 videretur
2026 2297 2092 2349 ait

509 2367 856 2437 baptismum.
890 2368 1346 2435 Constantinopoli
1379 2367 1505 2420 olim
1541 2368 1733 2421 eadem
1764 2368 1893 2420 feria
1925 2369 2094 2437 impe-

508 2436 657 2494 rator
689 2439 970 2494 duodecim
994 2440 1318 2509 pauperibus
1336 2437 1559 2509 solebat
1582 2438 1759 2492 lavare
1786 2438 1973 2507 pedes.
2002 2436 2095 2491 Ri-

508 2518 622 2564 tum
650 2510 909 2565 describit
937 2508 1196 2575 Codiuus,
1227 2510 1293 2563 de
1320 2508 1541 2573 Ofﬁciis,
1570 2518 1699 2575 etc.,
1732 2510 1784 2562 in
1814 2510 1955 2563 hunc
1979 2524 2094 2564 mo-

506 2580 680 2657 dum}
730 2583 830 2657 Πρὸ
859 2582 1293 2657 τῆς-).ειτουργίας
1318 2588 1409 2641 τῆς
1429 2581 1829 2657 αὐτῆςμεγάλης
1854 2581 2091 2657 πέμπτης

720 2650 913 2727 ﬂueret
946 2652 972 2707 ὁ
1002 2650 1200 2727 γιπτῆῥ
1227 2652 1379 2727 οὗτωρ
1411 2660 1542 2727 e_tc_.,
1590 2650 1775 2727 id__'est
1801 2669 1822 2727 :_
1848 2650 1987 2727 Alite
2028 2656 2091 2707 li-

506 2720 739 2792 tufgiam'
758 2725 845 2779 die
866 2724 1105 2793 ejusdem
1130 2720 1336 2794 magna:
1364 2720 1711 2794 hebdomadis
1736 2723 1943 2792 quinto,
1960 2724 2089 2779 lotio

508 2796 705 2862 pedum
754 2795 813 2849 ﬁt
866 2792 918 2849 in
948 2796 1090 2849 hunc
1119 2792 1335 2847 modum
1375 2811 1386 2845 :
1421 2792 1797 2861 Prmparautur
1828 2808 2088 2863 pauperes

503 2864 813 2932 duodecim,
853 2874 907 2919 et
954 2865 1250 2920 induuntur
1281 2866 1360 2920 eis
1393 2863 1683 2929 subuculae,
1715 2865 1827 2918 sive
1868 2868 2084 2932 tunicas,

504 2935 688 2991 brevia
721 2936 940 3001 tibialia,
962 2946 1015 2990 et
1038 2938 1234 3003 soleae;
1262 2937 1541 3005 positoque
1566 2935 1619 2989 in
1643 2936 1778 2990 cella
1800 2937 2087 3006 imperato-

506 3007 583 3062 ris
614 3007 864 3079 polubro,
905 3018 1197 3079 protopapa
1228 3006 1526 3079 torisillius
1556 3005 1886 3079 ad‘jantiam:
1922 3022 2085 3076 agens

507 3077 1036 3159 cattitBenedicturn;
1058 3077 1111 3133 et
1141 3078 1604 3159 dicit'lzrisagium.
1626 3077 1849 3145 Deinde,
1876 3077 2084 3159 legente

505 3150 695 3205 eodem
736 3151 1106 3218 Evangelium,
1155 3148 1368 3218 quando
1411 3147 1581 3201 dicit:
1612 3164 1799 3217 aquam
1842 3150 1992 3202 mittit
2028 3151 2081 3203 in

2202 1935 2332 2009 Ante
2360 1932 2698 2009 Evangeliym
2720 1940 2960 1991 ascendat
2984 1932 3234 2009 pulpitum
3256 1932 3398 1991 solus
3422 1932 3676 1992 diaconus
3697 1944 3787 2009 qui

2199 2003 2422 2059 lecturus
2469 2003 2543 2060 est
2590 2006 2929 2079 Erangelium
2976 2003 3089 2062 cum
3142 2010 3473 2074 subdiacono,
3528 2003 3787 2073 prteeunte

2196 2091 2352 2150 cruce
2401 2085 2466 2150 et
2498 2078 2806 2133 candelabro
2847 2094 2893 2134 et
2933 2079 3240 2134 thuribulo:
3274 2080 3562 2150 Sequentia
3612 2084 3784 2138 sancti

2197 2145 2472 2219 Evangelii
2501 2150 2792 2204 secundum
2824 2150 3108 2209 Joannem.
3138 2150 3195 2206 lit
3236 2151 3328 2205 illo
3362 2145 3624 2219 iunipero,
3660 2162 3785 2208 ante

2196 2216 2564 2292 diemiestum
2611 2220 2851 2285 Pascbaa,
2899 2232 3003 2276 etc.
3048 2221 3284 2277 Perlecto
3330 2216 3609 2292 Evangelia
3644 2224 3785 2278 dicat

2195 2290 2434 2363 pontifex
2462 2308 2575 2344 cum
2602 2293 2905 2363 presbyteris
2932 2310 2951 2347 :
2970 2293 3146 2348 Credo
3170 2295 3222 2347 in
3260 2308 3420 2347 unum
3456 2290 3647 2359 Deum,
3682 2306 3781 2349 etc.

2200 2357 2357 2412 Tunc
2371 2361 2508 2414 dicat
2541 2357 2771 2432 pontifex
2791 2380 2905 2417 cum
2936 2366 3240 2435 presbyteris
3266 2379 3284 2418 :
3316 2364 3571 2419 Dominus
3600 2357 3786 2421 vobis-

2194 2442 2350 2495 cum,
2379 2441 2433 2485 et
2475 2447 2593 2487 cum
2626 2435 2827 2500 Spiritu
2857 2446 2965 2489 tuo.
3000 2437 3245 2489 Oremus.
3275 2435 3376 2490 ΟΠ.
3412 2437 3643 2491 Dextera
3678 2438 3782 2491 Do-

2193 2503 2347 2566 mini,
2384 2512 2499 2577 etc._
2530 2504 2821 2577 Presbyteri
2879 2515 2925 2559 et
2974 2510 3142 2561 ceteri
3188 2508 3275 2577 qui
3330 2508 3599 2570 voluerint,
3661 2518 3785 2562 tunc

2193 2574 2971 2649 peractojldest,:adducto|
3027 2574 3347 2631 calice'cum
3400 2579 3513 2630 vino
3558 2587 3604 2630 et
3642 2597 3783 2649 aqua

2191 2652 2239 2697 et
2267 2644 2493 2720 oblatis,
2522 2648 2584 2720 de
2612 2648 2791 2715 quibus
2832 2644 3203 2703 communicent
3244 2648 3523 2720 presbyteri
3564 2660 3608 2703 et
3662 2644 3779 2703 dia-

2190 2716 2307 2791 cnoni
2329 2726 2373 2769 et
2399 2716 2557 2788 337
2588 2721 2781 2791 cwteri,
2816 2731 2861 2774 et
2891 2724 2955 2774 de
2983 2722 3163 2789 quibus
3191 2716 3417 2773 servetur
3446 2737 3601 2791 usque
3630 2738 3783 2775 mane

2190 2784 2285 2863 dic
2303 2784 2594 2856 parasccite,
2625 2790 2861 2844 inclinati
2887 2784 3007 2845 ante
3029 2792 3193 2844 altare
3228 2792 3460 2859 pontifex
3484 2784 3535 2863 et
3564 2796 3780 2863 presby-

2190 2858 2285 2934 teri
2324 2870 2695 2934 persequuntur
2740 2872 2931 2916 secreta
2962 2863 3139 2917 Missa:
3186 2858 3408 2915 dicentes
3438 2877 3457 2916 :
3480 2862 3528 2916 in
3564 2858 3781 2934 Spiriiu

2188 2926 2501 3002 humilitatis
2546 2941 2600 2985 et
2648 2932 2701 2984 in
2749 2949 2927 2987 annuo
2972 2938 3201 2987 contrito
3243 2926 3655 3002 suscipiamur'a
3702 2946 3778 3002 te,

2187 2996 2432 3071 Domine,
2465 3012 2519 3056 et
2549 3004 2623 3057 sic
2654 3002 2746 3056 ﬁat
2790 3003 3108 3058 sacriﬁcium
3141 2996 3406 3071 nostrum,
3439 3016 3493 3058 ut
3524 3020 3556 3058 a
3605 3015 3657 3060 te
3686 2996 3781 3060 su;

2186 3070 2443 3143 scipiatur
2470 3074 2646 3139 hodie,
2678 3084 2730 3128 et
2759 3075 2964 3143 placeat
2995 3076 3105 3141 tibi,
3143 3076 3371 3130 Domine
3394 3070 3397 3071 ⁷
3420 3076 3562 3130 Deus
3592 3093 3773 3133 meus.

2187 3139 2433 3216 Suscipe,
2485 3154 2669 3199 sancta
2723 3139 2980 3212 Trinitas,
3029 3139 3166 3201 hanc
3219 3148 3564 3211 oblationem,
3613 3164 3778 3216 quam

545 3221 727 3287 elvim,
785 3212 1015 3274 infundit
1072 3212 1362 3289 imperator
1417 3232 1609 3287 aquam
1658 3212 1717 3272 in
1775 3219 2077 3287 polulirum.
2109 3227 2154 3293 ί]
2189 3212 2283 3264 tibi
2325 3212 2495 3293 oﬁ‘ero
2528 3217 2581 3269 in
2623 3219 2937 3272 memoriam
2989 3218 3400 3285 Incarnationis,
3443 3212 3776 3287 Nattviiatis,

506 3236 701 3345 ἔθειρα
753 3306 1014 3345 pauperes
1052 3290 1171 3345 illos
1203 3298 1530 3345 praeparatos
1571 3288 1842 3344 adducunt
1878 3292 2081 3345 sigilla-
2187 3282 2481 3345 Passronis,
2511 3296 2633 3345 etc.,
2676 3286 2800 3342 Iesu
2844 3289 3063 3345 Christi.
3112 3300 3168 3345 et
3201 3291 3251 3343 in
3291 3290 3491 3344 honore
3530 3294 3776 3345 omnium

554 3300 701 3345 estea
753 3306 1014 3360 pauperes
1052 3290 1171 3345 illos
1203 3298 1530 3359 praeparatos
1571 3288 1842 3344 adducunt
1878 3292 2081 3359 sigilla-

506 3363 603 3416 tim
634 3377 896 3431 quemque
918 3363 1177 3417 ferentem
1198 3375 1410 3416 cereum
1434 3374 1740 3426 accensum,
1767 3370 2078 3431 protopapa,

504 3439 564 3487 ut
591 3432 791 3487 dictum
820 3441 922 3499 est,
956 3434 1163 3502 legente
1191 3431 1538 3502 Evangelium
1569 3442 1624 3486 et
1658 3432 1871 3487 dicente
1896 3450 1909 3488 :
1933 3436 2083 3502 erepit

504 3504 659 3575 Jesus
684 3504 855 3558 lavare
884 3505 1035 3574 pedes
1059 3504 1445 3575 discipulorum,
1469 3504 1637 3575 idque
1667 3517 1904 3573 persaepe
1934 3506 2084 3560 vide-

505 3574 629 3629 licet
658 3591 825 3645 usque
850 3575 978 3628 dum
1010 3573 1198 3630 omnes
1223 3573 1318 3629 loti
1346 3573 1563 3629 fuerint.
1589 3573 1757 3629 Lavat
1783 3575 2083 3643 ,imperator

505 3644 753 3717 dextrum
782 3645 1041 3716 cujusque
1073 3646 1261 3716 pedem
1289 3662 1304 3711 ;
1334 3653 1389 3700 et
1427 3645 1516 3701 ubi
1545 3645 1769 3701 sindone
1805 3662 1923 3716 qua:
1951 3663 2083 3717 pett-

502 3715 595 3771 det
623 3726 746 3771 ante
777 3715 972 3787 ipsum,
1006 3715 1318 3773 abSterserit
1358 3719 1524 3772 lotum
1555 3717 1767 3787 pedem,
1808 3715 2082 3773 eseul'atur

499 3798 646 3858 eum.
681 3789 746 3842 Et
770 3788 868 3842 hoc
892 3788 1053 3855 iacto,
1081 3798 1527 3844 consummantur
1554 3803 1617 3843 ea
1650 3805 1769 3858 qua:
1813 3791 1879 3843 ad
1923 3791 2081 3845 ritum

499 3857 718 3914 lotionis
748 3862 942 3924 pedum
974 3861 1263 3930 pertinent.
1315 3861 1383 3914 Et
1432 3861 1625 3914 dantur
1671 3857 1959 3930 unicuique
1990 3878 2081 3915 eo-

499 3943 617 4001 rum
659 3945 815 3986 aurea
848 3934 1168 3986 nomismata
1200 3932 1320 3987 tria.
1354 3930 1482 3986 Post
1519 3931 1672 4000 illud,
1706 3932 1911 4001 liturgia
1942 3933 2081 3990 cele-

494 3999 702 4055 bratur.
738 4021 757 4054 ι
796 4002 920 4056 Ilaec
948 4001 1205 4059 Codiuus.

571 4072 665 4127 His
695 4073 1021 4143 subjungere
1045 4090 1149 4129 non
1177 4073 1381 4145 pigebit
1407 4072 1683 4145 antiquum
1713 4074 1953 4145 ordinem
1983 4088 2079 4130 seu

496 4143 661 4199 ritum
692 4145 815 4198 olim
844 4145 896 4197 in
929 4143 1641 4214 Ecclesia'R'otliomagensi,
1664 4160 1757 4199 seu
1788 4143 2079 4202 Ithemensi

497 4224 770 4286 servatum
821 4215 1045 4286 ingteria
1075 4218 1260 4285 quinta
1296 4216 1479 4273 Cmure
1528 4216 1758 4280 Domini,
1815 4231 1973 4286 quem
2013 4233 2079 4273 ex

499 4285 670 4339 veteri
714 4282 1010 4339 Pontiﬁcati
1040 4282 1141 4339 ms.
1174 4290 1262 4355 qui
1288 4294 1591 4343 asservatur
1616 4287 1670 4341 in
1713 4282 1953 4342 sacristia
1992 4304 2080 4343 ec-

500 4356 681 4416 clesim
721 4355 1169 4424 Rothomagensis
1206 4357 1336 4410 mihi
1365 4359 1658 4413 transmisit
1705 4359 1787 4412 vir
1823 4359 2078 4414 doctissi-

494 4442 617 4482 mus
648 4425 873 4480 Joannes
904 4425 951 4479 le
979 4428 1195 4480 Prerost
1222 4426 1461 4496 ejusdem
1508 4429 1746 4483 ecclesiae
1789 4429 2079 4486 Rothoma-

496 4498 680 4570 gensis
708 4498 995 4570 canonicos
1045 4507 1101 4554 et
1140 4496 1601 4568 bibliotliecarius,
1634 4502 1755 4570 quia
1784 4503 1949 4555 multa
1980 4519 2075 4558 nu-

496 4578 612 4622 tatu
651 4568 808 4637 digna
828 4569 1090 4638 continet,
1121 4584 1240 4639 qua:
1271 4585 1375 4625 non
1404 4568 1788 4628 sunthodierni
1820 4588 1966 4628 usus.

492 4684 688 4754 Incipit
716 4684 851 4760 ordo,
873 4684 926 4739 in
952 4683 1223 4760 die‘Caentz
1246 4684 1479 4760 Domini,
1511 4688 1639 4760 feria
1658 4688 1839 4758 quinta
1866 4690 2080 4760 majoris

771 4757 1119 4823 hebdomadas,
1141 4758 1195 4810 id
1215 4768 1288 4811 est
1316 4760 1371 4811 in
1392 4758 1548 4812 Coena
1571 4757 1799 4814 Domini.

564 4846 923 4924 Maneprimo
950 4849 1287 4924 mansionarii
1321 4850 1557 4924 ordinent
1596 4855 1763 4907 omnia
1803 4868 1917 4924 qua:
1954 4864 2073 4908 sunt

491 4920 775 4995 necessaria
796 4921 866 4995 ad
879 4923 1321 4995 consecrationem
1352 4922 1664 4991 chrismatis,
1695 4920 1952 4995 ampullas
1974 4937 2073 4981 tres

492 4991 559 5064 de
579 4992 689 5043 oleo
710 4992 1046 5045 mundissimo
1072 4992 1249 5060 plenas
1269 5004 1508 5064 ponentes
1531 4998 1583 5049 in
1613 4991 1839 5049 sacrario
1867 5012 1886 5050 :
1914 5012 2069 5050 unam

491 5063 560 5115 ad
590 5064 756 5134 oleum
795 5079 887 5134 pro
932 5065 1172 5131 infirmis,
1218 5063 1433 5119 atteram
1470 5067 1538 5119 ad
1581 5069 1820 5134 chrisma,
1865 5069 2068 5120 tertiam

491 5147 611 5208 vero
644 5133 711 5208 ad
753 5133 922 5208 oleum
969 5135 1036 5187 ad
1081 5138 1471 5191 catechumenos
1511 5133 1809 5208 tingendas.
1836 5138 2071 5191 Chrisma

493 5202 776 5280 debetﬁeri
799 5203 945 5277 [Leg.
977 5208 1264 5280 cooperiri]
1291 5210 1355 5262 de
1381 5208 1495 5262 albo
1529 5202 1711 5274 serico,
1749 5210 1878 5264 alias
1902 5222 2070 5263 autem

493 5276 560 5327 de
584 5276 871 5350 aliosertco
900 5276 1187 5348 'coOperias.
1222 5276 1288 5333 Et
1325 5280 1553 5350 pontifex
1587 5282 1849 5348 provideat
1878 5282 1941 5335 de
1961 5280 2070 5333 bat-

490 5347 835 5421 samo.llora
867 5347 1016 5402 tertia
1045 5358 1189 5404 sonet
1218 5347 1445 5421 signum,
1468 5347 1533 5402 ut
1577 5367 1751 5405 omnes
1786 5354 1987 5405 veniant
2015 5353 2068 5405 in

495 5418 780 5488 ecclesiam,
819 5421 871 5474 in
902 5437 1002 5490 qua
1032 5418 1426 5477 chrisma'debet
1466 5424 1768 5478 consecrari.
1820 5422 1946 5491 Ipso
1984 5424 2068 5477 die

490 5501 733 5545 sanentur
777 5508 1043 5561 campana:
1076 5495 1143 5546 ad
1175 5492 1391 5547 Missam
1438 5501 1486 5545 et
1531 5494 1598 5546 ad
1638 5504 1844 5547 steteras
1887 5494 2060 5560 horas,

492 5564 625 5635 sicut
655 5580 761 5617 mos
790 5574 861 5618 est
890 5566 1067 5619 diebus
1099 5566 1259 5635 festis,
1294 5577 1341 5619 et
1360 5564 1434 5617 sic
1457 5563 1638 5616 sileant
1664 5580 1823 5630 usque
1848 5567 1901 5619 in
1927 5565 2063 5620 Sab-

491 5634 609 5688 bato
641 5647 835 5689 sancto.
868 5634 1161 5706 Presbyteri
1204 5651 1322 5690 vero
1359 5644 1405 5688 et
1446 5637 1616 5689 cwteri
1647 5637 1817 5689 clerici
1846 5637 2063 5691 induant

490 5719 548 5759 se
590 5710 891 5762 vestimentis
930 5708 1257 5773 solemnibus,
1306 5716 1353 5761 et
1408 5707 1611 5760 diaconi
1647 5708 1972 5776 dalmaticis,
2016 5718 2063 5763 et

491 5777 787 5833 subdiaconi
832 5780 962 5833 albis
1001 5780 1175 5833 sericis
1208 5780 1306 5849 (ita
1354 5777 1405 5831 in
1440 5779 1639 5832 Ordine
1668 5778 1966 5849 Romano);
2014 5790 2059 5835 et

494 5858 624 5904 stent
646 5852 695 5903 in
717 5853 894 5905 ordine
924 5867 1017 5905 suo
1041 5852 1226 5921 singuli
1264 5853 1314 5904 in
1345 5850 1575 5918 ecclesia,
1607 5860 1949 5923 exspectantes
1975 5868 2061 5907 us-

2187 3282 2481 3352 Passionis,
2511 3296 2633 3354 etc.,
2676 3286 2800 3342 .lesu
2844 3289 3063 3355 Christi,
3112 3300 3168 3345 et
3201 3291 3251 3343 in
3291 3282 3491 3344 honore
3530 3282 3778 3346 omnium

2184 3365 2491 3431 sanctorum
2544 3366 2789 3425 tuorum,
2839 3361 2929 3428 qui
2988 3361 3081 3415 tibi
3133 3362 3444 3431 placuerunt
3495 3360 3565 3414 ab
3620 3362 3779 3418 initio

2183 3427 2389 3491 mundi,
2418 3437 2679 3501 eteorum
2712 3427 2935 3499 quorum
2966 3427 3292 3489 hodie't‘esta
3324 3432 3689 3501 celebrantur,
3720 3446 3777 3490 et

2182 3510 2408 3576 quorum
2460 3499 2547 3576 hic
2603 3503 2819 3576 nomina
2866 3512 2922 3557 et
2955 3504 3211 3576 reliquiae
3266 3503 3549 3571 habentur,
3598 3499 3781 3561 util-

2182 3566 2276 3645 lis,
2314 3573 2533 3645 etc.,_ad
2562 3572 2813 3639 salutem,
2849 3583 2905 3627 ut
2952 3574 3025 3629 illi
3054 3566 3245 3631 omnes
3274 3590 3370 3645 pro
3411 3566 3563 3630 nobis
3601 3576 3779 3632 inter-

2182 3641 2376 3715 cedere
2404 3642 2771 3715 digneiituriin
2813 3645 2986 3713 caelis,
3013 3660 3240 3715 quorum
3275 3641 3595 3702 memoriam
3632 3648 3774 3704 taci-

2183 3723 2303 3764 mus
2354 3713 2407 3767 in
2456 3714 2631 3769 terris.
2692 3714 2795 3770 Per
2847 3713 3094 3772 eumdem
3154 3718 3434 3773 Dominum
3496 3727 3770 3776 nostrum.

2182 3779 2367 3852 Orate,
2401 3786 2612 3851 fratres,
2645 3800 2743 3856 pro
2771 3802 2857 3842 me
2886 3788 2950 3842 ad
2976 3789 3281 3855 Dominum,
3314 3800 3370 3843 ut
3398 3802 3574 3844 meum
3601 3802 3656 3845 et
3676 3806 3775 3845 ve-

2181 3861 2351 3931 strum
2402 3856 2932 3931 inconspectu‘ejus
2970 3860 3063 3914 ﬁat
3101 3872 3375 3931 acceptum
3421 3862 3773 3918 sacriﬁcium.

2183 3924 2391 3980 Secreta
2412 3942 2433 3981 :
2454 3927 2573 3997 Ipse
2615 3924 2730 3996 tibi,
2772 3924 3020 3997 Domine,
3055 3941 3150 3986 etc.
3184 3924 3300 3987 Alia
3342 3932 3549 3987 Secreta
3580 3948 3599 3987 .·
3629 3935 3773 3988 Urc-

2183 4011 2323 4050 ntus.
2357 3998 2525 4067 Hujus
2577 3999 2823 4074 sacriﬁcii
2865 4004 3122 4073 potentia,
3152 4019 3477 4074 quaesumus,
3520 4013 3577 4057 ut
3606 4014 3771 4059 vetu-

2181 4076 2376 4145 statem
2406 4082 2643 4125 nosuam
2692 4072 2987 4145 clementer
3038 4072 3330 4145 abstergat,
3380 4085 3434 4130 et
3473 4076 3770 4132 novitatem

2183 4140 2337 4210 nobis
2383 4152 2575 4210 augeat
2604 4151 2658 4197 et
2707 4143 2955 4200 salutem.
2987 4145 3110 4203 Per.
3156 4140 3415 4201 Dominus
3462 4149 3767 4205 vobiscum.

2184 4209 2407 4265 Sursum
2446 4209 2631 4278 eorda,
2661 4222 2758 4267 etc.
2800 4216 2967 4282 Quem
3001 4218 3054 4270 in
3080 4219 3179 4272 hac
3223 4227 3379 4273 nocte
3407 4219 3546 4272 inter
3578 4233 3769 4274 sacras

2184 4285 2375 4350 epulas
2406 4283 2791 4359 increpantem,
2826 4298 2925 4342 etc.
2955 4288 3031 4342 Te
3072 4290 3249 4359 igitur,
3278 4304 3371 4343 etc.
3396 4290 3535 4359 Cum
3562 4290 3769 4346 famulo

2182 4360 2274 4406 tuo
2302 4364 2672 4433 papanostro.
2702 4356 2794 4412 Ill.
2826 4368 2880 4433 et
2917 4356 3151 4415 antistite
3175 4356 3358 4416 nestro
3382 4358 3475 4433 Ill.
3506 4358 3597 4433 [Et
3636 4377 3769 4433 rege

2182 4438 2366 4479 nostro
2383 4426 2503 4499 ΗΛ]
2530 4428 2816 4495 Memento,
2844 4431 3086 4496 Domine,
3109 4442 3235 4498 etc.,
3262 4434 3353 4486 tibi
3385 4426 3613 4485 redd'unt
3637 4426 3766 4487 vo'ta

2182 4511 2277 4551 sua
2321 4509 2546 4571 aeterno,
2592 4510 2689 4554 etc.
2721 4501 2892 4555 Simili
2936 4504 3115 4568 modo,
3168 4513 3443 4571 postquam
3488 4514 3763 4559 caritatum

2185 4577 2290 4633 est,
2324 4570 2614 4642 benedixit,
2650 4571 2795 4626 dedit
2825 4572 3119 4642 discipulis,
3151 4570 3248 4628 etc.
3284 4574 3431 4629 Unde
3461 4585 3515 4629 et
3555 4590 3767 4629 inemo-

2110 4616 2163 4677 Ῑ)
2188 4616 2295 4703 res:
2328 4638 2573 4705 Domine,
2600 4616 2705 4695 ’nos
2753 4645 2892 4697 servi
2944 4616 3037 4709 tiri,
3084 4616 3181 4699 etc.
3215 4647 3421 4699 Domini
3466 4646 3559 4701 Dei
3590 4650 3765 4703 nostri

2187 4717 2295 4763 tam
2337 4713 2526 4785 beatm,
2572 4722 2667 4764 etc.
2712 4712 2977 4770 Memento
3019 4718 3199 4782 etiam,
3250 4718 3492 4785 Domine,
3534 4718 3765 4773 famulo-

2185 4795 2305 4857 rum
2334 4779 2760 4857 famularumque
2794 4794 3001 4840 tuarum
3040 4785 3132 4841 Ill.
3165 4779 3297 4857 ipsis
3327 4794 3383 4840 et
3413 4779 3662 4844 omnibus
3692 4791 3761 4843 ti-

2182 4850 2391 4928 delibus
2417 4850 2699 4928 defunctis,
2749 4865 2866 4920 etc.,
2900 4858 3119 4928 largitor
3161 4850 3399 4915 admitte.
3447 4859 3550 4915 Per
3594 4862 3761 4917 Chri-

2178 4930 2322 4977 stum
2352 4923 2627 4977 Dominum
2661 4939 2920 4982 nostrum.

2256 5012 2275 5073 ς
2315 4994 2460 5048 Tunc
2503 4996 2747 5063 offeratur
2786 4999 3020 5067 pontifici
3047 4999 3215 5073 oleum
3252 5002 3322 5055 ad
3349 5003 3615 5073 augendos
3654 5014 3761 5057 tant

2176 5063 2431 5141 infirmos,
2460 5084 2614 5141 quam
2642 5063 3027 5141 eneryumenos.
3076 5070 3143 5125 Et
3184 5063 3447 5128 benedica't'
3482 5076 3612 5128 illud
3650 5086 3757 5129 tant

2174 5138 2275 5204 ipsi
2305 5137 2484 5216 [tione
2514 5140 2635 5216 leg._
2668 5137 2816 5212 ipse],
2849 5160 3005 5210 quam
3034 5159 3205 5198 omnes
3233 5144 3509 5216 presbyteri
3538 5148 3627 5215 qui
3655 5154 3753 5200 ad-

2174 5220 2312 5285 sunt.
2344 5208 2421 5262 De
2441 5208 2738 5285 auctoritate
2758 5208 3057 5282 apostolica,
3083 5208 3243 5285 quani
3270 5208 3514 5270 Itabémus
3550 5208 3613 5271 de
3642 5219 3756 5272 oleo

2171 5277 2515 5356 infirmorum.
2550 5282 2626 5337 De
2638 5283 2759 5356 ‘oleo
2779 5277 2876 5354 quo
2901 5277 3163 5356 unguntur
3182 5288 3376 5355 inﬁrmi
3396 5291 3754 5345 auctoritatem

2176 5351 2418 5431 habemus
2444 5351 2810 5431 apostolicam,
2834 5351 3034 5431 dicente
3062 5358 3204 5411 beato
3239 5351 3443 5413 tJacobo
3471 5364 3704 5431 apostolo
3730 5377 3753 5415 :

2172 5420 2602 5489 lnﬁrmaturquis
2617 5427 2668 5478 in
2695 5428 2865 5493 vobis;
2886 5428 3097 5491 inducat
3114 5432 3455 5501 presbyteros
3472 5420 3749 5499 Ecclesiae,

2170 5501 2225 5569 et
2244 5505 2396 5569 orent
2424 5510 2583 5564 super
2605 5512 2755 5563 eum;
2789 5511 2843 5554 et
2879 5502 2922 5554 si
2956 5503 3009 5554 in
3034 5503 3265 5569 peccatis
3294 5503 3384 5569 sit,
3414 5504 3751 5561 dimittentur

2169 5565 2239 5638 ei.
2276 5564 2424 5638 Unde
2465 5578 2598 5637 patet
2634 5570 2697 5621 ab
2726 5572 2852 5637 ipsis
2885 5564 3133 5638 apostolis
3163 5573 3301 5627 hunc
3327 5564 3520 5629 morem
3561 5591 3752 5632 sancta:

2168 5634 2414 5717 Ecclesia?
2442 5634 2547 5692 esse
2568 5634 2841 5718 traditum,
2875 5634 2929 5696 ut
2959 5647 3283 5718 euergumeni
3313 5649 3388 5699 vel
3415 5648 3507 5701 alii
3532 5650 3746 5718 quilibet

2166 5710 2639 5784 tegroti‘ungantur
2683 5713 2815 5778 oleo,
2865 5710 3148 5784 pontificali
3193 5710 3744 5776 benedictione'couse-

2166 5790 2321 5833 erato.
2354 5778 2696 5856 Consecratur
2731 5778 2875 5856 enini
2905 5787 2957 5839 in
2998 5778 3112 5855 ipso
3149 5788 3324 5856 ofﬁcio
3353 5794 3749 5846 consecrationis

2166 5853 2392 5922 corporis
2413 5862 2459 5907 et
2473 5856 2733 5926 sanguinis
2756 5855 2987 5911 Domini.
3013 5853 3136 5912 Non
3155 5853 3289 5914 enim
3306 5862 3451 5916 habet
3479 5866 3744 5932 proorium
