4128 6346
220 410 328 472 $29

222 602 471 656 Dominus
482 602 753 663 vobiscum,
770 618 878 669 nec,
896 601 1129 656 Oremus.
1149 602 1258 656 Nec
1273 604 1323 656 in
1336 603 1438 671 ﬁne
1452 602 1797 666 concluditur.

215 686 275 729 ut
319 682 518 729 cratera:
564 673 854 740 Orationes,
892 674 995 727 Per
1034 672 1313 727 Dominum
1354 684 1584 728 nostrum
1617 673 1799 728 Jesum

219 744 499 805 Christum,
544 745 633 799 sed
675 755 896 807 tantum,
930 743 997 798 In
1021 747 1223 799 nomine
1253 745 1464 800 Domini
1490 747 1648 799 nostri
1676 745 1800 799 Jesu

218 816 431 870 Christi.
467 815 534 869 In
558 833 617 871 eo
647 832 765 871 vero
807 819 916 870 loco
942 816 1026 870 ubi
1069 817 1289 871 solemus
1331 834 1451 871 uvas
1488 815 1797 885 benedicere,

218 897 543 941 consecratur
570 889 737 942 oleum
766 905 859 957 pro
886 888 1125 957 inﬁrmis,
1148 889 1565 957 concluditurque
1594 894 1802 942 conclu-

217 959 375 1023 sione,
413 960 515 1013 Per
553 974 712 1028 quem
743 958 855 1013 lucc
895 961 1072 1013 omnia
1105 975 1352 1029 semper,
1386 960 1629 1023 Domine,
1662 960 1801 1017 bona

218 1044 395 1104 creas,
422 1040 518 1104 etc.
551 1030 699 1104 Unde
719 1029 1308 1104 intelligimusembolim
1337 1031 1422 1104 [qu
1440 1040 1540 1097 est,
1575 1031 1624 1087 id
1655 1032 1798 1102 quod

217 1100 540 1173 interjicitur
568 1116 664 1155 seu
687 1101 1061 1173 interponitur]
1085 1120 1191 1158 esse
1211 1100 1495 1172 supradicti
1517 1100 1699 1172 ofﬁcii.
1727 1104 1802 1158 De

216 1172 393 1242 eodem
422 1172 532 1226 oleo
554 1175 626 1226 sic
661 1173 948 1228 continetur
976 1176 1028 1227 in
1052 1172 1493 1229 'Sacramentario.
1521 1177 1801 1242 Antequam

218 1240 421 1295 dicatur
443 1242 546 1297 Per
565 1258 721 1311 quem
756 1243 868 1298 htec
907 1248 1108 1307 omnia,
1140 1245 1385 1311 Domine,
1422 1261 1637 1314 semper
1661 1240 1800 1301 liena

216 1326 394 1387 creas,
421 1314 652 1368 levantur
678 1314 738 1369 de
759 1316 998 1386 ampullis
1025 1333 1153 1385 quas
1175 1317 1393 1385 offerunt
1422 1318 1622 1387 populi,
1652 1327 1697 1371 et
1720 1318 1803 1370 be-

216 1386 418 1459 nedicat
463 1394 572 1459 tam
611 1387 852 1459 domi_nus
910 1404 1044 1459 papa
1092 1405 1241 1455 quam
1286 1386 1458 1443 omnes
1496 1388 1797 1459 presbyteri.

216 1452 332 1508 Mos
355 1466 428 1510 est
452 1455 698 1511 Romana:
726 1452 1180 1527 Ecclesiwlnota),
1205 1470 1258 1513 ut
1279 1462 1332 1513 in
1355 1452 1668 1527 confectione
1688 1477 1801 1513 cor-

214 1527 356 1594 poris
398 1538 446 1581 et
491 1530 757 1602 sanguinis
799 1528 1006 1583 Domini
1044 1533 1205 1585 assint
1252 1531 1529 1602 presbyteri
1574 1540 1621 1584 et
1647 1531 1802 1585 simul

214 1609 350 1671 cunt
360 1600 605 1671 pontiﬁce
632 1602 791 1654 verbis
816 1609 864 1654 et
896 1602 1127 1654 manibus
1160 1600 1451 1671 conficiant.
1490 1601 1702 1671 Oportet
1747 1611 1800 1656 ut

212 1666 370 1743 simili
400 1672 552 1743 modo
581 1672 736 1725 simul
763 1688 877 1727 cum
907 1674 1144 1742 pontiﬁce
1171 1666 1339 1727 oleum
1366 1666 1643 1743 presbyteri
1671 1689 1795 1727 con—

211 1735 411 1814 ficiant.
446 1742 791 1798 Exorcismus
821 1735 922 1797 olei
960 1735 1059 1811 pro
1104 1743 1329 1799 intirmis
1366 1735 1421 1798 et
1448 1735 1559 1814 pro
1577 1746 1795 1813 populo.

211 1808 493 1884 Antequam
534 1814 778 1869 dicatur:
809 1814 909 1869 Per
938 1808 1095 1884 quem
1146 1816 1259 1870 hanc
1300 1808 1501 1881 omnia,
1550 1808 1789 1879 Domine,

210 1889 426 1957 semper
455 1883 592 1939 bona
618 1899 789 1951 creas,
810 1883 1127 1940 exorcizetur
1148 1886 1336 1951 oleum,
1364 1897 1425 1957 ut
1454 1897 1652 1941 tantum
1673 1904 1792 1957 pos-

209 1950 272 2023 sit
301 1967 335 2023 a
360 1950 800 2010 circumstantibus
828 1958 1019 2023 audiri,
1050 1960 1120 2010 ita
1144 1975 1156 2010 :
1181 1950 1445 2013 Exercizo
1468 1967 1537 2022 te,
1564 1950 1794 2013 immun-

209 2018 431 2097 dissitne
460 2025 712 2093 Spiritus,
745 2036 844 2085 etc.
880 2018 1015 2083 Item
1041 2028 1320 2083 benedictio
1352 2018 1578 2097 ejusdem
1602 2044 1622 2083 :
1651 2031 1790 2083 Ore-

210 2104 350 2168 mus,
384 2094 602 2165 Emitte,
637 2097 875 2164 Domine,
908 2110 1003 2152 etc.
1037 2099 1178 2152 Tunc
1206 2094 1710 2168 oleum'reportetur,
1742 2109 1790 2155 et

208 2161 259 2239 in
308 2162 422 2239 loco
462 2183 555 2222 suo
587 2161 874 2238 honoriﬁce
910 2180 1211 2224 reservetur.
1258 2161 1506 2239 Pontifex
1544 2161 1790 2226 autemet

208 2229 502 2313 Presbyteri
526 2229 902 2313 prosequantur
926 2256 947 2296 :
976 2241 1078 2313 Der
1107 2257 1265 2310 quem
1297 2229 1642 2313 hasc'otnnia.
1684 2244 1792 2297 θο-

207 2309 369 2378 mine,
399 2316 497 2362 etc.
524 2309 626 2364 Per
646 2312 844 2378 omnia,
876 2320 971 2367 etc.
1000 2309 1193 2366 Libera
1224 2327 1340 2377 nos,
1367 2322 1461 2367 etc.
1487 2312 1589 2367 Per
1609 2314 1790 2369 omnia

206 2377 401 2431 sarcula
430 2381 775 2445 szeculorum,
824 2377 1016 2437 Amen.
1046 2383 1191 2437 Tunc
1232 2383 1369 2436 dicat
1398 2384 1649 2437 diaconus
1681 2383 1791 2438 llu-

205 2445 409 2524 miliate
435 2450 619 2524 vosad
643 2451 1097 2524 Benedictionem.
1123 2452 1192 2507 Et
1211 2456 1499 2524 episcOpus,
1526 2470 1700 2507 versus
1720 2457 1791 2508 ad

202 2517 473 2593 populum,
502 2521 639 2574 dicat
663 2536 683 2576 :
706 2523 991 2578 Benedicat
1026 2538 1120 2579 vos
1149 2517 1493 2593 omnipotens
1508 2524 1670 2592 Deus,
1696 2526 1787 2593 qui

202 2598 300 2663 per
335 2588 599 2660 Unigeniti
630 2593 749 2648 Filii
770 2594 850 2648 sui
877 2595 1202 2663 passionem,
1232 2588 1326 2649 etc.
1355 2594 1500 2649 Tunc
1530 2588 1698 2651 versus
1714 2588 1788 2651 ad

201 2658 371 2738 altare
401 2658 537 2717 more
564 2664 732 2738 solito,
760 2658 938 2719 sancta
966 2658 1195 2731 tenens,
1220 2667 1401 2738 dicat:
1431 2667 1498 2738 Et
1539 2682 1639 2738 pax
1671 2668 1790 2737 ejus

203 2734 272 2806 sit
297 2744 512 2806 semper
538 2734 837 2799 vobiscum,
865 2747 1060 2792 etcum
1089 2737 1291 2806 Spiritu
1315 2748 1425 2793 tuo.
1459 2734 1650 2793 Scliola
1666 2734 1789 2793 can-

202 2804 271 2851 tet
301 2802 483 2879 Agnus
516 2806 769 2879 Dei,__ter.
811 2808 937 2862 Non
977 2802 1147 2862 datur'
1170 2826 1293 2878 pax.
1343 2808 1545 2875 Oratio,
1577 2809 1784 2879 quando

202 2882 387 2949 sancta
406 2875 556 2949 mittit
578 2892 599 2933 :
631 2877 754 2932 "ac
780 2888 1119 2934 sacrosancta
1142 2875 1447 2935 commistio
1468 2875 1711 2949 corporis
1734 2890 1789 2937 et

202 2944 475 3025 sanguinis
504 2946 713 3003 Domini
747 2951 914 3025 nostri
943 2951 1068 3005 Jesu
1090 2949 1287 3025 Christi
1320 2952 1484 3023 338
1511 2944 1604 3005 ﬁat
1635 2952 1788 3025 nobis

202 3022 267 3090 et_
300 3017 549 3090 omnibus
577 3022 912 3078 sumentibus
939 3025 1083 3076 salus
1115 3023 1312 3077 mentis
1327 3017 1417 3077 Εἴ
1432 3017 1698 3090 corporis,
1733 3032 1789 3079 et

202 3081 268 3163 id
294 3084 458 3140 vitam
479 3092 865 3163 capessendam
889 3102 1143 3148 internum
1172 3096 1488 3163 praeparatio
1512 3081 1782 3150 salutaris.

204 3151 306 3208 Per
333 3151 578 3215 eumdem
610 3161 880 3218 Christum
906 3151 1188 3220 Dominum
1211 3151 1474 3220 nostrum.
1501 3166 1684 3219 Oratio
1713 3167 1786 3219 ad

204 3223 460 3307 fauent:
492 3231 717 3307 Domine
740 3248 943 3304 sancte,
977 3234 1136 3291 Pater
1174 3236 1516 3307 omnipotens
1536 3276 1553 3301 ,
1585 3243 1785 3293 aeterne

983 409 1052 472 IN
1088 416 1147 473 S.
1187 409 1517 473 GREGORII
1555 411 1816 471 LIBRUM
1858 406 2466 473 SACRAMENTORUM
2502 412 2735 472 NOTE.

120 534 161 580 tu
216 529 474 602 ofﬁcium.
504 525 573 583 Id
583 535 680 596 est,
696 544 799 584 non
815 527 867 584 in
885 530 1043 602 capite
1070 531 1218 585 verba
1239 531 1583 597 salutationis,
1616 531 1711 585 hoc
1735 538 1808 585 est
1834 532 1890 595 Α
1913 527 1983 581 ad
2009 528 2450 602 archidiaconum,
2481 528 2570 585 ille
2591 532 2818 601 perferat
2839 545 2951 585 eam
2972 528 3045 584 ita
3065 530 3348 589 involutam
3373 550 3491 595 ante

3384 423 3490 485 350

1912 600 2222 673 pontificem.
2264 599 2482 655 Interim
2512 599 2836 656 autent'unus
2876 603 3217 658 subdiaconus
3258 605 3490 673 deferens

1903 672 2170 811 pqisculum
2198 688 2316 726 cum
2338 673 2563 728 balsamo
2586 675 2677 729 alii
2703 675 2916 729 diacono
2940 674 3142 742 offerat,
3180 687 3226 731 et
3246 672 3335 733 ille
3355 699 3489 753 pott-

1929 760 1942 795 i
1987 760 2051 795 ci.

1901 744 2051 809 mni.

1983 832 2002 865 ι
2034 813 2177 889 Tunc
2216 816 2513 889 ordinentur
2540 819 2676 874 circa
2702 818 2993 889 episcOpum
3014 821 3142 874 hinc
3166 830 3211 875 et
3255 821 3374 876 hinc
3403 842 3491 879 ea-

1905 884 2022 967 dem
2047 886 2374 956 candelabra,
2398 902 2445 945 et
2474 908 2648 967 cruces
2678 884 3036 967 et'thur'ibula,
3070 892 3493 967 atqueEvange-

1906 957 2053 1034 lium,
2087 973 2283 1034 necnon
2309 968 2356 1034 et
2400 965 2635 1032 prcedicti
2670 963 2933 1016 duodecim
2966 957 3242 1034 presbyteri
3271 957 3423 1021 testes,
3440 977 3489 1023 et

1906 1028 2163 1104 adjutores
2192 1028 2422 1104 ejusdem
2454 1034 2700 1104 mysterii,
2731 1034 2801 1086 ita
2831 1046 2886 1087 ut
2909 1028 3251 1103 diaconi'post
3279 1038 3491 1093 dorsum

1905 1102 2129 1169 episcopi
2158 1100 2306 1155 stent.
2343 1100 2631 1175 Presbyteri
2656 1120 2771 1159 vero
2801 1120 2833 1156 a
2862 1106 3054 1161 dextris
3094 1100 3149 1160 et
3173 1125 3205 1161 a
3232 1108 3451 1164 sinistris
3469 1152 3488 1176 ,

1904 1185 2079 1249 cruces
2106 1187 2224 1249 vero
2249 1182 2294 1226 et
2316 1184 2507 1249 caetera
2536 1178 2772 1247 utrinque
2796 1177 2930 1249 inter
2948 1178 3075 1249 illos,
3102 1178 3289 1231 media.
3316 1179 3485 1249 (Idem

1906 1243 2238 1384 Etiamque;
2256 1246 2450 1302 concil.
2476 1247 2663 1315 30th.,
2690 1243 2853 1317 apud.
2878 1247 3009 1303 0rd.
3035 1248 3283 1317 Vitalem,
3315 1243 3408 1308 lib.
3436 1266 3492 1309 ιν

1955 1320 2046 1367 ist.
2078 1320 2211 1367 CCCI.

1981 1400 2001 1433 ι
2040 1382 2139 1462 [Iis
2168 1382 2240 1439 ita
2268 1388 2495 1462 statutis,
2522 1396 2778 1445 convertat
2799 1405 2853 1443 se
2871 1392 3157 1462 episcopus,
3181 1401 3269 1446 aut
3298 1394 3380 1448 cui
3400 1394 3493 1450 ille

1902 1455 2168 1525 prlecepit,
2210 1467 2313 1535 tam
2349 1458 2419 1512 ad
2444 1459 2635 1514 clerum
2665 1477 2822 1535 quam
2854 1455 2921 1535 ad
2954 1455 3224 1535 populum,
3251 1474 3298 1517 et
3328 1467 3492 1535 faciat

1901 1539 2183 1603 sermonem
2227 1531 2290 1583 de
2330 1535 2709 1588 consecratione
2757 1533 3046 1586 chrismatis
3098 1531 3485 1603 congruentem.

1901 1592 2046 1649 Tunc
2073 1609 2330 1671 convertat
2357 1617 2411 1655 se
2453 1604 2742 1671 episcopus,
2771 1613 2818 1657 et
2865 1604 3023 1671 intret
3064 1606 3117 1657 in
3146 1592 3493 1661 consecratio?

1901 1681 2017 1741 nem
2046 1669 2350 1741 principalis
2391 1669 2701 1740 chrismatis,
2746 1682 2792 1726 et
2830 1669 3035 1728 misceat
3060 1676 3343 1731 balsamum
3371 1695 3491 1733 cum

1901 1736 2263 1817 oleo.Deinde
2287 1741 2433 1817 halat
2464 1754 2538 1799 ter
2566 1736 2717 1817 super
2747 1746 2910 1817 ipsam
2934 1746 3241 1817 ampullam,
3276 1758 3323 1802 et
3346 1749 3488 1804 dicat

1904 1807 2038 1863 lenta
2057 1826 2176 1865 voce
2204 1815 2542 1868 exorcismum
2569 1807 2859 1870 chrismalis
2889 1816 3007 1870 olei.
3026 1807 3375 1873 'Ezorcismus
3401 1838 3488 1876 sa-

1821 1912 1871 1975 Β
1900 1880 2435 1975 ΕΧἭὋῘἨ)
2467 1897 2539 1951 te,
2562 1899 2669 1975 etc.
2702 1885 3049 1975 Tunc-dicat
3074 1890 3488 1975 episcopus‘cum

1899 1951 2205 2025 presbyteris
2235 1956 2342 2009 alta
2369 1971 2486 2009 voce
2514 1973 2532 2010 :
2559 1957 2663 2017 Per
2709 1958 2890 2012 omnia
2930 1951 3146 2025 saecula,
3195 1951 3292 2015 etc.
3349 1961 3488 2019 Vere

1898 2021 2144 2097 dignum,
2176 2034 2272 2081 etc.
2304 2026 2405 2097 Qui
2433 2027 2487 2082 in
2519 2029 2782 2097 principio
2813 2029 2952 2084 inter
2980 2021 3206 2095 cmtera,
3239 2041 3335 2086 etc.
3386 2032 3485 2087 Fi-

1894 2092 2004 2169 nita
2067 2104 2247 2169 autem
2292 2092 2635 2154 benedictione
2683 2092 2921 2154 dominus
2979 2092 3249 2169 episcOpus
3299 2105 3492 2159 salutat

1864 2163 2117 2253 chrisma
2144 2167 2360 2253 nudum,
2388 2178 2435 2222 et
2454 2171 2554 2253 qui
2588 2173 2744 2242 juxta
2772 2187 2886 2224 eum
2914 2163 3033 2253 sunt
3061 2163 3277 2253 dicendo
3304 2176 3489 2253 :__Ave,

1894 2245 2140 2290 sanctum
2164 2239 2415 2311 chrisma.
2444 2239 2511 2292 Et
2535 2239 2723 2294 iterum
2745 2259 2834 2311 per
2857 2244 3088 2295 ordinem
3109 2245 3391 2310 descendit,
3416 2239 3489 2300 si;

1891 2314 1977 2357 cut
2010 2309 2248 2383 ascendit
2269 2348 2286 2373 ,
2334 2319 2383 2361 et
2414 2312 2675 2380 deferatur
2715 2309 2947 2365 omnibus
2982 2323 3221 2383 coaperta
3250 2317 3321 2368 ad
3343 2309 3492 2370 salu-

1890 2377 2129 2455 tandum.
2178 2377 2297 2433 Hoc
2328 2377 2699 2455 facto'summo
2743 2384 2934 2436 honore
2959 2377 3284 2451 procuretur,
3325 2403 3492 2455 usque

1890 2445 2016 2498 dum
2045 2447 2208 2523 altera
2229 2445 2463 2523 ampulla
2488 2454 2749 2523 ascendat,
2782 2463 2831 2507 et
2870 2445 3052 2507 iterum
3093 2445 3486 2523 descen'dat,'ut

1891 2518 2371 2598 ambtenhonoriﬁce
2391 2522 2461 2575 ad
2507 2522 2680 2598 locum
2711 2518 2862 2598 suum
2889 2528 3123 2598 redeant.
3157 2526 3237 2580 De
3260 2545 3320 2582 eo
3344 2518 3489 2598 quod

1891 2588 2457 2671 ampulla-quibusdam
2482 2596 2639 2671 nuda,
2676 2595 2981 2671 quibusdam
3010 2614 3125 2651 vero
3140 2588 3387 2671 cooperta
3416 2602 3492 2655 ad

1891 2658 2228 2715 salutandum
2254 2663 2505 2733 defertur,
2535 2658 2658 2720 dicit
2686 2658 2890 2721 libellus
2925 2668 3148 2722 Romani
3182 2658 3396 2725 Ordinis
3426 2674 3486 2727 in

1890 2733 2270 2812 consecratione
2297 2734 2607 2812 chrismatis.
2642 2737 2909 2812 Continuo
2924 2740 3037 2812 duo
3078 2742 3306 2812 acolythi
3331 2744 3487 2797 invo-

1892 2800 2027 2854 lutas
2053 2804 2180 2858 duas
2206 2806 2462 2872 ampullas
2486 2823 2602 2861 cum
2621 2809 2839 2862 sindone
2857 2808 2974 2862 albo
3004 2811 3069 2865 de
3095 2800 3257 2865 serico
3276 2821 3484 2868 teneant

1891 2871 1945 2924 in
1968 2875 2174 2947 brachio
2202 2871 2429 2944 sinistro,
2462 2879 2536 2932 ita
2564 2889 2619 2932 ut
2648 2880 2811 2933 videri
2843 2881 3037 2947 possint
3068 2897 3099 2933 a
3129 2883 3316 2937 medio.
3350 2885 3484 2937 Am-

1895 2943 2040 3011 pulla
2066 2955 2340 3022 antequam
2368 2950 2534 3003 veniat
2558 2951 2627 3003 ad
2650 2943 2945 3022 episcopum
2973 2953 3039 3004 ad
3083 2953 3268 3019 altare,
3309 2957 3486 3011 media

1892 3030 2013 3082 pars
2040 3018 2157 3095 ej‘us
2180 3026 2254 3071 est
2282 3018 2832 3095 cooperta,_et_ntedia'
2851 3022 3011 3095 nuda.
3042 3023 3206 3095 339
3235 3018 3488 3095 Ampulla

1895 3100 2013 3140 cum
2044 3087 2318 3167 chrismate
2335 3087 2602 3167 quomodo
2633 3087 3254 3167 [Leg._quodant'niodoj
3281 3087 3489 3167 signifi-

1895 3110 2013 3140 cum
2044 3110 2318 3143 cnnsmate
2345 3110 2602 3161 quomoao
2633 3110 2786 3164 [ωε.
2855 3110 3046 3147 uoaam
3076 3110 3254 3165 moao]
3281 3110 3488 3167 stgrttft-

1891 3167 1973 3209 cat
1994 3173 2179 3238 corpus
2192 3159 2400 3238 Domini
2429 3173 2685 3234 sumptum
2706 3168 2770 3238 de
2803 3110 3028 3237 Virgine,
3046 3168 3183 3235 quod
3210 3177 3488 3238 antequam

1896 3230 2133 3309 transiret
2157 3232 2225 3284 ad
2262 3233 2423 3309 altare
2460 3230 2643 3309 crucis,
2672 3236 2847 3304 aliquo
2878 3230 3107 3305 t'emp'ore
3134 3248 3243 3291 erat
3269 3230 3482 3309 cooper-

204 3294 366 3381 D‘eus,
395 3302 459 3354 da
659 3306 760 3360 hoc
782 3294 975 3381 c_orpu_s
1012 3294 1406 3381 ct‘sanguiném
1435 3294 1656 3381 Chr-isti,
1684 3317 1783 3381 etc,
1812 3314 1856 3376 ο
1894 3308 2023 3363 tum,
2052 3302 2225 3381 aliqua
2255 3306 2474 3381 nudum.
2505 3294 2685 3381 Primo
2730 3294 2954 3377 tempore
2983 3294 3112 3381 'erat
3158 3294 3481 3381 coapei'tum,

208 3364 389 3448 Oratio
430 3371 577 3448 αα]
580 3376 726 3429 ilium
752 3392 770 3429 :
800 3364 1026 3432 Doiuine
1073 3364 1222 3432 Jesuv
1249 3377 1484 3447 Christe,
1537 3364 1654 3433 Fili,
1689 3380 1784 3435 Dei

205 3444 330 3522 viiii,
356 3452 456 3522 etc.
484 3444 629 3522 Tunc
651 3450 985 3522 communicet
1003 3449 1145 3522 solus
1172 3449 1422 3519 pontifex,
1445 3444 1493 3504 et
1514 3467 1616 3505 non
1636 3454 1786 3522 frau-

205 3519 287 3580 gat
316 3513 540 3582 oblatas,
572 3519 670 3571 nisi
696 3535 809 3572 eam
833 3521 999 3574 solam
1028 3513 1279 3574 unde'ille
1300 3513 1657 3575 communicat.
1703 3521 1782 3576 De

205 3586 452 3654 sanguine
499 3599 670 3643 autem
714 3601 926 3644 reservet
973 3592 1027 3644 in
1068 3593 1225 3646 calice
1264 3593 1333 3645 ad
1380 3593 1786 3646 communionem

206 3655 635 3733 presbyterorum,
676 3671 722 3715 et
752 3662 935 3733 reliqui
960 3663 1104 3717 cleri.
1143 3662 1325 3717 Oratio
1355 3664 1560 3733 quando
1590 3665 1785 3719 sumit:

208 3722 752 3803 Percéptio_corporis
781 3743 833 3788 et
859 3722 1153 3803 sanguinis,
1186 3745 1281 3788 etc.
1316 3722 1435 3788 Alia
1465 3750 1483 3789 :
1508 3734 1660 3802 Quod
1691 3750 1787 3791 ore

205 3800 433 3875 sumpsi,
481 3800 726 3875 Domine,
775 3800 985 3875 mentef
1003 3805 1231 3874 capiam,
1265 3814 1323 3860 ut
1366 3806 1434 3861 de
1478 3800 1704 3875 corpore
1732 3816 1788 3862 et

205 3870 466 3947 sanguine
496 3874 705 3929 Domini
747 3877 915 3930 nostri
952 3870 1085 3931 Jesu
1109 3870 1304 3931 Christi
1337 3877 1424 3930 ﬁat
1453 3870 1588 3931 mihi
1615 3894 1783 3933 reme-

204 3936 350 3993 dium
372 3947 780 4013 sempiternum.
810 3946 912 4002 Per
932 3948 1178 4003 eumdem
1202 3947 1475 4003 Christum
1500 3949 1785 4004 Dominum

205 4021 476 4090 nostrum,
505 4019 695 4090 Amen.
718 4017 864 4072 Tunc
884 4021 1203 4088 cooperiatur
1223 4020 1358 4072 calix
1377 4036 1496 4074 cum
1516 4022 1783 4090 sanguine,

204 4089 251 4134 et
277 4082 503 4162 oblatte;
544 4097 590 4141 et
632 4089 868 4162 dominus
897 4082 1162 4160 epi3c0pus
1188 4090 1429 4146 adhibeat
1468 4082 1784 4162 presbyteros

203 4162 252 4205 et
282 4156 548 4230 diaconos,
572 4161 662 4230 qui
688 4162 905 4215 sollicite
927 4156 1247 4215 custodiant.

280 4243 299 4276 ι
340 4225 481 4303 Tunc
496 4225 732 4286 dominus
758 4233 1022 4303 episcopus
1051 4234 1201 4286 vadat
1224 4233 1294 4287 ad
1316 4232 1484 4287 sedem
1506 4248 1653 4288 suam
1670 4250 1786 4287 cum

204 4297 504 4373 diaconibus
532 4311 581 4354 et
624 4297 1264 4373 exspectetfexspectante
1308 4320 1425 4357 vero
1464 4306 1518 4358 in
1544 4304 1660 4358 sede
1689 4322 1785 4358 sua

204 4369 468 4438 pontiﬁce,
496 4373 696 4427 veniant
715 4369 785 4428 ad
810 4369 1094 4429 sacrarium
1120 4375 1386 4429 duodecim
1420 4374 1718 4444 presbyteri,
1739 4386 1785 4429 et

204 4445 375 4515 cis-teri
398 4444 591 4515 clerici,
621 4458 865 4513 quantum
894 4463 1022 4515 opus
1064 4447 1152 4512 sit,
1196 4447 1264 4500 ad
1294 4447 1625 4512 deferendum
1672 4463 1786 4500 cum

203 4513 343 4563 omni
373 4513 549 4569 decore
574 4519 740 4570 oleum
768 4513 1060 4585 chrismale,
1089 4527 1137 4571 et
1164 4518 1313 4571 etiam
1344 4517 1510 4571 oleum
1543 4517 1785 4571 catechu-

204 4596 468 4659 menorum
516 4597 579 4659 et
608 4590 997 4659 neophytorum,
1042 4605 1197 4655 usque
1236 4590 1291 4641 in
1334 4587 1641 4656 Ecclesiam,
1668 4599 1788 4643 ante

205 4654 517 4729 episcOpum.
550 4656 667 4713 Sint
704 4654 842 4714 enim
881 4654 1051 4728 parati
1088 4654 1244 4712 iidem
1275 4659 1573 4729 presbyteri,
1595 4654 1642 4714 et
1671 4676 1786 4714 cum

204 4726 280 4778 eis
301 4728 469 4780 caueri
496 4730 667 4784 clerici
686 4726 943 4784 casulis—et
962 4726 1615 4786 solemnibusvestimentis.
1642 4730 1787 4786 Tunc

206 4796 319 4872 duo
348 4799 575 4868 acolythi
597 4802 918 4872 accipientes
965 4802 1095 4854 duas
1131 4803 1252 4855 illas
1293 4803 1550 4870 ampullas
1578 4819 1694 4872 quia
1719 4804 1787 4856 ad

205 4867 433 4922 chrisma
458 4867 509 4925 et
536 4871 604 4925 ad
634 4867 804 4927 oleum
848 4872 1323 4926 catechumenorum
1365 4867 1648 4927 consecrari
1699 4875 1791 4928 de-

206 4936 453 5007 bent,‘et
488 4945 768 5014 procedant
798 4943 897 5014 (Ita
925 4945 979 4997 in
1008 4944 1206 4999 Ordine
1236 4942 1536 5012 Romano);
1568 4953 1616 4998 et
1647 4945 1790 4998 ordi-

197 5020 327 5085 vnent
357 5028 410 5065 se
436 5012 517 5066 illi
544 5012 834 5085 Presbyteri
855 5025 902 5069 et
922 5015 1153 5085 prtedicti
1174 5015 1368 5079 clerici,
1394 5014 1488 5068 rite
1507 5023 1555 5067 et
1582 5017 1791 5068 ordina-

206 5082 346 5155 liter,
375 5085 447 5137 ita
472 5095 529 5138 ut
554 5082 775 5153 primum
803 5082 1061 5141 ambulent
1087 5086 1189 5139 duo
1212 5086 1435 5155 acolythi
1458 5102 1574 5138 cum
1601 5087 1791 5139 cande-

205 5153 388 5220 labris,
422 5165 468 5209 et
497 5157 791 5211 ardentibus
814 5158 990 5211 cereis.
1025 5156 1222 5210 Deinde
1243 5153 1507 5226 portentur
1533 5157 1649 5210 dua:
1673 5171 1790 5211 cau-

203 5241 311 5288 ces,
351 5235 400 5280 et
442 5227 575 5282 inter
600 5228 719 5282 illas
747 5229 969 5282 medium
1010 5228 1282 5281 chrismate
1323 5227 1508 5281 oleum.
1554 5227 1680 5281 Post
1703 5244 1789 5283 eas

204 5306 477 5367 portentur
502 5299 605 5352 duo
645 5300 906 5353 thuribula
945 5315 1061 5353 cum
1083 5301 1306 5363 incenso,
1343 5309 1389 5353 et
1415 5300 1547 5354 inter
1571 5300 1663 5353 illa
1687 5317 1789 5354 me-

207 5369 352 5421 dium
378 5371 548 5423 oleum
577 5371 1074 5424 catechumenorum.
1116 5370 1335 5441 Deinde_
1358 5380 1589 5441 portetur
1619 5370 1789 5425 Evan-

208 5441 399 5509 gelium
418 5482 433 5505 ,
479 5450 533 5494 ut
574 5445 846 5511 impleatur
875 5458 1022 5496 omne
1060 5442 1269 5497 donum.
1299 5439 1489 5496 Postea
1518 5452 1791 5510 sequantur

208 5513 313 5565 bini
341 5512 388 5565 et
419 5513 522 5564 bini
547 5513 627 5565 illi
657 5513 926 5566 duodecim
958 5514 1234 5583 presbyteri
1255 5522 1402 5566 testes
1423 5522 1471 5566 et
1491 5524 1792 5581 cooperato-

208 5598 289 5637 res
316 5586 547 5651 ejusdem
575 5586 885 5638 sacrosancti
915 5583 1203 5638 chrismalis
1224 5585 1472 5654 mysterii,
1497 5586 1723 5653 acolythi
1746 5592 1792 5638 et

209 5654 536 5721 subdiaconi,
569 5666 665 5709 etc.
696 5656 841 5710 Stent
872 5656 925 5708 in
951 5657 1128 5708 ordine
1152 5672 1246 5709 suo
1267 5658 1546 5708 secundum
1576 5656 1793 5724 gradum

210 5741 421 5792 eorum,
456 5726 542 5779 ubi
582 5727 874 5780 ascenditur
914 5727 979 5779 ad
1009 5728 1194 5791 altare,
1225 5734 1424 5778 tantum
1452 5735 1505 5778 ut
1548 5726 1794 5779 diaconus

211 5797 276 5847 sit
300 5807 471 5851 sextus
498 5799 552 5852 in
581 5798 898 5851 eminentiori
925 5799 1038 5851 loco
1059 5837 1075 5865 ,
1105 5808 1152 5853 et
1175 5798 1327 5866 juxta
1355 5796 1794 5862 archidiaconum,

212 5870 300 5936 qui
339 5867 682 5939 Evangelium
726 5870 952 5939 legebat;
988 5879 1035 5922 et
1071 5868 1147 5923 ita
1191 5867 1471 5921 involutam
1511 5868 1795 5935 ampullam

215 5940 547 6011 suscipientes
572 5958 661 6013 per
681 5943 912 5995 ordinem
935 5951 989 5993 at
1008 5940 1284 6005 ascendat;
1314 5950 1359 5994 et
1380 5955 1496 5995 cum
1519 5942 1796 5996 pervenerit

493 6103 547 6117 η,
637 6042 913 6110 Ρλτίιοι..
958 6040 1307 6111 LXXVIII.

1889 3372 2097 3441 quando
2140 3372 2216 3427 ita
2264 3377 2399 3449 fugit
2438 3377 2490 3449 in
2540 3372 2876 3447 zEgypmm',
2909 3380 3057 3449 quasi
3088 3395 3191 3434 non
3220 3372 3347 3437 eiset
3392 3372 3489 3438 res}

1889 3458 2107 3513 regum;
2145 3457 2192 3497 et
2226 3448 2432 3523 quando
2462 3448 2535 3500 ita
2564 3458 2901 3523 portatus‘est
2932 3452 2986 3503 in
3024 3450 3293 3521 templum,
3337 3455 3488 3523 quasi

1888 3529 1994 3567 non
2011 3525 2149 3594 esset
2185 3519 2533 3594 omnipotens,
2562 3527 2611 3572 et
2643 3520 2850 3588 quando
2876 3522 2949 3574 ita
2994 3533 3100 3573 erat
3127 3519 3363 3594 subditus
3390 3542 3489 3594 pa-

1887 3586 2115 3663 rentibus
2138 3626 2153 3651 ,
2195 3591 2346 3657 quasi
2387 3599 2569 3663 auctor
2593 3586 2707 3663 non
2735 3601 2861 3663 esset
2889 3602 3180 3663 parentum.
3211 3592 3279 3647 In
3325 3586 3405 3649 hi3
3434 3605 3488 3650 et

1888 3655 2136 3733 similibus
2158 3655 2454 3733 coopertum
2482 3658 2689 3733 latebat.
2726 3655 2943 3717 Nudum
2968 3674 3076 3717 erat
3101 3674 3372 3733 postquam
3389 3670 3487 3720 mi-

1889 3730 2067 3801 racula
2095 3729 2243 3795 coepit
2272 3729 2459 3798 facere,
2493 3731 2746 3801 simulque
2776 3729 3112 3801 praedicare,-
3137 3747 3182 3787 et
3223 3729 3278 3789 se
3318 3736 3490 3792 Deum

1889 3797 2337 3870 demonst_rare,ut
2359 3801 2523 3869 inquit
2550 3817 2569 3855 :
2596 3797 2708 3870 Ego
2730 3797 2785 3855 et
2815 3804 2971 3858 Pater
2995 3819 3156 3858 unum
3180 3820 3386 3860 sumus.
3410 3807 3486 3862 In

1886 3866 1968 3945 Itis
1995 3879 2043 3921 et
2070 3868 2194 3945 aliis
2218 3866 2571 3945 nudum-erat.
2599 3866 2846 3945 Ampulla
2886 3891 2999 3927 vero
3027 3884 3300 3945 postquam
3329 3876 3484 3930 benc-

1889 3940 2040 4014 dicta
2060 3941 2236 4011 fuerit,
2254 3943 2316 4014 ab
2343 3945 2497 3996 altari
2520 3944 2672 4007 redit,
2698 3940 2811 4011 qua:
2836 3964 2869 3999 a
2897 3940 3134 4014 pontiﬁce
3156 3940 3202 3997 et
3234 3948 3486 4003 ministris

1888 4012 2070 4085 altaris
2097 4013 2306 4066 visibilis
2336 4026 2384 4068 et
2413 4015 2552 4068 nuda
2580 4016 2862 4070 salutatur.
2897 4012 3012 4069 Hoc
3042 4015 3316 4085 significat,
3336 4022 3479 4085 quod

1887 4080 2141 4142 Christus.
2168 4095 2439 4155 postquam
2466 4086 2530 4139 ab
2570 4088 2727 4141 altari
2752 4089 2921 4141 crucis
2946 4080 3119 4153 exivil,
3154 4080 3481 4155 praesentiam

1887 4155 2209 4228 corporalem
2238 4158 2307 4209 eis
2336 4157 2553 4228 prazbuit
2575 4198 2590 4223 ,
2616 4174 2744 4227 quos
2776 4168 2923 4212 testes
2950 4175 3057 4212 sua:
3087 4163 3476 4217 resurrectionis

1887 4227 2202 4300 essevoluit.
2225 4227 2378 4300 QuOd
2398 4228 2884 4300 cwterist'nvisibilis
2906 4238 2951 4283 et
2979 4239 3217 4300 cooperta
3239 4232 3309 4283 ad
3329 4234 3481 4287 salu-

1889 4296 2104 4370 tandum
2142 4299 2401 4370 defertur,
2438 4299 2692 4370 signiﬁcat
2723 4302 2859 4370 quod
2898 4296 3130 4355 Christus
3177 4302 3377 4356 rediens
3428 4307 3485 4360 in.

1888 4366 2070 4441 etclam
2093 4369 2354 4441 invisibilis
2382 4366 2673 4425 hominibus
2700 4366 2866 4439 factus
2886 4381 2980 4441 est,
3008 4380 3061 4425 ut
3092 4374 3198 4439 ipse
3226 4383 3437 4428 testatur
3460 4392 3481 4430 :

1890 4439 2052 4515 Exivi
2084 4454 2113 4491 a
2142 4439 2319 4506 Patre,
2350 4451 2404 4515 et
2429 4442 2559 4515 veni
2580 4458 2632 4495 in
2664 4444 2921 4515 mundum
2947 4439 2973 4509 ;’
3012 4445 3203 4498 iterum
3237 4449 3487 4515 relinquo

1891 4509 2256 4587 mundum,_et
2287 4513 2422 4567 vado
2443 4513 2765 4587 ad_Patrem.
2801 4513 2912 4567 Nos
2952 4531 3071 4568 vero
3100 4517 3330 4585 quamvis
3351 4509 3485 4587 pra:-

1890 4583 2103 4635 sentiam
2140 4584 2249 4652 ejus
2286 4585 2603 4654 corporalem
2639 4601 2741 4639 non
2780 4586 3042 4640 videamus
3066 4626 3082 4653 ,
3113 4583 3293 4641 tamen
3333 4583 3487 4643 vene-

1892 4655 2057 4706 rando
2085 4656 2311 4721 quotidie
2340 4672 2454 4708 eum
2483 4659 2796 4710 salutamus.

1968 4743 1986 4776 ι
2022 4722 2212 4797 Incipit
2234 4731 2544 4781 exorcismus
2568 4728 2687 4795 olei,
2714 4744 2810 4796 quo
2834 4726 3063 4797 ungendi
3092 4735 3209 4781 sunt
3236 4731 3485 4784 catechu-

1888 4797 2040 4849 meni.
2073 4796 2417 4869 Descendente
2444 4807 2613 4851 autem
2641 4798 2874 4869 ampulla
2897 4796 3013 4850 cum
3046 4799 3344 4869 chrismate,
3373 4811 3483 4857 sta-

1890 4870 1980 4920 tim
2030 4867 2136 4919 alia
2179 4883 2295 4921 cum
2336 4870 2447 4921 oleo
2495 4866 2968 4939 catechumenorum
3020 4871 3294 4939 ascendat,
3329 4866 3484 4927 sicut

1889 4940 2053 5008 prior,
2082 4954 2244 5007 usque
2287 4949 2404 4992 ante
2428 4941 2759 5010 episcopum;
2789 4949 2837 4991 et
2864 4938 3001 4992 halet
3028 4940 3081 4993 in
3122 4941 3308 5010 ipsam,
3354 4946 3484 4999 sicut

1890 5012 1945 5085 in
1970 5012 2224 5075 priorem;
2249 5020 2294 5063 et
2324 5012 2376 5085 in
2403 5010 2767 5085 primis-faciat
2794 5011 2840 5062 ei
2869 5011 3230 5085 ecorcismum,
3259 5015 3486 5085 etAbenc~
3550 5082 3553 5085 γ

1892 5079 2029 5151 dicat
2058 5095 2172 5133 eam
2200 5082 2349 5150 quasi
2379 5084 2549 5151 legens
2580 5079 2870 5135 lectionem.
2908 5080 3242 5136 Exorcismus
3285 5082 3483 5151 Grtcce,

1898 5148 2080 5203 Latine
2110 5148 2395 5222 conjuratio
2428 5148 2519 5205 seu
2548 5167 2710 5205 sermo
2739 5152 3103 5219 increpationis
3135 5163 3208 5207 est
3239 5148 3485 5211 adversus

1899 5222 2177 5287 diabolum,
2211 5230 2268 5275 ut
2316 5222 2581 5287 discedat;
2624 5231 2688 5292 et,
2717 5223 3041 5276 concluditur
3085 5242 3175 5292 per
3205 5224 3484 5280 Dominum

1899 5304 2131 5346 nostrum
2157 5293 2337 5347 Jesunt
2360 5293 2617 5348 Christum
2641 5291 2838 5348 Filium
2859 5304 3026 5359 tuum,
3051 5291 3138 5365 qui
3153 5306 3388 5350 venturus
3408 5310 3485 5350 est

1890 5366 2129 5436 judicare
2172 5366 2306 5417 vivos
2348 5374 2396 5418 et
2438 5373 2664 5420 mortuos
2698 5375 2745 5419 et
2785 5367 3033 5420 steculum
3064 5384 3155 5436 per
3195 5369 3381 5436 ignem.
3416 5366 3484 5423 lu

1897 5436 1991 5490 illo
2023 5436 2132 5489 oleo
2160 5444 2425 5506 unguntur
2454 5437 2820 5502 catechumeni,
2849 5446 2904 5489 ut
2924 5438 2969 5490 si
2999 5453 3114 5506 qua:
3144 5438 3359 5491 maculae
3387 5436 3457 5488 ad

1899 5507 2151 5561 laeserunt
2177 5508 2378 5578 corpori
2413 5518 2499 5562 aut
2540 5510 2730 5573 menti,
2776 5518 3043 5577 postquam
3077 5508 3145 5560 ad
3165 5508 3483 5578 scrutinia»;

1898 5589 2219 5652 accesserunt
2239 5577 2524 5652 ,recedant
2555 5580 2729 5652 [Adde
2762 5580 3076 5652 particulam
3106 5577 3206 5648 et],
3245 5578 3482 5648 deinceps

1898 5651 2267 5722 munimentum
2297 5650 2514 5704 habeant
2538 5650 2627 5722 per
2658 5650 2789 5703 hanc
2813 5650 3120 5722 unctionem,
3146 5656 3205 5722 ut
3228 5663 3331 5722 non
3358 5666 3481 5717 pos‘

1897 5723 1961 5775 sit
1988 5720 2226 5776 diabolus
2258 5722 2501 5793 repedare
2517 5718 2547 5787 ,5
2572 5731 2625 5776 ut
2655 5722 2766 5793 hatc
2796 5722 2944 5793 verba
2972 5718 3233 5793 Orationis
3262 5720 3479 5793 demon.

1895 5802 2060 5846 strant
2080 5790 2355 5869 dicendo}
2409 5794 2477 5848 Ut
2507 5795 2551 5847 si
2580 5807 2701 5862 quae
2741 5792 2846 5869 illis
2876 5790 3297 5869 adversantium
3316 5790 3475 5869 spiri.

1900 5874 2047 5919 tuum
2080 5865 2392 5921 inhaeserint
2426 5868 2672 5927 maculae,
2714 5862 2779 5914 ad
2815 5870 3012 5914 tactum
3044 5862 3220 5913 sancti
3250 5862 3353 5915 olei
3381 5862 3479 5917 hu,

1890 5936 1982 6008 jus
2004 5952 2195 5993 omnes
2215 5938 2524 5992 abscedant.
2543 5932 2873 5987 Exoreismus
2899 5930 3125 6001 ejusdem
3154 5931 3252 5987 olei
3277 5932 3475 5995 :Exor,

3083 6029 3157 6089 11
