4042 6350
461 309 563 369 535

1211 309 1279 368 IN
1319 307 1378 368 S.
1417 306 1742 368 GREGORII
1780 305 2041 366 LIBRUM
2079 305 2690 366 SACRAMENTORUM
2727 304 2961 366 NOTE.

3622 313 3734 370 556

463 422 812 496 Principiam,
841 430 970 480 tom.
995 423 1063 480 Ill
1089 443 1102 478 :
1145 434 1171 462 α
1199 426 1360 494 Quem
1389 426 1650 498 notarium
1674 439 1939 498 possumus
1965 424 2036 477 in.
2069 427 2123 487 Α
2149 432 2233 477 tur
2261 423 2423 498 etiam
2466 422 2607 479 cerei
2637 422 2901 498 paschalis
2941 421 3407 498 Benedictiopsed
3426 439 3494 481 an
3518 425 3589 482 ah
3616 429 3740 498 ipso

459 499 718 569 telligere,
790 495 1014 568 quodam
1075 498 1337 569 signorum
1403 497 1701 569 compendio
1757 495 2039 569 breviatum

458 565 731 640 Evangelii
780 565 1434 638 strictumque'sermonem
1481 565 1725 622 exaravit.
1789 565 1935 640 Unde
1986 565 2039 620 in

460 637 666 695 Glossis
708 640 1025 714 Philoxcni:
1079 640 1785 714 Notarius,amurca/petatis.
1836 637 1885 691 id
1938 647 2039 714 est,

457 722 704 767 notarum
734 713 982 778 scriptor,
1013 713 1099 782 qui
1131 727 1161 765 a
1192 711 1440 782 Synesio,
1463 709 1746 782 'epis'tlli‘l,
1769 712 2044 782 ταχυγρά-

457 730 704 767 natarum
734 730 982 778 SCI‘IPIOI‘,
1013 730 1099 782 QUI
1131 730 1161 765 a
1192 730 1440 782 aynesro,
1468 730 1628 779 eplSl.
1656 730 1746 774 υι,
1769 731 1947 782 ταχυγ
1985 733 2041 765 α-

457 803 569 856 φος,
600 784 657 856 id
687 791 789 848 est,
820 783 1074 856 velociter
1096 784 1348 856 scribens
1368 822 1385 849 ,
1417 791 1470 856 et
1498 796 1526 834 a
1556 779 1880 856 Philostrato
1903 819 1917 843 ,

457 850 570 933 i_de
600 850 714 908 Vita
745 853 1011 923 Apollonii
1037 895 1054 921 ,
1114 868 1231 922 cap.
1286 852 1369 918 ‘15,
1423 855 1493 914 εἰς
1540 853 1710 924 τάχος
1734 854 1936 927 γράφων
1963 851 2044 906 (li-

456 935 617 977 Clllll’.

529 996 794 1048 Caeterum
825 997 878 1049 in
907 994 1105 1051 Ordine
1145 995 1418 1058 Romano,
1451 994 1504 1048 in
1527 993 1813 1048 Codicibus
1850 991 2042 1047 Rhem.

459 1076 512 1120 et
533 1063 698 1135 344
727 1065 940 1120 Ratoldi‘
959 1107 974 1130 ,
1023 1076 1077 1120 et
1102 1066 1154 1120 in
1182 1065 1494 1135 quibusdam
1520 1064 1639 1118 aliis
1669 1065 2044 1135 Sacramenta-

460 1138 556 1190 riis
605 1134 690 1190 hic
740 1145 864 1192 ante
915 1139 1168 1191 lcetinnes
1201 1134 1380 1190 exstat
1422 1135 1723 1189 benedictio
1765 1134 1906 1188 cerei
1933 1149 2047 1200 pa-

463 1207 683 1278 schalis,
712 1208 864 1275 cujus
895 1207 1207 1278 praeludium
1246 1216 1366 1262 est:
1401 1205 1636 1278 Exsultet
1659 1207 1776 1278 jam
1814 1205 2046 1278 angelica

465 1277 613 1332 turba
638 1275 915 1344 calorum,
941 1279 1082 1347 quod
1113 1279 1326 1347 quidem
1355 1284 1527 1331 exstat
1568 1277 1621 1330 in
1648 1275 1858 1347 Ordine
1873 1276 2047 1330 Missa:

467 1349 859 1412 Ambrosianm,
893 1346 985 1402 sed
1017 1346 1218 1418 reliqua
1250 1348 1644 1402 llenedictionis
1674 1346 1894 1418 formula
1918 1347 2049 1418 mul-

465 1430 575 1472 tum
642 1422 710 1473 ab
769 1420 960 1474 usitata
984 1417 1277 1488 discrepat.
1318 1418 1374 1472 In
1403 1417 1685 1472 Codicibus
1715 1417 1950 1471 Rodradi
1994 1426 2048 1472 et

466 1490 756 1545 lihemensi
784 1491 1011 1545 formula
1038 1489 1425 1545 benedictionis
1464 1490 1514 1542 in
1541 1488 1753 1559 duobus
1783 1504 1812 1541 a
1841 1488 2046 1559 vulgari

465 1561 671 1627 diﬁ'ert,
707 1562 879 1630 primo
925 1559 1045 1630 quia
1074 1560 1263 1615 dill'use
1291 1559 1420 1613 satis
1447 1574 1606 1627 apum
1641 1558 1826 1612 laudes
1857 1558 2042 1630 perse-

467 1634 648 1702 quitur
675 1629 728 1686 in
761 1634 901 1685 hunc
927 1629 1140 1684 modum
1166 1647 1181 1684 :
1227 1630 1253 1668 δ
1303 1631 1434 1697 Apes
1465 1631 1661 1702 cretei-is
1687 1629 2049 1702 quw__subjecla

467 1699 583 1758 sunt
601 1703 795 1757 homini
818 1702 1163 1755 animantibus
1187 1702 1444 1756 antecellit
1467 1699 1685 1771 (Virgil.
1715 1717 1764 1753 tv
1790 1699 2002 1770 Georg.)
2031 1717 2043 1752 :

467 1791 587 1828 cum
614 1775 680 1828 sit
725 1775 939 1855 minima
975 1775 1202 1843 corporis
1256 1772 1501 1866 paruitate
1523 1809 1558 1866 ,ι
1583 1775 1810 1866 ingentes
1847 1774 2050 1866 Τεῦκρε
2079 1802 2128 1866 Β

469 1855 691 1917 angusto
721 1854 885 1917 versat
912 1846 965 1898 in
988 1842 1219 1917 pectore;
1255 1845 1439 1896 uiribus
1460 1842 1753 1917 imbecillis,
1787 1843 1879 1896 sed
1903 1843 2052 1917 fortis

461 1913 694 1989 ingenio.
735 1916 864 1989 Haec
891 1915 1158 1985 explorata
1193 1925 1476 1984 temporum
1506 1915 1650 1989 uice,
1676 1913 2055 1989 cum‘canitiens

473 1983 718 2058 pr'uinosa
762 1983 972 2041 hiberna
1020 1983 1336 2057 posuerunt,
1381 1993 1427 2038 et
1463 1985 1679 2058 glaciale
1703 1985 1899 2058 senium
1919 1983 2057 2058 verni

476 2055 718 2131 temporis
746 2055 1334 2131 moderataldeterserint
1352 2096 1368 2122 ,
1386 2057 1559 2109 statim
1585 2055 1878 2131 prodeundi
1889 2055 1958 2131 ad
1981 2055 2058 2131 la-

475 2125 644 2188 borem
683 2147 807 2185 cura
859 2128 1118 2194 succedit,
1154 2129 1492 2199 dispersisque
1515 2125 1612 2199 per
1645 2143 1796 2196 agros
1816 2167 1830 2191 ,
1861 2125 2057 2199 libratis

477 2205 746 2271 paululum
787 2202 966 2270 pennis
991 2241 1007 2266 ,
1036 2198 1265 2253 cruribus
1288 2198 1547 2267 suspensis
1572 2199 1840 2271 insidunt,
1873 2198 2060 2271 partim

478 2267 565 2327 ore
594 2275 755 2343 legere
787 2267 1088 2343 ﬂosculos,
1111 2271 1567 2343 partim-oneratae
1613 2267 1914 2343 uictualibus
1954 2268 2060 2343 suis

479 2344 548 2397 ad
573 2338 744 2398 caitra
767 2338 1030 2406 remeant;
1051 2340 1219 2409 ibique
1259 2339 1374 2394 alia:
1402 2338 1743 2392 intestimabili
1771 2347 1878 2391 arte
1908 2338 2062 2409 cellu-

478 2415 556 2469 las
587 2415 750 2469 tenaci
780 2412 977 2480 glutino
1023 2406 1282 2464 instruunt
1308 2453 1324 2478 ,
1372 2411 1490 2480 alite
1527 2410 1768 2474 liquentia
1798 2406 1952 2462 mella
1975 2408 2064 2462 sti-

481 2495 626 2555 pant,
651 2485 767 2555 alite
779 2478 974 2555 iertunt
984 2484 1138 2555 ﬂores
1157 2484 1207 2535 in
1231 2478 1545 2555 ceram,alice
1565 2489 1815 2555 ore‘natos
1836 2480 2059 2555 ﬁngunt,

476 2547 847 2612 allce'collectis
878 2571 903 2608 e
945 2547 1082 2622 [aliis
1113 2563 1288 2608 nectar
1313 2551 1599 2606 includunt.
1647 2547 1692 2604 0
1739 2547 1850 2622 vere
1893 2547 2059 2618 beata,

479 2638 528 2682 et
551 2627 784 2681 amabilis
813 2640 933 2695 apes
946 2621 967 2690 ί,
999 2625 1146 2695 cujus
1177 2641 1269 2678 nec
1299 2637 1475 2677 sexum
1498 2622 1714 2677 masculi
1739 2621 2063 2695 violant,ife-

481 2709 561 2753 tus
583 2714 686 2753 non
715 2694 996 2767 quassant,
1030 2694 1119 2749 nec
1136 2695 1247 2767 ﬁlii
1275 2695 1540 2767 destruunt
1568 2695 1887 2767 castitatem;
1933 2694 2066 2746 sicut

480 2778 661 2824 sancta
697 2765 927 2840 concepit
954 2768 1097 2840 virgo
1123 2765 1332 2840 Maria_,
1363 2765 1517 2840 uirgo
1533 2766 1749 2834 peperit,
1777 2765 1918 2833 virgo
1949 2776 2066 2832 per-

476 2843 688 2896 mansit.
715 2835 919 2909 Deinde
949 2835 1192 2909 sequitur
1215 2854 1240 2909 :7
1282 2835 1327 2890 0
1358 2835 1472 2909 uere
1504 2837 1651 2909 beata
1685 2849 1808 2909 nox.
1835 2850 1949 2909 qua:
1978 2849 2066 2909 ea:-

478 2911 716 2983 spoliavit
744 2905 1049 2983 eEgyptios,
1080 2920 1185 2965 etc.
1227 2906 1477 2964 Secundo
1511 2908 1569 2983 _i_n
1598 2905 1705 2961 ﬁne
1731 2905 2066 2983 Benedictio-

482 2976 569 3039 riis
612 2976 919 3040 nomina'tnr
963 2990 1167 3036 tantum
1217 2995 1390 3049 papa,
1436 2977 1579 3032 nulla
1629 2978 1905 3034 mentione
1930 2976 2066 3033 tacta

480 3054 740 3125 episcopi,
769 3052 1054 3125 regis,‘_aut
1074 3051 1431 3125 imperatoris.
1555 3118 1568 3125 _
1638 3061 1646 3068 '

556 3117 734 3194 Hujus
770 3117 1177 3194 Benedictionis
1213 3122 1356 3175 cerei
1405 3118 1606 3174 mentio
1653 3118 1713 3194 ﬁt
1756 3117 1808 3172 in
1836 3118 2066 3194 concilio

482 3177 742 3251 Τοῖέἶέιῶ
769 3177 842 3260 iv,
881 3177 1001 3263 cap.
1032 3193 1066 3248 8
1091 3209 1104 3247 :
1147 3190 1383 3263 Lucerna
1414 3201 1460 3244 et
1489 3205 1662 3248 cereus
1691 3188 2070 3263 inprtevigiliis
2093 3177 2140 3241 C

480 3265 702 3320 Pascha:
729 3265 870 3329 apud
897 3260 1145 3335 quasdam
1189 3262 1442 3335 Ecclesias
1475 3277 1584 3335 non
1609 3260 1988 3335 benedicuntur,
2021 3273 2072 3314 et

480 3354 571 3391 cur
599 3355 631 3391 a
659 3337 800 3390 nobis
842 3331 1206 3389 benedicuntur
1233 3333 1517 3401 inquirunt.
1543 3331 1764 3398 Propter
1789 3332 2072 3401 gloriosum

482 3411 619 3462 enim
643 3408 803 3462 noctis
829 3407 987 3478 ipsius
1034 3416 1407 3478 sacramentum
1447 3402 1736 3478 sole_mn_iter
1772 3407 1879 3457 Ιιωσ
1921 3402 2071 3478 bene-

482 3481 739 3543 dicimus,
782 3473 858 3532 αι’
880 3492 1040 3531 sacra:
1080 3476 1484 3530 liesurrectionis
1530 3473 1719 3528 Christi
1749 3475 2069 3544 mysterium,

481 3551 618 3618 quod
640 3542 865 3621 tenipore
888 3549 1042 3619 hujus
1063 3551 1241 3621 voticte
1259 3547 1419 3600 noctis
1441 3545 1662 3621 advenit,
1686 3547 1737 3599 in
1752 3542 2074 3621 Benedictio;

483 3617 548 3675 ne
573 3617 753 3675 sancti
775 3617 1010 3674 Luminis
1054 3618 1412 3687 suscipiamus.
1471 3617 1548 3671 lla
1593 3618 1646 3669 in
1678 3617 1912 3671 secunda
1941 3617 2070 3671 Edi-

487 3693 634 3747 tione
661 3691 900 3757 Garsiae;
939 3704 1060 3745 nam
1103 3691 1154 3744 in
1182 3690 1353 3759 prima
1383 3689 1440 3744 τὸ
1471 3687 1688 3741 Paschce
1714 3688 2070 3755 desideratur,

482 3763 580 3819 sed
609 3777 794 3832 parum
823 3765 988 3817 refert
1008 3801 1026 3828 ,
1077 3761 1347 3832 siquidem
1374 3760 1647 3832 sequentia
1669 3759 1809 3832 satis
1835 3759 2074 3832 indicant

484 3829 744 3889 canonem
780 3847 900 3889 esse
931 3834 1000 3889 de
1028 3833 1171 3888 cerei
1199 3831 1476 3887 Paschalis
1502 3829 1882 3885 Benedictione
1910 3829 2070 3886 intel-

482 3903 774 3976 ligendum.

557 3978 710 4032 Hanc
737 3975 1122 4030 institutionem
1153 3973 1434 4037 Alcuinus,
1463 3972 1558 4026 lib.
1601 3971 1666 4024 de
1703 3968 1906 4024 Olﬁeiis
1931 3970 2071 4026 divi-

484 4049 590 4114 nis,
623 4062 741 4117 cap.
773 4047 842 4101 de
887 4045 1123 4117 Sahbato
1173 4051 1388 4117 sancto,
1433 4051 1487 4117 et
1515 4041 1842 4117 Amalarius,
1875 4041 1972 4117 lib.
2005 4043 2073 4096 de

482 4113 638 4174 Ol'ﬁc.
673 4113 806 4172 eccl.
836 4157 850 4181 ,
896 4131 1014 4184 cap.
1048 4115 1141 4182 18,
1171 4128 1304 4184 pape
1336 4113 1549 4184 ΖοδίΨο
1574 4113 1833 4184 tribuunt,
1861 4113 2076 4181 quibus-

489 4188 614 4244 dam
665 4183 1077 4241 reclamantibus
1125 4183 1413 4255 qui’illam
1460 4183 1678 4255 Zosimo
1708 4184 2072 4255 antiquiorem

485 4273 608 4314 esse
637 4257 1003 4321 contendunt,
1039 4254 1182 4324 quod
1211 4263 1388 4311 exstet
1413 4255 1556 4324 apud
1579 4254 1952 4323 Prudentium,
1982 4255 2074 4324 qui

487 4340 611 4384 ante
637 4328 910 4381 Zosimum
955 4327 1134 4380 lloruit
1157 4365 1174 4392 ,
1228 4327 1457 4396 hymnus
1505 4327 1574 4382 de
1607 4340 1764 4380 ceree
1795 4328 2028 4394 paschali
2056 4343 2072 4393 ;

487 4401 586 4457 sed
636 4399 943 4454 immerito:
996 4412 1118 4451 nam
1165 4396 1256 4452 ille
1298 4399 1525 4466 hymnus
1577 4413 1683 4452 non
1713 4407 1795 4451 est
1824 4398 1890 4450 de
1915 4411 2074 4451 eereo

486 4470 764 4541 paschali,
815 4469 910 4524 sed
957 4467 1568 4541 hymnusvespertinus
1615 4477 1704 4541 est
1748 4467 1816 4521 de
1849 4468 2070 4541 lumine,

2146 504 2332 567 sancto
2378 495 2599 550 doctore
2638 497 2708 548 sit
2745 495 3072 563 composita,
3107 509 3212 567 non
3239 496 3367 550 mihi
3395 495 3738 567 compertum

2143 575 2250 621 est.
2292 566 2558 620 Praeterea
2606 570 2900 619 nntandum
2948 574 3034 622 est
3075 567 3128 620 in
3171 566 3368 623 Codice
3409 566 3624 624 Ratdldi
3665 573 3739 627 ad

2145 636 2261 710 haec
2285 636 2469 703 verba,
2496 636 2689 710 incensi
2709 637 2888 710 hujus,
2921 651 3082 706 super
3109 639 3169 694 τὸ
3190 641 3348 710 hujus
3374 654 3590 696 crucem
3615 657 3744 700 esse

2145 706 2444 777 depictam;
2477 709 2724 763 similiter
2752 706 2818 761 ad
2847 707 2961 760 haec
2989 710 3172 775 verba,
3206 706 3268 763 in
3288 710 3534 765 honorem
3563 715 3744 768 nomi-

2145 780 2224 855 nis
2267 780 2345 855 tui
2389 789 2745 855 co_nse_cratus_,
2778 793 2939 855 super
2968 780 3128 834 etiam
3155 783 3214 838 τὸ
3235 793 3585 855 consecratus,
3619 801 3744 855 qum

2145 850 2202 905 in
2228 849 2413 905 codice
2438 850 2667 906 Rodradi
2698 850 2906 919 depicta
2938 861 3020 906 est
3044 867 3206 921 super
3228 854 3284 910 τὸ
3314 855 3556 909 nominis.

2218 921 2295 977 De
2321 922 2565 992 mysticis
2593 921 2735 976 cerei
2777 921 3044 990 paschalis
3099 924 3574 991 signiﬁcationibus
3606 942 3745 981 eon-

2146 992 2266 1046 sule
2305 993 2588 1047 Aleuinum
2617 1032 2632 1059 ,
2662 992 3012 1058 Amalarium,
3046 993 3494 1050 Bartholomaeum
3524 994 3741 1052 Garan-

2147 1073 2284 1145 tum,
2315 1072 2371 1119 et
2391 1073 2644 1145 cancros,
2676 1063 2768 1132 qui
2811 1064 2878 1118 de
2908 1063 3100 1120 ofﬁciis
3127 1079 3222 1121 seu
3251 1065 3444 1136 ritibus
3473 1069 3739 1124 ecclesia-

2147 1145 2298 1188 SllClS
2323 1145 2673 1202 SCI‘IpSGI‘Ulli.

2222 1203 2610 1280 sed_n9n_sunt_
2632 1204 3075 1280 omittendiritus
3096 1206 3448 1280 benedicendi
3473 1209 3745 1280 paschalis

2149 1275 2478 1348 ρει-01345
2525 1277 2615 1345 qui
2655 1284 2870 1348 exstant
2920 1279 2973 1348 in
3025 1277 3312 1348 Codicibus
3358 1275 3650 1337 ltheinensi
3686 1289 3747 1337 et

2149 1347 2412 1401 Ratoldi.’
2443 1353 2500 1400 ln
2531 1347 2623 1400 illo
2668 1347 2881 1416 quidem
2925 1347 2996 1402 ita
3027 1347 3293 1406 habetur:
3323 1350 3577 1408 Primitus
3604 1353 3746 1407 enim

2151 1427 2327 1471 octava
2371 1417 2498 1471 hora
2544 1418 2644 1471 diei
2691 1418 2943 1489 mediante
2989 1421 3273 1489 procedunt
3309 1423 3378 1478 ad
3405 1425 3670 1479 ecclesiam
3695 1431 3749 1478 et

2149 1489 2508 1564 ingrediuntur
2553 1490 2604 1540 in
2649 1488 2967 1564 sacrarium,
2989 1488 3049 1542 et
3080 1491 3299 1564 induunt
3323 1511 3378 1548 se
3404 1496 3741 1564 vestimentis,

2152 1558 2284 1612 sicut
2322 1575 2452 1637 ‘mos‘
2481 1568 2592 1622 est;
2620 1568 2668 1613 et
2690 1559 2876 1637 incipit
2921 1561 3084 1637 clerus
3133 1563 3368 1619 litaniam
3387 1607 3403 1632 ,
3432 1558 3752 1637 etiprocedi't

2151 1631 2389 1684 sacerdos
2419 1629 2481 1684 de
2508 1631 2733 1684 sacrario
2749 1647 2864 1684 cum
2888 1630 3150 1686 ordinibus
3172 1637 3329 1689 sacris
3351 1652 3370 1690 :
3390 1629 3602 1690 ueniunt
3626 1645 3755 1692 ante

2153 1701 2742 1778 mtare,stant_inclinato
2753 1703 3102 1778 capite,usque
3113 1705 3235 1758 dum
3250 1707 3424 1761 dicant
3437 1707 3611 1778 Agnus
3627 1705 3750 1763 Dei.

2154 1770 2354 1846 Deinde
2373 1773 2574 1846 veniens
2595 1770 2832 1846 sacerdos
2851 1773 2917 1846 ab
2944 1770 3205 1840 Oratione,
3237 1779 3376 1831 vadit
3402 1770 3539 1832 retro
3559 1779 3751 1846 altare,

2156 1843 2406 1920 accipiens
2427 1844 2488 1897 de
2509 1844 2698 1896 lumine
2725 1843 2860 1910 quod
2886 1847 3186 1920 sextaferia
3211 1848 3509 1903 absconsum
3523 1849 3644 1920 fuit,
3673 1843 3755 1918 fa-

2157 1915 2296 1986 ciens
2325 1929 2525 1986 crucem
2545 1930 2696 1986 super
2717 1930 2914 1986 cereum
2935 1925 2981 1968 et
3003 1917 3301 1975 illuminans
3315 1935 3450 1985 eum,
3465 1915 3756 1986 completur

2157 1985 2234 2038 his
2261 1985 2604 2062 orationibus.
2648 1985 2702 2038 ln
2715 1985 2832 2062 _boc
2844 2000 2970 2040 vero
2982 1987 3060 2062 sic
3076 1987 3161 2062 :_iI
3170 2005 3259 2042 ora
3272 2002 3416 2045 sexta
3429 1985 3755 2062 ingrediatur

2159 2057 2394 2130 pontifex
2435 2058 2491 2109 in
2534 2058 2818 2130 sacrarium
2863 2073 2980 2111 cum
3007 2059 3171 2130 lenitis
3217 2069 3264 2115 et
3298 2057 3565 2130 ministfis,
3588 2072 3637 2117 et
3665 2065 3754 2117 in-

2160 2127 2321 2180 duant
2352 2143 2404 2182 se
2431 2128 2591 2181 sacris
2619 2128 2858 2195 vestibus,
2879 2135 2927 2182 et
2949 2129 3186 2184 ordinent
3213 2147 3267 2186 se
3282 2133 3415 2186 sicut
3442 2134 3497 2187 in
3522 2127 3754 2189 crastina

2161 2199 2243 2251 die
2273 2197 2912 2274 Puscluecoutineturiet
2931 2200 3114 2274 jubeat
3149 2204 3345 2274 acquiri
3373 2220 3558 2257 novum
3579 2203 3755 2274 ignem

2162 2285 2277 2322 cum
2303 2270 2535 2337 ampulla
2577 2286 2609 2322 a
2657 2271 2764 2323 sole
2801 2271 3148 2324 illuminatum
3168 2312 3183 2336 ,
3211 2270 3312 2327 sive
3339 2290 3372 2327 a
3402 2275 3546 2329 silice
3570 2270 3756 2329 eieciss-

2160 2355 2294 2395 sum.
2356 2340 2554 2396 Deinde
2581 2340 2775 2412 faciant
2803 2356 3005 2394 crucem
3051 2341 3116 2396 de
3160 2344 3366 2399 incenso
3394 2347 3446 2400 in
3475 2361 3618 2399 cerea
3640 2387 3658 2412 ,
3701 2351 3757 2400 et

2161 2414 2411 2466 scribatur
2458 2409 2626 2465 annus
2657 2409 2900 2485 Domini,
2943 2422 3092 2482 atque
3121 2423 3161 2470 Δ
3201 2424 3248 2469 et
3289 2427 3350 2481 Ω,
3385 2424 3431 2470 et
3476 2424 3596 2470 tunc
3625 2409 3755 2485 por-

2163 2490 2299 2556 tetur
2323 2498 2496 2537 cereus
2526 2490 2659 2556 ante,
2674 2482 2966 2556 episcopum
2993 2499 3106 2556 cum
3125 2490 3464 2556 processione,
3489 2504 3604 2540 cum
3625 2482 3755 2541 can-

2164 2554 2478 2629 delabris,_et
2505 2552 2795 2629 thuribulis,
2829 2552 2992 2629 tamen
3015 2552 3134 2629 sine
3155 2557 3364 2612 lumine.
3406 2558 3472 2610 Et
3493 2559 3565 2612 sic
3589 2559 3757 2629 stipa-

2166 2634 2246 2679 tus
2284 2625 2797 2699 inced_at_episcopus
2827 2627 2879 2678 in
2923 2626 3089 2699 medio
3135 2630 3311 2692 choro,
3356 2637 3402 2684 et
3439 2629 3509 2682 ibi
3528 2625 3750 2699 ponatur

2166 2711 2360 2750 cereus.
2396 2694 2709 2770 Episcopus
2723 2705 2895 2770 autem
2922 2696 3072 2770 ﬁnita
3115 2700 3345 2770 oratione
3390 2694 3557 2770 pergit
3579 2701 3648 2752 ad
3677 2701 3762 2754 at:

2167 2776 2292 2832 tare,
2323 2777 2368 2820 et
2388 2766 2457 2820 ibi
2485 2767 2612 2819 hora
2637 2768 2872 2820 sessionis
2912 2769 3102 2820 sedeat.
3154 2767 3278 2824 Non
3298 2766 3538 2824 ascendat
3574 2771 3644 2822 ad
3672 2786 3762 2825 δικ

2167 2839 2286 2892 dem
2316 2853 2470 2907 usque
2494 2840 2561 2891 ad
2596 2847 2792 2907 tempus
2818 2879 2831 2903 ,
2861 2836 2985 2890 dum
3012 2839 3148 2892 dicat
3172 2855 3191 2894 :
3237 2838 3414 2894 Gloria
3442 2842 3494 2895 in
3523 2841 3760 2896 excelsis

2169 2909 2298 2964 Deo.
2331 2909 2650 2983 inde‘levita
2675 2907 2942 2980 postulans
2970 2907 3383 2983 Benedictionem
3413 2911 3488 2983 ab»
3516 2912 3760 2983 episcopo

2169 2990 2249 3034 eat
2269 2981 2338 3034 ad
2364 2996 2564 3034 cereum
2581 3020 2598 3046 ,
2625 2978 2683 3032 et
2703 2987 2977 3034 consecret.
3025 2978 3290 3036 Processio
3316 2998 3433 3036 vero
3457 2978 3650 3037 dividet
3676 2978 3756 3048 se,

2170 3067 2290 3125 pars
2320 3052 2374 3125 in
2396 3052 2636 3125 dextera,
2665 3059 2726 3125 et_
2748 3067 2866 3119 pars
2895 3051 2948 3104 in
2973 3051 3206 3125 sinistra.
3247 3051 3274 3105 1
3283 3055 3461 3108 nterim
3485 3055 3760 3125 episcopus

2171 3123 2392 3176 sedendo
2424 3121 2685 3194 benedicat
2711 3122 2879 3194 ignem
2921 3131 2967 3176 et
3011 3122 3299 3190 incensum,
3333 3134 3387 3178 ut
3412 3121 3626 3178 audiant
3654 3121 3763 3178 cir-

2173 3202 2500 3248 cumstantes.
2533 3193 2743 3264 Cereus
2767 3209 2899 3264 vero,
2928 3209 3029 3246 non
3063 3193 3402 3262 illuminetur,
3435 3211 3596 3264 usque
3633 3197 3763 3249 dum

2175 3267 2458 3390 ﬁervenerit
2505 3263 2750 3318 diaconus
2796 3263 2932 3333 Ignis
2960 3267 3223 3347 accendit.
3283 3263 3546 3322 Ilactcnus
3573 3263 3761 3348 Codex

2225 3337 2406 3390 atoldt.
2447 3335 2572 3390 Haec
2596 3345 2772 3388 autem
2801 3334 2962 3389 verba
2989 3351 3041 3389 in
3070 3333 3272 3390 Codice
3295 3337 3591 3390 Rhemensr
3615 3352 3760 3390 cons-

2225 3336 2406 3392 atoldi.
2447 3335 2572 3390 Haec
2596 3345 2772 3388 autem
2801 3334 2962 3389 verba
2989 3338 3041 3389 in
3070 3333 3272 3391 Codice
3295 3336 3591 3392 Rhemensi
3615 3352 3760 3390 cons-

2177 3409 2344 3476 pletur
2387 3407 2466 3460 his
2518 3406 2843 3460 Orationibus
2867 3445 2882 3470 ,
2915 3406 3286 3475 intelligunlur
3310 3407 3377 3462 de
3399 3407 3752 3463 Orationibus

2176 3480 2368 3548 quibus
2393 3477 2760 3548 supradictum
2793 3477 2952 3531 ritum
2974 3477 3257 3548 concludit
3283 3479 3588 3547 episcopus,
3619 3491 3758 3547 quas

2175 3545 2413 3619 sequitur
2443 3545 2584 3604 cerei
2608 3547 2932 3617 Benedictio,
2965 3545 3220 3613 Exsultet,
3253 3558 3358 3604 etc.
3381 3589 3397 3613 ,
3427 3545 3544 3619 qua:
3576 3545 3757 3608 tamen

2176 3620 2374 3678 ibidem
2399 3635 2503 3675 non
2535 3628 2764 3689 exstant.
2804 3619 2947 3673 Ordo
2977 3621 3332 3689 processionis
3364 3623 3430 3674 ad
3466 3621 3635 3674 altare
3662 3619 3757 3688 qui

2178 3693 2266 3746 hic
2293 3693 2596 3762 praecipitur
2625 3695 2679 3744 in
2707 3688 2902 3762 Codice
2940 3688 3179 3762 ltatoldi,
3216 3701 3281 3762 ut,
3313 3692 3365 3745 in
3395 3690 3628 3745 crastina
3658 3690 3758 3744 νει.

2177 3761 2344 3829 sellae,
2373 3763 2602 3817 habetur
2629 3776 2788 3830 supra
2832 3761 2899 3815 ad
2930 3761 3088 3815 ﬁnem
3121 3762 3239 3815 libri
3263 3761 3758 3816 Sacramentorum.

2176 3835 2357 3888 Oratio
2385 3833 2539 3902 cujus
2567 3842 2650 3888 est
2675 3832 2762 3886 hic
2791 3833 2991 3886 mentio
3032 3841 3116 3886 est
3143 3832 3310 3900 prima
3341 3831 3515 3886 Missa:
3543 3831 3756 3886 Oratio.

2176 3904 2458 3959 Processio
2481 3918 2600 3972 qua:
2621 3904 2777 3957 debet
2797 3902 2960 3956 dividi
2985 3913 3068 3957 est
3093 3913 3264 3957 emtas
3295 3904 3756 3972 presbyterorum,

2178 3975 2524 4030 diaconorum
2555 3985 2609 4028 et
2631 3974 2997 4028 ministrorum
3018 4013 3034 4038 ,
3062 3975 3151 4042 qui
3185 3973 3422 4028 comitati
3452 3984 3574 4027 sunt
3603 3989 3759 4029 eum-

2177 4049 2297 4100 dem
2325 4047 2634 4115 episc0pum
2659 4059 2691 4099 e
2724 4045 2959 4099 sacrario
2988 4045 3053 4098 ad
3080 4045 3278 4109 altare,
3314 4045 3616 4115 debentque
3645 4054 3760 4098 toto

2178 4114 2372 4173 Missa!
2399 4126 2636 4184 tempore
2667 4116 2740 4170 illi
2769 4116 3042 4170 assistere.
3076 4115 3168 4170 His
3199 4116 3398 4185 verbis,
3429 4124 3483 4170 ut
3510 4114 3756 4183 audiant,

2177 4189 2388 4242 videtur
2416 4187 2768 4256 prmpouenda
2799 4189 3053 4256 particula
3074 4188 3166 4240 ita.

2247 4259 2304 4313 In
2330 4258 2530 4314 Ordine
2561 4257 2801 4313 Romano
2829 4268 2953 4314 sunt
2984 4259 3072 4312 alii
3103 4259 3236 4312 ritus
3266 4258 3354 4329 qui
3385 4258 3542 4314 etiam
3566 4259 3633 4312 ab
3656 4257 3758 4312 ho-

2179 4330 2385 4386 diernis
2414 4331 2721 4400 discrepant
2745 4372 2760 4398 ,
2793 4331 2934 4385 inter
2963 4345 3094 4400 quos
3123 4329 3217 4384 ille
3243 4339 3363 4396 est;
3396 4345 3516 4383 nam
3550 4339 3605 4381 ut
3645 4329 3761 4400 pri-

2180 4418 2325 4456 mum
2362 4399 2607 4470 pomifer
2630 4418 2661 4456 e
2690 4402 2926 4457 sacrario
2959 4399 3216 4471 processit
3249 4444 3261 4465 ,
3296 4402 3604 4457 accenditur
3634 4399 3759 4467 qui-

2178 4473 2298 4527 dam
2323 4488 2511 4528 cereus
2540 4474 2592 4528 in
2623 4473 2740 4529 loco
2766 4473 2986 4541 mundo,
3017 4481 3074 4528 et
3104 4471 3360 4540 pontifex,
3395 4471 3507 4526 sive
3534 4473 3760 4541 presbyt-

487 4537 632 4626 quod
660 4541 789 4622 olim
817 4537 1405 4626 vesperelquotidie-inp
1424 4537 1663 4626 Ecclesia
1685 4539 1919 4626 solemni
1941 4555 2069 4626 (ξυρ-
2098 4568 2152 4626 D
2179 4551 2260 4599 ter
2288 4544 2493 4626 iacietis
2521 4560 2683 4626 super
2710 4560 2830 4626 eum
2857 4537 3394 4626 crucem,'benedieit
3415 4537 3544 4626 eum
3568 4537 3762 4620 humili

487 4607 610 4667 dam
661 4612 764 4666 ritu
814 4607 1224 4677 accendebatur,
1279 4620 1335 4664 ut
1381 4607 1499 4666 fuse
1539 4609 1826 4664 docuimus
1854 4610 1919 4663 ad
1950 4607 1977 4680 §
2012 4609 2067 4676 2,

487 4697 607 4752 cap.
634 4684 702 4739 24
727 4724 744 4750 ,
776 4681 1086 4738 Concordiae
1131 4681 1471 4752 regularum.
1516 4681 1621 4736 Sed
1675 4680 2068 4752 quidquidﬂsit,

489 4751 625 4809 ritus
663 4770 793 4809 sane
833 4756 1082 4822 antiquus
1128 4765 1210 4808 est
1236 4794 1252 4819 ,
1302 4751 1565 4822 siquidem
1593 4753 1732 4821 apud
1763 4751 2070 4806 Ennodium

488 4825 828 4880 Ticinensem
860 4825 1189 4893 epise0pum,
1222 4824 1311 4892 qui
1339 4823 1469 4877 obiit
1491 4837 1632 4878 anno
1657 4832 1774 4891 post
1803 4823 2070 4877 Christum

490 4907 673 4951 natum
704 4895 803 4949 521
829 4936 844 4960 ,
887 4898 1004 4949 dum
1032 4897 1172 4950 cerei
1201 4894 1470 4964 paschalis
1495 4903 1708 4949 exstant
1736 4894 2075 4948 Benedictio-

489 4982 586 5021 nes
615 4967 844 5038 eleganti
891 4981 1021 5020 sane
1059 4968 1197 5036 stylo
1242 4968 1562 5034 conscripta
1592 4969 1644 5020 in
1675 4965 1946 5038 opusculis
1971 4965 2071 5038 ini-

490 5035 771 5094 seellanéis
817 5035 848 5091 9
894 5046 948 5092 et
992 5038 1081 5099 10.
1114 5035 1320 5106 quibus
1365 5045 1543 5106 tamen
1596 5051 1702 5091 non
1736 5035 2072 5105 praemittitur

487 5123 647 5178 supra
695 5105 1304 5171 memorata-Prml‘atio,
1341 5119 1362 5147 ο
1394 5105 1632 5161 Exsultet
1671 5109 1787 5178 jam
1837 5108 2070 5174 angelica

488 5177 638 5235 turba
666 5181 925 5235 caelorum.
965 5179 1025 5235 ln
1049 5178 1248 5235 Ordine
1279 5179 1449 5234 Missa:
1489 5177 1858 5232 Ambrosianus
1889 5178 2064 5234 habe-

561 5314 587 5344 ι
627 5303 684 5358 1η
717 5302 856 5359 Edit.
889 5317 1025 5359 nova
1049 5347 1064 5374 ,
1106 5311 1251 5358 tomo
1284 5300 1358 5367 ll,
1388 5300 1501 5374 col.
1521 5298 1662 5367 684,
1688 5297 1922 5366 explicat
1949 5312 2074 5374 san-

490 5386 608 5432 ctus
637 5377 833 5430 Doctor
863 5369 1062 5430 Psalmi
1114 5389 1262 5441 XLIV,
1311 5382 1365 5427 et
1400 5371 1469 5425 ad
1492 5373 1637 5425 hunc
1660 5383 1871 5423 versum
1900 5387 1915 5441 :7
1943 5369 2074 5423 Lin-

489 5463 592 5518 gua
620 5463 732 5499 mea
761 5449 984 5499 calamus
1013 5445 1210 5511 scribat,
1235 5452 1365 5518 etc.,
1397 5445 1507 5495 ait:
1559 5441 1679 5494 Mea
1707 5447 1872 5518 autem
1899 5440 2075 5512 lingua

488 5512 541 5573 in
569 5518 950 5571 similitudinem
974 5518 1152 5571 scriba:
1178 5514 1358 5568 velocis
1382 5552 1397 5579 ,
1428 5529 1576 5582 quem
1611 5512 1866 5566 notarium
1894 5529 2076 5581 passu-

489 5605 602 5660 mus
631 5587 936 5660 intelligere,
966 5587 1206 5659 quodam,
1233 5597 1338 5660 etc.

562 5659 590 5696 ι)
632 5653 830 5714 Eadem
861 5653 1108 5728 leguntur
1132 5668 1240 5709 tum
1278 5657 1334 5728 in
1371 5655 1567 5728 nostris
1604 5653 1739 5728 God.
1769 5669 1923 5728 mss.,
1965 5665 2074 5711 ttnn

494 5731 547 5784 in
573 5730 878 5784 Missalibus
915 5724 1152 5782 Gothico
1198 5737 1254 5780 et
1297 5724 1572 5782 Gallieano
1614 5727 1771 5783 editis
1809 5742 1842 5783 a
1873 5727 2068 5783 Mabill.

495 5801 589 5857 lib.
620 5800 689 5856 de
717 5799 917 5870 Liturg.
951 5797 1139 5870 Gallic.

573 5881 596 5910 α
638 5868 1085 5941 Legitur'eadcm
1142 5869 1254 5926 lere
1303 5869 1356 5927 in
1407 5868 1622 5930 Calensi
1664 5879 1720 5928 et
1765 5871 1819 5928 in
1868 5871 2074 5929 duobus

2180 4630 2330 4680 voce,
2364 4617 2552 4670 schola
2584 4611 2798 4669 interim
2831 4624 3078 4670 cantante
3100 4626 3302 4684 septem
3327 4615 3566 4670 Psalmos
3587 4611 3763 4681 paeni-

2179 4689 2381 4750 tentiae,
2405 4686 2507 4740 hoc
2530 4687 2688 4740 modo
2709 4685 3002 4754 incipiens:
3039 4686 3294 4739 Dominus
3325 4685 3620 4747 vobiscum,
3645 4691 3756 4736 etc.

2178 4756 2426 4812 Oremus.
2461 4758 2601 4811 Deus
2633 4756 2811 4811 mundi
2845 4757 3090 4810 conditor
3111 4794 3127 4820 ,
3160 4765 3345 4811 auctor
3375 4756 3614 4817 luminis,
3648 4763 3760 4809 etc.

2177 4829 2309 4894 Quae
2338 4827 2644 4883 Benedictio
2671 4827 2829 4881 etiam
2862 4827 3088 4879 habetur
3119 4827 3171 4879 in
3203 4827 3368 4881 veteri
3399 4827 3536 4881 libro
3562 4822 3762 4879 Sacra-

2179 4907 2480 4953 mentorum
2513 4913 2641 4964 ms.,
2672 4899 2823 4966 cujus
2847 4895 2977 4950 mihi
3007 4897 3214 4964 copiam
3252 4894 3380 4966 iecit
3431 4897 3510 4950 vir
3558 4895 3764 4950 doctis-

2177 4970 2346 5024 simus
2384 4971 2538 5024 Joan.
2587 4965 2853 5023 Aubertits
2898 4969 3192 5021 litterarum
3243 4965 3550 5019 Graecarum
3582 4967 3764 5033 regius

2177 5041 2441 5109 interpres
2467 5081 2481 5106 ,
2533 5049 2587 5094 et
2628 5038 2867 5092 succedit
2893 5036 3098 5109 vulgari
3125 5037 3267 5109 cerei
3296 5033 3766 5109 paschalis_8ciie-
3841 5097 3849 5106 ,

2169 5106 2434 5176 dictioni,
2484 5121 2731 5179 tanquam
2773 5109 2913 5163 illius
2958 5106 3519 5179 alterahBenedtctio.
3559 5107 3760 5179 Quam,
3835 5130 3842 5137 -

2169 5183 2293 5251 quia
2317 5176 2694 5251 prolixior'est
2721 5179 2938 5250 prmlata
2978 5176 3358 5232 Benedictione
3397 5177 3614 5232 Ordinis
3656 5178 3765 5233 Ro-
3828 5249 3829 5252 η

2183 5301 2393 5359 Theod.
2439 5303 2511 5358 At
2555 5301 2608 5356 in
2660 5293 2868 5355 Gemet.
2911 5296 3171 5368 prolixior
3216 5303 3300 5351 est
3340 5294 3522 5351 abhis
3558 5295 3764 5363 verbis,

2181 5378 2314 5443 apis,
2341 5376 2453 5429 sive
2478 5417 2494 5442 ,
2524 5381 2582 5427 ut
2609 5372 2801 5442 legitur
2830 5373 2882 5426 in
2910 5367 3011 5424 ms.
3032 5411 3047 5436 ,
3077 5384 3196 5440 apes
3217 5377 3380 5443 mater
3406 5367 3599 5443 eduxit,
3635 5369 3770 5422 muli

2185 5439 2341 5514 taque
2390 5439 2697 5500 attexuntur
2738 5443 2793 5498 in
2821 5457 2980 5511 apum
3014 5439 3764 5514 laudem._‘lnrvet._Sacra_m.

2184 5508 2368 5574 Gallic.
2383 5559 2396 5582 ,
2415 5518 2482 5572 de
2499 5518 2650 5587 cujus
2670 5508 2986 5585 antiquitate
3001 5514 3221 5589 consule
3239 5511 3619 5589 Mabillonium,
3646 5508 3765 5589 Mu-_

2183 5590 2260 5644 sei
2293 5578 2458 5644 Italici
2491 5578 2620 5644 tom.
2669 5589 2722 5653 l,
2757 5578 2907 5657 parte
2937 5602 2994 5654 ιι,
3024 5586 3258 5657 legitur:
3288 5579 3594 5661 Benedictio
3621 5578 3765 5639 cerei

2185 5664 2357 5717 sancti
2381 5661 2659 5731 Augustini
2677 5652 3131 5736 ,e'piscopiLquat'n
3163 5670 3283 5736 eum
3307 5652 3766 5736 adhuediaconus

2183 5746 2366 5802 esset,
2417 5723 2610 5790 ce'cinit
2655 5723 2882 5789 dicens?
2914 5723 3189 5796 Exsulta,
3224 5735 3328 5785 etc.
3356 5765 3372 5796 ,
3403 5735 3460 5782 ut
3487 5725 3543 5780 in
3568 5723 3760 5791 Editis,

2183 5807 2450 5863 nonnullis
2481 5817 2656 5864 tamen
2682 5807 2895 5862 additis.
