4042 6350
254 405 353 466 537

999 399 1066 457 IN
1103 399 1162 458 S.
1204 396 1536 458 GREGORII
1574 395 1837 455 LIBRUM
1869 394 2478 456 SACRAMENTORUM
2515 398 2746 459 NOTAE.

3413 405 3513 463 '55}

253 519 422 585 mani,
464 522 520 573 et
548 515 600 570 in
627 512 944 584 quibusdam
972 512 1162 579 variat,
1188 512 1275 568 hic
1304 526 1572 585 apponere
1596 510 1793 585 placuit
1826 529 1840 565 :
1868 513 1920 573 Α
1947 509 2046 585 rio,
2073 518 2200 577 etc.,
2227 509 2568 585 intelligenda
2597 521 2719 567 sunt
2745 513 2811 568 de
2834 513 3104 583 particulis
3125 514 3265 570 cerei
3294 517 3517 585 pascha»

332 610 351 642 (
389 582 529 644 Deus
560 582 744 641 mundi
773 585 1016 640 conditor
1046 624 1061 648 ,
1108 593 1292 638 auctor
1322 582 1566 646 luminis,
1597 583 1838 638 siderum

254 663 546 718 fabricator
572 705 585 727 ,
640 659 782 712 Deus
810 657 898 724 qui
925 655 1194 727 jacentem
1227 656 1481 709 mundum
1523 655 1590 727 in;
1608 655 1841 727 tenebris

258 733 374 788 luce
406 725 660 801 perpetua
690 729 951 801 retexisti,
984 726 1124 801 Deus
1150 741 1244 796 per
1271 742 1427 801 quem
1461 725 1716 801 ineffabili
1744 742 1841 796 po-

255 797 419 860 tentia
449 797 624 856 omnis
667 800 883 853 claritas
925 799 1155 866 sumpsit
1190 800 1499 860 exordium,
1536 808 1587 851 te
1632 797 1686 850 in
1740 801 1842 852 tuis

258 874 515 945 operibus
543 872 854 945 invocantes
880 869 932 922 in
957 867 1056 922 hac
1077 867 1433 945 sacratissima
1459 867 1633 945 noctis
1663 869 1841 945 vigilia

255 938 322 1002 de
351 947 508 999 donis
540 943 645 996 tuis
677 955 891 996 cereum
923 950 1025 992 tute
1060 940 1373 1008 suppliciter
1418 938 1693 993 ollerimus
1735 941 1842 994 Ma-

273 1017 433 1072 estati
464 1057 480 1080 ,
538 1029 644 1067 non
685 1010 843 1080 adipe
883 1011 1059 1064 carnis
1114 1010 1417 1078 pollutum,
1477 1024 1576 1064 nec
1619 1010 1838 1079 profana

256 1089 513 1143 unctione
543 1085 782 1138 vitiatum
814 1122 830 1148 ,
878 1095 982 1134 non
1015 1081 1276 1150 sacrilego
1328 1084 1448 1149 igne
1489 1091 1789 1136 contactum
1823 1123 1837 1146 ,

254 1160 349 1215 led
383 1172 531 1220 cera,
563 1156 704 1218 oleo,
737 1163 896 1221 atque
924 1161 950 1188 ⁸
979 1166 1181 1221 papyro
1231 1164 1614 1214 construcmm,
1662 1154 1712 1206 in
1768 1154 1842 1208 tui

261 1228 503 1284 nominis
535 1227 738 1279 honore
777 1237 1094 1278 succensum
1137 1222 1395 1290 obsequio
1445 1223 1707 1291 religiosae
1749 1223 1842 1279 de-

256 1300 498 1355 v0tionis
539 1297 848 1351 .olierimus.
905 1294 1148 1362 Magnum
1195 1294 1354 1363 igitur
1403 1295 1735 1362 mysterium,
1789 1305 1841 1350 et

258 1372 436 1426 noctis
470 1368 630 1434 hujus
685 1363 931 1419 mirabile
981 1375 1374 1419 sacramentum
1405 1365 1584 1434 dignis
1623 1379 1844 1421 necesse

255 1453 340 1498 est
387 1439 632 1495 laudibus
684 1437 987 1502 cntnulare,
1054 1435 1108 1488 in
1156 1450 1262 1505 quo
1307 1434 1591 1490 dominicae
1647 1436 1843 1490 Resur-

257 1511 515 1568 rectionis
546 1507 803 1562 miraculo
851 1508 992 1560 diem
1049 1505 1151 1560 sibi
1207 1507 1566 1560 introductum
1608 1509 1844 1562 tenebrae

255 1582 572 1638 inveterata:
605 1587 919 1643 senserunt;
946 1585 999 1632 et
1020 1591 1166 1630 mora
1190 1592 1310 1646 quze
1331 1577 1463 1631 olim
1488 1577 1658 1632 fuerat
1686 1587 1845 1634 aeter-

261 1670 336 1709 na
363 1662 518 1707 nocte
549 1650 1032 1717 damnata,inserto
1060 1647 1223 1718 346
1240 1649 1348 1701 veri
1372 1649 1591 1717 fulgoris
1619 1650 1842 1718 lumine,

266 1724 534 1794 captivam
562 1736 622 1776 se
651 1723 789 1794 trahi
819 1719 1119 1794 dominicis
1148 1719 1429 1794 triumphis
1456 1719 1745 1787 obstupuit.
1775 1724 1844 1776 At

257 1789 404 1866 quod
459 1790 830 1866 praevaricanti
865 1791 1036 1866 primo
1064 1789 1234 1866 plasto
1267 1791 1838 1866 tenebro_sa_pr:nsum-

257 1860 443 1936 ptione
463 1860 643 1920 fuerat
689 1863 743 1936 in
789 1861 1048 1936 servitute
1096 1860 1454 1936 damnatum,
1481 1861 1638 1930 hujus
1666 1864 1838 1936 noctis

256 1931 575 1992 iniraculum
630 1934 919 2003 splendore
979 1931 1237 2003 libertatis
1289 1931 1531 1987 irradiat.
1574 1936 1643 1986 At
1684 1934 1840 2003 hujus

256 2022 388 2077 ergo
418 2002 723 2062 festivitatis
747 2005 1110 2077 reverentiam
1141 2002 1361 2077 fervore
1373 2004 1592 2077 Spiritus
1613 2002 1842 2077 descen-

257 2072 475 2142 debtes,
498 2083 751 2147 quantum
782 2072 1256 2147 devotiohumana
1276 2074 1462 2147 exigit,
1489 2075 1581 2129 tibi
1610 2074 1720 2130 Deo
1737 2077 1846 2147 iul-

254 2163 395 2218 gore
415 2143 746 2202 ﬂammarum
769 2144 1282 2218 placidaluminaria
1305 2143 1844 2208 exliiuemusmtdum

257 2215 386 2274 haec
432 2218 538 2273 fide
576 2217 776 2286 integra
827 2215 1227 2286 persolvuntur,
1260 2225 1522 2271 creatura;
1551 2225 1652 2270 tute
1681 2219 1843 2271 etiam

257 2289 536 2360 praeconia
574 2285 915 2343 extollantur.
949 2285 1201 2360 Flammae
1230 2288 1317 2360 lux
1368 2288 1565 2360 quippe
1617 2287 1844 2343 dicenda

256 2356 367 2429 est,
405 2375 502 2428 per
541 2374 697 2430 quam
725 2369 962 2430 potestas
1005 2356 1217 2430 deitatis
1247 2357 1412 2429 Moysi
1446 2371 1724 2430 apparere
1763 2359 1845 2412 di-

298 2440 422 2485 nata
451 2428 714 2497 estIQuae
736 2428 804 2485 de
828 2438 969 2483 terra
995 2428 1268 2484 servitutis
1295 2428 1492 2498 pupqu
1514 2429 1731 2484 exeunti
1759 2444 1848 2485 sa-

285 2502 484 2557 utifero
529 2501 730 2556 lumine
775 2499 1346 2570 ducatumiexhibuit,
1401 2515 1518 2570 quae
1571 2501 1623 2553 in
1675 2499 1846 2556 tribus

257 2573 441 2642 pueris
471 2574 526 2627 in
568 2571 780 2642 camino
807 2569 1086 2642 sententia
1119 2572 1328 2640 tyranni
1376 2569 1634 2642 depositis
1683 2575 1845 2626 vitam

259 2640 641 2698 blandimentis
671 2640 1010 2696 mollioribus
1037 2643 1354 2696 reservavit.
1387 2641 1518 2695 Nam
1551 2652 1610 2695 ut
1637 2656 1848 2710 praece-

259 2715 423 2770 dente
454 2714 612 2784 hujus
634 2714 852 2784 luminis
879 2713 1048 2781 gratia
1081 2715 1421 2767 tenebrarum
1450 2713 1642 2784 horror
1662 2715 1848 2768 exclu-

257 2785 423 2850 ditur,
452 2783 546 2850 ita,
577 2784 823 2848 Domine,
846 2783 1152 2838 lucescente
1184 2784 1477 2853 majestatis
1500 2792 1602 2838 tute
1621 2783 1847 2852 imperio

255 2867 598 2925 peccatorum
649 2855 875 2910 sarcina:
922 2853 1218 2912 diluuntur.
1277 2856 1412 2910 Cum
1473 2853 1634 2925 igitur
1685 2855 1846 2924 hujus

255 2927 571 2988 Substantize
619 2928 879 2981 miramur
904 2925 1222 2991 exordium,
1274 2941 1434 2994 apum
1486 2939 1708 2980 necesse
1764 2935 1846 2981 est

258 2997 541 3054 laudemus
590 2997 873 3066 originem.
932 2999 1076 3064 Apes
1131 3011 1259 3051 vero
1318 3006 1442 3050 sunt
1495 2994 1730 3064 frugales
1790 2999 1845 3052 in

255 3069 584 3138 sumptibus,
610 3069 664 3123 in
694 3067 1064 3136 procreatione
1089 3068 1426 3134 castissimte,
1443 3067 1711 3121 ardilicant
1732 3069 1845 3121 cel-

255 3138 393 3193 lulas
417 3155 575 3195 cereo
595 3140 801 3208 liquore
826 3139 1094 3202 fundatas,
1116 3153 1340 3208 quarum
1363 3140 1615 3192 humanae
1641 3140 1844 3207 peritiae

257 3224 348 3264 ars
377 3212 634 3281 magistra
667 3224 774 3264 non
801 3219 1065 3278 exaequat.
1095 3209 1557 3281 chuntpedibus
1583 3213 1762 3275 liores,
1793 3219 1848 3264 et
1886 3260 1911 3274 ,

1870 1907 1919 1970 B

1946 580 2036 644 lis,
2064 596 2193 649 quas
2224 580 2513 636 Christiani
2541 584 2685 638 domi
2713 580 3057 641 asservabant
3080 626 3094 650 ,
3125 595 3184 640 ut
3212 580 3395 642 ear-um
3425 591 3519 646 be-I

1943 653 2132 725 nelicio
2163 654 2415 708 adversus
2465 662 2810 725 tempeStatcs
2843 666 2897 712 et
2937 658 3234 712 diabolicos
3277 661 3518 719 incursus

1944 723 2044 776 tttti
2072 733 2268 797 essent,
2301 735 2358 797 ut
2394 727 2560 797 liquet
2580 723 2661 780 'ex
2705 727 2947 783 Ennodio
2973 769 2987 792 ,
3015 729 3389 784 Benedictione
3411 734 3521 797 pri.

1944 809 2027 847 ma
2063 810 2077 848 :
2113 791 2181 869 Et
2205 796 2380 862 siquis
2402 795 2521 869 hinc
2548 798 2820 868 sumpserit
2868 791 3108 853 adversus
3161 801 3327 869 [labra
3359 791 3505 856 vc'nto

1943 867 2343 942 t'unt,_adt'_ersu_s
2369 868 2582 942 spiritus
2610 867 2958 942 procellarum
2986 879 3075 924 tua
3095 867 3246 942 jussa
3280 875 3474 941 faciens
3502 915 3519 939 ,

1942 936 2009 1012 sit
2037 935 2116 988 illi
2131 936 2422 1012 _sin_gular_e
2449 940 2780 1010 profugiam;
2811 942 2883 1012 sit
2915 935 3186 996 murus'ab
3225 935 3366 995 hoste
3395 935 3523 1012 ﬁde;

1945 1007 2096 1061 libus.
2131 1005 2196 1060 Et
2229 1005 2857 1066 Benedictione'secunda
2883 1030 2897 1066 :
2925 1013 3001 1066 Tu
3022 1005 3406 1068 resurrectionis
3426 1024 3530 1069 tua!

1947 1085 2194 1146 tempore,
2219 1094 2320 1155 quo
2348 1090 2522 1133 vernat
2548 1083 2670 1134 anni
2723 1084 3064 1155 reviviscentis
3114 1085 3357 1155 infantia,
3387 1102 3524 1139 sunt-

1945 1157 2087 1227 ptam
2126 1165 2191 1203 ex
2236 1153 2328 1202 ltoc
2345 1161 2528 1227 contra
2580 1154 2832 1227 procellas
2880 1163 2926 1208 et
2976 1172 3148 1211 omnes
3173 1153 3407 1210 incursus
3440 1161 3526 1227 [ac

1945 1220 2190 1294 dimicare
2220 1222 2550 1294 particulam.
2575 1220 2743 1291 Quam
2769 1227 2876 1279 vim
2899 1227 3165 1282 habebant
3188 1229 3308 1293 agni
3339 1220 3480 1282 cerei
3505 1268 3520 1294 ,

1948 1294 2035 1358 qui
2061 1292 2185 1367 olim
2218 1292 2280 1367 in
2301 1293 2531 1367 _Sa_bbato
2563 1307 2750 1367 sancto
2776 1296 2893 1350 loco
2920 1299 3060 1353 cerei
3101 1292 3367 1367 paschalis
3420 1292 3523 1353 Ro-

1945 1362 2146 1438 ma:_ab
2175 1363 2553 1438 arcljjdiacorto
2581 1365 3052 1423 benedicebantur.
3086 1362 3362 1438 Siquidem
3396 1372 3525 1426 olim

1946 1381 2049 1416 mw
2079 1381 2146 1416 al)
2175 1381 2553 1488 πωὶαιίιεοῐιο
2581 1381 3052 1423 Delicatcebantur.
3086 1381 3362 1438 btqutdem
3396 1381 3525 1426 οΙιῐη

1945 1433 1999 1505 in
2032 1433 2269 1487 Romana
2319 1434 2536 1489 “'cclesia
2567 1451 2754 1490 cereus
2787 1440 3049 1505 paschalis
3087 1456 3194 1495 non
3236 1439 3526 1496 benedicec

1946 1503 2244 1584 buturi-sed
2268 1520 2424 1560 mane
2456 1507 2626 1584 primo
2655 1503 2872 1563 Sabbati
2895 1511 3090 1580 sancti,
3115 1511 3526 1584 archidiaconus

1946 1575 2346 1650 ingrediebatur
2397 1577 2702 1650 ecclesiam,
2734 1594 3019 1650 ceramque
3061 1575 3116 1636 in
3164 1582 3364 1635 mundo
3399 1598 3528 1638 vase

1948 1644 2292 1726 liquefactam
2318 1663 2462 1726 cuin
2481 1649 2600 1726 oleo
2630 1651 2911 1726 miscebat,
2934 1644 3169 1726 eamque
3200 1652 3526 1726 benedicens

1946 1719 1999 1792 in
2023 1719 2704 1792 agnoruni_similitudinem
2730 1719 3234 1792 ellormabat,'quos
3261 1724 3313 1776 in
3340 1735 3529 1782 octava

1955 1783 2178 1861 Pascha:
2215 1789 2373 1861 347
2396 1793 2956 1858 postcommunionem
2976 1783 3218 1848 ﬁdelibus
3248 1793 3528 1847 distribue-

1946 1857 2066 1933 bat;
2091 1857 2442 1933 quidue—pro
2481 1877 2798 1933 quacunque
2828 1865 3148 1920 necessitate
3178 1868 3229 1918 in
3262 1863 3370 1918 suis
3403 1865 3528 1918 tedi-

1947 1927 2047 2002 bus
2077 1931 2142 1983 ad
2169 1927 2532 2002 fumigandum
2579 1927 2979 2002 incendebant,
3029 1942 3088 1989 ut
3139 1935 3338 1990 docent
3386 1935 3530 1990 Ordo

1947 1999 2219 2072 Romanus
2256 1999 2529 2059 in'ordine
2557 2005 2625 2059 de
2676 2005 2914 2059 Sabbato
2957 1999 3177 2072 sancto;
3229 2006 3486 2060 Alcuinus
3517 2047 3532 2070 ,

1945 2071 2272 2139 Amalarius,
2300 2075 2563 2142 capitibus
2591 2075 2792 2130 citatis.
2817 2077 2922 2131 Sed
2946 2077 3031 2131 hic
3056 2071 3191 2132 ritus
3215 2086 3421 2132 tantum
3446 2077 3531 2131 in-

1945 2143 2130 2210 ctepit,
2160 2158 2280 2198 cum
2304 2145 2462 2200 desiit
2495 2145 2677 2200 [louue
2708 2147 3061 2202 benedicendi
3091 2148 3236 2203 cerei
3266 2148 3533 2214 paschalis

1946 2215 2305 2282 Consuetudo,
2335 2230 2455 2284 qua:
2485 2217 2696 2272 videtur
2723 2233 2844 2274 esse
2873 2219 3166 2274 instaurata
3189 2234 3219 2272 a
3248 2219 3536 2274 Theodoro

1946 2296 2117 2353 papa;
2154 2286 2294 2354 quod
2328 2284 2470 2342 forte
2495 2303 2681 2342 ansam
2722 2291 2948 2355 praebuit
2995 2290 3267 2345 nonnullis
3322 2289 3536 2344 dicendi

1947 2356 2271 2442 eumnl'uisse
2291 2357 2448 2442 hujus
2479 2359 2613 2414 ritus
2639 2369 2936 2442 auctorem,
2956 2361 3106 2442 quod
3137 2375 3324 2442 .quain.
3340 2359 3536 2441 falsum

1947 2424 2037 2492 sit,
2073 2424 2486 2500 Benedictiones
2513 2444 2674 2500 supra
2696 2445 2762 2484 ex
2783 2424 3047 2498 Eunodio,
3063 2430 3153 2500 qui
3171 2424 3356 2486 inultis
3377 2431 3538 2484 annis

1947 2496 2241 2577 ante-hunc
2270 2513 2462 2577 papam
2500 2496 2672 2577 vixit,
2705 2503 2939 2577 prolatae
2967 2496 3450 2577 convincunt._Aut
3491 2504 3536 2556 si

1950 2569 2123 2621 mavis
2151 2569 2388 2626 dicere’a
2417 2571 2634 2627 Zozimo
2665 2569 2882 2640 quidem
2926 2573 3226 2628 institutum
3259 2575 3447 2642 tuisse,
3479 2581 3538 2629 ut

1947 2651 2143 2693 cereus
2193 2643 2917 2714 paschalisbenediceretur
2959 2661 3054 2714 per
3109 2645 3420 2714 parochias,
3481 2653 3537 2698 ω

1949 2717 2178 2765 testatur
2206 2711 2522 2769 Pontificale
2547 2715 2779 2779 Damasi,
2811 2726 2864 2770 at
2890 2711 3019 2770 vero
3049 2711 3324 2770 decretum
3375 2715 3538 2770 fuisse

1962 2793 2146 2849 apapa
2183 2781 2469 2838 Theodoro
2493 2794 2552 2838 nt
2591 2786 2730 2841 infra
2777 2785 3074 2842 Romanam
3123 2787 3392 2842 civitatem
3441 2801 3539 2844 seu

1949 2849 2138 2905 Ruina:
2163 2853 2590 2910 benediceretur.

2024 2922 2147 3002 50l.
2179 2921 2558 3002 Infambonent.
2585 2926 2790 3002 Grmcis
2805 2929 3022 2999 proprie
3051 2926 3284 3002 ἄμϐωνες
3307 2927 3544 3002 λέγοντας

1953 2993 2133 3068 ὀρεινοὶ
2179 3001 2264 3052 καὶ
2314 2997 2501 3069 ὑψηλοὶ
2540 2999 2710 3064 τόποι,
2757 2993 2826 3069 ἰαί
2853 2993 2958 3063 est,
3007 2993 3262 3055 am'bones
3289 2993 3536 3053 dicuntur

1953 3070 2192 3147 montani
2224 3078 2277 3121 et
2298 3068 2520 3147 ἐξεϐιδὶ
2551 3071 2676 3147 ioci.
2713 3071 2779 3147 Et
2804 3068 2984 3147 ᾆμϐων
3011 3071 3425 3147 πρνοσανάϐασις,
3456 3080 3547 3128 καί

1951 3137 2194 3218 ὑπερεχή
2226 3142 2310 3218 θεαὶ
2355 3137 2503 3218 ὅρους
2552 3141 2717 3218 lopas,
2765 3137 2950 3218 idest,
2985 3137 3205 3218 an'ibon,
3237 3156 3539 3218 ascensus,

1953 3210 2273 3282 excellentia
2300 3252 2314 3276 ,
2351 3210 2405 3266 e't
2437 3210 2632 3267 montis
2664 3222 2849 3269 vertex
2885 3255 2898 3280 ,
2932 3215 3103 3282 inquit
3133 3223 3320 3268 auctor
3345 3213 3540 3270 veteris

257 3279 751 3360 nullum'damnuni
796 3282 847 3335 in
877 3281 1098 3334 ﬂoribus
1153 3279 1449 3360 inveiiitur;
1501 3291 1685 3360 partus
1736 3297 1842 3336 non

1950 3280 2322 3360 et_ym_ologic_i_;
2369 3291 2423 3338 et
2455 3284 2721 3354 llesycbio
2753 3279 3078 3360 apameae:
3102 3284 3540 3360 rrpoeavaeézeuc

259 3353 451 3418 edunt,
481 3354 577 3408 sed
609 3367 703 3407 ore
735 3352 972 3420 legentes
1001 3351 1245 3419 concepti
1285 3351 1423 3406 fetus
1453 3352 1686 3406 reddunt
1712 3365 1844 3406 exa-

255 3423 422 3478 mina.
455 3425 878 3490 Sicut'exemplo
907 3423 1137 3477 mirabili
1186 3421 1431 3478 Christus
1474 3436 1570 3476 ore
1619 3431 1846 3490 paterno

257 3498 542 3564 processit.
590 3493 840 3550 Fecunda
869 3495 1096 3549 estsine
1143 3501 1295 3563 partu
1344 3493 1641 3561 virginitas,
1683 3509 1842 3562 quam

165 3563 174 3576 '
256 3563 438 3634 utique
463 3567 722 3622 Dominus
747 3567 996 3634 dignatus
1023 3567 1291 3619 carnalem
1316 3579 1374 3618 se
1398 3567 1620 3618 Matrem
1646 3567 1845 3620 habere

258 3637 582 3704 virginitatis
638 3652 822 3691 amore
850 3638 1150 3692 constituit.
1181 3636 1330 3690 Talia
1363 3635 1538 3704 igitur,
1575 3635 1795 3689 Domine
1826 3677 1840 3701 ,

257 3709 415 3776 digna
445 3709 612 3763 sacris
641 3707 898 3762 altaribus
925 3709 1030 3762 tuis
1052 3721 1272 3761 munera
1302 3705 1622 3772 offeruntur,
1654 3706 1846 3775 quibus

260 3787 311 3834 te
335 3779 820 3834 tmtariChristiana
839 3780 1024 3849 religio
1053 3793 1157 3832 non
1187 3777 1426 3847 ambigit.
1457 3776 1648 3831 Veniat
1673 3792 1800 3846 ergo
1824 3816 1842 3843 ,

256 3852 598 3917 onmipotens
642 3851 802 3914 Deus,
835 3864 998 3917 super
1038 3851 1178 3903 hunc
1222 3851 1504 3903 incensum
1546 3849 1703 3918 longa
1744 3859 1845 3902 tua:

255 3922 651 3977 benedictionis
699 3920 898 3978 inlusio
926 3964 940 3987 ,
975 3930 1030 3975 ct
1069 3922 1210 3974 hunc
1240 3929 1560 3974 nocturnum
1589 3920 1844 3987 Splendo~

259 4008 374 4047 rem
408 3993 694 4048 invisibilis
721 4003 973 4062 regnator
1014 3991 1231 4046 intende
1255 4033 1268 4056 ,
1304 4001 1360 4043 ut
1391 4007 1494 4044 non
1525 3991 1700 4044 solum
1755 4007 1844 4045 sa-

254 4063 542 4131 crificium,
577 4065 718 4132 quod
752 4065 853 4118 hac
883 4077 1041 4119 nocte
1070 4065 1274 4116 litatum
1308 4071 1422 4126 est,
1455 4076 1648 4115 arcana
1682 4063 1843 4116 Iunti-

253 4134 337 4187 nis
368 4133 445 4188 tui
466 4135 789 4190 admistione
816 4136 1096 4204 relnlgeat,
1125 4133 1216 4204 sed
1251 4147 1568 4201 quocunque
1621 4135 1738 4186 loco
1779 4149 1844 4189 ex

255 4204 420 4273 hujus
447 4208 646 4274 aliquid
682 4207 1122 4261 sanctiﬁcationis
1151 4203 1314 4258 fuerit
1355 4204 1611 4274 mysterio
1651 4204 1846 4273 depor-

256 4283 448 4344 tatum,
482 4277 708 4346 expulsa
740 4278 1020 4335 diabolicae
1053 4276 1253 4331 l'raudis
1285 4275 1521 4344 nequitia
1547 4275 1716 4328 virtus
1742 4288 1842 4330 tua:

252 4345 806 4417 Majestatisassistat.
841 4349 941 4404 Per
973 4349 1273 4402 Dominum.
1303 4365 1322 4398 ι

326 4416 605 4476 Hactenus
647 4422 791 4475 cerei
818 4419 1155 4474 benedictio:
1195 4418 1338 4472 circa
1366 4431 1523 4486 quam
1551 4416 1841 4469 notandum

256 4501 366 4556 est,
400 4493 573 4560 primo
619 4493 747 4547 olim
780 4507 1035 4562 papyrum
1063 4532 1077 4555 ,
1109 4491 1210 4562 hoc
1231 4497 1314 4542 est
1338 4487 1562 4562 juncum
1595 4501 1689 4562 seu
1715 4502 1844 4562 can-

258 4559 411 4627 nam,
442 4579 560 4632 quae
591 4563 644 4618 in
676 4559 912 4630 riparum
942 4560 1270 4631 marginibus
1299 4559 1519 4632 crescit,
1549 4559 1841 4613 adhibitam

1949 3356 2050 3403 τῶν
2083 3352 2232 3424 ὁρῶν,
2260 3353 2312 3406 id
2345 3364 2447 3418 est,
2483 3352 2742 3411 ascensus
2773 3352 3036 3412 montium
3063 3371 3078 3420 ;
3131 3352 3272 3411 u'nde
3310 3357 3538 3410 transla-

1950 3427 2060 3500 tum
2107 3437 2305 3477 nomen
2346 3436 2430 3480 est
2460 3426 2526 3480 ad
2553 3428 2966 3500 signiﬁcandum
2999 3426 3245 3483 ecclesia:
3277 3429 3540 3497 pulpitum

1948 3499 2069 3567 sive
2097 3503 2406 3567 suggestum
2435 3537 2451 3562 ,
2484 3499 2574 3567 qui
2605 3508 2690 3552 est
2720 3501 2869 3555 locus
2900 3499 2955 3554 in
2980 3501 3212 3554 ecclesia
3242 3500 3488 3554 excelsus
3526 3539 3539 3562 ,

1949 3562 2018 3616 de
2049 3562 2183 3640 _quo'
2205 3562 2208 3563 ⁷
2234 3565 2465 3621 lectores
2502 3562 2726 3640 'divinas
2785 3573 3090 3638 Scripturas
3145 3571 3394 3640 legebant
3425 3610 3439 3634 ,
3470 3581 3543 3640 et

1950 3633 2132 3706 psalta:
2179 3640 2464 3692 canebant.
2508 3638 2807 3694 Concilium
2842 3633 3247 3706 Laodicenum',
3277 3655 3399 3694 can.
3427 3633 3542 3704 ⁷15,

1947 3705 2074 3763 πλὴν
2101 3713 2202 3783 τῷν
2222 3717 2486 3764 κανονικῶν
2509 3710 2713 3780 ψαλτῶν
2742 3715 2826 3766 ἐπὶ
2853 3713 2937 3768 τὸν
2986 3710 3198 3783 ἄμϐωνας
3238 3705 3542 3767 ἀναϐαινόν-

1948 3795 2066 3839 των.
2123 3778 2174 3852 id
2226 3787 2327 3852 est,
2379 3778 2616 3848 exceptis
2647 3783 2922 3837 canonicis
2952 3778 3139 3852 psaltis
3170 3784 3222 3835 in
3250 3784 3538 3852 umbonem

1951 3848 2388 3918 ascendentibus.
2421 3853 2756 3906 Sozomenus
2781 3893 2796 3917 ,
2829 3855 2922 3908 lib.
2953 3848 3009 3906 ix
3047 3852 3183 3908 Hist.
3219 3851 3378 3915 eccl.,
3414 3868 3536 3918 cap.

1947 3914 2011 3998 2Ξ
2033 3919 2214 3998 siit.de
2245 3922 2402 3980 αὐτὴν
2424 3923 2624 3998 ζε-ῐσθαι
2644 3914 2870 3998 accpi—“edit
2891 3923 3124 3998 dpSwga,
3150 3914 3373 3998 βῆμαβέ
3390 3914 3540 3977 reﬁxo

1946 3995 2046 4065 τῶν
2067 3991 2400 4062 ἀναγωστῶν,
2433 3994 2485 4046 id
2515 4004 2618 4056 est,
2656 3991 2887 4065 cdnjicio
2911 3991 3027 4050 eam
3047 3991 3230 4064 jacere
3251 3992 3401 4065 circa
3428 4008 3544 4045 am-

1950 4060 2341 4136 b0nem,_quod
2375 4060 2803 4136 estisuggestum
2836 4060 3118 4122 lectorum.
3155 4063 3452 4131 Cedrenus,
3487 4067 3539 4118 in

1950 4130 2131 4210 hcque
2179 4133 2358 4210 Basilii
2409 4130 2812 4210 liliujJamque
2840 4141 2887 4193 ei
2915 4139 3210 4210 ingressum
3237 4175 3254 4201 ,
3287 4146 3333 4188 et
3379 4130 3542 4210 sueris

1946 4200 2144 4283 [oribus
2173 4207 2483 4283 succedenti,
2516 4200 2776 4283 ἅνθρωπός
2803 4232 2883 4273 τις
2913 4200 3275 4283 iuben-adauxit
3299 4213 3390 4263 τοῦ
3438 4203 3543 4278 ἆμ-

1949 4273 2127 4352 genus.
2155 4283 2284 4341 etc.,
2315 4277 2366 4330 id
2394 4273 2705 4352 eSl,‘_i_lO'll'lO
2749 4283 2968 4348 quidam
3005 4296 3073 4335 ex
3101 4282 3330 4333 amboue
3356 4273 3535 4352 pros)-

1948 4342 2107 4409 liens,
2133 4359 2317 4424 crasse
2347 4357 2402 4402 et
2432 4342 2607 4404 valido
2635 4342 2778 4404 fuste
2823 4352 2983 4406 ictum
3027 4354 3080 4424 in
3116 4360 3285 4424 caput
3320 4342 3537 4424 ingerit,

1948 4419 2256 4489 Qo‘luejetu
2285 4420 2663 4488 imperatorem
2705 4437 2951 4478 necasset
2978 4463 2995 4489 ,
3027 4421 3125 4476 nisi
3171 4423 3310 4475 inter
3341 4419 3538 4473 ferieno

1946 4484 2077 4567 dum
2123 4485 2265 4567 fuste
2295 4490 2346 4543 in
2366 4484 2697 4567 suspensum
2729 4493 2961 4567 impacto
2980 4484 2991 4489 ⁷
3013 4491 3394 4567 candelabrum
3424 4490 3538 4567 vio-

1949 4555 2167 4610 lentiam
2219 4562 2353 4614 ictus
2396 4555 2639 4618 nobnihil
2685 4555 3002 4620 remisisset.
3037 4565 3134 4620 Ubi
3167 4564 3324 4618 vides
3354 4563 3540 4616 ambo-

258 4630 508 4723 inisserin
540 4649 841 4723 cereoriim,
870 4630 1208 4723 liicernarum
1227 4640 1291 4713 .et
1314 4630 1621 4723 lampaduin
1662 4643 1837 4723 iisiil-il:
1868 4663 1920 4723 Β
1948 4641 2069 4723 iiem
2091 4631 2412 4723 ess'ellocum
2437 4635 2640 4723 cditiim
2671 4645 2725 4690 et
2751 4637 3035 4723 sublimem
3062 4635 3117 4689 in
3147 4633 3398 4723 ceciesia1
3431 4635 3535 4687 La-

257 4706 536 4762 Ennodins
563 4748 578 4772 ,
629 4709 680 4760 in
736 4706 1113 4760 Benedictione
1161 4703 1328 4772 prima
1357 4701 1498 4754 cerei
1530 4701 1836 4772 paschalis:

253 4793 509 4848 papyrum
531 4778 601 4830 ad
622 4779 865 4831 alimenta
903 4777 1096 4848 ignium
1123 4771 1336 4848 lympha
1364 4771 1670 4848 transmisit.
1703 4772 1841 4848 Sau-

251 4845 378 4904 ctus
407 4848 697 4917 Gregorius
726 4845 1056 4902 Turonensis
1081 4887 1097 4912 ,
1131 4849 1186 4899 in
1235 4845 1370 4898 Vitis
1384 4845 1646 4917 _l_’atrui_n,_
1666 4845 1842 4911 capite

251 4919 321 4973 8:
357 4913 557 4990 Lychtii
579 4921 632 4975 in
652 4936 714 4974 ea
737 4919 932 4989 jugiter
961 4917 1333 4990 accenduntur.
1381 4913 1528 4968 Unus
1575 4913 1749 4990 igitur_
1778 4931 1841 4968 cx

250 4991 330 5045 Itis
360 4984 450 5058 pEr
478 4984 822 5060 quadraginta
878 4991 986 5044 dies
1042 4989 1344 5060 totidemque
1371 4993 1568 5060 Anactes
1601 5024 1615 5048 ,
1635 4993 1704 5060 ‘ut
1731 4984 1840 5054 ipse

250 5056 472 5117 cedituus
492 5056 735 5128 asseruit,
767 5063 953 5130 absque
983 5060 1140 5115 ullius
1170 5058 1382 5126 fomenti
1417 5056 1679 5130 adjutorio
1722 5073 1840 5125 per-

250 5136 458 5186 duravit
511 5126 807 5203 splendens,
861 5126 917 5186 in
961 5147 1059 5200 quo
1112 5145 1205 5203 nec
1255 5126 1488 5203 papyrus;
1510 5126 1713 5203 addita,
1745 5143 1837 5180 nec

247 5214 394 5275 gutta
421 5205 524 5258 olei
540 5200 622 5257 est
641 5203 892 5258 stillantis
920 5205 1142 5273 adjecta.
1174 5202 1229 5255 lu
1257 5202 1354 5275 his
1377 5200 1572 5275 verbis,
1618 5215 1837 5275 quorum

251 5270 497 5328 humana:
529 5276 725 5343 peritia:
748 5316 765 5341 ,
794 5270 1222 5331 deesse—videtur
1249 5274 1309 5326 τὸ
1338 5271 1673 5343 industriam,
1704 5270 1789 5325 vel
1814 5313 1828 5336 ,

247 5349 374 5416 quid
405 5341 604 5412 simile,
636 5357 690 5400 ut
728 5346 932 5416 legatur
961 5361 1178 5414 quorum
1208 5342 1538 5416 industriam.
1574 5341 1648 5396 De
1677 5357 1833 5416 apum

247 5415 510 5472 industria
562 5417 616 5471 in
665 5418 911 5485 tingendo
963 5417 1140 5477 melle,
1172 5415 1379 5469 cellulis
1408 5415 1793 5480 componendis
1817 5453 1832 5480 ,

248 5489 426 5557 deque
455 5503 640 5542 earum
661 5487 994 5556 ,virginitate,
1039 5489 1156 5556 lege
1177 5495 1418 5540 sanctum
1450 5487 1788 5557 Ambrosium
1817 5522 1832 5548 ,

249 5555 346 5628 lib.
383 5575 414 5610 v
441 5560 494 5612 in
522 5555 886 5624 Hexameron,
911 5574 1029 5628 cap.
1069 5555 1163 5624 2’1;
1195 5557 1558 5617 Aristotelem,
1581 5555 1828 5628 Plinium,

247 5627 524 5685 Elianum
552 5669 566 5693 ,
602 5630 873 5699 Virgilium
901 5640 954 5684 et
979 5624 1139 5684 alios.
1173 5630 1297 5682 Haec
1327 5638 1502 5681 autem
1530 5627 1712 5699 verba,
1743 5624 1834 5678 sed

248 5715 552 5773 quocunque
577 5702 688 5756 loco
705 5698 777 5756 ex
803 5703 960 5774 hujus
990 5702 1186 5770 aliquid
1208 5698 1631 5768 sanctiﬁcationis
1655 5704 1835 5766 myste-

1949 4700 2065 4776 iini
2097 4703 2357 4776 pulpitum
2409 4707 2698 4776 appellant.
2751 4706 2957 4762 Glossaa
3006 4721 3136 4761 mss.
3191 4704 3535 4760 bibliotheca:

1945 4770 2340 4849 Cerbeiensis:
2365 4770 2549 4849 Ambo,
2581 4779 2858 4849 pulpitum.
2887 4777 2943 4832 Id
2970 4779 3153 4849 videre
3178 4785 3260 4830 est
3288 4777 3342 4849 in
3374 4777 3534 4844 epist.

1943 4839 2015 4922 34.
2058 4846 2225 4896 sancti
2276 4839 2546 4922 Cypriani
2613 4839 2770 4901 anc
2800 4849 2866 4922 ad
2897 4864 3011 4913 nos,
3046 4848 3232 4918 fratres
3260 4839 3538 4922 dilectissi-

1944 4917 2036 4981 mi,
2063 4928 2177 4990 cum
2208 4924 2350 4990 tanta
2381 4917 2586 4972 Domini
2625 4921 2923 4990 dignatione
2951 4917 3225 4972 venientem
3248 4919 3539 4973 testimonio

1943 4990 1989 5035 el
2020 4987 2267 5062 miraculo
2295 4991 2407 5062 ejus
2438 4993 2600 5059 ipsius
2624 4987 2709 5060 qui
2747 5006 2798 5044 se
2826 5003 3118 5062 persecutus
3151 4993 3318 5058 [uerat
3342 5033 3354 5056 ,
3387 4991 3542 5043 illus-

1943 5062 2070 5132 trem
2098 5059 2221 5132 quid
2249 5059 2392 5132 aliud
2422 5077 2574 5128 quam
2617 5059 2772 5129 super
2827 5059 3108 5132 pulpitum,
3152 5063 3206 5114 id
3251 5073 3326 5115 est
3381 5077 3536 5130 super

1944 5128 2172 5206 tribunal
2219 5131 2462 5206 ccclesiw,
2507 5128 2769 5206 oportebat
2816 5128 3032 5198 imponi,
3083 5145 3135 5186 ut
3188 5134 3284 5186 loci
3331 5128 3535 5206 altioris

1944 5195 2194 5276 dignitate
2230 5195 2478 5276 subnixus
2505 5244 2518 5269 ,
2540 5195 2598 5257 ἐι
2629 5204 2764 5274 plebi
2804 5195 3052 5259 universa:
3093 5221 3188 5276 pro
3203 5203 3532 5276 [tenorissut’

1941 5268 2174 5345 claritate
2224 5274 2553 5344 conspicuus,
2609 5268 2745 5345 legat
2795 5286 3056 5344 prtccepta
3086 5268 3133 5331 et
3190 5273 3530 5343 Evangelimn

1940 5337 2322 5416 Do_n‘tt'ni,‘qua'
2350 5337 2553 5416 fortiter
2579 5355 2621 5401 et
2649 5337 2870 5415 fideliter
2899 5337 3146 5416 sequitur.

2012 5412 2136 5490 592.
2169 5411 2527 5490 Lectiodsaiw
2556 5411 2836 5490 prop/tela}.
2865 5411 2991 5473 Hice
3020 5419 3310 5474 ha’reditas.
3337 5411 3364 5449 ι)
3397 5412 3525 5466 llzec

1940 5482 2313 5541 desiderantur
2347 5488 2396 5542 in
2434 5482 2676 5545 Excusis'.

2009 5555 2134 5611 505.
2167 5556 2330 5612 Venit.
2354 5561 2462 5614 Hoc
2491 5563 2707 5616 verbum
2728 5562 2879 5620 deest
2903 5565 2955 5618 in
2990 5561 3235 5626 Excusis,
3257 5555 3399 5628 quod
3442 5564 3522 5608 ta-

1937 5642 2060 5683 men
2093 5644 2198 5683 non
2231 5631 2364 5685 adeo
2386 5635 2748 5689 necessarium
2778 5643 2878 5689 est.

2012 5699 2137 5753 504.
2163 5700 2424 5757 Litaniam
2449 5714 2732 5776 septenum.
2774 5705 2979 5761 Litania
3009 5712 3228 5772 septena
3279 5706 3363 5758 est
3402 5710 3528 5768 qua

319 5852 346 5917 fl
382 5845 461 5917 De
493 5859 695 5917 papyro
725 5847 789 5902 ad
836 5849 1082 5905 lucernas
1114 5841 1372 5908 adhibita,
1402 5836 1622 5893 consule
1653 5841 1832 5890 nolam
1872 5833 1902 5889 b
1931 5833 1987 5897 in
2021 5853 2140 5911 cap.
2172 5842 2205 5898 5
2233 5844 2352 5901 libri
2384 5843 2539 5914 primi
2570 5841 2775 5912 Dialog.

319 5912 347 5954 ³³
375 5912 652 5986 LeSun—tur
671 5917 726 5974 in
755 5920 857 5977 Ms.
889 5920 1121 5978 Calensi.
