  <div class='ocr_page' id='page_1' title='image "/cluster/home/n/w/nwhite01/storage/ocr_20150623/78/hvd.32044015469406/179.png"; bbox 0 0 4042 6350; ppageno 0'>
   <div class='ocr_carea' id='block_1_1' title="bbox 469 400 575 463">
    <p class='ocr_par' dir='ltr' id='par_1_1' title="bbox 469 400 575 463">
     <span class='ocr_line' id='line_1_1' title="bbox 469 400 575 463; baseline 0.038 -4"><span class='ocrx_word' id='word_1_1' title='bbox 469 400 575 463; x_wconf 67' lang='grc'><strong>545</strong></span> 
     </span>
    </p>
   </div>
   <div class='ocr_carea' id='block_1_2' title="bbox 1211 400 2982 464">
    <p class='ocr_par' dir='ltr' id='par_1_2' title="bbox 1211 400 2982 464">
     <span class='ocr_line' id='line_1_2' title="bbox 1211 400 2982 464; baseline -0.001 -4"><span class='ocrx_word' id='word_1_2' title='bbox 1211 405 1277 461; x_wconf 85' lang='lat' dir='ltr'><strong>IN</strong></span> <span class='ocrx_word' id='word_1_3' title='bbox 1315 406 1373 464; x_wconf 92' lang='lat' dir='ltr'><strong>S.</strong></span> <span class='ocrx_word' id='word_1_4' title='bbox 1417 400 1739 461; x_wconf 80' lang='lat' dir='ltr'><strong>GREGORII</strong></span> <span class='ocrx_word' id='word_1_5' title='bbox 1781 402 2037 458; x_wconf 74' lang='lat' dir='ltr'><strong>LIBRUM</strong></span> <span class='ocrx_word' id='word_1_6' title='bbox 2076 400 2693 461; x_wconf 78' lang='lat' dir='ltr'><strong>SACRAMENTORUM</strong></span> <span class='ocrx_word' id='word_1_7' title='bbox 2732 402 2982 460; x_wconf 68' lang='grc' dir='ltr'><strong>ΝΟΤΕ.</strong></span> 
     </span>
    </p>
   </div>
   <div class='ocr_carea' id='block_1_3' title="bbox 3627 402 3743 460">
    <p class='ocr_par' dir='ltr' id='par_1_3' title="bbox 3627 402 3743 460">
     <span class='ocr_line' id='line_1_3' title="bbox 3627 402 3743 460; baseline -0.017 0"><span class='ocrx_word' id='word_1_8' title='bbox 3627 402 3743 460; x_wconf 68' lang='grc' dir='ltr'><strong>5η</strong></span> 
     </span>
    </p>
   </div>
   <div class='ocr_carea' id='block_1_4' title="bbox 469 494 3740 570">
    <p class='ocr_par' dir='ltr' id='par_1_4' title="bbox 469 494 3740 570">
     <span class='ocr_line' id='line_1_4' title="bbox 469 494 3740 570; baseline 0 -19"><span class='ocrx_word' id='word_1_9' title='bbox 469 502 683 570; x_wconf 82' lang='lat' dir='ltr'><strong>catgpsi.</strong></span> <span class='ocrx_word' id='word_1_10' title='bbox 730 500 794 555; x_wconf 87' lang='lat' dir='ltr'><strong>Et</strong></span> <span class='ocrx_word' id='word_1_11' title='bbox 824 496 947 553; x_wconf 90' lang='lat' dir='ltr'><strong>olim</strong></span> <span class='ocrx_word' id='word_1_12' title='bbox 978 497 1021 552; x_wconf 93' lang='lat' dir='ltr'><strong>si</strong></span> <span class='ocrx_word' id='word_1_13' title='bbox 1052 496 1265 567; x_wconf 80' lang='lat' dir='ltr'><strong>quando</strong></span> <span class='ocrx_word' id='word_1_14' title='bbox 1295 513 1485 570; x_wconf 85' lang='lat' dir='ltr'><strong>nomen</strong></span> <span class='ocrx_word' id='word_1_15' title='bbox 1517 497 1837 570; x_wconf 63' lang='lat' dir='ltr'><strong>mutandum</strong></span> <span class='ocrx_word' id='word_1_16' title='bbox 1853 505 1999 570; x_wconf 86' lang='lat' dir='ltr'><strong>esset</strong></span> <span class='ocrx_word' id='word_1_17' title='bbox 2022 540 2037 564; x_wconf 92' lang='lat'><strong>,</strong></span> <span class='ocrx_word' id='word_1_18' title='bbox 2068 498 2121 559; x_wconf 76' lang='grc' dir='ltr'>Α</span> <span class='ocrx_word' id='word_1_19' title='bbox 2147 497 2387 570; x_wconf 15' lang='grc' dir='ltr'><strong>ηγείιιιιιί.</strong></span> <span class='ocrx_word' id='word_1_20' title='bbox 2419 497 2513 570; x_wconf 81' lang='lat' dir='ltr'><strong>lib.</strong></span> <span class='ocrx_word' id='word_1_21' title='bbox 2545 496 2612 570; x_wconf 82' lang='lat' dir='ltr'><strong>de</strong></span> <span class='ocrx_word' id='word_1_22' title='bbox 2653 496 2970 570; x_wconf 87' lang='lat' dir='ltr'><strong>Hierarcliia</strong></span> <span class='ocrx_word' id='word_1_23' title='bbox 3000 494 3157 561; x_wconf 88' lang='lat' dir='ltr'><strong>eccl.,</strong></span> <span class='ocrx_word' id='word_1_24' title='bbox 3184 509 3305 567; x_wconf 86' lang='lat' dir='ltr'><strong>cap.</strong></span> <span class='ocrx_word' id='word_1_25' title='bbox 3336 497 3415 570; x_wconf 43' lang='grc' dir='ltr'><strong>ἐς</strong></span> <span class='ocrx_word' id='word_1_26' title='bbox 3443 496 3740 554; x_wconf 72' lang='grc' dir='ltr'><strong>Τει-ιιιηίξμ</strong></span> 
     </span>
    </p>
   </div>
   <div class='ocr_carea' id='block_1_5' title="bbox 470 568 2045 655">
    <p class='ocr_par' dir='ltr' id='par_1_5' title="bbox 470 568 2045 655">
     <span class='ocr_line' id='line_1_5' title="bbox 470 568 2045 655; baseline 0.019 -3"><span class='ocrx_word' id='word_1_27' title='bbox 470 568 632 655; x_wconf 76' lang='lat'><strong>352</strong></span> <span class='ocrx_word' id='word_1_28' title='bbox 663 571 962 655; x_wconf 65' lang='grc' dir='ltr'><strong>φυεειηιυς</strong></span> <span class='ocrx_word' id='word_1_29' title='bbox 984 570 1032 621; x_wconf 63' lang='lat' dir='ltr'><strong>in</strong></span> <span class='ocrx_word' id='word_1_30' title='bbox 1454 568 1521 655; x_wconf 65' lang='grc' dir='ltr'><strong>(ις</strong></span> <span class='ocrx_word' id='word_1_31' title='bbox 1545 568 2045 655; x_wconf 57' lang='grc' dir='ltr'><strong>ευαοοίθιτιιεοάοτ</strong></span> 
     </span>
    </p>
   </div>
   <div class='ocr_carea' id='block_1_6' title="bbox 469 639 2045 713">
    <p class='ocr_par' dir='ltr' id='par_1_6' title="bbox 469 639 2045 713">
     <span class='ocr_line' id='line_1_6' title="bbox 469 639 2045 713; baseline 0 -18"><span class='ocrx_word' id='word_1_32' title='bbox 469 639 810 713; x_wconf 57' lang='lat' dir='ltr'><strong>sii&#39;j—unioris</strong></span> <span class='ocrx_word' id='word_1_33' title='bbox 840 642 1066 708; x_wconf 84' lang='lat' dir='ltr'><strong>cciijuge</strong></span> <span class='ocrx_word' id='word_1_34' title='bbox 1106 640 1269 695; x_wconf 80' lang='lat' dir='ltr'><strong>refert</strong></span> <span class='ocrx_word' id='word_1_35' title='bbox 1310 640 1663 706; x_wconf 84' lang='lat' dir='ltr'><strong>Theophanes</strong></span> <span class='ocrx_word' id='word_1_36' title='bbox 1691 681 1705 703; x_wconf 91' lang='lat'><strong>,</strong></span> <span class='ocrx_word' id='word_1_37' title='bbox 1735 639 1828 693; x_wconf 90' lang='lat' dir='ltr'><strong>lib.</strong></span> <span class='ocrx_word' id='word_1_38' title='bbox 1860 656 1947 694; x_wconf 79' lang='lat' dir='ltr'><strong>xw</strong></span> <span class='ocrx_word' id='word_1_39' title='bbox 1978 640 2045 695; x_wconf 87' lang='lat' dir='ltr'><strong>ad</strong></span> 
     </span>
    </p>
   </div>
   <div class='ocr_carea' id='block_1_7' title="bbox 468 712 2049 777">
    <p class='ocr_par' dir='ltr' id='par_1_7' title="bbox 468 712 2049 777">
     <span class='ocr_line' id='line_1_7' title="bbox 468 712 2049 777; baseline 0 -12"><span class='ocrx_word' id='word_1_40' title='bbox 468 712 664 768; x_wconf 85' lang='lat' dir='ltr'><strong>annum</strong></span> <span class='ocrx_word' id='word_1_41' title='bbox 718 714 876 768; x_wconf 80' lang='lat' dir='ltr'><strong>H77.</strong></span> <span class='ocrx_word' id='word_1_42' title='bbox 932 714 1098 775; x_wconf 79' lang='lat' dir='ltr'><strong>Quam</strong></span> <span class='ocrx_word' id='word_1_43' title='bbox 1147 729 1261 765; x_wconf 88' lang='lat' dir='ltr'><strong>cum</strong></span> <span class='ocrx_word' id='word_1_44' title='bbox 1312 713 1583 777; x_wconf 72' lang='lat' dir='ltr'><strong>imperator</strong></span> <span class='ocrx_word' id='word_1_45' title='bbox 1630 712 1876 765; x_wconf 86' lang='lat' dir='ltr'><strong>ducturus</strong></span> <span class='ocrx_word' id='word_1_46' title='bbox 1918 720 2049 765; x_wconf 83' lang='lat' dir='ltr'><strong>esset</strong></span> 
     </span>
    </p>
   </div>
   <div class='ocr_carea' id='block_1_8' title="bbox 466 783 2048 853">
    <p class='ocr_par' dir='ltr' id='par_1_8' title="bbox 466 783 2048 853">
     <span class='ocr_line' id='line_1_8' title="bbox 466 783 2048 853; baseline 0.001 -19"><span class='ocrx_word' id='word_1_47' title='bbox 466 799 699 853; x_wconf 71' lang='lat' dir='ltr'><strong>uxorein,</strong></span> <span class='ocrx_word' id='word_1_48' title='bbox 736 784 1082 839; x_wconf 77' lang='lat' dir='ltr'><strong>Christianam</strong></span> <span class='ocrx_word' id='word_1_49' title='bbox 1112 783 1305 835; x_wconf 81' lang='lat' dir='ltr'><strong>Atticus</strong></span> <span class='ocrx_word' id='word_1_50' title='bbox 1334 784 1449 851; x_wconf 85' lang='lat' dir='ltr'><strong>fecit</strong></span> <span class='ocrx_word' id='word_1_51' title='bbox 1477 783 1775 853; x_wconf 84' lang='lat' dir='ltr'><strong>episcOpus;</strong></span> <span class='ocrx_word' id='word_1_52' title='bbox 1802 792 1847 835; x_wconf 86' lang='lat' dir='ltr'><strong>et</strong></span> <span class='ocrx_word' id='word_1_53' title='bbox 1878 783 1931 837; x_wconf 90' lang='lat' dir='ltr'><strong>in</strong></span> <span class='ocrx_word' id='word_1_54' title='bbox 1960 784 2048 836; x_wconf 89' lang='lat' dir='ltr'><strong>ba-</strong></span> 
     </span>
    </p>
   </div>
   <div class='ocr_carea' id='block_1_9' title="bbox 465 852 2047 927">
    <p class='ocr_par' dir='ltr' id='par_1_9' title="bbox 465 852 2047 927">
     <span class='ocr_line' id='line_1_9' title="bbox 465 852 2047 927; baseline 0.001 -20"><span class='ocrx_word' id='word_1_55' title='bbox 465 852 725 925; x_wconf 82' lang='lat' dir='ltr'><strong>ptismate,</strong></span> <span class='ocrx_word' id='word_1_56' title='bbox 756 873 869 911; x_wconf 90' lang='lat' dir='ltr'><strong>cum</strong></span> <span class='ocrx_word' id='word_1_57' title='bbox 899 858 1041 927; x_wconf 87' lang='lat' dir='ltr'><strong>prius</strong></span> <span class='ocrx_word' id='word_1_58' title='bbox 1076 864 1339 908; x_wconf 79' lang='lat' dir='ltr'><strong>vocaretur</strong></span> <span class='ocrx_word' id='word_1_59' title='bbox 1370 853 1614 909; x_wconf 85' lang='lat' dir='ltr'><strong>Athenais</strong></span> <span class='ocrx_word' id='word_1_60' title='bbox 1636 894 1650 921; x_wconf 91' lang='lat'><strong>,</strong></span> <span class='ocrx_word' id='word_1_61' title='bbox 1682 852 1928 909; x_wconf 80' lang='lat' dir='ltr'><strong>Eudocia:</strong></span> <span class='ocrx_word' id='word_1_62' title='bbox 1953 871 2047 909; x_wconf 88' lang='lat' dir='ltr'><strong>no-</strong></span> 
     </span>
    </p>
   </div>
   <div class='ocr_carea' id='block_1_10' title="bbox 464 929 862 998">
    <p class='ocr_par' dir='ltr' id='par_1_10' title="bbox 464 929 862 998">
     <span class='ocr_line' id='line_1_10' title="bbox 464 929 862 998; baseline 0 -18"><span class='ocrx_word' id='word_1_63' title='bbox 464 943 579 981; x_wconf 86' lang='lat' dir='ltr'><strong>men</strong></span> <span class='ocrx_word' id='word_1_64' title='bbox 604 929 862 998; x_wconf 88' lang='lat' dir='ltr'><strong>imposuit.</strong></span> 
     </span>
    </p>
   </div>
   <div class='ocr_carea' id='block_1_11' title="bbox 536 995 2048 1061">
    <p class='ocr_par' dir='ltr' id='par_1_11' title="bbox 536 995 2048 1061">
     <span class='ocr_line' id='line_1_11' title="bbox 536 995 2048 1061; baseline 0.001 -9"><span class='ocrx_word' id='word_1_65' title='bbox 536 995 884 1055; x_wconf 58' lang='lat' dir='ltr'><strong>5?2.&#39;Crettis</strong></span> <span class='ocrx_word' id='word_1_66' title='bbox 910 1000 964 1053; x_wconf 89' lang='lat' dir='ltr'><strong>in</strong></span> <span class='ocrx_word' id='word_1_67' title='bbox 1000 997 1158 1052; x_wconf 88' lang='lat' dir='ltr'><strong>Deum</strong></span> <span class='ocrx_word' id='word_1_68' title='bbox 1189 995 1395 1051; x_wconf 86' lang='lat' dir='ltr'><strong>Patrem</strong></span> <span class='ocrx_word' id='word_1_69' title='bbox 1418 1037 1433 1061; x_wconf 93' lang='lat'><strong>,</strong></span> <span class='ocrx_word' id='word_1_70' title='bbox 1472 1004 1577 1052; x_wconf 91' lang='lat' dir='ltr'><strong>etc.</strong></span> <span class='ocrx_word' id='word_1_71' title='bbox 1613 996 1736 1051; x_wconf 60' lang='lat' dir='ltr'><strong>llaec</strong></span> <span class='ocrx_word' id='word_1_72' title='bbox 1766 1007 1819 1053; x_wconf 90' lang='lat' dir='ltr'><strong>et</strong></span> <span class='ocrx_word' id='word_1_73' title='bbox 1844 997 2048 1054; x_wconf 84' lang='lat' dir='ltr'><strong>similes</strong></span> 
     </span>
    </p>
   </div>
   <div class='ocr_carea' id='block_1_12' title="bbox 466 1068 2045 1139">
    <p class='ocr_par' dir='ltr' id='par_1_12' title="bbox 466 1068 2045 1139">
     <span class='ocr_line' id='line_1_12' title="bbox 466 1068 2045 1139; baseline -0.001 -15"><span class='ocrx_word' id='word_1_74' title='bbox 466 1068 918 1139; x_wconf 83' lang='lat' dir='ltr'><strong>interrogationes</strong></span> <span class='ocrx_word' id='word_1_75' title='bbox 944 1079 1067 1123; x_wconf 88' lang='lat' dir='ltr'><strong>sunt</strong></span> <span class='ocrx_word' id='word_1_76' title='bbox 1097 1069 1245 1138; x_wconf 72' lang='lat' dir='ltr'><strong>juxta</strong></span> <span class='ocrx_word' id='word_1_77' title='bbox 1277 1068 1509 1138; x_wconf 83' lang='lat' dir='ltr'><strong>priscum</strong></span> <span class='ocrx_word' id='word_1_78' title='bbox 1544 1068 1795 1123; x_wconf 64' lang='lat' dir='ltr'><strong>Ecclesiae</strong></span> <span class='ocrx_word' id='word_1_79' title='bbox 1818 1085 2045 1136; x_wconf 89' lang='lat' dir='ltr'><strong>morem,</strong></span> 
     </span>
    </p>
   </div>
   <div class='ocr_carea' id='block_1_13' title="bbox 464 1140 2049 1212">
    <p class='ocr_par' dir='ltr' id='par_1_13' title="bbox 464 1140 2049 1212">
     <span class='ocr_line' id='line_1_13' title="bbox 464 1140 2049 1212; baseline -0.001 -18"><span class='ocrx_word' id='word_1_80' title='bbox 464 1156 623 1211; x_wconf 85' lang='lat' dir='ltr'><strong>quem</strong></span> <span class='ocrx_word' id='word_1_81' title='bbox 650 1144 817 1212; x_wconf 79' lang='lat' dir='ltr'><strong>tangit</strong></span> <span class='ocrx_word' id='word_1_82' title='bbox 841 1142 1120 1212; x_wconf 72' lang='lat' dir='ltr'><strong>Dionysius</strong></span> <span class='ocrx_word' id='word_1_83' title='bbox 1146 1140 1542 1212; x_wconf 82' lang='lat' dir='ltr'><strong>Alexandrinus</strong></span> <span class='ocrx_word' id='word_1_84' title='bbox 1560 1141 1715 1207; x_wconf 83' lang='lat' dir='ltr'><strong>epist.</strong></span> <span class='ocrx_word' id='word_1_85' title='bbox 1748 1141 1814 1194; x_wconf 87' lang='lat' dir='ltr'><strong>ad</strong></span> <span class='ocrx_word' id='word_1_86' title='bbox 1842 1140 2049 1212; x_wconf 79' lang='lat' dir='ltr'><strong>Xistiim</strong></span> 
     </span>
    </p>
   </div>
   <div class='ocr_carea' id='block_1_14' title="bbox 466 1210 2046 1282">
    <p class='ocr_par' dir='ltr' id='par_1_14' title="bbox 466 1210 2046 1282">
     <span class='ocr_line' id='line_1_14' title="bbox 466 1210 2046 1282; baseline -0.001 -17"><span class='ocrx_word' id='word_1_87' title='bbox 466 1210 657 1281; x_wconf 81' lang='lat' dir='ltr'><strong>papam</strong></span> <span class='ocrx_word' id='word_1_88' title='bbox 686 1259 700 1280; x_wconf 88' lang='lat'><strong>,</strong></span> <span class='ocrx_word' id='word_1_89' title='bbox 730 1210 867 1282; x_wconf 79' lang='lat' dir='ltr'><strong>apud</strong></span> <span class='ocrx_word' id='word_1_90' title='bbox 901 1210 1185 1266; x_wconf 81' lang='lat' dir='ltr'><strong>Eusebium</strong></span> <span class='ocrx_word' id='word_1_91' title='bbox 1211 1253 1225 1274; x_wconf 94' lang='lat'><strong>,</strong></span> <span class='ocrx_word' id='word_1_92' title='bbox 1260 1212 1350 1266; x_wconf 93' lang='lat' dir='ltr'><strong>lib.</strong></span> <span class='ocrx_word' id='word_1_93' title='bbox 1381 1226 1451 1263; x_wconf 85' lang='lat' dir='ltr'><strong>vn</strong></span> <span class='ocrx_word' id='word_1_94' title='bbox 1487 1211 1618 1264; x_wconf 88' lang='lat' dir='ltr'><strong>Hist.</strong></span> <span class='ocrx_word' id='word_1_95' title='bbox 1652 1212 1807 1278; x_wconf 58' lang='lat' dir='ltr'><strong>eci&#39;l.,</strong></span> <span class='ocrx_word' id='word_1_96' title='bbox 1840 1227 1960 1280; x_wconf 89' lang='lat' dir='ltr'><strong>cap.</strong></span> <span class='ocrx_word' id='word_1_97' title='bbox 1992 1210 2046 1276; x_wconf 87' lang='lat'><strong>8,</strong></span> 
     </span>
    </p>
   </div>
   <div class='ocr_carea' id='block_1_15' title="bbox 465 1282 2047 1353">
    <p class='ocr_par' dir='ltr' id='par_1_15' title="bbox 465 1282 2047 1353">
     <span class='ocr_line' id='line_1_15' title="bbox 465 1282 2047 1353; baseline 0.003 -19"><span class='ocrx_word' id='word_1_98' title='bbox 465 1298 631 1351; x_wconf 88' lang='lat' dir='ltr'><strong>ngens</strong></span> <span class='ocrx_word' id='word_1_99' title='bbox 658 1285 725 1339; x_wconf 89' lang='lat' dir='ltr'><strong>de</strong></span> <span class='ocrx_word' id='word_1_100' title='bbox 755 1284 980 1353; x_wconf 90' lang='lat' dir='ltr'><strong>quodam</strong></span> <span class='ocrx_word' id='word_1_101' title='bbox 1003 1324 1016 1349; x_wconf 90' lang='lat'><strong>,</strong></span> <span class='ocrx_word' id='word_1_102' title='bbox 1047 1283 1135 1352; x_wconf 90' lang='lat' dir='ltr'><strong>qui</strong></span> <span class='ocrx_word' id='word_1_103' title='bbox 1167 1283 1233 1335; x_wconf 91' lang='lat' dir='ltr'><strong>ab</strong></span> <span class='ocrx_word' id='word_1_104' title='bbox 1265 1283 1530 1336; x_wconf 65' lang='lat' dir='ltr'><strong>haereticis</strong></span> <span class='ocrx_word' id='word_1_105' title='bbox 1562 1282 1878 1351; x_wconf 82' lang='lat' dir='ltr'><strong>baptizatus,</strong></span> <span class='ocrx_word' id='word_1_106' title='bbox 1912 1294 1964 1338; x_wconf 88' lang='lat' dir='ltr'><strong>et</strong></span> <span class='ocrx_word' id='word_1_107' title='bbox 1996 1285 2047 1339; x_wconf 90' lang='lat' dir='ltr'><strong>in</strong></span> 
     </span>
    </p>
   </div>
   <div class='ocr_carea' id='block_1_16' title="bbox 465 1353 2050 1429">
    <p class='ocr_par' dir='ltr' id='par_1_16' title="bbox 465 1353 2050 1429">
     <span class='ocr_line' id='line_1_16' title="bbox 465 1353 2050 1429; baseline 0.001 -21"><span class='ocrx_word' id='word_1_108' title='bbox 465 1353 707 1409; x_wconf 77' lang='lat' dir='ltr'><strong>Ecclesia</strong></span> <span class='ocrx_word' id='word_1_109' title='bbox 741 1365 1018 1429; x_wconf 72' lang='lat' dir='ltr'><strong>receptus,</strong></span> <span class='ocrx_word' id='word_1_110' title='bbox 1051 1356 1135 1408; x_wconf 76' lang='grc' dir='ltr'><strong>καὶ</strong></span> <span class='ocrx_word' id='word_1_111' title='bbox 1159 1362 1258 1429; x_wconf 48' lang='lat' dir='ltr'><strong>gini</strong></span> <span class='ocrx_word' id='word_1_112' title='bbox 1286 1358 1650 1429; x_wconf 60' lang='grc' dir='ltr'><strong>ἐπερωτήσεῳν</strong></span> <span class='ocrx_word' id='word_1_113' title='bbox 1674 1396 1688 1421; x_wconf 88' lang='grc'><em>,</em></span> <span class='ocrx_word' id='word_1_114' title='bbox 1729 1360 1812 1411; x_wconf 80' lang='grc' dir='ltr'><strong>καὶ</strong></span> <span class='ocrx_word' id='word_1_115' title='bbox 1841 1358 2050 1429; x_wconf 78' lang='grc' dir='ltr'><strong>ἀποκρί-</strong></span> 
     </span>
    </p>
   </div>
   <div class='ocr_carea' id='block_1_17' title="bbox 463 1426 2050 1495">
    <p class='ocr_par' dir='ltr' id='par_1_17' title="bbox 463 1426 2050 1495">
     <span class='ocr_line' id='line_1_17' title="bbox 463 1426 2050 1495; baseline 0 -14"><span class='ocrx_word' id='word_1_116' title='bbox 463 1448 597 1481; x_wconf 80' lang='grc' dir='ltr'><strong>σεων</strong></span> <span class='ocrx_word' id='word_1_117' title='bbox 621 1428 930 1488; x_wconf 73' lang='grc' dir='ltr'><strong>ἐπακούσας.</strong></span> <span class='ocrx_word' id='word_1_118' title='bbox 951 1426 1001 1479; x_wconf 97' lang='lat' dir='ltr'><strong>ld</strong></span> <span class='ocrx_word' id='word_1_119' title='bbox 1020 1437 1122 1488; x_wconf 87' lang='lat' dir='ltr'><strong>est,</strong></span> <span class='ocrx_word' id='word_1_120' title='bbox 1139 1426 1257 1479; x_wconf 81' lang='lat' dir='ltr'><strong>cum</strong></span> <span class='ocrx_word' id='word_1_121' title='bbox 1285 1426 1731 1493; x_wconf 81' lang='lat' dir='ltr'><strong>interrogationes</strong></span> <span class='ocrx_word' id='word_1_122' title='bbox 1754 1437 1805 1481; x_wconf 90' lang='lat' dir='ltr'><strong>et</strong></span> <span class='ocrx_word' id='word_1_123' title='bbox 1827 1426 2050 1495; x_wconf 77' lang='lat' dir='ltr'><strong>respdn-</strong></span> 
     </span>
    </p>
   </div>
   <div class='ocr_carea' id='block_1_18' title="bbox 464 1496 2049 1565">
    <p class='ocr_par' dir='ltr' id='par_1_18' title="bbox 464 1496 2049 1565">
     <span class='ocr_line' id='line_1_18' title="bbox 464 1496 2049 1565; baseline 0.002 -15"><span class='ocrx_word' id='word_1_124' title='bbox 464 1498 645 1550; x_wconf 84' lang='lat' dir='ltr'><strong>siones</strong></span> <span class='ocrx_word' id='word_1_125' title='bbox 684 1498 963 1563; x_wconf 85' lang='lat' dir='ltr'><strong>audisset,</strong></span> <span class='ocrx_word' id='word_1_126' title='bbox 1008 1497 1177 1551; x_wconf 92' lang='lat' dir='ltr'><strong>voluit</strong></span> <span class='ocrx_word' id='word_1_127' title='bbox 1220 1497 1406 1550; x_wconf 89' lang='lat' dir='ltr'><strong>iterum</strong></span> <span class='ocrx_word' id='word_1_128' title='bbox 1438 1496 1721 1565; x_wconf 86' lang='lat' dir='ltr'><strong>baptizari;</strong></span> <span class='ocrx_word' id='word_1_129' title='bbox 1754 1506 1809 1551; x_wconf 89' lang='lat' dir='ltr'><strong>et</strong></span> <span class='ocrx_word' id='word_1_130' title='bbox 1833 1508 2049 1553; x_wconf 86' lang='lat' dir='ltr'><strong>sanctus</strong></span> 
     </span>
    </p>
   </div>
   <div class='ocr_carea' id='block_1_19' title="bbox 462 1567 2045 1643">
    <p class='ocr_par' dir='ltr' id='par_1_19' title="bbox 462 1567 2045 1643">
     <span class='ocr_line' id='line_1_19' title="bbox 462 1567 2045 1643; baseline 0.003 -23"><span class='ocrx_word' id='word_1_131' title='bbox 462 1567 693 1637; x_wconf 88' lang='lat' dir='ltr'><strong>Cyrillus</strong></span> <span class='ocrx_word' id='word_1_132' title='bbox 720 1579 946 1643; x_wconf 81' lang='lat' dir='ltr'><strong>testatur</strong></span> <span class='ocrx_word' id='word_1_133' title='bbox 974 1568 1181 1643; x_wconf 76' lang='lat' dir='ltr'><strong>catech.</strong></span> <span class='ocrx_word' id='word_1_134' title='bbox 1212 1567 1246 1617; x_wconf 75' lang='grc'><strong>2</strong></span> <span class='ocrx_word' id='word_1_135' title='bbox 1276 1575 1504 1643; x_wconf 85' lang='lat' dir='ltr'><strong>mystag.</strong></span> <span class='ocrx_word' id='word_1_136' title='bbox 1540 1572 1628 1622; x_wconf 69' lang='grc' dir='ltr'><strong>Καὶ</strong></span> <span class='ocrx_word' id='word_1_137' title='bbox 1667 1574 1900 1643; x_wconf 64' lang='grc' dir='ltr'><strong>ἡρωτᾷτο</strong></span> <span class='ocrx_word' id='word_1_138' title='bbox 1926 1570 2045 1624; x_wconf 83' lang='grc' dir='ltr'><strong>ἕκα-</strong></span> 
     </span>
    </p>
   </div>
   <div class='ocr_carea' id='block_1_20' title="bbox 460 1638 2050 1713">
    <p class='ocr_par' dir='ltr' id='par_1_20' title="bbox 460 1638 2050 1713">
     <span class='ocr_line' id='line_1_20' title="bbox 460 1638 2050 1713; baseline 0.001 -21"><span class='ocrx_word' id='word_1_139' title='bbox 460 1659 604 1713; x_wconf 68' lang='grc' dir='ltr'><strong>ςτος,</strong></span> <span class='ocrx_word' id='word_1_140' title='bbox 630 1644 674 1694; x_wconf 79' lang='grc' dir='ltr'><strong>εἰ</strong></span> <span class='ocrx_word' id='word_1_141' title='bbox 695 1642 927 1695; x_wconf 77' lang='grc' dir='ltr'><strong>πιστεύει</strong></span> <span class='ocrx_word' id='word_1_142' title='bbox 956 1643 1025 1701; x_wconf 81' lang='grc' dir='ltr'><strong>εἰς</strong></span> <span class='ocrx_word' id='word_1_143' title='bbox 1058 1638 1209 1710; x_wconf 68' lang='grc' dir='ltr'>ὄνομα</span> <span class='ocrx_word' id='word_1_144' title='bbox 1236 1647 1325 1693; x_wconf 79' lang='grc' dir='ltr'><strong>τοῦ</strong></span> <span class='ocrx_word' id='word_1_145' title='bbox 1347 1642 1579 1713; x_wconf 25' lang='grc' dir='ltr'><strong>Πᾳτρὸςμ,</strong></span> <span class='ocrx_word' id='word_1_146' title='bbox 1604 1638 1735 1713; x_wconf 57' lang='lat' dir='ltr'><strong>etei,</strong></span> <span class='ocrx_word' id='word_1_147' title='bbox 1768 1641 1819 1693; x_wconf 87' lang='lat' dir='ltr'><strong>id</strong></span> <span class='ocrx_word' id='word_1_148' title='bbox 1850 1650 1967 1705; x_wconf 89' lang='lat' dir='ltr'><strong>est,</strong></span> <span class='ocrx_word' id='word_1_149' title='bbox 1996 1649 2050 1694; x_wconf 90' lang='lat' dir='ltr'><strong>et</strong></span> 
     </span>
    </p>
   </div>
   <div class='ocr_carea' id='block_1_21' title="bbox 459 1708 2048 1781">
    <p class='ocr_par' dir='ltr' id='par_1_21' title="bbox 459 1708 2048 1781">
     <span class='ocr_line' id='line_1_21' title="bbox 459 1708 2048 1781; baseline 0.003 -20"><span class='ocrx_word' id='word_1_150' title='bbox 459 1708 819 1781; x_wconf 80' lang='lat' dir='ltr'><strong>interrogatus</strong></span> <span class='ocrx_word' id='word_1_151' title='bbox 842 1720 925 1765; x_wconf 88' lang='lat' dir='ltr'><strong>est</strong></span> <span class='ocrx_word' id='word_1_152' title='bbox 956 1708 1338 1778; x_wconf 79' lang='lat' dir='ltr'><strong>unusquisque,</strong></span> <span class='ocrx_word' id='word_1_153' title='bbox 1372 1709 1416 1761; x_wconf 87' lang='lat' dir='ltr'><strong>si</strong></span> <span class='ocrx_word' id='word_1_154' title='bbox 1442 1708 1608 1763; x_wconf 81' lang='lat' dir='ltr'><strong>credit</strong></span> <span class='ocrx_word' id='word_1_155' title='bbox 1643 1711 1693 1763; x_wconf 91' lang='lat' dir='ltr'><strong>in</strong></span> <span class='ocrx_word' id='word_1_156' title='bbox 1728 1726 1922 1765; x_wconf 74' lang='lat' dir='ltr'><strong>nomen</strong></span> <span class='ocrx_word' id='word_1_157' title='bbox 1949 1713 2048 1765; x_wconf 86' lang='lat' dir='ltr'><strong>Pa-</strong></span> 
     </span>
    </p>
   </div>
   <div class='ocr_carea' id='block_1_22' title="bbox 460 1781 2050 1850">
    <p class='ocr_par' dir='ltr' id='par_1_22' title="bbox 460 1781 2050 1850">
     <span class='ocr_line' id='line_1_22' title="bbox 460 1781 2050 1850; baseline 0.004 -19"><span class='ocrx_word' id='word_1_158' title='bbox 460 1781 593 1845; x_wconf 89' lang='lat' dir='ltr'><strong>tris,</strong></span> <span class='ocrx_word' id='word_1_159' title='bbox 623 1790 679 1835; x_wconf 88' lang='lat' dir='ltr'><strong>et</strong></span> <span class='ocrx_word' id='word_1_160' title='bbox 704 1782 859 1850; x_wconf 87' lang='lat' dir='ltr'><strong>Filii,</strong></span> <span class='ocrx_word' id='word_1_161' title='bbox 889 1790 943 1835; x_wconf 91' lang='lat' dir='ltr'><strong>et</strong></span> <span class='ocrx_word' id='word_1_162' title='bbox 971 1781 1203 1849; x_wconf 87' lang='lat' dir='ltr'><strong>Spiritus</strong></span> <span class='ocrx_word' id='word_1_163' title='bbox 1228 1782 1425 1845; x_wconf 87' lang='lat' dir='ltr'><strong>sancti,</strong></span> <span class='ocrx_word' id='word_1_164' title='bbox 1465 1790 1514 1834; x_wconf 87' lang='lat' dir='ltr'><strong>et</strong></span> <span class='ocrx_word' id='word_1_165' title='bbox 1544 1782 1773 1836; x_wconf 78' lang='lat' dir='ltr'><strong>confessi</strong></span> <span class='ocrx_word' id='word_1_166' title='bbox 1804 1783 1933 1836; x_wconf 89' lang='lat' dir='ltr'><strong>estis</strong></span> <span class='ocrx_word' id='word_1_167' title='bbox 1962 1796 2050 1837; x_wconf 86' lang='lat' dir='ltr'><strong>sa-</strong></span> 
     </span>
    </p>
   </div>
   <div class='ocr_carea' id='block_1_23' title="bbox 459 1850 2046 1913">
    <p class='ocr_par' dir='ltr' id='par_1_23' title="bbox 459 1850 2046 1913">
     <span class='ocr_line' id='line_1_23' title="bbox 459 1850 2046 1913; baseline 0.003 -11"><span class='ocrx_word' id='word_1_168' title='bbox 459 1850 685 1905; x_wconf 88' lang='lat' dir='ltr'><strong>lutarem</strong></span> <span class='ocrx_word' id='word_1_169' title='bbox 733 1854 1120 1908; x_wconf 80' lang='lat' dir='ltr'><strong>confessionem</strong></span> <span class='ocrx_word' id='word_1_170' title='bbox 1147 1892 1160 1913; x_wconf 91' lang='lat'><strong>,</strong></span> <span class='ocrx_word' id='word_1_171' title='bbox 1208 1862 1262 1906; x_wconf 85' lang='lat' dir='ltr'><strong>et</strong></span> <span class='ocrx_word' id='word_1_172' title='bbox 1310 1863 1390 1905; x_wconf 92' lang='lat' dir='ltr'><strong>ter</strong></span> <span class='ocrx_word' id='word_1_173' title='bbox 1435 1852 1597 1904; x_wconf 89' lang='lat' dir='ltr'><strong>mersi</strong></span> <span class='ocrx_word' id='word_1_174' title='bbox 1628 1855 1775 1906; x_wconf 81' lang='lat' dir='ltr'><strong>estis.</strong></span> <span class='ocrx_word' id='word_1_175' title='bbox 1816 1854 2046 1908; x_wconf 89' lang='lat' dir='ltr'><strong>Sanctus</strong></span> 
     </span>
    </p>
   </div>
   <div class='ocr_carea' id='block_1_24' title="bbox 455 1921 2050 1993">
    <p class='ocr_par' dir='ltr' id='par_1_24' title="bbox 455 1921 2050 1993">
     <span class='ocr_line' id='line_1_24' title="bbox 455 1921 2050 1993; baseline 0.002 -18"><span class='ocrx_word' id='word_1_176' title='bbox 455 1921 755 1993; x_wconf 79' lang='lat' dir='ltr'><strong>Cyprianus</strong></span> <span class='ocrx_word' id='word_1_177' title='bbox 784 1927 938 1991; x_wconf 81' lang='lat' dir='ltr'><strong>epist.</strong></span> <span class='ocrx_word' id='word_1_178' title='bbox 972 1926 1040 1978; x_wconf 87' lang='lat'><strong>70</strong></span> <span class='ocrx_word' id='word_1_179' title='bbox 1073 1942 1085 1977; x_wconf 92' lang='lat'>:</span> <span class='ocrx_word' id='word_1_180' title='bbox 1121 1922 1225 1977; x_wconf 86' lang='lat' dir='ltr'><strong>Sed</strong></span> <span class='ocrx_word' id='word_1_181' title='bbox 1258 1932 1303 1976; x_wconf 89' lang='lat' dir='ltr'><strong>et</strong></span> <span class='ocrx_word' id='word_1_182' title='bbox 1332 1923 1445 1992; x_wconf 88' lang='lat' dir='ltr'><strong>ipsa</strong></span> <span class='ocrx_word' id='word_1_183' title='bbox 1483 1922 1822 1992; x_wconf 81' lang='lat' dir='ltr'><strong>interrogatio</strong></span> <span class='ocrx_word' id='word_1_184' title='bbox 1849 1940 1963 1993; x_wconf 74' lang='lat' dir='ltr'><strong>qum</strong></span> <span class='ocrx_word' id='word_1_185' title='bbox 1991 1925 2050 1992; x_wconf 80' lang='lat' dir='ltr'><strong>ﬁt</strong></span> 
     </span>
    </p>
   </div>
   <div class='ocr_carea' id='block_1_25' title="bbox 454 1992 2050 2061">
    <p class='ocr_par' dir='ltr' id='par_1_25' title="bbox 454 1992 2050 2061">
     <span class='ocr_line' id='line_1_25' title="bbox 454 1992 2050 2061; baseline 0.003 -16"><span class='ocrx_word' id='word_1_186' title='bbox 454 1992 515 2045; x_wconf 81' lang='lat' dir='ltr'><strong>in</strong></span> <span class='ocrx_word' id='word_1_187' title='bbox 539 1994 789 2061; x_wconf 83' lang='lat' dir='ltr'><strong>baptismo</strong></span> <span class='ocrx_word' id='word_1_188' title='bbox 819 1997 957 2048; x_wconf 87' lang='lat' dir='ltr'><strong>testis</strong></span> <span class='ocrx_word' id='word_1_189' title='bbox 980 2004 1052 2048; x_wconf 90' lang='lat' dir='ltr'><strong>est</strong></span> <span class='ocrx_word' id='word_1_190' title='bbox 1076 1994 1317 2049; x_wconf 83' lang='lat' dir='ltr'><strong>veritatis.</strong></span> <span class='ocrx_word' id='word_1_191' title='bbox 1352 1995 1489 2045; x_wconf 81' lang='lat' dir='ltr'><strong>Nam</strong></span> <span class='ocrx_word' id='word_1_192' title='bbox 1512 2009 1625 2045; x_wconf 90' lang='lat' dir='ltr'><strong>cum</strong></span> <span class='ocrx_word' id='word_1_193' title='bbox 1648 1992 1906 2050; x_wconf 89' lang='lat' dir='ltr'><strong>dicimus:</strong></span> <span class='ocrx_word' id='word_1_194' title='bbox 1928 1995 2050 2049; x_wconf 86' lang='lat' dir='ltr'><strong>Cre-</strong></span> 
     </span>
    </p>
   </div>
   <div class='ocr_carea' id='block_1_26' title="bbox 454 2065 2049 2134">
    <p class='ocr_par' dir='ltr' id='par_1_26' title="bbox 454 2065 2049 2134">
     <span class='ocr_line' id='line_1_26' title="bbox 454 2065 2049 2134; baseline 0.003 -19"><span class='ocrx_word' id='word_1_195' title='bbox 454 2066 539 2134; x_wconf 71' lang='lat' dir='ltr'><strong>dis</strong></span> <span class='ocrx_word' id='word_1_196' title='bbox 566 2065 618 2117; x_wconf 89' lang='lat' dir='ltr'><strong>in</strong></span> <span class='ocrx_word' id='word_1_197' title='bbox 644 2067 795 2119; x_wconf 81' lang='lat' dir='ltr'><strong>vitam</strong></span> <span class='ocrx_word' id='word_1_198' title='bbox 823 2075 1063 2120; x_wconf 72' lang='lat' dir='ltr'><strong>(sternam</strong></span> <span class='ocrx_word' id='word_1_199' title='bbox 1090 2106 1106 2131; x_wconf 84' lang='lat'><strong>,</strong></span> <span class='ocrx_word' id='word_1_200' title='bbox 1148 2076 1192 2119; x_wconf 89' lang='lat' dir='ltr'><strong>et</strong></span> <span class='ocrx_word' id='word_1_201' title='bbox 1220 2065 1564 2118; x_wconf 83' lang='lat' dir='ltr'><strong>remissionem</strong></span> <span class='ocrx_word' id='word_1_202' title='bbox 1595 2076 1919 2134; x_wconf 83' lang='lat' dir='ltr'><strong>peccatorum</strong></span> <span class='ocrx_word' id='word_1_203' title='bbox 1960 2084 2049 2133; x_wconf 90' lang='lat' dir='ltr'><strong>per</strong></span> 
     </span>
    </p>
   </div>
   <div class='ocr_carea' id='block_1_27' title="bbox 457 2132 2048 2208">
    <p class='ocr_par' dir='ltr' id='par_1_27' title="bbox 457 2132 2048 2208">
     <span class='ocr_line' id='line_1_27' title="bbox 457 2132 2048 2208; baseline 0.004 -22"><span class='ocrx_word' id='word_1_204' title='bbox 457 2132 767 2199; x_wconf 81' lang='lat' dir='ltr'><strong>Ecclesium,</strong></span> <span class='ocrx_word' id='word_1_205' title='bbox 800 2148 928 2203; x_wconf 88' lang='lat' dir='ltr'><strong>etc.,</strong></span> <span class='ocrx_word' id='word_1_206' title='bbox 956 2146 1009 2193; x_wconf 90' lang='lat' dir='ltr'><strong>et</strong></span> <span class='ocrx_word' id='word_1_207' title='bbox 1038 2139 1193 2208; x_wconf 87' lang='lat' dir='ltr'><strong>epist.</strong></span> <span class='ocrx_word' id='word_1_208' title='bbox 1222 2135 1295 2208; x_wconf 14' lang='lat' dir='ltr'><strong>r75</strong></span> <span class='ocrx_word' id='word_1_209' title='bbox 1324 2152 1338 2189; x_wconf 91' lang='lat'><strong>:</strong></span> <span class='ocrx_word' id='word_1_210' title='bbox 1372 2132 1667 2203; x_wconf 75' lang='lat' dir='ltr'><strong>Baptizaret</strong></span> <span class='ocrx_word' id='word_1_211' title='bbox 1690 2154 1889 2207; x_wconf 88' lang='lat' dir='ltr'><strong>quoque</strong></span> <span class='ocrx_word' id='word_1_212' title='bbox 1910 2132 2048 2192; x_wconf 86' lang='lat' dir='ltr'><strong>mul-</strong></span> 
     </span>
    </p>
   </div>
   <div class='ocr_carea' id='block_1_28' title="bbox 452 2207 2047 2277">
    <p class='ocr_par' dir='ltr' id='par_1_28' title="bbox 452 2207 2047 2277">
     <span class='ocr_line' id='line_1_28' title="bbox 452 2207 2047 2277; baseline 0.004 -20"><span class='ocrx_word' id='word_1_213' title='bbox 452 2213 534 2258; x_wconf 75' lang='lat' dir='ltr'><strong>eos</strong></span> <span class='ocrx_word' id='word_1_214' title='bbox 564 2210 751 2261; x_wconf 86' lang='lat' dir='ltr'><strong>usitata</strong></span> <span class='ocrx_word' id='word_1_215' title='bbox 777 2217 823 2261; x_wconf 90' lang='lat' dir='ltr'><strong>et</strong></span> <span class='ocrx_word' id='word_1_216' title='bbox 854 2207 1080 2277; x_wconf 83' lang='lat' dir='ltr'><strong>legitima</strong></span> <span class='ocrx_word' id='word_1_217' title='bbox 1122 2207 1272 2262; x_wconf 82' lang='lat' dir='ltr'><strong>verba</strong></span> <span class='ocrx_word' id='word_1_218' title='bbox 1312 2208 1723 2276; x_wconf 88' lang='lat' dir='ltr'><strong>interrogationis</strong></span> <span class='ocrx_word' id='word_1_219' title='bbox 1772 2226 2047 2277; x_wconf 82' lang='lat' dir='ltr'><strong>usurpans,</strong></span> 
     </span>
    </p>
   </div>
   <div class='ocr_carea' id='block_1_29' title="bbox 456 2278 2047 2348">
    <p class='ocr_par' dir='ltr' id='par_1_29' title="bbox 456 2278 2047 2348">
     <span class='ocr_line' id='line_1_29' title="bbox 456 2278 2047 2348; baseline 0.003 -19"><span class='ocrx_word' id='word_1_220' title='bbox 456 2284 513 2329; x_wconf 88' lang='lat' dir='ltr'><strong>ut</strong></span> <span class='ocrx_word' id='word_1_221' title='bbox 542 2278 671 2331; x_wconf 83' lang='lat' dir='ltr'><strong>nihil</strong></span> <span class='ocrx_word' id='word_1_222' title='bbox 701 2280 997 2348; x_wconf 79' lang='lat' dir='ltr'><strong>discrepare</strong></span> <span class='ocrx_word' id='word_1_223' title='bbox 1025 2282 1088 2332; x_wconf 86' lang='lat' dir='ltr'><strong>ab</strong></span> <span class='ocrx_word' id='word_1_224' title='bbox 1116 2278 1463 2348; x_wconf 82' lang='lat' dir='ltr'><strong>ecclesiastica</strong></span> <span class='ocrx_word' id='word_1_225' title='bbox 1487 2281 1665 2347; x_wconf 87' lang='lat' dir='ltr'><strong>regula</strong></span> <span class='ocrx_word' id='word_1_226' title='bbox 1697 2282 2047 2337; x_wconf 88' lang='lat' dir='ltr'><strong>videretur....</strong></span> 
     </span>
    </p>
   </div>
   <div class='ocr_carea' id='block_1_30' title="bbox 456 2347 2050 2421">
    <p class='ocr_par' dir='ltr' id='par_1_30' title="bbox 456 2347 2050 2421">
     <span class='ocr_line' id='line_1_30' title="bbox 456 2347 2050 2421; baseline 0.005 -23"><span class='ocrx_word' id='word_1_227' title='bbox 456 2350 677 2421; x_wconf 63' lang='lat' dir='ltr'><strong>niaainie</strong></span> <span class='ocrx_word' id='word_1_228' title='bbox 704 2352 785 2402; x_wconf 86' lang='lat' dir='ltr'><strong>cui</strong></span> <span class='ocrx_word' id='word_1_229' title='bbox 815 2367 905 2403; x_wconf 89' lang='lat' dir='ltr'><strong>nec</strong></span> <span class='ocrx_word' id='word_1_230' title='bbox 935 2351 1236 2420; x_wconf 85' lang='lat' dir='ltr'><strong>Symbolum</strong></span> <span class='ocrx_word' id='word_1_231' title='bbox 1267 2347 1531 2421; x_wconf 74' lang='lat' dir='ltr'><strong>Trinitatis</strong></span> <span class='ocrx_word' id='word_1_232' title='bbox 1555 2389 1568 2410; x_wconf 92' lang='lat'><strong>,</strong></span> <span class='ocrx_word' id='word_1_233' title='bbox 1603 2366 1694 2402; x_wconf 89' lang='lat' dir='ltr'><strong>nec</strong></span> <span class='ocrx_word' id='word_1_234' title='bbox 1718 2351 2050 2421; x_wconf 85' lang='lat' dir='ltr'><strong>interrogatio</strong></span> 
     </span>
    </p>
   </div>
   <div class='ocr_carea' id='block_1_31' title="bbox 455 2418 2046 2493">
    <p class='ocr_par' dir='ltr' id='par_1_31' title="bbox 455 2418 2046 2493">
     <span class='ocr_line' id='line_1_31' title="bbox 455 2418 2046 2493; baseline 0.004 -21"><span class='ocrx_word' id='word_1_235' title='bbox 455 2418 714 2493; x_wconf 67' lang='lat' dir='ltr'><strong>legitima</strong></span> <span class='ocrx_word' id='word_1_236' title='bbox 740 2432 787 2473; x_wconf 87' lang='lat' dir='ltr'><strong>et</strong></span> <span class='ocrx_word' id='word_1_237' title='bbox 836 2418 1175 2493; x_wconf 77' lang='lat' dir='ltr'><strong>ecclesiastica</strong></span> <span class='ocrx_word' id='word_1_238' title='bbox 1221 2420 1404 2487; x_wconf 81' lang='lat' dir='ltr'><strong>defuit.</strong></span> <span class='ocrx_word' id='word_1_239' title='bbox 1435 2418 1661 2493; x_wconf 69' lang='lat' dir='ltr'><strong>thatus</strong></span> <span class='ocrx_word' id='word_1_240' title='bbox 1689 2418 2046 2493; x_wconf 7' lang='lat' dir='ltr'><strong>Miilcvita&#39;uus,</strong></span> 
     </span>
    </p>
   </div>
   <div class='ocr_carea' id='block_1_32' title="bbox 456 2484 2048 2557">
    <p class='ocr_par' dir='ltr' id='par_1_32' title="bbox 456 2484 2048 2557">
     <span class='ocr_line' id='line_1_32' title="bbox 456 2484 2048 2557; baseline 0.004 -16"><span class='ocrx_word' id='word_1_241' title='bbox 456 2484 552 2542; x_wconf 86' lang='lat' dir='ltr'><strong>lib.</strong></span> <span class='ocrx_word' id='word_1_242' title='bbox 589 2505 621 2543; x_wconf 86' lang='lat' dir='ltr'><strong>v</strong></span> <span class='ocrx_word' id='word_1_243' title='bbox 651 2491 907 2546; x_wconf 87' lang='lat' dir='ltr'><strong>adversus</strong></span> <span class='ocrx_word' id='word_1_244' title='bbox 935 2484 1344 2545; x_wconf 76' lang='lat' dir='ltr'><strong>Parmenianum</strong></span> <span class='ocrx_word' id='word_1_245' title='bbox 1379 2507 1393 2541; x_wconf 90' lang='lat'><strong>:</strong></span> <span class='ocrx_word' id='word_1_246' title='bbox 1427 2484 1637 2557; x_wconf 82' lang='lat' dir='ltr'><strong>Quoque</strong></span> <span class='ocrx_word' id='word_1_247' title='bbox 1662 2492 1797 2544; x_wconf 88' lang='lat' dir='ltr'><strong>enim</strong></span> <span class='ocrx_word' id='word_1_248' title='bbox 1827 2484 2048 2549; x_wconf 62' lang='lat' dir='ltr'><strong>interro1</strong></span> 
     </span>
    </p>
   </div>
   <div class='ocr_carea' id='block_1_33' title="bbox 457 2561 2049 2632">
    <p class='ocr_par' dir='ltr' id='par_1_33' title="bbox 457 2561 2049 2632">
     <span class='ocr_line' id='line_1_33' title="bbox 457 2561 2049 2632; baseline 0.004 -19"><span class='ocrx_word' id='word_1_249' title='bbox 457 2570 607 2632; x_wconf 85' lang='lat' dir='ltr'><strong>gante</strong></span> <span class='ocrx_word' id='word_1_250' title='bbox 652 2563 741 2632; x_wconf 77' lang='lat' dir='ltr'><strong>qui</strong></span> <span class='ocrx_word' id='word_1_251' title='bbox 790 2563 1040 2629; x_wconf 83' lang='lat' dir='ltr'><strong>credidit,</strong></span> <span class='ocrx_word' id='word_1_252' title='bbox 1086 2562 1194 2615; x_wconf 87' lang='lat' dir='ltr'><strong>Deo</strong></span> <span class='ocrx_word' id='word_1_253' title='bbox 1223 2561 1473 2625; x_wconf 87' lang='lat' dir='ltr'><strong>credidit;</strong></span> <span class='ocrx_word' id='word_1_254' title='bbox 1502 2568 1551 2615; x_wconf 90' lang='lat' dir='ltr'><strong>et</strong></span> <span class='ocrx_word' id='word_1_255' title='bbox 1575 2571 1687 2630; x_wconf 88' lang='lat' dir='ltr'><strong>post</strong></span> <span class='ocrx_word' id='word_1_256' title='bbox 1718 2580 1880 2616; x_wconf 88' lang='lat' dir='ltr'><strong>unum</strong></span> <span class='ocrx_word' id='word_1_257' title='bbox 1908 2566 2049 2619; x_wconf 87' lang='lat' dir='ltr'><strong>illius</strong></span> 
     </span>
    </p>
   </div>
   <div class='ocr_carea' id='block_1_34' title="bbox 420 2631 2049 2704">
    <p class='ocr_par' dir='ltr' id='par_1_34' title="bbox 420 2631 2049 2704">
     <span class='ocr_line' id='line_1_34' title="bbox 420 2631 2049 2704; baseline 0.005 -20"><span class='ocrx_word' id='word_1_258' title='bbox 420 2664 425 2667; x_wconf 58' lang='grc' dir='ltr'><strong>ς</strong></span> <span class='ocrx_word' id='word_1_259' title='bbox 460 2631 645 2704; x_wconf 72' lang='lat' dir='ltr'><strong>Credo,</strong></span> <span class='ocrx_word' id='word_1_260' title='bbox 665 2631 729 2686; x_wconf 85' lang='lat' dir='ltr'><strong>tu</strong></span> <span class='ocrx_word' id='word_1_261' title='bbox 749 2635 913 2702; x_wconf 75' lang='lat' dir='ltr'><strong>exigis</strong></span> <span class='ocrx_word' id='word_1_262' title='bbox 942 2632 1159 2687; x_wconf 88' lang='lat' dir='ltr'><strong>alterum</strong></span> <span class='ocrx_word' id='word_1_263' title='bbox 1182 2632 1369 2704; x_wconf 85' lang='lat' dir='ltr'><strong>Credo.</strong></span> <span class='ocrx_word' id='word_1_264' title='bbox 1386 2633 1477 2704; x_wconf 81' lang='lat' dir='ltr'><strong>ita</strong></span> <span class='ocrx_word' id='word_1_265' title='bbox 1503 2632 1758 2701; x_wconf 90' lang='lat' dir='ltr'><strong>loquitur,</strong></span> <span class='ocrx_word' id='word_1_266' title='bbox 1784 2634 1903 2704; x_wconf 91' lang='lat' dir='ltr'><strong>quia</strong></span> <span class='ocrx_word' id='word_1_267' title='bbox 1926 2651 2049 2691; x_wconf 91' lang='lat' dir='ltr'><strong>cum</strong></span> 
     </span>
    </p>
   </div>
   <div class='ocr_carea' id='block_1_35' title="bbox 460 2702 2047 2773">
    <p class='ocr_par' dir='ltr' id='par_1_35' title="bbox 460 2702 2047 2773">
     <span class='ocr_line' id='line_1_35' title="bbox 460 2702 2047 2773; baseline 0.003 -17"><span class='ocrx_word' id='word_1_268' title='bbox 460 2702 760 2760; x_wconf 71' lang='lat' dir='ltr'><strong>Donatista:</strong></span> <span class='ocrx_word' id='word_1_269' title='bbox 788 2704 1003 2773; x_wconf 79' lang='lat' dir='ltr'><strong>refugas</strong></span> <span class='ocrx_word' id='word_1_270' title='bbox 1034 2706 1223 2759; x_wconf 89' lang='lat' dir='ltr'><strong>iterum</strong></span> <span class='ocrx_word' id='word_1_271' title='bbox 1254 2702 1587 2771; x_wconf 87' lang='lat' dir='ltr'><strong>baptizarent</strong></span> <span class='ocrx_word' id='word_1_272' title='bbox 1607 2744 1622 2767; x_wconf 86' lang='lat'><strong>,</strong></span> <span class='ocrx_word' id='word_1_273' title='bbox 1663 2719 1758 2759; x_wconf 92' lang='lat' dir='ltr'><strong>eos</strong></span> <span class='ocrx_word' id='word_1_274' title='bbox 1797 2702 1921 2760; x_wconf 83' lang='lat' dir='ltr'><strong>ante</strong></span> <span class='ocrx_word' id='word_1_275' title='bbox 1951 2710 2047 2761; x_wconf 88' lang='lat' dir='ltr'><strong>ba-</strong></span> 
     </span>
    </p>
   </div>
   <div class='ocr_carea' id='block_1_36' title="bbox 462 2774 2049 2845">
    <p class='ocr_par' dir='ltr' id='par_1_36' title="bbox 462 2774 2049 2845">
     <span class='ocr_line' id='line_1_36' title="bbox 462 2774 2049 2845; baseline 0.005 -19"><span class='ocrx_word' id='word_1_276' title='bbox 462 2775 718 2843; x_wconf 88' lang='lat' dir='ltr'><strong>ptismum</strong></span> <span class='ocrx_word' id='word_1_277' title='bbox 747 2791 934 2831; x_wconf 89' lang='lat' dir='ltr'><strong>rursus</strong></span> <span class='ocrx_word' id='word_1_278' title='bbox 961 2778 1027 2829; x_wconf 92' lang='lat' dir='ltr'><strong>de</strong></span> <span class='ocrx_word' id='word_1_279' title='bbox 1052 2775 1308 2845; x_wconf 88' lang='lat' dir='ltr'><strong>Symbolo</strong></span> <span class='ocrx_word' id='word_1_280' title='bbox 1338 2774 1758 2843; x_wconf 84' lang='lat' dir='ltr'><strong>interrogabant,</strong></span> <span class='ocrx_word' id='word_1_281' title='bbox 1791 2787 1843 2831; x_wconf 90' lang='lat' dir='ltr'><strong>et</strong></span> <span class='ocrx_word' id='word_1_282' title='bbox 1871 2778 1939 2831; x_wconf 89' lang='lat' dir='ltr'><strong>ab</strong></span> <span class='ocrx_word' id='word_1_283' title='bbox 1970 2780 2049 2835; x_wconf 87' lang='lat' dir='ltr'><strong>eis</strong></span> 
     </span>
    </p>
   </div>
   <div class='ocr_carea' id='block_1_37' title="bbox 456 2845 2048 2915">
    <p class='ocr_par' dir='ltr' id='par_1_37' title="bbox 456 2845 2048 2915">
     <span class='ocr_line' id='line_1_37' title="bbox 456 2845 2048 2915; baseline 0.004 -18"><span class='ocrx_word' id='word_1_284' title='bbox 456 2845 687 2901; x_wconf 85' lang='lat' dir='ltr'><strong>alterum</strong></span> <span class='ocrx_word' id='word_1_285' title='bbox 718 2846 890 2902; x_wconf 87' lang='lat' dir='ltr'><strong>Credo</strong></span> <span class='ocrx_word' id='word_1_286' title='bbox 920 2848 1223 2915; x_wconf 82' lang='lat' dir='ltr'><strong>exigebant,</strong></span> <span class='ocrx_word' id='word_1_287' title='bbox 1249 2861 1368 2899; x_wconf 92' lang='lat' dir='ltr'><strong>cum</strong></span> <span class='ocrx_word' id='word_1_288' title='bbox 1393 2854 1549 2901; x_wconf 87' lang='lat' dir='ltr'><strong>antea</strong></span> <span class='ocrx_word' id='word_1_289' title='bbox 1576 2847 1702 2900; x_wconf 86' lang='lat' dir='ltr'><strong>illud</strong></span> <span class='ocrx_word' id='word_1_290' title='bbox 1726 2847 1777 2900; x_wconf 91' lang='lat' dir='ltr'><strong>in</strong></span> <span class='ocrx_word' id='word_1_291' title='bbox 1804 2848 2048 2905; x_wconf 87' lang='lat' dir='ltr'><strong>Ecclesia</strong></span> 
     </span>
    </p>
   </div>
   <div class='ocr_carea' id='block_1_38' title="bbox 456 2917 2049 2987">
    <p class='ocr_par' dir='ltr' id='par_1_38' title="bbox 456 2917 2049 2987">
     <span class='ocr_line' id='line_1_38' title="bbox 456 2917 2049 2987; baseline 0.003 -17"><span class='ocrx_word' id='word_1_292' title='bbox 456 2918 719 2973; x_wconf 86' lang='lat' dir='ltr'><strong>catholica</strong></span> <span class='ocrx_word' id='word_1_293' title='bbox 754 2918 1177 2987; x_wconf 81' lang='lat' dir='ltr'><strong>respondissent.</strong></span> <span class='ocrx_word' id='word_1_294' title='bbox 1224 2917 1449 2973; x_wconf 89' lang='lat' dir='ltr'><strong>Sanctus</strong></span> <span class='ocrx_word' id='word_1_295' title='bbox 1480 2917 1794 2971; x_wconf 82' lang='lat' dir='ltr'><strong>Ambrosius</strong></span> <span class='ocrx_word' id='word_1_296' title='bbox 1818 2960 1834 2985; x_wconf 87' lang='lat'><strong>,</strong></span> <span class='ocrx_word' id='word_1_297' title='bbox 1868 2920 1960 2975; x_wconf 86' lang='lat' dir='ltr'><strong>lib.</strong></span> <span class='ocrx_word' id='word_1_298' title='bbox 1997 2936 2049 2975; x_wconf 89' lang='lat' dir='ltr'><strong>iv</strong></span> 
     </span>
    </p>
   </div>
   <div class='ocr_carea' id='block_1_39' title="bbox 457 2988 2048 3059">
    <p class='ocr_par' dir='ltr' id='par_1_39' title="bbox 457 2988 2048 3059">
     <span class='ocr_line' id='line_1_39' title="bbox 457 2988 2048 3059; baseline 0.004 -18"><span class='ocrx_word' id='word_1_299' title='bbox 457 2988 528 3041; x_wconf 90' lang='lat' dir='ltr'><strong>de</strong></span> <span class='ocrx_word' id='word_1_300' title='bbox 557 2990 935 3055; x_wconf 79' lang='lat' dir='ltr'><strong>Sacramentis,</strong></span> <span class='ocrx_word' id='word_1_301' title='bbox 966 3005 1083 3059; x_wconf 86' lang='lat' dir='ltr'><strong>cap.</strong></span> <span class='ocrx_word' id='word_1_302' title='bbox 1116 2990 1171 3054; x_wconf 90' lang='lat'><strong>7,</strong></span> <span class='ocrx_word' id='word_1_303' title='bbox 1203 2988 1339 3042; x_wconf 80' lang='lat' dir='ltr'><strong>intra</strong></span> <span class='ocrx_word' id='word_1_304' title='bbox 1371 2988 1635 3059; x_wconf 84' lang='lat' dir='ltr'><strong>citandus.</strong></span> <span class='ocrx_word' id='word_1_305' title='bbox 1666 2989 1892 3044; x_wconf 89' lang='lat' dir='ltr'><strong>Sanctus</strong></span> <span class='ocrx_word' id='word_1_306' title='bbox 1922 2992 2048 3047; x_wconf 87' lang='lat' dir='ltr'><strong>Hie-</strong></span> 
     </span>
    </p>
   </div>
   <div class='ocr_carea' id='block_1_40' title="bbox 455 3059 2047 3130">
    <p class='ocr_par' dir='ltr' id='par_1_40' title="bbox 455 3059 2047 3130">
     <span class='ocr_line' id='line_1_40' title="bbox 455 3059 2047 3130; baseline 0.004 -19"><span class='ocrx_word' id='word_1_307' title='bbox 455 3072 716 3130; x_wconf 79' lang='lat' dir='ltr'><strong>ronymus</strong></span> <span class='ocrx_word' id='word_1_308' title='bbox 740 3101 756 3126; x_wconf 87' lang='lat'><strong>,</strong></span> <span class='ocrx_word' id='word_1_309' title='bbox 803 3061 1012 3129; x_wconf 86' lang='lat' dir='ltr'><strong>dialogo</strong></span> <span class='ocrx_word' id='word_1_310' title='bbox 1058 3060 1314 3115; x_wconf 82' lang='lat' dir='ltr'><strong>adversus</strong></span> <span class='ocrx_word' id='word_1_311' title='bbox 1342 3059 1709 3130; x_wconf 82' lang='lat' dir='ltr'><strong>Lucilerianos</strong></span> <span class='ocrx_word' id='word_1_312' title='bbox 1736 3076 1751 3114; x_wconf 88' lang='lat'><strong>:</strong></span> <span class='ocrx_word' id='word_1_313' title='bbox 1783 3059 2047 3117; x_wconf 65' lang='lat' dir='ltr'><strong>Praeterea</strong></span> 
     </span>
    </p>
   </div>
   <div class='ocr_carea' id='block_1_41' title="bbox 452 3129 2048 3200">
    <p class='ocr_par' dir='ltr' id='par_1_41' title="bbox 452 3129 2048 3200">
     <span class='ocr_line' id='line_1_41' title="bbox 452 3129 2048 3200; baseline 0.004 -18"><span class='ocrx_word' id='word_1_314' title='bbox 452 3129 573 3183; x_wconf 87' lang='lat' dir='ltr'><strong>cum</strong></span> <span class='ocrx_word' id='word_1_315' title='bbox 600 3132 822 3185; x_wconf 90' lang='lat' dir='ltr'><strong>solemne</strong></span> <span class='ocrx_word' id='word_1_316' title='bbox 853 3134 918 3186; x_wconf 88' lang='lat' dir='ltr'><strong>sit</strong></span> <span class='ocrx_word' id='word_1_317' title='bbox 944 3176 957 3199; x_wconf 90' lang='lat'><strong>,</strong></span> <span class='ocrx_word' id='word_1_318' title='bbox 992 3141 1036 3185; x_wconf 85' lang='lat' dir='ltr'><strong>et</strong></span> <span class='ocrx_word' id='word_1_319' title='bbox 1064 3133 1115 3185; x_wconf 87' lang='lat' dir='ltr'><strong>in</strong></span> <span class='ocrx_word' id='word_1_320' title='bbox 1145 3133 1343 3184; x_wconf 80' lang='lat' dir='ltr'><strong>lavacro</strong></span> <span class='ocrx_word' id='word_1_321' title='bbox 1387 3138 1499 3200; x_wconf 88' lang='lat' dir='ltr'><strong>post</strong></span> <span class='ocrx_word' id='word_1_322' title='bbox 1539 3129 1810 3185; x_wconf 81' lang='lat' dir='ltr'><strong>Trinitatis</strong></span> <span class='ocrx_word' id='word_1_323' title='bbox 1851 3134 2048 3200; x_wconf 87' lang='lat' dir='ltr'><strong>confes-</strong></span> 
     </span>
    </p>
   </div>
   <div class='ocr_carea' id='block_1_42' title="bbox 454 3199 2046 3273">
    <p class='ocr_par' dir='ltr' id='par_1_42' title="bbox 454 3199 2046 3273">
     <span class='ocr_line' id='line_1_42' title="bbox 454 3199 2046 3273; baseline 0.004 -20"><span class='ocrx_word' id='word_1_324' title='bbox 454 3204 651 3255; x_wconf 80' lang='lat' dir='ltr'><strong>sionem</strong></span> <span class='ocrx_word' id='word_1_325' title='bbox 678 3204 993 3273; x_wconf 86' lang='lat' dir='ltr'><strong>interrogare</strong></span> <span class='ocrx_word' id='word_1_326' title='bbox 1016 3222 1035 3257; x_wconf 89' lang='lat'><strong><em>:</em></strong></span> <span class='ocrx_word' id='word_1_327' title='bbox 1059 3202 1235 3257; x_wconf 85' lang='lat' dir='ltr'><strong>Credis</strong></span> <span class='ocrx_word' id='word_1_328' title='bbox 1264 3199 1494 3255; x_wconf 88' lang='lat' dir='ltr'><strong>sanctam</strong></span> <span class='ocrx_word' id='word_1_329' title='bbox 1524 3199 1809 3254; x_wconf 80' lang='lat' dir='ltr'><strong>Ecclesium</strong></span> <span class='ocrx_word' id='word_1_330' title='bbox 1831 3204 1855 3255; x_wconf 87' lang='lat'><strong><em>?</em></strong></span> <span class='ocrx_word' id='word_1_331' title='bbox 1881 3208 2046 3259; x_wconf 85' lang='lat' dir='ltr'><strong>credis</strong></span> 
     </span>
    </p>
   </div>
   <div class='ocr_carea' id='block_1_43' title="bbox 2151 567 3742 638">
    <p class='ocr_par' dir='ltr' id='par_1_43' title="bbox 2151 567 3742 638">
     <span class='ocr_line' id='line_1_43' title="bbox 2151 567 3742 638; baseline 0.004 -20"><span class='ocrx_word' id='word_1_332' title='bbox 2151 583 2298 638; x_wconf 79' lang='lat' dir='ltr'><strong>num,</strong></span> <span class='ocrx_word' id='word_1_333' title='bbox 2332 569 2426 623; x_wconf 91' lang='lat' dir='ltr'><strong>lib.</strong></span> <span class='ocrx_word' id='word_1_334' title='bbox 2455 568 2523 624; x_wconf 91' lang='lat' dir='ltr'><strong>de</strong></span> <span class='ocrx_word' id='word_1_335' title='bbox 2548 569 2755 625; x_wconf 88' lang='lat' dir='ltr'><strong>Corona</strong></span> <span class='ocrx_word' id='word_1_336' title='bbox 2784 568 2990 635; x_wconf 89' lang='lat' dir='ltr'><strong>militis,</strong></span> <span class='ocrx_word' id='word_1_337' title='bbox 3020 583 3141 636; x_wconf 85' lang='lat' dir='ltr'><strong>cap.</strong></span> <span class='ocrx_word' id='word_1_338' title='bbox 3173 570 3225 634; x_wconf 82' lang='grc'><strong>5,</strong></span> <span class='ocrx_word' id='word_1_339' title='bbox 3260 567 3351 638; x_wconf 87' lang='lat' dir='ltr'><strong>qui</strong></span> <span class='ocrx_word' id='word_1_340' title='bbox 3377 569 3535 623; x_wconf 87' lang='lat' dir='ltr'><strong>ritum</strong></span> <span class='ocrx_word' id='word_1_341' title='bbox 3568 570 3742 625; x_wconf 76' lang='lat' dir='ltr'><strong>refert</strong></span> 
     </span>
    </p>
   </div>
   <div class='ocr_carea' id='block_1_44' title="bbox 2149 637 3743 709">
    <p class='ocr_par' dir='ltr' id='par_1_44' title="bbox 2149 637 3743 709">
     <span class='ocr_line' id='line_1_44' title="bbox 2149 637 3743 709; baseline 0.001 -16"><span class='ocrx_word' id='word_1_342' title='bbox 2149 637 2309 709; x_wconf 83' lang='lat'><strong>353</strong></span> <span class='ocrx_word' id='word_1_343' title='bbox 2342 642 2479 695; x_wconf 89' lang='lat' dir='ltr'><strong>inter</strong></span> <span class='ocrx_word' id='word_1_344' title='bbox 2508 650 2718 695; x_wconf 84' lang='lat' dir='ltr'><strong>veteres</strong></span> <span class='ocrx_word' id='word_1_345' title='bbox 2769 640 3023 693; x_wconf 61' lang='lat' dir='ltr'><strong>Ecclesiae</strong></span> <span class='ocrx_word' id='word_1_346' title='bbox 3071 637 3387 694; x_wconf 86' lang='lat' dir='ltr'><strong>traditiOnes</strong></span> <span class='ocrx_word' id='word_1_347' title='bbox 3424 657 3437 693; x_wconf 89' lang='lat'><strong>:</strong></span> <span class='ocrx_word' id='word_1_348' title='bbox 3484 638 3616 695; x_wconf 83' lang='lat' dir='ltr'><strong>Dein</strong></span> <span class='ocrx_word' id='word_1_349' title='bbox 3660 650 3743 696; x_wconf 89' lang='lat' dir='ltr'><strong>ter</strong></span> 
     </span>
    </p>
   </div>
   <div class='ocr_carea' id='block_1_45' title="bbox 2149 710 3743 781">
    <p class='ocr_par' dir='ltr' id='par_1_45' title="bbox 2149 710 3743 781">
     <span class='ocr_line' id='line_1_45' title="bbox 2149 710 3743 781; baseline 0.003 -19"><span class='ocrx_word' id='word_1_350' title='bbox 2149 713 2505 781; x_wconf 80' lang='lat' dir='ltr'><strong>mergitamur,</strong></span> <span class='ocrx_word' id='word_1_351' title='bbox 2536 711 2759 781; x_wconf 85' lang='lat' dir='ltr'><strong>amplius</strong></span> <span class='ocrx_word' id='word_1_352' title='bbox 2788 710 2985 780; x_wconf 86' lang='lat' dir='ltr'><strong>aliquid</strong></span> <span class='ocrx_word' id='word_1_353' title='bbox 3011 711 3378 775; x_wconf 82' lang='lat' dir='ltr'><strong>respondentes</strong></span> <span class='ocrx_word' id='word_1_354' title='bbox 3404 753 3416 775; x_wconf 92' lang='lat'><strong>,</strong></span> <span class='ocrx_word' id='word_1_355' title='bbox 3447 728 3599 780; x_wconf 80' lang='lat' dir='ltr'><strong>quant</strong></span> <span class='ocrx_word' id='word_1_356' title='bbox 3632 712 3743 767; x_wconf 75' lang='lat' dir='ltr'><strong>Do-</strong></span> 
     </span>
    </p>
   </div>
   <div class='ocr_carea' id='block_1_46' title="bbox 2151 782 3741 853">
    <p class='ocr_par' dir='ltr' id='par_1_46' title="bbox 2151 782 3741 853">
     <span class='ocr_line' id='line_1_46' title="bbox 2151 782 3741 853; baseline 0.001 -17"><span class='ocrx_word' id='word_1_357' title='bbox 2151 783 2318 853; x_wconf 74' lang='lat' dir='ltr'><strong>minus</strong></span> <span class='ocrx_word' id='word_1_358' title='bbox 2356 783 2408 836; x_wconf 88' lang='lat' dir='ltr'><strong>in</strong></span> <span class='ocrx_word' id='word_1_359' title='bbox 2442 782 2726 853; x_wconf 84' lang='lat' dir='ltr'><strong>Evangelia</strong></span> <span class='ocrx_word' id='word_1_360' title='bbox 2769 784 3157 847; x_wconf 76' lang='lat' dir='ltr'><strong>determinavit;</strong></span> <span class='ocrx_word' id='word_1_361' title='bbox 3205 792 3444 837; x_wconf 88' lang='lat' dir='ltr'><strong>sanctum</strong></span> <span class='ocrx_word' id='word_1_362' title='bbox 3476 782 3741 852; x_wconf 81' lang='lat' dir='ltr'><strong>Cyrillum</strong></span> 
     </span>
    </p>
   </div>
   <div class='ocr_carea' id='block_1_47' title="bbox 2152 852 3739 925">
    <p class='ocr_par' dir='ltr' id='par_1_47' title="bbox 2152 852 3739 925">
     <span class='ocr_line' id='line_1_47' title="bbox 2152 852 3739 925; baseline 0.003 -18"><span class='ocrx_word' id='word_1_363' title='bbox 2152 852 2691 925; x_wconf 88' lang='lat' dir='ltr'><strong>Hierosolymitanum</strong></span> <span class='ocrx_word' id='word_1_364' title='bbox 2712 895 2727 918; x_wconf 95' lang='lat'><strong>,</strong></span> <span class='ocrx_word' id='word_1_365' title='bbox 2768 853 2977 909; x_wconf 89' lang='lat' dir='ltr'><strong>catech.</strong></span> <span class='ocrx_word' id='word_1_366' title='bbox 3007 854 3288 925; x_wconf 73' lang='lat' dir='ltr'><strong>2mystag.</strong></span> <span class='ocrx_word' id='word_1_367' title='bbox 3318 871 3330 907; x_wconf 89' lang='lat'>:</span> <span class='ocrx_word' id='word_1_368' title='bbox 3366 857 3455 909; x_wconf 69' lang='lat' dir='ltr'><strong>nati</strong></span> <span class='ocrx_word' id='word_1_369' title='bbox 3485 854 3739 911; x_wconf 77' lang='grc' dir='ltr'><strong>ἀπεδύετε</strong></span> 
     </span>
    </p>
   </div>
   <div class='ocr_carea' id='block_1_48' title="bbox 2150 924 3809 1000">
    <p class='ocr_par' dir='ltr' id='par_1_48' title="bbox 2150 924 3809 1000">
     <span class='ocr_line' id='line_1_48' title="bbox 2150 924 3809 1000; baseline -0.001 -21"><span class='ocrx_word' id='word_1_370' title='bbox 2150 928 2324 1000; x_wconf 56' lang='grc' dir='ltr'><strong>τρίτῳ</strong></span> <span class='ocrx_word' id='word_1_371' title='bbox 2350 924 2420 987; x_wconf 57' lang='grc' dir='ltr'><strong>εἰς</strong></span> <span class='ocrx_word' id='word_1_372' title='bbox 2450 924 2609 1000; x_wconf 68' lang='grc' dir='ltr'><strong>ὕδωρ,</strong></span> <span class='ocrx_word' id='word_1_373' title='bbox 2632 928 2713 979; x_wconf 78' lang='grc' dir='ltr'><strong>καὶ</strong></span> <span class='ocrx_word' id='word_1_374' title='bbox 2741 926 2887 979; x_wconf 79' lang='grc' dir='ltr'>πάλιν</span> <span class='ocrx_word' id='word_1_375' title='bbox 2911 924 3143 1000; x_wconf 61' lang='grc' dir='ltr'><strong>ἀνεδύετξ</strong></span> <span class='ocrx_word' id='word_1_376' title='bbox 3170 967 3184 990; x_wconf 91' lang='grc'><em>,</em></span> <span class='ocrx_word' id='word_1_377' title='bbox 3218 925 3270 979; x_wconf 83' lang='lat' dir='ltr'><strong>id</strong></span> <span class='ocrx_word' id='word_1_378' title='bbox 3302 933 3387 980; x_wconf 88' lang='lat' dir='ltr'><strong>est</strong></span> <span class='ocrx_word' id='word_1_379' title='bbox 3411 966 3425 987; x_wconf 85' lang='lat'><strong>,</strong></span> <span class='ocrx_word' id='word_1_380' title='bbox 3469 927 3743 1000; x_wconf 46' lang='grc' dir='ltr'><strong>ιον-ιπετεὶ</strong></span> <span class='ocrx_word' id='word_1_381' title='bbox 3804 958 3809 961; x_wconf 83' lang='grc'><strong><em>-</em></strong></span> 
     </span>
    </p>
   </div>
   <div class='ocr_carea' id='block_1_49' title="bbox 2152 995 3743 1066">
    <p class='ocr_par' dir='ltr' id='par_1_49' title="bbox 2152 995 3743 1066">
     <span class='ocr_line' id='line_1_49' title="bbox 2152 995 3743 1066; baseline 0 -17"><span class='ocrx_word' id='word_1_382' title='bbox 2152 995 2281 1066; x_wconf 50' lang='grc' dir='ltr'><strong>εεῑίε</strong></span> <span class='ocrx_word' id='word_1_383' title='bbox 2312 997 2363 1051; x_wconf 91' lang='lat' dir='ltr'><strong>in</strong></span> <span class='ocrx_word' id='word_1_384' title='bbox 2389 995 2629 1066; x_wconf 73' lang='lat' dir='ltr'><strong>aqiia,&#39;et</strong></span> <span class='ocrx_word' id='word_1_385' title='bbox 2659 1012 2843 1049; x_wconf 86' lang='lat' dir='ltr'><strong>rursus</strong></span> <span class='ocrx_word' id='word_1_386' title='bbox 2868 997 3196 1059; x_wconf 88' lang='lat' dir='ltr'><strong>emersistis;</strong></span> <span class='ocrx_word' id='word_1_387' title='bbox 3248 1006 3488 1049; x_wconf 84' lang='lat' dir='ltr'><strong>sanctum</strong></span> <span class='ocrx_word' id='word_1_388' title='bbox 3534 995 3743 1065; x_wconf 75' lang='lat' dir='ltr'><strong>Grego-</strong></span> 
     </span>
    </p>
   </div>
   <div class='ocr_carea' id='block_1_50' title="bbox 2152 1064 3743 1138">
    <p class='ocr_par' dir='ltr' id='par_1_50' title="bbox 2152 1064 3743 1138">
     <span class='ocr_line' id='line_1_50' title="bbox 2152 1064 3743 1138; baseline 0.001 -17"><span class='ocrx_word' id='word_1_389' title='bbox 2152 1064 2289 1121; x_wconf 91' lang='lat' dir='ltr'><strong>rium</strong></span> <span class='ocrx_word' id='word_1_390' title='bbox 2325 1064 2644 1138; x_wconf 74' lang='lat' dir='ltr'><strong>Nyssenum,</strong></span> <span class='ocrx_word' id='word_1_391' title='bbox 2675 1068 2917 1121; x_wconf 89' lang='lat' dir='ltr'><strong>oratione</strong></span> <span class='ocrx_word' id='word_1_392' title='bbox 2946 1067 3293 1131; x_wconf 86' lang='lat' dir='ltr'><strong>catechetica,</strong></span> <span class='ocrx_word' id='word_1_393' title='bbox 3323 1082 3439 1134; x_wconf 89' lang='lat' dir='ltr'><strong>cap.</strong></span> <span class='ocrx_word' id='word_1_394' title='bbox 3473 1068 3540 1121; x_wconf 77' lang='grc'><strong>55</strong></span> <span class='ocrx_word' id='word_1_395' title='bbox 3565 1084 3577 1119; x_wconf 89' lang='lat'><strong>:</strong></span> <span class='ocrx_word' id='word_1_396' title='bbox 3604 1064 3743 1138; x_wconf 65' lang='grc' dir='ltr'><strong>ἰιίδὲ</strong></span> 
     </span>
    </p>
   </div>
   <div class='ocr_carea' id='block_1_51' title="bbox 2150 1137 3742 1217">
    <p class='ocr_par' dir='ltr' id='par_1_51' title="bbox 2150 1137 3742 1217">
     <span class='ocr_line' id='line_1_51' title="bbox 2150 1137 3742 1217; baseline 0.001 -25"><span class='ocrx_word' id='word_1_397' title='bbox 2150 1140 2224 1200; x_wconf 80' lang='grc' dir='ltr'><strong>εἰς</strong></span> <span class='ocrx_word' id='word_1_398' title='bbox 2252 1137 2389 1217; x_wconf 73' lang='grc' dir='ltr'><strong>ὕδωρ</strong></span> <span class='ocrx_word' id='word_1_399' title='bbox 2416 1138 2622 1199; x_wconf 76' lang='grc' dir='ltr'><strong>κάθοδος</strong></span> <span class='ocrx_word' id='word_1_400' title='bbox 2647 1180 2659 1197; x_wconf 84' lang='lat'><strong>.</strong></span> <span class='ocrx_word' id='word_1_401' title='bbox 2687 1141 2768 1192; x_wconf 75' lang='grc' dir='ltr'><strong>καὶ</strong></span> <span class='ocrx_word' id='word_1_402' title='bbox 2795 1139 2850 1193; x_wconf 87' lang='grc' dir='ltr'><strong>τὸ</strong></span> <span class='ocrx_word' id='word_1_403' title='bbox 2875 1142 2986 1215; x_wconf 79' lang='grc' dir='ltr'><strong>τρὶς</strong></span> <span class='ocrx_word' id='word_1_404' title='bbox 3021 1140 3245 1217; x_wconf 44' lang='grc' dir='ltr'><strong>ἐν.ᾳύτῷ</strong></span> <span class='ocrx_word' id='word_1_405' title='bbox 3279 1141 3511 1217; x_wconf 60' lang='grc' dir='ltr'><strong>’γενέσθαι</strong></span> <span class='ocrx_word' id='word_1_406' title='bbox 3539 1140 3625 1194; x_wconf 77' lang='grc' dir='ltr'><strong>τὸν</strong></span> <span class='ocrx_word' id='word_1_407' title='bbox 3652 1137 3742 1194; x_wconf 56' lang='grc' dir='ltr'><strong>ἄνη</strong></span> 
     </span>
    </p>
   </div>
   <div class='ocr_carea' id='block_1_52' title="bbox 2151 1208 3743 1288">
    <p class='ocr_par' dir='ltr' id='par_1_52' title="bbox 2151 1208 3743 1288">
     <span class='ocr_line' id='line_1_52' title="bbox 2151 1208 3743 1288; baseline -0.001 -22"><span class='ocrx_word' id='word_1_408' title='bbox 2151 1208 2993 1288; x_wconf 62' lang='grc' dir='ltr'><strong>βρωπον’ὲμπεριέχειμυστῄριον</strong></span> <span class='ocrx_word' id='word_1_409' title='bbox 3018 1251 3033 1276; x_wconf 87' lang='grc'><em>,</em></span> <span class='ocrx_word' id='word_1_410' title='bbox 3079 1208 3129 1288; x_wconf 64' lang='lat' dir='ltr'><strong>id</strong></span> <span class='ocrx_word' id='word_1_411' title='bbox 3152 1218 3261 1288; x_wconf 79' lang='lat' dir='ltr'><strong>est,</strong></span> <span class='ocrx_word' id='word_1_412' title='bbox 3287 1208 3580 1288; x_wconf 64' lang='lat' dir='ltr'><strong>descensus</strong></span> <span class='ocrx_word' id='word_1_413' title='bbox 3608 1226 3743 1288; x_wconf 81' lang='lat' dir='ltr'><strong>vero</strong></span> 
     </span>
    </p>
   </div>
   <div class='ocr_carea' id='block_1_53' title="bbox 2153 1280 3745 1351">
    <p class='ocr_par' dir='ltr' id='par_1_53' title="bbox 2153 1280 3745 1351">
     <span class='ocr_line' id='line_1_53' title="bbox 2153 1280 3745 1351; baseline -0.003 -14"><span class='ocrx_word' id='word_1_414' title='bbox 2153 1280 2209 1337; x_wconf 88' lang='lat' dir='ltr'><strong>iii</strong></span> <span class='ocrx_word' id='word_1_415' title='bbox 2240 1280 2454 1351; x_wconf 87' lang='lat' dir='ltr'><strong>aquam,</strong></span> <span class='ocrx_word' id='word_1_416' title='bbox 2488 1280 2537 1333; x_wconf 82' lang='lat' dir='ltr'><strong>ei</strong></span> <span class='ocrx_word' id='word_1_417' title='bbox 2572 1280 2717 1349; x_wconf 82' lang='lat' dir='ltr'><strong>quod</strong></span> <span class='ocrx_word' id='word_1_418' title='bbox 2740 1292 2819 1334; x_wconf 90' lang='lat' dir='ltr'><strong>ter</strong></span> <span class='ocrx_word' id='word_1_419' title='bbox 2846 1280 2897 1334; x_wconf 90' lang='lat' dir='ltr'><strong>iii</strong></span> <span class='ocrx_word' id='word_1_420' title='bbox 2921 1296 3037 1335; x_wconf 83' lang='lat' dir='ltr'><strong>eam</strong></span> <span class='ocrx_word' id='word_1_421' title='bbox 3061 1282 3128 1333; x_wconf 90' lang='lat' dir='ltr'><strong>sit</strong></span> <span class='ocrx_word' id='word_1_422' title='bbox 3152 1281 3312 1335; x_wconf 93' lang='lat' dir='ltr'><strong>homo</strong></span> <span class='ocrx_word' id='word_1_423' title='bbox 3335 1281 3617 1344; x_wconf 79' lang='lat' dir='ltr'><strong>demissus,</strong></span> <span class='ocrx_word' id='word_1_424' title='bbox 3648 1283 3711 1333; x_wconf 81' lang='lat' dir='ltr'><strong>lia</strong></span> <span class='ocrx_word' id='word_1_425' title='bbox 3743 1314 3745 1321; x_wconf 61' lang='grc' dir='ltr'><strong>ς</strong></span> 
     </span>
    </p>
   </div>
   <div class='ocr_carea' id='block_1_54' title="bbox 2152 1352 3743 1424">
    <p class='ocr_par' dir='ltr' id='par_1_54' title="bbox 2152 1352 3743 1424">
     <span class='ocr_line' id='line_1_54' title="bbox 2152 1352 3743 1424; baseline -0.001 -16"><span class='ocrx_word' id='word_1_426' title='bbox 2152 1354 2244 1408; x_wconf 88' lang='lat' dir='ltr'><strong>bet</strong></span> <span class='ocrx_word' id='word_1_427' title='bbox 2293 1353 2623 1424; x_wconf 80' lang='lat' dir='ltr'><strong>mysterium.</strong></span> <span class='ocrx_word' id='word_1_428' title='bbox 2652 1362 2902 1424; x_wconf 85' lang='lat' dir='ltr'><strong>sanctum</strong></span> <span class='ocrx_word' id='word_1_429' title='bbox 2945 1352 3193 1424; x_wconf 85' lang='lat' dir='ltr'><strong>Basilium</strong></span> <span class='ocrx_word' id='word_1_430' title='bbox 3220 1394 3232 1413; x_wconf 87' lang='lat'><strong>.</strong></span> <span class='ocrx_word' id='word_1_431' title='bbox 3283 1353 3374 1424; x_wconf 86' lang='lat' dir='ltr'><strong>lib.</strong></span> <span class='ocrx_word' id='word_1_432' title='bbox 3426 1354 3493 1406; x_wconf 83' lang='lat' dir='ltr'><strong>de</strong></span> <span class='ocrx_word' id='word_1_433' title='bbox 3537 1352 3743 1421; x_wconf 86' lang='lat' dir='ltr'><strong>Spiritu</strong></span> 
     </span>
    </p>
   </div>
   <div class='ocr_carea' id='block_1_55' title="bbox 2155 1422 3744 1493">
    <p class='ocr_par' dir='ltr' id='par_1_55' title="bbox 2155 1422 3744 1493">
     <span class='ocr_line' id='line_1_55' title="bbox 2155 1422 3744 1493; baseline -0.001 -14"><span class='ocrx_word' id='word_1_434' title='bbox 2155 1422 2383 1489; x_wconf 56' lang='lat' dir='ltr'><strong>sancto&#39;,</strong></span> <span class='ocrx_word' id='word_1_435' title='bbox 2414 1424 2478 1476; x_wconf 89' lang='lat' dir='ltr'><strong>ad</strong></span> <span class='ocrx_word' id='word_1_436' title='bbox 2508 1422 2935 1493; x_wconf 84' lang='lat' dir='ltr'><strong>Amphilochium</strong></span> <span class='ocrx_word' id='word_1_437' title='bbox 2963 1466 2978 1490; x_wconf 90' lang='lat'><strong>,</strong></span> <span class='ocrx_word' id='word_1_438' title='bbox 3005 1438 3124 1492; x_wconf 87' lang='lat' dir='ltr'><strong>cap.</strong></span> <span class='ocrx_word' id='word_1_439' title='bbox 3156 1423 3251 1486; x_wconf 74' lang='lat'><strong>27,</strong></span> <span class='ocrx_word' id='word_1_440' title='bbox 3280 1423 3368 1492; x_wconf 89' lang='lat' dir='ltr'><strong>qui</strong></span> <span class='ocrx_word' id='word_1_441' title='bbox 3399 1424 3540 1478; x_wconf 89' lang='lat' dir='ltr'><strong>hunc</strong></span> <span class='ocrx_word' id='word_1_442' title='bbox 3577 1426 3744 1483; x_wconf 82' lang='lat' dir='ltr'><strong>ritum</strong></span> 
     </span>
    </p>
   </div>
   <div class='ocr_carea' id='block_1_56' title="bbox 2156 1494 3742 1567">
    <p class='ocr_par' dir='ltr' id='par_1_56' title="bbox 2156 1494 3742 1567">
     <span class='ocr_line' id='line_1_56' title="bbox 2156 1494 3742 1567; baseline 0 -18"><span class='ocrx_word' id='word_1_443' title='bbox 2156 1496 2295 1549; x_wconf 88' lang='lat' dir='ltr'><strong>inter</strong></span> <span class='ocrx_word' id='word_1_444' title='bbox 2326 1494 2638 1567; x_wconf 82' lang='lat' dir='ltr'><strong>traditiones</strong></span> <span class='ocrx_word' id='word_1_445' title='bbox 2663 1495 2982 1563; x_wconf 89' lang='lat' dir='ltr'><strong>apostolicas</strong></span> <span class='ocrx_word' id='word_1_446' title='bbox 3009 1504 3291 1567; x_wconf 84' lang='lat' dir='ltr'><strong>recenset:</strong></span> <span class='ocrx_word' id='word_1_447' title='bbox 3320 1499 3387 1552; x_wconf 85' lang='grc' dir='ltr'><strong>Τὸ</strong></span> <span class='ocrx_word' id='word_1_448' title='bbox 3416 1494 3468 1550; x_wconf 70' lang='grc' dir='ltr'><strong>δὲ</strong></span> <span class='ocrx_word' id='word_1_449' title='bbox 3494 1500 3605 1567; x_wconf 76' lang='grc' dir='ltr'><strong>τρὶς</strong></span> <span class='ocrx_word' id='word_1_450' title='bbox 3637 1496 3742 1567; x_wconf 67' lang='grc' dir='ltr'><strong>βατ</strong></span> 
     </span>
    </p>
   </div>
   <div class='ocr_carea' id='block_1_57' title="bbox 2153 1564 3742 1641">
    <p class='ocr_par' dir='ltr' id='par_1_57' title="bbox 2153 1564 3742 1641">
     <span class='ocr_line' id='line_1_57' title="bbox 2153 1564 3742 1641; baseline -0.002 -20"><span class='ocrx_word' id='word_1_451' title='bbox 2153 1569 2420 1641; x_wconf 66' lang='grc' dir='ltr'><strong>πτὶζεσοαι</strong></span> <span class='ocrx_word' id='word_1_452' title='bbox 2445 1567 2530 1621; x_wconf 82' lang='grc' dir='ltr'><strong>τὸν</strong></span> <span class='ocrx_word' id='word_1_453' title='bbox 2556 1564 2821 1641; x_wconf 65' lang='grc' dir='ltr'><strong>ἄνβρωπον</strong></span> <span class='ocrx_word' id='word_1_454' title='bbox 2843 1568 3017 1641; x_wconf 54' lang='lat' dir='ltr'><strong>creasti:</strong></span> <span class='ocrx_word' id='word_1_455' title='bbox 3049 1566 3101 1619; x_wconf 86' lang='lat' dir='ltr'><strong>id</strong></span> <span class='ocrx_word' id='word_1_456' title='bbox 3127 1577 3227 1641; x_wconf 82' lang='lat' dir='ltr'><strong>est,</strong></span> <span class='ocrx_word' id='word_1_457' title='bbox 3250 1566 3358 1633; x_wconf 85' lang='lat' dir='ltr'><strong>jam</strong></span> <span class='ocrx_word' id='word_1_458' title='bbox 3389 1576 3470 1621; x_wconf 89' lang='lat' dir='ltr'><strong>ter</strong></span> <span class='ocrx_word' id='word_1_459' title='bbox 3490 1564 3742 1641; x_wconf 62' lang='lat' dir='ltr'><strong>immersi</strong></span> 
     </span>
    </p>
   </div>
   <div class='ocr_carea' id='block_1_58' title="bbox 2154 1636 3734 1705">
    <p class='ocr_par' dir='ltr' id='par_1_58' title="bbox 2154 1636 3734 1705">
     <span class='ocr_line' id='line_1_58' title="bbox 2154 1636 3734 1705; baseline -0.001 -14"><span class='ocrx_word' id='word_1_460' title='bbox 2154 1639 2426 1692; x_wconf 82' lang='lat' dir='ltr'><strong>hominem</strong></span> <span class='ocrx_word' id='word_1_461' title='bbox 2461 1636 2722 1691; x_wconf 74' lang='lat' dir='ltr'><strong>undei&#39;et</strong></span> <span class='ocrx_word' id='word_1_462' title='bbox 2750 1638 2886 1701; x_wconf 88' lang='lat' dir='ltr'><strong>apud</strong></span> <span class='ocrx_word' id='word_1_463' title='bbox 2911 1648 3149 1692; x_wconf 89' lang='lat' dir='ltr'><strong>sanctum</strong></span> <span class='ocrx_word' id='word_1_464' title='bbox 3184 1639 3416 1693; x_wconf 86' lang='lat' dir='ltr'><strong>Leonem</strong></span> <span class='ocrx_word' id='word_1_465' title='bbox 3445 1680 3459 1700; x_wconf 87' lang='lat'><strong>,</strong></span> <span class='ocrx_word' id='word_1_466' title='bbox 3485 1639 3647 1705; x_wconf 88' lang='lat' dir='ltr'><strong>epist.</strong></span> <span class='ocrx_word' id='word_1_467' title='bbox 3676 1636 3734 1701; x_wconf 74' lang='grc'><strong>4,</strong></span> 
     </span>
    </p>
   </div>
   <div class='ocr_carea' id='block_1_59' title="bbox 2153 1708 3742 1780">
    <p class='ocr_par' dir='ltr' id='par_1_59' title="bbox 2153 1708 3742 1780">
     <span class='ocr_line' id='line_1_59' title="bbox 2153 1708 3742 1780; baseline -0.001 -19"><span class='ocrx_word' id='word_1_468' title='bbox 2153 1709 2393 1777; x_wconf 89' lang='lat' dir='ltr'><strong>quicum</strong></span> <span class='ocrx_word' id='word_1_469' title='bbox 2420 1711 2620 1764; x_wconf 88' lang='lat' dir='ltr'><strong>sanctis</strong></span> <span class='ocrx_word' id='word_1_470' title='bbox 2660 1708 2862 1780; x_wconf 87' lang='lat' dir='ltr'><strong>Cyrillo</strong></span> <span class='ocrx_word' id='word_1_471' title='bbox 2907 1717 2963 1763; x_wconf 90' lang='lat' dir='ltr'><strong>et</strong></span> <span class='ocrx_word' id='word_1_472' title='bbox 2992 1709 3249 1777; x_wconf 87' lang='lat' dir='ltr'><strong>Gregorio</strong></span> <span class='ocrx_word' id='word_1_473' title='bbox 3286 1709 3525 1779; x_wconf 81' lang='lat' dir='ltr'><strong>Nysseno</strong></span> <span class='ocrx_word' id='word_1_474' title='bbox 3576 1723 3742 1778; x_wconf 78' lang='lat' dir='ltr'><strong>supra</strong></span> 
     </span>
    </p>
   </div>
   <div class='ocr_carea' id='block_1_60' title="bbox 2153 1779 3745 1845">
    <p class='ocr_par' dir='ltr' id='par_1_60' title="bbox 2153 1779 3745 1845">
     <span class='ocr_line' id='line_1_60' title="bbox 2153 1779 3745 1845; baseline 0.001 -12"><span class='ocrx_word' id='word_1_475' title='bbox 2153 1781 2329 1834; x_wconf 88' lang='lat' dir='ltr'><strong>citatis</strong></span> <span class='ocrx_word' id='word_1_476' title='bbox 2377 1781 2561 1834; x_wconf 89' lang='lat' dir='ltr'><strong>scribit</strong></span> <span class='ocrx_word' id='word_1_477' title='bbox 2614 1779 2717 1835; x_wconf 81' lang='lat' dir='ltr'><strong>hac</strong></span> <span class='ocrx_word' id='word_1_478' title='bbox 2755 1779 2998 1834; x_wconf 88' lang='lat' dir='ltr'><strong>triduana</strong></span> <span class='ocrx_word' id='word_1_479' title='bbox 3040 1780 3383 1835; x_wconf 87' lang='lat' dir='ltr'><strong>immersione</strong></span> <span class='ocrx_word' id='word_1_480' title='bbox 3410 1790 3466 1834; x_wconf 86' lang='lat' dir='ltr'><strong>et</strong></span> <span class='ocrx_word' id='word_1_481' title='bbox 3493 1780 3559 1833; x_wconf 91' lang='lat' dir='ltr'><strong>ab</strong></span> <span class='ocrx_word' id='word_1_482' title='bbox 3588 1782 3745 1845; x_wconf 80' lang='lat' dir='ltr'><strong>aquis</strong></span> 
     </span>
    </p>
   </div>
   <div class='ocr_carea' id='block_1_61' title="bbox 2156 1849 3739 1923">
    <p class='ocr_par' dir='ltr' id='par_1_61' title="bbox 2156 1849 3739 1923">
     <span class='ocr_line' id='line_1_61' title="bbox 2156 1849 3739 1923; baseline -0.001 -18"><span class='ocrx_word' id='word_1_483' title='bbox 2156 1850 2452 1906; x_wconf 88' lang='lat' dir='ltr'><strong>elevatione</strong></span> <span class='ocrx_word' id='word_1_484' title='bbox 2476 1851 2772 1923; x_wconf 78' lang='lat' dir='ltr'><strong>signiﬁcari</strong></span> <span class='ocrx_word' id='word_1_485' title='bbox 2805 1850 3107 1905; x_wconf 88' lang='lat' dir='ltr'><strong>triduanam</strong></span> <span class='ocrx_word' id='word_1_486' title='bbox 3133 1849 3330 1907; x_wconf 85' lang='lat' dir='ltr'><strong>Christi</strong></span> <span class='ocrx_word' id='word_1_487' title='bbox 3365 1852 3694 1923; x_wconf 79' lang='lat' dir='ltr'><strong>sepulturam</strong></span> <span class='ocrx_word' id='word_1_488' title='bbox 3720 1892 3739 1917; x_wconf 90' lang='lat'><strong>,</strong></span> 
     </span>
    </p>
   </div>
   <div class='ocr_carea' id='block_1_62' title="bbox 2154 1921 3743 1991">
    <p class='ocr_par' dir='ltr' id='par_1_62' title="bbox 2154 1921 3743 1991">
     <span class='ocr_line' id='line_1_62' title="bbox 2154 1921 3743 1991; baseline 0.001 -15"><span class='ocrx_word' id='word_1_489' title='bbox 2154 1932 2210 1976; x_wconf 88' lang='lat' dir='ltr'><strong>et</strong></span> <span class='ocrx_word' id='word_1_490' title='bbox 2240 1929 2360 1991; x_wconf 90' lang='lat' dir='ltr'><strong>post</strong></span> <span class='ocrx_word' id='word_1_491' title='bbox 2387 1921 2620 1976; x_wconf 86' lang='lat' dir='ltr'><strong>triduum</strong></span> <span class='ocrx_word' id='word_1_492' title='bbox 2646 1924 3115 1977; x_wconf 88' lang='lat' dir='ltr'><strong>resurrectionem.</strong></span> <span class='ocrx_word' id='word_1_493' title='bbox 3149 1922 3265 1976; x_wconf 82' lang='lat' dir='ltr'><strong>Alia</strong></span> <span class='ocrx_word' id='word_1_494' title='bbox 3291 1931 3375 1978; x_wconf 89' lang='lat' dir='ltr'><strong>est</strong></span> <span class='ocrx_word' id='word_1_495' title='bbox 3394 1923 3552 1977; x_wconf 84' lang='lat' dir='ltr'><strong>etiam</strong></span> <span class='ocrx_word' id='word_1_496' title='bbox 3579 1921 3743 1990; x_wconf 79' lang='lat' dir='ltr'><strong>hujus</strong></span> 
     </span>
    </p>
   </div>
   <div class='ocr_carea' id='block_1_63' title="bbox 2152 1992 3733 2062">
    <p class='ocr_par' dir='ltr' id='par_1_63' title="bbox 2152 1992 3733 2062">
     <span class='ocr_line' id='line_1_63' title="bbox 2152 1992 3733 2062; baseline -0.002 -16"><span class='ocrx_word' id='word_1_497' title='bbox 2152 1992 2286 2047; x_wconf 83' lang='lat' dir='ltr'><strong>ritus</strong></span> <span class='ocrx_word' id='word_1_498' title='bbox 2317 1992 2452 2046; x_wconf 88' lang='lat' dir='ltr'><strong>ratio</strong></span> <span class='ocrx_word' id='word_1_499' title='bbox 2477 2034 2491 2057; x_wconf 94' lang='lat'><strong>,</strong></span> <span class='ocrx_word' id='word_1_500' title='bbox 2522 2008 2714 2061; x_wconf 88' lang='lat' dir='ltr'><strong>nempe</strong></span> <span class='ocrx_word' id='word_1_501' title='bbox 2743 1993 3018 2047; x_wconf 87' lang='lat' dir='ltr'><strong>Trinitatis</strong></span> <span class='ocrx_word' id='word_1_502' title='bbox 3048 2009 3393 2062; x_wconf 90' lang='lat' dir='ltr'><strong>personarum</strong></span> <span class='ocrx_word' id='word_1_503' title='bbox 3429 1994 3683 2046; x_wconf 83' lang='lat' dir='ltr'><strong>memoria</strong></span> <span class='ocrx_word' id='word_1_504' title='bbox 3712 2030 3733 2058; x_wconf 87' lang='lat'><strong>,</strong></span> 
     </span>
    </p>
   </div>
   <div class='ocr_carea' id='block_1_64' title="bbox 2154 2062 3742 2132">
    <p class='ocr_par' dir='ltr' id='par_1_64' title="bbox 2154 2062 3742 2132">
     <span class='ocr_line' id='line_1_64' title="bbox 2154 2062 3742 2132; baseline 0.001 -15"><span class='ocrx_word' id='word_1_505' title='bbox 2154 2074 2214 2117; x_wconf 92' lang='lat' dir='ltr'><strong>ut</strong></span> <span class='ocrx_word' id='word_1_506' title='bbox 2242 2065 2353 2117; x_wconf 87' lang='lat' dir='ltr'><strong>vult</strong></span> <span class='ocrx_word' id='word_1_507' title='bbox 2381 2073 2597 2118; x_wconf 87' lang='lat' dir='ltr'><strong>sanctus</strong></span> <span class='ocrx_word' id='word_1_508' title='bbox 2617 2065 2913 2132; x_wconf 82' lang='lat' dir='ltr'><strong>Gregorius</strong></span> <span class='ocrx_word' id='word_1_509' title='bbox 2938 2079 3089 2132; x_wconf 89' lang='lat' dir='ltr'><strong>papa,</strong></span> <span class='ocrx_word' id='word_1_510' title='bbox 3118 2066 3277 2132; x_wconf 89' lang='lat' dir='ltr'><strong>epist.</strong></span> <span class='ocrx_word' id='word_1_511' title='bbox 3306 2065 3367 2119; x_wconf 75' lang='lat' dir='ltr'><strong>H</strong></span> <span class='ocrx_word' id='word_1_512' title='bbox 3406 2062 3432 2102; x_wconf 69' lang='grc' dir='ltr'>δ</span> <span class='ocrx_word' id='word_1_513' title='bbox 3460 2064 3551 2118; x_wconf 90' lang='lat' dir='ltr'><strong>lib.</strong></span> <span class='ocrx_word' id='word_1_514' title='bbox 3582 2079 3597 2117; x_wconf 83' lang='grc' dir='ltr'>ι</span> <span class='ocrx_word' id='word_1_515' title='bbox 3630 2064 3742 2119; x_wconf 82' lang='lat' dir='ltr'><strong>Re-</strong></span> 
     </span>
    </p>
   </div>
   <div class='ocr_carea' id='block_1_65' title="bbox 2153 2132 3741 2205">
    <p class='ocr_par' dir='ltr' id='par_1_65' title="bbox 2153 2132 3741 2205">
     <span class='ocr_line' id='line_1_65' title="bbox 2153 2132 3741 2205; baseline 0.001 -17"><span class='ocrx_word' id='word_1_516' title='bbox 2153 2136 2310 2204; x_wconf 88' lang='lat' dir='ltr'><strong>gesti.</strong></span> <span class='ocrx_word' id='word_1_517' title='bbox 2334 2132 2483 2189; x_wconf 90' lang='lat' dir='ltr'><strong>Unde</strong></span> <span class='ocrx_word' id='word_1_518' title='bbox 2499 2134 2846 2201; x_wconf 86' lang='lat' dir='ltr'><strong>Eunoniium,</strong></span> <span class='ocrx_word' id='word_1_519' title='bbox 2870 2137 3009 2205; x_wconf 91' lang='lat' dir='ltr'><strong>quod</strong></span> <span class='ocrx_word' id='word_1_520' title='bbox 3032 2146 3269 2189; x_wconf 84' lang='lat' dir='ltr'><strong>sanctam</strong></span> <span class='ocrx_word' id='word_1_521' title='bbox 3292 2135 3606 2190; x_wconf 83' lang='lat' dir='ltr'><strong>Trinitatem</strong></span> <span class='ocrx_word' id='word_1_522' title='bbox 3633 2150 3741 2195; x_wconf 86' lang='lat' dir='ltr'><strong>non</strong></span> 
     </span>
    </p>
   </div>
   <div class='ocr_carea' id='block_1_66' title="bbox 2152 2206 3627 2271">
    <p class='ocr_par' dir='ltr' id='par_1_66' title="bbox 2152 2206 3627 2271">
     <span class='ocr_line' id='line_1_66' title="bbox 2152 2206 3627 2271; baseline -0.001 -10"><span class='ocrx_word' id='word_1_523' title='bbox 2152 2208 2419 2271; x_wconf 88' lang='lat' dir='ltr'><strong>crederet,</strong></span> <span class='ocrx_word' id='word_1_524' title='bbox 2450 2208 2661 2262; x_wconf 86' lang='lat' dir='ltr'><strong>unicam</strong></span> <span class='ocrx_word' id='word_1_525' title='bbox 2696 2207 3095 2261; x_wconf 87' lang='lat' dir='ltr'><strong>iinmersionem</strong></span> <span class='ocrx_word' id='word_1_526' title='bbox 3127 2206 3395 2261; x_wconf 75' lang='lat' dir='ltr'><strong>invexisse</strong></span> <span class='ocrx_word' id='word_1_527' title='bbox 3425 2207 3627 2261; x_wconf 78' lang='lat' dir='ltr'><strong>lerunt.</strong></span> 
     </span>
    </p>
   </div>
   <div class='ocr_carea' id='block_1_67' title="bbox 2182 2277 3741 2348">
    <p class='ocr_par' dir='ltr' id='par_1_67' title="bbox 2182 2277 3741 2348">
     <span class='ocr_line' id='line_1_67' title="bbox 2182 2277 3741 2348; baseline 0.002 -18"><span class='ocrx_word' id='word_1_528' title='bbox 2182 2314 2198 2330; x_wconf 94' lang='lat'><strong>.</strong></span> <span class='ocrx_word' id='word_1_529' title='bbox 2226 2279 2357 2332; x_wconf 81' lang='lat' dir='ltr'><strong>Aliis</strong></span> <span class='ocrx_word' id='word_1_530' title='bbox 2385 2286 2562 2331; x_wconf 88' lang='lat' dir='ltr'><strong>tamen</strong></span> <span class='ocrx_word' id='word_1_531' title='bbox 2589 2279 2763 2348; x_wconf 89' lang='lat' dir='ltr'><strong>placet</strong></span> <span class='ocrx_word' id='word_1_532' title='bbox 2794 2278 2963 2333; x_wconf 78' lang='lat' dir='ltr'><strong>unica:</strong></span> <span class='ocrx_word' id='word_1_533' title='bbox 2991 2277 3149 2347; x_wconf 91' lang='lat' dir='ltr'><strong>hujus</strong></span> <span class='ocrx_word' id='word_1_534' title='bbox 3178 2278 3461 2332; x_wconf 91' lang='lat' dir='ltr'><strong>mersionis</strong></span> <span class='ocrx_word' id='word_1_535' title='bbox 3489 2288 3741 2333; x_wconf 86' lang='lat' dir='ltr'><strong>auctores</strong></span> 
     </span>
    </p>
   </div>
   <div class='ocr_carea' id='block_1_68' title="bbox 2154 2348 3737 2420">
    <p class='ocr_par' dir='ltr' id='par_1_68' title="bbox 2154 2348 3737 2420">
     <span class='ocr_line' id='line_1_68' title="bbox 2154 2348 3737 2420; baseline 0.002 -21"><span class='ocrx_word' id='word_1_536' title='bbox 2154 2348 2317 2403; x_wconf 82' lang='lat' dir='ltr'><strong>fuisse</strong></span> <span class='ocrx_word' id='word_1_537' title='bbox 2378 2348 2816 2415; x_wconf 78' lang='lat' dir='ltr'><strong>&#39;l&#39;lieophronium</strong></span> <span class='ocrx_word' id='word_1_538' title='bbox 2880 2349 3246 2417; x_wconf 88' lang='lat' dir='ltr'><strong>Cappadocem</strong></span> <span class='ocrx_word' id='word_1_539' title='bbox 3304 2359 3357 2403; x_wconf 90' lang='lat' dir='ltr'><strong>et</strong></span> <span class='ocrx_word' id='word_1_540' title='bbox 3417 2349 3737 2420; x_wconf 73' lang='lat' dir='ltr'><strong>Eutycliiuin</strong></span> 
     </span>
    </p>
   </div>
   <div class='ocr_carea' id='block_1_69' title="bbox 2155 2420 3741 2489">
    <p class='ocr_par' dir='ltr' id='par_1_69' title="bbox 2155 2420 3741 2489">
     <span class='ocr_line' id='line_1_69' title="bbox 2155 2420 3741 2489; baseline 0.001 -18"><span class='ocrx_word' id='word_1_541' title='bbox 2155 2422 2304 2488; x_wconf 86' lang='lat' dir='ltr'><strong>prius</strong></span> <span class='ocrx_word' id='word_1_542' title='bbox 2336 2420 2578 2474; x_wconf 89' lang='lat' dir='ltr'><strong>Eunomii</strong></span> <span class='ocrx_word' id='word_1_543' title='bbox 2607 2431 2900 2475; x_wconf 89' lang='lat' dir='ltr'><strong>sectatores</strong></span> <span class='ocrx_word' id='word_1_544' title='bbox 2926 2461 2940 2485; x_wconf 94' lang='lat'><strong>,</strong></span> <span class='ocrx_word' id='word_1_545' title='bbox 2976 2430 3031 2474; x_wconf 93' lang='lat' dir='ltr'><strong>ut</strong></span> <span class='ocrx_word' id='word_1_546' title='bbox 3072 2422 3250 2475; x_wconf 86' lang='lat' dir='ltr'><strong>videre</strong></span> <span class='ocrx_word' id='word_1_547' title='bbox 3287 2430 3370 2474; x_wconf 88' lang='lat' dir='ltr'><strong>est</strong></span> <span class='ocrx_word' id='word_1_548' title='bbox 3402 2426 3536 2489; x_wconf 82' lang='lat' dir='ltr'><strong>apud</strong></span> <span class='ocrx_word' id='word_1_549' title='bbox 3571 2421 3741 2474; x_wconf 72' lang='lat' dir='ltr'><strong>Sozo~</strong></span> 
     </span>
    </p>
   </div>
   <div class='ocr_carea' id='block_1_70' title="bbox 2155 2490 3738 2560">
    <p class='ocr_par' dir='ltr' id='par_1_70' title="bbox 2155 2490 3738 2560">
     <span class='ocr_line' id='line_1_70' title="bbox 2155 2490 3738 2560; baseline 0.001 -17"><span class='ocrx_word' id='word_1_550' title='bbox 2155 2506 2389 2554; x_wconf 86' lang='lat' dir='ltr'><strong>menum,</strong></span> <span class='ocrx_word' id='word_1_551' title='bbox 2424 2491 2513 2544; x_wconf 88' lang='lat' dir='ltr'><strong>lib.</strong></span> <span class='ocrx_word' id='word_1_552' title='bbox 2545 2508 2597 2546; x_wconf 79' lang='lat' dir='ltr'><strong>vr</strong></span> <span class='ocrx_word' id='word_1_553' title='bbox 2628 2492 2759 2546; x_wconf 89' lang='lat' dir='ltr'><strong>Hist.</strong></span> <span class='ocrx_word' id='word_1_554' title='bbox 2792 2492 3010 2555; x_wconf 86' lang='lat' dir='ltr'><strong>eccles.,</strong></span> <span class='ocrx_word' id='word_1_555' title='bbox 3041 2505 3160 2560; x_wconf 90' lang='lat' dir='ltr'><strong>cap.</strong></span> <span class='ocrx_word' id='word_1_556' title='bbox 3197 2490 3288 2545; x_wconf 76' lang='grc'><strong>26.</strong></span> <span class='ocrx_word' id='word_1_557' title='bbox 3322 2492 3387 2546; x_wconf 78' lang='lat' dir='ltr'><strong>Et</strong></span> <span class='ocrx_word' id='word_1_558' title='bbox 3445 2492 3738 2545; x_wconf 88' lang='lat' dir='ltr'><strong>Eunomia-</strong></span> 
     </span>
    </p>
   </div>
   <div class='ocr_carea' id='block_1_71' title="bbox 2154 2562 3739 2631">
    <p class='ocr_par' dir='ltr' id='par_1_71' title="bbox 2154 2562 3739 2631">
     <span class='ocr_line' id='line_1_71' title="bbox 2154 2562 3739 2631; baseline 0.001 -16"><span class='ocrx_word' id='word_1_559' title='bbox 2154 2576 2252 2615; x_wconf 89' lang='lat' dir='ltr'><strong>nos</strong></span> <span class='ocrx_word' id='word_1_560' title='bbox 2279 2562 2434 2615; x_wconf 90' lang='lat' dir='ltr'><strong>unica</strong></span> <span class='ocrx_word' id='word_1_561' title='bbox 2468 2565 2734 2617; x_wconf 88' lang='lat' dir='ltr'><strong>mersione</strong></span> <span class='ocrx_word' id='word_1_562' title='bbox 2764 2563 3056 2629; x_wconf 83' lang='lat' dir='ltr'><strong>baptizatos</strong></span> <span class='ocrx_word' id='word_1_563' title='bbox 3077 2563 3229 2631; x_wconf 89' lang='lat' dir='ltr'><strong>jubet</strong></span> <span class='ocrx_word' id='word_1_564' title='bbox 3253 2563 3441 2617; x_wconf 89' lang='lat' dir='ltr'><strong>iterum</strong></span> <span class='ocrx_word' id='word_1_565' title='bbox 3472 2562 3739 2629; x_wconf 86' lang='lat' dir='ltr'><strong>baptizari</strong></span> 
     </span>
    </p>
   </div>
   <div class='ocr_carea' id='block_1_72' title="bbox 2152 2631 3739 2703">
    <p class='ocr_par' dir='ltr' id='par_1_72' title="bbox 2152 2631 3739 2703">
     <span class='ocr_line' id='line_1_72' title="bbox 2152 2631 3739 2703; baseline 0.001 -18"><span class='ocrx_word' id='word_1_566' title='bbox 2152 2633 2347 2686; x_wconf 91' lang='lat' dir='ltr'><strong>concil.</strong></span> <span class='ocrx_word' id='word_1_567' title='bbox 2378 2631 3026 2703; x_wconf 86' lang='lat' dir='ltr'><strong>Constantinopolitanum</strong></span> <span class='ocrx_word' id='word_1_568' title='bbox 3078 2635 3309 2700; x_wconf 89' lang='lat' dir='ltr'><strong>primum</strong></span> <span class='ocrx_word' id='word_1_569' title='bbox 3329 2674 3342 2693; x_wconf 87' lang='lat'><strong>.</strong></span> <span class='ocrx_word' id='word_1_570' title='bbox 3374 2647 3496 2687; x_wconf 89' lang='lat' dir='ltr'><strong>can.</strong></span> <span class='ocrx_word' id='word_1_571' title='bbox 3527 2634 3583 2695; x_wconf 80' lang='grc' dir='ltr'><strong>Ἰ.</strong></span> <span class='ocrx_word' id='word_1_572' title='bbox 3615 2636 3739 2703; x_wconf 84' lang='lat' dir='ltr'><strong>quia</strong></span> 
     </span>
    </p>
   </div>
   <div class='ocr_carea' id='block_1_73' title="bbox 2154 2703 3741 2775">
    <p class='ocr_par' dir='ltr' id='par_1_73' title="bbox 2154 2703 3741 2775">
     <span class='ocr_line' id='line_1_73' title="bbox 2154 2703 3741 2775; baseline 0.005 -20"><span class='ocrx_word' id='word_1_573' title='bbox 2154 2703 2286 2757; x_wconf 81' lang='lat' dir='ltr'><strong>falsa</strong></span> <span class='ocrx_word' id='word_1_574' title='bbox 2313 2703 2560 2772; x_wconf 86' lang='lat' dir='ltr'><strong>baptismi</strong></span> <span class='ocrx_word' id='word_1_575' title='bbox 2587 2705 2754 2760; x_wconf 74' lang='lat' dir='ltr'><strong>forma</strong></span> <span class='ocrx_word' id='word_1_576' title='bbox 2779 2708 3082 2770; x_wconf 87' lang='lat' dir='ltr'><strong>utebantur,</strong></span> <span class='ocrx_word' id='word_1_577' title='bbox 3112 2720 3271 2775; x_wconf 88' lang='lat' dir='ltr'><strong>quam</strong></span> <span class='ocrx_word' id='word_1_578' title='bbox 3295 2705 3474 2761; x_wconf 91' lang='lat' dir='ltr'><strong>videre</strong></span> <span class='ocrx_word' id='word_1_579' title='bbox 3495 2714 3578 2759; x_wconf 90' lang='lat' dir='ltr'><strong>est</strong></span> <span class='ocrx_word' id='word_1_580' title='bbox 3598 2704 3741 2773; x_wconf 84' lang='lat' dir='ltr'><strong>apud</strong></span> 
     </span>
    </p>
   </div>
   <div class='ocr_carea' id='block_1_74' title="bbox 2153 2775 3743 2845">
    <p class='ocr_par' dir='ltr' id='par_1_74' title="bbox 2153 2775 3743 2845">
     <span class='ocr_line' id='line_1_74' title="bbox 2153 2775 3743 2845; baseline 0.002 -18"><span class='ocrx_word' id='word_1_581' title='bbox 2153 2786 2392 2829; x_wconf 88' lang='lat' dir='ltr'><strong>sanctum</strong></span> <span class='ocrx_word' id='word_1_582' title='bbox 2424 2775 2801 2845; x_wconf 89' lang='lat' dir='ltr'><strong>Epiplianium,</strong></span> <span class='ocrx_word' id='word_1_583' title='bbox 2833 2777 2926 2831; x_wconf 91' lang='lat' dir='ltr'><strong>lib.</strong></span> <span class='ocrx_word' id='word_1_584' title='bbox 2953 2791 3032 2841; x_wconf 88' lang='lat' dir='ltr'><strong>iii,</strong></span> <span class='ocrx_word' id='word_1_585' title='bbox 3064 2775 3257 2831; x_wconf 75' lang='lat' dir='ltr'><strong>haeresi</strong></span> <span class='ocrx_word' id='word_1_586' title='bbox 3283 2777 3372 2830; x_wconf 81' lang='grc'><strong>56.</strong></span> <span class='ocrx_word' id='word_1_587' title='bbox 3400 2776 3573 2842; x_wconf 83' lang='lat' dir='ltr'><strong>Quare</strong></span> <span class='ocrx_word' id='word_1_588' title='bbox 3598 2791 3743 2844; x_wconf 66' lang='lat' dir='ltr'><strong>prer-</strong></span> 
     </span>
    </p>
   </div>
   <div class='ocr_carea' id='block_1_75' title="bbox 2153 2846 3741 2915">
    <p class='ocr_par' dir='ltr' id='par_1_75' title="bbox 2153 2846 3741 2915">
     <span class='ocr_line' id='line_1_75' title="bbox 2153 2846 3741 2915; baseline 0.002 -17"><span class='ocrx_word' id='word_1_589' title='bbox 2153 2846 2281 2900; x_wconf 88' lang='lat' dir='ltr'><strong>dicti</strong></span> <span class='ocrx_word' id='word_1_590' title='bbox 2312 2847 2524 2900; x_wconf 88' lang='lat' dir='ltr'><strong>concilii</strong></span> <span class='ocrx_word' id='word_1_591' title='bbox 2554 2849 2823 2902; x_wconf 90' lang='lat' dir='ltr'><strong>decretum</strong></span> <span class='ocrx_word' id='word_1_592' title='bbox 2869 2863 2971 2900; x_wconf 92' lang='lat' dir='ltr'><strong>non</strong></span> <span class='ocrx_word' id='word_1_593' title='bbox 3019 2848 3239 2902; x_wconf 83' lang='lat' dir='ltr'><strong>involvit</strong></span> <span class='ocrx_word' id='word_1_594' title='bbox 3266 2846 3570 2901; x_wconf 88' lang='lat' dir='ltr'><strong>Catholicos</strong></span> <span class='ocrx_word' id='word_1_595' title='bbox 3592 2890 3608 2915; x_wconf 94' lang='lat'><strong>,</strong></span> <span class='ocrx_word' id='word_1_596' title='bbox 3650 2846 3741 2915; x_wconf 88' lang='lat' dir='ltr'><strong>qui</strong></span> 
     </span>
    </p>
   </div>
   <div class='ocr_carea' id='block_1_76' title="bbox 2152 2916 3743 2985">
    <p class='ocr_par' dir='ltr' id='par_1_76' title="bbox 2152 2916 3743 2985">
     <span class='ocr_line' id='line_1_76' title="bbox 2152 2916 3743 2985; baseline 0.003 -16"><span class='ocrx_word' id='word_1_597' title='bbox 2152 2926 2299 2971; x_wconf 89' lang='lat' dir='ltr'><strong>recte</strong></span> <span class='ocrx_word' id='word_1_598' title='bbox 2328 2916 2395 2971; x_wconf 90' lang='lat' dir='ltr'><strong>de</strong></span> <span class='ocrx_word' id='word_1_599' title='bbox 2426 2917 2684 2972; x_wconf 89' lang='lat' dir='ltr'><strong>Triuitaie</strong></span> <span class='ocrx_word' id='word_1_600' title='bbox 2713 2919 3003 2974; x_wconf 88' lang='lat' dir='ltr'><strong>sentientes</strong></span> <span class='ocrx_word' id='word_1_601' title='bbox 3030 2959 3045 2984; x_wconf 94' lang='lat'><strong>,</strong></span> <span class='ocrx_word' id='word_1_602' title='bbox 3078 2929 3132 2973; x_wconf 92' lang='lat' dir='ltr'><strong>ct</strong></span> <span class='ocrx_word' id='word_1_603' title='bbox 3164 2928 3307 2973; x_wconf 83' lang='lat' dir='ltr'><strong>recta</strong></span> <span class='ocrx_word' id='word_1_604' title='bbox 3344 2918 3594 2985; x_wconf 88' lang='lat' dir='ltr'><strong>baptismi</strong></span> <span class='ocrx_word' id='word_1_605' title='bbox 3632 2918 3743 2974; x_wconf 79' lang='lat' dir='ltr'><strong>for-</strong></span> 
     </span>
    </p>
   </div>
   <div class='ocr_carea' id='block_1_77' title="bbox 2153 2988 3742 3058">
    <p class='ocr_par' dir='ltr' id='par_1_77' title="bbox 2153 2988 3742 3058">
     <span class='ocr_line' id='line_1_77' title="bbox 2153 2988 3742 3058; baseline 0.004 -17"><span class='ocrx_word' id='word_1_606' title='bbox 2153 3002 2237 3041; x_wconf 88' lang='lat' dir='ltr'><strong>iiia</strong></span> <span class='ocrx_word' id='word_1_607' title='bbox 2265 2996 2476 3043; x_wconf 90' lang='lat' dir='ltr'><strong>utentes</strong></span> <span class='ocrx_word' id='word_1_608' title='bbox 2496 3028 2511 3053; x_wconf 94' lang='lat'><strong>,</strong></span> <span class='ocrx_word' id='word_1_609' title='bbox 2544 2990 2700 3044; x_wconf 90' lang='lat' dir='ltr'><strong>unica</strong></span> <span class='ocrx_word' id='word_1_610' title='bbox 2730 2992 2996 3044; x_wconf 87' lang='lat' dir='ltr'><strong>inersione</strong></span> <span class='ocrx_word' id='word_1_611' title='bbox 3029 2991 3283 3058; x_wconf 89' lang='lat' dir='ltr'><strong>baptizati</strong></span> <span class='ocrx_word' id='word_1_612' title='bbox 3305 2997 3452 3044; x_wconf 90' lang='lat' dir='ltr'><strong>sunt.</strong></span> <span class='ocrx_word' id='word_1_613' title='bbox 3486 2988 3655 3055; x_wconf 82' lang='lat' dir='ltr'><strong>Quam</strong></span> <span class='ocrx_word' id='word_1_614' title='bbox 3687 2991 3742 3047; x_wconf 91' lang='lat' dir='ltr'><strong>in</strong></span> 
     </span>
    </p>
   </div>
   <div class='ocr_carea' id='block_1_78' title="bbox 2154 3058 3743 3131">
    <p class='ocr_par' dir='ltr' id='par_1_78' title="bbox 2154 3058 3743 3131">
     <span class='ocr_line' id='line_1_78' title="bbox 2154 3058 3743 3131; baseline 0.004 -19"><span class='ocrx_word' id='word_1_615' title='bbox 2154 3058 2400 3126; x_wconf 89' lang='lat' dir='ltr'><strong>Hispanis</strong></span> <span class='ocrx_word' id='word_1_616' title='bbox 2437 3061 2716 3116; x_wconf 89' lang='lat' dir='ltr'><strong>catholicis</strong></span> <span class='ocrx_word' id='word_1_617' title='bbox 2757 3062 2997 3131; x_wconf 83' lang='lat' dir='ltr'><strong>probavit</strong></span> <span class='ocrx_word' id='word_1_618' title='bbox 3035 3070 3251 3116; x_wconf 87' lang='lat' dir='ltr'><strong>sanctus</strong></span> <span class='ocrx_word' id='word_1_619' title='bbox 3287 3060 3577 3129; x_wconf 88' lang='lat' dir='ltr'><strong>Gregorius</strong></span> <span class='ocrx_word' id='word_1_620' title='bbox 3602 3075 3743 3129; x_wconf 85' lang='lat' dir='ltr'><strong>papa</strong></span> 
     </span>
    </p>
   </div>
   <div class='ocr_carea' id='block_1_79' title="bbox 2152 3132 3739 3199">
    <p class='ocr_par' dir='ltr' id='par_1_79' title="bbox 2152 3132 3739 3199">
     <span class='ocr_line' id='line_1_79' title="bbox 2152 3132 3739 3199; baseline 0.002 -16"><span class='ocrx_word' id='word_1_621' title='bbox 2152 3132 2313 3198; x_wconf 89' lang='lat' dir='ltr'><strong>epist.</strong></span> <span class='ocrx_word' id='word_1_622' title='bbox 2356 3145 2514 3199; x_wconf 89' lang='lat' dir='ltr'><strong>supra</strong></span> <span class='ocrx_word' id='word_1_623' title='bbox 2559 3132 2715 3185; x_wconf 86' lang='lat' dir='ltr'><strong>citata</strong></span> <span class='ocrx_word' id='word_1_624' title='bbox 2763 3132 2828 3186; x_wconf 85' lang='lat' dir='ltr'><strong>ad</strong></span> <span class='ocrx_word' id='word_1_625' title='bbox 2871 3142 3113 3186; x_wconf 86' lang='lat' dir='ltr'><strong>sanctum</strong></span> <span class='ocrx_word' id='word_1_626' title='bbox 3146 3132 3739 3199; x_wconf 85' lang='lat' dir='ltr'><strong>Leaiidrum,qiiamvis</strong></span> 
     </span>
    </p>
   </div>
   <div class='ocr_carea' id='block_1_80' title="bbox 2153 3199 3743 3259">
    <p class='ocr_par' dir='ltr' id='par_1_80' title="bbox 2153 3199 3743 3259">
     <span class='ocr_line' id='line_1_80' title="bbox 2153 3199 3743 3259; baseline 0.003 -6"><span class='ocrx_word' id='word_1_627' title='bbox 2153 3199 2275 3255; x_wconf 90' lang='lat' dir='ltr'><strong>huic</strong></span> <span class='ocrx_word' id='word_1_628' title='bbox 2298 3202 2467 3255; x_wconf 61' lang='lat' dir='ltr'><strong>unica:</strong></span> <span class='ocrx_word' id='word_1_629' title='bbox 2490 3203 2744 3257; x_wconf 88' lang='lat' dir='ltr'><strong>mersioni</strong></span> <span class='ocrx_word' id='word_1_630' title='bbox 2772 3203 2993 3257; x_wconf 88' lang='lat' dir='ltr'><strong>inultum</strong></span> <span class='ocrx_word' id='word_1_631' title='bbox 3018 3204 3332 3259; x_wconf 81' lang='lat' dir='ltr'><strong>adversetur</strong></span> <span class='ocrx_word' id='word_1_632' title='bbox 3348 3204 3625 3257; x_wconf 84' lang='lat' dir='ltr'><strong>Alcuiiius.</strong></span> <span class='ocrx_word' id='word_1_633' title='bbox 3654 3203 3743 3259; x_wconf 88' lang='lat' dir='ltr'><strong>Si-</strong></span> 
     </span>
    </p>
   </div>
   <div class='ocr_carea' id='block_1_81' title="bbox 454 3262 3726 3344">
    <p class='ocr_par' dir='ltr' id='par_1_81' title="bbox 454 3262 3726 3344">
     <span class='ocr_line' id='line_1_81' title="bbox 454 3262 3726 3344; baseline 0.002 -20"><span class='ocrx_word' id='word_1_634' title='bbox 454 3273 803 3327; x_wconf 86' lang='lat' dir='ltr'><strong>remissionem</strong></span> <span class='ocrx_word' id='word_1_635' title='bbox 832 3262 1196 3339; x_wconf 68' lang='lat' dir='ltr'><strong>pEccatorum?</strong></span> <span class='ocrx_word' id='word_1_636' title='bbox 1234 3273 1477 3344; x_wconf 81' lang='lat' dir='ltr'><strong>Sanctus</strong></span> <span class='ocrx_word' id='word_1_637' title='bbox 1502 3273 1854 3339; x_wconf 80' lang='lat' dir='ltr'><strong>Augustinus,</strong></span> <span class='ocrx_word' id='word_1_638' title='bbox 1885 3275 1981 3330; x_wconf 86' lang='lat' dir='ltr'><strong>lib.</strong></span> <span class='ocrx_word' id='word_1_639' title='bbox 2016 3294 2043 3327; x_wconf 82' lang='grc' dir='ltr'><strong>ν</strong></span> <span class='ocrx_word' id='word_1_640' title='bbox 2072 3262 2118 3324; x_wconf 90' lang='lat' dir='ltr'><strong>C</strong></span> <span class='ocrx_word' id='word_1_641' title='bbox 2151 3273 2364 3340; x_wconf 88' lang='lat' dir='ltr'><strong>quidem</strong></span> <span class='ocrx_word' id='word_1_642' title='bbox 2396 3274 2512 3338; x_wconf 89' lang='lat' dir='ltr'><strong>ille,</strong></span> <span class='ocrx_word' id='word_1_643' title='bbox 2544 3274 2704 3342; x_wconf 90' lang='lat' dir='ltr'><strong>epist.</strong></span> <span class='ocrx_word' id='word_1_644' title='bbox 2730 3274 2818 3339; x_wconf 77' lang='lat'><strong>(39,</strong></span> <span class='ocrx_word' id='word_1_645' title='bbox 2850 3276 2913 3329; x_wconf 89' lang='lat' dir='ltr'><strong>ad</strong></span> <span class='ocrx_word' id='word_1_646' title='bbox 2950 3274 3352 3344; x_wconf 78' lang='lat' dir='ltr'><strong>Lugdunenses,</strong></span> <span class='ocrx_word' id='word_1_647' title='bbox 3386 3276 3603 3328; x_wconf 88' lang='lat' dir='ltr'><strong>damnat</strong></span> <span class='ocrx_word' id='word_1_648' title='bbox 3630 3274 3726 3329; x_wconf 77' lang='lat' dir='ltr'><strong>His</strong></span> 
     </span>
    </p>
   </div>
   <div class='ocr_carea' id='block_1_82' title="bbox 454 3342 2047 3413">
    <p class='ocr_par' dir='ltr' id='par_1_82' title="bbox 454 3342 2047 3413">
     <span class='ocr_line' id='line_1_82' title="bbox 454 3342 2047 3413; baseline 0.004 -18"><span class='ocrx_word' id='word_1_649' title='bbox 454 3356 643 3398; x_wconf 78' lang='lat' dir='ltr'><strong>contra</strong></span> <span class='ocrx_word' id='word_1_650' title='bbox 674 3345 997 3409; x_wconf 86' lang='lat' dir='ltr'><strong>Donatistas,</strong></span> <span class='ocrx_word' id='word_1_651' title='bbox 1025 3360 1143 3413; x_wconf 86' lang='lat' dir='ltr'><strong>cap.</strong></span> <span class='ocrx_word' id='word_1_652' title='bbox 1170 3344 1263 3398; x_wconf 76' lang='grc' dir='ltr'><strong>ΞΟ.</strong></span> <span class='ocrx_word' id='word_1_653' title='bbox 1298 3344 1362 3397; x_wconf 86' lang='lat' dir='ltr'><strong>Et</strong></span> <span class='ocrx_word' id='word_1_654' title='bbox 1393 3342 1578 3411; x_wconf 87' lang='lat' dir='ltr'><strong>ubique</strong></span> <span class='ocrx_word' id='word_1_655' title='bbox 1608 3360 1725 3396; x_wconf 89' lang='lat' dir='ltr'><strong>cum</strong></span> <span class='ocrx_word' id='word_1_656' title='bbox 1756 3346 2047 3413; x_wconf 79' lang='lat' dir='ltr'><strong>baptizatur</strong></span> 
     </span>
    </p>
   </div>
   <div class='ocr_carea' id='block_1_83' title="bbox 452 3414 2048 3480">
    <p class='ocr_par' dir='ltr' id='par_1_83' title="bbox 452 3414 2048 3480">
     <span class='ocr_line' id='line_1_83' title="bbox 452 3414 2048 3480; baseline 0.005 -15"><span class='ocrx_word' id='word_1_657' title='bbox 452 3416 610 3467; x_wconf 87' lang='lat' dir='ltr'><strong>etiam</strong></span> <span class='ocrx_word' id='word_1_658' title='bbox 638 3416 701 3469; x_wconf 87' lang='lat' dir='ltr'><strong>de</strong></span> <span class='ocrx_word' id='word_1_659' title='bbox 722 3427 900 3470; x_wconf 89' lang='lat' dir='ltr'><strong>sancta</strong></span> <span class='ocrx_word' id='word_1_660' title='bbox 932 3415 1163 3471; x_wconf 82' lang='lat' dir='ltr'><strong>Ecclesia</strong></span> <span class='ocrx_word' id='word_1_661' title='bbox 1192 3417 1572 3480; x_wconf 87' lang='lat' dir='ltr'><strong>interrogatur;</strong></span> <span class='ocrx_word' id='word_1_662' title='bbox 1618 3414 1711 3469; x_wconf 89' lang='lat' dir='ltr'><strong>lib.</strong></span> <span class='ocrx_word' id='word_1_663' title='bbox 1746 3415 1813 3470; x_wconf 88' lang='lat' dir='ltr'><strong>de</strong></span> <span class='ocrx_word' id='word_1_664' title='bbox 1855 3418 2048 3476; x_wconf 84' lang='lat' dir='ltr'><strong>Anima</strong></span> 
     </span>
    </p>
   </div>
   <div class='ocr_carea' id='block_1_84' title="bbox 455 3486 2044 3556">
    <p class='ocr_par' dir='ltr' id='par_1_84' title="bbox 455 3486 2044 3556">
     <span class='ocr_line' id='line_1_84' title="bbox 455 3486 2044 3556; baseline 0.003 -18"><span class='ocrx_word' id='word_1_665' title='bbox 455 3493 510 3538; x_wconf 88' lang='lat' dir='ltr'><strong>et</strong></span> <span class='ocrx_word' id='word_1_666' title='bbox 557 3486 672 3555; x_wconf 87' lang='lat' dir='ltr'><strong>ejus</strong></span> <span class='ocrx_word' id='word_1_667' title='bbox 716 3487 921 3556; x_wconf 88' lang='lat' dir='ltr'><strong>origine</strong></span> <span class='ocrx_word' id='word_1_668' title='bbox 968 3503 1087 3556; x_wconf 90' lang='lat' dir='ltr'><strong>cap.</strong></span> <span class='ocrx_word' id='word_1_669' title='bbox 1135 3487 1201 3541; x_wconf 84' lang='grc'>10</span> <span class='ocrx_word' id='word_1_670' title='bbox 1239 3504 1254 3541; x_wconf 88' lang='lat'>:</span> <span class='ocrx_word' id='word_1_671' title='bbox 1301 3486 1371 3539; x_wconf 82' lang='lat' dir='ltr'><strong>Et</strong></span> <span class='ocrx_word' id='word_1_672' title='bbox 1410 3487 1528 3540; x_wconf 87' lang='lat' dir='ltr'><strong>ideo</strong></span> <span class='ocrx_word' id='word_1_673' title='bbox 1557 3502 1671 3538; x_wconf 89' lang='lat' dir='ltr'><strong>cum</strong></span> <span class='ocrx_word' id='word_1_674' title='bbox 1698 3486 2044 3555; x_wconf 76' lang='lat' dir='ltr'><strong>baptizantur,</strong></span> 
     </span>
    </p>
   </div>
   <div class='ocr_carea' id='block_1_85' title="bbox 453 3556 2047 3630">
    <p class='ocr_par' dir='ltr' id='par_1_85' title="bbox 453 3556 2047 3630">
     <span class='ocr_line' id='line_1_85' title="bbox 453 3556 2047 3630; baseline 0.005 -22"><span class='ocrx_word' id='word_1_675' title='bbox 453 3556 608 3610; x_wconf 82' lang='lat' dir='ltr'><strong>etiam</strong></span> <span class='ocrx_word' id='word_1_676' title='bbox 637 3557 939 3630; x_wconf 84' lang='lat' dir='ltr'><strong>Symbolum</strong></span> <span class='ocrx_word' id='word_1_677' title='bbox 967 3559 1208 3625; x_wconf 88' lang='lat' dir='ltr'><strong>reddunt,</strong></span> <span class='ocrx_word' id='word_1_678' title='bbox 1240 3566 1288 3612; x_wconf 90' lang='lat' dir='ltr'><strong>et</strong></span> <span class='ocrx_word' id='word_1_679' title='bbox 1317 3559 1415 3628; x_wconf 85' lang='lat' dir='ltr'><strong>ipsi</strong></span> <span class='ocrx_word' id='word_1_680' title='bbox 1444 3572 1537 3626; x_wconf 89' lang='lat' dir='ltr'><strong>pro</strong></span> <span class='ocrx_word' id='word_1_681' title='bbox 1560 3573 1614 3611; x_wconf 86' lang='lat' dir='ltr'><strong>se</strong></span> <span class='ocrx_word' id='word_1_682' title='bbox 1634 3558 1702 3610; x_wconf 86' lang='lat' dir='ltr'><strong>ad</strong></span> <span class='ocrx_word' id='word_1_683' title='bbox 1732 3559 2047 3630; x_wconf 84' lang='lat' dir='ltr'><strong>interrogata</strong></span> 
     </span>
    </p>
   </div>
   <div class='ocr_carea' id='block_1_86' title="bbox 454 3629 780 3695">
    <p class='ocr_par' dir='ltr' id='par_1_86' title="bbox 454 3629 780 3695">
     <span class='ocr_line' id='line_1_86' title="bbox 454 3629 780 3695; baseline 0.015 -15"><span class='ocrx_word' id='word_1_684' title='bbox 454 3629 780 3695; x_wconf 79' lang='lat' dir='ltr'><strong>respondent.</strong></span> 
     </span>
    </p>
   </div>
   <div class='ocr_carea' id='block_1_87' title="bbox 531 3700 2044 3771">
    <p class='ocr_par' dir='ltr' id='par_1_87' title="bbox 531 3700 2044 3771">
     <span class='ocr_line' id='line_1_87' title="bbox 531 3700 2044 3771; baseline 0.003 -19"><span class='ocrx_word' id='word_1_685' title='bbox 531 3701 588 3753; x_wconf 80' lang='lat' dir='ltr'><strong>Si</strong></span> <span class='ocrx_word' id='word_1_686' title='bbox 620 3714 748 3754; x_wconf 88' lang='lat' dir='ltr'><strong>vero</strong></span> <span class='ocrx_word' id='word_1_687' title='bbox 776 3702 980 3771; x_wconf 89' lang='lat' dir='ltr'><strong>parvuli</strong></span> <span class='ocrx_word' id='word_1_688' title='bbox 1010 3700 1232 3756; x_wconf 86' lang='lat' dir='ltr'><strong>rationis</strong></span> <span class='ocrx_word' id='word_1_689' title='bbox 1262 3716 1415 3755; x_wconf 93' lang='lat' dir='ltr'><strong>usum</strong></span> <span class='ocrx_word' id='word_1_690' title='bbox 1448 3702 1684 3754; x_wconf 91' lang='lat' dir='ltr'><strong>nondum</strong></span> <span class='ocrx_word' id='word_1_691' title='bbox 1727 3700 1906 3769; x_wconf 90' lang='lat' dir='ltr'><strong>adepti</strong></span> <span class='ocrx_word' id='word_1_692' title='bbox 1944 3702 2044 3757; x_wconf 91' lang='lat' dir='ltr'><strong>ba-</strong></span> 
     </span>
    </p>
   </div>
   <div class='ocr_carea' id='block_1_88' title="bbox 456 3770 2048 3843">
    <p class='ocr_par' dir='ltr' id='par_1_88' title="bbox 456 3770 2048 3843">
     <span class='ocr_line' id='line_1_88' title="bbox 456 3770 2048 3843; baseline 0.003 -19"><span class='ocrx_word' id='word_1_693' title='bbox 456 3770 806 3843; x_wconf 82' lang='lat' dir='ltr'><strong>ptizareniur,</strong></span> <span class='ocrx_word' id='word_1_694' title='bbox 840 3789 938 3843; x_wconf 88' lang='lat' dir='ltr'><strong>pro</strong></span> <span class='ocrx_word' id='word_1_695' title='bbox 968 3774 1070 3827; x_wconf 85' lang='lat' dir='ltr'><strong>illis</strong></span> <span class='ocrx_word' id='word_1_696' title='bbox 1102 3782 1443 3840; x_wconf 87' lang='lat' dir='ltr'><strong>susceptorcs</strong></span> <span class='ocrx_word' id='word_1_697' title='bbox 1472 3772 1781 3843; x_wconf 81' lang='lat' dir='ltr'><strong>interrogati</strong></span> <span class='ocrx_word' id='word_1_698' title='bbox 1822 3788 2048 3839; x_wconf 85' lang='lat' dir='ltr'><strong>respon-</strong></span> 
     </span>
    </p>
   </div>
   <div class='ocr_carea' id='block_1_89' title="bbox 454 3841 2047 3913">
    <p class='ocr_par' dir='ltr' id='par_1_89' title="bbox 454 3841 2047 3913">
     <span class='ocr_line' id='line_1_89' title="bbox 454 3841 2047 3913; baseline 0.002 -18"><span class='ocrx_word' id='word_1_699' title='bbox 454 3841 933 3913; x_wconf 31' lang='lat' dir='ltr'><strong>debaiitssanctus</strong></span> <span class='ocrx_word' id='word_1_700' title='bbox 963 3845 1290 3913; x_wconf 87' lang='lat' dir='ltr'><strong>Augustinus</strong></span> <span class='ocrx_word' id='word_1_701' title='bbox 1314 3886 1329 3905; x_wconf 86' lang='lat'><strong><em>.</em></strong></span> <span class='ocrx_word' id='word_1_702' title='bbox 1380 3844 1537 3911; x_wconf 88' lang='lat' dir='ltr'><strong>epist.</strong></span> <span class='ocrx_word' id='word_1_703' title='bbox 1567 3842 1636 3893; x_wconf 70' lang='lat'><strong>25</strong></span> <span class='ocrx_word' id='word_1_704' title='bbox 1662 3841 1696 3909; x_wconf 32' lang='grc' dir='ltr'><strong>,ί</strong></span> <span class='ocrx_word' id='word_1_705' title='bbox 1723 3842 1787 3895; x_wconf 87' lang='lat' dir='ltr'><strong>ad</strong></span> <span class='ocrx_word' id='word_1_706' title='bbox 1834 3844 2047 3898; x_wconf 82' lang='lat' dir='ltr'><strong>Bonifa-</strong></span> 
     </span>
    </p>
   </div>
   <div class='ocr_carea' id='block_1_90' title="bbox 454 3912 2046 3986">
    <p class='ocr_par' dir='ltr' id='par_1_90' title="bbox 454 3912 2046 3986">
     <span class='ocr_line' id='line_1_90' title="bbox 454 3912 2046 3986; baseline 0.003 -21"><span class='ocrx_word' id='word_1_707' title='bbox 454 3914 595 3966; x_wconf 87' lang='lat' dir='ltr'><strong>ciiiin</strong></span> <span class='ocrx_word' id='word_1_708' title='bbox 624 3912 1067 3986; x_wconf 20' lang='lat' dir='ltr'><strong>:ﬂlnterrogamus</strong></span> <span class='ocrx_word' id='word_1_709' title='bbox 1089 3932 1173 3969; x_wconf 87' lang='lat' dir='ltr'><strong>eos</strong></span> <span class='ocrx_word' id='word_1_710' title='bbox 1213 3933 1243 3968; x_wconf 91' lang='lat' dir='ltr'><strong>a</strong></span> <span class='ocrx_word' id='word_1_711' title='bbox 1284 3915 1465 3983; x_wconf 86' lang='lat' dir='ltr'><strong>quibus</strong></span> <span class='ocrx_word' id='word_1_712' title='bbox 1496 3913 1807 3980; x_wconf 77' lang='lat' dir='ltr'><strong>offeruntur,</strong></span> <span class='ocrx_word' id='word_1_713' title='bbox 1840 3924 1888 3967; x_wconf 91' lang='lat' dir='ltr'><strong>et</strong></span> <span class='ocrx_word' id='word_1_714' title='bbox 1918 3915 2046 3969; x_wconf 86' lang='lat' dir='ltr'><strong>dici-</strong></span> 
     </span>
    </p>
   </div>
   <div class='ocr_carea' id='block_1_91' title="bbox 453 3985 2046 4046">
    <p class='ocr_par' dir='ltr' id='par_1_91' title="bbox 453 3985 2046 4046">
     <span class='ocr_line' id='line_1_91' title="bbox 453 3985 2046 4046; baseline 0.003 -10"><span class='ocrx_word' id='word_1_715' title='bbox 453 4000 567 4037; x_wconf 89' lang='lat' dir='ltr'><strong>mus</strong></span> <span class='ocrx_word' id='word_1_716' title='bbox 598 4001 616 4039; x_wconf 89' lang='lat'><strong><em>:</em></strong></span> <span class='ocrx_word' id='word_1_717' title='bbox 642 3985 813 4039; x_wconf 86' lang='lat' dir='ltr'><strong>Credit</strong></span> <span class='ocrx_word' id='word_1_718' title='bbox 843 3985 896 4041; x_wconf 83' lang='lat' dir='ltr'><strong>in</strong></span> <span class='ocrx_word' id='word_1_719' title='bbox 926 3987 1126 4041; x_wconf 87' lang='lat' dir='ltr'><strong>Deum?</strong></span> <span class='ocrx_word' id='word_1_720' title='bbox 1168 3986 1233 4039; x_wconf 90' lang='lat' dir='ltr'><strong>de</strong></span> <span class='ocrx_word' id='word_1_721' title='bbox 1281 3989 1372 4039; x_wconf 86' lang='lat' dir='ltr'><strong>illa</strong></span> <span class='ocrx_word' id='word_1_722' title='bbox 1403 3995 1580 4046; x_wconf 70' lang='lat' dir='ltr'><strong>aetate,</strong></span> <span class='ocrx_word' id='word_1_723' title='bbox 1626 3999 1739 4045; x_wconf 74' lang='lat' dir='ltr'><strong>qua:</strong></span> <span class='ocrx_word' id='word_1_724' title='bbox 1778 3994 1951 4037; x_wconf 86' lang='lat' dir='ltr'><strong>utrum</strong></span> <span class='ocrx_word' id='word_1_725' title='bbox 1980 3988 2046 4040; x_wconf 90' lang='lat' dir='ltr'><strong>sit</strong></span> 
     </span>
    </p>
   </div>
   <div class='ocr_carea' id='block_1_92' title="bbox 452 4055 2042 4126">
    <p class='ocr_par' dir='ltr' id='par_1_92' title="bbox 452 4055 2042 4126">
     <span class='ocr_line' id='line_1_92' title="bbox 452 4055 2042 4126; baseline 0.002 -19"><span class='ocrx_word' id='word_1_726' title='bbox 452 4055 594 4109; x_wconf 82' lang='lat' dir='ltr'><strong>Deus</strong></span> <span class='ocrx_word' id='word_1_727' title='bbox 626 4057 827 4125; x_wconf 88' lang='lat' dir='ltr'><strong>ignorat</strong></span> <span class='ocrx_word' id='word_1_728' title='bbox 853 4100 867 4125; x_wconf 94' lang='lat'><strong>,</strong></span> <span class='ocrx_word' id='word_1_729' title='bbox 898 4058 1208 4126; x_wconf 85' lang='lat' dir='ltr'><strong>respondent</strong></span> <span class='ocrx_word' id='word_1_730' title='bbox 1234 4073 1251 4110; x_wconf 94' lang='lat'><em>:</em></span> <span class='ocrx_word' id='word_1_731' title='bbox 1282 4058 1477 4112; x_wconf 87' lang='lat' dir='ltr'><strong>Credit.</strong></span> <span class='ocrx_word' id='word_1_732' title='bbox 1511 4055 1868 4126; x_wconf 75' lang='lat' dir='ltr'><strong>&#39;l‘ertulliaiins</strong></span> <span class='ocrx_word' id='word_1_733' title='bbox 1895 4096 1909 4119; x_wconf 92' lang='lat'><strong>,</strong></span> <span class='ocrx_word' id='word_1_734' title='bbox 1949 4055 2042 4111; x_wconf 86' lang='lat' dir='ltr'><strong>lib.</strong></span> 
     </span>
    </p>
   </div>
   <div class='ocr_carea' id='block_1_93' title="bbox 453 4124 2046 4198">
    <p class='ocr_par' dir='ltr' id='par_1_93' title="bbox 453 4124 2046 4198">
     <span class='ocr_line' id='line_1_93' title="bbox 453 4124 2046 4198; baseline 0.003 -20"><span class='ocrx_word' id='word_1_735' title='bbox 453 4126 521 4179; x_wconf 85' lang='lat' dir='ltr'><strong>de</strong></span> <span class='ocrx_word' id='word_1_736' title='bbox 552 4127 823 4194; x_wconf 88' lang='lat' dir='ltr'><strong>Baptismo</strong></span> <span class='ocrx_word' id='word_1_737' title='bbox 848 4171 863 4195; x_wconf 96' lang='lat'><strong>,</strong></span> <span class='ocrx_word' id='word_1_738' title='bbox 894 4124 992 4184; x_wconf 86' lang='lat' dir='ltr'><strong>etsi</strong></span> <span class='ocrx_word' id='word_1_739' title='bbox 1024 4144 1225 4183; x_wconf 66' lang='lat' dir='ltr'><strong>nioi&#39;em</strong></span> <span class='ocrx_word' id='word_1_740' title='bbox 1256 4129 1504 4183; x_wconf 85' lang='lat' dir='ltr'><strong>vellicare</strong></span> <span class='ocrx_word' id='word_1_741' title='bbox 1547 4124 1811 4198; x_wconf 82' lang='lat' dir='ltr'><strong>videatur.</strong></span> <span class='ocrx_word' id='word_1_742' title='bbox 1863 4126 2046 4198; x_wconf 79' lang='lat' dir='ltr'><strong>Itaque</strong></span> 
     </span>
    </p>
   </div>
   <div class='ocr_carea' id='block_1_94' title="bbox 456 4196 2045 4269">
    <p class='ocr_par' dir='ltr' id='par_1_94' title="bbox 456 4196 2045 4269">
     <span class='ocr_line' id='line_1_94' title="bbox 456 4196 2045 4269; baseline 0.003 -20"><span class='ocrx_word' id='word_1_743' title='bbox 456 4213 548 4265; x_wconf 89' lang='lat' dir='ltr'><strong>pro</strong></span> <span class='ocrx_word' id='word_1_744' title='bbox 575 4199 821 4269; x_wconf 85' lang='lat' dir='ltr'><strong>cujusque</strong></span> <span class='ocrx_word' id='word_1_745' title='bbox 846 4218 1075 4269; x_wconf 70' lang='lat' dir='ltr'><strong>personae</strong></span> <span class='ocrx_word' id='word_1_746' title='bbox 1095 4200 1406 4265; x_wconf 88' lang='lat' dir='ltr'><strong>conditione,</strong></span> <span class='ocrx_word' id='word_1_747' title='bbox 1433 4214 1494 4251; x_wconf 90' lang='lat' dir='ltr'><strong>ac</strong></span> <span class='ocrx_word' id='word_1_748' title='bbox 1516 4196 1871 4269; x_wconf 76' lang='lat' dir='ltr'><strong>dispositione,</strong></span> <span class='ocrx_word' id='word_1_749' title='bbox 1894 4196 2045 4254; x_wconf 80' lang='lat' dir='ltr'><strong>etiam</strong></span> 
     </span>
    </p>
   </div>
   <div class='ocr_carea' id='block_1_95' title="bbox 453 4267 2044 4339">
    <p class='ocr_par' dir='ltr' id='par_1_95' title="bbox 453 4267 2044 4339">
     <span class='ocr_line' id='line_1_95' title="bbox 453 4267 2044 4339; baseline 0.003 -19"><span class='ocrx_word' id='word_1_750' title='bbox 453 4277 623 4336; x_wconf 70' lang='lat' dir='ltr'><strong>(etate,</strong></span> <span class='ocrx_word' id='word_1_751' title='bbox 655 4267 916 4323; x_wconf 81' lang='lat' dir='ltr'><strong>cunctatio</strong></span> <span class='ocrx_word' id='word_1_752' title='bbox 942 4273 1181 4337; x_wconf 85' lang='lat' dir='ltr'><strong>baptismi</strong></span> <span class='ocrx_word' id='word_1_753' title='bbox 1211 4272 1352 4323; x_wconf 83' lang='lat' dir='ltr'><strong>utilis</strong></span> <span class='ocrx_word' id='word_1_754' title='bbox 1372 4314 1386 4339; x_wconf 87' lang='lat'><strong>,</strong></span> <span class='ocrx_word' id='word_1_755' title='bbox 1419 4267 1674 4339; x_wconf 75' lang='lat' dir='ltr'><strong>prtecipue</strong></span> <span class='ocrx_word' id='word_1_756' title='bbox 1706 4278 1875 4322; x_wconf 86' lang='lat' dir='ltr'><strong>tamen</strong></span> <span class='ocrx_word' id='word_1_757' title='bbox 1904 4273 2044 4325; x_wconf 89' lang='lat' dir='ltr'><strong>circa</strong></span> 
     </span>
    </p>
   </div>
   <div class='ocr_carea' id='block_1_96' title="bbox 454 4338 2045 4410">
    <p class='ocr_par' dir='ltr' id='par_1_96' title="bbox 454 4338 2045 4410">
     <span class='ocr_line' id='line_1_96' title="bbox 454 4338 2045 4410; baseline 0.004 -20"><span class='ocrx_word' id='word_1_758' title='bbox 454 4340 717 4409; x_wconf 85' lang='lat' dir='ltr'><strong>parvulos.</strong></span> <span class='ocrx_word' id='word_1_759' title='bbox 768 4340 905 4405; x_wconf 82' lang='lat' dir='ltr'><strong>Quid</strong></span> <span class='ocrx_word' id='word_1_760' title='bbox 935 4344 1067 4394; x_wconf 89' lang='lat' dir='ltr'><strong>enim</strong></span> <span class='ocrx_word' id='word_1_761' title='bbox 1100 4357 1300 4395; x_wconf 87' lang='lat' dir='ltr'><strong>necesse</strong></span> <span class='ocrx_word' id='word_1_762' title='bbox 1325 4338 1596 4410; x_wconf 84' lang='lat' dir='ltr'><strong>sponsores</strong></span> <span class='ocrx_word' id='word_1_763' title='bbox 1622 4338 1775 4391; x_wconf 89' lang='lat' dir='ltr'><strong>etiam</strong></span> <span class='ocrx_word' id='word_1_764' title='bbox 1816 4344 2045 4407; x_wconf 85' lang='lat' dir='ltr'><strong>periculo</strong></span> 
     </span>
    </p>
   </div>
   <div class='ocr_carea' id='block_1_97' title="bbox 453 4410 2042 4482">
    <p class='ocr_par' dir='ltr' id='par_1_97' title="bbox 453 4410 2042 4482">
     <span class='ocr_line' id='line_1_97' title="bbox 453 4410 2042 4482; baseline 0.002 -19"><span class='ocrx_word' id='word_1_765' title='bbox 453 4411 660 4482; x_wconf 82' lang='lat' dir='ltr'><strong>ingeri?</strong></span> <span class='ocrx_word' id='word_1_766' title='bbox 687 4412 805 4477; x_wconf 89' lang='lat' dir='ltr'><strong>quia</strong></span> <span class='ocrx_word' id='word_1_767' title='bbox 826 4422 871 4465; x_wconf 90' lang='lat' dir='ltr'><strong>et</strong></span> <span class='ocrx_word' id='word_1_768' title='bbox 896 4411 994 4482; x_wconf 88' lang='lat' dir='ltr'><strong>ipsi</strong></span> <span class='ocrx_word' id='word_1_769' title='bbox 1020 4428 1108 4480; x_wconf 88' lang='lat' dir='ltr'><strong>per</strong></span> <span class='ocrx_word' id='word_1_770' title='bbox 1128 4414 1493 4465; x_wconf 87' lang='lat' dir='ltr'><strong>mortalitatem</strong></span> <span class='ocrx_word' id='word_1_771' title='bbox 1523 4410 1793 4463; x_wconf 87' lang='lat' dir='ltr'><strong>destituere</strong></span> <span class='ocrx_word' id='word_1_772' title='bbox 1820 4416 2042 4480; x_wconf 88' lang='lat' dir='ltr'><strong>promis-</strong></span> 
     </span>
    </p>
   </div>
   <div class='ocr_carea' id='block_1_98' title="bbox 451 4481 2038 4552">
    <p class='ocr_par' dir='ltr' id='par_1_98' title="bbox 451 4481 2038 4552">
     <span class='ocr_line' id='line_1_98' title="bbox 451 4481 2038 4552; baseline 0.003 -18"><span class='ocrx_word' id='word_1_773' title='bbox 451 4481 620 4534; x_wconf 83' lang='lat' dir='ltr'><strong>siones</strong></span> <span class='ocrx_word' id='word_1_774' title='bbox 667 4499 787 4536; x_wconf 88' lang='lat' dir='ltr'><strong>suas</strong></span> <span class='ocrx_word' id='word_1_775' title='bbox 830 4494 1073 4551; x_wconf 84' lang='lat' dir='ltr'><strong>possunt,</strong></span> <span class='ocrx_word' id='word_1_776' title='bbox 1117 4493 1165 4536; x_wconf 88' lang='lat' dir='ltr'><strong>et</strong></span> <span class='ocrx_word' id='word_1_777' title='bbox 1201 4493 1449 4552; x_wconf 80' lang='lat' dir='ltr'><strong>proventu</strong></span> <span class='ocrx_word' id='word_1_778' title='bbox 1475 4483 1625 4535; x_wconf 80' lang='lat' dir='ltr'><strong>mala:</strong></span> <span class='ocrx_word' id='word_1_779' title='bbox 1665 4482 1854 4535; x_wconf 85' lang='lat' dir='ltr'><strong>indolis</strong></span> <span class='ocrx_word' id='word_1_780' title='bbox 1903 4484 2038 4552; x_wconf 89' lang='lat' dir='ltr'><strong>falli.</strong></span> 
     </span>
    </p>
   </div>
   <div class='ocr_carea' id='block_1_99' title="bbox 453 4553 2042 4622">
    <p class='ocr_par' dir='ltr' id='par_1_99' title="bbox 453 4553 2042 4622">
     <span class='ocr_line' id='line_1_99' title="bbox 453 4553 2042 4622; baseline 0.002 -16"><span class='ocrx_word' id='word_1_781' title='bbox 453 4553 658 4606; x_wconf 83' lang='lat' dir='ltr'><strong>Auctor</strong></span> <span class='ocrx_word' id='word_1_782' title='bbox 686 4553 754 4607; x_wconf 89' lang='lat' dir='ltr'><strong>de</strong></span> <span class='ocrx_word' id='word_1_783' title='bbox 785 4553 1123 4622; x_wconf 86' lang='lat' dir='ltr'><strong>dogmatibus</strong></span> <span class='ocrx_word' id='word_1_784' title='bbox 1167 4553 1425 4609; x_wconf 66' lang='lat' dir='ltr'><strong>Ecclesiae</strong></span> <span class='ocrx_word' id='word_1_785' title='bbox 1470 4553 1613 4607; x_wconf 88' lang='lat' dir='ltr'><strong>inter</strong></span> <span class='ocrx_word' id='word_1_786' title='bbox 1657 4566 1818 4620; x_wconf 86' lang='lat' dir='ltr'><strong>Opera</strong></span> <span class='ocrx_word' id='word_1_787' title='bbox 1869 4558 2042 4609; x_wconf 90' lang='lat' dir='ltr'><strong>sancti</strong></span> 
     </span>
    </p>
   </div>
   <div class='ocr_carea' id='block_1_100' title="bbox 2153 3344 3743 3414">
    <p class='ocr_par' dir='ltr' id='par_1_100' title="bbox 2153 3344 3743 3414">
     <span class='ocr_line' id='line_1_100' title="bbox 2153 3344 3743 3414; baseline 0.002 -17"><span class='ocrx_word' id='word_1_788' title='bbox 2153 3358 2340 3412; x_wconf 89' lang='lat' dir='ltr'><strong>panos,</strong></span> <span class='ocrx_word' id='word_1_789' title='bbox 2388 3347 2528 3414; x_wconf 91' lang='lat' dir='ltr'><strong>quod</strong></span> <span class='ocrx_word' id='word_1_790' title='bbox 2559 3347 2713 3399; x_wconf 90' lang='lat' dir='ltr'><strong>unica</strong></span> <span class='ocrx_word' id='word_1_791' title='bbox 2762 3346 3019 3400; x_wconf 78' lang='lat' dir='ltr'><strong>duntaxat</strong></span> <span class='ocrx_word' id='word_1_792' title='bbox 3069 3350 3337 3402; x_wconf 87' lang='lat' dir='ltr'><strong>mersione</strong></span> <span class='ocrx_word' id='word_1_793' title='bbox 3378 3347 3430 3399; x_wconf 91' lang='lat' dir='ltr'><strong>in</strong></span> <span class='ocrx_word' id='word_1_794' title='bbox 3476 3344 3743 3413; x_wconf 88' lang='lat' dir='ltr'><strong>baptismo</strong></span> 
     </span>
    </p>
   </div>
   <div class='ocr_carea' id='block_1_101' title="bbox 2151 3416 3745 3484">
    <p class='ocr_par' dir='ltr' id='par_1_101' title="bbox 2151 3416 3745 3484">
     <span class='ocr_line' id='line_1_101' title="bbox 2151 3416 3745 3484; baseline 0.001 -16"><span class='ocrx_word' id='word_1_795' title='bbox 2151 3424 2445 3469; x_wconf 85' lang='lat' dir='ltr'><strong>uterentur.</strong></span> <span class='ocrx_word' id='word_1_796' title='bbox 2493 3418 2561 3469; x_wconf 82' lang='lat' dir='ltr'><strong>Et</strong></span> <span class='ocrx_word' id='word_1_797' title='bbox 2591 3416 2747 3483; x_wconf 80' lang='lat' dir='ltr'><strong>epist.</strong></span> <span class='ocrx_word' id='word_1_798' title='bbox 2788 3432 2901 3484; x_wconf 87' lang='lat' dir='ltr'><strong>seq.</strong></span> <span class='ocrx_word' id='word_1_799' title='bbox 2949 3430 3002 3471; x_wconf 91' lang='lat' dir='ltr'><strong>et</strong></span> <span class='ocrx_word' id='word_1_800' title='bbox 3053 3420 3110 3472; x_wconf 80' lang='grc'><strong>81</strong></span> <span class='ocrx_word' id='word_1_801' title='bbox 3164 3419 3217 3472; x_wconf 92' lang='lat' dir='ltr'><strong>in</strong></span> <span class='ocrx_word' id='word_1_802' title='bbox 3257 3417 3497 3472; x_wconf 87' lang='lat' dir='ltr'><strong>eamdem</strong></span> <span class='ocrx_word' id='word_1_803' title='bbox 3532 3417 3745 3477; x_wconf 85' lang='lat' dir='ltr'><strong>unicam</strong></span> 
     </span>
    </p>
   </div>
   <div class='ocr_carea' id='block_1_102' title="bbox 2150 3487 3743 3561">
    <p class='ocr_par' dir='ltr' id='par_1_102' title="bbox 2150 3487 3743 3561">
     <span class='ocr_line' id='line_1_102' title="bbox 2150 3487 3743 3561; baseline 0.003 -22"><span class='ocrx_word' id='word_1_804' title='bbox 2150 3489 2473 3561; x_wconf 70' lang='lat' dir='ltr'><strong>mersioucin</strong></span> <span class='ocrx_word' id='word_1_805' title='bbox 2506 3487 2790 3561; x_wconf 67' lang='lat' dir='ltr'><strong>invehitur;</strong></span> <span class='ocrx_word' id='word_1_806' title='bbox 2822 3499 2875 3543; x_wconf 90' lang='lat' dir='ltr'><strong>et</strong></span> <span class='ocrx_word' id='word_1_807' title='bbox 2903 3490 3025 3558; x_wconf 91' lang='lat' dir='ltr'><strong>quia</strong></span> <span class='ocrx_word' id='word_1_808' title='bbox 3056 3504 3114 3543; x_wconf 87' lang='lat' dir='ltr'><strong>se</strong></span> <span class='ocrx_word' id='word_1_809' title='bbox 3146 3490 3319 3561; x_wconf 86' lang='lat' dir='ltr'><strong>urgeri</strong></span> <span class='ocrx_word' id='word_1_810' title='bbox 3350 3488 3499 3561; x_wconf 75' lang='lat' dir='ltr'><strong>videt</strong></span> <span class='ocrx_word' id='word_1_811' title='bbox 3516 3488 3743 3561; x_wconf 75' lang='lat' dir='ltr'><strong>epistola</strong></span> 
     </span>
    </p>
   </div>
   <div class='ocr_carea' id='block_1_103' title="bbox 2148 3554 3744 3625">
    <p class='ocr_par' dir='ltr' id='par_1_103' title="bbox 2148 3554 3744 3625">
     <span class='ocr_line' id='line_1_103' title="bbox 2148 3554 3744 3625; baseline 0.004 -16"><span class='ocrx_word' id='word_1_812' title='bbox 2148 3558 2319 3611; x_wconf 87' lang='lat' dir='ltr'><strong>sancti</strong></span> <span class='ocrx_word' id='word_1_813' title='bbox 2345 3554 2621 3625; x_wconf 85' lang='lat' dir='ltr'><strong>Gregorii,</strong></span> <span class='ocrx_word' id='word_1_814' title='bbox 2669 3557 2813 3614; x_wconf 88' lang='lat' dir='ltr'><strong>illam</strong></span> <span class='ocrx_word' id='word_1_815' title='bbox 2864 3554 3164 3615; x_wconf 49' lang='lat' dir='ltr'><strong>in&#39;dubium</strong></span> <span class='ocrx_word' id='word_1_816' title='bbox 3207 3554 3442 3615; x_wconf 69' lang='lat' dir='ltr'><strong>revocat.</strong></span> <span class='ocrx_word' id='word_1_817' title='bbox 3471 3554 3564 3612; x_wconf 80' lang='lat' dir='ltr'><strong>Sic</strong></span> <span class='ocrx_word' id='word_1_818' title='bbox 3594 3559 3744 3616; x_wconf 88' lang='lat' dir='ltr'><strong>enim</strong></span> 
     </span>
    </p>
   </div>
   <div class='ocr_carea' id='block_1_104' title="bbox 2150 3627 3744 3700">
    <p class='ocr_par' dir='ltr' id='par_1_104' title="bbox 2150 3627 3744 3700">
     <span class='ocr_line' id='line_1_104' title="bbox 2150 3627 3744 3700; baseline 0.002 -20"><span class='ocrx_word' id='word_1_819' title='bbox 2150 3627 2226 3700; x_wconf 82' lang='lat' dir='ltr'><strong>ait</strong></span> <span class='ocrx_word' id='word_1_820' title='bbox 2256 3631 2414 3697; x_wconf 87' lang='lat' dir='ltr'><strong>epist.</strong></span> <span class='ocrx_word' id='word_1_821' title='bbox 2448 3630 2515 3683; x_wconf 85' lang='grc'><strong>10</strong></span> <span class='ocrx_word' id='word_1_822' title='bbox 2551 3647 2562 3681; x_wconf 93' lang='lat'><strong>:</strong></span> <span class='ocrx_word' id='word_1_823' title='bbox 2596 3628 2886 3698; x_wconf 88' lang='lat' dir='ltr'><strong>Epistolam</strong></span> <span class='ocrx_word' id='word_1_824' title='bbox 2924 3646 3036 3684; x_wconf 86' lang='lat' dir='ltr'><strong>vero</strong></span> <span class='ocrx_word' id='word_1_825' title='bbox 3072 3648 3225 3700; x_wconf 70' lang='lat' dir='ltr'><strong>(fuam</strong></span> <span class='ocrx_word' id='word_1_826' title='bbox 3251 3650 3281 3685; x_wconf 90' lang='lat' dir='ltr'><strong>a</strong></span> <span class='ocrx_word' id='word_1_827' title='bbox 3319 3632 3460 3685; x_wconf 89' lang='lat' dir='ltr'><strong>beato</strong></span> <span class='ocrx_word' id='word_1_828' title='bbox 3490 3628 3744 3697; x_wconf 85' lang='lat' dir='ltr'><strong>Gregorio</strong></span> 
     </span>
    </p>
   </div>
   <div class='ocr_carea' id='block_1_105' title="bbox 2150 3698 3743 3774">
    <p class='ocr_par' dir='ltr' id='par_1_105' title="bbox 2150 3698 3743 3774">
     <span class='ocr_line' id='line_1_105' title="bbox 2150 3698 3743 3774; baseline 0.001 -22"><span class='ocrx_word' id='word_1_829' title='bbox 2150 3698 2213 3774; x_wconf 79' lang='lat' dir='ltr'><strong>de</strong></span> <span class='ocrx_word' id='word_1_830' title='bbox 2239 3700 2422 3774; x_wconf 77' lang='lat' dir='ltr'><strong>simpla</strong></span> <span class='ocrx_word' id='word_1_831' title='bbox 2442 3702 2697 3774; x_wconf 78' lang='lat' dir='ltr'><strong>mersione</strong></span> <span class='ocrx_word' id='word_1_832' title='bbox 2713 3704 2897 3774; x_wconf 77' lang='lat' dir='ltr'><strong>dicunt</strong></span> <span class='ocrx_word' id='word_1_833' title='bbox 2925 3718 3030 3755; x_wconf 82' lang='lat' dir='ltr'><strong>esse</strong></span> <span class='ocrx_word' id='word_1_834' title='bbox 3054 3698 3395 3774; x_wconf 82' lang='lat' dir='ltr'><strong>conscriptam</strong></span> <span class='ocrx_word' id='word_1_835' title='bbox 3424 3743 3437 3767; x_wconf 91' lang='lat'><strong>,</strong></span> <span class='ocrx_word' id='word_1_836' title='bbox 3469 3710 3523 3754; x_wconf 76' lang='lat' dir='ltr'><strong>in</strong></span> <span class='ocrx_word' id='word_1_837' title='bbox 3546 3701 3743 3774; x_wconf 87' lang='lat' dir='ltr'><strong>episto-</strong></span> 
     </span>
    </p>
   </div>
   <div class='ocr_carea' id='block_1_106' title="bbox 2156 3770 3743 3841">
    <p class='ocr_par' dir='ltr' id='par_1_106' title="bbox 2156 3770 3743 3841">
     <span class='ocr_line' id='line_1_106' title="bbox 2156 3770 3743 3841; baseline 0.003 -20"><span class='ocrx_word' id='word_1_838' title='bbox 2156 3770 2255 3822; x_wconf 90' lang='lat' dir='ltr'><strong>lari</strong></span> <span class='ocrx_word' id='word_1_839' title='bbox 2291 3788 2386 3823; x_wconf 90' lang='lat' dir='ltr'><strong>suo</strong></span> <span class='ocrx_word' id='word_1_840' title='bbox 2414 3772 2544 3825; x_wconf 88' lang='lat' dir='ltr'><strong>libro</strong></span> <span class='ocrx_word' id='word_1_841' title='bbox 2572 3773 2659 3841; x_wconf 82' lang='lat' dir='ltr'><strong>qui</strong></span> <span class='ocrx_word' id='word_1_842' title='bbox 2686 3772 2748 3824; x_wconf 88' lang='lat' dir='ltr'><strong>de</strong></span> <span class='ocrx_word' id='word_1_843' title='bbox 2772 3772 2937 3825; x_wconf 71' lang='lat' dir='ltr'><strong>Itonia</strong></span> <span class='ocrx_word' id='word_1_844' title='bbox 2975 3773 3119 3827; x_wconf 85' lang='lat' dir='ltr'><strong>nobis</strong></span> <span class='ocrx_word' id='word_1_845' title='bbox 3145 3770 3333 3827; x_wconf 82' lang='lat' dir='ltr'><strong>allatus</strong></span> <span class='ocrx_word' id='word_1_846' title='bbox 3373 3782 3442 3827; x_wconf 86' lang='lat' dir='ltr'><strong>est</strong></span> <span class='ocrx_word' id='word_1_847' title='bbox 3473 3790 3574 3825; x_wconf 87' lang='lat' dir='ltr'><strong>non</strong></span> <span class='ocrx_word' id='word_1_848' title='bbox 3603 3773 3743 3826; x_wconf 69' lang='lat' dir='ltr'><strong>inve~</strong></span> 
     </span>
    </p>
   </div>
   <div class='ocr_carea' id='block_1_107' title="bbox 2151 3842 3744 3915">
    <p class='ocr_par' dir='ltr' id='par_1_107' title="bbox 2151 3842 3744 3915">
     <span class='ocr_line' id='line_1_107' title="bbox 2151 3842 3744 3915; baseline 0.004 -22"><span class='ocrx_word' id='word_1_849' title='bbox 2151 3842 2351 3915; x_wconf 73' lang='lat' dir='ltr'><strong>nimus;</strong></span> <span class='ocrx_word' id='word_1_850' title='bbox 2372 3844 2501 3915; x_wconf 88' lang='lat' dir='ltr'><strong>alias</strong></span> <span class='ocrx_word' id='word_1_851' title='bbox 2532 3858 2648 3895; x_wconf 86' lang='lat' dir='ltr'><strong>vero</strong></span> <span class='ocrx_word' id='word_1_852' title='bbox 2675 3859 2848 3896; x_wconf 84' lang='lat' dir='ltr'><strong>omnes</strong></span> <span class='ocrx_word' id='word_1_853' title='bbox 2877 3847 3224 3915; x_wconf 77' lang='lat' dir='ltr'><strong>perspeximus</strong></span> <span class='ocrx_word' id='word_1_854' title='bbox 3256 3848 3308 3898; x_wconf 91' lang='lat' dir='ltr'><strong>in</strong></span> <span class='ocrx_word' id='word_1_855' title='bbox 3337 3846 3561 3909; x_wconf 84' lang='lat' dir='ltr'><strong>eolibro,</strong></span> <span class='ocrx_word' id='word_1_856' title='bbox 3592 3859 3744 3913; x_wconf 83' lang='lat' dir='ltr'><strong>quem</strong></span> 
     </span>
    </p>
   </div>
   <div class='ocr_carea' id='block_1_108' title="bbox 2150 3913 3743 3986">
    <p class='ocr_par' dir='ltr' id='par_1_108' title="bbox 2150 3913 3743 3986">
     <span class='ocr_line' id='line_1_108' title="bbox 2150 3913 3743 3986; baseline 0.003 -22"><span class='ocrx_word' id='word_1_857' title='bbox 2150 3913 2220 3964; x_wconf 88' lang='lat' dir='ltr'><strong>ad</strong></span> <span class='ocrx_word' id='word_1_858' title='bbox 2247 3913 2639 3986; x_wconf 85' lang='lat' dir='ltr'><strong>occidentalium</strong></span> <span class='ocrx_word' id='word_1_859' title='bbox 2665 3913 2889 3984; x_wconf 85' lang='lat' dir='ltr'><strong>partium</strong></span> <span class='ocrx_word' id='word_1_860' title='bbox 2934 3914 3216 3980; x_wconf 76' lang='lat' dir='ltr'><strong>Ecclesias,</strong></span> <span class='ocrx_word' id='word_1_861' title='bbox 3241 3917 3526 3986; x_wconf 79' lang='lat' dir='ltr'><strong>pontifices,</strong></span> <span class='ocrx_word' id='word_1_862' title='bbox 3557 3916 3634 3969; x_wconf 84' lang='lat' dir='ltr'><strong>vel</strong></span> <span class='ocrx_word' id='word_1_863' title='bbox 3662 3932 3743 3968; x_wconf 85' lang='lat' dir='ltr'><strong>re-</strong></span> 
     </span>
    </p>
   </div>
   <div class='ocr_carea' id='block_1_109' title="bbox 2149 3984 3744 4053">
    <p class='ocr_par' dir='ltr' id='par_1_109' title="bbox 2149 3984 3744 4053">
     <span class='ocr_line' id='line_1_109' title="bbox 2149 3984 3744 4053; baseline 0.003 -18"><span class='ocrx_word' id='word_1_864' title='bbox 2149 3999 2236 4053; x_wconf 84' lang='lat' dir='ltr'><strong>ges</strong></span> <span class='ocrx_word' id='word_1_865' title='bbox 2262 3984 2557 4052; x_wconf 82' lang='lat' dir='ltr'><strong>scripserat;</strong></span> <span class='ocrx_word' id='word_1_866' title='bbox 2586 3986 2698 4039; x_wconf 88' lang='lat' dir='ltr'><strong>ideo</strong></span> <span class='ocrx_word' id='word_1_867' title='bbox 2729 3986 2869 4039; x_wconf 91' lang='lat' dir='ltr'><strong>dubii</strong></span> <span class='ocrx_word' id='word_1_868' title='bbox 2899 4003 3075 4039; x_wconf 89' lang='lat' dir='ltr'><strong>sumus</strong></span> <span class='ocrx_word' id='word_1_869' title='bbox 3097 4005 3163 4040; x_wconf 89' lang='lat' dir='ltr'><strong>un</strong></span> <span class='ocrx_word' id='word_1_870' title='bbox 3189 3984 3327 4042; x_wconf 87' lang='lat' dir='ltr'><strong>illius</strong></span> <span class='ocrx_word' id='word_1_871' title='bbox 3354 3990 3441 4052; x_wconf 89' lang='lat' dir='ltr'><strong>sit,</strong></span> <span class='ocrx_word' id='word_1_872' title='bbox 3465 4004 3531 4040; x_wconf 89' lang='lat' dir='ltr'><strong>an</strong></span> <span class='ocrx_word' id='word_1_873' title='bbox 3560 3986 3623 4039; x_wconf 85' lang='lat' dir='ltr'><strong>ab</strong></span> <span class='ocrx_word' id='word_1_874' title='bbox 3645 3986 3744 4039; x_wconf 67' lang='lat' dir='ltr'><strong>alio</strong></span> 
     </span>
    </p>
   </div>
   <div class='ocr_carea' id='block_1_110' title="bbox 2151 4054 3742 4124">
    <p class='ocr_par' dir='ltr' id='par_1_110' title="bbox 2151 4054 3742 4124">
     <span class='ocr_line' id='line_1_110' title="bbox 2151 4054 3742 4124; baseline 0.004 -19"><span class='ocrx_word' id='word_1_875' title='bbox 2151 4070 2253 4121; x_wconf 89' lang='lat' dir='ltr'><strong>quo</strong></span> <span class='ocrx_word' id='word_1_876' title='bbox 2284 4054 2441 4122; x_wconf 72' lang='lat' dir='ltr'><strong>liuius</strong></span> <span class='ocrx_word' id='word_1_877' title='bbox 2478 4067 2626 4109; x_wconf 69' lang='lat' dir='ltr'><strong>sectis</strong></span> <span class='ocrx_word' id='word_1_878' title='bbox 2668 4068 2877 4111; x_wconf 90' lang='lat' dir='ltr'><strong>auctore</strong></span> <span class='ocrx_word' id='word_1_879' title='bbox 2906 4060 2997 4111; x_wconf 86' lang='lat' dir='ltr'><strong>sub</strong></span> <span class='ocrx_word' id='word_1_880' title='bbox 3026 4059 3164 4112; x_wconf 88' lang='lat' dir='ltr'><strong>illius</strong></span> <span class='ocrx_word' id='word_1_881' title='bbox 3195 4060 3399 4113; x_wconf 84' lang='lat' dir='ltr'><strong>nomine</strong></span> <span class='ocrx_word' id='word_1_882' title='bbox 3430 4060 3621 4124; x_wconf 90' lang='lat' dir='ltr'><strong>scripta</strong></span> <span class='ocrx_word' id='word_1_883' title='bbox 3654 4060 3742 4114; x_wconf 86' lang='lat' dir='ltr'><strong>sit.</strong></span> 
     </span>
    </p>
   </div>
   <div class='ocr_carea' id='block_1_111' title="bbox 2149 4124 3743 4199">
    <p class='ocr_par' dir='ltr' id='par_1_111' title="bbox 2149 4124 3743 4199">
     <span class='ocr_line' id='line_1_111' title="bbox 2149 4124 3743 4199; baseline 0.003 -20"><span class='ocrx_word' id='word_1_884' title='bbox 2149 4124 2409 4199; x_wconf 67' lang='lat' dir='ltr'><strong>Haecine;</strong></span> <span class='ocrx_word' id='word_1_885' title='bbox 2444 4128 2536 4179; x_wconf 90' lang='lat' dir='ltr'><strong>sed</strong></span> <span class='ocrx_word' id='word_1_886' title='bbox 2586 4128 2872 4199; x_wconf 83' lang='lat' dir='ltr'><strong>immerito.</strong></span> <span class='ocrx_word' id='word_1_887' title='bbox 2928 4128 3057 4199; x_wconf 60' lang='lat' dir='ltr'><strong>Nam</strong></span> <span class='ocrx_word' id='word_1_888' title='bbox 3100 4132 3257 4199; x_wconf 88' lang='lat' dir='ltr'><strong>hujus</strong></span> <span class='ocrx_word' id='word_1_889' title='bbox 3301 4130 3539 4197; x_wconf 75' lang='lat' dir='ltr'><strong>epistola:</strong></span> <span class='ocrx_word' id='word_1_890' title='bbox 3568 4130 3743 4199; x_wconf 76' lang='lat' dir='ltr'><strong>styliis</strong></span> 
     </span>
    </p>
   </div>
   <div class='ocr_carea' id='block_1_112' title="bbox 2149 4197 3743 4271">
    <p class='ocr_par' dir='ltr' id='par_1_112' title="bbox 2149 4197 3743 4271">
     <span class='ocr_line' id='line_1_112' title="bbox 2149 4197 3743 4271; baseline 0.003 -20"><span class='ocrx_word' id='word_1_891' title='bbox 2149 4197 2294 4271; x_wconf 88' lang='lat' dir='ltr'><strong>idem</strong></span> <span class='ocrx_word' id='word_1_892' title='bbox 2324 4206 2407 4251; x_wconf 91' lang='lat' dir='ltr'><strong>est</strong></span> <span class='ocrx_word' id='word_1_893' title='bbox 2427 4212 2548 4271; x_wconf 85' lang='lat' dir='ltr'><strong>cum</strong></span> <span class='ocrx_word' id='word_1_894' title='bbox 2575 4197 2693 4252; x_wconf 89' lang='lat' dir='ltr'><strong>aliis</strong></span> <span class='ocrx_word' id='word_1_895' title='bbox 2716 4201 2884 4253; x_wconf 87' lang='lat' dir='ltr'><strong>sancti</strong></span> <span class='ocrx_word' id='word_1_896' title='bbox 2913 4198 3153 4269; x_wconf 80' lang='lat' dir='ltr'><strong>Gregorii</strong></span> <span class='ocrx_word' id='word_1_897' title='bbox 3174 4197 3440 4269; x_wconf 72' lang='lat' dir='ltr'><strong>epistolis.</strong></span> <span class='ocrx_word' id='word_1_898' title='bbox 3470 4203 3532 4255; x_wconf 80' lang='lat' dir='ltr'><strong>Et</strong></span> <span class='ocrx_word' id='word_1_899' title='bbox 3556 4197 3743 4271; x_wconf 51' lang='lat' dir='ltr'><strong>quam.</strong></span> 
     </span>
    </p>
   </div>
   <div class='ocr_carea' id='block_1_113' title="bbox 2156 4268 3742 4342">
    <p class='ocr_par' dir='ltr' id='par_1_113' title="bbox 2156 4268 3742 4342">
     <span class='ocr_line' id='line_1_113' title="bbox 2156 4268 3742 4342; baseline 0.004 -22"><span class='ocrx_word' id='word_1_900' title='bbox 2156 4268 2240 4342; x_wconf 86' lang='lat' dir='ltr'><strong>vis</strong></span> <span class='ocrx_word' id='word_1_901' title='bbox 2273 4270 2549 4342; x_wconf 83' lang='lat' dir='ltr'><strong>exemplar</strong></span> <span class='ocrx_word' id='word_1_902' title='bbox 2594 4271 2939 4342; x_wconf 88' lang='lat' dir='ltr'><strong>epistolaruiii</strong></span> <span class='ocrx_word' id='word_1_903' title='bbox 2971 4268 3142 4327; x_wconf 80' lang='lat' dir='ltr'><strong>sancti</strong></span> <span class='ocrx_word' id='word_1_904' title='bbox 3174 4273 3411 4342; x_wconf 80' lang='lat' dir='ltr'><strong>Gregorii</strong></span> <span class='ocrx_word' id='word_1_905' title='bbox 3443 4268 3608 4326; x_wconf 79' lang='lat' dir='ltr'><strong>Roma</strong></span> <span class='ocrx_word' id='word_1_906' title='bbox 3641 4272 3742 4335; x_wconf 83' lang='lat' dir='ltr'><strong>ipsi</strong></span> 
     </span>
    </p>
   </div>
   <div class='ocr_carea' id='block_1_114' title="bbox 2148 4340 3740 4411">
    <p class='ocr_par' dir='ltr' id='par_1_114' title="bbox 2148 4340 3740 4411">
     <span class='ocr_line' id='line_1_114' title="bbox 2148 4340 3740 4411; baseline 0.003 -19"><span class='ocrx_word' id='word_1_907' title='bbox 2148 4340 2376 4393; x_wconf 82' lang='lat' dir='ltr'><strong>Alcuino</strong></span> <span class='ocrx_word' id='word_1_908' title='bbox 2404 4342 2622 4394; x_wconf 87' lang='lat' dir='ltr'><strong>allatum</strong></span> <span class='ocrx_word' id='word_1_909' title='bbox 2648 4341 2784 4396; x_wconf 91' lang='lat' dir='ltr'><strong>hanc</strong></span> <span class='ocrx_word' id='word_1_910' title='bbox 2807 4344 3090 4411; x_wconf 84' lang='lat' dir='ltr'><strong>epistolam</strong></span> <span class='ocrx_word' id='word_1_911' title='bbox 3118 4360 3220 4397; x_wconf 87' lang='lat' dir='ltr'><strong>non</strong></span> <span class='ocrx_word' id='word_1_912' title='bbox 3248 4340 3509 4409; x_wconf 80' lang='lat' dir='ltr'><strong>habuerit,</strong></span> <span class='ocrx_word' id='word_1_913' title='bbox 3542 4342 3593 4396; x_wconf 89' lang='lat' dir='ltr'><strong>id</strong></span> <span class='ocrx_word' id='word_1_914' title='bbox 3622 4342 3740 4397; x_wconf 82' lang='lat' dir='ltr'><strong>el&#39;li-</strong></span> 
     </span>
    </p>
   </div>
   <div class='ocr_carea' id='block_1_115' title="bbox 2151 4413 3742 4480">
    <p class='ocr_par' dir='ltr' id='par_1_115' title="bbox 2151 4413 3742 4480">
     <span class='ocr_line' id='line_1_115' title="bbox 2151 4413 3742 4480; baseline 0.003 -17"><span class='ocrx_word' id='word_1_915' title='bbox 2151 4425 2276 4465; x_wconf 90' lang='lat' dir='ltr'><strong>cere</strong></span> <span class='ocrx_word' id='word_1_916' title='bbox 2299 4427 2403 4465; x_wconf 91' lang='lat' dir='ltr'><strong>non</strong></span> <span class='ocrx_word' id='word_1_917' title='bbox 2430 4420 2607 4480; x_wconf 85' lang='lat' dir='ltr'><strong>potest</strong></span> <span class='ocrx_word' id='word_1_918' title='bbox 2628 4422 2685 4467; x_wconf 89' lang='lat' dir='ltr'><strong>ut</strong></span> <span class='ocrx_word' id='word_1_919' title='bbox 2710 4413 2777 4469; x_wconf 86' lang='lat' dir='ltr'><strong>de</strong></span> <span class='ocrx_word' id='word_1_920' title='bbox 2802 4429 2862 4468; x_wconf 89' lang='lat' dir='ltr'><strong>ea</strong></span> <span class='ocrx_word' id='word_1_921' title='bbox 2889 4415 3209 4469; x_wconf 87' lang='lat' dir='ltr'><strong>dubitemus.</strong></span> <span class='ocrx_word' id='word_1_922' title='bbox 3227 4416 3358 4469; x_wconf 80' lang='lat' dir='ltr'><strong>Nam</strong></span> <span class='ocrx_word' id='word_1_923' title='bbox 3377 4415 3610 4470; x_wconf 75' lang='lat' dir='ltr'><strong>Joannes</strong></span> <span class='ocrx_word' id='word_1_924' title='bbox 3632 4414 3742 4469; x_wconf 84' lang='lat' dir='ltr'><strong>Dia-</strong></span> 
     </span>
    </p>
   </div>
   <div class='ocr_carea' id='block_1_116' title="bbox 2149 4485 3740 4556">
    <p class='ocr_par' dir='ltr' id='par_1_116' title="bbox 2149 4485 3740 4556">
     <span class='ocr_line' id='line_1_116' title="bbox 2149 4485 3740 4556; baseline 0.002 -22"><span class='ocrx_word' id='word_1_925' title='bbox 2149 4495 2318 4556; x_wconf 88' lang='lat' dir='ltr'><strong>conus</strong></span> <span class='ocrx_word' id='word_1_926' title='bbox 2344 4524 2359 4547; x_wconf 90' lang='lat'><strong>,</strong></span> <span class='ocrx_word' id='word_1_927' title='bbox 2391 4496 2576 4538; x_wconf 89' lang='lat' dir='ltr'><strong>auctor</strong></span> <span class='ocrx_word' id='word_1_928' title='bbox 2608 4485 2739 4539; x_wconf 76' lang='lat' dir='ltr'><strong>Vita:</strong></span> <span class='ocrx_word' id='word_1_929' title='bbox 2778 4488 2946 4540; x_wconf 90' lang='lat' dir='ltr'><strong>sancti</strong></span> <span class='ocrx_word' id='word_1_930' title='bbox 2976 4487 3241 4554; x_wconf 79' lang='lat' dir='ltr'><strong>Gregorii,</strong></span> <span class='ocrx_word' id='word_1_931' title='bbox 3272 4488 3361 4556; x_wconf 89' lang='lat' dir='ltr'><strong>qui</strong></span> <span class='ocrx_word' id='word_1_932' title='bbox 3389 4489 3569 4541; x_wconf 62' lang='lat' dir='ltr'><strong>Romze</strong></span> <span class='ocrx_word' id='word_1_933' title='bbox 3602 4486 3740 4539; x_wconf 85' lang='lat' dir='ltr'><strong>hanc</strong></span> 
     </span>
    </p>
   </div>
   <div class='ocr_carea' id='block_1_117' title="bbox 2151 4554 3740 4628">
    <p class='ocr_par' dir='ltr' id='par_1_117' title="bbox 2151 4554 3740 4628">
     <span class='ocr_line' id='line_1_117' title="bbox 2151 4554 3740 4628; baseline 0.004 -24"><span class='ocrx_word' id='word_1_934' title='bbox 2151 4554 2313 4628; x_wconf 77' lang='lat' dir='ltr'><strong>vitam</strong></span> <span class='ocrx_word' id='word_1_935' title='bbox 2339 4556 2557 4622; x_wconf 86' lang='lat' dir='ltr'><strong>scripsit</strong></span> <span class='ocrx_word' id='word_1_936' title='bbox 2586 4556 3029 4628; x_wconf 86' lang='lat' dir='ltr'><strong>temporeCaroli</strong></span> <span class='ocrx_word' id='word_1_937' title='bbox 3058 4559 3205 4612; x_wconf 82' lang='lat' dir='ltr'><strong>Calvi</strong></span> <span class='ocrx_word' id='word_1_938' title='bbox 3230 4598 3246 4624; x_wconf 95' lang='lat'><strong>,</strong></span> <span class='ocrx_word' id='word_1_939' title='bbox 3289 4554 3351 4613; x_wconf 79' lang='lat' dir='ltr'><strong>ac</strong></span> <span class='ocrx_word' id='word_1_940' title='bbox 3382 4557 3603 4628; x_wconf 87' lang='lat' dir='ltr'><strong>proinde</strong></span> <span class='ocrx_word' id='word_1_941' title='bbox 3632 4572 3740 4611; x_wconf 88' lang='lat' dir='ltr'><strong>non</strong></span> 
     </span>
    </p>
   </div>
   <div class='ocr_carea' id='block_1_118' title="bbox 455 4622 3741 4707">
    <p class='ocr_par' dir='ltr' id='par_1_118' title="bbox 455 4622 3741 4707">
     <span class='ocr_line' id='line_1_118' title="bbox 455 4622 3741 4707; baseline 0.002 -34"><span class='ocrx_word' id='word_1_942' title='bbox 455 4623 734 4707; x_wconf 72' lang='lat' dir='ltr'><strong>Augustini</strong></span> <span class='ocrx_word' id='word_1_943' title='bbox 763 4643 773 4677; x_wconf 91' lang='lat'>:</span> <span class='ocrx_word' id='word_1_944' title='bbox 806 4624 868 4679; x_wconf 89' lang='lat' dir='ltr'><strong>Si</strong></span> <span class='ocrx_word' id='word_1_945' title='bbox 894 4640 1007 4707; x_wconf 77' lang='lat' dir='ltr'><strong>vero</strong></span> <span class='ocrx_word' id='word_1_946' title='bbox 1038 4626 1238 4692; x_wconf 77' lang='lat' dir='ltr'><strong>parvuli</strong></span> <span class='ocrx_word' id='word_1_947' title='bbox 1264 4638 1381 4707; x_wconf 79' lang='lat' dir='ltr'><strong>sunt</strong></span> <span class='ocrx_word' id='word_1_948' title='bbox 1400 4664 1428 4707; x_wconf 11' lang='grc' dir='ltr'><strong>,γ</strong></span> <span class='ocrx_word' id='word_1_949' title='bbox 1447 4626 1525 4678; x_wconf 80' lang='lat' dir='ltr'><strong>vel</strong></span> <span class='ocrx_word' id='word_1_950' title='bbox 1550 4623 1783 4707; x_wconf 63' lang='lat' dir='ltr'><strong>bebetes,</strong></span> <span class='ocrx_word' id='word_1_951' title='bbox 1817 4627 1906 4693; x_wconf 87' lang='lat' dir='ltr'><strong>qui</strong></span> <span class='ocrx_word' id='word_1_952' title='bbox 1949 4628 2043 4707; x_wconf 46' lang='grc' dir='ltr'><strong>(ζου</strong></span> <span class='ocrx_word' id='word_1_953' title='bbox 2068 4645 2123 4707; x_wconf 72' lang='grc'>1)</span> <span class='ocrx_word' id='word_1_954' title='bbox 2148 4622 2284 4707; x_wconf 69' lang='lat' dir='ltr'><strong>adeo</strong></span> <span class='ocrx_word' id='word_1_955' title='bbox 2313 4636 2552 4707; x_wconf 78' lang='lat' dir='ltr'><strong>remotus</strong></span> <span class='ocrx_word' id='word_1_956' title='bbox 2597 4622 2903 4707; x_wconf 50' lang='lat' dir='ltr'><strong>all-AICUillj</strong></span> <span class='ocrx_word' id='word_1_957' title='bbox 2945 4637 3104 4707; x_wconf 63' lang='lat' dir='ltr'><strong>aetate</strong></span> <span class='ocrx_word' id='word_1_958' title='bbox 3127 4669 3142 4693; x_wconf 88' lang='lat'><strong>,</strong></span> <span class='ocrx_word' id='word_1_959' title='bbox 3183 4622 3405 4707; x_wconf 78' lang='lat' dir='ltr'><strong>cap._53</strong></span> <span class='ocrx_word' id='word_1_960' title='bbox 3439 4630 3569 4683; x_wconf 72' lang='lat' dir='ltr'><strong>Viue</strong></span> <span class='ocrx_word' id='word_1_961' title='bbox 3596 4627 3741 4696; x_wconf 77' lang='lat' dir='ltr'><strong>ejus-</strong></span> 
     </span>
    </p>
   </div>
   <div class='ocr_carea' id='block_1_119' title="bbox 453 4694 2044 4766">
    <p class='ocr_par' dir='ltr' id='par_1_119' title="bbox 453 4694 2044 4766">
     <span class='ocr_line' id='line_1_119' title="bbox 453 4694 2044 4766; baseline 0.004 -21"><span class='ocrx_word' id='word_1_962' title='bbox 453 4694 673 4753; x_wconf 78' lang='lat' dir='ltr'><strong>ctrinam</strong></span> <span class='ocrx_word' id='word_1_963' title='bbox 703 4712 804 4749; x_wconf 87' lang='lat' dir='ltr'><strong>non</strong></span> <span class='ocrx_word' id='word_1_964' title='bbox 831 4697 1060 4766; x_wconf 86' lang='lat' dir='ltr'><strong>sapiunt,</strong></span> <span class='ocrx_word' id='word_1_965' title='bbox 1090 4698 1430 4766; x_wconf 81' lang='lat' dir='ltr'><strong>respondeant</strong></span> <span class='ocrx_word' id='word_1_966' title='bbox 1452 4714 1541 4765; x_wconf 88' lang='lat' dir='ltr'><strong>pro</strong></span> <span class='ocrx_word' id='word_1_967' title='bbox 1566 4695 1670 4749; x_wconf 89' lang='lat' dir='ltr'><strong>illis</strong></span> <span class='ocrx_word' id='word_1_968' title='bbox 1694 4696 1783 4766; x_wconf 88' lang='lat' dir='ltr'><strong>qui</strong></span> <span class='ocrx_word' id='word_1_969' title='bbox 1803 4712 1889 4749; x_wconf 86' lang='lat' dir='ltr'><strong>eos</strong></span> <span class='ocrx_word' id='word_1_970' title='bbox 1916 4696 2044 4764; x_wconf 77' lang='lat' dir='ltr'><strong>olfe-</strong></span> 
     </span>
    </p>
   </div>
   <div class='ocr_carea' id='block_1_120' title="bbox 453 4766 1311 4838">
    <p class='ocr_par' dir='ltr' id='par_1_120' title="bbox 453 4766 1311 4838">
     <span class='ocr_line' id='line_1_120' title="bbox 453 4766 1311 4838; baseline 0.001 -16"><span class='ocrx_word' id='word_1_971' title='bbox 453 4775 584 4838; x_wconf 76' lang='lat' dir='ltr'><strong>runt</strong></span> <span class='ocrx_word' id='word_1_972' title='bbox 593 4766 748 4838; x_wconf 75' lang='lat' dir='ltr'><strong>juxta</strong></span> <span class='ocrx_word' id='word_1_973' title='bbox 774 4780 965 4822; x_wconf 89' lang='lat' dir='ltr'><strong>morem</strong></span> <span class='ocrx_word' id='word_1_974' title='bbox 996 4769 1311 4838; x_wconf 83' lang='lat' dir='ltr'><strong>baptizandi.</strong></span> 
     </span>
    </p>
   </div>
   <div class='ocr_carea' id='block_1_121' title="bbox 527 4835 2043 4909">
    <p class='ocr_par' dir='ltr' id='par_1_121' title="bbox 527 4835 2043 4909">
     <span class='ocr_line' id='line_1_121' title="bbox 527 4835 2043 4909; baseline 0.002 -19"><span class='ocrx_word' id='word_1_975' title='bbox 527 4835 651 4890; x_wconf 72' lang='lat'><strong>5‘25.</strong></span> <span class='ocrx_word' id='word_1_976' title='bbox 696 4836 761 4890; x_wconf 85' lang='lat' dir='ltr'><strong>Et</strong></span> <span class='ocrx_word' id='word_1_977' title='bbox 788 4856 881 4909; x_wconf 89' lang='lat' dir='ltr'><strong>ego</strong></span> <span class='ocrx_word' id='word_1_978' title='bbox 911 4835 1110 4907; x_wconf 74' lang='lat' dir='ltr'><strong>baptiso</strong></span> <span class='ocrx_word' id='word_1_979' title='bbox 1137 4850 1183 4892; x_wconf 92' lang='lat' dir='ltr'><strong>te</strong></span> <span class='ocrx_word' id='word_1_980' title='bbox 1209 4882 1222 4905; x_wconf 91' lang='lat'><strong>,</strong></span> <span class='ocrx_word' id='word_1_981' title='bbox 1254 4851 1360 4897; x_wconf 90' lang='lat' dir='ltr'><strong>etc.</strong></span> <span class='ocrx_word' id='word_1_982' title='bbox 1403 4839 1478 4896; x_wconf 87' lang='lat' dir='ltr'><strong>Ita</strong></span> <span class='ocrx_word' id='word_1_983' title='bbox 1510 4838 1561 4893; x_wconf 89' lang='lat' dir='ltr'><strong>iii</strong></span> <span class='ocrx_word' id='word_1_984' title='bbox 1598 4838 1767 4893; x_wconf 87' lang='lat' dir='ltr'><strong>Editis</strong></span> <span class='ocrx_word' id='word_1_985' title='bbox 1792 4880 1807 4904; x_wconf 94' lang='lat'><strong>,</strong></span> <span class='ocrx_word' id='word_1_986' title='bbox 1848 4837 1901 4892; x_wconf 92' lang='lat' dir='ltr'><strong>in</strong></span> <span class='ocrx_word' id='word_1_987' title='bbox 1943 4838 2043 4893; x_wconf 85' lang='lat' dir='ltr'><strong>0r-</strong></span> 
     </span>
    </p>
   </div>
   <div class='ocr_carea' id='block_1_122' title="bbox 453 4906 2043 4982">
    <p class='ocr_par' dir='ltr' id='par_1_122' title="bbox 453 4906 2043 4982">
     <span class='ocr_line' id='line_1_122' title="bbox 453 4906 2043 4982; baseline 0.003 -23"><span class='ocrx_word' id='word_1_988' title='bbox 453 4906 579 4982; x_wconf 81' lang='lat' dir='ltr'><strong>diiie</strong></span> <span class='ocrx_word' id='word_1_989' title='bbox 614 4906 877 4976; x_wconf 72' lang='lat' dir='ltr'><strong>Romano,</strong></span> <span class='ocrx_word' id='word_1_990' title='bbox 909 4906 1039 4966; x_wconf 86' lang='lat' dir='ltr'><strong>Cod.</strong></span> <span class='ocrx_word' id='word_1_991' title='bbox 1073 4910 1307 4981; x_wconf 82' lang='lat' dir='ltr'><strong>Ratoldi,</strong></span> <span class='ocrx_word' id='word_1_992' title='bbox 1332 4922 1386 4967; x_wconf 91' lang='lat' dir='ltr'><strong>et</strong></span> <span class='ocrx_word' id='word_1_993' title='bbox 1407 4910 1546 4982; x_wconf 91' lang='lat' dir='ltr'><strong>apud</strong></span> <span class='ocrx_word' id='word_1_994' title='bbox 1570 4910 1884 4982; x_wconf 77' lang='lat' dir='ltr'><strong>Pamelium.</strong></span> <span class='ocrx_word' id='word_1_995' title='bbox 1913 4910 2043 4963; x_wconf 82' lang='lat' dir='ltr'><strong>Par-</strong></span> 
     </span>
    </p>
   </div>
   <div class='ocr_carea' id='block_1_123' title="bbox 452 4977 2040 5053">
    <p class='ocr_par' dir='ltr' id='par_1_123' title="bbox 452 4977 2040 5053">
     <span class='ocr_line' id='line_1_123' title="bbox 452 4977 2040 5053; baseline 0.003 -22"><span class='ocrx_word' id='word_1_996' title='bbox 452 4977 611 5053; x_wconf 74' lang='lat' dir='ltr'><strong>ticula</strong></span> <span class='ocrx_word' id='word_1_997' title='bbox 632 4982 940 5053; x_wconf 82' lang='lat' dir='ltr'><strong>_et_additur</strong></span> <span class='ocrx_word' id='word_1_998' title='bbox 970 4990 1185 5051; x_wconf 89' lang='lat' dir='ltr'><strong>propter</strong></span> <span class='ocrx_word' id='word_1_999' title='bbox 1208 4977 1531 5053; x_wconf 80' lang='lat' dir='ltr'><strong>emphasim,</strong></span> <span class='ocrx_word' id='word_1_1000' title='bbox 1562 4996 1679 5049; x_wconf 78' lang='lat' dir='ltr'><strong>qua:</strong></span> <span class='ocrx_word' id='word_1_1001' title='bbox 1702 4980 2040 5053; x_wconf 63' lang='lat' dir='ltr'><strong>desideratur</strong></span> 
     </span>
    </p>
   </div>
   <div class='ocr_carea' id='block_1_124' title="bbox 451 5048 2040 5123">
    <p class='ocr_par' dir='ltr' id='par_1_124' title="bbox 451 5048 2040 5123">
     <span class='ocr_line' id='line_1_124' title="bbox 451 5048 2040 5123; baseline 0.001 -20"><span class='ocrx_word' id='word_1_1002' title='bbox 451 5049 505 5103; x_wconf 91' lang='lat' dir='ltr'><strong>in</strong></span> <span class='ocrx_word' id='word_1_1003' title='bbox 538 5048 670 5106; x_wconf 86' lang='lat' dir='ltr'><strong>Cod.</strong></span> <span class='ocrx_word' id='word_1_1004' title='bbox 702 5048 995 5123; x_wconf 81' lang='lat' dir='ltr'><strong>Rhcmensi</strong></span> <span class='ocrx_word' id='word_1_1005' title='bbox 1018 5093 1032 5117; x_wconf 91' lang='lat'><strong>,</strong></span> <span class='ocrx_word' id='word_1_1006' title='bbox 1070 5048 1145 5107; x_wconf 49' lang='lat' dir='ltr'><strong>&#39;ut</strong></span> <span class='ocrx_word' id='word_1_1007' title='bbox 1187 5048 1418 5123; x_wconf 83' lang='lat' dir='ltr'><strong>sequens</strong></span> <span class='ocrx_word' id='word_1_1008' title='bbox 1448 5048 1743 5123; x_wconf 82' lang='lat' dir='ltr'><strong>pronomen</strong></span> <span class='ocrx_word' id='word_1_1009' title='bbox 1785 5067 1897 5123; x_wconf 85' lang='lat' dir='ltr'><strong>ego.</strong></span> <span class='ocrx_word' id='word_1_1010' title='bbox 1942 5051 2040 5123; x_wconf 67' lang='lat' dir='ltr'><strong>ilic</strong></span> 
     </span>
    </p>
   </div>
   <div class='ocr_carea' id='block_1_125' title="bbox 451 5120 2034 5179">
    <p class='ocr_par' dir='ltr' id='par_1_125' title="bbox 451 5120 2034 5179">
     <span class='ocr_line' id='line_1_125' title="bbox 451 5120 2034 5179; baseline 0.002 -7"><span class='ocrx_word' id='word_1_1011' title='bbox 451 5129 628 5173; x_wconf 89' lang='lat' dir='ltr'><strong>autem</strong></span> <span class='ocrx_word' id='word_1_1012' title='bbox 660 5131 715 5175; x_wconf 91' lang='lat' dir='ltr'><strong>et</strong></span> <span class='ocrx_word' id='word_1_1013' title='bbox 742 5121 797 5176; x_wconf 89' lang='lat' dir='ltr'><strong>in</strong></span> <span class='ocrx_word' id='word_1_1014' title='bbox 828 5124 996 5179; x_wconf 84' lang='lat' dir='ltr'><strong>Editis</strong></span> <span class='ocrx_word' id='word_1_1015' title='bbox 1023 5135 1102 5177; x_wconf 85' lang='lat' dir='ltr'><strong>est</strong></span> <span class='ocrx_word' id='word_1_1016' title='bbox 1135 5120 1286 5179; x_wconf 85' lang='lat' dir='ltr'><strong>unica</strong></span> <span class='ocrx_word' id='word_1_1017' title='bbox 1316 5120 1532 5179; x_wconf 87' lang='lat' dir='ltr'><strong>mersio.</strong></span> <span class='ocrx_word' id='word_1_1018' title='bbox 1580 5124 1647 5174; x_wconf 82' lang='lat' dir='ltr'><strong>At</strong></span> <span class='ocrx_word' id='word_1_1019' title='bbox 1693 5122 1744 5174; x_wconf 91' lang='lat' dir='ltr'><strong>iii</strong></span> <span class='ocrx_word' id='word_1_1020' title='bbox 1782 5122 1901 5175; x_wconf 91' lang='lat' dir='ltr'><strong>aliis</strong></span> <span class='ocrx_word' id='word_1_1021' title='bbox 1929 5120 2034 5175; x_wconf 88' lang='lat' dir='ltr'><strong>Co—</strong></span> 
     </span>
    </p>
   </div>
   <div class='ocr_carea' id='block_1_126' title="bbox 452 5191 2031 5255">
    <p class='ocr_par' dir='ltr' id='par_1_126' title="bbox 452 5191 2031 5255">
     <span class='ocr_line' id='line_1_126' title="bbox 452 5191 2031 5255; baseline 0.005 -14"><span class='ocrx_word' id='word_1_1022' title='bbox 452 5192 662 5246; x_wconf 85' lang='lat' dir='ltr'><strong>dicibus</strong></span> <span class='ocrx_word' id='word_1_1023' title='bbox 690 5195 887 5250; x_wconf 89' lang='lat' dir='ltr'><strong>nostris</strong></span> <span class='ocrx_word' id='word_1_1024' title='bbox 914 5210 1041 5250; x_wconf 90' lang='lat' dir='ltr'><strong>mss.</strong></span> <span class='ocrx_word' id='word_1_1025' title='bbox 1078 5195 1369 5251; x_wconf 82' lang='lat' dir='ltr'><strong>Rhemensi</strong></span> <span class='ocrx_word' id='word_1_1026' title='bbox 1394 5204 1448 5250; x_wconf 88' lang='lat' dir='ltr'><strong>ct</strong></span> <span class='ocrx_word' id='word_1_1027' title='bbox 1476 5191 1686 5246; x_wconf 72' lang='lat' dir='ltr'><strong>ltatoldi</strong></span> <span class='ocrx_word' id='word_1_1028' title='bbox 1712 5233 1725 5255; x_wconf 90' lang='lat'><strong>,</strong></span> <span class='ocrx_word' id='word_1_1029' title='bbox 1760 5193 1809 5246; x_wconf 93' lang='lat' dir='ltr'><strong>in</strong></span> <span class='ocrx_word' id='word_1_1030' title='bbox 1832 5193 2031 5249; x_wconf 85' lang='lat' dir='ltr'><strong>Ordine</strong></span> 
     </span>
    </p>
   </div>
   <div class='ocr_carea' id='block_1_127' title="bbox 452 5261 2034 5333">
    <p class='ocr_par' dir='ltr' id='par_1_127' title="bbox 452 5261 2034 5333">
     <span class='ocr_line' id='line_1_127' title="bbox 452 5261 2034 5333; baseline 0.002 -18"><span class='ocrx_word' id='word_1_1031' title='bbox 452 5261 717 5328; x_wconf 85' lang='lat' dir='ltr'><strong>Romano,</strong></span> <span class='ocrx_word' id='word_1_1032' title='bbox 744 5272 853 5319; x_wconf 88' lang='lat' dir='ltr'><strong>tum</strong></span> <span class='ocrx_word' id='word_1_1033' title='bbox 884 5266 1074 5333; x_wconf 87' lang='lat' dir='ltr'><strong>Ediiis,</strong></span> <span class='ocrx_word' id='word_1_1034' title='bbox 1106 5277 1214 5320; x_wconf 91' lang='lat' dir='ltr'><strong>tum</strong></span> <span class='ocrx_word' id='word_1_1035' title='bbox 1248 5282 1347 5320; x_wconf 91' lang='lat' dir='ltr'><strong>ms.</strong></span> <span class='ocrx_word' id='word_1_1036' title='bbox 1382 5263 1716 5318; x_wconf 65' lang='lat' dir='ltr'><strong>bibliothecae</strong></span> <span class='ocrx_word' id='word_1_1037' title='bbox 1742 5263 2034 5319; x_wconf 61' lang='lat' dir='ltr'><strong>Corbeieno</strong></span> 
     </span>
    </p>
   </div>
   <div class='ocr_carea' id='block_1_128' title="bbox 451 5334 2033 5405">
    <p class='ocr_par' dir='ltr' id='par_1_128' title="bbox 451 5334 2033 5405">
     <span class='ocr_line' id='line_1_128' title="bbox 451 5334 2033 5405; baseline 0.004 -21"><span class='ocrx_word' id='word_1_1038' title='bbox 451 5334 527 5385; x_wconf 91' lang='lat' dir='ltr'><strong>sis</strong></span> <span class='ocrx_word' id='word_1_1039' title='bbox 548 5375 563 5400; x_wconf 94' lang='lat'><strong>,</strong></span> <span class='ocrx_word' id='word_1_1040' title='bbox 596 5344 649 5389; x_wconf 90' lang='lat' dir='ltr'><strong>et</strong></span> <span class='ocrx_word' id='word_1_1041' title='bbox 678 5337 817 5404; x_wconf 88' lang='lat' dir='ltr'><strong>apud</strong></span> <span class='ocrx_word' id='word_1_1042' title='bbox 848 5336 1135 5393; x_wconf 74' lang='lat' dir='ltr'><strong>Pamelium</strong></span> <span class='ocrx_word' id='word_1_1043' title='bbox 1164 5381 1178 5404; x_wconf 93' lang='lat'><strong>,</strong></span> <span class='ocrx_word' id='word_1_1044' title='bbox 1212 5334 1658 5405; x_wconf 90' lang='lat' dir='ltr'><strong>quemadmodum</strong></span> <span class='ocrx_word' id='word_1_1045' title='bbox 1690 5343 1744 5387; x_wconf 86' lang='lat' dir='ltr'><strong>et</strong></span> <span class='ocrx_word' id='word_1_1046' title='bbox 1774 5337 1909 5403; x_wconf 90' lang='lat' dir='ltr'><strong>apud</strong></span> <span class='ocrx_word' id='word_1_1047' title='bbox 1941 5337 2033 5390; x_wconf 83' lang='lat' dir='ltr'><strong>Al-</strong></span> 
     </span>
    </p>
   </div>
   <div class='ocr_carea' id='block_1_129' title="bbox 450 5404 2031 5475">
    <p class='ocr_par' dir='ltr' id='par_1_129' title="bbox 450 5404 2031 5475">
     <span class='ocr_line' id='line_1_129' title="bbox 450 5404 2031 5475; baseline 0.002 -18"><span class='ocrx_word' id='word_1_1048' title='bbox 450 5405 690 5468; x_wconf 84' lang='lat' dir='ltr'><strong>cuinum,</strong></span> <span class='ocrx_word' id='word_1_1049' title='bbox 722 5407 815 5461; x_wconf 93' lang='lat' dir='ltr'><strong>lib.</strong></span> <span class='ocrx_word' id='word_1_1050' title='bbox 847 5407 913 5463; x_wconf 92' lang='lat' dir='ltr'><strong>de</strong></span> <span class='ocrx_word' id='word_1_1051' title='bbox 943 5409 1135 5463; x_wconf 86' lang='lat' dir='ltr'><strong>divinis</strong></span> <span class='ocrx_word' id='word_1_1052' title='bbox 1161 5404 1386 5475; x_wconf 79' lang='lat' dir='ltr'><strong>Ofﬁciis,</strong></span> <span class='ocrx_word' id='word_1_1053' title='bbox 1420 5421 1537 5474; x_wconf 82' lang='lat' dir='ltr'><strong>cap.</strong></span> <span class='ocrx_word' id='word_1_1054' title='bbox 1561 5404 1628 5460; x_wconf 89' lang='lat' dir='ltr'><strong>de</strong></span> <span class='ocrx_word' id='word_1_1055' title='bbox 1655 5406 1885 5461; x_wconf 86' lang='lat' dir='ltr'><strong>Sabbato</strong></span> <span class='ocrx_word' id='word_1_1056' title='bbox 1907 5421 2031 5461; x_wconf 87' lang='lat' dir='ltr'><strong>san-</strong></span> 
     </span>
    </p>
   </div>
   <div class='ocr_carea' id='block_1_130' title="bbox 452 5477 2031 5546">
    <p class='ocr_par' dir='ltr' id='par_1_130' title="bbox 452 5477 2031 5546">
     <span class='ocr_line' id='line_1_130' title="bbox 452 5477 2031 5546; baseline 0.004 -20"><span class='ocrx_word' id='word_1_1057' title='bbox 452 5484 540 5546; x_wconf 84' lang='lat' dir='ltr'><strong>cto</strong></span> <span class='ocrx_word' id='word_1_1058' title='bbox 564 5516 581 5542; x_wconf 89' lang='lat'><strong>,</strong></span> <span class='ocrx_word' id='word_1_1059' title='bbox 614 5477 1021 5545; x_wconf 85' lang='lat' dir='ltr'><strong>Theodulphum</strong></span> <span class='ocrx_word' id='word_1_1060' title='bbox 1049 5479 1489 5533; x_wconf 82' lang='lat' dir='ltr'><strong>Aurelianensem</strong></span> <span class='ocrx_word' id='word_1_1061' title='bbox 1519 5517 1533 5541; x_wconf 96' lang='lat'><strong>,</strong></span> <span class='ocrx_word' id='word_1_1062' title='bbox 1566 5491 1682 5546; x_wconf 88' lang='lat' dir='ltr'><strong>cap.</strong></span> <span class='ocrx_word' id='word_1_1063' title='bbox 1719 5478 1785 5532; x_wconf 77' lang='grc'><strong>15</strong></span> <span class='ocrx_word' id='word_1_1064' title='bbox 1814 5478 1932 5533; x_wconf 92' lang='lat' dir='ltr'><strong>libri</strong></span> <span class='ocrx_word' id='word_1_1065' title='bbox 1964 5477 2031 5532; x_wconf 89' lang='lat' dir='ltr'><strong>de</strong></span> 
     </span>
    </p>
   </div>
   <div class='ocr_carea' id='block_1_131' title="bbox 452 5544 2019 5619">
    <p class='ocr_par' dir='ltr' id='par_1_131' title="bbox 452 5544 2019 5619">
     <span class='ocr_line' id='line_1_131' title="bbox 452 5544 2019 5619; baseline 0.004 -23"><span class='ocrx_word' id='word_1_1066' title='bbox 452 5544 652 5601; x_wconf 81' lang='lat' dir='ltr'><strong>Ordine</strong></span> <span class='ocrx_word' id='word_1_1067' title='bbox 679 5544 926 5617; x_wconf 81' lang='lat' dir='ltr'><strong>baptismi</strong></span> <span class='ocrx_word' id='word_1_1068' title='bbox 951 5589 966 5615; x_wconf 89' lang='lat'><strong>,</strong></span> <span class='ocrx_word' id='word_1_1069' title='bbox 996 5560 1049 5603; x_wconf 91' lang='lat' dir='ltr'><strong>et</strong></span> <span class='ocrx_word' id='word_1_1070' title='bbox 1073 5548 1222 5604; x_wconf 83' lang='lat' dir='ltr'><strong>Jessc</strong></span> <span class='ocrx_word' id='word_1_1071' title='bbox 1251 5544 1657 5603; x_wconf 82' lang='lat' dir='ltr'><strong>Ainbianensem</strong></span> <span class='ocrx_word' id='word_1_1072' title='bbox 1690 5550 2019 5619; x_wconf 90' lang='lat' dir='ltr'><strong>episcopum,</strong></span> 
     </span>
    </p>
   </div>
   <div class='ocr_carea' id='block_1_132' title="bbox 455 5618 2028 5691">
    <p class='ocr_par' dir='ltr' id='par_1_132' title="bbox 455 5618 2028 5691">
     <span class='ocr_line' id='line_1_132' title="bbox 455 5618 2028 5691; baseline 0.003 -21"><span class='ocrx_word' id='word_1_1073' title='bbox 455 5618 677 5684; x_wconf 84' lang='lat' dir='ltr'><strong>epistola</strong></span> <span class='ocrx_word' id='word_1_1074' title='bbox 708 5634 867 5689; x_wconf 89' lang='lat' dir='ltr'><strong>supra</strong></span> <span class='ocrx_word' id='word_1_1075' title='bbox 899 5622 1079 5686; x_wconf 83' lang='lat' dir='ltr'><strong>citata,</strong></span> <span class='ocrx_word' id='word_1_1076' title='bbox 1114 5632 1195 5673; x_wconf 87' lang='lat' dir='ltr'><strong>est</strong></span> <span class='ocrx_word' id='word_1_1077' title='bbox 1224 5632 1244 5653; x_wconf 76' lang='grc' dir='ltr'>υ</span> <span class='ocrx_word' id='word_1_1078' title='bbox 1279 5621 1413 5673; x_wconf 90' lang='lat' dir='ltr'><strong>trina</strong></span> <span class='ocrx_word' id='word_1_1079' title='bbox 1445 5619 1716 5673; x_wconf 89' lang='lat' dir='ltr'><strong>immersio</strong></span> <span class='ocrx_word' id='word_1_1080' title='bbox 1738 5618 1890 5690; x_wconf 81' lang='lat' dir='ltr'><strong>juxta</strong></span> <span class='ocrx_word' id='word_1_1081' title='bbox 1920 5621 2028 5691; x_wconf 86' lang='lat' dir='ltr'><strong>pri-</strong></span> 
     </span>
    </p>
   </div>
   <div class='ocr_carea' id='block_1_133' title="bbox 454 5691 2026 5760">
    <p class='ocr_par' dir='ltr' id='par_1_133' title="bbox 454 5691 2026 5760">
     <span class='ocr_line' id='line_1_133' title="bbox 454 5691 2026 5760; baseline 0.004 -21"><span class='ocrx_word' id='word_1_1082' title='bbox 454 5701 602 5741; x_wconf 90' lang='lat' dir='ltr'><strong>scum</strong></span> <span class='ocrx_word' id='word_1_1083' title='bbox 636 5691 885 5745; x_wconf 69' lang='lat' dir='ltr'><strong>Ecclesia:</strong></span> <span class='ocrx_word' id='word_1_1084' title='bbox 912 5706 1111 5746; x_wconf 91' lang='lat' dir='ltr'><strong>morem</strong></span> <span class='ocrx_word' id='word_1_1085' title='bbox 1137 5730 1153 5758; x_wconf 93' lang='lat'><strong>,</strong></span> <span class='ocrx_word' id='word_1_1086' title='bbox 1183 5706 1339 5760; x_wconf 89' lang='lat' dir='ltr'><strong>quem</strong></span> <span class='ocrx_word' id='word_1_1087' title='bbox 1368 5691 1551 5745; x_wconf 82' lang='lat' dir='ltr'><strong>videre</strong></span> <span class='ocrx_word' id='word_1_1088' title='bbox 1590 5702 1672 5746; x_wconf 88' lang='lat' dir='ltr'><strong>est</strong></span> <span class='ocrx_word' id='word_1_1089' title='bbox 1714 5692 1766 5744; x_wconf 92' lang='lat' dir='ltr'><strong>in</strong></span> <span class='ocrx_word' id='word_1_1090' title='bbox 1805 5706 1924 5746; x_wconf 89' lang='lat' dir='ltr'><strong>can.</strong></span> <span class='ocrx_word' id='word_1_1091' title='bbox 1956 5692 2026 5746; x_wconf 80' lang='grc'><strong>50</strong></span> 
     </span>
    </p>
   </div>
   <div class='ocr_carea' id='block_1_134' title="bbox 456 5760 2036 5832">
    <p class='ocr_par' dir='ltr' id='par_1_134' title="bbox 456 5760 2036 5832">
     <span class='ocr_line' id='line_1_134' title="bbox 456 5760 2036 5832; baseline 0.006 -23"><span class='ocrx_word' id='word_1_1092' title='bbox 456 5760 843 5830; x_wconf 89' lang='lat' dir='ltr'><strong>apostolorum,</strong></span> <span class='ocrx_word' id='word_1_1093' title='bbox 869 5772 922 5817; x_wconf 91' lang='lat' dir='ltr'><strong>et</strong></span> <span class='ocrx_word' id='word_1_1094' title='bbox 948 5763 1086 5831; x_wconf 87' lang='lat' dir='ltr'><strong>apud</strong></span> <span class='ocrx_word' id='word_1_1095' title='bbox 1116 5764 1360 5832; x_wconf 87' lang='lat' dir='ltr'><strong>antiquos</strong></span> <span class='ocrx_word' id='word_1_1096' title='bbox 1393 5762 1600 5829; x_wconf 85' lang='lat' dir='ltr'><strong>Patres,</strong></span> <span class='ocrx_word' id='word_1_1097' title='bbox 1631 5771 1873 5817; x_wconf 89' lang='lat' dir='ltr'><strong>sanctum</strong></span> <span class='ocrx_word' id='word_1_1098' title='bbox 1909 5763 2036 5818; x_wconf 89' lang='lat' dir='ltr'><strong>Dio-</strong></span> 
     </span>
    </p>
   </div>
   <div class='ocr_carea' id='block_1_135' title="bbox 531 5847 2033 5945">
    <p class='ocr_par' dir='ltr' id='par_1_135' title="bbox 531 5847 2033 5945">
     <span class='ocr_line' id='line_1_135' title="bbox 531 5847 2033 5945; baseline 0.003 -20"><span class='ocrx_word' id='word_1_1099' title='bbox 531 5880 556 5909; x_wconf 73' lang='grc' dir='ltr'>ι</span> <span class='ocrx_word' id='word_1_1100' title='bbox 604 5874 681 5926; x_wconf 88' lang='lat' dir='ltr'><strong>lia</strong></span> <span class='ocrx_word' id='word_1_1101' title='bbox 728 5890 938 5945; x_wconf 86' lang='lat' dir='ltr'><strong>quoque</strong></span> <span class='ocrx_word' id='word_1_1102' title='bbox 985 5876 1035 5929; x_wconf 92' lang='lat' dir='ltr'><strong>in</strong></span> <span class='ocrx_word' id='word_1_1103' title='bbox 1078 5847 1213 5931; x_wconf 84' lang='lat' dir='ltr'><strong>Cod.</strong></span> <span class='ocrx_word' id='word_1_1104' title='bbox 1244 5872 1451 5930; x_wconf 84' lang='lat' dir='ltr'><strong>Gemci.</strong></span> <span class='ocrx_word' id='word_1_1105' title='bbox 1485 5890 1547 5929; x_wconf 85' lang='lat' dir='ltr'><strong>ac</strong></span> <span class='ocrx_word' id='word_1_1106' title='bbox 1574 5874 1779 5930; x_wconf 87' lang='lat' dir='ltr'><strong>Theod.</strong></span> <span class='ocrx_word' id='word_1_1107' title='bbox 1812 5876 1867 5929; x_wconf 90' lang='lat' dir='ltr'><strong>In</strong></span> <span class='ocrx_word' id='word_1_1108' title='bbox 1897 5876 2033 5931; x_wconf 90' lang='lat' dir='ltr'><strong>Cod.</strong></span> 
     </span>
    </p>
   </div>
   <div class='ocr_carea' id='block_1_136' title="bbox 459 5939 2038 6004">
    <p class='ocr_par' dir='ltr' id='par_1_136' title="bbox 459 5939 2038 6004">
     <span class='ocr_line' id='line_1_136' title="bbox 459 5939 2038 6004; baseline 0.004 -7"><span class='ocrx_word' id='word_1_1109' title='bbox 459 5939 596 6004; x_wconf 69' lang='lat' dir='ltr'><strong>Reg.</strong></span> <span class='ocrx_word' id='word_1_1110' title='bbox 626 5939 833 6000; x_wconf 76' lang='lat' dir='ltr'><strong>Succiac</strong></span> <span class='ocrx_word' id='word_1_1111' title='bbox 854 5939 1009 6003; x_wconf 81' lang='lat' dir='ltr'><strong>nulla</strong></span> <span class='ocrx_word' id='word_1_1112' title='bbox 1040 5956 1131 6001; x_wconf 87' lang='lat' dir='ltr'><strong>aut</strong></span> <span class='ocrx_word' id='word_1_1113' title='bbox 1159 5948 1329 6003; x_wconf 78' lang='lat' dir='ltr'><strong>unicae</strong></span> <span class='ocrx_word' id='word_1_1114' title='bbox 1357 5961 1447 6003; x_wconf 89' lang='lat' dir='ltr'><strong>aut</strong></span> <span class='ocrx_word' id='word_1_1115' title='bbox 1483 5948 1637 6004; x_wconf 64' lang='lat' dir='ltr'><strong>trina:</strong></span> <span class='ocrx_word' id='word_1_1116' title='bbox 1666 5948 1949 6004; x_wconf 85' lang='lat' dir='ltr'><strong>mersionis</strong></span> <span class='ocrx_word' id='word_1_1117' title='bbox 1978 5950 2038 6003; x_wconf 90' lang='lat' dir='ltr'><strong>tit</strong></span> 
     </span>
    </p>
   </div>
   <div class='ocr_carea' id='block_1_137' title="bbox 2152 4693 3740 4770">
    <p class='ocr_par' dir='ltr' id='par_1_137' title="bbox 2152 4693 3740 4770">
     <span class='ocr_line' id='line_1_137' title="bbox 2152 4693 3740 4770; baseline 0.005 -25"><span class='ocrx_word' id='word_1_1118' title='bbox 2152 4693 2273 4747; x_wconf 88' lang='lat' dir='ltr'><strong>dem</strong></span> <span class='ocrx_word' id='word_1_1119' title='bbox 2301 4734 2317 4758; x_wconf 90' lang='lat'><strong>,</strong></span> <span class='ocrx_word' id='word_1_1120' title='bbox 2368 4697 2505 4749; x_wconf 86' lang='lat' dir='ltr'><strong>lianc</strong></span> <span class='ocrx_word' id='word_1_1121' title='bbox 2534 4698 2777 4751; x_wconf 86' lang='lat' dir='ltr'><strong>eamdem</strong></span> <span class='ocrx_word' id='word_1_1122' title='bbox 2806 4697 3086 4766; x_wconf 85' lang='lat' dir='ltr'><strong>epistolam</strong></span> <span class='ocrx_word' id='word_1_1123' title='bbox 3108 4693 3348 4770; x_wconf 80' lang='lat' dir='ltr'><strong>agnoscit</strong></span> <span class='ocrx_word' id='word_1_1124' title='bbox 3374 4693 3740 4769; x_wconf 46' lang='lat' dir='ltr'><strong>tanquaiii&#39;ve-</strong></span> 
     </span>
    </p>
   </div>
   <div class='ocr_carea' id='block_1_138' title="bbox 2148 4770 3743 4840">
    <p class='ocr_par' dir='ltr' id='par_1_138' title="bbox 2148 4770 3743 4840">
     <span class='ocr_line' id='line_1_138' title="bbox 2148 4770 3743 4840; baseline 0.006 -23"><span class='ocrx_word' id='word_1_1125' title='bbox 2148 4778 2268 4817; x_wconf 90' lang='lat' dir='ltr'><strong>rum</strong></span> <span class='ocrx_word' id='word_1_1126' title='bbox 2301 4773 2367 4840; x_wconf 87' lang='lat' dir='ltr'><strong>_et</strong></span> <span class='ocrx_word' id='word_1_1127' title='bbox 2411 4781 2723 4840; x_wconf 83' lang='lat' dir='ltr'><strong>germanum</strong></span> <span class='ocrx_word' id='word_1_1128' title='bbox 2754 4770 2923 4823; x_wconf 87' lang='lat' dir='ltr'><strong>sancti</strong></span> <span class='ocrx_word' id='word_1_1129' title='bbox 2954 4770 3197 4839; x_wconf 89' lang='lat' dir='ltr'><strong>Gregorii</strong></span> <span class='ocrx_word' id='word_1_1130' title='bbox 3238 4774 3402 4826; x_wconf 81' lang='lat' dir='ltr'><strong>fetum</strong></span> <span class='ocrx_word' id='word_1_1131' title='bbox 3431 4788 3445 4836; x_wconf 90' lang='lat'><strong>;</strong></span> <span class='ocrx_word' id='word_1_1132' title='bbox 3478 4773 3565 4840; x_wconf 89' lang='lat' dir='ltr'><strong>qui</strong></span> <span class='ocrx_word' id='word_1_1133' title='bbox 3609 4785 3743 4827; x_wconf 83' lang='lat' dir='ltr'><strong>sane</strong></span> 
     </span>
    </p>
   </div>
   <div class='ocr_carea' id='block_1_139' title="bbox 2146 4835 3743 4908">
    <p class='ocr_par' dir='ltr' id='par_1_139' title="bbox 2146 4835 3743 4908">
     <span class='ocr_line' id='line_1_139' title="bbox 2146 4835 3743 4908; baseline 0.004 -20"><span class='ocrx_word' id='word_1_1134' title='bbox 2146 4848 2267 4889; x_wconf 92' lang='lat' dir='ltr'><strong>cum</strong></span> <span class='ocrx_word' id='word_1_1135' title='bbox 2301 4835 2485 4891; x_wconf 63' lang='lat' dir='ltr'><strong>Romae</strong></span> <span class='ocrx_word' id='word_1_1136' title='bbox 2510 4839 2769 4893; x_wconf 88' lang='lat' dir='ltr'><strong>scriberet</strong></span> <span class='ocrx_word' id='word_1_1137' title='bbox 2796 4840 2931 4895; x_wconf 88' lang='lat' dir='ltr'><strong>hanc</strong></span> <span class='ocrx_word' id='word_1_1138' title='bbox 2954 4835 3140 4908; x_wconf 76' lang='lat' dir='ltr'><strong>vitain,</strong></span> <span class='ocrx_word' id='word_1_1139' title='bbox 3173 4860 3279 4897; x_wconf 91' lang='lat' dir='ltr'><strong>non</strong></span> <span class='ocrx_word' id='word_1_1140' title='bbox 3311 4835 3743 4897; x_wconf 73' lang='lat' dir='ltr'><strong>habebatexem-</strong></span> 
     </span>
    </p>
   </div>
   <div class='ocr_carea' id='block_1_140' title="bbox 2148 4908 3735 4981">
    <p class='ocr_par' dir='ltr' id='par_1_140' title="bbox 2148 4908 3735 4981">
     <span class='ocr_line' id='line_1_140' title="bbox 2148 4908 3735 4981; baseline 0.004 -22"><span class='ocrx_word' id='word_1_1141' title='bbox 2148 4908 2262 4974; x_wconf 87' lang='lat' dir='ltr'><strong>plar</strong></span> <span class='ocrx_word' id='word_1_1142' title='bbox 2283 4908 2351 4981; x_wconf 78' lang='lat' dir='ltr'><strong>ab</strong></span> <span class='ocrx_word' id='word_1_1143' title='bbox 2374 4909 2627 4975; x_wconf 46' lang='lat' dir='ltr'><strong>l&#39;lisiiania</strong></span> <span class='ocrx_word' id='word_1_1144' title='bbox 2647 4920 2913 4965; x_wconf 83' lang='lat' dir='ltr'><strong>avectum.</strong></span> <span class='ocrx_word' id='word_1_1145' title='bbox 2937 4914 3043 4968; x_wconf 87' lang='lat' dir='ltr'><strong>Sed</strong></span> <span class='ocrx_word' id='word_1_1146' title='bbox 3066 4925 3120 4968; x_wconf 92' lang='lat' dir='ltr'><strong>et</strong></span> <span class='ocrx_word' id='word_1_1147' title='bbox 3147 4914 3431 4968; x_wconf 87' lang='lat' dir='ltr'><strong>concilium</strong></span> <span class='ocrx_word' id='word_1_1148' title='bbox 3456 4912 3630 4965; x_wconf 86' lang='lat' dir='ltr'><strong>Tolet.</strong></span> <span class='ocrx_word' id='word_1_1149' title='bbox 3657 4927 3735 4981; x_wconf 92' lang='lat' dir='ltr'><strong>iv,</strong></span> 
     </span>
    </p>
   </div>
   <div class='ocr_carea' id='block_1_141' title="bbox 2149 4978 3742 5051">
    <p class='ocr_par' dir='ltr' id='par_1_141' title="bbox 2149 4978 3742 5051">
     <span class='ocr_line' id='line_1_141' title="bbox 2149 4978 3742 5051; baseline 0.004 -20"><span class='ocrx_word' id='word_1_1150' title='bbox 2149 4991 2273 5033; x_wconf 85' lang='lat' dir='ltr'><strong>can.</strong></span> <span class='ocrx_word' id='word_1_1151' title='bbox 2302 4978 2336 5031; x_wconf 85' lang='lat'><strong>5</strong></span> <span class='ocrx_word' id='word_1_1152' title='bbox 2356 5019 2371 5045; x_wconf 89' lang='lat'><strong>,</strong></span> <span class='ocrx_word' id='word_1_1153' title='bbox 2405 4983 2487 5034; x_wconf 83' lang='lat' dir='ltr'><strong>cui</strong></span> <span class='ocrx_word' id='word_1_1154' title='bbox 2521 4981 2731 5050; x_wconf 69' lang='lat' dir='ltr'><strong>praefuit</strong></span> <span class='ocrx_word' id='word_1_1155' title='bbox 2752 4992 2969 5039; x_wconf 88' lang='lat' dir='ltr'><strong>sanctus</strong></span> <span class='ocrx_word' id='word_1_1156' title='bbox 3001 4985 3235 5040; x_wconf 86' lang='lat' dir='ltr'><strong>Isidorus</strong></span> <span class='ocrx_word' id='word_1_1157' title='bbox 3267 4983 3594 5051; x_wconf 87' lang='lat' dir='ltr'><strong>Hispalciisis</strong></span> <span class='ocrx_word' id='word_1_1158' title='bbox 3621 4978 3742 5050; x_wconf 79' lang='lat' dir='ltr'><strong>epi-</strong></span> 
     </span>
    </p>
   </div>
   <div class='ocr_carea' id='block_1_142' title="bbox 2148 5052 3747 5122">
    <p class='ocr_par' dir='ltr' id='par_1_142' title="bbox 2148 5052 3747 5122">
     <span class='ocr_line' id='line_1_142' title="bbox 2148 5052 3747 5122; baseline -0.001 -19"><span class='ocrx_word' id='word_1_1159' title='bbox 2148 5065 2367 5120; x_wconf 88' lang='lat' dir='ltr'><strong>scopus,</strong></span> <span class='ocrx_word' id='word_1_1160' title='bbox 2400 5052 2561 5106; x_wconf 80' lang='lat' dir='ltr'><strong>frater</strong></span> <span class='ocrx_word' id='word_1_1161' title='bbox 2582 5056 2751 5107; x_wconf 89' lang='lat' dir='ltr'><strong>sancti</strong></span> <span class='ocrx_word' id='word_1_1162' title='bbox 2770 5054 3028 5119; x_wconf 87' lang='lat' dir='ltr'><strong>Leandri,</strong></span> <span class='ocrx_word' id='word_1_1163' title='bbox 3066 5056 3149 5108; x_wconf 90' lang='lat' dir='ltr'><strong>cui</strong></span> <span class='ocrx_word' id='word_1_1164' title='bbox 3176 5055 3336 5107; x_wconf 89' lang='lat' dir='ltr'><strong>missa</strong></span> <span class='ocrx_word' id='word_1_1165' title='bbox 3367 5052 3464 5106; x_wconf 83' lang='lat' dir='ltr'><strong>fuit</strong></span> <span class='ocrx_word' id='word_1_1166' title='bbox 3477 5052 3601 5122; x_wconf 73' lang='lat' dir='ltr'><strong>haec</strong></span> <span class='ocrx_word' id='word_1_1167' title='bbox 3626 5057 3747 5122; x_wconf 82' lang='lat' dir='ltr'><strong>cpi.</strong></span> 
     </span>
    </p>
   </div>
   <div class='ocr_carea' id='block_1_143' title="bbox 2141 5120 3744 5194">
    <p class='ocr_par' dir='ltr' id='par_1_143' title="bbox 2141 5120 3744 5194">
     <span class='ocr_line' id='line_1_143' title="bbox 2141 5120 3744 5194; baseline 0.003 -19"><span class='ocrx_word' id='word_1_1168' title='bbox 2141 5124 2278 5194; x_wconf 73' lang='lat' dir='ltr'><strong>stola</strong></span> <span class='ocrx_word' id='word_1_1169' title='bbox 2305 5162 2319 5185; x_wconf 91' lang='lat'><strong>,</strong></span> <span class='ocrx_word' id='word_1_1170' title='bbox 2353 5122 2490 5194; x_wconf 84' lang='lat' dir='ltr'><strong>ide_in</strong></span> <span class='ocrx_word' id='word_1_1171' title='bbox 2524 5132 2750 5178; x_wconf 85' lang='lat' dir='ltr'><strong>testatur</strong></span> <span class='ocrx_word' id='word_1_1172' title='bbox 2786 5142 2798 5177; x_wconf 90' lang='lat'>:</span> <span class='ocrx_word' id='word_1_1173' title='bbox 2832 5123 3005 5179; x_wconf 79' lang='lat' dir='ltr'><strong>Beata:</strong></span> <span class='ocrx_word' id='word_1_1174' title='bbox 3032 5140 3150 5194; x_wconf 90' lang='lat' dir='ltr'><strong>ergo</strong></span> <span class='ocrx_word' id='word_1_1175' title='bbox 3178 5125 3432 5177; x_wconf 74' lang='lat' dir='ltr'><strong>memoria:</strong></span> <span class='ocrx_word' id='word_1_1176' title='bbox 3460 5120 3744 5194; x_wconf 83' lang='lat' dir='ltr'><strong>Gregorius</strong></span> 
     </span>
    </p>
   </div>
   <div class='ocr_carea' id='block_1_144' title="bbox 2140 5191 3737 5264">
    <p class='ocr_par' dir='ltr' id='par_1_144' title="bbox 2140 5191 3737 5264">
     <span class='ocr_line' id='line_1_144' title="bbox 2140 5191 3737 5264; baseline 0.001 -18"><span class='ocrx_word' id='word_1_1177' title='bbox 2140 5191 2391 5246; x_wconf 82' lang='lat' dir='ltr'><strong>Romana:</strong></span> <span class='ocrx_word' id='word_1_1178' title='bbox 2411 5191 2655 5247; x_wconf 77' lang='lat' dir='ltr'><strong>Ecclesia:</strong></span> <span class='ocrx_word' id='word_1_1179' title='bbox 2682 5196 2912 5264; x_wconf 71' lang='lat' dir='ltr'><strong>pontifex</strong></span> <span class='ocrx_word' id='word_1_1180' title='bbox 2933 5235 2951 5261; x_wconf 90' lang='lat'><strong>,</strong></span> <span class='ocrx_word' id='word_1_1181' title='bbox 2982 5196 3072 5259; x_wconf 85' lang='lat' dir='ltr'><strong>qui</strong></span> <span class='ocrx_word' id='word_1_1182' title='bbox 3088 5191 3193 5247; x_wconf 77' lang='lat' dir='ltr'><strong>non</strong></span> <span class='ocrx_word' id='word_1_1183' title='bbox 3224 5195 3390 5247; x_wconf 89' lang='lat' dir='ltr'><strong>solum</strong></span> <span class='ocrx_word' id='word_1_1184' title='bbox 3418 5191 3585 5263; x_wconf 84' lang='lat' dir='ltr'><strong>partes</strong></span> <span class='ocrx_word' id='word_1_1185' title='bbox 3617 5193 3737 5248; x_wconf 65' lang='lat' dir='ltr'><strong>Ita-</strong></span> 
     </span>
    </p>
   </div>
   <div class='ocr_carea' id='block_1_145' title="bbox 2140 5264 3740 5334">
    <p class='ocr_par' dir='ltr' id='par_1_145' title="bbox 2140 5264 3740 5334">
     <span class='ocr_line' id='line_1_145' title="bbox 2140 5264 3740 5334; baseline 0 -16"><span class='ocrx_word' id='word_1_1186' title='bbox 2140 5265 2227 5318; x_wconf 69' lang='lat' dir='ltr'><strong>lia:</strong></span> <span class='ocrx_word' id='word_1_1187' title='bbox 2248 5265 2540 5334; x_wconf 81' lang='lat' dir='ltr'><strong>illustravit,</strong></span> <span class='ocrx_word' id='word_1_1188' title='bbox 2566 5267 2654 5316; x_wconf 87' lang='lat' dir='ltr'><strong>sed</strong></span> <span class='ocrx_word' id='word_1_1189' title='bbox 2674 5273 2720 5314; x_wconf 90' lang='lat' dir='ltr'><strong>et</strong></span> <span class='ocrx_word' id='word_1_1190' title='bbox 2749 5267 2897 5334; x_wconf 89' lang='lat' dir='ltr'><strong>longe</strong></span> <span class='ocrx_word' id='word_1_1191' title='bbox 2924 5266 3192 5318; x_wconf 72' lang='lat' dir='ltr'><strong>existentes</strong></span> <span class='ocrx_word' id='word_1_1192' title='bbox 3219 5264 3474 5319; x_wconf 74' lang='lat' dir='ltr'><strong>Ecclesias</strong></span> <span class='ocrx_word' id='word_1_1193' title='bbox 3494 5282 3591 5318; x_wconf 90' lang='lat' dir='ltr'><strong>sua</strong></span> <span class='ocrx_word' id='word_1_1194' title='bbox 3613 5268 3740 5319; x_wconf 89' lang='lat' dir='ltr'><strong>doc-</strong></span> 
     </span>
    </p>
   </div>
   <div class='ocr_carea' id='block_1_146' title="bbox 2140 5333 3741 5407">
    <p class='ocr_par' dir='ltr' id='par_1_146' title="bbox 2140 5333 3741 5407">
     <span class='ocr_line' id='line_1_146' title="bbox 2140 5333 3741 5407; baseline 0.003 -22"><span class='ocrx_word' id='word_1_1195' title='bbox 2140 5336 2274 5387; x_wconf 89' lang='lat' dir='ltr'><strong>trina</strong></span> <span class='ocrx_word' id='word_1_1196' title='bbox 2311 5333 2615 5407; x_wconf 76' lang='lat' dir='ltr'><strong>perdocuit,</strong></span> <span class='ocrx_word' id='word_1_1197' title='bbox 2650 5333 2966 5404; x_wconf 83' lang='lat' dir='ltr'><strong>efﬂagitante</strong></span> <span class='ocrx_word' id='word_1_1198' title='bbox 3007 5338 3329 5390; x_wconf 77' lang='lat' dir='ltr'><strong>sanctissimo</strong></span> <span class='ocrx_word' id='word_1_1199' title='bbox 3365 5336 3603 5389; x_wconf 84' lang='lat' dir='ltr'><strong>Lcandro</strong></span> <span class='ocrx_word' id='word_1_1200' title='bbox 3632 5340 3741 5407; x_wconf 85' lang='lat' dir='ltr'><strong>epi-</strong></span> 
     </span>
    </p>
   </div>
   <div class='ocr_carea' id='block_1_147' title="bbox 2137 5404 3739 5477">
    <p class='ocr_par' dir='ltr' id='par_1_147' title="bbox 2137 5404 3739 5477">
     <span class='ocr_line' id='line_1_147' title="bbox 2137 5404 3739 5477; baseline 0.002 -19"><span class='ocrx_word' id='word_1_1201' title='bbox 2137 5420 2303 5477; x_wconf 85' lang='lat' dir='ltr'><strong>sc0po</strong></span> <span class='ocrx_word' id='word_1_1202' title='bbox 2321 5406 2383 5457; x_wconf 91' lang='lat' dir='ltr'><strong>de</strong></span> <span class='ocrx_word' id='word_1_1203' title='bbox 2402 5404 2495 5477; x_wconf 81' lang='lat' dir='ltr'><strong>hac</strong></span> <span class='ocrx_word' id='word_1_1204' title='bbox 2529 5404 2799 5473; x_wconf 75' lang='lat' dir='ltr'><strong>Hispania:</strong></span> <span class='ocrx_word' id='word_1_1205' title='bbox 2823 5408 3126 5475; x_wconf 87' lang='lat' dir='ltr'><strong>diversitate,</strong></span> <span class='ocrx_word' id='word_1_1206' title='bbox 3158 5409 3282 5477; x_wconf 86' lang='lat' dir='ltr'><strong>quid</strong></span> <span class='ocrx_word' id='word_1_1207' title='bbox 3305 5411 3480 5475; x_wconf 89' lang='lat' dir='ltr'><strong>potius</strong></span> <span class='ocrx_word' id='word_1_1208' title='bbox 3507 5419 3635 5463; x_wconf 80' lang='lat' dir='ltr'><strong>esset</strong></span> <span class='ocrx_word' id='word_1_1209' title='bbox 3658 5404 3739 5461; x_wconf 80' lang='lat' dir='ltr'><strong>se-</strong></span> 
     </span>
    </p>
   </div>
   <div class='ocr_carea' id='block_1_148' title="bbox 2137 5476 3733 5544">
    <p class='ocr_par' dir='ltr' id='par_1_148' title="bbox 2137 5476 3733 5544">
     <span class='ocr_line' id='line_1_148' title="bbox 2137 5476 3733 5544; baseline 0.004 -17"><span class='ocrx_word' id='word_1_1210' title='bbox 2137 5476 2394 5544; x_wconf 79' lang='lat' dir='ltr'><strong>quendam</strong></span> <span class='ocrx_word' id='word_1_1211' title='bbox 2416 5518 2430 5541; x_wconf 92' lang='lat'><strong>,</strong></span> <span class='ocrx_word' id='word_1_1212' title='bbox 2455 5476 2585 5529; x_wconf 89' lang='lat' dir='ltr'><strong>inter</strong></span> <span class='ocrx_word' id='word_1_1213' title='bbox 2605 5484 2790 5532; x_wconf 63' lang='lat' dir='ltr'><strong>caetera</strong></span> <span class='ocrx_word' id='word_1_1214' title='bbox 2818 5480 3093 5533; x_wconf 82' lang='lat' dir='ltr'><strong>rescribens</strong></span> <span class='ocrx_word' id='word_1_1215' title='bbox 3115 5476 3187 5533; x_wconf 85' lang='lat' dir='ltr'><strong>sic</strong></span> <span class='ocrx_word' id='word_1_1216' title='bbox 3216 5480 3289 5533; x_wconf 86' lang='lat' dir='ltr'><strong>ait</strong></span> <span class='ocrx_word' id='word_1_1217' title='bbox 3318 5496 3336 5534; x_wconf 89' lang='lat'><strong><em>:</em></strong></span> <span class='ocrx_word' id='word_1_1218' title='bbox 3368 5482 3430 5534; x_wconf 91' lang='lat' dir='ltr'><strong>de</strong></span> <span class='ocrx_word' id='word_1_1219' title='bbox 3456 5480 3591 5533; x_wconf 86' lang='lat' dir='ltr'><strong>irino</strong></span> <span class='ocrx_word' id='word_1_1220' title='bbox 3615 5495 3733 5534; x_wconf 84' lang='lat' dir='ltr'><strong>vero</strong></span> 
     </span>
    </p>
   </div>
   <div class='ocr_carea' id='block_1_149' title="bbox 2134 5547 3733 5623">
    <p class='ocr_par' dir='ltr' id='par_1_149' title="bbox 2134 5547 3733 5623">
     <span class='ocr_line' id='line_1_149' title="bbox 2134 5547 3733 5623; baseline 0.004 -24"><span class='ocrx_word' id='word_1_1221' title='bbox 2134 5547 2749 5623; x_wconf 66' lang='lat' dir='ltr'><strong>mersionebaptisinatis</strong></span> <span class='ocrx_word' id='word_1_1222' title='bbox 2798 5552 2928 5605; x_wconf 85' lang='lat' dir='ltr'><strong>nihil</strong></span> <span class='ocrx_word' id='word_1_1223' title='bbox 2976 5552 3274 5623; x_wconf 83' lang='lat' dir='ltr'><strong>responderi</strong></span> <span class='ocrx_word' id='word_1_1224' title='bbox 3322 5554 3488 5608; x_wconf 87' lang='lat' dir='ltr'><strong>verius</strong></span> <span class='ocrx_word' id='word_1_1225' title='bbox 3531 5559 3733 5621; x_wconf 87' lang='lat' dir='ltr'><strong>potest,</strong></span> 
     </span>
    </p>
   </div>
   <div class='ocr_carea' id='block_1_150' title="bbox 2131 5620 2789 5689">
    <p class='ocr_par' dir='ltr' id='par_1_150' title="bbox 2131 5620 2789 5689">
     <span class='ocr_line' id='line_1_150' title="bbox 2131 5620 2789 5689; baseline 0.012 -18"><span class='ocrx_word' id='word_1_1226' title='bbox 2131 5633 2285 5688; x_wconf 89' lang='lat' dir='ltr'><strong>quam</strong></span> <span class='ocrx_word' id='word_1_1227' title='bbox 2314 5620 2411 5689; x_wconf 84' lang='lat' dir='ltr'><strong>ipsi</strong></span> <span class='ocrx_word' id='word_1_1228' title='bbox 2433 5621 2649 5684; x_wconf 86' lang='lat' dir='ltr'><strong>sentitis,</strong></span> <span class='ocrx_word' id='word_1_1229' title='bbox 2683 5632 2789 5678; x_wconf 86' lang='lat' dir='ltr'><strong>etc.</strong></span> 
     </span>
    </p>
   </div>
   <div class='ocr_carea' id='block_1_151' title="bbox 2206 5690 3726 5759">
    <p class='ocr_par' dir='ltr' id='par_1_151' title="bbox 2206 5690 3726 5759">
     <span class='ocr_line' id='line_1_151' title="bbox 2206 5690 3726 5759; baseline 0.004 -15"><span class='ocrx_word' id='word_1_1230' title='bbox 2206 5690 2373 5746; x_wconf 84' lang='lat' dir='ltr'><strong>Porro</strong></span> <span class='ocrx_word' id='word_1_1231' title='bbox 2424 5694 2476 5747; x_wconf 90' lang='lat' dir='ltr'><strong>in</strong></span> <span class='ocrx_word' id='word_1_1232' title='bbox 2529 5693 2667 5748; x_wconf 89' lang='lat' dir='ltr'><strong>trina</strong></span> <span class='ocrx_word' id='word_1_1233' title='bbox 2720 5696 2984 5753; x_wconf 86' lang='lat' dir='ltr'><strong>inersione</strong></span> <span class='ocrx_word' id='word_1_1234' title='bbox 3028 5698 3194 5759; x_wconf 86' lang='lat' dir='ltr'><strong>semel</strong></span> <span class='ocrx_word' id='word_1_1235' title='bbox 3246 5695 3507 5751; x_wconf 81' lang='lat' dir='ltr'><strong>duntaxat</strong></span> <span class='ocrx_word' id='word_1_1236' title='bbox 3552 5693 3726 5750; x_wconf 83' lang='lat' dir='ltr'><strong>forma</strong></span> 
     </span>
    </p>
   </div>
   <div class='ocr_carea' id='block_1_152' title="bbox 2142 5763 3729 5849">
    <p class='ocr_par' dir='ltr' id='par_1_152' title="bbox 2142 5763 3729 5849">
     <span class='ocr_line' id='line_1_152' title="bbox 2142 5763 3729 5849; baseline 0.005 -34"><span class='ocrx_word' id='word_1_1237' title='bbox 2142 5763 2534 5833; x_wconf 75' lang='lat' dir='ltr'><strong>proferebatur,</strong></span> <span class='ocrx_word' id='word_1_1238' title='bbox 2557 5777 2611 5820; x_wconf 86' lang='lat' dir='ltr'><strong>et</strong></span> <span class='ocrx_word' id='word_1_1239' title='bbox 2632 5767 2907 5835; x_wconf 83' lang='lat' dir='ltr'><strong>Alcuinus,</strong></span> <span class='ocrx_word' id='word_1_1240' title='bbox 2938 5770 3094 5841; x_wconf 85' lang='lat' dir='ltr'><strong>epist.</strong></span> <span class='ocrx_word' id='word_1_1241' title='bbox 3119 5769 3488 5836; x_wconf 75' lang='lat' dir='ltr'><strong>81,redarguit</strong></span> <span class='ocrx_word' id='word_1_1242' title='bbox 3514 5783 3608 5833; x_wconf 81' lang='lat' dir='ltr'><strong>eos</strong></span> <span class='ocrx_word' id='word_1_1243' title='bbox 3635 5767 3729 5849; x_wconf 86' lang='lat' dir='ltr'><strong>qui</strong></span> 
     </span>
    </p>
   </div>
   <div class='ocr_carea' id='block_1_153' title="bbox 2146 5877 3420 5953">
    <p class='ocr_par' dir='ltr' id='par_1_153' title="bbox 2146 5877 3420 5953">
     <span class='ocr_line' id='line_1_153' title="bbox 2146 5877 3420 5953; baseline 0.005 -22"><span class='ocrx_word' id='word_1_1244' title='bbox 2146 5878 2369 5953; x_wconf 75' lang='lat' dir='ltr'><strong>mentio.</strong></span> <span class='ocrx_word' id='word_1_1245' title='bbox 2402 5877 2497 5933; x_wconf 81' lang='lat' dir='ltr'><strong>Ms.</strong></span> <span class='ocrx_word' id='word_1_1246' title='bbox 2530 5880 2773 5953; x_wconf 72' lang='lat' dir='ltr'><strong>Calensis</strong></span> <span class='ocrx_word' id='word_1_1247' title='bbox 2802 5897 2919 5939; x_wconf 89' lang='lat' dir='ltr'><strong>cum</strong></span> <span class='ocrx_word' id='word_1_1248' title='bbox 2954 5881 3122 5940; x_wconf 86' lang='lat' dir='ltr'><strong>Ediiis</strong></span> <span class='ocrx_word' id='word_1_1249' title='bbox 3149 5884 3420 5953; x_wconf 67' lang='lat' dir='ltr'><strong>convenit,</strong></span> 
     </span>
    </p>
   </div>
   <div class='ocr_carea' id='block_1_154' title="bbox 2217 5946 2634 6006">
    <p class='ocr_par' dir='ltr' id='par_1_154' title="bbox 2217 5946 2634 6006">
     <span class='ocr_line' id='line_1_154' title="bbox 2217 5946 2634 6006; baseline 0.002 -2"><span class='ocrx_word' id='word_1_1250' title='bbox 2217 5946 2244 5985; x_wconf 67' lang='grc' dir='ltr'>δ</span> <span class='ocrx_word' id='word_1_1251' title='bbox 2272 5949 2421 6006; x_wconf 75' lang='lat' dir='ltr'><strong>Nunc</strong></span> <span class='ocrx_word' id='word_1_1252' title='bbox 2441 5959 2524 6005; x_wconf 86' lang='lat' dir='ltr'><strong>est</strong></span> <span class='ocrx_word' id='word_1_1253' title='bbox 2545 5951 2634 6005; x_wconf 73' lang='grc'><strong>45.</strong></span> 
     </span>
    </p>
   </div>
  </div>
