4042 6350
380 392 474 453 551

1127 384 1195 442 ΙΝ
1232 385 1289 443 S.
1330 381 1666 444 GREGORII
1705 378 1963 440 LIBRUM
2000 377 2609 437 SACliAMENTORUM
2647 378 2877 437 NOTAE.

3559 383 3666 442 552

377 524 465 580 ep.
485 506 537 576 l,
560 504 625 560 ad
648 501 995 580 Serapionem
1020 500 1115 571 :{Ei
1135 500 1192 580 ἒξ
1214 500 1541 580 etiope-rany
1564 500 1970 580 roﬁrlepisﬁat

2088 492 2323 548 satellitis
2372 493 2849 580 baptizati‘turbati
2897 493 3191 580 daemones,
3226 496 3549 580 nullo-dato
3581 518 3669 557 re-

378 570 466 638 κὶιε
493 570 842 653 σφραγίζετοὶι.
877 573 931 628 ld
962 570 1079 653 est;
1133 572 1186 628 Si
1219 570 1480 653 creatura:
1522 574 1574 626 in
1605 570 1963 653 i‘llontSpiritu

377 641 588 714 sancto)
625 641 894 714 unguntur
935 654 987 698 et
1034 645 1330 714 signantur.
1380 644 1447 697 Et
1491 642 1627 714 apud
1678 641 1963 696 Tertullia-

378 736 528 787 num,
554 713 645 774 lib.
678 713 743 773 die
766 713 1181 770 Resurrectione
1208 715 1386 787 caruis
1423 733 1437 768 :
1472 713 1604 768 Caro
1627 715 1880 787 signatur,
1912 720 1964 765 ut

372 801 425 848 et
468 784 637 845 anima
656 790 952 853 muniatur;
983 796 1035 841 et
1067 786 1157 842 lib.
1188 786 1253 840 dc
1276 786 1775 856 Pmscriptiunibus
1800 784 1963 839 harre—
2009 829 2037 846 .

375 866 629 926 ticorum,
659 861 749 915 ubi
779 858 1267 929 probatdiaholum
1323 856 1532 912 simiam
1582 870 1703 912 esse
1758 856 1980 929 divino:

376 946 496 991 rum
529 928 904 1005 mysteriorum
935 929 1048 1005 :___Et
1071 932 1112 983 si
1136 931 1313 1005 adhuc
1334 931 1559 1005 memini,
1585 929 1774 1005 mit/ira
1800 928 1964 1005 signat

373 1006 482 1061 illic
510 1005 561 1057 in
587 999 857 1071 'frontibus
885 1001 1073 1056 milites
1103 1018 1235 1055 suos.
1282 1000 1434 1068 Quod
1461 1001 1622 1056 etiam
1670 1001 1799 1054 satis
1825 999 1966 1054 indi-

376 1088 465 1149 cat
492 1080 551 1131 τὸ
582 1076 938 1149 φυλακτήριον,
972 1074 1021 1126 id
1047 1082 1175 1149 “est,
1216 1071 1503 1149 custodia;
1550 1071 1791 1149 signatig
1821 1071 1965 1149 enim

378 1148 468 1203 illa
492 1142 767 1200 est'robnr
797 1142 850 1199 et
875 1144 1114 1199 custodia
1141 1144 1367 1207 animm;
1400 1144 1540 1197 unde
1575 1152 1722 1197 recte
1750 1142 1964 1196 Tertul-

380 1220 558 1275 lianus
579 1215 891 1286 sulijunxit:
942 1224 995 1268 ut
1040 1223 1087 1268 et
1128 1216 1299 1269 anima
1344 1216 1622 1268 muniatur.
1678 1214 1966 1286 Etrnierito

379 1290 631 1345 Clemens
660 1285 904 1355 adjunxit
926 1286 1200 1356 epitheton
1228 1287 1430 1349 τέλειον,
1465 1288 1514 1340 id
1537 1294 1619 1341 est
1645 1285 1965 1353 perlectum,

379 1361 504 1430 quia
534 1359 689 1427 hujus
720 1359 984 1430 unctionis
1038 1368 1091 1413 et
1140 1358 1452 1427 signationis
1484 1366 1568 1412 est
1603 1357 1862 1430 perlicere
1911 1365 1968 1430 et

380 1427 754 1486 consummare
784 1429 1108 1497 baptizatos;
1150 1431 1399 1497 quocirca
1425 1444 1452 1481 a
1483 1437 1668 1482 sancto
1714 1427 1968 1498 Dionysio

380 1503 574 1557 dicitur
602 1499 885 1559 τελειωτικὴ
916 1504 1116 1572 χρίσις,
1163 1515 1283 1569 cap.
1317 1499 1776 1572 4e«:cl.ilierar.,
1810 1499 1860 1572 id
1888 1506 1971 1553 est

382 1585 766 1627 consummans
788 1582 842 1625 ct
871 1570 1161 1640 pei‘l‘ecriva
1191 1571 1391 1625 unctio.
1419 1572 1484 1625 Et
1515 1571 1567 1625 in
1599 1570 1760 1625 citata
1786 1571 1968 1640 ecloga

387 1643 528 1699 Vitae
573 1642 751 1717 sancti
800 1642 1372 1717 Athanasiidiciturm:
1416 1644 1506 1717 ᾼιᾴ
1538 1651 1630 1717 τῆς
1678 1642 1725 1695 ἐν
1760 1650 1970 1717 Χριστῷ

390 1712 672 1794 σφραγῖδες
720 1714 1025 1769 ἐτελείωσεν.
1058 1713 1117 1768 ld
1155 1722 1277 1769 est:
1308 1710 1506 1769 Christi
1535 1710 1818 1783 signaculo
1841 1710 1972 1768 con-

384 1795 695 1842 5Ullllll8Vll.

456 1855 675 1938 Accedit
695 1857 986 1938 auctoritas
1005 1856 1175 1948 sancti
1199 1856 1499 1948 Augustini,
1530 1853 1971 1948 q'ui‘huncAch‘ri-
2006 1888 2051 1948 Β

381 1927 665 1985 ornationis
712 1928 826 1982 sive
852 1926 1166 1996 signationis
1197 1931 1359 1981 ritum
1399 1928 1635 1996 appellat
1663 1939 1972 1981 sacramen-

383 2008 529 2065 tum;
555 2013 682 2067 ergo
710 1998 777 2052 ab
800 1999 1056 2067 apostolis
1087 1999 1341 2062 manavit,
1371 2000 1493 2067 quia
1525 2014 1554 2051 a
1582 1998 1794 2053 Christo
1818 1997 1973 2051 insti-

383 2078 556 2126 tutum
587 2076 690 2123 est.
724 2068 999 2137 Siquidem
1030 2069 1101 2123 ita
1131 2084 1227 2123 nos
1257 2068 1415 2123 docet
1459 2067 1555 2122 lib.
1607 2084 1644 2123 ιι
1675 2080 1861 2123 contra
1890 2069 1974 2123 lit-

386 2152 532 2198 teras
562 2139 830 2205 Petiliani,
860 2156 977 2211 cap.
1015 2139 1154 2196 HM:
1186 2139 1250 2193 Et
1278 2143 1331 2193 in
1362 2140 1456 2193 hoc
1494 2152 1750 2211 unguento
1800 2156 1975 2193 sacra-

385 2223 611 2267 mentum
629 2210 1274 2281 chrismatisinterpretari
1315 2212 1485 2274 vultis,
1519 2212 1656 2281 quod
1687 2211 1890 2279 quidem
1921 2211 1976 2265 in

389 2300 571 2365 genere
597 2282 869 2365 visibilium
872 2284 1269 2365 signaculorum
1303 2292 1699 2365 sacrosanctum
1718 2292 1809 2347 est,
1844 2283 1976 2335 sicut

389 2353 499 2423 ipse
523 2354 819 2422 baptismus.
854 2353 936 2408 .Et
965 2356 1017 2407 in
1067 2354 1331 2408 Psalmum
1378 2368 1537 2407 cxu:
1586 2353 1755 2407 Multa
1799 2369 1974 2406 sacra-

390 2435 560 2479 menta
611 2426 760 2477 aliter
787 2432 939 2494 atque
990 2425 1140 2479 aliter
1191 2425 1504 2492 accipimus;
1534 2425 1789 2494 quaedam,
1847 2426 1977 2478 sicut

391 2498 573 2560 nostis,
604 2511 690 2548 ore
709 2497 1008 2566 accipimus,
1039 2496 1275 2567 qua’dam
1317 2511 1406 2564 per
1437 2504 1596 2548 totum
1627 2511 1812 2565 corpus
1843 2497 1979 2550 acci-

392 2568 585 2637 pimus,
606 2567 837 2637 quoidam
866 2569 1031 2632 fronte
1059 2583 1147 2637 per
1174 2568 1375 2635 signum
1404 2569 1585 2637 crucis.

469 2634 781 2692 254.7Facit
831 2654 1031 2692 crucem
1060 2634 1130 2691 'in
1190 2634 1375 2707 fronte.
1434 2636 1626 2693 Unctio
1672 2636 1977 2693 chrismatis

394 2707 536 2762 litin
569 2708 818 2764 frontein
850 2709 1063 2763 modum
1120 2710 1296 2763 crucis
1338 2724 1403 2763 ex
1453 2714 1669 2777 antiqua
1722 2709 1978 2766 Ecclesiae

389 2779 791 2835 consuetudine.
825 2779 1050 2836 Sanctus
1072 2781 1418 2849 Augustinus,
1444 2779 1493 2834 in.
1519 2780 1790 2834 Psalmum
1814 2796 1932 2835 CXLI
1961 2798 1974 2832 :

393 2850 615 2905 Insultet
636 2850 753 2923 illic
778 2850 1041 2921 Crucifixo
1065 2868 1079 2917 ;
1109 2852 1309 2907 videam
1329 2868 1422 2922 ego
1452 2852 1779 2923 infrontibus
1801 2867 1979 2923 regum

393 2938 595 2975 crucem
622 2920 907 2990 Cruci/ixi;
937 2920 1006 2977 et
1057 2924 1213 2992 paulo
1245 2920 1412 2993 post:
1469 2922 1639 2977 Multa
1686 2920 1982 2977 sacramen-

393 3003 447 3047 ta
476 2994 625 3048 aliter
652 3003 799 3062 atque
828 2995 975 3048 aliter
1004 2995 1304 3061 accipimus,
1338 2994 1590 3062 quazdam,
1625 2995 1754 3048 sicut
1796 2996 1975 3059 nostis,

392 3080 481 3118 ore
502 3106 515 3128 ,
545 3075 650 3134 etc.
682 3065 909 3119 Sanctus
937 3064 1226 3134 Gregorius
1260 3080 1413 3134 papa,
1469 3064 1561 3118 lib.
1626 3080 1683 3118 ιιι
1741 3066 1976 3134 Regesti,

392 3149 512 3203 cap.
542 3133 612 3185 26
637 3143 683 3189 ο.
719 3133 1232 3204 Βεοιιίιιιιιιείερίει.
1258 3133 1659 3189 ιιιὶςιιιιιιιιιιήιιιη
1693 3152 1706 3188 :
1734 3134 1980 3189 liestrua-

396 3214 479 3259 tur
508 3211 655 3275 porta
676 3205 730 3258 in
754 3205 1034 3270 Anathoth,
1063 3221 1177 3276 qua:
1198 3207 1557 3275 interpretatur
1578 3206 1887 3276 respondens
1910 3210 1979 3261 si-

394 3267 566 3347 gnum,
601 3276 738 3345 quod
760 3267 1204 3344 suspicantur'esse
1230 3267 1416 3347 frontis
1450 3267 1752 3345 patibulum,
1787 3277 1872 3330 ubi
1901 3279 1975 3333 si-
2004 3267 2053 3331 C

395 3363 552 3418 gnum
577 3349 757 3400 salutis
780 3356 967 3401 nostra:
995 3356 1040 3399 et
1064 3347 1335 3402 dominij
1358 3349 1643 3401 sanctitatis
1672 3348 1974 3414 accipimus,

395 3418 531 3486 quod
573 3427 645 3470 est
692 3433 847 3471 aurea
900 3418 1091 3471 lamina
1132 3420 1214 3472 ubi
1272 3420 1504 3487 pontifex
1533 3436 1711 3472 nomen
1768 3418 1980 3474 Domini

396 3488 644 3555 scriptum
672 3489 949 3543 mandatur
974 3490 1201 3559 accipere
1231 3498 1699 3559 tetragrammaton.
1732 3489 1821 3545 Vis
1848 3493 1979 3547 scire

396 3560 518 3629 quia
541 3574 642 3612 non
664 3559 939 3629 incongrue
980 3571 1180 3631 portam
1207 3560 1483 3620 Anathoth.
1519 3578 1633 3631 qua:
1671 3564 1979 3628 interpretu-

396 3640 482 3703 tur
509 3632 820 3703 respondens
846 3635 1067 3699 signum,
1098 3648 1190 3703 pro
1214 3633 1441 3703 patibulo
1464 3634 1647 3703 frontis
1665 3634 1983 3699 accipimus?

398 3700 429 3753 J
439 3702 583 3772 ungit
610 3702 854 3775 propheta
882 3703 1000 3756 huic
1025 3700 1185 3769 porta:
1208 3700 1660 3775 unguentariorum
1704 3703 1838 3770 locu,
1868 3722 1984 3775 qum

398 3787 488 3841 per
535 3772 850 3841 tropologias
888 3775 1150 3828 nominum
1177 3774 1239 3827 ob
1268 3772 1382 3828 aliis
1429 3776 1697 3827 virtutibus
1743 3772 1984 3831 dicuntur

399 3857 508 3916 esse
535 3843 1309 3916 restructa.Unguenturiorum
1358 3856 1524 3899 autem
1553 3845 1666 3899 loca
1703 3863 1815 3916 qua:
1841 3861 1981 3913 sunt,

399 3913 498 3965 nisi
524 3914 616 3986 illa
642 3929 757 3982 qua:
776 3913 1061 3969 chrismatis
1088 3918 1491 3985 sanctificatione
1520 3913 1806 3986 tanguntur
1830 3920 1851 3972 ?
1883 3918 1985 3971 Vi-

399 3993 517 4037 ctor
542 3985 827 4051 Uticensis,
860 3986 951 4039 lih.
980 4004 993 4040 ι
1024 3989 1090 4041 de
1122 3988 1500 4042 Persecutione
1542 3988 1827 4041 Vandalica
1856 4006 1870 4042 :
1917 3988 1982 4044 Et

402 4057 636 4127 frontem,
669 4057 720 4127 in
750 4073 853 4125 qua
888 4056 1123 4111 Christus
1162 4059 1403 4112 vexillum
1431 4074 1539 4111 sure
1564 4058 1751 4127 fecerat
1796 4061 1980 4127 crucis,

399 4136 631 4199 fugatam
662 4126 1015 4199 descendentes
1037 4139 1187 4198 atque
1207 4131 1461 4199 rugientes
1481 4126 1800 4183 ostenderent
1822 4132 1983 4185 nervi.

400 4192 623 4268 Sanctus
651 4196 939 4265 Gregorius
970 4192 1317 4267 Turonensis,
1351 4200 1443 4254 lib.
1489 4216 1525 4253 ιι
1558 4200 1724 4267 llist.,
1758 4216 1874 4268 cap.
1907 4204 1939 4257 '5
1971 4220 1986 4258 :

402 4263 571 4340 igitur
596 4279 687 4318 rem
718 4263 1112 4340 omnipotentem
1142 4263 1312 4323 Deum
1362 4271 1415 4323 in
1446 4263 1988 4340 Trinitate'confessus

402 4336 690 4413 baptisatus
719 4347 791 4413 est
824 4336 878 4389 in
907 4340 1109 4391 nomine
1155 4340 1347 4413 Patris,
1374 4350 1419 4393 et
1476 4339 1630 4409 Filii,
1661 4352 1707 4396 et
1760 4336 1988 4413 Spiritus

404 4407 1003 4484 sancti,mdelibut_usque
1041 4411 1511 4484 sacro_ch_rismate
1557 4407 1670 4465 cum
1722 4407 1988 4484 signaculo

404 4478 567 4531 crucis
592 4476 803 4531 Christi.
824 4476 1168 4547 Prudentius,
1202 4481 1252 4534 in
1283 4481 1703 4552 Psychomachia
1736 4503 1748 4537 :

554 4567 671 4638 Post
694 4570 920 4631 inscripta
942 4569 1054 4638 oleo
1078 4567 1245 4638 frontis
1271 4573 1541 4638 sngnacula,
1572 4586 1663 4635 per
1688 4587 1801 4638 quae

2072 580 2291 639 Sponso,
2327 567 2665 639 aufugerunt.
2697 566 2850 639 Jessc
2891 568 3290 636 Ambiauensis,
3320 572 3547 639 epistola
3574 590 3669 630 su-

2066 652 2159 707 pra
2190 638 2349 711 eitata
2382 654 2394 690 :
2425 637 2685 711 Posthwc
2715 638 2980 711 confirmet
3010 656 3126 693 eum
3148 637 3414 711 episcopus
3440 645 3502 697 de
3527 647 3669 700 chri-

2066 718 2231 764 smate
2255 710 2309 762 in
2334 714 2520 777 fronte.
2551 710 2685 765 llinc
2711 710 3001 781 capiendus
3024 721 3107 765 est
3137 710 3523 781 Tertullianus,
3569 716 3665 774 lib.

2068 781 2136 835 de
2197 781 2695 859 Praescriptionibus
2744 780 3119 859 hmreticorum
3169 799 3184 837 :
3238 784 3407 855 Tingit
3458 780 3515 859 et
3557 788 3671 859 ipse

2066 852 2318 925 quosdam
2350 852 2523 925 utique
2553 855 2815 907 credentes
2848 862 2893 906 et
2923 854 3099 919 ﬁdeles
3125 870 3266 921 suos,
3295 852 3671 925 expositionem

2068 924 2370 979 delictorum
2400 924 2465 976 de
2490 926 2698 996 lavacro
2720 925 3062 995 repromittit;
3086 935 3132 979 et
3160 928 3204 980 si
3226 924 3397 984 adhuc
3431 931 3667 996 memini,

2068 996 2269 1073 mit/ira
2290 996 2456 1073 signat
2481 995 2591 1073 illic
2609 996 2664 1050 in
2692 996 2947 1065 frontibus
2974 997 3160 1052 milites
3180 1014 3321 1054 suos.
3351 1000 3417 1055 Et
3441 999 3530 1057 hic
3552 995 3675 1073 qui?-

2070 1067 2193 1122 dem
2227 1068 2368 1121 ritus
2394 1068 2730 1123 Latinorum.

2136 1139 2211 1214 At
2240 1137 2412 1193 Graeci
2443 1139 2571 1193 olim
2609 1153 2716 1193 non
2745 1138 2921 1194 solum
2969 1138 3202 1214 frontem
3233 1143 3524 1214 ungebam,
3574 1144 3674 1201 sed

2071 1211 2239 1285 etiam
2264 1223 2441 1285 aures,
2473 1225 2633 1285 nares
2663 1219 2718 1266 et
2744 1219 2953 1285 pectus,
2982 1221 3037 1285 ut
3067 1213 3225 1269 docet
3253 1211 3468 1271 sanctus
3494 1215 3671 1285 Cyril-

2071 1280 2155 1359 l_us
2178 1281 2719 1359 llierosolymitanus,
2752 1282 2960 1359 catech.
2985 1282 3019 1337 5
3040 1296 3270 1359 mystag.
3298 1304 3312 1340 ε
3341 1290 3429 1341 ιιαὶ
3467 1280 3678 1359 «pisi-os

2072 1353 2311 1431 tixpisa'es
2340 1354 2427 1407 ὲπὶ
2454 1354 2513 1408 τὸ
2542 1355 2908 1431 μέςῳπονένᾳ
2934 1353 3252 1429 ἀπαλλὰγῆτξ
3275 1366 3366 1419 τῆς
3388 1353 3673 1431 αἰσχύνης,

2073 1423 2188 1483 ivi-f6
2221 1432 2425 1505 ῖτρῶτος
2454 1423 2763 1505 Ξαραβὰτης
2803 1423 3064 1505 impenso;
3094 1423 3367 1505 nuvraxoﬁ
3394 1423 3677 1505 nsplpipst,

2074 1504 2184 1550 etc.
2218 1494 2272 1550 Id
2295 1503 2416 1567 est:
2447 1494 2511 1548 Et
2533 1494 2697 1567 primo
2718 1494 2971 1565 unginiini
3002 1500 3054 1552 in
3088 1494 3352 1567 frontefut
3380 1494 3682 1555 am'ovetitur

2073 1581 2107 1619 a
2126 1567 2264 1620 vobis
2292 1566 2479 1637 pudor,
2503 1566 2655 1637 quem
2682 1568 2879 1635 primus
2912 1566 3256 1637 transgressor
3276 1570 3429 1625 homo
3451 1572 3678 1626 circum-

2076 1638 2294 1714 ferebat,
2333 1638 2588 1714 simulque
2616 1649 2670 1714 ut
2707 1640 2915 1714 possitis
2944 1648 3116 1714 amoto
3140 1640 3249 1694 velo
3289 1660 3320 1695 a
3358 1646 3523 1712 fronte
3556 1646 3681 1714 glo—

2074 1709 2206 1761 riam
2253 1709 2472 1785 Domini
2494 1711 2767 1785 inspicere.
2801 1708 3016 1785 Deinde
3046 1728 3163 1785 vero
3206 1708 3367 1785 aures
3391 1708 3680 1785 unguntur,

2075 1787 2132 1853 ut
2157 1796 2307 1853 aures
2329 1780 2396 1832 ad
2418 1779 2591 1833 divina
2613 1782 2857 1851 mysteria
2878 1782 3197 1852 percipiatis;
3220 1784 3283 1837 de
3303 1779 3484 1853 quibus
3505 1782 3681 1841 Isaias

2076 1850 2205 1904 dixit
2234 1865 2254 1906 :
2280 1853 2356 1904 Er
2391 1867 2599 1905 Αυυιυιτ
2623 1850 2737 1905 nini
2772 1850 2998 1907 nouimus
3020 1850 3091 1908 an
3126 1850 3465 1920 suntsunuu;
3492 1865 3540 1910 et
3568 1854 3685 1910 Do-

2080 1921 2248 1993 minus
2288 1923 2341 1975 in
2371 1920 2656 1993 Evangelia
2691 1923 2828 1989 :Qut
2860 1940 3036 1979 llABET
3069 1940 3237 1980 AURES
3268 1942 3537 1991 AUDIENDI,
3574 1942 3687 1982 AU-

2078 2008 2201 2047 mar
2224 1992 2360 2063 (cap.
2389 2009 2442 2047 ix
2466 1992 2688 2063 Matt/1.,
2720 1994 2797 2065 1).
2825 1994 3015 2049 Postea
3036 1996 3089 2050 in
3117 1996 3348 2062 naribus,
3374 2008 3427 2051 ut
3448 1998 3681 2052 divinum

2082 2065 2413 2135 percipientes
2442 2074 2757 2136 unguentum
2797 2066 2979 2120 dicatis
3010 2065 3274 2123 :Gnnis'ri
3318 2083 3488 2124 nouus
3540 2084 3683 2124 onon

2077 2149 2265 2208 sunus,
2299 2152 2365 2189 nr
2390 2151 2439 2190 IN
2469 2151 2550 2190 εις
2575 2152 2661 2200 QUI
2691 2152 3000 2192 ssnvsnrua
3028 2136 3114 2207 (II
3137 2138 3257 2192 Cor.
3307 2142 3383 2208 ιι).
3403 2138 3538 2193 Tum
3562 2156 3678 2195 vero

2078 2206 2133 2281 in
2164 2216 2382 2281 pectore,
2414 2216 2467 2281 ut
2489 2208 2958 2281 indutithoracem
2976 2206 3213 2281 justitiaz,
3246 2206 3401 2281 fortes
3424 2212 3672 2266 adversus

2078 2278 2298 2332 insultas
2323 2278 2519 2332 diaboli
2547 2280 2863 2334 consistatis.
2977 2278 2990 2281 ⁷
3247 2278 3256 2281 ⁷
3413 2338 3423 2345 ,
3454 2342 3457 2343 ν

2152 2348 2208 2402 ln
2242 2350 2379 2423 libro
2400 2348 2583 2404 Severi
2628 2350 2951 2419 patriarcha).
2984 2351 3338 2408 Alexandrini
3366 2354 3434 2409 de
3464 2353 3679 2423 baptis-

2079 2429 2222 2473 mate
2257 2419 2535 2491 signantur
2558 2430 2611 2476 et
2643 2431 2914 2491 unguntur
2940 2423 3235 2478 chrismate
3270 2425 3450 2479 omnia
3481 2419 3671 2481 eorum

2080 2491 2339 2556 membra,
2364 2490 2535 2566 _fro_ns
2568 2507 2696 2547 vero
2728 2490 2902 2548 tribus
2946 2494 3169 2566 vicibus.
3207 2495 3361 2564 Apud
3388 2494 3674 2566 Ethiopes

2080 2562 2410 2636 vero-omnia
2461 2562 2582 2636 fere
2623 2578 2813 2636 eorum
2857 2565 3100 2621 membra
3153 2562 3445 2635 unguntur,
3505 2562 3683 2636 frons,

2082 2633 2244 2707 oculi,
2278 2647 2458 2699 nares,
2488 2642 2543 2689 et
2572 2634 2742 2707 labia;
2776 2650 2962 2700 aures,
2989 2636 3209 2690 dorsum
3231 2633 3284 2693 et
3310 2652 3537 2707 granum
3560 2633 3686 2707 pec;

2081 2702 2235 2777 toris,
2269 2718 2361 2758 seu
2390 2719 2449 2758 os
2471 2706 2771 2769 stomachi;
2810 2707 2954 2761 tibia;
2986 2716 3041 2762 et
3071 2708 3238 2773 ulnae;
3268 2702 3438 2777 ge'nua
3470 2718 3524 2764 et
3552 2702 3685 2764 om-

2082 2775 2642 2848 nesjuncturzn;sola
2674 2778 2873 2847 pedum
2905 2786 2962 2832 et
2991 2778 3167 2848 spina,
3197 2775 3483 2834 uictarum
3511 2790 3595 2836 est
3613 2795 3682 2836 ex

2080 2842 2281 2901 Ordine
2300 2842 2689 2921 mysteriorum
2696 2850 2850 2921 quod
2875 2842 3092 2903 vocant.
3111 2842 3280 2905 llodie
3300 2851 3443 2921 apud
3467 2849 3687 2906 Graecos

2081 2917 2555 2992 nnguutur_l‘rons,
2587 2919 2754 2992 oculi,
2790 2934 2974 2992 nares,
3009 2935 3088 2986 os,
3125 2934 3303 2990 aures,
3339 2917 3546 2992 pectus,
3572 2938 3685 2977 ma-

2081 3002 2182 3063 nus
2211 2998 2263 3063 et
2285 2989 2471 3063 pedes,
2502 3000 2557 3043 ut
2593 2990 2781 3045 videre
2806 2999 2897 3063 est
2929 2990 2983 3063 in
3013 3006 3203 3046 eorum
3234 2989 3582 3063 Euc'hologio.
3616 2993 3684 3049 Et

2081 3056 2199 3113 haec
2226 3056 2299 3112 de
2330 3061 2608 3129 unctione,
2642 3077 2740 3116 seu
2771 3062 3101 3131 signatione.

2153 3150 2393 3206 Tandem
2424 3152 2723 3207 notandum
2745 3162 2829 3208 est
2864 3154 2917 3208 in
2944 3154 3046 3209 hoc
3074 3163 3260 3209 nostro
3291 3153 3487 3210 Codice
3510 3156 3683 3211 sancti

2085 3220 2241 3291 Eligii
2268 3224 2411 3277 nulla
2436 3233 2649 3296 exstare
2678 3227 2859 3291 verba,
2890 3240 2982 3279 seu
3007 3227 3255 3290 formam,
3284 3241 3404 3296 qua:
3426 3227 3562 3281 inter
3584 3242 3685 3281 un~

2083 3296 2315 3363 gendum
2349 3294 2717 3363 proferantur,
2745 3296 3202 3363 quemadmodum
3233 3296 3260 3336 ιι
3294 3294 3393 3352 nec
3421 3297 3473 3351 in
3501 3296 3684 3365 editis,

2088 3380 2187 3419 nec
2230 3366 2285 3419 in
2338 3375 2551 3420 vetusto
2594 3366 2896 3421 Pontilicali
2942 3383 3044 3422 ms.
3089 3369 3232 3436 quod
3281 3377 3587 3423 asservatur
3633 3370 3691 3427 in

2085 3435 2323 3491 Ecclesia
2348 3437 2791 3507 Rothomagensi,
2817 3435 3136 3509 putaturque
3157 3454 3278 3494 esse
3303 3440 3682 3509 Anglicanum.

2086 3509 2227 3561 Olim
2288 3518 2465 3563 tamen
2529 3509 2921 3565 invocationem
2990 3511 3346 3565 sanctissimae
3400 3511 3687 3567 Trinitatis

2086 3578 2380 3633 adhibitam
2410 3579 2575 3634 fuisse
2606 3580 2848 3635 videmus
2878 3580 3020 3650 apud
3055 3580 3358 3648 Alcuinum,
3390 3582 3483 3637 lib.
3509 3582 3578 3637 de
3599 3582 3686 3635 di-

2086 3650 2224 3721 yinis
2251 3650 2478 3715 Ofticiis,
2506 3665 2629 3719 cap.
2653 3650 2721 3705 de
2741 3651 2975 3705 Sabbato
3002 3660 3209 3707 sancto.
3244 3653 3407 3721 ldque
3439 3668 3503 3707 ex
3534 3654 3687 3721 prati

2090 3720 2346 3776 Ecclesiae
2376 3721 2681 3793 Bonnam};
2719 3722 2796 3775 De
2831 3723 2925 3775 hac
2954 3738 3011 3776 re
3056 3720 3373 3790 apostolicus
3402 3720 3545 3793 apud
3573 3724 3690 3778 Ro-

2087 3808 2265 3865 manos
2304 3793 2375 3865 ita
2414 3794 2518 3863 agit
2555 3808 2574 3847 :
2622 3792 2903 3865 Postquam
2945 3796 3177 3865 pontifex
3213 3795 3564 3863 baptizauerit,
3613 3796 3687 3849 vel

2087 3864 2270 3936 quibus
2291 3864 2505 3936 jusserit
2549 3865 2675 3935 ipse,
2726 3864 2891 3919 levant
2921 3865 3056 3930 ipsos
3094 3864 3323 3936 infantes
3346 3867 3397 3919 in
3427 3866 3683 3932 manibus,

2090 3944 2194 3988 etc.
2228 3932 2366 3988 lnl'ra
2403 3932 2821 4007 :Etipostquam
2867 3935 3034 3989 induti
3070 3932 3279 4005 fuerint,
3328 3938 3415 3991 dat
3456 3936 3688 4007 pontifex

2089 4020 2244 4072 super
2272 4021 2356 4059 eos
2390 4006 2705 4078 Orationem,
2749 4008 2989 4077 imposita
3017 4010 3206 4061 scilicet
3234 4024 3390 4061 manu
3418 4006 3568 4078 super
3594 4023 3685 4060 ca-

2091 4078 2197 4144 pita
2226 4091 2399 4150 eorum
2419 4092 2531 4129 cum
2558 4077 2882 4150 invocatione
2908 4079 3223 4148 septiformis
3254 4080 3434 4150 gratia:
3459 4077 3686 4148 Spiritus

2093 4148 2274 4200 sancti.
2303 4145 2531 4218 Oremus
2573 4165 2586 4201 :
2619 4145 2973 4217 Omnipotens
3013 4145 3339 4218 sempiternc
3386 4145 3545 4214 Deus,
3590 4153 3682 4218 qui

2092 4230 2431 4286 regenerare.
2464 4216 2583 4271 Hac
2606 4216 2927 4288 ﬁnita,ifacit
2958 4216 3158 4274 crucem
3181 4223 3242 4275 de
3263 4222 3535 4275 chrismate
3564 4216 3681 4272 cum

2092 4288 2295 4361 pollice
2319 4291 2372 4341 in
2414 4290 2732 4359 singulorum
2766 4292 3043 4361 frontibus,
3078 4292 3152 4346 ita
3198 4293 3409 4345 dicendo
3440 4308 3458 4344 :
3491 4291 3547 4345 In
3579 4307 3685 4344 no-

2092 4372 2237 4430 mine
2280 4360 2487 4426 Patris,
2525 4372 2577 4414 et
2610 4360 2773 4423 Filii,
2809 4372 2863 4416 et
2907 4364 3139 4430 Spiritus
3180 4364 3372 4419 sancti.
3416 4363 3526 4416 Pax
3564 4363 3682 4417 tibi.

2093 4429 2419 4504 Respondent
2450 4448 2623 4486 omnes
2654 4447 2670 4504 ξ
2708 4433 2921 4487 Etcum
2951 4429 3156 4504 Spiritu
3185 4444 3296 4487 tuo.
3327 4434 3477 4504 Apud
3510 4434 3684 4488 Ama-

2095 4501 2310 4572 larium,
2341 4503 2431 4555 lib.
2464 4518 2479 4557 ι
2510 4506 2576 4556 de
2607 4503 2761 4559 Ollic.
2793 4506 2951 4568 eccl.,
2988 4519 3106 4572 cap.
3136 4503 3189 4571 2,
3234 4501 3388 4560 idem
3410 4504 3633 4559 habetur
3665 4520 3680 4557 :

2093 4570 2520 4645 Qicitliomanus
2544 4574 2767 4638 libellus,
2796 4575 2857 4628 de
2879 4591 2978 4643 quo
2999 4570 3132 4645 stripe
3160 4570 3682 4629 commemoravimus.

558 4628 873 4727 Unguentum
893 4632 1064 4695 regale
1086 4634 1252 4684 datum
1280 4628 1374 4695 est,
1404 4643 1456 4685 et
1481 4628 1686 4685 chrisma
1704 4628 1954 4698 'perenne.
2022 4664 2077 4727 Β
2104 4641 2604 4727 Οναιὶρηιιεπρζεια,
2645 4628 2767 4727 [αρξλ
2807 4628 3017 4727 (ςζιίεεηπΖΔ
3202 4646 3395 4727 lio-uice-
3416 4628 3485 4700 fex
3514 4647 3685 4727 chris-

404 4709 463 4835 :ln
513 4708 889 4770 Cathemerin
945 4715 1145 4788 hymno
1192 4718 1282 4787 qui
1331 4716 1642 4774 inscribitur
1691 4733 1789 4790 pro
1844 4721 1993 4778 omni

444 4794 574 4835 ora:

444 4794 537 4837 ora
562 4800 574 4835 ξ

742 4854 834 4924 ριο
858 4856 1126 4924 trophaeum
1152 4870 1405 4924 psssroms,

746 4916 839 4987 Qic
862 4916 1203 4987 triumphalem
1228 4916 1448 4987 crucem,

748 4978 918 5041 Pange
944 4978 1177 5031 veinllum
1203 4988 1381 5035 notatis

747 5042 884 5099 Quod
909 5044 1126 5108 refulget
1146 5046 1403 5098 frontibus.

409 5119 475 5176 Et
500 5121 551 5177 in
583 5122 875 5194 Apotheosi
908 5144 921 5180 :

534 5200 649 5277 ipse
671 5216 871 5277 quoque
894 5211 1133 5259 exanimis
1157 5213 1313 5273 posito
1335 5211 1613 5277 diademate
1638 5214 1868 5277 princeps

528 5261 704 5337 Palici,
733 5261 1022 5337 et'asgantes
1045 5261 1407 5337 circumspicit;
1435 5261 1604 5336 ecquis
1625 5261 1850 5326 alumnus

530 5326 811 5399 Ghrismatis
834 5326 1314 5399 inscriptosiguaret
1337 5326 1554 5398 teinpota
1579 5340 1742 5399 Signo.

532 5388 624 5447 Qui
646 5388 972 5443 Zoroastreos
990 5388 1241 5447 "turbasset
1266 5399 1425 5446 fronte
1446 5388 1689 5450 susurros.

407 5464 566 5550 3,6].
599 5470 721 5540 Agit
744 5472 812 5528 de
831 5473 1336 5550 .lulianoapostata,
1372 5479 1460 5547 qui
1508 5494 1627 5550 cum
1659 5481 1825 5535 sacris
1875 5498 1993 5539 ma-

417 5546 552 5606 gicis
572 5554 788 5611 operam
819 5546 993 5614 daret,
1028 5547 1097 5603 ob
1118 5546 1455 5618 praesentiam
1487 5549 1763 5619 cujusdam
1790 5553 2001 5623 juvenis

478 5675 510 5755 ’ξι
541 5678 818 5755 Nunclib.
847 5698 919 5749 tv,
944 5686 1099 5755 epist.
1130 5686 1222 5741 9.6.
1342 5748 1351 5755 ,

483 5748 508 5785 δ
549 5750 604 5805 1η
643 5752 784 5824 Edit.
831 5748 1001 5813 Vatic'.
1054 5767 1107 5811 et
1150 5748 1487 5824 Gussanvil.,
1534 5761 1992 5820 consentientibus

412 5834 545 5905 mss.
570 5830 625 5903 ct
649 5821 916 5881 Theoder.
942 5827 1149 5905 legitur_
1162 5847 1173 5883 :
1204 5828 1270 5883 Ut
1293 5821 1765 5887 autemsurrexerit
1784 5851 1815 5887 a
1834 5837 1991 5905 fonte,

412 5890 781 5975 ille.q_tti.eum
820 5890 1031 5975 suscipit
1063 5900 1251 5975 efferat
1295 5917 1407 5955 eum
1444 5905 1532 5958 uni
1569 5890 1876 5975 presbytero,
1908 5890 1996 5974 qui

419 5959 574 6015 ’ociat
604 5965 804 6020 sianum
846 5959 1009 6021 crucis
1038 5959 1400 6028 dte-chrismate
1428 5991 1545 6028 cum
1569 5959 1777 6039 pollice.
1807 5959 1997 6032 in'veré

2101 4722 2233 4765 mate
2250 4714 2303 4765 in
2331 4713 2653 4781 singulorum
2685 4716 2958 4782 frontibus,
2991 4717 3062 4768 ita
3084 4713 3303 4771 dicendo
3331 4734 3350 4772 :
3382 4717 3437 4770 In
3470 4718 3684 4771 nomine

2100 4783 2293 4847 Patris,
2335 4793 2388 4837 et
2416 4784 2557 4849 Filii,
2595 4795 2648 4839 et
2683 4786 2917 4853 Spiritus
2949 4789 3137 4841 sancti.
3169 4787 3279 4842 Pax
3318 4789 3438 4853 tibi,
3482 4800 3684 4842 etcum

2102 4853 2302 4927 Spiritu
2356 4862 2487 4927 tuo.
2520 4856 2574 4909 ln
2614 4856 2815 4912 Ordine
2856 4858 3099 4912 ltomano
3137 4860 3530 4927 pra-mittuntur
3570 4859 3685 4925 haec

2100 4924 2265 4980 verba
2297 4941 2323 4997 ι
2347 4925 2618 4979 Conlirmo
2648 4936 2718 4981 te.
2751 4929 2995 4983 Oratione
3031 4924 3233 4997 expleta
3258 4924 3688 4997 interrogantibus

2100 4996 2401 5070 diaconibus
2429 4998 2633 5070 nomina
2658 4999 3000 5070 singulorum,
3041 4996 3293 5068 pontifex,
3318 4996 3477 5053 tincto
3500 5000 3687 5064 pollice

2099 5067 2155 5120 in
2197 5069 2487 5133 chrismate,
2489 5069 2680 5193 Cfaciat
2721 5067 2921 5124 crucem
2956 5071 3010 5123 in
3043 5067 3301 5137 frontibus
3339 5070 3681 5140 singulorum,

2100 5137 2175 5191 ita
2206 5138 2419 5193 dicendo
2444 5156 2462 5193 :
2535 5140 2763 5193 onlirmo
2801 5148 2851 5193 te
2879 5143 2929 5193 in
2961 5139 3176 5192 nomine
3213 5138 3406 5193 Patris.
3450 5146 3504 5193 et
3534 5137 3678 5193 Filii.

2100 5137 2175 5191 ita
2206 5138 2419 5193 dicendo
2444 5156 2462 5195 :
2489 5137 2763 5193 Couﬁrmo
2801 5148 2851 5195 te
2879 5143 2929 5193 in
2961 5139 3176 5192 nomine
3213 5137 3504 5203 Patris,'et
3534 5137 3678 5205 Filii,

2102 5217 2157 5262 et
2180 5208 2410 5274 Spiritus
2437 5211 2625 5264 sancti.
2658 5210 2694 5276 ιῇ
2717 5248 2732 5264 .
2764 5210 2955 5264 Amen.
2988 5209 3099 5261 Pax
3131 5217 3323 5263 tecum.
3359 5210 3398 5278 ἡ
3420 5246 3434 5262 .
3467 5209 3534 5262 Ει
3562 5224 3683 5270 cum

2104 5280 2305 5347 Spiritu
2329 5290 2437 5334 tuo.
2466 5280 2519 5332 In
2550 5280 2837 5341 Ordinibus
2866 5293 2997 5333 mss.
3033 5278 3260 5343 'l‘iliano,
3284 5288 3338 5335 et
3358 5280 3525 5333 sancti
3552 5279 3682 5335 Ger~

2109 5352 2251 5403 mani
2283 5366 2311 5403 a
2355 5350 2526 5403 Pratis
2558 5353 2633 5403 sic
2658 5349 2885 5403 habetur
2926 5364 2941 5402 :
2980 5349 3251 5404 Conﬁrmo
3284 5361 3335 5404 te
3362 5360 3415 5405 et
3448 5353 3600 5420 signo
3632 5354 3681 5407 in

2101 5420 2318 5474 nomine
2359 5420 2552 5487 Patris,
2598 5428 2652 5474 et
2702 5420 2843 5484 Filii,
2884 5429 2937 5475 et
2976 5420 3205 5488 Spiritus
3250 5424 3443 5476 sancti.
3485 5428 3676 5476 Amen.

2102 5490 2261 5561 362
2282 5491 2384 5545 Pax
2407 5500 2602 5553 tecum.
2618 5500 2813 5562 etcum
2826 5490 3029 5561 Spiritu
3042 5502 3150 5546 tuo.
3168 5494 3320 5562 Apud
3333 5494 3675 5548 Guillelmuin

2112 5562 2501 5627 Parisiensem,
2549 5562 2642 5617 lib.
2690 5561 2758 5617 de
2805 5562 3191 5631 Sacramentis,
3221 5561 3375 5620 hanc
3406 5564 3683 5621 loriuulam

2096 5696 2190 5751 tice
2221 5714 2355 5769 ejus,
2411 5700 2583 5753 dicens
2619 5714 2637 5754 :
2670 5700 2812 5757 Deus
2857 5701 3218 5769 omnipotens,
3266 5703 3423 5759 Pater
3473 5699 3663 5757 Domin

2096 5773 2262 5844 nostri
2307 5771 2435 5825 Jesu
2482 5772 2709 5844 Christi,
2746 5775 2837 5844 qui
2882 5785 2933 5828 te
2967 5778 3305 5842 regeneravit
3343 5790 3408 5830 ex
3448 5789 3582 5844 aqua
3630 5778 3681 5826 θ’

2099 5842 2300 5907 Spiritu
2324 5850 2531 5906 sancto,
2548 5842 2743 5913 quique
2764 5842 2911 5901 dedit
2931 5845 3021 5899 tibi
3047 5848 3417 5900 remissionem
3441 5842 3678 5898 onntiuir.

2100 5922 2461 5983 peccatorum,
2491 5914 2605 5980 ipse
2630 5924 2679 5967 ιο
2708 5914 2859 5971 liuiat
2888 5916 3180 5983 chrismate
3210 5918 3399 5973 salutis
3428 5917 3482 5972 in
3524 5916 3678 5971 vitam

2101 5990 2378 6039 aeternam.
2410 5982 2565 6041 Resp.
2596 5986 2787 6042 Amen.
