4042 6350
364 357 473 429 355

1113 360 1181 420 IN
1220 358 1277 422 S.
1320 356 1649 422 GREGORII
1686 362 1944 421 LIBRUM
1984 358 2601 422 SACPt-AMENTORUM
2638 363 2870 425 NOTIE.

3523 364 3631 430 354

366 485 606 557 reperire
622 490 708 538 est
725 498 745 557 Δε
767 478 1036 557 _Consiguo
1061 489 1142 557 te,
1160 490 1213 537 et
1241 497 1399 557 cruce
1421 482 1683 557 conﬁrmo
1708 492 1778 539 te.
1809 483 1944 549 Quia
1969 490 2024 549 Α
2048 483 2410 551 disciplinam,
2442 484 2785 553 philosophos
2816 483 2880 539 ad
2903 498 3082 540 rerum
3112 482 3413 543 divinarum
3442 489 3632 549 huma-

366 551 536 613 autem
564 551 799 625 (inquit).
826 554 1052 623 pontifex
1090 554 1233 625 dicit,
1278 554 1532 625 pingendo
1575 554 1941 621 characterem,

364 629 634 697 Consigno
664 623 716 682 te
745 623 801 697 et
826 639 984 697 cruce
1005 623 1262 679 conﬁrmo
1280 623 1711 697 te,intelligenda
1733 638 1806 680 est
1827 643 1947 680 can—

364 696 610 774 signatie.
653 696 1125 774 Apud_Aiberttim
1169 712 1418 774 magnum
1445 711 1562 774 _m_s.
1596 697 1946 774 bibliotheca:

364 766 533 826 sa'ncti
554 769 783 825 Victoris
814 766 867 821 in
887 767 1154 822 Suburbio
1176 768 1478 833 Parisiensi,
1501 768 1555 821 in
1583 766 1616 819 lt
1643 778 1943 838 sent.,pag.

361 842 490 907 9.134,
526 843 639 895 haec
686 839 855 893 forma
885 839 1307 893 conﬁrmationis
1336 848 1508 893 exstat
1541 856 1553 891 :
1590 840 1863 894 Continuo
1895 851 1947 896 te

361 917 517 981 signa
548 912 845 981 crucisLet
876 909 1167 964 chrismate
1207 910 1393 964 salutis
1424 910 1474 963 in
1504 911 1720 964 nomine
1748 913 1941 980 Patris,

361 978 431 1036 (δι’
465 982 611 1047 Filii,
656 989 711 1036 et
750 978 981 1048 Spiritus
1018 982 1208 1035 sancti.
1265 982 1320 1033 In
1363 981 1469 1035 alio
1500 981 1791 1037 Pontiﬁcali
1840 978 1944 1039 ms.

361 1053 501 1119 quod
550 1061 859 1108 asservatur
894 1051 945 1104 in
994 1051 1231 1106 Ecclesia
1274 1051 1690 1121 Rotbomagensi
1722 1055 1835 1107 haec
1861 1055 1946 1107 vi-

362 1129 491 1177 tlcre
514 1132 596 1177 est
624 1140 638 1175 :
674 1122 816 1175 Tunc
849 1123 1002 1192 faciat
1028 1138 1227 1176 crucem
1256 1123 1309 1175 in
1341 1123 1507 1192 {route
1533 1140 1705 1176 eorum
1726 1124 1948 1178 chrisma

363 1199 530 1264 (Lege
556 1192 855 1264 chrismate)
889 1194 1059 1257 dicens
1090 1208 1109 1246 :
1136 1193 1401 1262 Consigno
1431 1203 1481 1248 te
1507 1196 1659 1263 signo
1683 1195 1861 1249 crucis
1890 1203 1944 1250 et

365 1263 628 1319 conﬁrmo
656 1263 946 1319 chrismate
969 1264 1156 1320 salutis
1178 1264 1232 1318 in
1257 1266 1472 1319 nomine
1498 1265 1690 1333 Patris,
1724 1276 1776 1321 et
1799 1266 1945 1333 Filii,

363 1345 416 1391 et
440 1336 673 1403 Spiritus
703 1334 894 1389 sancti.
921 1334 1112 1390 Amen.
1148 1335 1257 1389 Pax
1291 1336 1588 1401 vobiscum,
1618 1338 1716 1401 vel,
1748 1347 1944 1393 tecum.

362 1408 577 1463 Etcum
613 1405 801 1474 Spiritu
835 1416 947 1460 tuo.
991 1406 1230 1460 Tandem
1281 1408 1334 1461 in
1364 1406 1662 1461 Pontiﬁcali
1704 1408 1948 1465 Romano

360 1481 439 1534 sic
484 1476 756 1531 habetur:
788 1476 952 1546 Signo
1002 1486 1053 1531 te
1092 1481 1243 1547 signa
1288 1478 1482 1543 crucis,
1516 1488 1570 1532 et
1593 1478 1853 1533 conﬁrmo
1894 1490 1947 1536 te

366 1548 657 1619 chrismate
675 1546 863 1619 salutis
895 1549 947 1602 in
966 1546 1192 1619 nomine
1217 1547 1408 1612 Patris,
1437 1556 1491 1602 et
1522 1548 1660 1614 Filii,
1691 1559 1747 1605 et
1766 1549 1948 1619 Spiri-

364 1628 447 1673 tus
489 1618 696 1681 sancti;
744 1626 801 1670 ut
847 1618 1122 1685 implearis
1169 1620 1369 1688 Spiritu
1400 1628 1609 1685 sancto,
1651 1628 1707 1675 et
1748 1618 1947 1677 habeas

364 1690 523 1745 vitam
574 1697 853 1742 aeternam.
899 1690 972 1755 ιῆ.
1016 1691 1209 1744 Amen.
1252 1689 1424 1744 δι’ωεὶ
1470 1706 1622 1753 vero,
1674 1692 1945 1759 praemissa

368 1761 465 1815 hac
506 1759 796 1833 O_ratione,
848 1770 903 1812 ut
933 1759 1281 1833 habeturuin
1332 1775 1518 1815 eorum
1580 1762 1940 1833 Euchologio,

364 1833 511 1891 αὐτὸς
541 1830 1122 1910 δέσποταῌίπαμϐασιλιῐᾷ
1163 1830 1496 1910 εὖσπλαγχνε
1539 1835 1762 1910 χάρισαι
1804 1830 1945 1910 οξύτῷ

361 1908 442 1975 θεαὶ
468 1908 559 1961 τὴν
594 1899 1032 1975 σφραγίδαίειᾳ,
1062 1901 1113 1956 id
1137 1913 1219 1975 est
1251 1920 1263 1955 :
1298 1899 1382 1956 Tu
1403 1899 1650 1967 nomne,
1701 1899 1943 1961 omnium

364 1972 475 2027 Rex
509 1981 565 2045 et
591 1972 922 2045 milsericors,
952 1973 1092 2045 dona
1121 1974 1168 2045 ei
1198 1984 1252 2028 et
1278 1976 1609 2043 signamtl‘um
1646 1975 1942 2045 largitionis

363 2044 557 2111 sancti,
583 2054 636 2097 et
670 2043 1056 2112 omnipotentis
1086 2043 1449 2112 adorandique
1482 2045 1551 2103 tui
1579 2043 1831 2113 Spiritus.
1857 2048 1945 2103 In-

363 2123 449 2191 ter
476 2114 780 2191 ungendum
810 2114 995 2191 dicunt
1021 2119 1237 2191 σφρᾳγὶς
1258 2115 1451 2191 δωρεᾶς
1465 2118 1754 2191 πνεύματος
1775 2118 1945 2191 ἁγίου,

367 2185 425 2257 id
458 2195 560 2249 est,
591 2185 917 2253 signaculum
950 2185 1549 2253 doni'Spiritus'sancti.
1576 2188 1706 2253 Qua:
1730 2185 1944 2257 quidem

374 2255 599 2309 formula
626 2266 796 2311 exstat
834 2257 888 2310 in
915 2271 1037 2311 can.
1071 2258 1102 2310 7
1130 2257 1342 2312 concilii
1372 2257 1527 2326 primi
1555 2255 1949 2314 Constantino-

375 2327 697 2402 politani,_in
729 2329 1048 2402 quostatuit
1073 2328 1362 2402 concilium
1388 2337 1449 2402 ut
1489 2328 1792 2402 Novatiani,
1825 2332 1946 2385 Ma-

369 2397 669 2470 cedoniani,
719 2398 1137 2467 Apollinaristte,
1182 2410 1238 2454 et
1274 2399 1490 2470 quidam
1531 2397 1621 2454 alii
1668 2402 1946 2469 haeretici,

366 2469 457 2537 qui
495 2469 732 2533 abjurata
765 2470 955 2525 natresi
999 2469 1252 2525 Ecclesiae
1282 2471 1557 2525 catholicae
1584 2474 1947 2527 reconcilian—

364 2547 472 2606 tur,
522 2538 813 2611 chrismate
859 2552 1122 2611 ungantur
1157 2541 1210 2595 in
1252 2540 1447 2605 fronte,
1482 2544 1671 2606 oculis,
1706 2545 1945 2611 naribus,

363 2625 459 2688 ore
497 2620 556 2665 et
593 2610 847 2688 auribug,
893 2612 1120 2669 dicendo
1148 2628 1164 2668 :
1194 2617 1411 2687 Σφραγὶς
1438 2612 1633 2688 δωρεᾶς
1662 2610 1950 2688 meditator

361 2680 532 2756 iqt'ou.
576 2681 732 2756 Apud
783 2681 1041 2756 Severum
1080 2680 1444 2756 epatria'ret'iam
1492 2680 1946 2756 Alexandrinum,

363 2752 460 2806 lib.
493 2752 561 2807 de
595 2752 812 2807 [litibus
841 2752 1090 2822 baptismi
1132 2755 1268 2810 hanc
1295 2754 1519 2810 formam
1553 2756 1736 2811 videre
1765 2757 1892 2812 licet
1929 2752 1946 2811 Ξ

363 2822 666 2898 Cbrismate
691 2833 882 2898 sancto
904 2825 1180 2881 suavitatis
1206 2825 1385 2898 odoris
1412 2824 1609 2880 Christi
1635 2825 1749 2891 Dei,
1775 2828 1951 2898 sigillo

363 2909 509 2948 verae
537 2893 691 2966 ﬁdei,
710 2896 1104 2964 complementa
1130 2897 1364 2966 pignoris
1392 2898 1621 2966 Spiritus
1652 2893 1952 2953 sancti'ob-

363 2965 607 3035 signatur
628 2965 768 3039 talis.
797 2966 863 3022 N.
896 2966 949 3021 in
978 2965 1408 3039 nomine’Patris,
1438 2965 1493 3022 et
1522 2967 1663 3033 Filii,
1697 2976 1752 3023 et
1780 2968 1953 3039 Spiri-

365 3045 453 3091 tus
470 3036 643 3091 sancti
671 3038 736 3091 ad
763 3040 924 3092 vitam
955 3036 1140 3093 saeculi
1173 3039 1512 3094 saeculorum.
1538 3040 1732 3094 Amen.

440 3106 710 3179 Hactenus
752 3107 820 3179 de
861 3110 1214 3165 sacramentis
1261 3109 1534 3179 baptismi,
1577 3120 1632 3165 et
1658 3108 1950 3167 conﬁrma-

369 3177 693 3261 tionis.”Sed_
717 3178 839 3248 quia
887 3180 1200 3261 multaqure
1242 3181 1309 3234 ad
1334 3177 1590 3261 baptismi
1620 3183 1754 3261 ritus
1785 3198 1950 3261 spee-

370 3258 484 3302 tare
517 3248 765 3304 videntur
798 3248 1259 3318 prtetermisimus,
1302 3248 1420 3305 non
1447 3251 1542 3306 abs
1582 3267 1639 3307 re
1665 3256 1767 3307 erit
1794 3248 1839 3308 si
1866 3255 1952 3309 his
1979 3250 2026 3316 C

367 3336 487 3393 qua:
518 3320 845 3393 scripsimus
860 3320 1101 3393 libellum
1131 3322 1469 3392 Theodulphi
1498 3323 1737 3393 episcopi
1771 3326 1954 3381 Aure-

364 3390 625 3463 lianensis
658 3391 725 3463 de
755 3391 942 3463 ordine
972 3392 1223 3461 baptismi
1253 3390 1619 3462 subjiciamus,
1657 3390 1816 3463 quem
1848 3412 1951 3451 ms.

366 3476 434 3515 ex
483 3460 804 3535 bibliotheca
844 3460 1156 3519 Corbeiensi
1200 3460 1501 3531 habuimus,
1542 3460 1610 3519 in
1637 3460 1743 3535 quo
1774 3469 1953 3522 omnia

364 3547 485 3601 quae
532 3532 597 3585 ad
632 3541 1028 3605 sacramentum
1077 3535 1326 3603 baptismi
1366 3532 1956 3605 spectant,'enucleate

363 3604 496 3676 satis
540 3603 936 3676 cumrmystica
983 3603 1422 3675 interpretatione
1463 3621 1818 3675 exponuntur,
1864 3608 1953 3663 cui

366 3674 527 3729 etiam
553 3674 927 3731 elucidaiionis
950 3674 1405 3747 gratia’quasdam
1433 3674 1739 3734 natationes
1764 3679 1955 3750 adjun-

364 3760 573 3815 gemus.

579 3838 905 3912 Theodulplti
936 3841 1137 3897 libellus
1168 3842 1233 3899 de
1263 3843 1444 3899 ordine
1472 3844 1730 3914 baptismi.

449 3953 963 4028 tReverentissimo
992 3966 1153 4028 atque
1202 3957 1521 4015 charissima
1563 3958 1717 4014 fratri
1760 3957 1953 4016 Joanni

371 4026 650 4097 episcOpo,
685 4025 1017 4082 Theodulfus
1045 4025 1299 4085 salutem.

451 4116 470 4151 ι
508 4098 838 4170 Praeceptum
872 4107 1037 4163 tuum,
1074 4102 1157 4155 vir
1194 4101 1520 4158 venerabilis
1566 4101 1822 4166 Joannes,
1854 4119 1955 4170 pe-

372 4170 482 4243 regi
498 4185 518 4243 _;
546 4169 647 4223 etsi
676 4170 1002 4243 non_solerti
1025 4170 1285 4239 efﬁcacia,
1317 4174 1475 4243 plena
1498 4183 1672 4229 tamen
1696 4169 1955 4230 obedien-

373 4238 806 4313 tia._Pra:cepisti
834 4243 976 4313 enim
1008 4244 1157 4307 mihi,
1209 4238 1331 4298 imo'
1345 4260 1439 4313 per
1466 4253 1519 4300 te
1542 4244 1778 4300 charitas
1807 4260 1955 4313 pra:-

365 4310 511 4384 cepit
537 4320 593 4384 ut
621 4310 939 4384 quibusdam
972 4310 1361 4383 quaestionibus
1383 4316 1451 4371 de
1478 4316 1669 4371 ordine
1696 4310 1953 4384 baptismi

368 4395 400 4434 a
428 4381 659 4453 domino
689 4393 742 4437 et
784 4381 1019 4451 glorioso
1065 4386 1391 4453 imperatore
1416 4388 1611 4441 Carolo
1645 4385 1735 4441 tibi
1770 4381 1955 4442 trans-

365 4452 543 4524 missis
578 4453 813 4524 breviter
850 4463 903 4509 et
942 4455 1049 4510 cito
1089 4452 1492 4524 responderem.
1543 4457 1956 4515 Coarctantibus

364 4521 544 4592 itaque
571 4538 656 4579 me
683 4523 807 4578 hinc
829 4526 1109 4588 brevitate.
1133 4521 1234 4595 qua
1266 4528 1498 4596 cogebar
1526 4528 1673 4583 brevi
1704 4543 1954 4585 sermone

374 4609 461 4669 res
490 4609 710 4669 magnas
751 4596 1025 4669 expedire,
1072 4598 1224 4653 illinc
1255 4597 1510 4666 temporis
1550 4601 1815 4669 angustia,
1849 4616 1952 4669 qua

366 4665 474 4723 cito
508 4667 650 4740 quod
667 4666 908 4740 iusseras
948 4668 1244 4737 adimplere
1281 4665 1523 4725 volebam
1555 4665 1694 4740 quod
1720 4665 1951 4739 juSsisti.

447 4755 466 4789 t
500 4736 653 4803 Quod
677 4752 809 4811 opus
834 4738 1038 4792 utinam
1069 4736 1215 4796 esset
1241 4751 1345 4795 tam
1367 4736 1655 4797 et‘ﬁcaciier
1679 4736 1953 4811 expletum

366 4821 523 4881 quam
571 4819 654 4863 est
685 4809 916 4881 libenter
941 4811 1284 4880 susceptum!
1318 4812 1630 4881 Quanquam
1662 4809 1789 4881 ergo
1817 4815 1951 4871 mihi

366 4879 603 4953 spatiose
641 4880 923 4947 tractandi,
966 4891 1020 4936 et
1053 4879 1270 4937 Patrum
1314 4879 1588 4938 volumina
1615 4879 1947 4953 revolvendi,

367 4950 688 5024 quibusdam
732 4953 1175 5021 occupationibus
1209 4953 1681 5024 prtepedientibus,
1728 4950 1955 5013 facultas

267 5063 272 5067 .
367 5022 513 5093 nulla
553 5029 883 5091 suppeteret,
933 5029 988 5078 et
1034 5038 1119 5079 me
1165 5022 1233 5079 ad
1279 5025 1574 5093 jussionem
1624 5026 1949 5093 implendam

260 5088 273 5123 ⁵η
364 5092 599 5147 charitas
620 5088 988 5167 promoveret,
1017 5094 1085 5149 de
1112 5088 1336 5165 singulis
1366 5113 1484 5167 qua:
1506 5096 1637 5151 mihi
1666 5088 1949 5154 occurrere

273 5167 283 5194 τ
363 5172 675 5236 potuerunt,
708 5164 873 5219 celeri
898 5179 1060 5219 cursu
1084 5164 1294 5236 scripsi,
1327 5164 1602 5223 et‘vestra:
1630 5168 1949 5225 fraternitati

362 5233 507 5309 misi,
546 5238 843 5309 ut_si'_non
882 5236 1171 5309 habuerint
1195 5233 1460 5305 responsa
1501 5239 1945 5309 emolumentum,

362 5306 556 5377 saltem
579 5305 881 5361 obedientia
908 5307 1097 5362 habeat
1113 5307 1369 5364 fructum.
1384 5310 1719 5377 Qumstiones
1740 5305 1947 5367 interea

361 5375 500 5445 istae,
534 5386 593 5431 ut
612 5393 711 5451 ege
735 5388 785 5432 te
814 5394 973 5433 nosse
1000 5390 1179 5436 certus
1200 5396 1339 5445 sum,
1369 5375 1600 5451 a'regali
1631 5382 1948 5439 celsitudine

364 5462 471 5500 non
513 5446 833 5504 sunt’factae
873 5452 1193 5506 necessitate
1219 5452 1480 5515 discendi,
1499 5446 1607 5506 'sed
1635 5454 1810 5508 studio
1836 5453 1946 5508 do-

365 5518 546 5584 cendi,
582 5536 704 5583 nec,
736 5531 794 5575 ut
835 5522 970 5590 ipse,
1003 5523 1088 5575 his
1110 5522 1388 5589 absolutis,
1417 5523 1485 5578 de
1529 5525 1747 5579 nescitis
1779 5526 1952 5580 valeat

365 5590 552 5665 imbui,
585 5590 746 5661 363
778 5596 872 5665 sed
905 5593 1079 5665 utalii
1111 5592 1179 5649 de
1209 5608 1397 5648 somno
1425 5594 1677 5649 desidiusi
1705 5598 1950 5665 corporis

365 5660 431 5713 ad
465 5660 643 5714 rerum
662 5660 1132 5719 ’absolvendarum
1165 5667 1445 5720 utilitatem
1467 5665 1678 5720 valeant
1704 5660 1946 5732 excitari;

366 5734 566 5801 quippe
617 5735 701 5786 cui
749 5736 848 5789 hoc
895 5750 1110 5804 semper
1160 5737 1422 5792 familiare
1464 5747 1564 5802 est,
1615 5745 1672 5790 ut
1699 5748 1949 5793 exerceat

367 5806 626 5870 praesules
655 5805 721 5858 ad
758 5817 1061 5861 sanctarum
1108 5809 1502 5876 Scripturarum
1547 5807 1946 5877 indagationcm

366 5886 420 5927 et
458 5890 644 5931 sanam
680 5877 1018 5949 sobriamque
1048 5878 1372 5951 doctrinam,
1407 5894 1619 5935 omnem
1650 5884 1849 5937 clerum
1871 5879 1947 5937 ad

2052 570 2348 625 uarumque
2394 558 2789 633 cognitionem,
2834 557 3124 633 monachos
3171 557 3241 633 ad
3293 561 3627 633 religionem,

2048 640 2234 681 omnes
2259 629 2580 695 generaliter
2609 628 2675 682 ad
2712 628 3069 693 sanctitatem,
3105 628 3361 697 primates
3389 632 3455 685 ad
3488 628 3632 688 con-1

2054 697 2253 765 silium,
2274 697 2482 768 judices
2511 701 2575 753 ad
2603 701 2885 767 justitiam,
2914 700 3106 754 milites
3134 703 3199 754 ad
3232 716 3504 757 armorum
3539 720 3634 760 ex-

2051 769 2390 837 perientiam,
2444 771 2696 840 praelatos
2742 772 2808 825 ad
2852 771 3224 838 humilitatem,
3274 773 3517 828 subditos
3564 776 3635 831 ad

2049 840 2430 914 obedientiam,
2462 857 2649 897 omnes
2673 843 2997 910 generaliter
3027 843 3091 909 ad
3124 843 3483 913 prudentiam,
3514 844 3634 914 jus-

2050 911 2241 983 titiam,
2290 913 2676 977 fortitudinem,
2723 911 3150 983 temperantiam,
3196 925 3354 982 atque
3395 911 3633 971 concor-

2052 981 2219 1055 diam.
2268 984 2360 1055 llis
2392 992 2456 1055 et,
2487 985 2747 1037 similibus
2790 981 2947 1038 rebus
2980 986 3068 1039 ille
3111 981 3347 1039 virorum
3395 988 3629 1055 optimus

2050 1052 2161 1125 _Deo
2183 1054 2284 1106 sibi
2312 1054 2539 1122 propitio
2569 1066 2767 1109 sanctae
2799 1055 3051 1109 Ecclesiae
3081 1055 3349 1125 fastigium
3379 1052 3635 1113 accumu-

2050 1123 2165 1177 lare
2187 1139 2290 1177 non
2322 1134 2519 1189 cessat,
2547 1134 2600 1179 et
2622 1126 2921 1180 admirabili
2947 1128 2995 1180 in
3028 1123 3633 1183 rerum—ecclesiastica-

2051 1210 2174 1247 rum
2221 1196 2334 1265 sive
2376 1197 2609 1251 civilium
2653 1196 3116 1251 administratione
3145 1208 3413 1265 strenuus,
3457 1208 3512 1253 et
3540 1214 3631 1253 sa-
3694 1201 3701 1207 ’

2052 1265 2264 1342 pientite
2285 1264 2433 1342 fonte
2455 1267 2733 1342 redundat,
2760 1270 3001 1323 etvirtus
3033 1266 3177 1341 [Leg.
3203 1264 3436 1342 virtutiSJ
3469 1270 3634 1327 exhi-

2052 1334 2259 1393 bitione
2290 1340 2605 1408 triumphat.

2583 1453 2844 1524 Incipiunt
2870 1456 3093 1525 capitula

2048 1576 2079 1615 tt
2106 1564 2141 1614 I.
2167 1565 2263 1616 Cur
2300 1565 2453 1617 infans
2477 1569 2857 1618 catechumenus
2888 1569 3109 1618 efﬁcitur.
3142 1567 3205 1616 II.
3232 1566 3358 1624 Quid
3396 1572 3462 1621 sit
3502 1577 3613 1623 cate
3636 1604 3641 1613 π

2109 1629 2396 1680 chumeuus.
2440 1630 2524 1678 III.
2573 1631 2665 1680 Cur
2714 1632 3015 1680 exsutilatur.
3060 1630 3142 1680 IV.
3183 1630 3279 1680 Cur
3321 1635 3637 1688 exorcizatur.

2112 1690 2171 1737 V.
2200 1691 2293 1741 Cur
2317 1694 2700 1746 catechumenus
2722 1694 2891 1754 accipit
2930 1693 3101 1742 salem.
3136 1693 3214 1742 VI.
3240 1695 3359 1751 Quae
3384 1696 3445 1743 sit
3486 1700 3650 1748 inter-

2113 1754 2322 1814 pretatio
2343 1756 2555 1819 Symboli
2572 1756 2843 1819 secundum
2864 1756 3077 1819 Latinos.
3102 1756 3207 1805 VII.
3231 1758 3304 1808 De
3327 1756 3645 1819 credulitate,

2112 1819 2352 1881 quomedo
2370 1817 2666 1881 credendum
2687 1819 2815 1881 sitjn
2838 1819 2991 1881 Deum
3018 1818 3211 1867 Patrem
3228 1817 3644 1881 omnipotentem,

2116 1886 2166 1943 et
2188 1878 2235 1943 i_n
2263 1878 2432 1943 .Iesum
2468 1880 2709 1928 Christum
2740 1879 2913 1929 Filium
2937 1879 3238 1943 ejusfnatum
3265 1893 3317 1935 et
3341 1878 3531 1943 passum
3551 1921 3563 1943 ,
3590 1878 3642 1939 et

2115 1939 2166 1985 in
2190 1940 2423 2000 Spiritum
2447 1951 2663 1989 sanctum
2681 1980 2694 2003 ,
2719 1950 2933 1991 sanctam
2960 1942 3221 1993 Ecclesium
3247 1939 3560 2004 catholicam,
3591 1951 3644 1998 et

2115 2006 2429 2067 czeteraqute
2453 2011 2725 2063 sequuntur
2752 2006 2800 2067 in
2835 2017 2895 2053 eo
2936 2005 3179 2067 Symbolo.
3210 2009 3338 2058 VIII.
3366 2006 3441 2056 De
3468 2008 3642 2055 scruti-

2114 2065 2215 2112 nio.
2242 2062 2441 2114 IXICur
2467 2062 2730 2125 tanguntur
2751 2066 2814 2115 de
2838 2062 2985 2126 sputo
3021 2081 3165 2116 nares
3190 2078 3239 2121 et
3274 2082 3440 2120 aures.
3467 2067 3522 2118 Χ.
3551 2068 3641 2118 Cur

2112 2134 2286 2187 pectus
2309 2126 2509 2189 deﬁoleo
2550 2130 2767 2189 ungitur,
2794 2127 2874 2177 vel
2912 2128 3121 2187 scapulm
3158 2135 3429 2189 signantur,
3463 2131 3539 2179 vel
3586 2130 3645 2179 li-n

2113 2189 2335 2237 niuntur.
2362 2188 2442 2237 XI.
2466 2190 2591 2246 Quid
2626 2188 2691 2239 Sit
2728 2193 3105 2241 abrenuntiatio.
3136 2188 3241 2243 ΧΙΪ.
3280 2196 3355 2244 De
3394 2188 3644 2243 abrenun-

2115 2249 2319 2318 tiatione
2343 2250 2534 2299 Satanze
2558 2259 2609 2300 et
2630 2254 2861 2318 omnibus
2890 2256 3123 2313 aperibus
3164 2257 3301 2318 ejus,
3310 2266 3463 2318 atque
3499 2268 3641 2316 pom-

2046 2366 2051 2371 λ
2117 2313 2207 2372 pis,
2233 2312 2340 2370 vel,
2365 2326 2473 2377 quae
2512 2325 2663 2377 opera
2690 2312 2997 2377 diaboli,’et
3020 2312 3242 2377 pompae.
3274 2312 3415 2367 'XIII.
3459 2312 3533 2365 De
3565 2331 3647 2366 san

2115 2382 2363 2434 cremento
2407 2376 2647 2434 baptismi.
2690 2374 2816 2426 XIV.
2858 2375 2952 2426 Cur
2986 2374 3110 2426 albis
3147 2374 3363 2429 induitur
3404 2382 3644 2430 vestibus.

2115 2432 2219 2482 XV.
2244 2433 2361 2503 βυτ
2386 2432 2524 2503 sacro
2563 2435 2825 2503 chrismate
2863 2445 3014 2503 cupiit
3047 2446 3360 2503 perungitur.
3402 2441 3526 2489 XVI.
3554 2443 3643 2491 Cur

2115 2453 2219 2482 AV.
2256 2453 2351 2485 Lur
2386 2453 2524 2484 sacro
2563 2453 2825 2487 cnrlsmate
2868 2453 3014 2496 caput
3072 2453 3360 2503 ieruttgttur.
3402 2453 3526 2489 λνι.
3554 2453 3643 2491 ιλιι

2114 2497 2317 2565 mystico
2352 2500 2537 2565 tegitur
2578 2500 2837 2565 velamine.
2863 2499 3014 2565 XVII.
3037 2453 3132 2551 (iur
3164 2504 3225 2551 ab
3265 2504 3494 2565 episc0po
3532 2517 3643 2554 cou-

2119 2557 2341 2627 ﬁrmetur
2361 2560 3153 2627 _[et]_per_manus_jmpositionem
3179 2557 3381 2627 accipiat
3419 2557 3644 2625 septifor-

2115 2622 2207 2689 mis
2245 2623 2421 2689 gratia:
2459 2621 2716 2689 Spiritum.
2742 2621 2920 2675 XVIII.
2945 2626 3038 2675 Cur
3079 2621 3295 2689 corpore
3321 2634 3373 2678 et
3406 2621 3651 2689 sanguine.

2115 2681 2367 2733 Dominico
2388 2681 2701 2734 conﬁrmetur

2132 2815 2153 2851 ι
2191 2799 2537 2879 ΙηΑιιιίᾳιιιιε
2572 2818 2690 2879 mos
2740 2814 3011 2879 servatur;
3052 2810 3357 2879 quicunque
3393 2810 3534 2865 enim
3576 2810 3644 2871 ad

2056 2871 2331 2945 apostolos
2353 2871 2639 2945 credentes
2663 2876 2965 2944 baptizandi
2988 2871 3368 2945 adveniebant,
3399 2881 3646 2936 instrue-

2054 2941 2257 2997 bantur
2284 2952 2340 2997 et
2369 2944 2702 3020 docebantur
2729 2941 2798 3020 ab
2826 2949 2925 3012 eis,
2958 2957 3011 3004 et
3038 2948 3305 3020 instructi,
3331 2941 3385 3007 et
3416 2952 3555 3007 doeti
3580 2954 3646 3006 de

2055 3021 2396 3091 sacramento
2437 3015 2773 3084 baptismatis
2814 3029 2869 3074 et
2906 3020 2975 3074 de
3018 3021 3226 3076 caeteris
3272 3015 3468 3091 regulis
3500 3023 3643 3089 ﬁdei,

2053 3085 2388 3161 accipiebant
2453 3097 2853 3161 sacrosanctum
2903 3094 3215 3161 mysterium
3286 3085 3644 3161 baptismatis.

2061 3154 2213 3211 Unde
2257 3158 2335 3235 ait
2364 3159 2651 3235 Apostolus
2679 3176 2695 3213 :
2723 3162 2802 3235 ᾼιι
2830 3154 3104 3235 ignoratis,
3152 3154 3370 3233 fratres;
3391 3165 3514 3233 quia
3535 3165 3646 3235 qui-

2057 3243 2252 3308 euttqtte
2275 3228 2519 3308 baptizatl
2539 3233 2787 3308 eamus
2816 3232 3022 3308 Christo
3045 3228 3192 3300 Jesu,
3215 3228 3462 3308 inﬁmorte
3487 3228 3648 3308 ipsius

2061 3298 2306 3368 baptizati
2326 3298 2524 3355 sumus.
2550 3301 2609 3355 In
2650 3303 2843 3366 quibus
2876 3305 3056 3359 verbis
3086 3298 3383 3362 ostenditur
3410 3298 3516 3361 non
3548 3322 3643 3362 eos

2064 3370 2342 3448 ignorasse
2372 3375 2693 3448 sacrameuti
2728 3374 3064 3448 baptismatis
3102 3391 3318 3445 arcana,
3351 3381 3438 3448 qui
3471 3380 3646 3446 bapti-

2059 3441 2337 3519 _zaba_ntttr.
2381 3442 2485 3519 Sed
2529 3453 2583 3519 et
2624 3444 2882 3519 Dominus
2919 3462 3026 3502 non
3068 3441 3335 3519 utcunque
3369 3441 3457 3503 'ait
3492 3467 3504 3501 :
3544 3441 3645 3518 Ite,

2058 3510 2357 3579 baptizate;
2383 3514 2496 3577 sed,
2531 3514 2597 3567 ite
2620 3525 2670 3591 et
2696 3515 2869 3591 docete
2896 3534 3066 3591 omnes
3096 3510 3291 3587 gentes,
3332 3510 3647 3591 baptizantei

2059 3598 2166 3646 eos,
2211 3586 2755 3657 utnossepassimus
2783 3590 3012 3657 primmn
3049 3586 3335 3653 instruere,
3370 3586 3423 3646 et
3453 3594 3647 3648 docere

2059 3667 2181 3706 eum
2211 3653 2301 3722 qui
2338 3654 2687 3730 baptizandus
2716 3653 2819 3727 esi,
2850 3670 2903 3713 et
2929 3668 3111 3728 postea
3138 3661 3430 3730 baptizare.
3464 3662 3645 3718 Inlau-

2059 3731 2139 3801 tes
2166 3738 2314 3801 ergo,
2344 3733 2397 3779 et
2425 3725 2707 3801 audientes
2736 3738 2788 3781 et
2807 3725 3183 3801 catechumeni
3208 3725 3367 3796 lium,
3399 3750 3502 3787 non
3535 3749 3644 3801 quo

2058 3793 2113 3847 in
2143 3795 2329 3869 eadem
2358 3804 2516 3850 aetate
2556 3804 2609 3849 et
2654 3796 2870 3863 instrui,
2904 3809 2959 3855 et
2986 3801 3165 3855 daceri
3195 3793 3425 3869 possint,
3459 3793 3563 3857 sed'
3584 3812 3644 3859 ut

2057 3866 2306 3941 antiquus
2337 3880 2453 3920 mos
2478 3876 2751 3941 servetur,
2774 3884 2879 3937 quo
2902 3872 3130 3939 apostoli
3160 3866 3252 3926 eos
3294 3866 3427 3940 quos
3457 3874 3643 3941 bapti-

2058 3937 2237 4010 _zaturi
2266 3946 2419 3989 erant
2456 3939 2687 4007 primum
2721 3937 2988 3996 docebant
3029 3949 3084 3998 et
3112 3937 3469 4010 instrue—bant,
3503 3937 3643 4000 sicut

2053 4004 2163 4076 jam
2187 4006 2386 4061 dictum
2417 4004 2515 4063 eét.

2136 4097 2153 4129 ι
2188 4078 2252 4133 Il.
2283 4078 2709 4137 Catechumenus
2733 4090 2910 4138 autem
2932 4083 3179 4149 audiens,
3207 4084 3323 4140 sive
3354 4084 3644 4142 instructus

2058 4150 2459 4218 interpretatur.
2483 4151 2661 4208 Genus
2683 4153 2824 4208 enim
2850 4157 3137 4209 humanum
3162 4156 3330 4222 audit,
3353 4165 3407 4211 et
3428 4156 3645 4212 instrui-

2059 4228 2145 4296 tur
2186 4232 2489 4296 antequam
2520 4225 2585 4278 ad
2626 4224 2951 4292 baptismum
3001 4228 3194 4291 veniat,
3250 4239 3303 4282 et
3351 4231 3493 4295 quod
3542 4244 3639 4296 per

2057 4292 2274 4365 Iionsen
2315 4293 2582 4362 quondam
2628 4296 2868 4350 audierat
2908 4315 2922 4350 :
2955 4298 3107 4362 Audi,
3149 4297 3339 4365 Israel,
3369 4292 3644 4354 'Domi'nus

2057 4361 2198 4438 Deus
2222 4361 2354 4438 unus
2375 4375 2466 4438 est.
2483 4366 2559 4438 _Et
2587 4381 2681 4435 per
2702 4367 2871 4437 legem
2897 4376 2951 4423 et
2974 4361 3257 4438 prophetas
3282 4361 3643 4424 instruebatur

2057 4435 2126 4508 ad
2156 4434 2311 4508 unius
2339 4436 2449 4489 veri
2482 4434 2799 4508 Dei'cultut'n
2826 4458 2839 4491 :
2868 4434 3024 4494 modo
3046 4434 3144 4508 p'er
3173 4442 3506 4494 sacerdotum
3537 4443 3643 4495 mi-

2059 4505 2437 4583 nisteriumet
2482 4507 2705 4583 audiens
2753 4510 3012 4565 efﬁciatur
3046 4505 3200 4582 '[Leg.
3248 4511 3533 4583 efﬁcitur],
3592 4523 3644 4566 et

2060 4576 2206 4649 [Leg.
2240 4576 2317 4651 ut]
2350 4577 2541 4651 instrui
2571 4580 2774 4644 valeat;
2807 4592 2864 4635 ut
2896 4576 3084 4637 relicto
3115 4576 3219 4636 ritu
3251 4597 3358 4651 quo
3378 4576 3643 4639 creatura:

1981 4639 2413 4713 Ddesérviehat,
2467 4650 2566 4704 soli
2610 4639 2843 4707 creatori
2882 4653 2991 4706 Deo
3034 4639 3321 4709 deserviat.
3364 4653 3455 4708 Sic
3500 4655 3644 4711 enim

2059 4719 2430 4775 catechumeni
2460 4719 2513 4774 in
2533 4719 2815 4795 _Chris_tum
2837 4722 3082 4787 credunt,
3112 4734 3166 4777 ut
3196 4728 3368 4779 adhuc
3397 4740 3495 4779 sua
3527 4740 3646 4795 pec-

2060 4799 2487 4863 catarportente:
2514 4792 2580 4847 de
2619 4792 2809 4862 quibus
2852 4804 2981 4862 puto
3020 4795 3072 4848 in
3102 4795 3388 4863 Evangelia
3416 4792 3642 4862 dictum,

2099 4862 2150 4916 tti
2175 4862 2303 4934 dum
2331 4861 2613 4934 crederent
2639 4861 2703 4917 in
2733 4863 2934 4932 Jesum,
2964 4866 3079 4934 ipse
3106 4861 3394 4922 Jesus‘nou
3427 4880 3487 4923 se
3516 4861 3649 4921 ere-4.

2099 4934 2221 4988 ebat
2241 4931 2337 4987 eis.
2370 4933 2684 5004 Quicunque
2710 4949 2837 5004 ergo
2866 4949 2896 4989 a
2918 4931 3125 4993 Joanne
3146 4936 3497 4999 docebantur,
3526 4942 3643 4994 sive

2061 5004 2480 5069 instruebantur,
2527 5008 2648 5078 quia
2691 5006 3011 5074 baptismum
3052 5014 3169 5076 ejus
3208 5018 3425 5078 peccata
3453 5009 3639 5078 delere

2060 5091 2169 5130 non
2199 5082 2429 5152 poterat,
2463 5076 2968 5152 catechumenorum
3002 5076 3224 5151 typhuni
3254 5079 3403 5152 [Leg.
3434 5077 3640 5152 typum]

2060 5147 2366 5216 prtetulisse
2390 5147 2645 5201 noscendi
2673 5157 2816 5203 sunt.
3023 5147 3037 5150 ’
3058 5147 3075 5151 “
3255 5147 3275 5152 “
3351 5147 3368 5150 ’
3455 5147 3468 5149 “
3493 5147 3517 5191 ἶ

2138 5235 2165 5293 «Α
2196 5217 2282 5271 llI.
2308 5217 2363 5271 In
2385 5231 2615 5293 quorum
2644 5219 2802 5293 etiam
2825 5220 2959 5279 facie
2977 5238 3007 5277 a
3029 5222 3307 5278 sacerdote
3334 5224 3430 5293 per
3449 5222 3639 5277 exsul.

2057 5287 2565 5362 Ilationemsignum
2586 5292 2762 5346 crucis
2790 5294 2869 5359 Iit,
2898 5304 2953 5348 ut
2978 5303 3030 5349 et
3060 5294 3302 5350 diabolus
3330 5287 3563 5362 fugetur,
3585 5303 3640 5355 et

2057 5358 2272 5416 Christo
2294 5361 2376 5435 via
2400 5372 2747 5431 praeparetur,
2770 5374 2824 5420 ut
2842 5358 2933 5435 Qui
2950 5365 3265 5421 illecebrosa
3288 5358 3640 5435 persuasione

2057 5444 2152 5507 sua
2176 5433 2388 5507 generis
2413 5435 2655 5502 humani,
2701 5433 2928 5502 quod—in
2960 5437 3250 5507 primordio
3277 5433 3359 5490 sui
3387 5434 3639 5503 spiracu-

2058 5502 2167 5557 lum
2200 5503 2322 5577 vittc
2367 5517 2666 5574 acceperat,
2710 5502 2977 5563 habitator
3022 5516 3159 5571 erat,
3193 5507 3308 5577 ejus
3352 5502 3548 5561 virtute
3584 5516 3640 5566 et

2055 5575 2419 5647 Sacratissimo
2453 5579 2626 5647 signa,
2669 5592 2761 5646 per
2792 5580 3142 5639 ministerium
3174 5575 3543 5644 sacerdotum,
3580 5586 3639 5639 us

2057 5645 2207 5721 exire
2244 5659 2483 5718 cogatur,
2509 5645 2605 5718 'qtti
2636 5645 2800 5721 364,
2827 5660 2880 5706 et
2911 5652 2959 5703 in
2994 5649 3285 5717 discipulos
3309 5666 3434 5705 suos
3457 5649 3636 5707 insuf-

2054 5714 2569 5790 ﬂasser,_et'Spiritn's
2596 5714 2894 5775 im'm'undos
2925 5714 3230 5787 increpa-sse
3261 5721 3473 5790 legitur.
3610 5724 3611 5729 “

2130 5807 2148 5840 ι
2186 5788 2274 5843 IV.
2314 5788 2460 5847 Unde
2488 5803 2539 5848 et
2563 5794 2899 5848 cxorcizatur
2929 5792 3063 5845 idem
3089 5788 3353 5860 malignus
3383 5794 3621 5863 Spiritus.

2052 5868 2111 5916 ut
2131 5870 2289 5919 exeat
2310 5872 2364 5918 et
2394 5866 2607 5920 recedat
2635 5867 2701 5917 ab
2730 5865 2820 5919 illo
2849 5863 3114 5936 plasmata
3145 5863 3293 5938 [ιτς.
3326 5866 3607 5937 plasmate]
