4042 6350
401 253 503 312 555

1140 245 1206 303 IN
1245 246 1299 303 S.
1343 246 1673 305 GREGORII
1714 242 1970 303 LIBRUM
2008 239 2618 303 SACRAMENTORUM
2654 244 2883 303 NOTZE.

3488 187 3626 311 osse

401 372 538 440 quod
565 366 872 440 jamdudum
901 377 993 433 per
1015 372 1288 440 peccatum
1332 363 1486 440 primi
1520 362 1750 440 hominis
1780 361 1960 440 possi—
1985 360 2033 418 Δ
2069 357 2120 440 in
2173 366 2818 440 communenstatuernnt,
2867 374 2954 440 ne,
3008 358 3245 440 localiter
3291 356 3358 417 ab
3401 363 3629 440 invicem

390 434 581 501 (iebat:
618 441 682 494 Et
713 439 832 504 quia
866 451 968 489 non
998 444 1093 498 est,
1136 434 1280 501 juxta
1320 434 1649 503 Apostolnm.
1697 435 1954 488 conventio

394 514 589 571 Christi
610 512 679 565 ad
706 508 892 571 Belial,
934 521 1025 559 nec
1051 509 1263 558 societas
1294 505 1395 559 luci
1422 505 1491 557 ad
1518 504 1765 568 tenebras,
1804 518 1955 571 egre-

400 586 676 642 diebantur
702 579 959 643 tenebrm,
990 586 1045 631 et
1081 579 1165 630 lux
1206 589 1329 630 vera
1358 576 1601 630 Christus
1622 574 1957 644 ingredieba-

395 666 505 712 tur.
529 652 630 719 Qui
652 661 706 707 et
728 653 777 705 in
798 647 1053 703 Zacharia
1075 647 1247 719 typice
1274 654 1489 719 propter
1514 655 1726 719 peccata
1757 655 1954 719 nostra,

398 741 516 793 qua:
544 717 596 778 in
621 736 842 791 corpore
866 717 1235 793 suoportavit,
1267 718 1478 793 sordida
1496 717 1829 793 vestimenta
1859 717 1953 793 ha:

394 785 578 853 bnisse
620 785 843 860 legitur;
883 798 937 845 et
977 785 1256 858 increpans
1293 788 1455 843 Satan
1495 786 1642 912 ἕλεα.
1683 785 1958 859 Satanam]

397 865 689 912 Jerusalem
725 863 885 912 elegit
920 869 1180 912 sanctam.
1212 859 1459 912 videlicet
1520 857 1806 912 ‘cclesiam.
1840 874 1958 912 ante

397 857 696 924 Jerusalem
725 863 885 932 elegit
920 857 1180 923 sanctam,
1212 859 1459 932 videlicet
1496 857 1806 932 Ecclesium,
1840 857 1958 932 quae

396 947 482 992 est
501 936 636 990 visio
664 928 835 1003 pacis,
872 947 1029 1003 quam
1059 929 1651 1003 quotidieuprolenova
1685 928 1954 1003 fecundat,

396 1009 482 1062 cui
510 1021 603 1071 per
623 998 932 1076 prephetam
962 998 1151 1056 dicitur
1176 1018 1191 1054 :
1218 998 1358 1076 Filii
1375 1000 1449 1053 tui
1476 1000 1539 1076 de
1567 999 1714 1070 longe
1741 1001 1958 1061 venient,

399 1086 448 1133 ct
477 1077 601 1147 ﬁlios
625 1071 738 1130 tute
780 1076 832 1128 iu
871 1074 1037 1147 latere
1065 1081 1296 1147 surgent,
1321 1071 1661 1147 Exercismns
1705 1080 1959 1147 praeterea

400 1141 486 1202 est
500 1161 680 1203 sermo
698 1144 1090 1213 increpationis.
1113 1144 1263 1197 Unde
1285 1142 1335 1195 in
1360 1141 1957 1213 Actibusapostolornm

398 1218 681 1273 exorcistat
724 1210 889 1270 fuisse
938 1214 1205 1283 leguntur,
1250 1221 1302 1267 et
1321 1222 1503 1283 sancta
1548 1210 1780 1283 Ecclesia
1824 1213 1962 1266 inter

405 1288 599 1356 gradus
623 1282 1011 1341 ecclesiasticos
1030 1282 1406 1356 CXOFt'iSlﬂf‘llm
1431 1282 1586 1336 etiam
1610 1282 1956 1356 ministerium

403 1351 578 1412 habet.
600 1357 883 1412 Sciendum
905 1368 1130 1423 namque
1153 1363 1232 1407 est
1252 1353 1371 1422 quia
1393 1368 1510 1406 cum
1534 1352 1853 1406 exorcizatio
1877 1351 1955 1417 ﬁt,

410 1430 496 1483 ille
526 1428 705 1497 procul
739 1426 898 1481 dubio
928 1425 1261 1497 exotcizaturf
1288 1423 1470 1497 quiet
1498 1423 1758 1491 baptismo
1783 1430 1837 1478 et
1866 1438 1961 1497 sa-

408 1499 505 1554 luti
527 1492 799 1562 ﬁdelium,
843 1506 897 1551 et
933 1494 1178 1549 omnibus
1207 1495 1488 1549 virtutibus
1518 1496 1637 1563 ejus
1663 1492 1962 1548 contrarius

396 1576 502 1624 est.
534 1568 626 1622 illo
665 1568 804 1621 enim
846 1565 1143 1622 exorcizato
1192 1567 1302 1621 sive
1340 1564 1581 1636 expulso,
1623 1564 1786 1619 divini
1817 1564 1960 1619 verbi

400 1639 795 1694 condimentum
826 1636 1163 1691 credentibus
1188 1637 1362 1690 datur.

477 1728 497 1761 ‹
530 1708 595 1763 V.
628 1708 697 1762 Et
733 1709 930 1763 idcirco
972 1707 1029 1760 hi
1075 1708 1162 1777 qui
1203 1705 1496 1775 baptizandi
1534 1713 1657 1759 sunt
1690 1704 1857 1777 salem
1907 1704 1959 1759 in

394 1788 731 1856 sacramento
777 1776 1064 1856 accipiunt,
1097 1775 1174 1831 int
1213 1778 1326 1846 ejus
1382 1784 1539 1844 gustu
1569 1775 1961 1856 condimentum

400 1851 670 1920 Sapientia:
715 1850 1026 1920 percipiant,
1075 1845 1252 1920 neque
1292 1862 1321 1920 a
1367 1861 1553 1920 sapore
1580 1847 1781 1920 Christi
1821 1845 1965 1920 desi-

438 1916 566 1985 iant,
599 1929 654 1975 et
677 1916 783 1975 sint
812 1916 994 1973 insulsi
1024 1927 1076 1971 et
1106 1919 1249 1972 fatui.
1279 1917 1377 1983 Qui
1409 1918 1549 1971 enim
1579 1917 1713 1971 dixit
1733 1916 1967 1984 discipu-

426 1991 470 2046 is
492 1993 600 2046 suis
625 2008 638 2045 :
669 1990 771 2045 Vos
800 1991 917 2045 estis
945 1987 1024 2043 sal
1050 1997 1219 2056 terrm,
1252 1988 1365 2057 ipse
1391 1988 1523 2041 dixit
1547 1986 1743 2042 :Ncmo
1766 1986 1969 2041 mittens

404 2078 613 2116 manum
652 2078 796 2115 suam
825 2062 878 2115 in
904 2068 1096 2125 aratro,
1128 2070 1173 2113 et
1203 2060 1475 2127 respiciens
1502 2070 1657 2125 retro,
1687 2074 1842 2127 regno
1872 2074 1967 2112 εαξη

397 2134 566 2188 lorum
579 2142 732 2202 aptus
748 2148 853 2186 esse
873 2138 1054 2201 potest.
1073 2130 1326 2185 Utautem
1348 2130 1437 2199 qui
1450 2129 1787 2202 baptizantur
1808 2143 1969 2199 regno

400 2200 663 2259 castorum
695 2204 800 2271 apti
830 2200 955 2268 sint,
1005 2211 1058 2271 et
1084 2216 1151 2255 ne
1182 2203 1440 2269 praeterita
1474 2208 1687 2271 peccata
1716 2200 1968 2256 iterantes

404 2274 692 2342 respiciant
722 2269 887 2337 retro,
919 2280 973 2327 et
1003 2270 1301 2325 efﬁciantur
1337 2280 1511 2323 statua
1539 2269 1686 2342 salis,
1710 2278 1763 2323 et
1789 2285 1966 2342 rema-

404 2339 594 2423 netites
625 2343 875 2423 insensati
913 2342 1156 2423 exemplo
1188 2355 1363 2423 poenae
1389 2355 1498 2423 sua;
1532 2339 1666 2423 alios
1695 2340 1967 2423 condiant,

408 2415 603 2469 debent
628 2414 869 2478 accipere
899 2412 1062 2467 salem
1086 2411 1385 2479 sapientiae,
1435 2418 1485 2463 ut
1522 2411 1775 2479 quidquid
1804 2411 1858 2463 in
1889 2414 1968 2466 eis

405 2484 606 2539 ﬂuxum
634 2495 688 2539 et
710 2482 928 2538 ﬂuidum
957 2490 1039 2537 est
1064 2484 1210 2536 verbi
1235 2482 1324 2537 Dei
1347 2480 1459 2536 sale
1485 2488 1720 2547 curetur,
1744 2489 1798 2536 et
1814 2481 1967 2550 juxta

405 2554 717 2623 Apostolutn
786 2568 1054 2609 metueres
1114 2567 1234 2609 esse
1293 2554 1481 2623 uxoris
1517 2552 1672 2605 Loth.
1723 2553 1788 2605 Et
1832 2554 1970 2608 sicut

408 2622 630 2680 Eliszcus
674 2623 798 2679 salis
828 2624 1156 2679 immissione
1195 2622 1527 2678 sterilitatem
1565 2637 1715 2692 aqua:
1744 2624 1966 2689 curavit,

408 2697 476 2750 ita
532 2695 775 2750 nimirum
824 2710 979 2749 verus
1029 2695 1249 2748 Elisaans
1296 2693 1550 2748 Dominus
1600 2703 1780 2748 noster
1814 2692 1970 2749 Jesus

405 2766 651 2821 Christus
695 2766 843 2821 verbi
883 2767 963 2820 sui
1016 2778 1205 2833 sapore
1252 2765 1465 2819 ﬂuidam
1501 2765 1710 2835 generis
1752 2765 1968 2819 humani

408 2838 737 2892 sterilitatem
769 2836 837 2891 ad
859 2836 1063 2891 dulcem
1104 2835 1225 2890 ﬁdei
1259 2846 1313 2890 et
1346 2837 1601 2890 bonorum
1633 2849 1848 2903 operum
1880 2850 1967 2889 sa.

415 2923 593 2976 porem
625 2908 900 2977 perducit:
934 2907 1085 2977 cujus
1108 2907 1232 2962 ﬁdei
1270 2908 1493 2977 ﬁrmitas
1523 2918 1646 2961 tunc
1669 2907 1777 2975 jam
1827 2908 1967 2962 clare

415 2976 652 3045 lucescit,
682 2993 802 3033 cum
839 2980 884 3033 is
911 2976 1009 3048 qui
1044 2980 1283 3032 audierat
1307 2976 1471 3032 solius
1500 2978 1591 3032 Dei
1621 2977 1818 3031 cultum
1849 2992 1968 3033 esse

410 3050 722 3116 tenendum,
761 3049 900 3104 unde
925 3048 1147 3103 audiens
1168 3058 1384 3103 vocatus
1406 3056 1518 3116 est;
1543 3057 1596 3103 et
1632 3050 1818 3102 instrui
1854 3062 1965 3103 ca:-

1991 1738 2039 1801 Β

2061 429 2417 502 discedentes,
2449 429 2714 502 diversum
2743 431 2945 500 aliquid
2973 430 3057 486 vel
3100 431 3379 489 dissonum
3423 436 3591 502 praedi
3612 468 3633 479 ο

2055 510 2264 576 carent.
2294 501 2739 576 Decentissimum
2768 516 2997 572 namque
3019 511 3075 557 et
3095 504 3225 576 utile
3254 513 3391 576 erat,
3429 501 3487 559 ut
3516 509 3635 576 qui.

2058 570 2158 626 bus
2186 580 2302 627 erat
2326 587 2428 626 una
2453 572 2627 627 anima
2661 581 2718 627 et
2746 588 2838 628 cor
2864 570 3027 629 unum
3057 576 3108 628 in
3134 574 3381 641 Domino,
3421 585 3471 630 et
3497 570 3633 641 quos

2059 644 2227 696 sancti
2259 642 2487 714 Spiritus
2528 642 2735 714 afﬂatus
2773 644 3071 714 vegetabat.
3111 645 3265 700 unius
3303 646 3463 700 etiam
3504 642 3635 702 ﬁdei

2054 713 2323 769 confessio
2359 722 2662 786 exornaret.
2690 713 2799 770 Nec
2835 713 2975 780 enim
3014 715 3193 769 dirimi
3236 717 3288 771 in
3329 716 3507 786 aliquo
3547 720 3633 773 vel

2060 791 2324 855 poterant,
2353 784 2435 839 vel
2457 784 2740 855 debebant,
2765 785 2852 855 qui
2875 786 3031 839 unius
3054 786 3177 855 ﬁdei
3208 784 3427 840 vinculo
3445 799 3631 844 necte-

2060 853 2276 927 bantur.
2318 855 2634 927 Plerumque
2682 853 2827 925 [Lai].
2868 854 3126 927 plerique]
3156 856 3359 913 interea
3398 857 3633 913 Verbum

2056 924 2449 999 abbreviatttmj
2481 939 2575 999 per
2604 924 2793 999 Isaiam
2831 924 3229 999 prophetatum,
3276 928 3340 999 in
3377 926 3635 999 Symbolo

2058 1003 2116 1065 et
2135 994 2386 1049 Oratione
2418 995 2687 1049 Dominica
2717 996 2938 1065 intelligi
2959 997 3161 1051 volunt.
3196 998 3249 1052 In
3296 994 3468 1051 altero
3490 999 3634 1053 enim

2060 1064 2204 1138 ﬁdei,
2238 1067 2288 1138 in
2319 1066 2726 1138 alteroprecum
2748 1068 3049 1121 continetur
3078 1069 3376 1138 integritas,
3409 1077 3465 1122 ut
3491 1080 3544 1123 et
3577 1071 3634 1125 in

2058 1136 2340 1206 duodecim
2363 1136 2540 1190 verbis
2570 1136 2851 1192 duodecim
2879 1136 3237 1204 apostolorum
3264 1138 3527 1206 doctrina,
3578 1149 3637 1195 et

2060 1205 2115 1260 in
2140 1214 2341 1274 septem
2366 1206 2708 1279 petitionibus
2730 1222 2886 1263 omne
2912 1209 3249 1263 contineatur
3274 1210 3533 1279 quidquid
3566 1211 3636 1266 ad

2060 1279 2343 1349 praesentis
2382 1286 2437 1332 et
2478 1278 2666 1331 futura:
2711 1279 2832 1332 vita:
2880 1280 3106 1347 pertinet
3152 1278 3634 1349 dispensationem.
3704 1304 3707 1311 ν

2058 1347 2313 1420 Quamvis
2353 1349 2516 1402 etiam
2564 1349 2743 1420 totius
2774 1349 3029 1403 doctrinae
3068 1347 3285 1405 verbum
3335 1350 3438 1406 dici
3469 1353 3640 1420 possit

2060 1419 2427 1490 abbreviatum
2457 1418 2749 1490 quiaquod
2781 1420 2928 1488 prius
2960 1420 3043 1474 lex
3067 1429 3120 1475 et
3151 1421 3423 1490 prophetas
3452 1418 3632 1477 conti-

2058 1487 2260 1542 nebant
2298 1489 2349 1542 in
2389 1485 2663 1543 latitudine
2696 1485 3079 1559 praeceptorum
3120 1485 3339 1546 veniens
3377 1491 3640 1549 Dominus

2060 1559 2441 1632 pronuntiavit,
2471 1567 2525 1614 et
2550 1559 2688 1613 dixit
2716 1576 2730 1615 :
2759 1560 2956 1632 Diliges
2987 1561 3261 1615 Dominum
3294 1560 3459 1616 Deum
3491 1572 3639 1617 tuum

2062 1644 2127 1682 ea:
2148 1637 2254 1683 toto
2282 1628 2436 1684 corde
2465 1638 2572 1694 tuo,
2603 1639 2649 1683 et
2675 1647 2737 1684 ea;
2769 1628 3066 1685 tota’anima
3093 1646 3202 1697 tua,
3232 1642 3280 1686 ct
3308 1648 3370 1687 επ
3398 1635 3516 1689 totis
3552 1636 3642 1687 vi-

2064 1699 2201 1775 ribus
2249 1702 2365 1764 tuis,
2401 1709 2455 1775 et
2488 1701 2778 1775 proximum
2825 1710 2967 1775 tuum
3016 1711 3260 1772 tanquam
3301 1705 3540 1775 teipsum.
3573 1703 3640 1759 In

2067 1769 2276 1856 duo‘bns
2300 1769 2691 1856 mandatistata
2713 1772 2799 1856 lea:
2838 1773 3017 1856 pendet
3060 1769 3413 1856 et'prpphcttc.
3446 1776 3641 1856 ln_qno

2066 1839 2346 1896 evidenter
2367 1842 2651 1911 prophetas
2677 1850 2731 1897 et
2757 1839 2927 1911 legem
2959 1839 3165 1900 duobus
3190 1839 3275 1900 his
3300 1839 3642 1902 sermonibus

2066 1910 2519 1968 breviavikﬂmc
2558 1913 2626 1968 de
2676 1910 2931 1984 Symbolo
2967 1923 3025 1970 et
3070 1916 3286 1971 nomine
3331 1915 3449 1986 ejus
3497 1916 3642 1973 dicta

2064 1991 2215 2037 sunt.

2147 2071 2166 2104 ι
2214 2052 2322 2127 Vll.
2350 2051 2618 2127 castorum
2656 2053 2787 2127 ﬁdes
2821 2070 2941 2124 quas
2975 2055 3030 2111 in
3058 2055 3160 2110 hoc
3191 2056 3447 2127 Symbolo
3473 2060 3642 2115 conti-

2066 2131 2227 2178 netur
2263 2125 2333 2198 ita
2354 2124 2429 2198 ab
2453 2125 2538 2198 hi_s
2581 2124 2670 2195 qui
2699 2126 3003 2198 baptizandi
3047 2135 3172 2181 sunt
3208 2124 3427 2198 intelligi
3455 2129 3639 2197 debet,

2066 2204 2126 2248 ut
2154 2194 2375 2267 credant
2419 2195 2473 2249 in
2501 2194 2665 2251 Deum
2696 2197 2903 2251 Patrem
2956 2194 3400 2267 omnipotentem,
3442 2194 3646 2256 creato?

2068 2279 2183 2340 rem
2232 2265 2466 2320 omnium
2508 2267 2800 2340 visibilium
2834 2278 2891 2323 et
2942 2265 3310 2333 invisibilium,
3342 2270 3432 2340 qui
3472 2272 3641 2339 solus,

2066 2335 2193 2410 quia
2220 2351 2344 2410 non
2383 2346 2461 2410 est
2489 2335 2555 2390 de
2593 2336 2727 2410 alio,
2753 2338 2874 2394 ideo
2905 2341 3202 2409 appellatur
3254 2335 3559 2410 ingenitus;
3593 2335 3646 2399 et

2067 2406 2252 2462 Iesum
2285 2405 2555 2481 Christum
2590 2408 2777 2481 Filium
2799 2405 2953 2478 ejus,
2974 2405 3087 2481 per
3112 2426 3271 2481 quem
3300 2405 3475 2467 omnia
3507 2405 3645 2471 facta

2068 2486 2212 2552 sunt,
2244 2492 2428 2552 verum
2461 2477 2649 2544 Deum,
2697 2477 3057 2549 Unigenitum,
3105 2477 3393 2552 verumque
3415 2483 3506 2538 Dei
3558 2484 3645 2539 Fi-

2066 2548 2218 2625 lium,
2243 2562 2350 2604 non
2390 2547 2608 2625 gotum,
2635 2560 2727 2625 aut
2772 2547 3077 2625 adoptivum
3108 2569 3126 2619 ;
3164 2554 3259 2625 sed
3300 2547 3553 2625 genitum,
3588 2563 3644 2611 et

2070 2619 2365 2694 uniuscum
2381 2619 2550 2694 Patre
2602 2619 2946 2694 substantiae,
2991 2634 3153 2694 atque
3207 2624 3278 2677 ita
3303 2619 3425 2694 ’ρει-
3465 2628 3645 2682 omnia

2068 2691 2328 2758 aequalem
2378 2691 2485 2744 Deo
2515 2690 2677 2766 Patri,
2708 2703 2885 2766 utnec
2915 2690 3174 2764 tempore,
3206 2709 3304 2750 nec
3326 2690 3515 2766 gradu,
3548 2711 3647 2753 nec

2068 2769 2337 2835 potestate
2364 2774 2484 2835 esse
2505 2764 2675 2831 possit
2722 2763 2959 2833 inferior,
3004 2763 3311 2835 tantumque
3334 2763 3475 2822 'esse
3497 2763 3647 2822 illum

2068 2833 2157 2909 qui
2199 2841 2281 2885 est
2308 2832 2519 2901 genitus
2554 2844 2781 2909 quantus
2802 2846 2882 2909 est
2920 2832 3008 2891 ille
3036 2838 3123 2906 qui
3156 2832 3359 2909 genuit.
3412 2837 3646 2909 Credam

2068 2903 2233 2956 etiam
2256 2917 2378 2974 eum
2416 2913 2601 2957 natum
2640 2905 2710 2961 de
2738 2904 2939 2974 Spiritu
2977 2903 3185 2972 sancto:
3213 2918 3267 2963 et
3303 2908 3465 2963 Maria
3508 2925 3651 2965 sem-

2071 2987 2166 3042 per
2190 2973 2417 3048 virgino,
2446 2974 2499 3028 id
2526 2984 2609 3029 est
2632 2985 2710 3048 ut,
2749 2973 2949 3047 Spiritu
2980 2987 3162 3034 sancto
3183 2988 3525 3048 cooperante,
3558 2994 3649 3036 ve-

2068 3058 2184 3120 rum
2207 3045 2310 3099 sibi
2338 3059 2532 3120 corpus
2555 3060 2622 3120 ex
2652 3045 2887 3120 virgine,
2919 3048 2972 3103 id
2996 3057 3079 3104 est
3104 3049 3199 3105 Dei
3227 3045 3392 3106 Filius
3409 3045 3651 3120 assump~

406 3130 553 3186 perat
588 3120 654 3174 de
688 3115 828 3175 verae
870 3120 1134 3190 religionis
1173 3120 1337 3185 cultu,
1378 3115 1519 3173 unde
1548 3119 1965 3174 catechumenns
1994 3118 2039 3182 C
2067 3118 2219 3190 gerit,
2245 3115 2412 3190 utqui
2439 3124 2553 3190 erat
2575 3117 2625 3170 in
2658 3115 2933 3190 divinitate
2977 3120 3071 3175 Dei
3104 3121 3273 3176 Patris
3305 3121 3489 3189 Filius,
3532 3115 3649 3190 ipse

409 3200 626 3245 vocatus
646 3199 726 3244 est
743 3208 758 3257 ;
781 3200 835 3244 et
852 3205 949 3259 per
966 3187 1409 3254 exsufﬂationem,
1428 3199 1482 3244 et.
1501 3190 1964 3258 exercitationem,

403 3264 461 3314 ct
491 3260 719 3330 maligno
751 3261 948 3331 Spiritu
981 3259 1129 3331 [ch.
1161 3260 1400 3331 Spiritui]
1438 3269 1620 3316 erutus
1664 3269 1764 3325 est,
1812 3273 1865 3316 et
1912 3261 1965 3315 in

406 3332 622 3385 datione
658 3330 785 3401 salis
817 3330 927 3401 jam
954 3330 1147 3401 habere
1172 3333 1332 3399 cmpit
1361 3330 1568 3401 gustum
1598 3331 1763 3387 divini
1793 3332 1965 3386 verbi.

410 3402 667 3475 'l‘radatur
703 3399 846 3475 [Legl
876 3399 1229 3475 Traditurjei
1260 3399 1592 3473 Symbolum,
1624 3403 1675 3456 id
1714 3411 1795 3475 est
1830 3417 1967 3459 verte

409 3473 533 3527 lidei
580 3472 781 3541 integra
822 3481 879 3527 et
926 3472 1231 3527 inconvulsa
1286 3476 1577 3538 confessio,
1636 3484 1691 3528 ut
1740 3473 1965 3540 domus,

410 3545 581 3612 prisco
612 3542 759 3615 [Leg.
798 3558 828 3597 a
860 3542 1054 3615 prisco]
1086 3543 1378 3599 habitatore
1421 3545 1695 3611 derelicta,
1747 3546 1848 3599 ﬁde
1876 3559 1967 3599 or-

410 3612 685 3677 netur;‘et
710 3612 787 3681 Ide
826 3628 930 3683 qua
974 3612 1142 3683 spinae
1185 3615 1565 3670 incredulitatis
1591 3617 1789 3671 evulsa:
1820 3624 1965 3684 sunt,

412 3685 664 3758 incipiant
693 3686 744 3758 in
775 3699 1002 3758 caverat
1032 3686 1153 3758 ﬁdei
1191 3685 1506 3758 documenta
1541 3686 1789 3758 plantari.
1816 3687 1969 3743 Prius

408 3756 553 3810 enim
608 3755 903 3811 evellenda:
953 3765 1078 3810 sunt
1130 3757 1510 3811 incredulitatis
1541 3755 1671 3813 suae
1722 3759 1967 3813 vitiorum

408 3827 594 3895 spinae,
642 3835 695 3881 et
738 3834 922 3896 postea
958 3828 1241 3897 plantanda
1279 3838 1401 3882 sunt
1440 3828 1562 3884 ﬁdei
1610 3838 1664 3884 et
1710 3829 1968 3884 bonorum

386 3912 624 3965 operum
656 3898 972 3953 rudimenta.
1006 3897 1153 3953 Unde
1179 3908 1232 3953 et
1263 3899 1515 3953 Dominus
1541 3908 1665 3954 ante
1692 3900 1875 3955 faciem
1910 3900 1971 3953 ﬁ-

411 3966 598 4023 liorum
626 3970 788 4025 Israel
823 3979 1027 4039 septem
1059 3978 1242 4039 gentes
1276 3979 1303 4006 α
1335 3970 1552 4039 typhum
1584 3969 1732 4094 μσς.
1766 3969 1970 4043 typum]

411 4040 657 4094 vitiorum
681 4048 925 4094 tenentes
945 4042 1218 4094 contrivit.
1246 4041 1297 4094 in
1326 4055 1549 4094 quarunt
1604 4056 1700 4094 oco
1728 4042 1777 4094 in
1807 4042 1970 4094 tvnho

410 4040 657 4112 vitiorum
681 4048 925 4112 tenentes
945 4042 1218 4108 contrivit,
1236 4041 1297 4112 in
1326 4055 1549 4109 quarunt
1584 4040 1700 4095 ioco
1728 4042 1777 4112 in
1807 4040 1972 4112 typho

410 4108 553 4180 [Δις.
582 4109 729 4179 typo]
753 4111 1003 4164 virtutum
1028 4111 1371 4166 lsraeliticum
1395 4112 1648 4181 populum
1672 4108 1967 4170 collocavit.

412 4184 474 4235 Et
505 4182 568 4235 ad
598 4182 881 4235 Jeremiam
924 4182 1234 4249 prophetam
1273 4183 1402 4237 dicit
1435 4200 1447 4235 :
1479 4181 1613 4236 Ecce
1652 4184 1888 4238 constitui
1926 4193 1973 4239 te

409 4251 559 4304 hodie
584 4267 738 4319 super
765 4258 956 4319 gentes,
993 4260 1040 4305 et
1061 4267 1213 4323 super
1238 4268 1418 4323 regna,
1445 4262 1501 4307 ut
1531 4253 1736 4320 evellas,
1772 4264 1817 4309 et
1853 4255 1971 4313 des-

409 4332 573 4389 trnas,
602 4330 649 4375 et
675 4322 907 4391 dissipes,
938 4330 984 4376 et
1021 4322 1313 4393 disperdas,
1340 4333 1385 4377 et
1405 4326 1650 4393 aediﬁces,
1680 4335 1726 4380 et
1751 4328 1969 4393 plantes.

412 4394 563 4464 Prius
600 4394 741 4447 enim
783 4395 914 4446 dixit
952 4392 1309 4464 evulsionem,
1358 4403 1413 4449 et
1448 4392 1882 4464 destruetionem,
1918 4406 1972 4453 ct

411 4463 831 4536 dissipationem,
868 4470 924 4517 et
966 4463 1381 4536 dispersionem;
1422 4475 1477 4520 et
1519 4474 1697 4534 postea
1740 4463 1967 4536 subjecit

2066 3187 2237 3240 lactus
2278 3187 2347 3241 sit
2384 3188 2439 3241 in
2470 3186 2796 3243 humanitate
2837 3191 3069 3247 hominis
3109 3192 3293 3247 matris
3315 3186 3483 3248 ﬁlius.
3520 3186 3648 3248 Cre-

2063 3258 2195 3333 dant
2222 3257 2381 3333 etiam
2410 3271 2534 3314 eum
2568 3260 2921 3333 descendisse
2947 3263 3134 3317 ultimo
3166 3271 3401 3332 tempore
3432 3278 3527 3333 pro
3560 3278 3648 3319 re-

2067 3328 2373 3403 demptione
2423 3328 2658 3403 mundis
2690 3331 2865 3401 Patre,
2907 3334 2995 3401 qni
3026 3328 3292 3403 nunquam
3336 3328 3496 3389 desiit
3530 3348 3650 3390 esse

2066 3413 2187 3455 cum
2217 3401 2406 3463 Patre;
2436 3411 2490 3454 et
2516 3400 2784 3457 hominem
2804 3400 2985 3459 verum
3013 3400 3231 3469 factum,
3277 3413 3335 3459 ut
3358 3407 3646 3471 humanum

2066 3485 2233 3541 genus
2270 3471 2431 3545 homo
2460 3470 2730 3545 liberaret,
2756 3483 2813 3528 et
2853 3475 2965 3543 ipse
2995 3476 3081 3545 qui
3120 3476 3187 3529 ab
3215 3470 3651 3531 initioteternita-

2069 3549 2176 3615 tem
2205 3556 2324 3597 cum
2347 3541 2506 3615 Patre
2530 3552 2584 3597 et
2610 3542 2811 3613 Spiritu
2837 3541 3025 3601 sancto
3058 3547 3309 3615 possidet,
3332 3547 3384 3602 in
3410 3548 3515 3602 fine
3541 3562 3645 3602 sae-

2069 3613 2314 3688 culorum
2339 3612 2632 3688 perfectum
2660 3612 2860 3688 nature
2884 3612 3079 3671 nostrae
3108 3617 3373 3673 hominem
3395 3633 3650 3688 suscepe-

2069 3684 2159 3751 rit,
2191 3693 2245 3739 et
2276 3682 2509 3738 Verbum
2543 3699 2669 3740 caro
2703 3683 2899 3741 factum
2929 3688 3017 3751 sit,
3045 3689 3362 3743 assumendo
3402 3682 3652 3743 humani-

2070 3763 2255 3822 tatem,
2292 3770 2396 3809 nnn
2435 3757 2786 3824 permutando
2837 3757 3187 3815 divinitatem.
3212 3759 3446 3815 Credam
3487 3761 3650 3815 etiam

2071 3842 2191 3880 eum
2238 3824 2518 3895 pertulisse
2560 3828 2857 3895 passionem
2881 3840 2933 3884 et
2975 3840 3199 3885 mortem
3224 3846 3326 3885 non
3376 3834 3428 3885 in
3458 3833 3652 3886 virtute

2070 3896 2378 3977 divinitatis,
2406 3896 2499 3951 sed
2532 3898 2585 3977 in
2614 3899 2918 3977 inﬁrmitate
2960 3900 3333 3977 humanitatis;
3380 3913 3649 3957 mortuum

2072 3983 2196 4022 vera
2225 3971 2398 4022 carnis
2427 3976 2615 4035 morte,
2645 3971 2997 4027 resurrexisse
3020 3986 3142 4025 vera
3168 3975 3343 4027 carnis
3372 3987 3651 4029 resurrec-

2070 4041 2233 4103 tione,
2255 4047 2311 4093 et
2338 4040 2728 4110 resurrectione
2748 4055 2843 4095 sua
2882 4054 3030 4110 spem
3071 4044 3223 4097 nobis
3245 4044 3651 4098 resurrectionis

2070 4110 2381 4173 contulisse;
2424 4109 2497 4162 ita
2521 4106 2776 4163 duntaxat
2804 4119 2861 4165 ut
2889 4106 3026 4166 sicut
3055 4114 3142 4168 ille
3165 4114 3319 4169 tertia
3350 4115 3436 4169 die
3465 4129 3649 4169 resur-

2072 4180 2219 4236 rexit
2274 4180 2422 4235 virus
2452 4193 2481 4232 a
2503 4178 2744 4246 mortuis,
2794 4182 2862 4235 ita
2890 4192 2942 4237 et
2972 4198 3068 4237 nos
3102 4185 3153 4238 in
3184 4186 3289 4238 ﬁne
3338 4187 3653 4240 saeculorum

2072 4266 2412 4323 resurgamus
2436 4251 2489 4305 in
2515 4251 2703 4307 eadem
2733 4267 2835 4322 qua
2864 4267 3002 4308 nunc
3035 4254 3256 4309 vivimus
3284 4270 3466 4311 carne.
3511 4256 3649 4311 Cre-

2072 4325 2204 4377 dant
2242 4322 2408 4398 etiam
2449 4337 2587 4398 eum_
2614 4323 2667 4375 in
2695 4324 2883 4379 eodem
2916 4339 3139 4395 corpore
3186 4325 3324 4395 quod
3344 4327 3409 4398 de
3440 4326 3654 4398 Virgine

2072 4394 2362 4465 assumpsit
2380 4402 2433 4447 et
2454 4392 2748 4462 passionem
2773 4392 3027 4451 sustinuit
3053 4407 3103 4449 et
3125 4392 3433 4465 resurrexit,
3461 4392 3654 4453 ascen-

2074 4464 2216 4535 disse
2261 4466 2314 4518 in
2348 4466 2564 4531 cretum,
2598 4478 2647 4520 et
2682 4469 2734 4521 in
2758 4469 2947 4522 eodem
2975 4478 3027 4522 et
3056 4482 3195 4523 nunc
3223 4483 3365 4534 esse,
3412 4481 3464 4524 et
3486 4471 3549 4521 ad
3575 4471 3655 4535 iu-

409 4516 913 4608 a!_ditieationeni_,et
940 4516 1345 4608 planitationem:
1366 4516 1967 4608 igt'pe‘r'éuiﬁdéxiib'rBI
1994 4516 2047 4578 Β
2069 4516 2564 4590 deﬁnientiqu
2598 4516 2736 4604 esse,
2765 4516 3194 4603 éifiéiusbiiiiié
3221 4516 3488 4605 omnibus,
3519 4516 3650 4596 dare

412 4604 621 4678 phetarn
644 4605 718 4658 ait
749 4620 763 4657 :
794 4606 939 4678 sicut
968 4604 1175 4675 oigilavi
1193 4621 1344 4676 super
1373 4604 1506 4674 eum,
1540 4617 1594 4662 ut
1620 4604 1903 4678 cvellerefn,
1926 4621 1973 4665 et

411 4675 698 4744 dentalirer,
745 4684 793 4728 et
824 4676 1125 4753 dissiparem
1158 4685 1204 4729 et
1232 4675 1606 4753 dispergerem,
1657 4680 1729 4753 sic
1755 4675 1974 4753 vigilabo

410 4761 561 4814 super
586 4762 692 4812 eos,
724 4758 777 4823 sit
805 4748 1074 4823 (artiﬁcem,
1104 4754 1152 4801 et
1188 4748 1434 4823 plantam:
1464 4752 1527 4806 Et
1553 4751 1654 4806 hoc
1680 4748 1823 4820 ideo;
1852 4754 1974 4823 quia

414 4824 535 4895 post
580 4818 1028 4895 exorciaationem
1058 4827 1115 4875 et
1146 4820 1573 4879 exsnﬁlationem
1600 4818 1977 4895 Symboli,‘se-

410 4887 590 4954 quitur
611 4889 846 4944 traditio.

483 4976 504 5009 ι
558 4958 641 5011 Vl.
670 4960 838 5033 Quod,
869 4960 1177 5031 Symbolum
1225 4963 1412 5020 Latine
1455 4965 1733 5033 indicium,
1774 4966 1858 5023 vel
1896 4966 1972 5022 si-

409 5033 707 5107 gnum,_vet
740 5032 955 5107 collatio
982 5034 1378 5107 interpretatur.
1422 5037 1698 5103 Indicium,
1722 5032 1848 5107 quia
1880 5052 1972 5107 per

411 5103 461 5178 id
511 5102 771 5156 indicatur
819 5103 938 5178 ﬁdei
986 5104 1294 5178 integritas;
1340 5112 1570 5177 signum,
1613 5102 1757 5178 qunti
1802 5102 1972 5163 ab'eo

411 5171 547 5227 bene
571 5180 775 5228 retento
798 5182 852 5228 et
870 5171 1141 5231 intellecto
1163 5171 1346 5233 ﬁdeles
1368 5171 1433 5235 ab
1452 5171 1754 5235 infidelibus
1774 5181 1972 5233 discer«

407 5252 638 5310 nuntur;
668 5245 901 5308 collatio,
926 5246 1047 5315 quia
1075 5249 1126 5301 in
1156 5265 1221 5303 eo
1247 5251 1473 5317 apostoli
1502 5264 1714 5306 omnem
1745 5249 1864 5305 ﬁdei
1888 5249 1972 5302 in-

413 5318 704 5389 tegritatem
733 5317 1094 5372 contulerunt.
1120 5320 1271 5387 Quod
1295 5331 1474 5375 autem
1504 5336 1688 5376 omnes
1711 5321 1821 5389 pari
1850 5318 1969 5374 ﬁdei

410 5385 711 5441 sinceritate
754 5389 916 5442 corde
956 5385 1276 5457 retinebant,
1320 5407 1413 5446 ore
1454 5391 1685 5446 confessi
1712 5385 1875 5453 'sunt,
1917 5400 1971 5445 et

408 5457 600 5532 singuli
647 5460 887 5532 proprias
925 5462 1213 5517 sententias
1256 5463 1589 5516 conferentes
1634 5460 1964 5532 Symbolum,

406 5527 461 5579 id
506 5536 586 5581 est
612 5531 774 5585 totius
808 5531 928 5587 ﬁdei
964 5533 1299 5587 collationem
1339 5533 1637 5587 ediderunt.
1672 5527 1968 5587 Discessuri

408 5598 551 5655 cuitu
574 5601 642 5655 ab
665 5601 891 5658 invicem
916 5617 1158 5659 normam
1182 5607 1370 5658 futura:
1393 5602 1785 5672 prtedicationis
1809 5604 1968 5677 365

2071 4607 2187 4661 aliis
2237 4620 2335 4674 pro
2376 4609 2605 4673 peccatis
2638 4610 2882 4676 supplicii
2921 4613 3105 4664 aeterni
3151 4612 3491 4673 sententiam,
3535 4612 3653 4666 aliis

2071 4693 2166 4751 pro
2193 4676 2421 4751 iustitia;
2456 4678 2660 4751 meritis
2703 4687 2918 4734 aeterna:
2961 4680 3305 4737 beatitudinis
3355 4684 3649 4751 praemium.

2070 4748 2302 4803 Credam
2328 4755 2384 4801 et
2403 4747 2456 4800 in
2481 4748 2733 4819 Spiritum
2752 4762 2991 4805 sanctum
3016 4752 3178 4807 Deum
3201 4747 3382 4809 verum
3400 4767 3465 4807 ex
3496 4753 3655 4809 Patre

2073 4819 2313 4893 Pilioque
2359 4824 2755 4887 procedentem,
2800 4822 3053 4891 aequalem
3091 4838 3187 4893 per
3211 4825 3385 4878 omnia
3416 4823 3556 4877 Patri
3596 4832 3654 4878 et

2073 4890 2207 4946 Filio
2230 4890 2522 4959 voluntate,
2542 4900 2822 4959 potestate,
2854 4890 3173 4957 aeternitate,
3205 4897 3527 4956 substantia;
3547 4908 3649 4947 nec

2072 4975 2194 5034 esse
2220 4959 2273 5034 in
2304 4960 2405 5034 hac
2428 4969 2614 5017 sancta
2646 4964 2908 5018 'l‘rinitate
2944 4966 3080 5019 ullos
3107 4965 3301 5034 gradus
3329 4965 3519 5034 quibus
3546 4963 3651 5034 ali-

2076 5032 2193 5103 quis
2240 5030 2473 5105 inferior,
2514 5035 2831 5102 superiorve
2854 5035 2959 5089 dici
2982 5030 3167 5105 possit.
3215 5030 3447 5105 Credam
3488 5032 3651 5105 etiam

2073 5102 2313 5159 sanctam
2357 5104 2650 5159 Ecclesiam
2674 5102 3012 5169 catholicam,
3047 5106 3097 5157 id
3132 5114 3211 5157 est
3251 5102 3646 5172 universalem;

2074 5190 2181 5231 non
2216 5177 2272 5228 in
2318 5184 2559 5229 sanctam
2582 5175 2893 5239 Ecclesiam,
2944 5183 3001 5229 ut
3030 5173 3309 5228 credentes
3336 5174 3389 5228 in
3419 5174 3653 5230 Trinita-

2074 5256 2203 5300 tem.
2236 5244 2467 5301 Credam
2487 5245 2728 5315 ejusdem
2756 5253 2953 5299 sancta:
2982 5244 3254 5299 Trinitatis
3273 5244 3492 5300 domum
3533 5261 3653 5302 esse

2071 5325 2308 5372 sanetam
2340 5316 2661 5381 Ecclesiam;
2682 5332 2711 5370 a
2739 5317 2889 5386 cujus
2910 5316 3284 5371 communione
3310 5316 3650 5373 discedentes

2074 5387 2401 5462 schismatici
2451 5395 2507 5441 et
2554 5387 2787 5462 haeretici
2823 5396 3110 5462 vocantur,
3149 5397 3366 5462 aeterna
3406 5386 3552 5462 [Leg.
3599 5389 3653 5449 in

2074 5458 2294 5530 eterna]
2338 5457 2673 5511 damnatione
2702 5467 2989 5527 ponuntur.
3033 5461 3083 5513 In
3113 5457 3228 5527 ejus
3256 5475 3382 5516 vero
3407 5457 3629 5515 eommu

2075 5533 2233 5585 nione
2254 5540 2645 5599 permanentes,
2670 5541 2724 5584 et
2740 5532 2979 5585 membra
2997 5530 3195 5587 Christi
3224 5545 3365 5595 esse,
3393 5542 3444 5586 et
3467 5533 3648 5587 remis.

2075 5603 2277 5657 sionem
2319 5610 2656 5671 peccatorum
2689 5604 2979 5673 percipere,
3011 5610 3068 5658 ut
3102 5601 3252 5677 {ch.
3283 5603 3361 5676 et]
3387 5603 3456 5659 ad
3492 5602 3649 5659 vitam

482 5744 507 5773 ιι
540 5736 614 5796 De
642 5743 987 5812 usurpatione
1006 5747 1153 5803 vocis
1178 5747 1289 5815 typi
1315 5759 1410 5817 pro
1436 5745 1614 5817 typho,
1644 5753 1700 5803 et
1724 5747 1838 5804 vice
1858 5758 2031 5815 versa,
2061 5744 2177 5817 lege
2204 5760 2325 5817 qua
2355 5745 2592 5829 diximus
2618 5742 2711 5803 lib.
2739 5756 2874 5804 xxm
2903 5742 3113 5813 Moran
3142 5757 3289 5802 num.
3315 5741 3406 5798 25.
