4042 6350
356 267 463 329 es?

1114 266 1181 327 fil
1216 268 1275 328 8.
1316 267 1647 329 GREGORII
1686 266 1945 331 UERUM

2048 270 2600 335 lCRAMENTORUM
2637 277 2867 338 NOTAE.
2934 286 2935 289 “

3524 288 3632 354 358

352 398 616 469 aeternam
631 386 922 469 pertinere.
946 388 1078 458 Quia
1105 403 1234 462 ergo
1255 391 1461 461 parvuli
1489 392 1715 449 necdum
1740 395 1946 452 ratione
1972 395 2026 458 Α
2050 394 2221 469 divin_i_
2238 395 2417 469 odoris
2438 404 2675 465 nectare,
2704 407 2758 454 et
2785 398 3007 469 spiritali
3039 398 3290 462 unctione
3310 406 3622 468 delibutum.

356 462 969 535 utentestttzeerninime
993 475 1184 531 capere
1216 471 1456 532 possunt,
1499 472 1789 535 uportetut
1813 481 1937 521 cum

355 534 420 605 ad
468 531 854 605 intelligibilem
909 531 1512 605 tetatempervenerint,
1538 531 1852 605 doceantur,
1882 547 1941 593 et

353 604 476 659 fidei
504 603 890 679 Sacramentis,
935 614 993 679 ει
1019 604 1366 679 confessionis
1391 620 1501 661 sua:
1536 603 1844 679 mysteriis,
1883 617 1940 666 ut

351 691 413 729 ea
444 686 498 729 et
520 676 789 730 veraciter
822 675 1064 739 credant,
1110 685 1166 729 et
1192 675 1428 745 diligenti
1450 692 1576 733 cura
1593 675 1934 735 custodiant.

350 745 774 820 tionlessionem
804 760 954 820 suam
1027 746 1490 820 planediximus,
1530 751 1652 820 quia
1691 754 1939 820 quamvis

351 818 515 888 366
534 817 621 871 illi
643 816 870 873 necdum
900 817 1044 887 loqui
1069 818 1290 886 possint,
1336 834 1433 887 pro
1464 816 1568 875 illis
1598 829 1654 876 et
1679 816 1939 879 conﬁten-

351 894 436 941 t'ur
466 899 519 963 et
548 888 837 963 loquuntur
860 890 949 963 qui
978 902 1071 943 eos
1096 888 1164 944 de
1195 889 1407 963 lavacro
1431 892 1590 963 fontis
1615 893 1936 963 suscipiunt:

348 973 449 1033 nec
489 958 759 1033 immerito
786 959 1068 1033 ;_tdignum
1112 969 1195 1015 est
1225 970 1280 1015 ut
1308 962 1397 1033 qui
1438 962 1665 1018 aliorum
1708 958 1939 1033 peccatis

346 1030 564 1107 obnoxii
609 1040 756 1107 sunt,
779 1030 1005 1107 aliorum
1033 1033 1193 1107 etiam
1244 1030 1939 1107 confessioneper‘myste-

348 1100 486 1181 rium
538 1101 877 1170 baptismatis
935 1101 1311 1158 remissionem
1362 1100 1701 1177 originalium
1758 1100 1933 1179 parci-

346 1181 495 1239 piant
514 1182 875 1238 peccatorum.

424 1237 753 1320 r_\{lll._Qui
783 1257 911 1298 vero
936 1237 1077 1320 illius
1097 1254 1222 1300 sunt
1253 1244 1367 1315 jam
1395 1245 1566 1320 tetatis
1590 1255 1647 1303 ut
1675 1250 1937 1305 rationem

343 1313 680 1388 credulitatis
724 1329 835 1370 sum
881 1314 1103 1370 reddere
1129 1313 1353 1384 possint,
1401 1316 1641 1388 diligenti
1691 1322 1937 1378 examine

343 1385 625 1462 ecrutandi
645 1393 790 1462 sunt,
836 1394 1010 1462 utrum
1037 1388 1296 1462 veraciter
1317 1385 1559 1462 credant,
1582 1405 1679 1462 _an
1708 1391 1934 1462 alicujus

343 1454 593 1534 falsitatis
612 1456 666 1511 in
694 1459 774 1512 eis
799 1454 1003 1534 muenia
1029 1457 1253 1521 celetur,
1286 1459 1511 1515 necdum
1543 1454 1690 1533 [ιφ.
1717 1454 1937 1534 nedtim]

343 1536 435 1581 aut
476 1527 675 1583 timore
716 1534 808 1581 aut
862 1524 1047 1583 favore
1093 1536 1423 1584 terrenarum
1475 1524 1818 1599 poiest'atum,
1846 1524 1940 1588 aui

346 1598 699 1667 acquisitione
728 1601 1092 1671 quarumdam
1141 1614 1321 1655 rerum
1360 1601 1424 1655 ad
1474 1598 1809 1671 baptismatis
1845 1619 1936 1658 sa-

349 1678 685 1744 cramentum
726 1669 1090 1739 ignorantibus
1142 1672 1402 1744 minisuis
1443 1669 1697 1728 Ecclesiae
1751 1690 1938 1744 perve-

345 1738 514 1807 aiunt,
570 1738 812 1796 tradatbr
844 1751 1085 1796 sanctum
1108 1743 1348 1809 canibus,
1390 1751 1442 1797 et
1466 1738 1767 1812 margaritai
1811 1746 1936 1801 mit-

346 1788 523 1882 tantur
554 1812 695 1866 inter
744 1825 956 1881 porcos,
1006 1822 1071 1869 et.
1090 1788 1206 1882 lupi
1226 1788 1570 1881 ὄνίιῖἠείῐέ
1964 1788 2015 1851 Β

341 1881 694 1957 ﬂunctenim‘
732 1896 939 1957 morem
997 1882 1238 1957 Ecclesia
1280 1890 1852 1957 servaregconsuevit,
1880 1898 1940 1944 ut

341 1965 439 2022 per
474 1953 700 2026 aliquod
754 1952 963 2026 dierum
1013 1955 1243 2024 spatium
1280 1954 1335 2010 hi
1385 1957 1473 2026 qui
1508 1955 1565 2011 in
1600 1952 1940 2015 solemnitate

339 2023 590 2091 paschali
626 2024 931 2095 baptizandi
974 2023 1098 2079 sunt
1125 2023 1451 2095 scrutentur,
1483 2037 1540 2082 ut
1562 2028 1833 2086 instructis
1884 2038 1940 2086 et

343 2096 541 2163 doctis,
566 2104 620 2152 et
655 2094 883 2165 simplici
910 2095 1076 2151 corde
1105 2096 1170 2151 ad
1194 2097 1351 2152 [idem
1380 2112 1559 2153 veram
1603 2099 1938 2158 venientibus

344 2167 472 2240 vitae
524 2166 1311 2240 sacramentaimpertiantur;
1360 2170 1573 2239 quibus,
1604 2182 1663 2225 ut
1706 2173 1938 2240 aptiores

347 2238 690 2293 inveniantur
729 2237 1065 2308 baptismatis
1092 2237 1450 2306 sacramento,
1498 2237 1758 2297 eteorum
1804 2246 1939 2300 fides

352 2309 679 2384 probabier
704 2310 796 2384 uit,
821 2308 1089 2378 {quaedam
1114 2309 1249 2384 liunt
1274 2313 1622 2384 corporaliter
1676 2330 1795 2384 quia
1826 2314 1937 2384 spi-

344 2381 491 2504 giitlal:
509 2389 666 2450 gustu
692 2381 972 2452 degusuita
1010 2383 1295 2453 mysticum
1326 2382 1458 2453 quid
1486 2390 1544 2438 et
1581 2381 1823 2455 spiritale
1850 2381 1938 2441 sa-

435 2468 466 2504 n
494 2489 512 2504 .

399 2462 512 2506 ant.

344 2463 567 2576 magis.
600 2523 913 2595 Iailguntur
955 2522 1409 2595 itaquede‘i‘m”
1452 2539 1629 2593 "am’
1675 2535 1933 2595 euum’

343 2603 398 2648 et
424 2594 582 2661 dicis,
604 2592 807 2651 Ell‘eta:
835 2608 1010 2669 nares,
1042 2592 1099 2648 ut
1118 2592 1387 2669 Christum
1416 2596 1470 2650 in
1499 2592 1666 2653 odore
1697 2592 1937 2669 unguen;

344 2672 518 2719 torum
538 2674 851 2735 sequantur,
872 2671 932 2721 et
946 2665 1129 2719 dicant
1154 2683 1168 2719 :
1201 2665 1345 2720 trahe
1375 2683 1478 2734 me,
1530 2680 1644 2736 post
1692 2680 1739 2723 te
1766 2665 1938 2723 curre-

345 2752 497 2806 ntus;
528 2746 583 2791 et
605 2751 727 2791 cum
751 2737 1010 2805 Apostolo
1038 2738 1387 2805 proﬁteantur
1426 2740 1667 2795 dicentes
1698 2757 1711 2793 :
1746 2740 1938 2794 Christi

342 2807 505 2862 bonus
535 2808 665 2862 odor
691 2823 866 2862 suetus
912 2807 1055 2873 Deo;
1106 2817 1161 2863 et
1189 2809 1329 2863 illius
1369 2812 1607 2865 membra
1638 2813 1939 2867 elliciantur

343 2880 429 2953 cui
455 2879 653 2934 dicitur
679 2899 693 2935 :
728 2878 799 2933 Et
818 2880 947 2933 odor
976 2879 1384 2953 uestimentorum
1409 2890 1611 2935 tuorum
1640 2898 1793 2953 super
1828 2899 1938 2937 om-

344 2952 430 3004 nia
455 2960 713 3006 aromata.
736 2952 905 3018 Quem
930 2950 1151 3005 odorem
1182 2961 1307 3007 tunc
1345 2954 1484 3007 bene
1504 2950 1711 3008 habere
1743 2955 1938 3019 poterit

341 3021 493 3094 διες.
530 3021 821 3094 poterunt],
867 3022 1008 3077 sicut
1041 3022 1240 3087 Maria,
1263 3038 1382 3092 quae
1418 3024 1799 3091 interpretatur
1835 3026 1935 3080 do-

344 3093 514 3161 mina,
546 3094 660 3166 sive
685 3093 1012 3162 luminatrix,
1042 3094 1368 3148 alabastrum
1418 3098 1694 3166 unguenti,
1725 3099 1823 3150 hoc
1849 3105 1934 3152 est

2123 484 2142 518 ι
2174 466 2247 550 ιΧ.
2281 466 2431 550 Unde
2471 470 2628 550 etiam
2667 470 2747 525 his
2793 466 2880 541 qui
2917 472 3215 550 baptizandi
3241 488 3386 550 sunt,
3442 466 3628 550 pectus

2045 537 2256 612 decleo
2279 547 2332 612 et
2359 540 2590 609 scapulae
2614 537 2921 612 tanguntur,
2954 537 3010 599 ut
3032 544 3174 603 illius
3204 547 3309 604 olei
3345 537 3514 607 sancti
3543 537 3625 608 vi;

2047 609 2244 687 delicet
2272 609 2505 687 Spiritus
2536 609 2785 687 unctione
2807 614 2941 669 liniti
2978 616 3045 671 de
3071 633 3176 687 quo
3196 620 3486 687 Apostolus
3509 624 3582 678 ait
3604 636 3626 681 :

2041 681 2381 757 sicut_uncti_o
2406 686 2517 755 ejus
2536 684 2681 738 docet
2711 700 2804 738 nos
2828 689 2893 739 de
2919 681 3168 757 omnibus,
3212 681 3335 746 ante
3387 701 3441 747 et
3486 704 3632 757 retro

2054 752 2265 827 muniti,
2307 753 2359 807 id
2394 752 2481 809 e'st
2503 764 2690 827 contra
2740 758 2917 812 omnia
2957 752 3207 827 prospera
3237 762 3351 817 sive
3404 752 3630 820 adversa

2044 825 2150 877 sint
2181 825 2567 895 circumspecti,
2596 825 2970 883 etcoelcstium
2989 825 3293 886 animalium
3327 833 3628 892 imitatione

2043 900 2166 972 tante
2183 902 2260 949 -et
2288 904 2432 972 retro
2468 897 2612 972 pleni
2641 896 2755 972 sint
2777 900 2963 972 oculis,
3016 900 3069 955 id
3099 912 3179 955 est
3224 904 3547 972 praeteritum
3575 915 3631 961 et

2041 964 2657 1035 futurumrespicientes,
2681 969 2868 1024 salutis
2887 964 2999 1025 ante
3024 964 3315 1029 custodiam
3345 989 3449 1029 non
3472 978 3633 1032 amit-

2043 1036 2791 1112 tant._Tangjtureis‘pectus,
2822 1042 2982 1112 367
3027 1054 3081 1096 ut
3102 1057 3224 1098 cum
3260 1046 3424 1100 David
3452 1047 3632 1104 dicere

2043 1108 2281 1187 possint:
2314 1107 2381 1187 lit
2409 1109 2758 1164 misericordia
2771 1107 3324 1187 ejita'prwveniaLme.
3376 1116 3629 1187 Tangun-

2044 1186 2130 1230 tur
2159 1179 2411 1247 scapulae,
2445 1187 2505 1234 ut
2531 1193 2652 1235 cum
2683 1179 2873 1237 eodem
2923 1179 3137 1241 dicant:
3181 1183 3250 1237 Et
3280 1179 3629 1243 misericordia

2041 1251 2153 1318 ejus
2173 1248 2505 1326 subsequatur
2528 1266 2626 1326 nte.
2652 1252 2707 1305 ld
2728 1255 3146 1326 est,ianteriora,
3175 1266 3234 1311 nt
3262 1255 3400 1313 bene
3429 1259 3628 1326 velint;

2043 1320 2360 1388 posteriora,
2419 1334 2488 1376 ne
2525 1322 2720 1377 frustra
2750 1325 2937 1379 velint.
2989 1320 3141 1381 Bene
3166 1338 3344 1382 autem
3384 1329 3524 1385 velle
3578 1320 3633 1387 et

2044 1392 2303 1466 perlicere
2349 1406 2379 1445 a
2420 1391 2531 1446 Deo
2558 1393 2712 1466 nobis
2739 1394 2914 1461 datur,
2957 1409 3003 1466 a
3030 1411 3137 1466 quo
3165 1407 3248 1452 est
3266 1414 3423 1453 omne
3446 1400 3629 1456 datum

2043 1463 2331 1539 optimum,
2362 1471 2417 1517 et
2445 1478 2606 1539 omne
2634 1464 2834 1520 donum
2882 1463 3206 1539 perfectum.
3264 1469 3329 1523 Et
3382 1472 3633 1539 quoniam

2041 1530 2095 1607 in
2118 1532 2297 1607 cordis
2326 1535 2711 1607 nominesche
2737 1530 2902 1590 mens'
2926 1537 3255 1607 designatur,
3283 1530 3419 1594 sicut
3446 1553 3531 1595 est
3565 1542 3631 1596 il-

2042 1602 2132 1680 tnd
2154 1606 2380 1680 ;_t_'it_tota
2426 1604 2580 1680 corde
2602 1621 2712 1659 meo
2738 1608 2989 1680 estquisivi
3017 1602 3086 1680 τε,
3115 1620 3171 1680 et
3200 1602 3249 1663 in
3274 1612 3378 1666 olei
3412 1613 3630 1667 nomine

2043 1673 2353 1750 intelligitur
2384 1674 2565 1750 unctio
2586 1679 2756 1750 sancti
2784 1673 3039 1747 Spiritus,
3070 1673 3200 1735 'sive
3227 1695 3387 1750 opera
3418 1682 3635 1741 luminis

2042 1753 2097 1821 et
2125 1746 2530 1821 misericordiae,
2582 1749 2759 1821 cordis
2787 1746 2936 1804 locus
2966 1750 3213 1806 unctione
3238 1746 3488 1821 utrinque
3509 1769 3632 1808 mu-

2040 1817 2204 1892 gitor,
2225 1817 2293 1892 id
2316 1826 2405 1892 est
2429 1819 2694 1892 anterius
2715 1828 2767 1873 et
2790 1824 3072 1891 posterius,
3120 1832 3177 1875 ιιι
3208 1817 3445 1892 undique
3474 1839 3628 1880 mens

2040 1886 2327 1963 Qbristiani
2357 1888 2768 1963 etpinguedine
2788 1886 2956 1963 sancti
2989 1892 3238 1963 Spiritus,
3287 1903 3340 1949 et
3358 1886 3625 1963 'operibus

2041 1956 2257 2013 luminis
2283 1968 2341 2013 et
2363 1956 2746 2015 misericordiae
2772 1956 3050 2019 exuberth

2118 2047 2138 2081 ι
2180 2029 2273 2083 XI.
2298 2030 2501 2097 Quibus
2532 2031 2671 2087 bene
2692 2032 2968 2098 exuberat,
2999 2035 3043 2089 si
3070 2034 3492 2091 abrenuntiando
3517 2037 3637 2092 dia.

2038 2098 2183 2166 bolo,
2207 2112 2271 2177 et
2286 2101 2539 2169 operibus
2567 2103 2704 2177 ejus,
2734 2104 3151 2177 dominationem
3194 2106 3345 2161 illius
3374 2119 3631 2177 asperne-

2038 2179 2148 2243 tur,
2174 2180 2229 2226 et
2252 2172 2437 2241 jugum
2466 2175 2608 2243 quod
2635 2188 2694 2229 se
2744 2176 3019 2242 premebat
3056 2177 3199 2232 illius
3226 2177 3330 2233 olei
3378 2172 3632 2234 unctione

2039 2241 2279 2317 fatiscat;
2312 2252 2367 2299 et
2394 2241 2678 2317 impleatur
2698 2241 2827 2317 illud
2859 2249 3259 2316 propheticum:
3305 2247 3633 2317 Computres~

2038 2321 2115 2366 eet
2154 2314 2339 2385 iugum
2367 2330 2401 2367 a
2446 2315 2581 2383 [acie
2604 2317 2703 2369 olei
2726 2314 2881 2385 (lsail
2906 2314 2986 2385 x)‘.
3018 2318 3410 2374 Abrenuntiare
3433 2314 3633 2375 etenim

2039 2386 2176 2464 poni
2207 2384 2341 2439 solet
2370 2399 2466 2464 pro
2488 2400 2556 2464 eo
2581 2384 2745 2464 quod;
2769 2394 2873 2464 est
2899 2384 3177 2464 spernere,
3229 2387 3473 2464 rejicere,
3500 2404 3634 2444 con-

2040 2455 2323 2529 tradicere,
2350 2456 2463 2511 sire
2490 2457 2632 2529 aliud
2660 2457 2912 2529 quidquid
2934 2455 3043 2513 hoc
3065 2462 3229 2515 verbo
3256 2455 3310 2513 in
3334 2462 3435 2515 hoc
3461 2455 3633 2515 sensu

2041 2527 2270 2601 exprimi
2315 2535 2507 2601 potest,
2561 2527 2818 2593 Quamvis
2836 2531 2979 2584 enim
3009 2531 3152 2585 illius
3206 2531 3353 2587 verbi
3379 2531 3521 2601 quod
3550 2538 3635 2588 est

2039 2597 2215 2672 nuntio
2272 2612 2465 2652 sensus
2493 2599 2545 2652 in
2568 2608 2813 2668 promptu
2834 2601 2900 2672 sit
2927 2615 3050 2655 cum
3088 2604 3203 2655 sine
3252 2597 3633 2672 praepositione

2039 2667 2326 2735 profertur,
2350 2677 2406 2723 et
2425 2667 2641 2737 accepta
2667 2670 3043 2739 praepositione
3065 2667 3330 2725 interdum
3360 2667 3390 2724 ti
3433 2688 3529 2726 sua
3559 2673 3634 2725 si-

2040 2740 2381 2807 gniﬁcatione
2406 2754 2513 2794 non
2543 2740 2965 2809 longerecedat,
3013 2751 3069 2794 ιιι
3097 2750 3182 2797 est
3211 2743 3360 2805 illud,
3411 2744 3633 2797 narrabo

2039 2818 2088 2861 et
2103 2810 2437 2873 renuntiabo;
2458 2811 2723 2865 interdum
2740 2824 2870 2865 vero
2896 2813 2949 2867 in
2969 2812 3130 2866 alium
3146 2828 3362 2867 sensum
3379 2821 3637 2879 vertatur,

2041 2891 2095 2933 ut
2116 2888 2199 2934 est
2225 2881 2385 2935 illud:
2411 2881 2501 2937 Sic
2528 2897 2645 2951 ergo
2669 2883 2830 2935 omnis
2867 2898 2931 2936 ea:
2958 2884 3094 2935 vobis
3122 2886 3208 2953 qui
3250 2900 3351 2936 non
3377 2887 3640 2938 renuntiat

2040 2954 2274 3023 omnibus
2296 2967 2411 3021 quia
2430 2953 2653 3022 possidet
2676 2968 2777 3005 non
2799 2962 2963 3021 potest
3006 2968 3147 3006 meus
3172 2968 3279 3007 esse
3304 2953 3590 3023 discipulus
3614 2970 3637 3019 ;

2039 3022 2417 3093 abrenuntiare
2444 3033 2618 3078 tamen
2645 3038 2860 3091 semper
2887 3025 2940 3079 in
2967 3038 3032 3079 eo
3060 3037 3220 3078 sensu
3246 3025 3369 3093 poni
3397 3022 3633 3079 censue.

2040 3092 2115 3165 vit
2142 3108 2299 3164 quem
2329 3094 2573 3165 superius
2619 3094 2874 3148 diximus.
2923 3092 3317 3150 Abrenuntiare
3348 3094 3544 3150 etenim
3569 3109 3635 3152 se

346 3173 512 3243 sacrae
538 3164 661 3243 lidei
701 3168 1009 3243 puritatem,
1054 3172 1409 3243 et_ungueant
1437 3164 1583 3243 [l_Jeg.
1628 3176 1686 3221 ιιι
1712 3168 1931 3243 ungunt]
1962 3174 2009 3238 α
2038 3164 2229 3243 fatetur
2249 3164 2479 3243 Satanae,
2508 3174 2563 3221 et
2590 3165 2840 3243 omnibus
2866 3166 3119 3243 operibus
3140 3165 3274 3235 ejus,
3302 3174 3358 3220 et
3383 3167 3634 3243 omnibus

346 3236 508 3307 pedes
530 3236 678 3301 Jesu,
697 3237 1060 3305 apostolorum
1084 3236 1333 3292 videlicet
1353 3236 1556 3293 ιιιοὶιὶιὰ
1578 3236 1930 3307 complentes;

349 3306 430 3379 rel
484 3309 898 3379 praedicatorum
944 3308 1323 3378 quorumlibet,
1393 3324 1486 3379 per
1505 3323 1642 3379 quos
1688 3306 1939 3366 Christus

346 3375 643 3433 lnar’nbulat
668 3394 686 3445 ;
713 3387 768 3434 et
790 3375 1005 3448 domus,
1030 3380 1260 3433 mundus
1290 3375 1557 3446 videlicei,
1578 3382 1693 3437 sive
1720 3383 1940 3437 univer-

346 3452 479 3522 sitas
498 3460 700 3504 sancta:
730 3450 984 3505 Ecclesia
1033 3464 1219 3505 eorum
1260 3452 1398 3505 bona
1442 3454 1716 3521 opinione,
1781 3453 1936 3522 quasi

347 3521 576 3588 quodam
606 3522 747 3576 dulci
773 3530 829 3577 et
851 3522 998 3594 suavi
1020 3523 1207 3594 odore,
1251 3523 1518 3591 repleatur
1546 3539 1561 3589 ;
1584 3532 1640 3578 et
1667 3521 1807 3593 quia
1826 3523 1942 3594 ple-

351 3605 578 3663 rumque
602 3593 785 3648 odoris
805 3593 1040 3647 suavitas
1065 3602 1121 3647 et
1142 3592 1352 3647 diversa
1392 3592 1737 3663 thymiamaia
1762 3592 1937 3649 disso-

2041 3238 2249 3306 pompis
2268 3235 2404 3306 ejus.
2436 3239 2605 3305 Quam
2633 3235 3151 3292 abrenuntiationern
3190 3244 3338 3291 recte
3362 3236 3631 3293 confessio

2041 3316 2241 3363 sanctas
2280 3310 2559 3363 Trinitatis
2585 3309 2843 3377 sequitur,
2890 3318 2947 3362 ut
2975 3309 3065 3363 ubi
3092 3308 3388 3363 abundavit
3434 3321 3636 3377 pecca.

2044 3387 2175 3444 tum,
2207 3380 2605 3450 superabundet
2646 3380 2837 3449 gratia,
2884 3387 2941 3434 et
2968 3380 3057 3435 ubi
3099 3380 3422 3449 computruit
3448 3378 3636 3447 jugutn

2043 3449 2239 3504 diaboli
2266 3449 2298 3504 a
2320 3452 2450 3506 facie
2479 3450 2747 3505 unctionis
2779 3449 3011 3520 Spiritus
3051 3452 3244 3516 sancti,
3280 3450 3530 3504 adveniat
3572 3451 3641 3504 il-

2045 3522 2145 3593 lius
2170 3526 2382 3591 jugum,
2409 3524 2499 3591 qui
2530 3522 2701 3576 dixit:
2732 3520 2926 3575 Discite
2945 3538 2977 3574 a
3005 3523 3227 3593 me‘quia
3268 3522 3402 3575 mitis
3440 3537 3571 3593 sum,
3592 3527 3641 3576 es

2045 3591 2256 3647 humilis
2274 3594 2449 3659 corde,
2497 3603 2546 3647 et
2581 3592 2843 3646 invenietis
2869 3594 3093 3663 requiem
3117 3591 3387 3647 animabus
3424 3591 3639 3659 vestris;

351 3662 491 3736 Iutis
519 3668 577 3717 et
626 3664 951 3719 amatoribus
997 3664 1343 3729 conveniunt,
1378 3662 1465 3736 isti
1505 3679 1538 3719 e
1563 3668 1836 3720 contrario
1890 3674 1947 3721 et
2036 3666 2225 3736 jugum
2244 3664 2385 3736 cnim
2404 3678 2571 3718 meum
2591 3679 2742 3718 suave
2765 3674 2861 3731 est,
2896 3662 2943 3719 et
2966 3681 3094 3718 onus
3120 3680 3286 3718 meum
3317 3666 3457 3736 leve.
3485 3664 3641 3736 Sata-

350 3734 709 3799 continentes,
732 3745 787 3790 et
817 3736 1013 3790 Christi
1048 3743 1316 3789 amatores
1343 3734 1545 3804 effecti,
1574 3737 1714 3791 illius
1734 3737 1938 3790 solum-

352 3807 517 3860 modo
542 3807 877 3861 salutiferum
898 3820 1112 3874 semper
1132 3805 1520 3876 amplectantur
1539 3807 1779 3862 odorem.
1807 3807 1948 3861 Tan-

352 3888 554 3945 guntur
581 3888 640 3933 et
664 3890 844 3943 aures,
875 3886 933 3930 ut
958 3877 1236 3932 audientes
1264 3880 1425 3933 verba
1458 3878 1576 3944 Dei,
1608 3887 1662 3934 et
1689 3878 1948 3934 facientes

350 3961 439 4013 ea,
466 3948 673 4004 similes
692 3952 822 4015 sint,
849 3950 1143 4004 secundum
1174 3950 1539 4017 Evangelium,
1567 3950 1676 4004 uiro
1696 3951 1938 4019 sapienti,

352 4022 441 4087 qui
464 4020 741 4091 tediﬁcaait
760 4022 969 4073 domum
1004 4035 1151 4073 suam
1186 4036 1347 4091 supra
1377 4032 1605 4090 petram;
1648 4033 1704 4076 et
1729 4020 1951 4089 spiritali

351 4089 535 4145 auditu
551 4105 767 4160 semper
792 4091 1048 4161 spiritalia
1067 4089 1393 4159 auscultem,
1414 4102 1471 4146 ut
1489 4108 1611 4148 cum
1637 4092 1801 4147 David
1818 4093 1955 4149 dice-

352 4174 413 4217 re
432 4163 640 4230 possint
660 4178 677 4218 :
694 4162 921 4232 Audiam
939 4164 1063 4232 quid
1079 4161 1320 4231 loquatur
1333 4166 1387 4216 in
1410 4177 1491 4216 me
1511 4163 1760 4218 Dominus
1778 4164 1952 4231 Deus;

353 4236 408 4287 ei.
444 4246 569 4288 cum
594 4235 724 4289 Isaia
745 4250 761 4286 :
783 4231 1038 4287 Dominus
1068 4233 1203 4287 Deus
1231 4237 1435 4302 operuit
1466 4234 1590 4289 mihi
1627 4250 1837 4289 aurem:
1862 4251 1954 4305 ego

355 4314 529 4358 autem
555 4321 661 4359 non
697 4305 1014 4373 contradico,
1042 4314 1322 4359 retrorsum
1351 4321 1454 4359 non
1473 4306 1597 4372 abii,
1623 4316 1681 4361 ut
1707 4322 1825 4377 qna:
1846 4311 1955 4375 spi-

357 4377 585 4431 ritaliter
620 4377 870 4431 dicuntur
898 4377 1199 4441 audientes,
1247 4378 1313 4431 ad
1360 4378 1679 4447 spiritalium
1734 4391 1955 4446 operum

354 4449 721 4503 emolumenta
736 4448 1210 4518 perreniantﬁum
1233 4449 1409 4517 itaque
1434 4448 1688 4503 Dominus
1708 4449 1761 4502 in
1780 4449 1955 4504 Evan-

354 4518 498 4602 gelio
521 4520 678 4615 dieit:
835 4518 983 4603 habet
1006 4520 1451 4615 augesuLudiendi,
1475 4520 1679 4615 audiat,
1709 4518 1953 4615 etJ_Joan~
1976 4553 2030 4615 Β

358 4606 456 4645 nes
487 4593 539 4647 in
564 4591 887 4661 Apocalypsi
914 4605 1041 4645 sua:
1070 4591 1174 4657 Qui
1199 4590 1349 4645 habet
1379 4606 1531 4645 aures
1556 4593 1822 4661 audiendi,
1857 4607 1953 4646 au-

357 4664 467 4717 diat
494 4666 622 4733 quid
647 4663 901 4717 Dominus
924 4663 1061 4717 dicat
1093 4661 1360 4731 Ecclesiis,
1392 4664 1481 4718 hic
1521 4679 1628 4717 non
1656 4678 1813 4719 aures
1832 4678 1951 4719 car-

360 4736 543 4801 nales,
576 4736 670 4789 sed
693 4735 960 4804 spiritales
984 4744 1314 4803 quaeruntur,
1360 4746 1415 4791 et
1469 4750 1563 4805 per
1589 4737 1795 4790 aurium
1854 4751 1951 4789 no-

357 4806 779 4861 meninterioris
818 4805 1053 4859 hominis
1087 4807 1302 4861 auditus
1329 4807 1659 4875 designatur.
1716 4808 1771 4860 ιιι
1794 4820 1949 4862 sacro

359 4878 564 4932 etenim
592 4877 803 4945 eloquio
818 4876 1132 4949 plerumque
1162 4892 1259 4947 per
1283 4884 1522 4934 membra
1551 4881 1794 4948 corporis
1832 4880 1949 4947 spi-

357 4948 533 5005 ritalis
560 4950 754 5003 anima:
778 4952 998 5005 virtutes
1048 4952 1434 5018 intelliguntur.
1487 4950 1620 5017 Quia
1642 4963 1771 5018 ergo
1806 4950 1945 5003 divi-

358 5022 502 5076 nitas
538 5023 807 5075 hominem
839 5032 1120 5076 assumens
1163 5022 1425 5090 quoddam
1468 5036 1531 5076 es
1574 5021 1946 5075 commistione

359 5092 586 5149 duarum
624 5091 1039 5146 substantiarum
1064 5093 1118 5146 in
1162 5106 1263 5146 una
1295 5094 1388 5147 Dei
1418 5092 1534 5147 Filii
1586 5105 1811 5159 persona
1836 5093 1953 5146 col-

360 5165 561 5235 lyriurn
612 5163 760 5230 fecit,
797 5164 936 5219 unde
960 5178 1129 5233 genus
1154 5163 1469 5234 humanum,
1507 5166 1650 5235 quod
1693 5177 1895 5218 caecum
1919 5178 1952 5218 a

364 5235 553 5305 primis
606 5235 917 5305 parentibus
971 5244 1154 5291 natum
1196 5246 1331 5305 erat,
1377 5237 1739 5300 illuminaret,
1789 5236 1806 5256 ‘
1846 5249 1953 5290 non

366 5305 513 5377 [Leg.
546 5306 711 5378 nunc]
738 5321 770 5360 a
798 5317 955 5377 sputo
982 5322 1138 5362 aures
1164 5318 1468 5379 tanguntur,
1494 5318 1548 5362 et
1578 5323 1753 5373 nares,
1781 5315 1838 5361 ut
1862 5322 1956 5361 es-

362 5393 565 5451 spuens
588 5379 824 5451 linguam
845 5380 975 5435 muti
1000 5381 1262 5448 tetigerat,
1280 5390 1336 5437 et
1354 5390 1511 5449 sputo
1534 5380 1703 5435 lutum
1732 5383 1953 5446 iecerat,

366 5462 422 5507 et
448 5452 634 5507 oculos
660 5452 793 5506 caeci
814 5452 922 5505 nati
953 5465 1263 5521 aperuerat;
1307 5467 1448 5507 nunc
1479 5467 1572 5520 per
1593 5454 1950 5506 ministerium

366 5523 707 5579 sacerdotum
756 5532 813 5577 et
833 5524 1067 5578 auditum
1120 5526 1415 5594 spiritalem
1446 5526 1525 5577 his
1573 5524 1664 5592 qui
1703 5525 1953 5591 baptizati

365 5605 498 5650 sunt
547 5597 761 5660 tribuat,
788 5606 841 5648 et
866 5604 1011 5650 recte
1051 5597 1323 5664 loquendi,
1376 5600 1426 5651 id
1454 5607 1538 5651 est
1567 5599 1724 5650 [idem
1775 5610 1953 5650 veram

368 5667 659 5722 confitendi
691 5670 995 5721 facultatem
1027 5672 1281 5736 praebeat,
1320 5678 1376 5723 et
1404 5682 1582 5731 nares,
1614 5669 1805 5737 quibus
1853 5668 1951 5721 ho-

374 5755 500 5805 rtum
524 5738 722 5795 Christi
752 5739 973 5793 odorem
1000 5741 1233 5808 capiant,
1257 5740 1478 5808 aperiat.
1505 5741 1695 5794 Pectus
1717 5744 1859 5794 enim
1886 5740 1952 5795 il-

370 5811 475 5867 lius
503 5814 595 5882 qui
636 5811 932 5881 baptizatur
968 5813 1223 5869 refertum
1268 5826 1481 5880 semper
1501 5824 1621 5867 esse
1666 5813 1844 5879 debet,
1900 5818 1956 5870 et

2048 3733 2145 3789 nas
2168 3733 2333 3796 enim,
2386 3737 2477 3803 qui
2509 3743 2563 3789 et
2609 3736 2857 3789 diabolus
2905 3744 3262 3804 nuncupatur,
3311 3749 3344 3789 a
3394 3734 3641 3791 ﬁdelibus

2048 3805 2475 3873 abrenuntiatur,
2500 3817 2558 3859 ut
2583 3805 3087 3860 DominoSalvatori
3108 3807 3326 3860 liberius
3346 3804 3638 3872 serviatur,

2048 3878 2194 3946 quia,
2224 3876 2381 3946 juxta
2410 3877 2651 3946 ejusdem
2680 3875 2892 3931 Domini
2920 3890 3127 3944 vocem,
3158 3892 3304 3931 nemo
3328 3883 3489 3947 potest
3510 3878 3642 3930 duo-

2051 3949 2144 4002 bus
2171 3949 2392 4003 dominis
2413 3950 2618 4002 seruire.

2128 4038 2147 4072 ‹
2186 4019 2301 4075 ΧΙΙ.
2351 4020 2769 4076 Abrenuntiatur
2812 4019 2975 4075 etiam
3014 4016 3271 4086 operibus
3315 4014 3455 4084 ejus,
3516 4017 3641 4086 quia

2050 4106 2215 4161 opera
2244 4091 2392 4148 illius
2431 4090 2702 4147 contraria
2749 4100 2872 4146 sunt
2908 4090 3161 4159 operibus
3210 4086 3536 4161 salvatoris;
3586 4097 3643 4161 et

2051 4160 2175 4232 quia
2207 4163 2295 4217 ille
2323 4163 2487 4217 armis
2509 4163 2642 4228 suis,
2684 4161 2736 4216 id
2760 4172 2840 4216 est
2866 4162 3030 4228 vitiis,
3056 4175 3229 4230 genus
3254 4160 3545 4232 humanum
3569 4160 3643 4232 si-

2055 4231 2108 4289 bi
2137 4236 2387 4304 subjecit,
2420 4235 2672 4289 Dominus
2691 4234 2853 4304 armis
2874 4234 3005 4298 suis,
3037 4232 3089 4304 id
3112 4241 3196 4287 est
3219 4231 3522 4304 virtutibus,
3571 4231 3639 4286 il-

2055 4307 2163 4362 lum
2191 4302 2502 4361 debellavit.
2556 4304 2614 4358 ln
2646 4302 2787 4359 illius
2812 4305 2950 4359 enim
2976 4303 3184 4367 militia,
3217 4302 3269 4357 id
3299 4312 3381 4355 est
3412 4304 3644 4370 peccatis

2058 4378 2281 4442 nostris,
2312 4376 2541 4432 servitus
2571 4390 2888 4448 permanens
2922 4375 3069 4448 [Leg.
3097 4372 3515 4448 permanentem]
3543 4388 3638 4429 ac-

2058 4450 2200 4523 cepit
2227 4457 2488 4523 mortem;
2511 4443 2739 4503 iniistius
2764 4443 2980 4523 militia,
3011 4443 3061 4501 id
3088 4455 3170 4523 est
3198 4443 3496 4523 virtutibus,
3550 4459 3642 4523 ae-

2056 4520 2282 4589 cipimus
2321 4522 2482 4574 vitam
2514 4528 2791 4574 aeternam.
2847 4520 3063 4587 Septem
3107 4520 3284 4589 itaque
3319 4517 3639 4589 principalia

2060 4586 2207 4658 vitia,
2254 4591 2446 4662 quibus
2465 4590 2710 4646 diabolus
2740 4586 3222 4662 genusfhumanuui
3254 4586 3491 4655 infestat,
3530 4601 3639 4662 non

2055 4660 2347 4733 incongrue
2392 4677 2557 4730 opera
2610 4663 2824 4717 Satanae
2875 4661 3398 4733 dicerepossumus,
3448 4660 3642 4725 quibus

2050 4731 2392 4807 opponuntur
2420 4743 2625 4807 septem
2652 4733 2995 4807 principales
3035 4731 3276 4807 virtutes,
3329 4744 3447 4797 quae
3478 4742 3644 4798 opera

2050 4803 2175 4863 sunt
2196 4808 2381 4877 procul
2402 4805 2562 4860 dubio
2581 4804 2860 4877 salutaria.
2906 4807 3015 4877 Nec
3047 4803 3224 4855 minus
3252 4804 3454 4855 interea
3486 4816 3638 4877 poin-

2052 4880 2133 4949 pis
2154 4874 2272 4949 ejus
2311 4874 2736 4949 abrenuntiatur,
2784 4876 3107 4949 quantique
3127 4885 3291 4941 opera
3318 4882 3441 4949 sunt
3485 4875 3641 4949 Sata-

2046 4943 2153 5005 nae.
2179 4943 2283 5007 Sed
2307 4964 2371 5004 eo
2397 4948 2547 5017 quasi
2571 4945 2804 5001 discerni
2829 4944 3122 5017 videntura
3151 4943 3363 4998 caeteris
3387 4946 3640 5012 operibus

2060 5023 2196 5091 ejus,
2216 5022 2340 5091 quia
2364 5016 2425 5073 in
2445 5017 2564 5086 ejus
2577 5018 2851 5091 superbia,
2895 5016 3046 5091 cujus
3074 5016 3163 5071 ille
3189 5026 3393 5091 auctor,
3426 5024 3493 5091 et_
3522 5028 3640 5091 quae

2059 5086 2415 5162 eum’d'ejccit,
2449 5088 2845 5162 quodammodo
2881 5086 3219 5162 designatur.
3249 5087 3462 5162 lfompm
3482 5086 3642 5153 igitur

2059 5166 2176 5232 ejus
2204 5156 2331 5219 sunt
2357 5156 2597 5227 ambitio,
2624 5159 2949 5228 arrogantia,
2968 5160 3125 5214 ‘vana
3145 5156 3339 5232 gloria,
3371 5164 3639 5232 etcaztcra

2059 5226 2621 5309 h'ujuscemodi,_quae
2662 5232 2731 5288 de
2754 5226 2905 5309 i’onte
2939 5226 3207 5309 superbia:
3249 5228 3538 5309 procedere
3560 5226 3641 5280 di-

2060 5302 2412 5376 gnoscantur.
2434 5302 2711 5379 pain
2730 5304 2873 5379 enim
2894 5302 3264 5379 _a_mbitionem
3295 5302 3407 5379 sive
3427 5302 3641 5367 jactan-

2062 5374 2187 5433 tiatn
2216 5388 2271 5433 et
2295 5379 2376 5433 his
2399 5376 2597 5432 similia
2627 5374 2849 5450 intelligi
2876 5375 3072 5450 debere
3098 5374 3443 5450 propheticus
3461 5382 3642 5450 sermo

2064 5450 2417 5515 demonstrat,
2455 5462 2577 5504 cum
2607 5448 2769 5523 dicit:
2798 5442 2893 5523 ινφ
2909 5446 2999 5517 qui
3028 5442 3254 5523 opulenti
3291 5442 3482 5523 estigiis
3509 5442 3641 5496 Sion

2058 5530 2105 5575 et
2125 5523 2382 5591 confiditis
2400 5525 2455 5575 in
2481 5530 2647 5574 monte
2678 5520 2950 5584 Samaria,
2978 5521 3245 5591 optimates
3280 5520 3640 5591 capitaﬂpOpttn

2057 5583 2242 5668 (prum,
2282 5595 2618 5668 ingredientes
2664 5596 2947 5668 pompatice
2972 5583 3179 5641 domum
3208 5583 3423 5668 lsrae_l._
3452 5584 3642 5668 Sedet

2057 5655 2310 5739 Clemens
2339 5655 3065 5739 Prudentiusdisertissimus
3108 5670 3268 5726 atque
3309 5655 3640 5739 christianisn

2056 5738 2224 5795 simus
2272 5748 2429 5810 poeta
2455 5740 2507 5793 in
2530 5738 2630 5791 hac
2651 5734 3039 5810 signiﬁcatione
3075 5744 3328 5802 pompam
3374 5734 3550 5800 posuit
3582 5734 3639 5788 in

2060 5814 2196 5870 libro
2224 5806 2666 5886 Psychomachia,
2697 5808 2787 5864 ubi
2814 5806 2888 5860 ait
2912 5822 2927 5861 :
