4042 6350
249 433 353 490 561

1008 427 1078 486 IN
1113 428 1174 487 S.
1217 424 1550 485 GBEGOBII
1587 421 1855 482 LIBRUM
1892 416 2517 485 SACRAMENTORUM
2553 427 2785 487 NOT/EJ

3438 384 3571 494 ὅθί

246 569 353 613 nos
396 547 671 608 custodire
696 548 877 615 faciat,
908 548 1000 619 qui
1028 564 1087 603 ea
1119 548 1287 616 dedit,
1334 559 1394 604 ut
1428 548 1498 603 de
1541 548 1696 619 nobis
1730 546 1839 604 dici
1869 544 2253 611 Aexornetnr,
2286 554 2341 603 et
2370 558 2622 603 unctione
2659 548 2989 605 sacrosancti
3032 549 3339 609 chrismatis
3384 556 3542 615 linia-

246 627 423 699 possit
469 622 612 694 quod
660 618 1079 699 in__Apocalypsi
1107 621 1366 699 scripturn
1388 629 1472 676 est
1500 637 1513 673 :
1539 618 1729 699 Beatus
1753 621 1844 699 qui

246 692 449 770 uigilat,
476 692 527 770 et
552 693 775 770 custodit
800 696 1092 770 vestimenta
1112 692 1401 770 sua.__Quia
1429 707 1555 770 ergo
1577 692 1753 745 omnia
1788 692 1842 746 in

248 763 511 841 baptismi
540 766 747 821 ratione
773 764 1017 821 redolent
1037 763 1326 833 mysteriis,
1352 772 1407 818 et
1426 764 1733 841 exuberant
1754 778 1841 817 sa-

248 833 570 905 cramentis,
619 847 978 907 Opportunum
1021 843 1136 890 erat
1191 843 1248 888 ut
1300 848 1468 907 novus
1508 833 1670 889 homo
1708 849 1844 891 nova

247 915 521 981 acciperet
546 906 885 981 vestimenta,
911 917 986 966 et.
1006 916 1263 981 purgatus
1288 906 1484 960 veteris
1509 907 1845 981 inoxzeueol-

249 976 487 1046 luvione,
512 979 858 1035 candidarum
886 976 1443 1049 vestiumindueretur
1468 978 1664 1049 nitore.
1689 976 1847 1049 Moy-

248 1071 344 1111 ses
368 1053 512 1109 enim
533 1052 713 1106 Aaron
743 1060 797 1104 et
823 1049 959 1104 ﬁlios
981 1046 1097 1118 ejus
1128 1049 1271 1117 prius
1298 1050 1452 1118 aquis
1478 1048 1629 1116 lavit,
1652 1061 1706 1103 et
1730 1046 1845 1117 post

251 1127 415 1182 lineis
442 1125 614 1177 induit
637 1121 990 1185 vestimentis,
1012 1120 1136 1189 quia
1157 1131 1209 1175 et
1232 1130 1413 1175 noster
1430 1134 1589 1174 verus
1609 1121 1841 1190 Moyses,

248 1199 344 1268 qui
390 1195 645 1264 populum
689 1190 1366 1268 deHIEgyptiaservjtuie,
1414 1191 1509 1268 de_
1529 1192 1844 1268 gentilitatis

250 1262 510 1323 videlicet
537 1279 719 1320 errore
750 1263 959 1327 liberat,
984 1262 1074 1328 qui
1095 1273 1176 1317 est
1197 1262 1455 1317 Mediator
1480 1263 1570 1317 Dei
1591 1275 1644 1318 et
1670 1262 1845 1318 homi-

251 1355 407 1404 num,
442 1338 524 1393 sui
556 1350 655 1391 nos
682 1334 1024 1389 inenarrabili
1054 1335 1372 1388 sacramenti
1404 1334 1543 1388 unda
1577 1334 1845 1402 puriﬁcat,

246 1422 305 1467 et
328 1412 595 1465 bonorum
615 1420 836 1475 operum
859 1406 1182 1459 indumentis
1205 1414 1449 1460 exornat.
1474 1405 1633 1474 Cujus
1656 1405 1842 1470 facies,

248 1478 618 1537 manifestatio
671 1475 918 1531 videlicet
968 1475 1264 1530 Divinitatis
1323 1476 1441 1546 ejus
1473 1516 1488 1540 ,
1533 1477 1847 1533 testimonio

248 1553 387 1622 legis
414 1560 471 1606 et
500 1549 878 1622 prophetarum
920 1550 973 1602 in
991 1556 1181 1622 monte
1208 1547 1487 1622 Ecclesia,
1516 1557 1574 1601 ut
1601 1547 1703 1612 sol,
1735 1564 1848 1622 res-

251 1618 492 1694 pléndet,
525 1628 582 1675 et
608 1621 923 1694 vesiimenta
953 1618 1116 1694 ejus_,_
1130 1618 1183 1673 id
1212 1629 1294 1694 est
1319 1621 1489 1694 sancii
1520 1634 1707 1694 omnes
1729 1619 1847 1694 elli-

253 1687 490 1757 cinntur,
522 1693 661 1747 sicut
689 1691 852 1761 370
890 1687 1016 1745 luna
1063 1689 1209 1761 [Leg.
1253 1687 1395 1761 lana]
1423 1691 1565 1757 alba,
1597 1691 1679 1744 vel
1708 1691 1850 1745 sicut

256 1768 369 1820 nix.
416 1763 518 1819 Cui
564 1778 688 1818 cum
732 1762 1052 1832 Apocalypsi
1080 1761 1278 1830 gratias
1301 1776 1544 1830 agamus,
1589 1765 1677 1831 qui
1725 1763 1851 1815 lavit

256 1852 355 1891 nos
382 1852 415 1891 a
446 1834 679 1906 peccatis
719 1832 917 1906 nostris
962 1833 1015 1887 in
1056 1832 1317 1903 sanguine
1359 1846 1480 1906 s_u_o,
1513 1840 1570 1888 et
1599 1833 1722 1888 fecit
1750 1848 1849 1886 no-

252 1918 427 1963 strum
446 1900 610 1977 μεθ.
644 1900 762 1977 nos]
791 1918 1010 1977 regnum
1039 1900 1525 1977 sacerdotes_[Leg.
1576 1918 1631 1958 et
1660 1918 1849 1977 sacer-

253 1978 431 2049 dotes]
461 1973 657 2049 Deo_et
679 1973 822 2049 Patri
850 1990 968 2041 suo,
996 1975 1081 2029 cui
1120 1983 1204 2030 est
1230 1973 1704 2049 gloriaminsmcula
1746 1990 1849 2049 sa;-

251 2045 525 2105 cnlornm.
551 2046 663 2102 Hoc
678 2046 878 2102 etenim
908 2054 1223 2116 regnum,et
1240 2047 1622 2112 sacerdotium,
1646 2056 1701 2101 et
1720 2045 1849 2100 visi-

253 2121 353 2175 bili
380 2118 686 2174 chrismatis
715 2125 985 2186 unguento
1000 2132 1094 2186 per
1112 2117 1465 2173 ministerium
1484 2118 1848 2185 sacerdotum,

250 2202 315 2246 et
360 2189 617 2245 invisibili
643 2189 873 2257 Spiritus
901 2190 1071 2243 sancti
1109 2192 1274 2257 gratia
1316 2203 1347 2242 a
1384 2188 1612 2244 Domino
1643 2189 1847 2244 linitur.

346 2281 367 2315 ι
415 2261 533 2316 XV.
571 2260 726 2329 Cujus
756 2262 1008 2328 unguenti
1034 2269 1427 2314 sacramentum
1468 2274 1499 2314 a
1532 2261 1715 2330 Moyse
1745 2261 1852 2330 pri-

254 2348 441 2397 mum,
463 2331 679 2400 jubente
702 2330 945 2395 Domino,
970 2331 1022 2385 in
1050 2330 1239 2385 Exodo
1263 2330 1454 2401 legitur
1472 2331 1847 2400 compositum,

252 2412 317 2460 et
352 2406 404 2458 in
432 2403 581 2457 Novo
605 2402 944 2457 Testamento
970 2417 1001 2455 a
1043 2401 1270 2456 Domino
1313 2403 1578 2458 veraciter
1614 2402 1854 2457 declara-

260 2485 399 2541 tum,
432 2476 520 2545 qui
552 2483 740 2545 unctus
765 2483 906 2545 est_a
933 2472 1094 2528 Patre
1121 2473 1243 2528 oleo
1271 2472 1471 2528 laetitia:
1499 2489 1604 2542 prae
1628 2489 1852 2545 consor-

259 2548 406 2602 tibus
438 2541 540 2601 t'uis
568 2543 717 2618 [Leg.
745 2541 897 2618 suis],
925 2546 1008 2618 cui
1036 2558 1139 2618 non
1170 2546 1236 2618 ad
1265 2541 1571 2599 mensuram
1602 2545 1693 2598 dat
1712 2544 1851 2600 Deus

260 2615 847 2687 Spirituquu'oniatn
876 2615 930 2668 in
963 2617 1078 2687 ipso
1121 2615 1321 2687 habitat
1367 2618 1545 2687 omnis
1577 2617 1853 2685 plenitudo

256 2687 566 2744 Divinitatis
613 2684 983 2756 corporaliter.
1033 2684 1139 2754 Ipsi
1191 2687 1333 2741 enim
1384 2684 1622 2742 Ecclesia
1673 2688 1846 2741 dicit:

260 2758 447 2815 Oleum
474 2757 698 2826 elfusum
723 2768 994 2812 estnomen
1022 2765 1185 2825 tuum,
1210 2759 1323 2811 ideo
1348 2758 1738 2813 adolescentulo:
1766 2759 1849 2811 di-

254 2833 492 2886 lexerunt
522 2842 590 2883 te.
621 2830 751 2895 Quia
774 2830 1021 2883 videlicet
1041 2836 1096 2882 et
1118 2843 1147 2881 a
1175 2829 1468 2884 chrismate
1495 2829 1714 2891 Christi,
1744 2838 1801 2884 et
1820 2846 1849 2883 a

254 2903 482 2957 Christo
528 2899 957 2956 ChriStianorum
1008 2913 1202 2955 nomen
1258 2911 1506 2955 exortum
1548 2909 1651 2956 est.
1710 2904 1850 2955 Ante

255 2973 553 3029 adventum
585 2971 784 3026 etenim
819 2971 937 3041 ejus
977 2984 1127 3040 reges
1153 2972 1489 3026 solummodo
1518 2971 1851 3041 ungebantur

257 3054 316 3099 et
358 3044 693 3112 sacerdotes,
738 3043 827 3111 qui
874 3041 1035 3096 etiam
1079 3041 1276 3096 Christi
1324 3043 1683 3107 vocabantur;
1732 3052 1851 3111 post

257 3117 558 3172 adventum
589 3130 719 3170 vero
743 3115 858 3184 ejus
883 3128 989 3168 non
1018 3113 1187 3167 solum
1226 3128 1381 3184 reges
1422 3126 1475 3168 et
1517 3113 1845 3179 sacerdotes,

256 3188 556 3244 sedomnis
598 3193 698 3239 hac
734 3184 985 3240 unctione
1022 3196 1370 3239 consecratur
1421 3186 1675 3249 Ecclesia,
1725 3187 1847 3253 quia

258 3268 475 3314 canstat
498 3273 618 3312 cam
641 3271 763 3313 esse
782 3270 1004 3325 regnum
1026 3265 1081 3309 et
1098 3257 1480 3321 sacerdotium,
1504 3268 1556 3311 et
1575 3258 1714 3310 ﬁlios
1731 3257 1849 3325 ejus

1952 624 2082 698 tun:
2126 619 2319 698 quibus
2363 620 2524 698 etiam
2566 620 2891 698 septiformis
2936 624 3121 690 gratia:
3164 624 3397 693 Spiritus
3449 647 3545 698 per

1948 688 2254 743 chrismatis
2285 691 2591 747 unctionem
2623 688 2961 756 Conceditur,
2996 702 3054 747 ut
3083 709 3187 748 non
3208 688 3391 752 solum
3418 688 3546 758 san-

1949 759 2021 812 cti
2062 758 2313 832 Spiritus,
2355 762 2447 832 qui
2493 763 2649 816 unius
2683 771 2767 817 est
2813 778 2930 817 cum
2981 764 3135 820 Patre
3172 778 3227 821 et
3255 766 3387 823 Filio
3416 778 3547 829 sub-

1949 831 2193 903 stantiae,
2239 832 2332 887 sed
2376 831 2551 888 totius
2599 845 2797 889 sanctae
2846 834 3124 889 Trinitatis
3178 839 3545 903 habitaculum

1948 898 2089 955 efﬁci
2120 913 2444 959 mereantur.

2029 991 2047 1022 ι
2097 972 2257 1027 XVII.
2300 976 2450 1042 Quod
2480 991 2607 1045 ergo
2649 976 2974 1043 presbyteris
3020 977 3317 1046 baptizatos
3363 984 3541 1043 chris-

1951 1050 2095 1121 mate
2129 1060 2328 1121 ungere
2349 1046 2493 1109 licet,
2526 1048 2785 1121 Spiritum
2812 1064 2937 1103 vero
2967 1061 3209 1105 sanctum
3242 1069 3335 1121 per
3356 1073 3547 1114 manus

1953 1117 2360 1190 imposi_t_ion_emf
2382 1121 2596 1174 tradere
2625 1120 2895 1190 nonlicet,
2925 1121 3176 1190 antiquus
3206 1117 3308 1179 iste
3338 1143 3451 1180 mos
3475 1133 3545 1185 ab

1951 1186 2208 1251 apostolis
2242 1187 2495 1243 Ecclesia
2520 1202 2600 1244 est
2630 1189 2874 1244 traditus.
2907 1190 2997 1245 Sic
3036 1186 3177 1246 enim
3210 1198 3466 1252 scribitur
3487 1202 3545 1257 in

1952 1260 2177 1339 Actibus
2198 1262 2560 1339 apostolorum
2595 1260 2855 1339 :‘Factum
2880 1271 2953 1315 est
2989 1272 3181 1339 autem,
3211 1282 3329 1320 cum
3360 1271 3547 1339 Apollo

1950 1338 2079 1407 esset
2107 1327 2466 1407 Corinthium.
2489 1331 2712 1397 Paulus,
2748 1335 3027 1407 peragratis
3055 1327 3550 1407 superioribus'par-

1953 1398 2327 1480 tnibushueniret
2358 1398 3023 1480 EpltesumLet__invenisset
3042 1398 3288 1473 quosdam
3318 1398 3548 1480 discipu-

1952 1469 2030 1523 los
2049 1511 2072 1550 ,ι
2094 1471 2326 1550 dixitque
2349 1469 2534 1550 adeas
2568 1490 2588 1528 :
2620 1472 2681 1529 Si
2712 1475 2966 1550 Spiritum
3004 1469 3235 1550 sanctum
3281 1469 3549 1550 accepistis

1952 1543 2256 1625 credentes
2279 1545 2344 1597 At
2368 1546 2445 1599 illi
2475 1547 2713 1625 digerunt
2744 1547 2951 1625 adeum
2976 1562 2993 1600 :
3023 1547 3131 1625 Sed
3160 1566 3317 1625 neque
3348 1543 3550 1625 δι’δρὶ-

1952 1612 2093 1699 ςὶιιιξ⁸
2110 1624 2319 1699 sanctus
2340 1624 2413 1699 est
2438 1617 2759 1699 audiuimus.
2780 1617 2887 1699 Ille
2904 1634 3020 1699 vero
3046 1620 3118 1672 ait
3142 1636 3165 1699 ς
3193 1612 3256 1699 l
3295 1641 3394 1691 quo
3425 1612 3548 1699 ergo

1955 1682 2198 1760 b_a_ptizati
2225 1687 2382 1760 estis?
2406 1691 2492 1753 qui
2522 1689 2761 1760 dixerunt
2796 1704 2817 1743 .'
2858 1686 2925 1760 η
2958 1686 3175 1744 Joannis
3223 1682 3546 1760 baptisntai’e.

1952 1753 2101 1835 Dixit
2120 1766 2287 1835 autem
2315 1757 2516 1835 Paulus
2538 1775 2559 1835 _:
2583 1758 2811 1835 Joannes
2849 1759 3122 1835 baptisavit
3155 1753 3402 1834 baptismo
3445 1753 3547 1835 pm;

1957 1826 2184 1908 nitentia:
2214 1830 2463 1909 pOpulum
2493 1832 2667 1909 dicens
2695 1826 3283 1909 inAeum'quiyenturus
3312 1848 3385 1890 est
3435 1826 3551 1909 post

1954 1896 2124 1973 ipsum
2146 1910 2198 1953 ut
2214 1896 2509 1969 crederent,
2543 1903 2639 1955 hoc
2656 1914 2731 1956 est
2752 1903 2855 1973 37
2869 1907 2910 1973 1
3008 1902 3205 1959 Jesum.
3234 1906 3283 1959 Η
3292 1909 3335 1961 is
3354 1896 3552 1969 auditis

1958 1970 2205 2049 baptizati
2232 1982 2349 2024 sunt
2372 1974 2423 2051 in
2454 1976 2658 2051 nomine
2684 1970 3091 2051 Dominidesu;
3130 1986 3177 2028 et
3219 1994 3335 2032 cum
3378 1983 3552 2051 impo-

1954 2044 2141 2125 suisset
2162 2058 2341 2125 manus
2374 2043 2600 2125 Paulus,
2624 2046 2758 2098 venit
2781 2045 3007 2125 Spiritus
3032 2056 3237 2125 sanctus
3265 2067 3420 2125 super
3440 2043 3551 2125 eos,

1955 2122 2001 2188 et
2032 2113 2366 2188 loquebantur
2387 2116 2674 2188 linguis.ret
2694 2116 3082 2188 propltetabant.
3104 2118 3233 2173 ltetn
3257 2113 3361 2175 alio
3390 2127 3506 2181 loco
3530 2113 3549 2183 ξ

1954 2179 2084 2236 Cum
2112 2184 2373 2267 audissent
2395 2179 2651 2267 .apost‘oli,
2694 2179 2800 2267 'qhui:
2828 2199 2973 2267 erant
3008 2187 3403 2267 Hierosolymis,
3432 2179 3555 2267 quid

1953 2256 2142 2323 recepit
2196 2257 2440 2309 Samaria
2466 2258 2671 2312 verbum
2703 2258 2819 2323 Dei,
2853 2261 3096 2312 miserunt
3125 2261 3193 2312 ad
3223 2256 3304 2315 eos
3337 2256 3554 2323 Petrum

1955 2333 2003 2378 et
2028 2323 2333 2407 Joannem“:
2353 2330 2441 2407 qui
2470 2345 2587 2383 cum
2608 2330 2879 2395 venissent,
2908 2341 3178 2407 arcuerunt
3195 2350 3299 2407 pro
3328 2337 3470 2407 ipsis,
3497 2353 3555 2394 ut

1955 2397 2242 2477 acciperent
2271 2396 2526 2467 Spiritum
2548 2412 2821 2477 sanctum;
2866 2403 3095 2477 nondum
3123 2396 3255 2455 enim
3287 2396 3553 2477 in'que'm-

1954 2482 2108 2542 quam
2136 2468 2343 2542 illorum
2381 2480 2602 2535 venerat,
2652 2474 2743 2525 sed
2777 2471 3025 2542 baptizati
3066 2482 3263 2526 tantum
3314 2468 3460 2534 erant
3500 2486 3554 2537 in

1956 2538 2411 2625 nomineDomini.
2439 2538 2934 2625 d‘uncimponebant
2954 2558 3136 2623 manus
3161 2561 3312 2625 super
3333 2549 3472 2620 illos,
3505 2564 3556 2608 et

1954 2610 2271 2678 accipiebant
2305 2612 2561 2678 Spiritum
2586 2624 2841 2669 sanctum.
2880 2613 3113 2682 Denique
3157 2610 3436 2674 sciendum
3458 2610 3554 2682 'cst

1958 2683 2082 2755 quia
2113 2681 2257 2755 sicut
2279 2694 2472 2755 caetera
2505 2686 2837 2755 baptismatis
2873 2696 3207 2741 sacramenta
3243 2703 3337 2755 per
3363 2707 3552 2750 sacer-

1956 2750 2109 2833 dotes
2142 2752 2422 2833 visiiniliter
2451 2750 2602 2833 (iuni,
2653 2757 2953 2833 per_Deum
2986 2750 3333 2833 invisibili—ter
3359 2778 3553 2822 consc-

1954 2831 2197 2905 crantur,
2240 2825 2311 2877 ita
2344 2825 2598 2880 nimirum
2644 2835 2699 2881 et
2739 2828 2970 2905 Spiritus
3016 2831 3185 2905 sancti
3233 2834 3402 2897 gratia
3455 2853 3553 2905 per

1956 2899 2366 2973 impositionem
2384 2912 2661 2973 manuum
2686 2908 2740 2951 et
2776 2899 3131 2973 ministerium
3173 2899 3552 2973 episcoporum

1956 2961 2205 3038 fidelibus
2235 2967 2481 3022 traditur.
2515 2969 2821 3038 Presbyteri
2860 2985 3008 3033 vero,
3051 2967 3178 3023 licet
3207 2961 3331 3025 'sint
3361 2961 3555 3032 'sacer-1

1954 3032 2131 3100 dctes,
2169 3039 2506 3105 pontiﬁcatus
2550 3032 2724 3094 tamen
2772 3032 3127 3107 apicem’non
3178 3041 3394 3101 habent.
3440 3048 3555 3104 Hoc

1954 3115 2141 3185 autem
2166 3109 2296 3162 solis
2321 3111 2680 3185 _pontilicibus
2705 3111 2905 3185 deberi
2951 3121 3007 3165 ut
3052 3111 3133 3185 vel
3178 3113 3410 3185 signent,
3464 3122 3554 3176 vel

1957 3175 2292 3233 Paracletum
2316 3175 2575 3248 Spiritum
2601 3184 2833 3245 tradant,
2864 3196 2968 3236 non
3009 3183 3182 3236 solum
3216 3175 3555 3246 consuetudo

1954 3248 2319 3320 ecclesiastica
2347 3256 2700 3319 demonstrat,
2735 3268 2917 3309 verum
2934 3264 2987 3307 et
3008 3255 3253 3320 superior
3275 3257 3367 3311 illa
3390 3261 3554 3319 lectio

257 3344 418 3401 reges
449 3340 506 3385 et
526 3319 871 3401 sacerdotes:
884 3326 1277 3401 Baptizatorum
1307 3319 1487 3397 itaque
1514 3330 1687 3397 capita
1709 3319 1852 3401 chri-
1877 3326 1929 3395 α
1959 3319 2188 3401 Αειυιιιυ
2208 3327 2600 3401 apostolorum,
2617 3341 2737 3395 quae
2758 3326 2949 3401 asserit
2970 3319 3184 3401 Petrum
3210 3335 3267 3381 et
3286 3327 3551 3401 Joannem

256 3395 435 3456 sniate
486 3400 766 3463 liniuntur,
810 3408 865 3454 et
914 3396 1060 3523 [lLeg.
1087 3395 1167 3467 ut]
1196 3398 1247 3452 in
1277 3395 1438 3467 regno
1467 3407 1521 3453 et
1548 3395 1853 3455 sacerdotio

257 3471 523 3523 Ecclesia:
547 3471 789 3523 delibuti.
814 3468 923 3523 etC
944 3467 1167 3523 tristiam
1198 3470 1428 3523 nominis
1448 3469 1853 3523 praerogativam

257 3471 523 3528 Ecclesiae
547 3471 789 3536 delibuti,
814 3478 870 3525 et
882 3467 1167 3541 Christiani
1198 3470 1428 3541 nominis
1448 3469 1853 3541 praerogativam

256 3543 553 3615 accipiant,
582 3552 641 3615 et
665 3542 781 3615 ejus
806 3539 1050 3615 membra
1077 3539 1167 3609 qui
1198 3554 1290 3595 eos
1319 3540 1550 3595 redemit
1587 3539 1644 3596 et
1668 3555 1855 3596 eorum

254 3612 422 3685 caput
450 3624 536 3685 est
561 3612 703 3685 eflici
736 3613 968 3685 valeant.

336 3682 357 3739 ι
407 3684 555 3742 XVI.
593 3684 732 3751 Quia
761 3684 924 3752 igitur
962 3682 1104 3738 idem
1151 3682 1478 3752 Redemptor
1523 3691 1705 3737 noster
1742 3683 1857 3739 Rex

256 3769 345 3814 est
371 3758 462 3813 cui
490 3771 588 3825 per
618 3754 943 3824 Prophetatn
972 3755 1169 3809 dicitur
1204 3773 1216 3809 :
1264 3754 1500 3824 Regnum
1546 3763 1711 3820 tuum,
1747 3755 1855 3809 Do-

257 3830 416 3894 mine,
445 3843 663 3898 regnum
692 3827 917 3881 omnium
937 3826 1263 3891 saeculorum,
1293 3834 1340 3879 et
1359 3827 1644 3898 dominatio
1668 3837 1759 3879 tua
1805 3830 1857 3882 in

258 3902 404 3954 omni
435 3897 762 3969 generatione
789 3907 836 3952 et
858 3898 1252 3968 generationem,
1280 3897 1370 3967 qui
1401 3898 1689 3963 diabolum,
1714 3914 1858 3953 mor-

260 3980 372 4027 tem
402 3980 461 4026 et
482 3972 741 4025 mundum
773 3970 997 4024 mirilice
1027 3969 1400 4038 triumphavit;
1456 3978 1509 4022 et
1536 3969 1855 4026 Sacerdotes

263 4042 419 4117 [Δις.
451 4039 851 4117 sacerdosnest],
877 4041 988 4117 _cui_
1021 4054 1115 4108 per
1141 4040 1388 4096 eumdem
1432 4039 1751 4117 Prophetam
1780 4042 1857 4097 di-

259 4110 403 4168 citur
444 4130 464 4168 :
504 4111 583 4165 Tu
607 4127 659 4166 es
691 4110 945 4167 Sacerdos
970 4111 1023 4164 in
1050 4121 1298 4165 internum
1324 4112 1605 4166 secundum
1624 4114 1858 4167 ordinem

262 4183 668 4250 Melchisedech,
701 4184 790 4253 qui
817 4197 877 4237 se
900 4182 1011 4237 Deo
1031 4181 1175 4236 Patri
1207 4186 1255 4236 in
1280 4183 1600 4238 sacrilicium
1634 4182 1854 4250 obtulit;

262 4256 707 4312 decentissimum
730 4263 814 4309 est
835 4262 892 4307 ut
910 4264 1095 4308 sancta
1112 4255 1228 4324 ejus
1250 4254 1510 4320 Ecclesia,
1533 4268 1652 4323 quae
1676 4259 1858 4324 utique

262 4342 466 4396 corpus
491 4324 609 4397 ejus
633 4334 737 4390 est,
766 4335 822 4380 et
853 4339 1073 4396 regnum
1094 4327 1166 4379 sit
1193 4334 1246 4380 et
1274 4327 1654 4391 sacerdotium,
1678 4337 1732 4380 et
1759 4342 1857 4387 nos

262 4399 320 4455 in
351 4413 416 4453 ea
449 4398 772 4469 regenerati,
804 4396 893 4466 qui
920 4399 1037 4466 ejus
1069 4397 1305 4450 membra
1347 4411 1550 4459 sumus,
1594 4412 1747 4469 reges
1784 4399 1860 4452 si-

264 4485 386 4525 mus
413 4477 471 4525 et
490 4468 797 4523 sacerdotes
827 4485 841 4523 :
872 4482 1046 4537 reges,
1075 4474 1134 4520 ut
1154 4476 1209 4521 et
1228 4475 1413 4521 contra
1437 4468 1708 4521 diabolum
1730 4470 1858 4523 viri-

264 4541 391 4596 liter
437 4540 780 4603 ditnicemus,
835 4547 892 4594 et
929 4537 1443 4592 administrationem
1495 4538 1616 4592 vitae
1662 4548 1858 4596 nostra:

262 4610 572 4666 admirabili
603 4611 1000 4679 dispensatione
1026 4611 1417 4679 gubernemus;
1447 4618 1501 4664 et
1526 4612 1855 4678 sacerdotes,

264 4692 325 4737 ut
348 4685 402 4737 in
434 4681 640 4752 templo
670 4681 764 4736 Dei
790 4691 998 4747 sancto,
1021 4681 1163 4750 quod
1185 4695 1369 4734 sumus
1396 4695 1517 4744 nos,
1540 4684 1709 4736 altare
1734 4684 1855 4739 lidei

263 4754 598 4809 aediﬁcantes
620 4754 883 4807 honorum
911 4766 1135 4822 operum
1158 4752 1207 4807 ei
1232 4752 1431 4822 hostias
1462 4753 1708 4820 pacilicas
1730 4755 1859 4809 olle-

263 4840 475 4889 ramus,
508 4832 566 4893 et.
594 4839 712 4877 cum
743 4821 1003 4891 Apostolo
1035 4823 1277 4893 dicamus
1307 4839 1321 4874 :
1360 4821 1665 4877 Benedictus
1694 4823 1857 4893 Deus,

261 4906 312 4950 et
343 4898 504 4949 Pater
534 4891 744 4947 Domini
773 4896 931 4947 nostri
962 4895 1089 4947 Jesu
1129 4892 1341 4957 Christi,
1373 4894 1458 4962 qui
1489 4894 1742 4948 benedixit
1768 4891 1860 4952 nos

211 4963 227 5039 ἕ
261 4969 320 5039 in
346 4966 490 5020 omni
518 4963 1135 5039 Benedictionespiritali
1154 4966 1209 5018 in
1232 4965 1535 5029 calentibus,
1561 4968 1613 5039 in
1637 4965 1858 5021 Christo.

267 5038 345 5092 De
374 5052 484 5107 quo
513 5038 667 5090 altari
692 5033 871 5107 fumus
891 5033 1199 5091 orationum
1226 5045 1528 5090 nostrarum
1549 5037 1859 5107 eiiquotidie

263 5105 548 5172 ascendat,
594 5106 750 5179 juxta
798 5105 926 5162 illud
969 5107 1228 5179 quodiait
1249 5107 1515 5176 Propheta
1548 5124 1561 5158 :
1592 5105 1859 5178 Dirigatur

218 5218 224 5233 τ
264 5180 432 5233 oratio
482 5193 601 5231 mea
654 5180 787 5232 sicut
814 5179 1074 5233 incensum
1114 5178 1169 5231 in
1206 5188 1476 5247 conspectu
1515 5186 1625 5232 tuo.
1677 5182 1861 5249 Capita

218 5262 223 5271 ‘
264 5250 451 5319 itaque
496 5264 683 5322 eorum
729 5249 826 5322 qui,
872 5257 1258 5319 regenerantur
1291 5265 1357 5305 ex
1385 5265 1519 5320 aqua
1565 5263 1620 5305 et
1657 5252 1862 5322 Spiritu

264 5328 461 5377 sancto
491 5321 718 5393 mystico
748 5321 1011 5376 velamine
1052 5328 1255 5393 tegunt,
1298 5331 1357 5375 ut
1399 5336 1479 5377 eis
1520 5336 1615 5391 per
1645 5321 1861 5379 Petrum

265 5392 484 5447 dicatur
513 5410 527 5445 :
552 5390 665 5446 Vos
693 5395 811 5446 estis
838 5408 998 5463 genus
1027 5390 1261 5455 electum,
1291 5393 1465 5464 regale
1493 5390 1857 5463 sacerdotium,

261 5480 394 5537 gena
412 5472 613 5529 sancta,
640 5464 862 5532 populus
886 5464 1256 5537 acquisitionis.
1283 5465 1347 5519 Ut
1374 5464 1478 5537 hoc
1505 5465 1785 5532 velamine,
1810 5478 1864 5523 et

262 5536 517 5590 diadema
546 5537 773 5604 regium,
806 5545 862 5589 et
884 5536 1231 5590 sacerdotalis
1279 5536 1468 5603 capitis
1503 5541 1863 5593 velamentum

264 5607 647 5679 signiﬁcetur;
677 5617 732 5660 et
760 5606 884 5673 quia
931 5622 1024 5679 per
1067 5616 1226 5675 caput
1265 5621 1417 5661 mens
1460 5608 1771 5679 plerumque
1810 5611 1863 5664 in

264 5692 429 5733 sacro
471 5678 689 5749 eloquio
729 5678 895 5746 accipi
928 5678 1088 5742 solet,
1119 5678 1271 5747 juxta
1304 5679 1434 5732 illud
1479 5694 1495 5735 :
1537 5678 1789 5749 Respicite
1813 5691 1862 5734 et

264 5748 629 5822 (antecapita
654 5757 839 5814 vestra,
872 5762 1024 5803 mens
1052 5757 1359 5822 renatorutn
1399 5758 1454 5803 et
1491 5748 1649 5819 regite
1685 5752 1863 5822 digni-

267 5823 399 5875 tatis
439 5819 637 5874 habeat
667 5829 1003 5885 ornamenta,
1035 5830 1089 5874 et
1119 5821 1468 5875 sacerdotalis
1510 5821 1725 5878 verticis
1751 5819 1861 5878 'ha-

270 5894 398 5947 heat
428 5900 819 5961 tegumentum,
852 5902 909 5945 ut
931 5903 986 5946 et
1013 5901 1197 5945 contra
1221 5893 1345 5945 vitia
1376 5895 1692 5949 sacerdotali
1721 5896 1861 5949 vela-

274 5964 427 6022 mine
479 5964 793 6027 muniatur,
861 5973 915 6018 et
967 5963 1223 6018 virtutum
1275 5966 1499 6035 gemmis
1553 5968 1862 6038 spiritaliter

571 6056 845 6118 Panos.
878 6055 1225 6119 LXXVI".

1887 4725 1941 4785 D

1961 3402 2082 3445 esse
2104 3392 2361 3469 directos,
2384 3394 2473 3464 qui
2497 3392 2608 3469 jam
2634 3392 2925 3469 'baptizatis
2966 3397 3241 3469 traderent
3285 3399 3552 3469 Spiritum

1961 3472 2226 3543 sanctum.
2262 3466 2396 3543 Nam
2426 3468 2775 3543 presbyteris,
2801 3467 2915 3523 sive
2945 3467 3258 3543 absentibus
3282 3466 3394 3543 sive
3420 3489 3557 3543 βιω-

1960 3536 2203 3588 sentibus
2232 3538 2519 3605 episcopis,
2553 3536 2824 3605 baptizare
2856 3546 2911 3592 et
2941 3538 3237 3608 baptizatos
3258 3536 3553 3602 chrismate

1964 3617 2201 3672 unguere
2232 3609 2378 3674 licet,
2407 3611 2501 3664 sed
2528 3611 2668 3678 quod
2699 3611 2767 3664 ab
2792 3609 3043 3678 episcopo
3071 3610 3233 3665 fuerit
3265 3627 3555 3673 consecra-

1963 3682 2107 3757 tum;
2165 3691 2267 3757 nec
2312 3688 2501 3757 tamen
2550 3684 2781 3757 frontem
2812 3696 2877 3734 ex
2908 3681 3552 3757 eodetn_oleo__signare,

1962 3748 2115 3827 quod‘
2136 3748 2518 3827 solisdebetur
2545 3751 2829 3827 episcopis,
2858 3766 2977 3827 cum
2992 3751 3226 3827 _tradant
3250 3748 3403 3827 [Ιαεᾷ.
3441 3748 3555 3813 ιε’αέ

1962 3816 2118 3888 dunt]
2148 3818 2404 3887 Spiritum
2451 3816 2807 3876 Paracletuin.
2853 3822 2955 3888 Qui
2986 3821 3221 3890 Spiritus
3244 3816 3555 3887 Paracletus

1961 3891 2289 3970 septit’ormis
2313 3892 2471 3970 etiam
2514 3895 2697 3970 gratia:
2733 3894 2950 3961 dicitur,
2997 3904 3222 3970 propter
3257 3902 3557 3970 septenarii

1962 3962 2537 4037 numerimysterium,
2569 3962 2623 4018 in
2655 3978 2761 4033 quo
2799 3978 3009 4019 summa
3050 3964 3305 4031 perfectio
3325 3962 3558 4025 intelli-

1961 4034 2123 4106 gitur.
2153 4034 2245 4106 Est
2265 4035 2409 4088 enim
2433 4038 2759 4104 compositus
2780 4049 2845 4090 ex
2866 4044 2975 4089 toto
3001 4037 3174 4105 primo
3200 4039 3338 4106 pari,
3361 4051 3416 4095 et
3442 4052 3555 4099 toto

1965 4104 2139 4170 primo
2161 4103 2376 4173 impari;
2396 4122 2459 4162 ex
2485 4103 2594 4162 toto
2619 4109 2793 4177 primo
2822 4106 2957 4175 pari,
2976 4103 3063 4177 qui
3085 4103 3249 4161 dividi
3283 4121 3475 4179 potest,
3500 4124 3556 4170 et

1963 4188 2027 4248 ex
2048 4182 2158 4228 toto
2177 4180 2351 4245 primo
2367 4182 2578 4246 impari,
2592 4180 2681 4247 qui
2698 4180 2862 4233 dividi
2880 4194 2983 4232 non
3005 4187 3198 4248 potest.
3216 4180 3387 4236 liabet
3405 4189 3556 4240 enim

1963 4246 2016 4298 in
2043 4250 2345 4322 septenario
2372 4248 2519 4320 [Leg.
2553 4246 2812 4322 ternario]
2842 4246 3155 4321 mysterium
3175 4252 3473 4321 Trinitatis,
3501 4259 3555 4314 in

1963 4320 2307 4385 quaternario
2332 4321 2625 4391 Evangelii.
2672 4320 2967 4397 Sive‘enitn
3022 4334 3134 4397 tres
3174 4338 3269 4397 per
3299 4320 3554 4397 quatuor,

1962 4401 2081 4442 eive
2103 4398 2331 4458 quatuor
2358 4407 2453 4457 per
2478 4406 2585 4447 tres
2608 4395 3048 4461 multiplicentur,
3073 4395 3138 4448 ad
3162 4395 3554 4456 duodenartum

1963 4474 2244 4540 numerum
2271 4466 2458 4540 surgit.
2491 4465 2625 4540 Quia
2684 4464 2995 4535 mysterium
3026 4465 3556 4540 sanctteTrinitatis,

1963 4539 2017 4585 et
2050 4532 2290 4611 doctrina
2314 4535 2586 4607 Evangelii
2613 4552 2705 4611 per
2729 4532 3010 4611 duodecim
3043 4538 3317 4611 apostolos
3345 4541 3398 4593 in
3427 4532 3559 4611 qua;

1965 4612 2084 4681 tuor
2105 4607 2285 4681 mundi
2311 4617 2512 4674 partes,
2535 4609 2809 4681 Drientem
2834 4609 3081 4662 videlicet
3110 4617 3164 4663 et
3184 4607 3555 4681 Occidentem,

1965 4676 2396 4742 Septentrionem
2444 4692 2499 4733 et
2529 4679 2802 4734 Meridietn
2832 4680 3071 4734 derivata
3118 4692 3220 4733 est.
3267 4682 3362 4734 llic
3413 4676 3558 4744 enirn

1964 4760 2221 4821 numerus
2252 4749 2305 4800 in
2353 4764 2507 4803 sacro
2536 4752 2748 4819 eloquio
2778 4766 2875 4820 pro
2902 4752 3226 4818 perfectione
3257 4756 3380 4821 poni
3422 4769 3558 4811 con-

1963 4819 2582 4897 suevit._Consummatis
2611 4819 2791 4897 enim
2817 4823 2957 4897 Deus
2986 4822 3239 4897 Operibus
3257 4819 3405 4892 suis,
3435 4844 3560 4897 sep~

1966 4891 2095 4962 timo
2140 4890 2229 4943 die
2274 4890 2554 4962 requievit.
2605 4894 2671 4945 Et
2712 4895 2917 4957 Enoclt,
2961 4907 3050 4961 qut
3097 4895 3357 4962 septimus
3385 4890 3467 4952 est
3490 4890 3560 4958 ab

1964 4961 2155 5025 Adam,
2207 4974 2329 5015 cum
2377 4960 2601 5015 Domino
2647 4960 2991 5029 ambulavrt,’
3019 4971 3074 5018 et
3124 4960 3242 5033 ejus
3281 4970 3559 5026 translatio

1966 5045 2117 5100 spem
2140 5033 2296 5107 nobis
2317 5041 2534 5088 aeternae
2558 5034 2759 5101 requiei
2784 5036 3031 5107 contulit.
3062 5034 3212 5091 Uttde
3237 5048 3287 5091 et
3304 5038 3561 5107 jubilteus

1963 5117 2172 5176 annus,
2190 5106 2243 5156 in
2264 5120 2367 5173 quo
2399 5108 2637 5173 plenaria
2663 5105 2871 5174 requies
2897 5117 3159 5176 Signatur,
3188 5105 3395 5176 septem
3426 5112 3560 5166 heb-

1963 5174 2278 5252 domadibus
2298 5177 2599 5252 coniicitur.
2624 5177 2834 5246 Septies
2854 5174 2997 5252 enim
3020 5188 3225 5248 septem
3249 5174 3387 5234 linnt
3409 5199 3559 5252 χιιι,

1964 5249 2056 5319 qui
2118 5247 2344 5300 monade
2399 5250 2578 5301 addito
2631 5261 2828 5303 nostra:
2885 5247 3223 5306 adunationis
3280 5247 3556 5319 impletur;

1968 5318 2387 5395 hujoshn‘utneri
2436 5321 2825 5395 perlectionem
2864 5321 3142 5395 Propheta
3170 5318 3558 5395 commendat,

1969 5405 2091 5445 cum
2109 5388 2251 5462 dicit
2281 5407 2293 5442 :
2330 5388 2528 5462 Septies
2555 5392 2609 5445 in
2635 5393 2716 5445 die
2751 5390 2954 5447 laudem
2980 5388 3101 5448 ἀἰὼί
3137 5394 3247 5448 tibi.
3297 5398 3449 5461 Quod
3502 5388 3557 5451 ni

1970 5462 2074 5516 alio
2104 5461 2314 5516 Psalmo
2343 5476 2490 5530 quaSt
2520 5478 2794 5532 exponens
2820 5464 3011 5534 aperit,
3039 5480 3159 5519 cum
3188 5463 3315 5517 dicit
3352 5481 3369 5521 :
3406 5470 3558 5521 Sem-

1970 5549 2062 5605 per
2085 5534 2197 5587 laus
2222 5535 2333 5604 ejus
2363 5537 2416 5588 in
2438 5552 2525 5589 ore
2551 5551 2681 5589 meo.
2709 5535 2839 5589 Nam
2871 5546 2925 5591 et
2967 5536 3201 5591 Joannes
3250 5538 3303 5589 in
3349 5539 3557 5602 Apoca-

1975 5608 2254 5676 lypsi‘sua
2295 5609 2437 5675 quod
2463 5618 2667 5677 septem
2706 5608 2894 5661 scribit
2925 5607 3200 5671 Ecclesiis,
3234 5610 3557 5675 generaliter

1973 5680 2235 5731 universa:
2255 5680 2532 5733 Catholica».
2553 5677 2787 5733 creditur
2808 5680 3087 5745 scripsisse
3104 5679 3384 5735 Ecclesne.
3404 5682 3556 5745 Unde

1965 5750 2081 5825 ipse
2107 5750 2177 5825 a_i_t
2205 5752 2344 5825 :_Qui
2365 5750 2513 5805 habet
2533 5766 2685 5805 aures
2706 5752 2950 5805 audiendi
2977 5752 3155 5802 audiat
3174 5751 3301 5817 quid
3330 5756 3556 5825 Spiritus

1963 5823 2099 5874 dicat
2120 5821 2406 5877 Ecclesiis:

2042 5912 2077 5976 ι.
2111 5896 2184 5949 De
2213 5893 2519 5976 septenario
2546 5894 2747 5976 interea
2783 5908 3009 5956 noluero
3036 5894 3126 5969 qui
3153 5896 3204 5955 tu
3234 5899 3555 5976 quibusdam

1962 5964 2253 6037 Scriptura:
2278 5964 2427 6028 locta
2466 5973 2865 6029 universitatem
2914 5989 3008 6030 seu
3045 5964 3454 6045 perlectionetn,
3501 5977 3555 6030 in

3109 6070 3185 6129 12
