4042 6350
483 439 592 500 363

489 559 808 637 quibusdam
825 570 955 613 vero
976 555 1300 626 septiformis
1323 557 1508 626 gratia:
1529 557 1770 627 spiritum
1793 555 2076 624 signiﬁcat,
2101 555 2158 617 Δ
2185 554 2300 624 ejus
2329 553 2575 609 tenebras
2616 553 2866 608 illustrat.
2907 552 3200 636 Consilium
3233 555 3358 610 dum
3393 568 3512 610 esse
3538 554 3770 681 aliquem

489 635 654 681 multa
691 641 743 681 et
792 631 841 681 in
873 629 1051 681 Veteri
1084 628 1216 681 etin
1243 627 1389 681 Novo
1417 628 1758 681 Testamento
1790 628 2072 681 habentur.
2183 625 2509 681 praecipitem
2546 624 2813 681 prohibet.
2847 631 3052 680 rattone
3094 640 3328 681 animum
3359 627 3546 681 replet.
3643 630 3770 681 orti-

487 627 654 694 multa
691 641 743 685 et
792 631 841 683 in
873 629 1051 684 Veteri
1084 637 1136 682 et
1163 628 1216 682 in
1243 627 1389 697 Novo
1417 628 1758 684 Testamento
1790 628 2072 695 habentur,

489 721 612 775 qua:
658 701 903 775 persequi
955 701 1167 775 longum
1213 709 1315 775 est:
1362 699 1519 775 _N_unc
1549 699 1826 775 videamus
1847 701 2077 775 qualiter

484 768 944 844 lsaias'prophela
995 770 1234 844 ejusdem
1254 771 1513 844 _Sp_iritus
1563 768 1889 844 septiformis
1931 771 2072 825 dona

483 841 782 906 emtmeret.
821 845 951 898 Cum
975 843 1116 897 enim
1151 843 1218 896 de
1243 841 1475 906 Christo,
1510 845 1597 910 qui
1628 851 1710 896 est
1741 841 1882 911 virga
1909 843 2076 897 virtu-

487 921 557 973 tis
614 915 844 978 Domini,
899 913 1258 982 prupltetarct,
1315 912 1387 965 ait
1442 931 1454 966 :
1501 913 1984 984 Egredietur-virga
2013 913 2076 967 de

486 990 660 1044 radice
687 988 855 1049 Jesse,
893 995 938 1040 et
984 986 1079 1052 ﬂos
1127 985 1190 1035 de
1228 985 1399 1036 radice
1437 983 1860 1054 ejus’iascendet,
1909 995 1956 1038 et
1994 1000 2078 1039 re-

483 1064 703 1128 quiescet
729 1074 881 1127 super
909 1072 1023 1128 eum
1049 1055 1275 1125 Spiritus
1297 1053 1528 1128 Domini,
1559 1053 1787 1128 Spiritus
1814 1056 2079 1128 sapientia:

486 1125 532 1186 et
583 1125 890 1190 intellectus,
925 1127 1147 1196 Spiritus
1179 1125 1376 1179 consilii
1405 1137 1450 1179 et
1477 1126 1812 1193 fortitudinis,
1845 1127 2076 1189 Spiritus

450 1203 712 1258 iacientire
752 1210 797 1253 et
839 1200 1060 1268 pietatis,
1104 1208 1148 1249 et
1191 1197 1397 1264 replebit
1448 1213 1560 1250 eum
1610 1197 1837 1267 Spiritus
1883 1199 2077 1252 timoris

493 1275 725 1328 Domini.
781 1267 955 1337 super
996 1271 1138 1322 ltunc
1182 1269 1387 1331 liorem,
1422 1268 1508 1337 qui
1539 1269 1605 1322 de
1633 1269 1777 1335 virga
1811 1267 1981 1335 .lesse,
2026 1269 2076 1323 id

487 1358 572 1402 est
599 1347 766 1399 beatae
803 1343 982 1395 Maria:
1028 1355 1244 1406 semper
1272 1340 1490 1405 virginis
1517 1349 1665 1407 partu
1694 1353 1943 1407 egressus
1971 1348 2073 1405 est,

487 1416 758 1484 requievit
786 1412 1017 1484 Spiritus
1049 1411 1287 1484 Domini.
1321 1409 1454 1484 Quia
1493 1411 1560 1484 in
1592 1410 1707 1474 ipso
1755 1411 2080 1484 complacuit

489 1480 703 1541 omnem
725 1483 1103 1552 plenitudinem
1129 1482 1420 1552 divinitatis
1443 1480 1682 1552 habitare
1701 1481 2074 1548 corporaliter.

486 1549 828 1625 Nequaquam
862 1569 958 1622 per
990 1562 1237 1625 parentes
1266 1550 1410 1622 [Leg.
1447 1549 1669 1625 partes],
1700 1562 1758 1606 ιιι
1789 1553 1840 1605 in
1867 1553 2079 1625 caeteris

483 1622 714 1692 sanctis,
743 1626 936 1695 quibus
959 1624 1047 1677 alii
1079 1623 1236 1695 datur
1265 1638 1443 1675 sermo
1470 1622 1767 1691 sapientia,
1790 1624 1876 1695 alii
1901 1639 2079 1678 sermo

488 1694 770 1763 scientiae,
795 1697 884 1749 alii
927 1695 1096 1762 gratia
1133 1694 1410 1757 virtutum,
1443 1704 1496 1748 et
1525 1705 1717 1748 etetera
1745 1694 1938 1764 quibus
1965 1697 2081 1748 uni-

485 1773 679 1838 cuique
710 1771 862 1822 datur
889 1766 1179 1838 secundum
1227 1779 1556 1838 mensuram,
1601 1765 1694 1818 sed
1745 1767 2074 1838 plenissime.

489 1835 642 1897 Unde
670 1851 721 1894 et
752 1835 1039 1905 Apostolus
1068 1837 1141 1888 ait
1179 1853 1190 1888 :
1230 1835 1350 1888 Non
1381 1836 1448 1888 ad
1475 1851 1765 1889 mensuram
1813 1837 1897 1889 dat
1939 1837 2079 1891 Deus

484 1915 741 1979 spiritum.
792 1911 855 1962 Ia‘t
895 1907 1350 1980 prophetaizEcce
1389 1924 1515 1980 puer
1557 1923 1696 1980 meus
1743 1923 1891 1977 quem
1925 1909 2076 1980 elegi,

481 1978 675 2038 electus
719 1995 880 2041 meus,
913 1979 965 2031 in
992 1993 1092 2047 quo
1133 1979 1293 2048 372
1338 1978 1644 2048 complacuit
1687 1981 1874 2032 animo:
1921 1978 2078 2047 mete,-

481 2071 672 2128 ponant
713 2049 966 2128 Spiritum
1011 2065 1178 2128 meum
1210 2063 1364 2118 super
1404 2049 1819 2128 eum,_j_udicittm
1845 2051 2080 2128 gentibus

482 2121 743 2196 'profcrett
762 2121 826 2176 Ut
854 2122 996 2176 enim
1029 2121 1080 2196 in
1107 2135 1174 2196 eo
1195 2131 1446 2196 perpetua
1474 2121 1804 2196 itanitatione
1833 2124 2078 2196 requies-

482 2191 648 2260 ceret,
679 2195 746 2247 ad
775 2208 895 2248 eum
931 2192 1098 2256 venit,
1126 2195 1276 2259 juxta
1303 2191 1526 2246 Joannis
1557 2191 1808 2259 Baptistae
1837 2194 2078 2248 testimeo

479 2269 656 2329 nium,
687 2265 774 2334 qui
802 2265 879 2318 ait
910 2281 921 2316 :
958 2263 1364 2334 VidiSpiritum
1394 2263 1796 2328 descendentem,
1827 2269 1973 2330 quasi
1995 2282 2080 2320 co-

481 2338 725 2402 lumbam,
761 2335 825 2389 de
859 2334 1008 2398 caelo,
1039 2345 1088 2386 et
1115 2335 1300 2387 mansit
1330 2349 1482 2405 super
1519 2349 1655 2400 eum,
1675 2344 1737 2405 et
1767 2351 1858 2405 ego
1887 2338 2081 2391 nescie-

483 2410 596 2464 bam
631 2408 774 2462 illum
800 2422 819 2471 ;
846 2406 932 2460 sed
953 2406 1040 2473 qui
1071 2405 1209 2458 misit
1235 2421 1312 2458 me
1341 2404 1617 2474 baptizare,
1641 2404 1731 2459 ille
1751 2404 1874 2459 mihi
1899 2407 2028 2462 dixit
2058 2425 2078 2462 .'

481 2482 656 2547 Super
683 2494 834 2548 quem
855 2476 1042 2530 videris
1066 2476 1754 2548 Spiritumdescendentem,
1792 2487 1840 2530 et
1865 2493 2080 2534 manen-

481 2546 582 2606 tem
620 2546 771 2621 super
798 2565 932 2610 eum,
977 2548 1082 2621 ipse
1113 2557 1186 2600 est
1209 2550 1294 2621 qui
1321 2546 1543 2616 baptism
1573 2548 1624 2600 in
1649 2546 1847 2617 Spiritu
1877 2561 2075 2608 sancto.

480 2626 584 2689 Qui
627 2619 859 2691 spiritus
894 2620 1101 2673 Domini
1141 2619 1596 2691 ‘ladimpleatur,
1623 2631 1677 2672 et
1719 2621 1950 2688 Spiritus
1992 2637 2073 2676 sa-

480 2689 700 2767 pientiae
730 2690 910 2767 [Forte
945 2692 1043 2762 leg.
1066 2690 1174 2767 qui
1203 2689 1472 2767 Spirittt._..
1507 2689 1707 2767 _Spiritu
1746 2693 2076 2767 sapientiai],

482 2761 605 2835 quia
634 2765 700 2818 de
720 2761 956 2835 Christo,
987 2763 1077 2830 qui
1105 2769 1190 2813 est
1212 2761 1470 2835 sapientia
1507 2761 1621 2829 Dei,
1643 2764 1908 2830 scriptum
1940 2761 2074 2818 est":

485 2833 672 2891 Omnia
697 2851 792 2902 per
819 2834 987 2903 ipsum
1017 2837 1153 2902 facta
1173 2843 1384 2897 sunt,.et
1415 2833 1523 2888 sine
1547 2835 1658 2901 ipso
1689 2835 1877 2901 factum
1905 2844 1974 2887 est
1999 2838 2080 2890 ni-

481 2908 590 2973 hil;
618 2918 670 2962 et
707 2907 926 2961 Psalmis
968 2904 1174 2976 [leg._in
1208 2903 1323 2974 Psnl
1354 2905 1600 2957 canitur:
1635 2904 1803 2971 Quam
1839 2907 2080 2976 magni/i-

479 2991 596 3034 rata
628 2987 746 3032 sunt
769 2991 921 3047 opera
948 2973 1034 3028 tua
1053 2978 1071 3047 ξ
1094 2973 1333 3047 Do_mine,
1357 2976 1524 3028 omnia
1545 2977 1597 3028 in
1617 2977 1868 3046 sapientia
1893 2973 2078 3046 fecisti.

483 3052 555 3107 Et
595 3053 647 3104 in
694 3045 808 3102 alio
839 3047 980 3107 loco,
1026 3046 1115 3100 ubi
1137 3045 1390 3116 iTrinitas
1429 3055 1614 3115 aperte
1659 3045 2076 3116 demonstratur,

475 3125 743 3190 scriptum
771 3126 854 3174 est
886 3134 898 3170 :
932 3115 1332 3190 VerborDomini
1355 3117 1467 3171 caeli.
1493 3118 1688 3186 ﬁrmati
1716 3128 1856 3184 sunt,
1880 3129 1927 3172 et
1960 3115 2081 3189 Spi-

485 3189 851 3263 ritu’orisejus
877 3190 1040 3263 cuiuis
1067 3189 1224 3263 uirtus
1250 3203 1448 3263 eorum.
1487 3191 1625 3263 Quia
1657 3205 1753 3263 per
1783 3191 2076 3263 Christum,

473 3266 577 3332 .qui
607 3272 690 3318 est
724 3260 955 3332 Verbum
987 3259 1219 3332 Domini,
1271 3259 1322 3313 id
1344 3269 1444 3332 est
1487 3259 1681 3326 Patris,
1723 3261 1790 3332 de
1815 3276 1924 3330 quo
1949 3259 2079 3318 scri;

1218 435 1287 495 ΙΝ
1321 437 1380 496 S.
1421 434 1750 496 GREGORII
1789 434 2051 493 LIBRUM
2091 430 2713 492 SACRAIIENTORUM
2750 431 2982 492 NOTE.

2105 1946 2160 2008 ‘B

3664 434 3770 488 ΞΜ

2183 625 2509 696 praecipitem
2546 624 2813 694 prohibet,
2847 626 3052 680 ratione
3094 626 3328 681 animum
3359 627 3546 695 replet.
3593 624 3774 684 Forti-

2181 697 2311 751 tudo
2340 709 2466 752 vero
2495 711 2615 749 cum
2648 697 2871 751 adversa
2903 711 3011 750 non
3041 696 3252 760 metuit,
3286 697 3570 767 trepidanti
3605 702 3774 755 menti

2180 769 2428 823 fiduciam
2475 767 2696 834 praebet.
2745 767 2980 840 Scientia
3029 767 3150 821 cum
3181 769 3552 840 ignorantiam
3603 770 3773 840 fugat,

2182 842 2384 894 lumine
2407 853 2508 893 suo
2538 853 2658 893 eum
2688 854 2842 908 quem
2870 839 3153 908 repleverit
3175 839 3422 896 illustrat.
3476 839 3648 896 Pietas
3664 839 3779 895 ’mi-

2181 909 2774 992 sericordiaa_operibns
2817 924 2936 963 eum
2980 925 3136 992 quem
3166 912 3776 992 repleverit-exubertre

2130 1003 2132 1005 ’
2181 981 2448 1036 concedit.
2479 981 2664 1035 Timor
2693 981 2819 1033 dum
2844 981 3034 1048 premit
3067 992 3325 1048 mentem,
3357 998 3421 1037 ne
3443 984 3509 1036 de
3535 997 3778 1051 prtesen-

2179 1053 2327 1106 tibus
2355 1053 2648 1123 superbiat,
2687 1051 2755 1105 de
2787 1052 2976 1107 futuris
3007 1053 3148 1107 illam
3183 1055 3295 1123 spei
3323 1055 3615 1109 refectione
3642 1069 3778 1110 con-

2182 1124 2366 1178 fortat.
2397 1123 2487 1178 Sic
2515 1122 2656 1178 enim
2686 1123 2916 1192 quodam
2937 1122 3266 1180 adminicqu
3288 1127 3368 1181 sui
3403 1125 3629 1180 invicem
3672 1127 3776 1180 sibi

2182 1203 2523 1267 succurrunt,
2553 1202 2610 1247 ut
2638 1192 2762 1267 dum
2792 1193 2897 1247 alia
2929 1195 3045 1249 alite
3089 1195 3425 1267 solli-agatur,
3470 1197 3591 1250 vitae
3641 1196 3778 1252 ordo

2182 1277 2235 1320 et
2260 1276 2433 1337 status
2472 1265 2850 1337 decentissime
2873 1265 3449 1334 componaturftlinor
3476 1269 3672 1337 quippe
3693 1277 3781 1324 est

2183 1336 2447 1405 sapientia
2489 1339 2532 1391 si
2582 1335 2855 1390 intellectu
2885 1346 3085 1404 careat,
3117 1349 3170 1394 et
3199 1339 3354 1394 valde
3386 1335 3584 1394 inutilis
3607 1335 3782 1394 intel-

2181 1407 2353 1481 lectus
2382 1417 2486 1481 est,
2515 1408 2563 1461 si
2600 1405 2957 1481 exsapientia
3006 1423 3111 1462 non
3159 1410 3434 1476 subsistat,
3483 1411 3604 1481 quia
3653 1425 3779 1481 cum

2183 1478 2374 1550 altiora
2418 1479 2534 1533 sine
2573 1477 2858 1546 sapientia:
2909 1481 3146 1548 pondere
3189 1493 3455 1550 penetrat,
3500 1477 3592 1536 sua
3629 1480 3781 1534 illum

2184 1549 2372 1604 levitas
2402 1550 2616 1620 gravius
2643 1551 2904 1603 ruituram
2932 1551 3090 1604 levat.
3116 1549 3232 1605 Vile
3253 1561 3336 1607 est
3359 1552 3667 1615 consilium,
3693 1553 3782 1606 cui

2183 1621 2348 1675 robur
2375 1620 2700 1696 fortitudinis
2729 1621 2898 1696 deest,
2931 1622 3052 1696 quia
3077 1625 3216 1696 quod
3245 1623 3520 1679 tractando
3550 1623 3780 1688 invenit,

2185 1705 2376 1764 carens
2397 1691 2596 1764 viribus
2625 1707 2790 1764 usque
2818 1692 2884 1745 ad
2913 1691 3295 1759 perfectionem
3322 1701 3500 1764 operis
3526 1709 3633 1747 non
3663 1709 3785 1756 per-

2185 1763 2359 1835 ducit;
2383 1773 2448 1835 iet
2477 1763 2633 1817 valde
2663 1763 2920 1817 fortitudo
2951 1765 3267 1835 destruitur,
3321 1763 3419 1820 uitii
3473 1779 3570 1835 per
3597 1764 3784 1819 consi-

2185 1832 2323 1888 lium
2360 1834 2643 1908 iniciatur,
2687 1835 2809 1908 quia
2859 1835 2998 1908 quod
3043 1833 3189 1908 [ch.
3217 1837 3345 1908 quo]
3375 1832 3490 1905 plus
3523 1852 3582 1908 se
3623 1850 3786 1904 posse

2186 1906 2467 1975 conspicit,
2485 1921 2549 1960 eo
2570 1903 2740 1960 virtus
2758 1907 2872 1960 sine
2894 1903 3122 1961 rationis
3139 1903 3516 1962 :tnoderatione
3541 1903 3784 1962 deterius

2187 1977 2241 2033 in
2267 1991 2502 2044 praeceps
2530 1977 2656 2030 ruit.
2707 1976 2857 2030 Nulla
2885 1986 2966 2030 eSt
2987 1978 3234 2045 scientia,
3264 1981 3307 2031 si
3341 1979 3621 2034 utilitatem
3665 1979 3783 2046 pie-

2190 2049 2315 2102 tatis
2348 2063 2450 2102 uou
2480 2048 2657 2119 habet,
2701 2047 2823 2118 quia
2851 2047 2974 2101 dum
3013 2049 3155 2102 bona
3187 2052 3398 2119 cognita
3436 2049 3654 2119 exsequi
3688 2063 3784 2104 ne-

2185 2120 2356 2189 gligit,
2387 2133 2448 2174 se
2469 2119 2536 2172 ad
2555 2118 2810 2191 judicium
2829 2121 3031 2191 arctius
3057 2118 3286 2191 stringit.
3316 2122 3378 2174 Et
3400 2121 3554 2175 valde
3578 2118 3785 2173 inutilis

2188 2202 2269 2246 est
2299 2193 2488 2260 pietas,
2520 2190 2568 2243 si
2611 2190 2850 2244 scientia:
2889 2189 3213 2245 discretione
3263 2203 3430 2254 caret,
3487 2193 3608 2260 quia
3654 2191 3783 2245 dum

2185 2263 2330 2317 nulla
2376 2263 2512 2316 hanc
2555 2262 2780 2315 scientia
2829 2260 3116 2329 illuminat,
3168 2263 3435 2332 quomodo
3466 2264 3786 2317 misereatur

2186 2334 2416 2404 ignorat.
2440 2334 2627 2404 Timor
2655 2346 2869 2402 quoque
2901 2334 3015 2402 ipse
3042 2333 3137 2386 has
3165 2335 3326 2388 etiam
3359 2335 3585 2390 virtutes
3605 2333 3651 2386 si
3674 2349 3784 2386 non

2188 2403 2458 2468 habuerit,
2490 2403 2555 2457 ad
2585 2405 2788 2458 nullum
2815 2418 2947 2474 opus
2978 2406 3163 2473 procul
3192 2405 3354 2459 dubio
3378 2407 3530 2459 bona:
3554 2405 3785 2458 actionis

2185 2476 2390 2546 surgit;
2429 2475 2592 2546 373
2630 2475 2720 2542 qui
2751 2475 2876 2546 dum
2911 2476 2974 2528 ad
3005 2486 3196 2531 cuncta
3241 2475 3490 2546 trepidat,
3543 2477 3657 2546 ipsa
3701 2477 3786 2529 sui

2187 2545 2474 2602 formidine
2492 2545 2654 2601 bonis
2686 2545 2934 2600 omnibus
2949 2555 3180 2615 torpens
3203 2545 3377 2601 vacat.

2259 2621 2612 2686 Summopere
2639 2619 2816 2686 itaque
2835 2618 3224 2672 observandum
3256 2628 3358 2686 eat,
3386 2628 3440 2674 et
3458 2617 3624 2688 ipsius
3647 2632 3780 2676 san-

2185 2690 2257 2744 cti
2291 2690 2522 2758 Spiritus
2563 2687 2885 2757 adiutorium
2938 2689 3367 2758 implorandum,
3418 2687 3489 2744 ne
3523 2689 3788 2758 sapientia

2187 2762 2390 2822 elevet;
2422 2776 2489 2814 ue
2518 2761 2840 2825 intellectus,
2877 2759 2998 2814 dum
3021 2761 3288 2816 subtiliter
3308 2761 3500 2827 currit,
3537 2761 3784 2826 aberret;

2184 2846 2254 2886 ne
2276 2833 2581 2893 consilium,
2612 2831 2739 2886 dum
2765 2845 2826 2886 sc
2853 2831 3194 2899 multiplicat,
3223 2831 3551 2897 confundat;
3585 2846 3650 2886 ne
3679 2831 3786 2885 for-

2187 2903 2383 2976 tﬁitudo,
2416 2904 2541 2976 dum
2561 2903 2803 2976 fiduciam
2829 2905 3051 2976 praebet,
3082 2904 3421 2976 praecipitet;
3448 2919 3516 2958 ne
3539 2904 3788 2968 scientia,

2186 2975 2315 3047 dum
2346 2975 2495 3029 novit
2524 2985 2581 3029 ut
2610 2972 2758 3047 [Leg.
2790 2974 2865 3047 et]
2900 2990 3005 3030 non
3033 2972 3209 3045 diligit
3229 2972 3461 3042 ,'inllet;
3495 2989 3560 3029 ne
3591 2977 3788 3044 pietas,

2185 3045 2315 3100 dum
2343 3061 2405 3102 se
2434 3055 2587 3101 extra
2613 3045 2990 3102 rectitudinem
3042 3047 3296 3114 inclinat,
3342 3047 3688 3116 intorqueat;
3721 3060 3792 3116 tte

2187 3118 2367 3184 timor,
2411 3117 2538 3172 dum
2575 3117 2692 3187 plus
2714 3117 2859 3189 justo
2897 3118 3162 3188 trepidat,
3197 3119 3252 3174 in
3284 3115 3677 3189 desperationis
3709 3115 3791 3171 fo-

2185 3203 2340 3243 veam
2371 3197 2598 3260 mergat.

2259 3257 2545 3334 Sciendum
2580 3275 2714 3317 sane
2741 3261 2883 3332 quod
2896 3261 2998 3334 liae
3029 3261 3296 3334 donorum
3325 3259 3644 3334 spigitalium
3676 3257 3790 3334 dis-

483 3327 751 3408 ptumqest
783 3348 796 3385 :
825 3327 896 3408 _I_u
929 3329 1313 3408 principio-erat
1344 3329 1588 3408 Verbum,
1619 3331 1767 3408 caeli,
1789 3327 2074 3408 videlicet,
2095 3337 2156 3408 ,α
2188 3331 2445 3408 tribution
2459 3347 2519 3388 es
2551 3334 2603 3408 in
2626 3327 2855 3408 corpore
2883 3332 3105 3408 Christi,
3133 3334 3274 3405 quod
3301 3327 3383 3408 est
3407 3331 3672 3408 Ecclesia,
3705 3331 3792 3408 his

485 3402 662 3464 sancti
693 3403 1092 3473 praedicatores,
1116 3402 1204 3468 qui
1232 3412 1483 3456 etutrrant
1507 3402 1742 3471 gloriam
1788 3403 1900 3465 Dei,
1951 3405 2078 3464 facti

489 3486 637 3540 sinu,
683 3472 738 3530 et
783 3472 989 3541 Spiritu
1033 3480 1245 3536 saneto,
1286 3474 1374 3542 qui
1409 3485 1489 3528 est
1515 3487 1701 3527 eorum
1731 3477 2086 3534 consubstan-

494 3551 660 3610 tialis,
695 3545 784 3615 qtti
812 3546 880 3598 ab
907 3553 1133 3613 utroque
1176 3545 1434 3611 procedit,
1472 3545 1644 3598 omnis
1689 3545 1853 3600 virtus
1875 3563 2082 3605 eorum.

493 3622 628 3688 Quia
657 3617 893 3688 omnium
920 3625 1225 3688 sanctgrutu
1258 3625 1478 3688 ornatus
1500 3617 1733 3684 Spiritus
1760 3621 1929 3674 saneti
1972 3622 2085 3675 ius-

485 3684 754 3761 pirationc
785 3687 1011 3761 subslat.
1055 3684 1121 3761 Et
1146 3687 1436 3761 Apostolus
1464 3688 1646 3761 scribit
1682 3703 1702 3761 :_
1727 3688 1959 3743 Christus
1993 3692 2087 3747 Dei

487 3757 674 3824 uirtus,
704 3772 749 3814 et
775 3758 870 3811 Dei
889 3759 1160 3831 sapientia.
1192 3757 1259 3831 Et
1285 3759 1339 3813 iu
1367 3758 1668 3813 Proverbiis
1691 3758 1884 3831 legitur
1909 3780 1919 3814 :
1947 3763 2087 3818 Deus

483 3836 543 3889 in
583 3831 834 3901 sapientia
878 3846 972 3884 sua
1003 3830 1254 3898 [laudavit
1292 3839 1498 3897 terram,
1547 3841 1592 3884 st
1621 3830 1820 3900 parauit
1857 3833 2006 3887 catos
2033 3837 2087 3888 in

481 3904 793 3974 ,prndentin.
847 3902 912 3955 Et
948 3902 1217 3970 quomodo
1254 3901 1596 3974 idemtsermo
1625 3902 1833 3974 Domini
1855 3915 2088 3960 vocatur

489 3972 586 4031 lux
619 3985 673 4030 et
696 3974 800 4028 vita
837 3983 892 4026 et
919 3975 1274 4037 resurrectio;
1323 3973 1402 4025 sic
1445 3973 1681 4040 Spiritus
1719 3972 1994 4040 sapientia:
2033 3985 2088 4032 et

489 4048 820 4108 intellectus,
853 4042 1059 4097 consilii
1087 4053 1140 4096 et
1167 4043 1509 4107 fortitudinis,
1537 4052 1592 4097 et
1615 4042 1850 4096 scientia:
1881 4052 1934 4097 et
1965 4047 2085 4113 pie-

485 4123 639 4183 satis,
668 4133 735 4171 ac
760 4116 968 4170 timoris
991 4115 1200 4169 Domini
1225 4124 1580 4182 nuncupatur.
1605 4113 1718 4167 Non
1745 4117 1887 4182 quod
1911 4117 2082 4172 diver-

495 4206 594 4245 sus
645 4189 715 4242 sit
756 4188 902 4254 juxta
942 4184 1270 4258 dilfereutias
1308 4185 1608 4258 nominum,
1645 4183 1738 4238 sed
1764 4199 1900 4258 unus
1930 4198 2086 4258 atque

491 4261 636 4317 idem
675 4257 1271 4329 cunctarutuvirtutum
1305 4255 1422 4329 fons
1443 4258 1516 4310 sit
1541 4264 1704 4329 atque
1741 4255 2084 4329 principium.

491 4333 710 4399 Absque
748 4327 963 4381 Christo
992 4326 1149 4393 igitur
1179 4327 1519 4399 necsapieus
1555 4328 1676 4399 quis
1724 4341 1842 4383 esse
1886 4326 2080 4399 potest,

491 4417 596 4460 nec
625 4397 945 4466 intelligens,
976 4411 1074 4449 uec
1101 4397 1591 4459 consiliarius,-nec
1620 4397 1797 4462 fortis,
1841 4397 1940 4456 nec
1963 4417 2090 4457 eru-

496 4473 662 4536 ditus,
694 4484 792 4524 nec
825 4468 1013 4534 plenus
1058 4469 1252 4521 timore
1293 4467 1521 4522 Domini.
1567 4470 1632 4523 Et
1671 4470 1771 4525 hoc
1811 4471 2088 4530 sciendum

493 4553 600 4610 est,
629 4544 769 4610 quod
803 4539 1055 4610 Spiritus
1078 4537 1314 4605 Domini,
1360 4542 1638 4608 sapientia
1675 4551 1731 4596 et
1760 4543 2086 4610 intellectus,

490 4609 704 4668 consilii
735 4620 790 4666 et
818 4609 1165 4672 fortitudinis,
1195 4610 1434 4664 scientiis
1454 4623 1506 4666 et
1537 4613 1771 4682 pietatis,
1795 4629 1858 4669 ac
1881 4609 2088 4671 timoris

485 4685 731 4748 Domini,
756 4683 806 4736 id
836 4690 918 4754 est
941 4683 1277 4754 septenarius
1301 4687 1687 4754 numeruquui
1716 4695 1922 4753 septem
1946 4689 2089 4744 oculi

494 4759 551 4813 in
586 4771 694 4810 uno
739 4752 913 4830 lapide
941 4753 1191 4830 dicuntur
1235 4752 1526 4830 Zachariae,
1576 4752 1883 4830 requiescat
1922 4773 2088 4830 super

494 4830 702 4912 vitam
721 4824 1117 4912 ,ξιςεὲρπεφ-τιξιξ
1131 4823 1206 4912 se
1226 4825 1400 4912 iam;
1425 4842 1486 4880 υο
1507 4842 1604 4907 ρετ
1624 4823 1725 4912 labs
1747 4827 1892 4912 μέν·
1915 4823 2085 4912 huic!

497 4893 666 4971 stirpe
691 4895 887 4971 _David
935 4897 1189 4971 surrexit.
1244 4896 1394 4971 lianc
1441 4893 1582 4971 enim
1623 4893 1900 4969 Spiritum,
1933 4893 2084 4971 quia

498 4970 659 5026 Patre
689 4967 928 5040 Filioque
956 4968 1211 5032 procedit,
1261 4969 1400 5023 idem
1442 4967 1696 5024 Dominus
1723 4967 1997 5040 apostolis.
2033 4983 2089 5028 et

485 5053 599 5111 ,ρετ
629 5039 988 5111 apostolorum
1012 5049 1071 5111 et
1097 5054 1283 5093 eorum
1315 5054 1686 5096 successorum
1730 5039 2082 5101 ministerium

497 5107 703 5167 Sancta:
732 5124 841 5183 sua;
867 5107 1324 5183 tribuitlicclesite
1361 5129 1372 5164 :
1399 5113 1550 5181 cujus
1575 5113 1738 5180 dona,
1784 5129 2083 5183 quanquam

499 5183 733 5241 eximius
790 5179 940 5252 [Leg.
980 5179 1183 5256 eximii]
1223 5179 1250 5218 ι)
1293 5179 1520 5251 Spiritus
1565 5179 1730 5256 fonte
1768 5179 2082 5256 procedant,

499 5258 749 5308 videntur
777 5255 1171 5325 quodammodo
1200 5257 1455 5322 quasdam
1491 5255 1686 5310 habere
1708 5255 2082 5325 proprietates.

501 5328 657 5380 Aliud
705 5322 848 5378 enim
889 5333 971 5378 est
1005 5338 1216 5392 sapere,
1237 5325 1384 5380 aliud
1415 5322 1734 5394 intelligere.
1765 5322 1898 5392 Quia
1931 5330 2087 5384 multi

495 5406 698 5452 alterna
731 5395 944 5465 quidem
987 5398 1219 5465 sapiunt,
1261 5399 1360 5452 sed
1399 5397 1516 5452 hinc
1546 5397 1842 5468 intelligere
1867 5401 2086 5456 minime

495 5477 744 5539 possunt.
779 5468 1050 5536 Sapientia
1088 5483 1217 5539 ergo
1246 5477 1478 5523 mentem
1517 5484 1675 5538 quam
1721 5472 1979 5525 insederit
2017 5474 2085 5526 de

499 5551 824 5595 retentorum
853 5554 951 5606 spe
986 5549 1007 5576 ο
1054 5539 1428 5594 ωιεηιὶωόὶηθ
1459 5540 1647 5606 replet.
1684 5541 1990 5597 Intellectus
2019 5559 2084 5598 eo

497 5614 639 5682 quod
669 5621 874 5668 secreta
911 5618 1172 5679 penetrat,
1201 5625 1296 5665 cor
1313 5611 1452 5680 quod
1487 5609 1738 5680 tetigerit,
1770 5615 2082 5682 reficiendo,

571 5763 594 5788 λ
630 5751 932 5818 Legendum
962 5751 1285 5816 appellatur,
1319 5758 1376 5803 ttt
1419 5750 1472 5803 iu
1505 5749 1753 5804 Editiouc
1784 5749 2076 5806 Sirmuudi.

573 5823 597 5860 ιι
628 5827 664 5874 L
701 5835 932 5891 genuum
962 5840 1022 5874 ex
1052 5840 1201 5875 unius
1227 5823 1436 5890 spiritus
1471 5828 1630 5892 fonte.

575 5907 596 5933 ε
627 5896 770 5962 Lege
793 5908 836 5948 et
867 5898 1185 5947 cet‘tttudiue.

572 5965 596 6001 ει
647 5965 702 6018 lu
747 5968 846 6020 Ed.
899 5964 1098 6031 b‘irm.,
1141 5981 1290 6034 quem
1339 5965 1562 6022 bonitate
1608 5968 1825 6035 creauit,
1876 5967 2079 6038 iustitia

2193 3405 2485 3476 t'nlciantur
2509 3404 2874 3471 adminiculis;
2905 3406 2956 3458 in
2989 3419 3052 3459 eo
3083 3401 3233 3472 vero,
3267 3405 3355 3476 qui
3385 3413 3466 3459 est
3485 3401 3607 3458 fons
3629 3404 3789 3458 turni-

2193 3474 2275 3548 nis
2293 3483 2346 3528 et
2366 3479 2516 3546 origo
2540 3476 2814 3548 bonitatis,
2830 3478 2988 3546 plene
3007 3485 3168 3548 atque
3185 3474 3437 3547 perfecte,
3453 3475 3791 3548 incompara-

2194 3545 2378 3600 biliter
2397 3545 2558 3616 atttue
2592 3545 2929 3602 ineli'abiliter
2950 3545 3197 3614 regnent;
3225 3547 3496 3617 Sapientia
3535 3561 3789 3617 namque,

2196 3631 2316 3690 quae
2344 3627 2396 3672 et
2429 3619 2480 3672 in
2532 3617 2760 3690 Virginis
2791 3626 2944 3675 utero
2985 3621 3084 3674 sibi
3115 3616 3331 3690 corpus,
3379 3627 3435 3673 et
3488 3623 3550 3690 in
3587 3616 3790 3672 mundo

2193 3687 2489 3743 Ecclesiam
2504 3689 2826 3762 aedificavit,
2859 3691 3017 3762 habet
3037 3687 3300 3762 Spiritum
3319 3687 3605 3760 sapientia:
3623 3729 3638 3755 ,
3685 3702 3791 3756 quo

2196 3763 2375 3814 omnia
2403 3761 2708 3830 sapienter;
2743 3761 3133 3832 intelligentiae,
3153 3771 3458 3832 quocuucta
3477 3775 3672 3815 arcana
3703 3775 3790 3814 sc-

2177 3840 2468 3886 -cretorum
2486 3832 2733 3898 rimatur;
2753 3831 2984 3899 consilii,
3003 3850 3108 3904 quo
3128 3831 3313 3890 cuncta
3334 3847 3453 3887 cum
3474 3846 3658 3902 magna
3679 3831 3792 3885 dis~

2265 3904 2512 3976 nsati_otte
2543 3905 2699 3974 gerit,
2751 3905 2874 3974 quia
2926 3915 3007 3959 est
3052 3908 3230 3976 magni
3276 3904 3485 3959 consilii
3527 3904 3788 3976 angelus;

2211 3972 2712 4048 :ortiludiniquuia
2731 3972 2939 4048 attingit
2963 3972 3194 4030 omnia‘a
3221 3976 3326 4031 [lue
3347 3991 3516 4044 usque
3539 3972 3789 4048 ad'linem

2194 4042 2518 4118 fortiter,.et
2542 4062 2573 4096 a
2594 4042 2752 4099 nullo
2782 4042 2918 4101 vinci
2952 4060 3157 4118 pntcst;
3192 4042 3464 4111 scientia},
3497 4048 3623 4114 quia
3653 4047 3789 4101 nihil

2194 4114 2434 4188 ignorat,
2474 4118 2714 4188 exceptis
2747 4119 2828 4172 his
2855 4114 3046 4188 quibus
3076 4120 3319 4174 dicturus
3344 4129 3426 4173 est
3452 4119 3632 4188 nescio
3655 4131 3784 4183 vos;

2195 4187 2431 4260 pietatis,
2459 4190 2584 4260 quia
2615 4187 2908 4255 hominem,
2937 4188 2962 4225 ἀ
2989 4207 3146 4260 quem
3190 4191 3481 4245 bonitatem
3510 4187 3656 4260 [Leg.
3693 4201 3789 4260 per

2193 4257 2520 4332 bonitatem]
2543 4261 2762 4332 creavit,
2794 4261 2844 4315 in
2865 4257 3070 4332 justitia
3096 4262 3386 4327 damnavit,
3407 4257 3788 4332 pict‘atcfrcde-

2194 4329 2326 4395 mit;
2378 4329 2606 4396 timoris,
2652 4329 2880 4402 propter
2899 4348 2992 4388 eos
3039 4336 3129 4402 qui
3168 4334 3361 4388 timore
3411 4329 3787 4402 Dominirindi-

2192 4410 2342 4476 gent,
2368 4403 2726 4476 quiaparvuli
2754 4401 2899 4471 Sunt,
2929 4401 3120 4476 quibus
3143 4421 3238 4476 per
3265 4404 3592 4476 prophetam
3612 4401 3743 4455 dicit
3770 4419 3785 4457 :

2208 4469 2412 4539 Venite,
2449 4469 2575 4540 ﬁlii,
2601 4477 2776 4528 audite
2801 4469 2907 4541 me,
2945 4469 3410 4534 timorem-Domini
3450 4471 3635 4527 docebo
3674 4488 3784 4527 cos.

2195 4543 2329 4608 Quia
2355 4560 2480 4612 ergo
2514 4547 2622 4614 ille,
2651 4548 2718 4600 ad
2760 4549 2970 4603 infirma
2999 4560 3182 4602 nostra
3212 4546 3565 4610 descendens,
3601 4545 3783 4598 exina-

2198 4614 2327 4668 nivit
2359 4619 2737 4687 semetipsum;
2771 4619 2994 4673 formam
3039 4622 3178 4672 servi
3211 4619 3502 4687 accipiens,
3533 4615 3785 4687 humilia-

2197 4687 2271 4739 vit
2291 4686 2638 4756 semetipsum
2661 4703 2830 4756 usque
2854 4691 2918 4743 ad
2943 4699 3191 4754 mortem,
3223 4699 3274 4743 et
3298 4686 3570 4744 inclinavit
3591 4693 3778 4740 semet-

2199 4758 2394 4826 ipsum,
2425 4767 2482 4811 ut
2511 4774 2608 4813 nos
2646 4759 2886 4828 iacentes
2913 4765 2976 4814 ad
3019 4775 3079 4814 se
3107 4761 3359 4828 erigeret,
3391 4774 3496 4815 non
3532 4760 3787 4812 inconve-

2199 4829 2409 4901 nientcr
2449 4829 2680 4900 Spiritus
2732 4829 2977 4898 Domini,
3010 4833 3095 4900 qui
3129 4845 3288 4901 super
3319 4846 3441 4885 eum
3473 4829 3787 4901 requiescit,

2195 4915 2226 4953 a
2271 4900 2536 4970 sapientia
2569 4901 2774 4970 incipit,
2807 4911 2862 4956 et
2915 4917 3010 4971 per
3039 4900 3448 4956 decentissimos
3494 4901 3694 4969 gradus
3721 4900 3787 4955 ad

2199 4972 2441 5026 timorem
2472 4989 2642 5043 usque
2671 4973 2966 5028 descendit.
3013 4972 3121 5028 Nos
3151 4986 3280 5027 vero
3319 4987 3348 5024 a
3391 4973 3582 5024 timore
3627 4985 3788 5038 quem

2196 5045 2343 5098 foras
2370 5045 2603 5098 charitas
2634 5044 2814 5108 mittit,
2841 5047 3117 5100 venientes
3164 5043 3230 5098 ad
3279 5045 3524 5096 timorem
3579 5048 3786 5096 castum

2197 5115 2286 5182 qui
2347 5125 2623 5182 permanet
2675 5117 2728 5168 in
2767 5119 3021 5170 saaculum
3079 5114 3291 5182 saeculi,
3356 5121 3378 5146 ο
3412 5113 3785 5182 pervenimus],

2195 5189 2262 5258 ad
2320 5187 2568 5251 pietatem
2625 5185 2860 5258 [Legga
2919 5184 3172 5258 pietate],
3222 5194 3280 5258 ut
3337 5183 3550 5253 pietatis
3606 5184 3787 5253 operi-

2193 5256 2292 5309 bus
2371 5256 2644 5310 exornati'
2681 5256 2957 5311 veniamus
3028 5256 3434 5312 ad'scientiam
3498 5271 3604 5309 tton
3666 5268 3785 5324 qua:

2191 5327 2362 5390 inflat,
2393 5327 2484 5380 sed
2515 5342 2674 5397 quam
2702 5330 2937 5383 charitas
2967 5327 3191 5383 aediﬁcat
3216 5372 3229 5394 ,
3280 5346 3304 5379 a
3334 5332 3555 5384 scientia
3585 5325 3649 5379 ad
3681 5331 3784 5378 tor-

2193 5398 2496 5464 titudiuem,
2527 5410 2585 5454 ut
2604 5401 2842 5455 scientize
2868 5403 3066 5457 decore
3090 5401 3332 5455 exornati
3366 5400 3574 5453 fortiter
3591 5404 3781 5451 contra

2189 5471 2318 5525 vilia
2349 5470 2698 5537 dimicemus;
2731 5485 2761 5525 a
2793 5474 3102 5528 fortitudine
3147 5475 3212 5528 ad
3260 5472 3542 5527 consilium
3564 5511 3578 5536 ,
3608 5479 3667 5522 ut
3722 5481 3783 5522 ea

2188 5556 2311 5612 quae
2344 5544 2554 5598 fortiter
2583 5545 2792 5615 agimus
2823 5546 3030 5600 consilii
3070 5545 3332 5615 gravitate
3363 5547 3694 5605 muniamus;
3730 5546 3784 5592 u'

2189 5616 2398 5671 actibus
2429 5616 2627 5671 nostris
2674 5616 2899 5672 consilio
2925 5619 3309 5688 obtemperetis
3340 5615 3488 5689 |Leg.
3519 5622 3781 5680 attempeo

2193 5753 2476 5811 damnavit.

2353 5773 2434 5808 (litt
2461 5795 2476 5811 ο

2267 5765 2506 5883 rimisello
2538 5828 2651 5883 haec
2679 5830 2808 5884 mihi
2839 5827 3173 5899 prtefereutla
3203 5827 3448 5894 videtur;
3474 5840 3646 5897 neque
3673 5826 3775 5896 pla-

2189 5910 2278 5957 cet
2301 5911 2482 5957 notata
2513 5901 2568 5957 in
2591 5905 2832 5973 margine
2861 5902 3279 5956 animadversio.
