4136 6352
468 364 569 418 383

540 481 665 540 359.
713 482 894 538 Sancti
934 480 1143 537 Vitalis.
1182 480 1242 536 In
1284 482 1440 538 Missa
1470 482 1819 537 Ambrosiana
1841 480 2056 536 additur
2084 487 2137 546 Α

464 563 698 609 “sancta
733 554 966 621 Valeria,
1015 562 1070 608 et
1112 551 1275 608 Missa
1323 564 1409 610 est
1453 554 1520 609 de
1568 552 2053 624 pluribus’LMarty-

463 626 629 679 ribus.

533 697 657 751 3'60.
688 695 755 752 Β.
790 697 857 752 R.
897 696 949 751 Id
993 704 1101 761 est,
1135 694 1568 751 Benedictionem
1594 695 1827 764 require,
1862 709 2056 766 nempe

467 766 522 820 in
548 767 681 822 festo
707 777 1011 823 sanctorum
1044 768 1403 835 apostolorum
1439 768 1577 821 Petri
1602 775 1657 821 et
1688 768 1853 820 Pauli.

531 836 656 892 561.
710 837 893 894 Sancti
936 840 1233 904 Alexandri,
1267 848 1371 893 etc.
1426 837 1481 890 In
1523 837 1720 892 Codice
1762 836 2055 893 Rhemensi

463 911 653 963 eodem
701 911 785 964 die
826 911 980 965 Missa
1022 912 1090 964 de
1133 921 1319 964 sancto
1360 909 1618 963 Iuvenale
1644 908 1889 969 habetur.
1935 924 2056 978 quae

466 979 653 1033 horum
684 992 989 1034 sanctorum
1037 983 1246 1036 Missam
1278 980 1555 1050 praecedit.
1588 980 1773 1034 Exstat
1804 981 1966 1034 etiam
1999 981 2053 1036 in

460 1054 755 1118 appendtce
782 1053 993 1107 Codicis
1026 1052 1277 1106 Rudradi.

533 1122 657 1177 562.
695 1121 721 1160 δ
755 1122 989 1177 Iuventio
1044 1134 1234 1177 sancta:
1279 1124 1473 1179 crucis.
1527 1122 1639 1176 Hoc
1687 1122 1822 1178 festo
1881 1122 2053 1179 Graeci

460 1203 681 1257 carent;
715 1196 851 1248 nulla
884 1195 1031 1249 enim
1068 1194 1206 1249 illius
1246 1197 1447 1249 mentio
1481 1194 1537 1247 lit
1570 1194 1621 1247 in
1648 1208 1833 1246 eorum
1868 1194 2055 1248 Meno-

460 1261 638 1331 lngiis,
672 1280 768 1319 nec
797 1266 848 1318 iu
872 1264 1148 1320 sanatione
1192 1266 1556 1320 Emmanuelis
1591 1264 1849 1318 Comneni
1882 1264 2051 1333 impes

460 1337 655 1388 ratoris
685 1336 753 1390 de
780 1336 951 1402 festis,
987 1338 1122 1403 apud
1164 1336 1506 1390 Theodorum
1559 1335 1955 1401 Balsamonem,
1997 1335 2051 1389 in

461 1403 893 1461 Numocanonem
925 1405 1118 1474 Photii,
1150 1407 1231 1462 tit.
1266 1408 1319 1471 7,
1353 1423 1470 1476 cap.
1506 1406 1557 1460 1.

531 1477 656 1530 565.
714 1476 977 1532 Passionis
1020 1489 1123 1531 tute
1179 1479 1432 1532 miracula
1479 1476 1755 1532 suscitasti.
1811 1476 1945 1543 Quia
1998 1478 2049 1532 in

463 1549 637 1600 crucis
672 1549 1001 1609 inventione.
1027 1560 1083 1602 ut
1108 1565 1237 1603 crux
1266 1550 1476 1602 Domini
1509 1550 1577 1603 ab
1600 1549 1720 1602 aliis
1753 1548 2047 1603 internosci

462 1625 664 1683 posset,
699 1631 941 1673 mortuus
969 1623 1127 1676 homo
1165 1619 1450 1674 dominica:
1492 1621 1637 1673 cruci
1686 1620 1934 1672 admotus
1965 1634 2051 1674 ro-

462 1688 618 1755 vixit,
649 1692 1099 1758 quemadmodum
1143 1691 1193 1745 in
1227 1690 1425 1745 Christi
1459 1692 1705 1758 passione
1737 1691 1897 1744 multa
1927 1706 2049 1744 cor-

461 1769 589 1825 poia
636 1770 946 1815 sanctorum
992 1763 1170 1816 multis
1207 1763 1258 1816 iu
1297 1773 1480 1816 sancta
1511 1762 1728 1815 civitate
1756 1762 1871 1815 visa
1899 1772 2043 1826 sunt,

459 1838 516 1882 ut
544 1840 769 1885 testatur
796 1842 1013 1886 sanctus
1048 1832 1300 1887 Paulinus
1331 1834 1488 1899 epist.
1520 1833 1581 1887 11
1618 1850 1628 1882 :
1658 1830 1926 1886 Postremo
1952 1833 2048 1884 do-

462 1900 699 1969 ‘ninicam
750 1919 949 1956 crucem
989 1904 1161 1969 prodit
1203 1906 1544 1967 resurrectio;
1586 1911 1632 1956 et
1679 1905 1750 1956 ad
1799 1903 2049 1956 salutaris

461 1968 586 2039 ligni
616 1984 828 2040 tactum,
860 1968 1024 2028 morte
1050 1976 1254 2045 refuga,
1290 1979 1443 2043 funus
1479 1987 1749 2028 excussum
1788 1983 1837 2026 et
1866 1990 2049 2044 corpus

459 2052 679 2095 erectum
716 2053 809 2100 est.
864 2045 1002 2098 Idem
1043 2046 1231 2099 scribit
1280 2047 1512 2100 Severus
1558 2045 1848 2108 Sulpicius,
1892 2045 1984 2098 lib.
2011 2061 2048 2099 ιι

459 2109 596 2187 ψει.
638 2131 651 2167 :
696 2114 903 2187 Duabus
945 2117 1092 2187 prius
1135 2117 1327 2184 frustra
1377 2117 1606 2173 crucibus
1655 2117 1908 2179 admotis,
1962 2116 2051 2169 ubi

460 2182 651 2256 Christi
681 2186 915 2256 patibulo
940 2182 1193 2241 attactum
1216 2198 1309 2252 est,
1342 2188 1484 2242 dictu
1505 2188 1759 2253 mirabile,
1785 2187 2050 2256 trepidan-

460 2254 595 2307 tibus
644 2254 865 2320 cunctis,
913 2259 1070 2326 [unus
1111 2275 1416 2322 excussura,
1466 2271 1512 2313 et
1566 2259 1699 2312 inter
1739 2254 2051 2324 spectatores

460 2327 651 2396 astitit;
681 2338 734 2381 et
762 2329 1114 2396 Sozomenus,
1152 2330 1246 2384 lib.
1280 2347 1315 2384 ιι
1344 2330 1478 2385 Hist.
1514 2330 1676 2387 eccl..
1706 2344 1826 2396 cap.
1860 2330 1909 2381 1.

532 2394 658 2471 564.
696 2400 795 2464 Qui
825 2417 915 2470 per
954 2394 1243 2471 passionem
1286 2403 1471 2467 crucis,
1511 2410 1616 2454 etc.
1657 2400 1714 2453 lu
1763 2394 2050 2454 tlodicibus

460 2465 695 2523 Rndradi
736 2481 789 2523 et
825 2465 1130 2527 'Hhe'mensi
1164 2482 1245 2527 est
1282 2474 1380 2526 alia
1422 2465 1670 2525 P'raalntio
1719 2471 1872 2537 longe
1922 2484 2045 2537 pro—

461 2538 621 2613 :ix‘ior‘
647 2558 660 2592 :
700 2539 975 2613 l’rtecipue
995 2544 1045 2595 in
1068 2545 1163 2594 ista
1188 2544 1292 2607 die,
1323 2544 1376 2596 in
1406 2560 1504 2609 qua
1534 2541 1660 2595 Filii
1685 2542 1758 2594 tui
1786 2538 2053 2613 Unigenits'

462 2610 712 2686 njudwis
740 2610 946 2686 abditus
965 2614 1220 2686 gloriosus
1248 2616 1481 2686 inuentus
1506 2622 1583 2668 est
1607 2611 1913 2686 triumphus,
1938 2621 2048 2686 etc.

463 2679 565 2735 Ubi
597 2687 653 2737 τὸ
687 2679 985 2753 triumphus
1002 2698 1217 2739 crucem
1256 2684 1453 2741 Christi
1485 2679 1774 2754 signiﬁcat.
1804 2683 1880 2737 Ita
1908 2683 2055 2754 capit

461 2762 681 2808 sanctus
706 2755 1023 2810 Ambrosius
1048 2757 1102 2811 in
1133 2757 1280 2811 obitu
1303 2753 1595 2811 Theodosii
1624 2772 1637 2809 :
1666 2754 1792 2808 Tria
1816 2753 2053 2824 patibula

462 2825 680 2893 confusa
708 2828 894 2894 reperit
919 2844 1032 2895 qua:
1056 2828 1207 2881 ruina
1231 2838 1546 2891 contexerat,
1578 2828 1811 2880 inimicus
1839 2824 2053 2879 abscon-

466 2895 650 2969 derat,-
676 2898 767 2951 sed
795 2914 896 2969 non
926 2900 1093 2969 potuit
1122 2898 1406 2954 oblitterari
1429 2898 1620 2953 Christi
1660 2897 1976 2963 triumphus.

535 2966 698 3039 392
729 2968 854 3023 565.
889 2966 1019 3037 Qute
1065 2972 1131 3024 sit
1177 2971 1405 3040 ejusdem
1449 2972 1616 3024 crucis
1656 2969 1893 3028 latitudo.
1939 2976 2047 3021 etc.

464 3034 806 3111 Ex__iil—Cap.
848 3034 1241 3111 ad‘Ephesios';
1284 3056 1443 3110 quem
1492 3044 1663 3096 locum
1688 3042 1765 3111 ita
1796 3040 1872 3111 de_
1891 3051 2054 3092 cruce

461 3109 955 3182 explicatsanctus
990 3108 1354 3182 Augustinus,
1406 3121 1562 3167 tract.
1608 3109 1732 3173 118,
1767 3111 1818 3163 in
1848 3108 2003 3182 Joan.
2033 3124 2048 3161 :

462 3176 595 3254 Lata
634 3180 824 3254 quippe
860 3189 933 3234 est
977 3184 1030 3236 in
1065 3176 1350 3236 transverso
1386 3183 1527 3254 ligno
1562 3199 1665 3253 quo
1708 3181 2052 3254 extenduntur

1217 361 1282 419 IN
1320 362 1380 419 S.
1420 357 1746 419 GREGORII
1786 357 2047 419 LIBRUM
2087 353 2700 419 SACRAMENTORUM
2737 355 2967 418 NOTE.

3640 352 3747 418 38L

2161 476 2438 550 Gordiani,
2470 477 2784 550 nullafacta
2821 485 3093 550 mentione
3135 476 3306 534 sancti
3352 476 3649 550 Epimacbi,
3689 492 3747 540 et

2162 548 2323 603 Missa
2356 558 2440 604 est
2466 548 2535 604 de
2564 549 2681 603 solo
2707 559 2893 604 sancto
2921 547 3213 605 Gordiano.

2232 619 2358 673 569.
2402 620 2582 675 Sancti
2627 620 2913 674 Pancratii.
2958 620 3013 675 In
3045 619 3326 675 Codicibus
3359 620 3657 677 Rhemeusi
3686 633 3746 680 et

2158 690 2396 757 Ratoldi,
2438 698 2495 746 et
2522 691 2659 759 apud
2706 691 3021 759 Pamelium,
3070 691 3336 747 adduntur
3374 692 3650 749 Achilleus
3692 704 3750 752 et

2158 761 2387 827 Nereus,
2418 761 2610 832 quibus
2656 763 2707 816 in
2751 761 2950 817 Missali
2985 764 3139 818 Hom.
3172 762 3416 830 adjicitur
3445 762 3744 821 Domitilla.

2157 833 2264 889 Sed
2298 835 2347 887 in
2376 832 2575 888 Codice
2616 833 2826 888 Ratoldi
2894 833 3015 888 duae
3061 843 3187 889 sunt
3237 834 3435 900 Missae,
3487 838 3636 904 prior
3675 837 3748 893 de

2160 914 2349 959 sancto
2376 904 2681 971 Pancratio,
2705 905 2870 961 altera
2894 905 2963 960 de
2984 907 3182 960 sanctis
3203 905 3445 960 Achilleo
3467 915 3520 960 et
3546 906 3743 965 Nereo.

2160 975 2229 1029 Et
2258 975 2397 1044 apud
2434 975 2727 1030 Pamelium
2764 976 2909 1041 prior
2938 976 3096 1031 Missa
3126 984 3210 1031 est
3234 976 3302 1030 de
3329 974 3529 1033 sanc'tis
3555 979 3749 1035 Achil-

2158 1047 2244 1101 Ieo
2271 1058 2324 1099 et
2350 1046 2543 1111 Nereo,
2575 1047 2809 1101 secunda
2834 1047 2900 1101 de
2930 1056 3117 1103 saneto
3148 1047 3449 1103 Pancratio.

2229 1117 2354 1171 570.
2390 1117 2456 1170 Β.
2488 1115 2553 1170 Β.
2599 1117 2653 1171 Id
2695 1129 2799 1181 est,
2836 1119 3063 1189 require
3106 1117 3562 1189 Benedictiunem,
3607 1120 3750 1181 infra

2156 1188 2407 1243 videlicet
2435 1189 2489 1242 in
2518 1191 2792 1260 communi
2820 1188 2889 1243 de
2920 1203 3026 1243 uno
3059 1199 3315 1260 martyre.

2231 1260 2357 1314 371.
2393 1258 2740 1313 Salutatione.
2774 1258 2916 1327 Lege
2944 1258 3224 1314 salvatione
3253 1258 3304 1315 ἀ.

2227 1328 2354 1382 579.
2389 1329 2599 1384 Natalis
2624 1342 2816 1384 sancta:
2839 1330 3025 1385 Maria:
3043 1331 3111 1384 ad
3143 1332 3415 1401 Martyres.
3452 1334 3575 1389 "th
3599 1333 3751 1390 festi-

2156 1399 2293 1454 vitas
2346 1416 2450 1455 non
2483 1410 2660 1456 exstat
2709 1403 2760 1455 in
2810 1402 3054 1457 Excusis.
3092 1412 3114 1438 ο
3145 1399 3382 1456 Habetur
3412 1403 3464 1459 in
3495 1405 3751 1461 omnibus

2156 1472 2276 1524 aliis
2304 1471 2503 1526 nostris
2538 1488 2670 1526 mss.
2698 1471 3002 1527 Codicibus.
3036 1475 3087 1528 In
3117 1472 3312 1528 Codice
3344 1475 3635 1530 Rhemensi
3657 1488 3745 1531 est

2156 1542 2255 1596 sub
2289 1543 2386 1595 hoc
2417 1543 2900 1598 titulozbedicatio
2949 1543 3196 1598 Ecclesia:
3240 1546 3402 1600 beata:
3446 1544 3634 1601 Marite
3678 1548 3750 1601 ad

2157 1612 2435 1683 Martyres.
2488 1613 2599 1666 Hoc
2650 1613 2845 1668 festum
2887 1615 3014 1668 olim
3061 1615 3287 1669 instituit
3338 1617 3640 1671 Bonifacius
3677 1616 3748 1675 IV

2154 1698 2311 1753 papa,
2355 1699 2616 1739 converso
2660 1684 2903 1740 Romano
2945 1686 3187 1740 Pantheo
3212 1684 3265 1739 in
3299 1688 3584 1743 ecclesiam
3609 1703 3752 1743 san-

2154 1756 2477 1831 etaeMariae
2522 1764 2577 1809 et
2622 1759 2864 1831 omnium
2917 1757 3229 1831 Martyrum.
3279 1758 3391 1831 Qua
3436 1761 3502 1812 de
3548 1774 3606 1814 re
3634 1761 3751 1831 agit

2159 1824 2353 1898 Paulus
2395 1827 2678 1893 Diaconos,
2722 1827 2817 1898 lib.
2862 1842 2914 1881 tv
2957 1824 3093 1883 Hist.
3140 1824 3406 1898 Longob.,
3440 1844 3562 1898 cap.
3592 1824 3751 1886 57'et

2159 1896 2254 1950 lib.
2307 1912 2360 1965 v,
2406 1912 2527 1965 cap.
2580 1898 2668 1952 11.
2719 1897 2831 1952 Hoc
2880 1899 3154 1954 Pantheon
3204 1896 3525 1955 aediﬁcatum
3579 1908 3669 1955 est
3715 1916 3750 1957 a

2158 1968 2336 2022 Marco
2373 1967 2627 2037 Vipsanio
2661 1971 2889 2038 Agrippa
2918 1987 2932 2024 :
2960 1970 3102 2036 quod
3146 1970 3220 2024 ita
3266 1972 3594 2040 appellatum
3637 1982 3746 2040 est,

2159 2040 2239 2109 vel
2290 2040 2430 2109 quod
2482 2040 2534 2093 in
2588 2041 2889 2095 simulacris
2942 2040 3123 2095 Martis
3170 2050 3223 2096 et
3280 2043 3498 2096 Veneris
3543 2044 3747 2098 multas

2157 2108 2383 2181 deorum
2433 2110 2691 2179 imagines
2740 2113 3027 2181 acciperet,
3078 2112 3161 2167 vel
3204 2112 3345 2181 quod
3393 2114 3565 2167 forma
3605 2128 3750 2168 con-

2159 2195 2292 2235 vexa
2340 2179 2667 2250 fastigiatum
2699 2183 2821 2239 cteli
2854 2179 3258 2237 similitudinem
3291 2183 3623 2250 ostenderet,
3659 2184 3750 2239 in-

2156 2254 2273 2320 quit
2306 2251 2402 2305 Dio
2431 2252 2670 2321 Cassius,
2720 2253 2811 2308 lib.
2854 2269 2944 2308 un
2978 2255 3112 2308 Hist.
3142 2254 3198 2308 In
3251 2269 3315 2310 eo
3343 2255 3544 2320 templo
3582 2255 3751 2310 fuisse

2158 2322 2382 2376 Veneris
2430 2324 2779 2378 simulacrum
2827 2334 3040 2380 constat
3091 2326 3250 2380 etiam
3308 2340 3374 2382 ex
3431 2326 3745 2392 Macrobio,

2156 2392 2252 2446 lib.
2278 2407 2335 2446 ιιι
2363 2392 2658 2468 δίκαι-11³1..
2693 2410 2812 2464 cap.
2860 2397 2925 2450 17
2953 2414 2967 2451 :
3000 2395 3358 2468 Dissectusque
3401 2408 3495 2464 est,
3512 2408 3569 2468 et
3595 2398 3752 2468 facta

2157 2478 2223 2517 ea:
2244 2482 2347 2518 una
2376 2466 2656 2535 margarita
2677 2467 2813 2532 dare,
2836 2468 3189 2537 imposilwque
3206 2466 3480 2522 simttlacro
3510 2466 3748 2535 Veneris,

2156 2546 2211 2611 u_t
2260 2546 2597 2611 monstruosa:
2641 2540 3013 2609 magnitudinis
3060 2541 3113 2594 in
3168 2537 3360 2609 templo
3411 2539 3546 2611 quod
3599 2537 3752 2593 Pan-

2157 2604 2311 2660 theon
2331 2608 2540 2662 dicitur.

2229 2677 2457 2751 Olimin
2493 2694 2627 2749 pago
2657 2679 2896 2736 Bethelia
2937 2682 3103 2750 dicto,
3136 2695 3301 2751 prope
3334 2679 3533 2736 Gazam
3578 2680 3755 2735 Palas-

2156 2747 2623 2823 stinaagcivitate'm
2674 2752 2836 2823 393
2889 2751 2989 2807 fuit
3029 2747 3192 2807 etiam
3238 2747 3494 2821 templum
3539 2752 3594 2807 in
3626 2767 3757 2808 arce

2156 2820 2466 2875 manufacta
2514 2820 2856 2887 collocatum,
2907 2825 3049 2892 quod
3098 2823 3375 2879 Pantheon
3420 2824 3752 2894 appellatum

2156 2898 2260 2963 est,
2294 2900 2356 2946 ut
2378 2894 2545 2948 refert
2566 2894 2898 2949 Sozomenus
2924 2896 3018 2951 lib.
3046 2910 3078 2947 v
3100 2894 3242 2950 Hist.
3268 2895 3430 2960 ecel.,
3452 2892 3575 2963 cap.
3608 2892 3629 2932 ί
3662 2894 3754 2948 Η.

2156 2960 2282 3042 Ιξίιὶι
2311 2964 2439 3018 olim
2454 2964 2696 3042 _Atbenis
2723 2966 2855 3028 θεοῖς
2878 2974 2993 3028 τοῖς
3014 2972 3173 3042 πᾶσιν
3193 2968 3327 3042 ἱερὸν
3346 2960 3550 3042 notabit,
3565 2966 3615 3042 id
3645 2976 3752 3042 est,

2159 3032 2285 3108 diis
2320 3035 2569 3108 omnibus
2617 3051 2903 3093 commune
2947 3032 3250 3107 templum,'
3284 3039 3426 3108 quod
3474 3036 3758 3108 aediﬁcavit

2157 3103 2427 3177 Adrianus
2455 3107 2769 3177 imperator,
2802 3116 2859 3163 ut
2907 3103 3092 3163 scribit
3128 3103 3419 3165 Pausanias
3449 3110 3501 3163 in
3535 3107 3752 3165 Atticis.

2233 3174 2355 3232 373.
2402 3174 2586 3232 Sancti
2635 3178 2853 3233 Urbani.
2902 3179 3017 3235 Hoc
3054 3180 3245 3235 festum
3275 3187 3300 3227 ε
3334 3196 3441 3235 non
3484 3188 3659 3235 exstat
3699 3180 3756 3234 iu

463 3242 734 3322 pendentis
758 3242 959 3322 manus,
997 3264 1043 3307 et
1080 3253 1337 3322 signiﬁcat
1369 3242 1527 3316 ον’ἓνα
1541 3242 1673 3306 bima
1702 3253 1754 3305 in
1779 3251 2051 3305 latitudine
2081 3255 2128 3319 C
2158 3242 2360 3322 Codice
2390 3248 2703 3306 Rhemensi.

463 3318 745 3396 cltaritatis.
764 3321 941 3396 Longa
958 3335 1029 3377 est
1046 3341 1077 3376 a
1099 3318 1384 3378 transverso
1405 3324 1546 3396 ligno
1569 3339 1725 3395 usque
1745 3324 1811 3375 ad
1840 3331 2049 3388 terram,

462 3389 550 3467 ubi
577 3390 781 3467 dorsum
806 3389 1059 3467 pedesque
1084 3397 1333 3466 ﬁguntur,
1370 3406 1414 3449 et
1446 3389 1704 3467 signiﬁcat
1730 3409 2049 3467 perseueran.

462 3460 589 3535 tiam
628 3462 683 3515 in
720 3460 1040 3533 longitudine
1069 3460 1308 3535 temporis
1345 3460 1596 3535 usquead
1618 3460 1793 3534 ﬁnem.
1832 3466 1949 3518 Alta
1979 3472 2054 3518 est

463 3531 520 3584 in
565 3531 827 3608 cacumine
855 3539 993 3605 quod
1023 3531 1368 3591 transuersum
1399 3531 1595 3608 lignum
1619 3531 1836 3591 sursum
1877 3552 2053 3590 versus

466 3606 685 3668 excedit,
718 3614 765 3658 et
792 3607 1049 3678 signiﬁcat
1073 3624 1349 3678 supernum
1371 3606 1544 3677 finem,
1562 3625 1663 3678 quo
1688 3618 1872 3662 cuncta
1900 3623 2054 3677 Opera

466 3625 685 3668 exc-ean,
718 3625 765 3658 et
792 3625 833 3660 ει
873 3625 1049 3676 mpcat
1073 3625 1349 3678 supernum
1371 3625 1544 3677 pacm,
1562 3625 1663 3678 quo
1688 3625 1872 3662 cuncta
1900 3625 2054 3677 opera

463 3680 773 3748 referuntur.
811 3625 1070 3745 Qqaoniam
1101 3691 1287 3731 cuncta
1313 3695 1427 3746 qua:
1457 3681 1731 3733 latitudine
1756 3688 1802 3733 et
1827 3680 2054 3748 longitu-

465 3744 587 3822 (ρπβ
625 3749 747 3801 bene
788 3764 849 3801 ac
887 3759 1266 3820 perseveranter
1295 3744 1447 3819 ﬁunt,
1481 3762 1689 3822 propter
1729 3744 2056 3822 altitudinem

464 3814 755 3871 divinorum
780 3814 1016 3891 facienda
1054 3830 1169 3876 sunt
1204 3814 1553 3888 prtemiorum.
1580 3814 1867 3890 "Profunda
1909 3830 1981 3875 est
2004 3821 2059 3873 in

463 3902 525 3939 ea
551 3900 693 3964 parte
711 3907 812 3960 qua
836 3895 888 3945 in
912 3903 1102 3947 terram
1126 3893 1339 3964 ﬁgitur;
1370 3893 1439 3946 ibi
1459 3895 1643 3963 quippe
1672 3901 1718 3946 et
1743 3892 1939 3945 occulta
1960 3900 2053 3964 est,

466 3973 560 4033 nec
597 3961 758 4014 videri
807 3973 1004 4032 potest;
1047 3967 1138 4018 sed
1165 3961 1358 4018 'cuncta
1389 3961 1690 4033 apparentia
1714 3972 1760 4015 et
1786 3963 2060 4015 eminentia

467 4028 590 4085 inde
642 4028 993 4105 consurgunt,
1030 4038 1161 4089 sicut
1207 4036 1338 4089 bona
1376 4028 1552 4088 nostra
1601 4038 1663 4087 de
1707 4033 2062 4103 profunditate

469 4106 649 4177 gratia.-
678 4103 792 4169 Dei,
817 4103 932 4173 gnte
975 4106 1344 4175 comprehendi
1371 4114 1419 4161 et
1444 4107 1726 4177 dijudicari
1751 4121 1853 4157 non
1878 4111 2061 4170 potest,

468 4175 700 4225 universa
733 4178 1034 4230 procedunt.

548 4192 700 4225 mersa
769 4192 1034 4230 ιὀεεαιιιιι.

548 4244 668 4320 seu.
711 4192 978 4320 ὅρπακα-
1021 4256 1095 4320 est
1148 4248 1417 4303 redimere.
1470 4248 1528 4303 In
1577 4244 2064 4320 Codicibushﬂhe-

471 4315 642 4394 mensi
677 4322 732 4368 et
769 4315 1002 4394 Bodradi
1043 4319 1158 4372 haec
1203 4329 1535 4388 sequuntur:
1570 4319 1649 4375 Tu
1673 4321 1837 4391 quies
1863 4316 2064 4390 lignum

468 4388 607 4457 ιιὶιιεξ1
617 4388 869 4457 paradisi
897 4399 1187 4457 reparator.

541 4454 686 4528 367.
703 4456 912 4512 Natalis
933 4454 1096 4514 sancti
1119 4457 1363 4528 Ioannis,
1395 4470 1504 4518 etc.
1544 4462 1657 4518 Hoc
1691 4463 1885 4521 festum
1909 4462 1934 4503 ἀ
1957 4477 2063 4519 non

468 4536 641 4578 exstat
673 4526 726 4582 in
758 4528 1002 4584 Excusis.

540 4595 677 4673 568.
708 4598 1022 4673 Sanctorum
1062 4602 1311 4657 Gordiani
1347 4614 1396 4658 et
1425 4602 1743 4673 Epimachi.
1778 4607 1831 4661 In
1861 4605 2057 4661 Codice

2186 3316 2202 3325 ’
2401 3322 2749 3389 Sacriﬁcium.
2777 3322 2833 3376 In
2855 3320 3054 3377 Missali
3087 3321 3327 3377 Romano
3351 3322 3542 3393 legitur
3561 3321 3644 3376 Ad
3664 3336 3757 3378 sa-

2186 3404 2235 3442 τι
2305 3406 2431 3444 tum.

2158 3404 2431 3444 cunctum.

2231 3460 2359 3536 575.
2405 3461 2469 3536 Et
2518 3464 2593 3518 tui
2634 3464 2857 3519 muneris
2903 3464 3307 3521 misericordiam
3353 3464 3638 3536 postulare.
3694 3463 3752 3520 In

2157 3527 2354 3608 Codice
2405 3535 2694 3608 Bhemensi
2715 3606 2719 3608 Α
2742 3536 2934 3604 legitur
2964 3540 3027 3608 de
3052 3548 3135 3589 tuo
3166 3527 3371 3592 munere
3410 3540 3753 3608 postulantes.

2232 3603 2360 3677 576.
2402 3604 2526 3677 Ipso
2556 3603 2862 3676 cpitulante.
2894 3609 2949 3661 Iu
2978 3607 3174 3665 Codice
3202 3603 3491 3664 Rhcmensi
3525 3616 3638 3662 haec
3659 3622 3756 3662 vo-

2161 3676 2349 3729 cabula
2380 3677 2773 3733 desiderantur.
3239 3676 3260 3698 ’

2232 3743 2358 3820 33?.
2402 3747 2717 3820 Benedictio.
2746 3749 3052 3820 Superioris
3077 3750 3364 3805 ﬂaminicae
3398 3750 3674 3805 videlicet.

2236 3818 2362 3892 578.
2406 3818 2474 3872 Et
2516 3818 2845 3892 Maiestatem
2876 3832 3018 3874 tuam
3052 3822 3322 3891 indefessis
3367 3821 3601 3892 precibus
3631 3835 3758 3875 exo-

2163 3903 2302 3942 rare.
2338 3891 2463 3945 Hinc
2493 3894 2654 3946 verba
2681 3892 2876 3946 desunt
2908 3892 2960 3946 in
2991 3892 3189 3947 Codice
3216 3891 3531 3947 Itheniensi.

2237 3958 2387 4034 579.7
2405 3961 2664 4034 Paschale
2704 3964 2997 4033 mysterium
3020 3964 3318 4018 studeamus
3347 3964 3532 4018 habere
3561 3979 3758 4034 perpe-

2167 4041 2345 4103 tuum.
2372 4032 2427 4086 Id
2453 4043 2559 4103 est,
2590 4032 2969 4103 sempiternam
3009 4034 3065 4090 in
3100 4036 3251 4092 caelis
3296 4032 3610 4092 Studeamus
3654 4038 3758 4089 ha-

2166 4102 2295 4156 bere
2327 4102 2657 4159 felicitatem.

2239 4172 2382 4247 58οη
2406 4172 2563 4228 Feria
2592 4179 2816 4232 secunda
2863 4180 2916 4233 in
2946 4178 3126 4235 litania
3154 4179 3370 4247 majore.
3420 4178 3547 4233 Haec
3574 4174 3605 4214 ιι
3634 4176 3758 4231 lita-

2168 4244 2254 4321 nia
2283 4245 2454 4315 major
2479 4255 2563 4302 est
2588 4248 2965 4320 Rogationum,
2994 4265 3111 4321 quas
3132 4250 3185 4304 in
3220 4244 3398 4304 triduo
3424 4260 3551 4305 ante
3578 4248 3759 4304 domi-

2168 4316 2341 4370 nicam
2404 4316 2790 4376 Ascensionem
2847 4316 3181 4377 celebranda:
3238 4323 3493 4375 institutae
3548 4328 3675 4376 sunt
3726 4333 3761 4373 a

2168 4397 2356 4443 sancto
2427 4390 2685 4459 Mamerto
2740 4392 3025 4449 Viennensi
3090 4391 3385 4459 Pontilice,
3452 4403 3510 4447 ut
3565 4390 3761 4451 scribit

2168 4470 2386 4532 sanctus
2415 4458 2703 4531 Gregorius
2729 4465 3075 4529 Turonensis,
3109 4465 3202 4518 lib.
3231 4480 3266 4517 ιι
3302 4458 3460 4529 ιιιςι..
3488 4478 3609 4532 cap.
3643 4462 3713 4517 51
3742 4477 3758 4514 :

2171 4528 2418 4605 Referens
2445 4528 2680 4605 (Avitus)
2707 4537 2762 4589 in
2789 4538 3010 4604 quadam
3035 4528 3269 4602 homilia,
3299 4528 3453 4604 quam
3483 4528 3759 4604 de-ROga-

2171 4604 2390 4679 tionibus
2418 4606 2612 4679 scribit,
2644 4604 2736 4660 has
2758 4611 2896 4677 ipsas
2918 4609 3246 4679 RogatiOnes,
3274 4622 3400 4675 quas
3422 4616 3539 4661 ante
3565 4607 3760 4679 Ascen-

470 4664 680 4749 Itatoldi
713 4671 906 4749 legitur
926 4670 1209 4749 Gordiani,
1234 4673 1435 4745 Cyrilli,
1456 4664 1607 4745 alque
1632 4678 1920 4749 Epimachi.
1948 4677 2052 4733 Sed
2086 4671 2136 4732 D
2162 4674 2322 4727 sionis
2352 4664 2633 4749 Dominicis:
2664 4664 2980 4744 triumphum
2996 4664 3342 4741 .celebramu's,
3376 4694 3406 4727 a
3435 4682 3612 4749 sancto
3638 4676 3761 4729 Ma-

474 4734 527 4787 in
542 4738 713 4819 _Missa
746 4734 891 4797 nulla
920 4734 1446 4819 lit_Cyri|li'mEntio.
1483 4734 1557 4803 D'e
1583 4734 1686 4803 illo.
1709 4750 1817 4819 agit
1852 4751 2051 4818 Marty-

473 4807 734 4889 rolrgium
764 4807 1274 4889 sanctiAHieronymi
1303 4820 1490 4873 eodem
1521 4820 1647 4875 die:
1679 4807 1811 4875 Ιιὲηι
1840 4807 2046 4889 συνὶιῖὶ,

476 4875 732 4951 Dionysii.
762 4884 819 4939 In
846 4885 1038 4943 Codice
1066 4875 1356 4945 Rbemensi
1386 4892 1619 4962 legitur:
1653 4890 1863 4947 Natalis
1882 4875 2047 4944 Ξαιιειὲ

546 5027 575 5056 ι
595 5017 664 5101 _In
697 5021 893 5078 nostris
920 5026 1091 5085 Codd.
1123 5032 1268 5087 nulla
1306 5033 1409 5089 nisi
1438 5033 1608 5090 sancti
1640 5031 1829 5087 Vitalis
1863 5030 2057 5086 litme-

471 5104 663 5146 moria.

545 5160 574 5201 ι’
601 5161 936 5224 Sacrament.
970 5171 1159 5231 Gallic.
1192 5176 1410 5232 exhibet
1438 5176 1648 5231 Missam
1681 5174 1733 5228 in
1764 5174 2055 5229 inventione

473 5245 665 5316 sancite
689 5236 889 5316 Crucis,
918 5244 1013 5298 sed
1029 5262 1055 5298 a
1080 5248 1290 5316 vulgata
1317 5264 1534 5315 pl'orSuS
1555 5248 1840 5303 diversam.

551 5308 841 5388 cﬂHabetur
871 5315 922 5388 in
955 5308 1199 5386 utroque'
1224 5308 1430 5372 Theod.
1480 5330 1533 5372 et
1566 5319 1618 5371 in
1646 5318 1852 5373 Geuiet.
1887 5316 2052 5372 Iidem

471 5377 699 5455 Codices
741 5377 1107 5441 meminerunt
1141 5398 1443 5442 sanctorum
1477 5388 1727 5441 Gordiani
1756 5398 1808 5442 et
1842 5390 2056 5455 Epima-

471 5449 580 5532 (ιρι,
620 5451 1052 5532 tninime‘autem
1097 5458 1269 5532 sancti
1314 5460 1594 5532 Cyrilli_et
1628 5449 2055 5532 sanetasﬁomi-

472 5521 622 5595 ιιιιω,
654 5524 743 5579 ubi
782 5526 915 5580 infra
954 5527 1112 5583 Missa
1143 5530 1209 5583 de
1241 5521 1439 5583 sanctis
1486 5529 1681 5595 Nereo,
1733 5530 1972 5584 Achilleo
2001 5538 2058 5584 et

469 5590 753 5649 Pancratio
778 5596 1083 5653 exhibetur.

543 5666 570 5700 α
595 5664 685 5721 Sic
708 5668 898 5743 legitur
919 5670 1057 5737 apud
1083 5669 1288 5724 Pamel.
1310 5679 1364 5725 et
1386 5670 1437 5725 in
1464 5673 1561 5727 Ed.
1590 5672 1786 5738 Vatic.,
1814 5674 1877 5727 ad
1900 5688 2059 5743 quam

474 5749 669 5790 excusa
696 5749 776 5791 est
804 5738 965 5793 Guss.

550 5814 574 5887 ξ
607 5806 681 5860 Ita
711 5824 923 5887 quoque
951 5811 1002 5887 in
1035 5814 1277 5871 nostris;
1321 5815 1373 5869 in
1403 5815 1611 5871 Gemet.
1659 5816 1853 5886 legitur
1903 5815 2063 5872 Dedi-

473 5878 606 5931 catio
642 5889 833 5934 sanctte
862 5878 1065 5935 Moriar.

1317 6010 1458 6055 (Mx.

2164 4758 2325 4798 merto
2374 4747 2532 4812 ipsius
2582 4747 2882 4803 Viennensis
2914 4753 3051 4803 urbis
3077 4752 3313 4819 episcopo
3334 4789 3348 4813 ,
3378 4751 3467 4814 qui
3496 4762 3542 4800 et
3572 4748 3657 4802 hic
3699 4764 3759 4800 eo

2160 4827 2383 4886 tempore
2407 4831 2639 4887 prwerat,
2685 4823 2941 4875 institutas
2963 4821 3143 4892 fuisse,
3166 4822 3290 4874 dum
3313 4820 3433 4873 urbs
3457 4820 3551 4873 illa
3580 4820 3763 4873 multis

2158 4900 2434 4943 terreretur
2461 4893 2735 4964 prodigiis.

2239 5030 2260 5069 τ
2294 5032 2352 5087 In
2396 5032 2642 5088 Editione
2682 5033 2750 5087 ab
2786 5033 3017 5088 Henrico
3062 5031 3272 5087 Valesio
3314 5029 3570 5085 adornata
3603 5037 3763 5087 'nunc

2162 5102 2264 5157 ista
2308 5107 2555 5173 leguntur
2578 5147 2591 5167 ,
2626 5120 2740 5174 cap.
2780 5103 2870 5171 15,
2918 5106 2967 5159 in
3016 5108 3154 5157 hunc
3187 5102 3403 5155 modum
3435 5120 3447 5157 :
3482 5104 3761 5158 Pantheon

2160 5174 2281 5228 colli
2302 5177 2509 5228 cuidam
2541 5193 2696 5228 manu
2724 5180 2861 5245 [acto
2891 5174 3025 5230 velut
3055 5176 3163 5227 arci
3190 5175 3509 5244 impositum.

2233 5255 2259 5293 κ
2294 5248 2456 5300 Abest
2505 5263 2532 5298 ει
2577 5247 2783 5300 duobus
2834 5247 3063 5309 'l‘heod.,
3104 5262 3207 5297 non
3248 5255 3426 5299 autem
3455 5260 3484 5297 a
3513 5246 3758 5314 Gemet.,

2162 5314 2253 5371 ubi
2284 5316 2427 5384 prius
2462 5327 2672 5370 notatur
2710 5319 2882 5370 natale
2916 5321 3079 5371 sancti
3117 5316 3402 5379 Dunstani;
3437 5334 3500 5371 ac
3548 5334 3618 5370 vn
3652 5317 3762 5373 Ka—

2162 5388 2305 5459 Iend.
2330 5387 2468 5442 Junii
2486 5390 2649 5442 sancti
2667 5389 2939 5459 Augustini
2959 5390 3205 5457 cpiscoiii,
3230 5402 3307 5441 sc.
3331 5390 3761 5445 Cantuarieusis.

2238 5456 2268 5495 ιι
2298 5460 2420 5514 Haec
2450 5461 2654 5514 Litania
2679 5456 2873 5514 dicitur
2902 5461 3062 5513 etiam
3089 5460 3257 5529 major
3283 5459 3335 5513 in
3361 5462 3559 5514 nostris
3581 5462 3757 5515 Codd.

2165 5532 2222 5585 In
2263 5532 2460 5585 Missali
2489 5530 2716 5587 Gothico
2746 5531 3019 5585 Thomasii
3051 5541 3159 5586 tres
3191 5541 3317 5585 sunt
3345 5531 3519 5585 Missa:
3550 5533 3615 5585 de
3651 5534 3760 5585 Ito-

2167 5605 2470 5669 gationihus
2521 5618 2617 5673 pro
2667 5603 2843 5657 triduo
2890 5614 3014 5657 ante
3075 5602 3460 5657 Ascensionem
3519 5602 3758 5659 Domini.

2170 5674 2381 5730 Missale
2410 5686 2516 5730 vet.
2548 5673 2881 5729 Gallicanum
2921 5673 3129 5728 unicam
3176 5674 3357 5727 habet.
3397 5676 3470 5727 De
3508 5675 3758 5744 Rogatio-

2172 5748 2329 5801 nibus
2366 5748 2591 5813 plurima
2622 5747 2758 5801 scitu
2789 5748 2946 5817 digna
2980 5746 3169 5817 Iegesis
3209 5748 3345 5813 apud
3385 5746 3759 5817 Mabillonium

2170 5819 2236 5878 dc
2263 5820 2501 5889 Liturgia
2524 5820 2739 5886 Gallic,
2771 5815 2999 5875 maxime
3026 5816 3119 5872 lib.
3141 5831 3199 5886 II,
3232 5831 3356 5887 pag.
3385 5815 3488 5872 122
3517 5828 3574 5873 et
3600 5832 3724 5889 seq.
