2068 3176
243 217 301 246 ‘587

250 278 348 304 Sancte
362 275 451 306 Pctrc,

252 313 347 340 Sancte
363 311 452 342 l’aule,

251 349 347 374 “aucte
363 346 479 377 Audrea,

253 384 346 410 Sunt-te
361 381 469 412 .laeobc,

251 420 347 445 Sancte
363 417 489 448 Joannes,

250 455 346 481 Sancte
356 453 469 484 Thoma,

251 491 349 517 Sunt-te
365 488 472 520 JHCOIJC,

250 526 347 553 Sancte
361 524 489 556 Philippe,

981 312 1025 334 ora
1031 326 1038 332 .

980 347 1038 369 ora.

982 383 1038 404 ora.

981 419 1027 440 0H
1031 431 1039 439 ο

940 455 944 458 ’
980 455 1038 475 ora.

981 490 1026 512 ora
1031 504 1038 511 .

980 526 1038 547 ora.

251 561 347 588 Sancte
358 559 562 591 ltartholomcee,
980 562 1037 583 ora.

251 598 347 622 Sancte
362 595 496 626 Matthtee,
980 597 1037 618 ora.

250 632 347 659 Sancte
361 631 464 661 Simon,
980 633 1039 653 ora.

251 669 347 693 Sancte
359 666 482 696 'I‘atldtee,
981 669 1038 689 ora.

251 704 347 728 Sancte
363 702 468 730 Matliia,
980 704 1037 725 ora.

252 740 347 764 Sancte
362 736 489 768 liurtiaba,
980 740 1037 760 ora.

250 774 346 799 Sam-te
364 772 443 801 Luca,
981 776 1038 796 ora.

250 809 346 835 Sancte
362 807 459 838 Marce.
980 811 1037 830 ora.

248 844 346 870 Sancte
360 842 507 876 Stephane,
979 846 1037 866 ora.

248 879 348 908 Sancte
363 878 496 910 Clemens.
978 882 1037 902 ora.

250 915 348 942 Sancte
362 913 446 945 Sixto,
979 917 1037 938 ora.

249 949 348 978 Sancte
360 948 497 981 Laurenti,
979 953 1025 973 ora

981 988 1027 1009 ora

974 1024 1037 1044 .ora.

980 1059 1037 1080 ora.

249 985 347 1013 Sancte
362 983 482 1019 Dionysi,

249 1022 347 1049 Sancte
363 1019 481 1053 Rustice,

247 1056 346 1084 Sancte
359 1055 508 1088 Eleutheri,

252 1092 350 1120 Sancte
363 1090 498 1123 Quintine,

243 1128 347 1155 Sancte
360 1125 487 1158 Luciane,

980 1095 1038 1116 ora.

980 1130 1038 1151 ora.

244 1162 348 1191 Sancte
356 1161 483 1195 Firmino,
981 1166 1039 1187 ora.

245 1197 349 1227 .Sancte
358 1197 491 1231 Crispine,
980 1200 1039 1222 ora.

249 1233 349 1262 Sancte
365 1232 542 1266 Crispiniaue,
981 1236 1038 1257 ora.

213 1292 215 1300 ,
249 1268 347 1299 Sancte
364 1265 557 1300 Maurici,.cum
568 1265 724 1301 sociistuis,
980 1271 1040 1292 ora.

249 1304 346 1331 Sancte
361 1303 499 1336 Silvester,
980 1307 1038 1327 ora.

250 1339 332 1374 396
346 1339 443 1375 sancte
456 1339 529 1368 Etari
544 1338 618 1375 [λιες.
633 1336 738 1373 Hilari],
981 1342 1040 1363 ora.

250 1376 348 1402 Sancte
361 1374 482 1407 Martiae,
546 1374 554 1375 7
981 1377 1039 1398 ora.

247 1410 348 1439 Sancte
361 1410 499 1443 Cassiane,
981 1413 1040 1434 ora.

251 1445 350 1473 Sancte
365 1445 485 1480 Remegi,
981 1448 1040 1470 ora.

250 1481 348 1509 Sancte
360 1481 498 1514 Mcdarde,
982 1484 1041 1506 ora.

251 1516 347 1545 Sancte
365 1516 497 1550 Vtedaste,
981 1519 1039 1542 ora-

251 1552 346 1581 Sancte
361 1552 504 1586 Germane,
982 1554 1039 1575 ora.

252 1588 349 1614 Sancte
362 1587 486 1621 Gaurice,
981 1590 1039 1610 ora.

250 1622 347 1650 Sancte
359 1622 490 1656 Amande,
981 1626 1039 1647 ora.

250 1658 349 1686 Sancte
361 1657 440 1692 Eligi,
981 1661 1040 1684 ora.

249 1693 350 1723 Sancte
366 1694 518 1727 Benedicta,
981 1696 1041 1718 ara.

250 1728 350 1759 Sancta
364 1728 500 1762 Felicitas,
980 1731 1041 1753 ora.

252 1764 348 1792 Sancta
360 1764 501 1798 Perpetua,
981 1768 1039 1788 ora.

253 1799 349 1827 Sancta
361 1800 476 1834 Agathe,
984 1803 1041 1823 ora.

250 1834 350 1863 Sancta
364 1834 458 1869 Lucia,
983 1838 1041 1860 ora.

253 1870 350 1897 Sancta
366 1872 466 1905 Agnes,
584 1890 589 1896 .
983 1874 1040 1894 ora.

254 1905 350 1934 Sancta
366 1907 475 1939 Cecilia,
983 1909 1041 1929 ora.

251 1940 348 1970 Sancta
363 1941 514 1975 Anastasia,
984 1945 1041 1965 ora.

253 1977 349 2005 Sancta
367 1977 499 2009 Eufemia.
984 1979 1042 2000 ora.

250 2011 351 2040 Sancta
366 2012 504 2045 Columba,
984 2015 1042 2034 ora.

251 2048 351 2077 Sancta
363 2047 510 2082 Genofeva,
985 2050 1042 2070 ora.

254 2083 350 2119 Sancta
366 2083 540 2119 Aldegundis,
984 2085 1041 2106 ora.

255 2118 352 2148 Sancta
366 2119 516 2150 Gertrudis,
984 2121 1041 2142 ora.

254 2154 354 2192 Utnnes
368 2156 465 2187 sancti,
478 2158 553 2181 orate
569 2159 616 2187 pro
625 2151 716 2192 nobis.
758 2186 763 2192 .

255 2190 391 2226 Propitius
404 2194 474 2222 esto,
489 2196 572 2226 parce
587 2187 676 2226 nobis,
689 2187 812 2226 Domine.

255 2222 391 2261 Propitius
402 2230 469 2262 esto,
479 2222 561 2262 libera
575 2230 636 2255 nos,
651 2222 773 2262 Domine.

255 2262 297 2293 Ab
309 2258 381 2289 omni
395 2261 477 2292 malo,
495 2260 577 2287 libera
592 2265 652 2290 nos,
671 2258 795 2293 Domine.

256 2290 297 2325 Ab
311 2296 383 2326 omni
396 2290 541 2324 tentationc
552 2293 694 2325 diabolica,
712 2292 795 2319 libera
807 2298 869 2324 nos,
883 2290 1007 2320 Domine.

256 2332 297 2360 Ab
311 2332 382 2358 omni
398 2328 652 2366 cogitationerrnala,
666 2327 749 2355 libera
765 2334 824 2360 nos,
841 2327 962 2354 Domine.

255 2368 297 2396 Ab
313 2365 391 2395 omni
399 2365 551 2401 inﬁmitate,
563 2365 658 2401 libera.

257 2403 298 2432 Ah
314 2403 386 2430 omni
403 2400 582 2432 intinunditia,
601 2400 684 2428 libera

257 2439 309 2475 Per
320 2444 426 2469 crucem
443 2442 525 2470 tuam,
541 2436 636 2463 libera.
661 2470 679 2475 __

258 2470 602 2511 P9§9810re5,terpgamus
618 2470 690 2511 audi.
758 2505 764 2511 _
807 2505 825 2511 κ
876 2504 882 2511 ⁸

295 2508 329 2536 Ut
344 2503 436 2542 pacein
456 2503 534 2535 nobis
548 2507 649 2537 donare
661 2505 791 2542 digneris.
806 2504 918 2537 Domine
929 2503 1000 2537 Jesu,
1019 2508 1044 2532 le

258 2551 392 2572 rogamus.

290 2552 554 2613 ‘iiilii'asiqutmmem
568 2577 640 2612 pacis
650 2576 775 2607 Ecclesiae
787 2581 837 2604 tua:
853 2575 942 2612 largiri
953 2575 1045 2610 digne-

259 2616 307 2649 ris,
319 2614 439 2647 Domine,
456 2620 481 2640 te
496 2621 628 2649 rogamus.

296 2647 329 2679 Ut
344 2651 411 2677 iram
425 2654 496 2677 tuam
509 2647 636 2684 a‘populo
648 2647 799 2675 Christiano
817 2655 943 2675 amovere
951 2647 1043 2682 digne-

259 2688 306 2719 ris,
319 2691 345 2714 te
359 2692 492 2721 rogamus.
510 2713 513 2715 _

296 2722 331 2750 Ut
345 2723 379 2749 ab
391 2718 505 2749 hostium
521 2719 645 2755 periculis
659 2725 708 2746 nos
718 2718 866 2747 defendens
875 2718 1004 2753 digneris,
1021 2723 1047 2745 te

259 2765 396 2786 roramus.

293 2766 536 2828 gli‘tmiiiiiulgentiam
556 2790 714 2819 delictorum
729 2795 882 2819 nostrorum
900 2789 981 2818 nobis
995 2789 1045 2820 do-

261 2838 327 2857 nare
340 2829 467 2864 digneris,
480 2832 506 2855 te
520 2833 654 2862 rogamus.
945 2861 951 2864 _
964 2863 968 2864 ν
984 2829 988 2832 '

300 2866 334 2892 Ut
346 2861 530 2892 reiuissionem
548 2861 715 2897 peccatorum
736 2866 888 2895 nostrorum
906 2861 985 2890 nobis
999 2861 1046 2890 do-

265 2908 330 2929 nare
342 2900 471 2936 digneris,
487 2897 684 2936 DomiiieAJesu,
696 2902 721 2925 te
736 2905 868 2936 rogatum.

301 2936 333 2963 llt
356 2933 467 2970 gratiam
489 2935 571 2962 sancti
592 2934 706 2968 Spiritus
726 2933 850 2970 cordibus
874 2933 970 2960 nostris
991 2933 1045 2959 cle-

264 2969 368 2999 menter
382 2971 520 2999 infundere
531 2970 656 3005 digneris,
670 2969 777 2999 Domine
788 2969 861 3004 Jcsu,
875 2975 901 2997 te
911 2976 1045 3003 rogamus.

390 3097 410 3104 χ

623 210 658 241 IN
677 211 706 241 S.
727 211 890 241 GREGOBII
911 210 1040 239 LIBRUM
1060 209 1372 239 SACRAMENTORUM
1391 210 1508 239 Νοτι.

981 276 1040 298 ora,
1054 269 1082 300 Α
1130 266 1165 294 Ut
1179 267 1400 295 intercessionem
1411 271 1564 295 sanctorum
1580 271 1684 294 tuorum
1696 266 1777 294 nobis
1788 267 1888 297 donare

1057 1679 1080 1711 C

1094 301 1226 336 digneris,
1245 302 1358 330 Domine
1371 303 1446 334 τιθείη,
1461 307 1487 330 te
1501 309 1635 337 rogamus.

1127 337 1161 366 Ut
1185 338 1265 364 iidem
1289 342 1388 365 rectam
1404 338 1481 366 nobis
1494 338 1596 366 donare
1611 337 1731 373 digneris
1743 358 1751 371 ,
1773 338 1887 368 Domine

1091 373 1165 407 Jesu,
1182 377 1208 401 te
1219 380 1353 407 rogamus.

1127 408 1162 437 Ut
1188 415 1262 443 spem
1279 408 1382 436 ﬁrmam
1398 408 1425 436 in
1447 413 1492 436 tua
1504 408 1622 436 bonitate
1637 409 1716 436 nobis
1729 409 1831 439 donare
1845 412 1887 439 di-

1090 444 1192 480 gneris,
1210 444 1320 471 Domine
1331 445 1407 478 Jesu,
1424 448 1450 472 te
1460 449 1597 480 rogamus.

1131 480 1164 507 Ut
1177 480 1259 507 vitam
1276 485 1403 508 aeternam
1419 479 1494 507 nobis
1510 480 1612 508 donare
1628 479 1760 515 digneris,
1774 481 1890 511 Domine

1091 516 1166 547 Jesu.
1181 520 1206 542 te
1217 522 1352 550 rogamus.

1129 551 1162 578 Ut
1181 551 1273 587 lumen
1291 556 1447 586 perpetuum
1461 551 1541 579 uobis
1560 551 1664 579 donare
1677 551 1808 587 digneris.
1832 552 1889 581 Do-

1091 587 1163 614 mine
1176 586 1250 619 Jesu,
1269 591 1293 613 te
1309 594 1447 622 rogamus.

1127 622 1258 659 Ut_nobis
1284 622 1388 650 Iaudem
1411 625 1565 659 sanctorum
1590 622 1691 650 nomini
1714 626 1759 651 tuo
1772 623 1889 659 donare,

1092 657 1143 685 Fili
1160 657 1219 690 Dei,
1237 663 1263 684 te
1277 664 1414 692 rogamus,
1426 657 1488 685 audi
1501 665 1561 685 nos.

1128 693 1219 727 Agnus
1246 693 1303 725 Dei,
1328 694 1372 728 qui
1401 694 1472 720 tollis
1499 698 1605 727 peccata
1625 693 1730 725 mundi,
1745 694 1889 722 miserere.

1089 728 1206 760 Christe,
1220 728 1282 755 audi
1295 736 1353 764 nos.
1367 729 1457 755 tribus.
1469 728 1668 764 Kyrieeleison,
1679 729 1769 757 tribus.
1780 728 1890 759 Christe

1091 764 1205 792 eleison.
1220 763 1311 791 tribus.
1328 763 1409 799 Kyrie
1424 763 1537 792 eleison.
1554 765 1645 792 tribus.
1661 764 1740 792 Pater
1755 770 1859 793 noster.

1343 813 1431 841 Oratio
1443 818 1498 849 post
1513 814 1640 842 Iitaniam.

1129 859 1198 887 Deus
1208 859 1388 893 exercituum,
1402 860 1472 887 Deus
1479 859 1626 891 Abraham,
1640 860 1708 888 Deus
1720 860 1803 894 Isaac,
1814 860 1890 890 Deus

1091 895 1186 927 Jacob,
1199 895 1270 922 Deus
1282 894 1506 929 patriarcharum,
1521 896 1590 923 Deus
1601 896 1803 930 prophetarum,
1817 897 1890 926 Deus

1091 930 1285 964 apostolorum,
1307 930 1379 958 Deus
1406 935 1565 966 martyrum,
1595 930 1665 959 Deus
1692 931 1887 966 eonfessorum,

1030 966 1079 1010 :13
1093 966 1323 1006 Deusyirginum,
1342 966 1413 994 Deus
1428 967 1549 1010 omnium
1565 972 1735 1010 sanctoruni,_
1745 975 1824 1001 quem
1839 969 1890 995 tri-

1092 1009 1155 1030 nutn
1172 1001 1198 1029 in
1213 1002 1347 1036 personis,
1370 1009 1452 1028 unum
1465 1001 1490 1028 in
1505 1001 1654 1030 substantia
1668 1003 1838 1035 confitentur,
1854 1011 1887 1032 ex

1092 1045 1145 1073 quo
1160 1037 1261 1073 omnia,
1275 1044 1322 1073 per
1333 1044 1412 1071 quem
1426 1037 1530 1070 omnia,
1544 1038 1572 1065 in
1586 1045 1638 1072 qtto
1653 1039 1754 1070 omnia,
1768 1043 1818 1066 etc.

1128 1073 1205 1100 Circa
1223 1072 1293 1099 hanc
1309 1072 1429 1100 litaniam
1444 1073 1643 1100 observandum
1659 1078 1699 1100 est
1713 1073 1744 1100 ad
1767 1074 1795 1101 τὸ
1808 1074 1889 1101 tribue

1090 1107 1305 1144 subaudiendum
1319 1114 1379 1136 esse
1390 1109 1419 1136 τὸ
1433 1108 1539 1144 vicibus,
1558 1114 1585 1136 et
1602 1108 1635 1135 ad
1649 1109 1677 1136 τὸ
1693 1109 1810 1136 miserere
1824 1117 1888 1144 sup-

1094 1143 1221 1178 plendum
1237 1150 1309 1176 esse,
1321 1144 1349 1171 τὸ
1363 1143 1446 1178 nobis,
1461 1148 1488 1171 et
1503 1143 1535 1171 ad
1552 1145 1580 1171 τὸ
1591 1151 1636 1171 ora
1650 1146 1680 1173 τὸ
1697 1152 1744 1178 pro
1756 1145 1828 1171 nobis
1838 1153 1847 1177 ,-
1859 1143 1889 1172 et

1092 1180 1119 1206 in
1130 1179 1270 1213 precibus,
1287 1179 1332 1206 ubi
1352 1186 1408 1207 non
1421 1183 1462 1207 est
1481 1180 1511 1207 τὸ
1527 1178 1637 1207 Domine
1649 1179 1725 1213 Jun,
1749 1179 1813 1207 illud
1827 1187 1890 1208 esse

1094 1213 1359 1242 subintellittendum.

1125 1250 1207 1311 ᾆδ’]
1228 1248 1349 1291 Tandem
1365 1257 1398 1277 ex
1409 1248 1451 1290 bis
1466 1250 1613 1278 notandum
1629 1255 1669 1278 est
1683 1251 1744 1292 olim
1757 1258 1820 1291 _non
1834 1250 1890 1291 dici

1139 1291 1201 1311 itum
1216 1284 1283 1311 Audi
1299 1293 1355 1311 nos.
1370 1285 1403 1311 ad
1426 1284 1488 1311 illud
1513 1285 1549 1311 Te
1571 1293 1764 1311 ranamus.msr
1792 1294 1818 1311 in
1842 1287 1887 1311 bis

1094 1284 1201 1314 solitum
1216 1284 1355 1321 Audirnos,
1370 1285 1403 1312 ad
1426 1284 1498 1321 illudA
1513 1285 1549 1313 Te
1571 1295 1701 1321 rogamus,
1714 1286 1764 1314 nisi
1792 1286 1818 1312 in
1842 1286 1887 1313 bis

1094 1321 1197 1349 duabus
1208 1320 1458 1354 supplicationibus,
1474 1319 1529 1347 Fili
1542 1319 1623 1349 Deiét
1638 1320 1887 1353 Peccatom.Quod

1097 1356 1190 1383 videre
1203 1360 1245 1383 est
1256 1356 1336 1383 etiam
1362 1356 1388 1383 in
1416 1355 1507 1383 litania
1532 1356 1661 1391 Batperti,
1687 1358 1738 1386 etsi
1763 1356 1889 1384 versibus

1094 1392 1205 1428 scripta,
1218 1391 1288 1425 apud
1300 1391 1449 1428 Canisiurn,
1463 1396 1532 1428 tomi
1545 1399 1559 1417 ν
1582 1393 1665 1428 antiq.
1682 1392 1767 1425 Lech,
1785 1399 1811 1427 p.
1836 1391 1853 1419 2
1880 1400 1888 1418 :

1130 1426 1185 1455 Nos
1200 1430 1354 1463 peccatores
1370 1426 1442 1463 audi,
1460 1431 1495 1459 te,
1513 1426 1630 1460 Christe,
1647 1426 1781 1463 rogamus.

1133 1463 1173 1499 Ut
1181 1469 1274 1496 pacem
1290 1462 1368 1489 nobis
1380 1461 1474 1499 dones,
1488 1467 1527 1499 te,
1541 1463 1659 1499 Christe,
1671 1461 1810 1499 rogamus.

1130 1497 1240 1525 Crimen
1254 1502 1282 1524 ut
1293 1504 1373 1534 omne
1389 1497 1440 1534 tuis
1453 1498 1552 1531 solvas,
1560 1503 1604 1534 ite,
1619 1497 1736 1532 Christe,
1749 1504 1885 1534 rogamus.

1131 1535 1210 1560 Aura:
1222 1532 1380 1568 temperiem
1395 1532 1489 1566 dones,
1505 1537 1541 1565 te,
1553 1533 1668 1568 Christe,
1680 1532 1817 1568 rogamus.

1132 1569 1165 1596 Ut
1179 1568 1268 1604 fruges
1285 1572 1364 1596 teme
1375 1567 1470 1601 dones,
1485 1572 1520 1601 te,
1536 1569 1653 1603 Christe,
1668 1567 1803 1604 rogamus.

1135 1604 1168 1632 Ut
1184 1603 1311 1638 populum
1326 1608 1451 1631 cunetum
1465 1604 1562 1637 salvos,
1577 1608 1612 1638 te,
1625 1603 1742 1637 Christe,
1752 1610 1887 1639 rogamus.

1131 1640 1333 1674 Ecclesiamque
1345 1644 1421 1675 tuam
1437 1639 1537 1671 firmes,
1554 1644 1589 1672 te,
1613 1640 1730 1674 Christe,
1751 1645 1888 1675 rogamus.

1132 1675 1181 1703 Fili
1196 1673 1363 1710 eelsitlironi,
1377 1681 1427 1701 uos
1441 1675 1512 1708 audi,
1530 1679 1555 1703 te
1572 1680 1598 1702 te
1613 1673 1748 1710 rogamus.

1134 1710 1184 1738 Ubi
1198 1710 1270 1737 vides
1285 1710 1317 1737 ad
1332 1709 1392 1737 illas
1405 1711 1584 1744 precationes,
1598 1709 1749 1738 Pec’catores
1759 1731 1767 1743 ,
1788 1717 1815 1738 et
1829 1712 1886 1740 Fili

1098 1746 1161 1779 Dei,
1177 1750 1279 1773 tantum
1304 1744 1429 1773 interseri
1455 1745 1565 1773 verbum
1590 1747 1663 1781 audi,
1688 1747 1758 1781 quod
1787 1753 1890 1780 poterat

1096 1782 1155 1810 ﬁeri
1171 1781 1250 1809 etiam
1267 1781 1294 1809 in
1309 1781 1368 1808 aliis
1383 1781 1592 1815 precationibus,
1602 1781 1714 1809 sublatis
1729 1781 1887 1817 quibusdam

1095 1816 1251 1879 vocgbulis,
1279 1816 1356 1844 salva
1380 1823 1476 1844 sensus
1500 1821 1525 1844 et
1546 1818 1695 1845 carminum
1718 1816 1888 1853 integritate,

1096 1860 1144 1879 ver
1163 1857 1266 1879 ltll'alla
1279 1860 1286 1879 ε

1096 1853 1172 1880 verbi
1183 1853 1266 1886 gratia
1279 1860 1286 1879 :

1134 1887 1170 1916 Ut
1185 1895 1276 1922 pacem
1290 1888 1383 1921 dones,
1398 1887 1471 1920 audi,
1487 1887 1650 1922 te,Christe,
1663 1895 1799 1923 rogamus.

1133 1923 1278 1959 Utcrimen
1291 1923 1389 1959 solvas,
1405 1923 1476 1955 audi,
1494 1928 1529 1955 te,
1547 1924 1662 1957 Christe,
1677 1931 1813 1959 rogamus.

1096 1958 1131 1987 Et
1145 1958 1184 1985 sic
1195 1959 1228 1987 de
1240 1959 1354 1986 caeteris.
1370 1958 1404 1986 Et
1418 1966 1483 1986 sane
1494 1958 1591 1987 clarior
1605 1967 1702 1987 sensus
1714 1963 1766 1991 est,
1779 1967 1839 1989 cum
1850 1962 1885 1990 ab

1096 1994 1138 2022 his
1169 1993 1292 2029 precibus
1316 1994 1391 2021 abest
1410 1995 1439 2022 τὸ
1462 1994 1526 2021 audi
1549 2002 1606 2022 nos.
1632 1994 1710 2029 Apud
1737 1995 1887 2025 Arnoldum

1096 2029 1233 2062 Wionem,
1244 2028 1290 2056 lib.
1305 2029 1423 2068 ivuLigni
1437 2029 1509 2062 vitm,
1524 2036 1584 2068 cap.
1600 2030 1643 2062 te,
1656 2028 1772 2068 habetur
1783 2031 1887 2068 litania,

1101 2037 1233 2062 vvtonem,
1244 2037 1290 2056 uo.
1305 2037 1330 2057 iv
1347 2037 1423 2064 Liglil
1437 2037 1509 2062 vum,
1524 2037 1584 2093 ωε.
1600 2037 1643 2062 η,
1660 2037 1772 2058 habetur
1783 2037 1887 2068 "tanta,

1098 2072 1176 2101 quam
1190 2068 1306 2101 testatur
1319 2064 1365 2101 ille
1374 2072 1437 2101 esse
1450 2065 1536 2101 sancti
1577 2065 1672 2100 regorii
1685 2065 1789 2101 Magni,
1802 2074 1889 2101 seque

1099 2100 1126 2129 in
1142 2100 1240 2128 Codice
1254 2107 1306 2127 ms.
1320 2100 1472 2136 Casinensis
1492 2101 1648 2128 monasterii
1671 2101 1816 2136 reperisse.

1096 2143 1177 2165 nemo
1191 2140 1244 2168 est,
1261 2136 1303 2162 vel
1327 2135 1421 2164 leviter
1443 2136 1610 2171 antiquitatis
1625 2135 1816 2165 ecclesiastica:
1831 2143 1889 2166 stu-

1097 2172 1149 2200 diis
1165 2172 1293 2203 imbutus,
1306 2171 1350 2206 qui
1364 2171 1496 2206 ejusmodi
1512 2172 1632 2199 litaniam
1647 2172 1721 2199 illius
1741 2179 1802 2200 esse
1815 2175 1890 2201 arbi-

1098 2212 1194 2239 tretur,
1210 2211 1243 2233 ut
1266 2207 1387 2234 omittam
1413 2207 1446 2234 de
1470 2207 1639 2235 invocatione
1658 2206 1779 2239 ejusdem
1802 2210 1889 2238 sancti

1098 2242 1231 2278 Gregorii,
1247 2247 1274 2270 et
1286 2242 1464 2276 quorumdam
1481 2246 1634 2270 sanctorum
1650 2242 1738 2270 adhuc
1758 2250 1820 2271 cum
1841 2245 1889 2273 ha-

1096 2278 1151 2306 bita
1167 2282 1209 2305 est
1222 2278 1377 2305 viventium.
1390 2285 1452 2312 quze
1461 2278 1486 2305 in
1503 2279 1547 2306 illa
1563 2278 1725 2306 continetur.

1133 2314 1195 2340 581.
1212 2312 1323 2340 Mentem
1338 2314 1443 2347 familia:
1457 2318 1517 2347 tum,
1533 2318 1586 2342 etc.

1133 2349 1196 2376 Haze
1210 2354 1237 2375 et
1253 2348 1353 2375 similes
1365 2348 1503 2376 Orationes
1519 2354 1581 2376 ante
1595 2348 1702 2377 Missam
1717 2349 1844 2379 dicuntur
1854 2352 1888 2380 ad

1057 2370 1085 2401 Ι)
1096 2370 1242 2422 (ξοῑῖὲἆεῖη
1253 2370 1886 2422 "seutiroééséi3.15m:'ih"e?iiifi6c3'aﬁ'me;

1097 2420 1184 2447 clerus
1195 2423 1223 2447 et
1238 2419 1351 2453 populus
1366 2426 1522 2453 pervenere.

1133 2455 1195 2482 58%.
1211 2454 1338 2489 Fatiyari.

1133 2490 1161 2517 ld
1173 2494 1221 2521 est,
1233 2489 1456 2530 percutiﬁonius
1469 2490 1620 2525 Marcellus,
1633 2498 1691 2527 cap.
1708 2491 1737 2526 4,
1753 2490 1887 2530 Fatigare,

1097 2532 1235 2562 percutere.
1258 2524 1392 2560 Virgilius,
1404 2526 1450 2553 lib.
1466 2533 1492 2553 ut
1515 2535 1521 2552 :

1267 2590 1275 2597 .
1289 2592 1294 2598 .
1307 2590 1314 2598 .
1329 2592 1335 2598 .
1345 2573 1611 2605 Vereaquejuvencum

1220 2604 1238 2629 Τ
1242 2610 1299 2635 erga
1310 2604 1438 2636 fatigamus
1450 2604 1546 2632 hasta...
1553 2625 1556 2628 .
1562 2625 1568 2631 .

1099 2648 1132 2675 Et
1147 2651 1181 2674 ita
1197 2654 1250 2674 non
1265 2647 1349 2674 semel
1374 2652 1517 2682 usurpatur
1536 2649 1560 2675 in
1578 2649 1628 2676 hoc
1650 2648 1885 2678 Sacramentorum

1098 2683 1222 2720 libro,Aut
1232 2682 1312 2715 infra,
1327 2682 1393 2720 feria
1407 2683 1423 2709 ὅ
1439 2691 1445 2710 :
1459 2683 1485 2710 Ν
1488 2684 1563 2711 ostris
1575 2684 1714 2720 fatigamur
1726 2684 1841 2718 clientis.
1859 2686 1886 2713 Id

1098 2724 1151 2749 est,
1163 2718 1197 2745 ob
1213 2721 1303 2745 nostra
1318 2717 1415 2745 delicta
1430 2717 1603 2752 percutiatur.

1135 2753 1197 2781 585.
1213 2752 1323 2784 Praesta,
1338 2761 1492 2790 queramur,
1508 2755 1666 2790 omnipotens
1686 2755 1764 2789 Deut,
1779 2761 1832 2784 etc.
1860 2757 1887 2784 lu

1101 2790 1220 2826 Exeusis
1240 2793 1388 2826 sequuntur
1414 2789 1557 2819 Orationes
1581 2791 1608 2818 in
1631 2798 1743 2825 eampo,
1758 2800 1817 2826 qua:
1832 2800 1886 2820 non

1098 2829 1207 2854 exstant
1215 2824 1240 2860 in
1249 2823 1390 2851 Codicibus
1399 2826 1497 2852 nostris
1506 2833 1572 2853 mss.
1584 2833 1634 2854 nec
1645 2823 1715 2860 apud
1727 2823 1886 2856 Painelium.

1138 2860 1199 2887 38s.
1216 2859 1315 2895 Jrjttnii
1325 2860 1401 2886 vestri
1417 2865 1439 2887 et
1455 2869 1558 2895 precum
1570 2867 1636 2890 uola.
1652 2859 1680 2890 lii
1703 2867 1756 2896 est,
1776 2863 1885 2891 devotas

1100 2896 1248 2923 oblationes
1258 2896 1351 2929 jeiutui
1369 2896 1450 2923 vestri
1464 2902 1490 2923 et
1502 2904 1621 2929 precum.

1136 2931 1199 2957 385.
1217 2925 1318 2957 Nostris
1332 2931 1471 2965 fatigantur
1482 2925 1594 2964 offensis.
1612 2933 1638 2960 Id
1658 2938 1716 2966 est,
1731 2933 1766 2961 ob
1787 2925 1904 2961 delicta’

1099 2972 1189 2995 nostra
1204 2967 1373 3001 corripiatur,
1384 2970 1411 2994 et
1424 2967 1597 3001 percutiatur.
