4136 6352
473 446 574 506 591

479 639 707 691 ebenum
738 635 878 705 apud
912 637 1220 701 Eusebium,
1253 637 1345 691 lib.
1379 654 1427 692 γι
1458 637 1594 691 Hist.
1631 636 1937 703 Eccl.,cap.
1969 635 2058 691 55.

481 708 647 764 Erant
673 718 849 763 tamen
881 706 1141 777 ejusmodi
1200 710 1451 777 liaptizati
1492 708 1839 779 irregulares,
1869 718 1926 761 ut
1977 710 2063 763 lo-

481 789 734 850 quuntur,
770 793 870 833 nec
900 778 963 832 ad
992 779 1194 833 clerum
1227 780 1417 835 a~cisci
1445 788 1714 849 poterant,
1749 788 1806 833 ut
1838 787 2065 835 testatur

480 850 757 907 Cornelius
787 864 919 919 papa
952 850 1177 918 epistola
1200 851 1379 904 citata.

555 922 659 977 Sed
684 921 1062 975 Thes-alarum
1087 922 1326 976 severior
1346 936 1505 992 quam
1525 937 1621 992 par
1642 932 1761 977 erat
1781 920 2063 991 disciplina

478 993 601 1061 fuit,
635 992 798 1064 Λοο
825 995 911 1064 qui
939 994 1511 1064 extrasolemnitateiii
1546 993 1855 1047 Pascbalem
1887 994 2065 1048 nemi-

478 1079 601 1120 nem
632 1062 850 1130 prorsus
891 1062 1245 1131 baptizabant,
1274 1067 1344 1119 ita
1377 1074 1435 1119 ut
1472 1065 1653 1133 paucis
1684 1067 1920 1133 exceptis
1942 1081 2063 1119 om-

481 1151 578 1191 nes
599 1136 717 1190 sine
765 1134 1084 1203 baptismate
1128 1149 1161 1189 e
1205 1137 1339 1189 vivis
1386 1136 1737 1201 excederent,
1772 1145 1828 1189 ut
1876 1137 2067 1190 scribit

479 1206 750 1272 Socrates,
789 1206 879 1259 lib.
910 1221 940 1257 v
971 1206 1105 1261 llist.
1132 1208 1300 1271 Eccl.,
1330 1223 1446 1276 cap.
1472 1206 1563 1260 21.
1599 1208 1654 1261 Si
1692 1222 1816 1261 vero
1857 1207 1925 1262 de
1973 1208 2068 1261 in-

489 1278 723 1332 fantibus
774 1292 951 1331 sermo
1002 1276 1090 1341 sit,
1123 1279 1374 1332 usitatum
1408 1280 1505 1330 fuit
1550 1278 1835 1347 aliquando
1879 1278 2067 1345 priscis

482 1349 590 1403 illis
630 1347 965 1418 temporibus
1011 1357 1069 1401 ut
1116 1348 1249 1403 citra
1298 1350 1692 1404 solemnitatem
1750 1350 1966 1404 Pascliie
2015 1359 2070 1403 et

488 1420 837 1477 Pentecostes
871 1418 1194 1487 baptismum
1225 1422 1582 1487 susciperent,
1616 1428 1676 1473 ut
1718 1420 1974 1474 discimus
2000 1436 2067 1475 ex

485 1502 669 1546 sancto
692 1490 979 1561 Cypriano,
1015 1491 1172 1558 epist.
1197 1489 1287 1557 59,
1324 1491 1409 1545 ubi
1438 1492 1672 1561 disputat
1704 1492 1755 1544 in
1780 1492 2068 1561 quemdam

482 1562 572 1632 qui
603 1560 1198 1616 asseverabatinlantes
1231 1578 1335 1615 non
1386 1577 1505 1616 esse
1530 1560 1535 1561 ⁷
1560 1563 1721 1617 tertio
1760 1560 1852 1616 aut
1897 1563 2069 1617 altero

481 1634 676 1687 natalis
712 1632 793 1686 sui
840 1633 930 1687 die
978 1632 1345 1701 baptizandos,
1381 1634 1497 1699 sed,
1530 1634 1979 1699 quemadmodum
2014 1635 2069 1688 in

481 1704 913 1769 circumcisione,
962 1716 1206 1757 octavum
1258 1705 1400 1759 diem
1459 1720 1583 1759 esse
1623 1709 2067 1771 exspectandum.

483 1775 540 1829 Si
568 1776 710 1829 enim
746 1785 854 1828 tum
879 1774 1045 1828 moris
1071 1775 1263 1829 fuisset
1285 1778 1335 1829 in
1366 1777 1595 1843 parvulis
1628 1776 1731 1829 illis
1758 1777 1977 1830 Paschaa
2017 1788 2071 1831 et

482 1845 829 1901 I’enlecostes
862 1847 1125 1914 protelare
1154 1845 1322 1907 diem.
1356 1848 1551 1901 frustra
1600 1855 1815 1901 sanctus
1840 1847 2070 1915 Cypria-

478 1930 581 1972 nus
610 1932 703 1972 eos
732 1925 855 1971 ante
882 1925 1127 1971 octavum
1158 1918 1521 1973 natalitiorum
1550 1919 1691 1973 diem
1714 1932 1873 1987 posse
1898 1920 2070 1988 bapti-
2101 1935 2113 1988 ῃ

2103 1962 2153 2021 Β

479 1988 593 2043 zari
616 1988 982 2042 contenderet.

550 2059 675 2114 592.
708 2060 810 2126 Qui
831 2068 1229 2113 sacramentum.
1263 2061 1316 2115 In
1366 2061 1487 2116 aliis
1535 2060 1824 2115 Codicibus
1876 2060 2075 2116 nostris

481 2145 612 2185 mss.
658 2132 884 2185 habetur
915 2128 1206 2185 Praefatio:
1258 2133 1361 2197 Qui
1407 2134 1690 2187 ascendens
1713 2146 1869 2201 super
1898 2147 2073 2186 omnes

485 2206 661 2266 caelos,
694 2212 823 2268 etc.,
850 2202 979 2255 utin
1009 2202 1206 2257 Missali
1233 2202 1495 2258 Romano.

552 2272 619 2325 Et
666 2274 801 2325 diem
848 2274 1261 2343 sacratissimum
1303 2273 1627 2329 Pentecostes
1684 2275 2071 2343 pramenientes.

481 2343 637 2399 ltain
671 2343 840 2397 Editis
868 2352 922 2396 et
962 2342 1015 2396 in
1064 2344 1352 2399 Codicibus
1396 2346 1606 2400 Ratoldi
1652 2342 1704 2400 et
1750 2346 1970 2411 Rbean,
2018 2358 2074 2399 et

484 2415 625 2482 apud
654 2411 970 2486 Pamelium.
999 2414 1054 2466 In
1086 2414 1285 2469 Codice
1304 2416 1541 2470 ltodradi
1566 2416 1761 2486 legitur
1796 2432 1810 2468 :
1846 2416 1913 2468 Et
1939 2416 2073 2469 diem

482 2481 886 2539 sacratissimum
927 2481 1256 2539 Pentecostes
1298 2481 1645 2542 celebrantes:
1665 2489 1899 2554 Optime,
1949 2487 2073 2556 quia

486 2570 605 2610 cum
639 2556 692 2609 in
725 2557 839 2622 ipsa
892 2564 1050 2609 nocte
1095 2573 1216 2625 quae
1260 2558 1485 2613 lucescit
1531 2562 1583 2613 iii
1632 2559 1907 2613 Dominica
1954 2557 2073 2613 haec

486 2626 649 2698 biissa
698 2628 827 2680 olim
876 2626 1265 2693 celebraretur,
1310 2640 1430 2698 post
1480 2629 1771 2697 Vesperam
1822 2629 2074 2685 videlicet

484 2696 729 2769 Sabbati,
777 2698 1051 2769 jam_ipse
1104 2696 1450 2755 Pentecostes
1498 2696 1615 2756 dies
1663 2702 1929 2769 incmptus
1956 2711 2074 2755 erat

479 2767 629 2840 juxta
654 2783 860 2823 morem
893 2767 1169 2840 Ecclesiae,
1204 2781 1260 2823 ut
1288 2786 1448 2840 supra
1478 2772 1544 2826 de
1570 2767 1835 2827 Paschate
1870 2772 2070 2826 dictum

483 2838 588 2905 est,
620 2856 724 2894 non
749 2854 876 2894 vero
895 2838 1049 2909 juxta
1072 2841 1254 2896 saeculi
1286 2838 1754 2898 consuetudinem.

557 2909 682 2966 594.
717 2911 817 2976 Qui
842 2914 1119 2967 ascendens
1158 2930 1312 2981 super
1337 2932 1507 2969 omnes
1533 2918 1705 2981 stelas,
1735 2924 1841 2970 etc.
1876 2914 1933 2969 In
1962 2914 2071 2969 Co-

482 2983 603 3038 dice
636 2984 828 3037 ltliem.
856 2992 939 3036 est
968 2986 1067 3037 alia
1099 2993 1123 3020 ⁸
1167 2984 1412 3039 Pricfatio
1477 3003 1492 3042 :
1551 2988 1651 3053 Qui
1706 2986 1857 3039 hodie
1907 2986 2073 3039 sancti

485 3056 717 3125 Spiritus
745 3052 1062 3107 celebramus
1101 3055 1398 3122 adventum,
1429 3052 1641 3122 etc.,ut
1669 3058 1720 3112 in
1753 3059 1912 3112 Missa
1943 3062 2073 3111 Am-

487 3127 760 3189 brosiana,
789 3126 845 3179 in
893 3140 995 3197 qua
1029 3128 1226 3181 rectius
1257 3128 1446 3196 legitur
1472 3129 1529 3183 τὸ
1554 3145 1693 3197 quia,
1729 3130 1810 3182 bis
1856 3131 1909 3181 in
1956 3128 2071 3196 ejus

486 3198 590 3251 line
618 3198 811 3249 additis
842 3211 857 3248 :
889 3196 1211 3271 Quapmpter
1232 3200 1455 3267 profusis
1485 3196 1690 3271 gaudiis
1714 3206 1852 3252 totus
1874 3204 1927 3251 in
1952 3200 2073 3253 orbe

486 3278 744 3321 terrarum
772 3271 996 3319 mundus
1026 3268 1274 3331 exsultat,
1299 3286 1417 3337 quae
1449 3268 1830 3325 desiderantur
1853 3274 1905 3323 in
1933 3271 2067 3325 Cod.

488 3339 682 3394 Rhein.
705 3338 771 3412 _ln
802 3338 1374 3412 eademAmbrosiana
1405 3341 1564 3395 Missa
1591 3342 1782 3412 legitur
1826 3358 1840 3393 :
1880 3340 2071 3396 Distri-

490 3412 639 3481 butor
660 3409 791 3462 idem
816 3417 865 3461 et
889 3409 1007 3475 ﬁdei
1034 3412 1183 3464 unius
1209 3410 1441 3481 e/fector,
1483 3427 1605 3466 cum
1647 3409 1704 3467 in
1750 3412 1892 3466 dicto
1938 3414 2068 3468 Cod.

488 3480 682 3551 Rheni.
708 3490 963 3548 scriptum
988 3482 1078 3547 sit,
1106 3483 1405 3538 distributor
1427 3486 1583 3547 idem,
1614 3494 1661 3538 et
1689 3501 1820 3537 unus
1842 3484 2070 3551 e/fector.

560 3550 684 3605 595.
719 3551 787 3604 In
817 3551 999 3621 igneis.
1032 3554 1265 3621 Optime.
1293 3555 1349 3608 lii
1376 3557 1545 3610 Editis
1572 3566 1626 3610 et
1652 3556 1769 3609 aliis
1788 3550 2075 3613 Codicibus

488 3626 688 3699 nostris
718 3636 845 3699 mss.
876 3632 933 3676 et
965 3625 1441 3699 _apud_Pamelium
1484 3629 1677 3699 legitur
1709 3628 1734 3666 δ
1766 3628 2069 3684 innumeris.

561 3697 688 3751 596.
722 3695 767 3746 Α
795 3710 885 3765 spe
906 3695 981 3767 ad
1002 3697 1219 3763 speciem
1244 3695 1650 3767 peruenirefEst
1678 3703 2071 3767 parononiasia,

489 3766 543 3823 id
574 3775 657 3841 est
684 3782 712 3819 a
742 3780 839 3841 spe
867 3768 933 3820 ad
960 3766 1273 3823 fruitionent
1305 3782 1628 3825 aeternorum
1652 3766 1915 3826 bonorum
1949 3786 2073 3841 per-

486 3840 669 3894 venire
702 3839 766 3890 ad
804 3842 1308 3908 contemplationem
1362 3843 1513 3897 faciei
1544 3841 1671 3909 Dei;
1700 3858 1819 3896 nam
1867 3839 2075 3910 species

485 3910 677 3966 faciem
710 3909 998 3982 signiﬁcat.
1024 3910 1228 3966 Nonius
1258 3914 1566 3977 Marcellus,
1595 3930 1715 3982 cap.
1748 3911 1785 3965 4
1817 3932 1831 3968 :
1866 3909 2075 3982 Species

486 3983 675 4038 dicitur
708 3984 923 4055 efﬁgies,
958 3981 1138 4052 facies.
1186 3982 1359 4038 Liuius
1389 3983 1603 4055 /Egisto
1633 3981 1868 4038 :ilamne
1914 3981 2075 4055 oculis

485 4059 652 4125 specie
699 4052 821 4106 laeta
867 4057 962 4106 viri
1005 4056 1237 4125 optabili.
1293 4052 1626 4124 Unde,'cap.
1659 4059 1724 4121 1,
1750 4066 1825 4109 ait
1858 4075 1869 4109 :
1910 4054 1978 4109 Ut
2007 4054 2071 4108 ab

483 4135 693 4199 aspectu
716 4126 930 4199 species,
976 4134 1028 4199 et
1081 4143 1111 4178 a
1139 4128 1383 4199 ﬁngendo
1429 4131 1617 4199 ﬁgura,
1674 4130 1747 4180 ita
1789 4144 1822 4180 a
1871 4132 2075 4197 factura

483 4198 714 4268 corporis
757 4196 935 4264 facies.
968 4196 1189 4265 Species
1218 4196 1361 4267 'ergo
1403 4196 1505 4252 hoc
1533 4199 1649 4253 loco
1678 4208 1761 4252 est
1803 4196 1945 4253 clara
1982 4199 2075 4253 Dei

490 4269 648 4323 visio.
685 4268 759 4319 lia
790 4269 927 4331 apud
960 4268 1366 4335 'l'ertullianum,
1401 4270 1494 4325 lib.
1538 4271 1604 4323 de
1654 4270 2074 4325 Resurrectione

487 4339 666 4395 carnis
701 4355 711 4388 :
747 4335 926 4405 Itaque
968 4341 1154 4405 con/isi
1197 4357 1395 4408 semper
1438 4351 1483 4395 et
1522 4344 1733 4397 scientes
1786 4354 1919 4411 quod
1959 4358 2075 4396 cum

484 4411 897 4484 immoramurin
926 4425 1161 4484 corpore,
1190 4416 1581 4483 peregrinamur
1611 4432 1642 4467 a
1678 4416 1946 4481 Domino;
1984 4430 2076 4484 per

485 4482 642 4553 ﬁdem
672 4496 808 4553 enim
832 4480 1141 4553 incedimus,
1175 4499 1273 4535 non
1305 4480 1394 4550 per
1417 4486 1653 4553 speciem.

558 4553 682 4608 597.
700 4550 857 4605 Feria
879 4553 932 4604 5.
950 4553 1076 4606 ilice
1090 4550 1223 4608 feria
1238 4571 1342 4608 non
1366 4550 1454 4609 est
1470 4558 1520 4608 in
1536 4554 1823 4610 Codicibus
1840 4556 2073 4611 Rodradi

488 4636 543 4682 et
573 4624 885 4696 hlienieiisi,
913 4624 1110 4696 de_qua
1137 4627 1206 4679 ita
1240 4634 1460 4681 monent
1501 4629 1645 4680 Ordo
1677 4629 1969 4696 ltoinaiius,
2020 4638 2074 4684 et

485 4698 742 4754 Alcuinns
775 4693 967 4768 :lt'eria
989 4693 1021 4747 5
1050 4698 1187 4751 decst
1220 4698 1450 4768 ofﬁcium
1470 4708 1517 4750 et
1547 4696 1740 4761 Missa;
1771 4707 1818 4750 et
1843 4693 2069 4753 ideo’de-

484 4773 567 4824 bes
596 4777 803 4821 cantare
833 4767 896 4821 de
926 4765 1203 4823 Dominica
1222 4765 1562 4824 Pentecostes.
1589 4768 1646 4823 ιιι
1674 4772 1810 4824 Cod.
1852 4770 2065 4825 Ratoldi

485 4841 703 4913 abbatis
720 4839 876 4913 Missa
906 4838 1239 4913 bujusifcriic
1283 4844 1483 4913 quinta:
1525 4851 1611 4895 est
1662 4851 1720 4897 ut
1768 4840 1823 4895 in
1852 4840 1986 4896 feria
2032 4842 2065 4898 6

484 4912 643 4983 hujus
667 4910 878 4983 codicis
906 4912 1075 4964 sancti
1106 4912 1281 4983 Eligii.

555 4979 679 5037 398.
710 4979 816 5049 Da,
838 4997 1150 5051 quasumus,
1183 4979 1431 5041 Ecclesiw
1458 4995 1575 5051 tute,
1607 4994 1712 5041 etc.
1764 4985 1821 5040 In
1867 4984 2067 5043 Codice

485 5055 696 5126 Ratoldi
720 5054 927 5126 abbatis
950 5063 1032 5107 est
1051 5056 1134 5110 hic
1157 5058 1260 5112 alia
1276 5059 1460 5125 Missa,
1483 5058 1801 5113 Pnefatione
1820 5072 2065 5126 excepta.

557 5124 681 5180 599.
716 5124 777 5179 Si
804 5124 1095 5198 inlejunio
1123 5129 1294 5198 fuerit.
1324 5131 1450 5185 Haec
1481 5138 1638 5185 verba
1687 5124 2067 5184 desiderantur

484 5200 537 5256 in
584 5198 753 5252 Editis
781 5206 836 5251 et
861 5196 915 5250 in
937 5197 1055 5251 aliis
1074 5196 1361 5256 deicibus
1385 5203 1584 5257 nostris
1633 5216 1762 5255 mss.
1816 5211 1871 5255 et
1918 5203 2059 5269 apud

487 5270 803 5325 l’ameliuin.
846 5269 1100 5341 Notanda
1158 5282 1371 5338 tamen,
1423 5275 1545 5341 quia
1607 5275 1733 5328 olim
1796 5271 2061 5341 jejunium

484 5345 656 5413 quarti
685 5340 887 5394 mensis
908 5354 1013 5393 non
1057 5356 1271 5410 semper
1299 5340 1524 5400 cadebat
1566 5345 1620 5399 in
1672 5340 2060 5399 lieliduinadem

486 5414 860 5478 Petitecostes;
897 5425 999 5479 qua
1022 5413 1090 5468 de
1121 5430 1178 5467 re
1208 5417 1365 5472 infra.

555 5484 716 5557 ωι
747 5482 975 5559 ωολφ
1018 5500 1124 5559 nos
1166 5488 1374 5559 spiritus
1404 5488 1476 5541 tui
1506 5488 1674 5541 lumen
1704 5488 1965 5559 infundat.
2003 5487 2059 5543 Id

485 5568 590 5634 est,
617 5571 672 5611 ut
703 5559 856 5611 llObiS
888 5557 1121 5626 Spiritus
1163 5558 1240 5612 tui
1268 5558 1450 5616 lumen
1478 5557 1805 5615 infundatur.
1832 5561 1927 5614 Est
1959 5563 2062 5634 by-

486 5632 713 5702 pallage.

561 5773 587 5801 ι
629 5766 719 5821 Est
748 5769 908 5823 etiam
940 5770 1158 5825 omnino
1184 5771 1399 5827 diversa
1449 5773 1502 5827 in
1529 5780 1634 5828 vet.
1665 5772 1902 5829 Sacram.
1939 5769 2070 5832 Gal;

490 5835 608 5915 Iic.,
633 5842 720 5915 ubi
756 5840 944 5915 festum
980 5843 1078 5915 hoc
1109 5844 1409 5913 appellatur
1436 5846 1489 5899 in
1522 5846 1985 5915 Quinquagesimo;
2014 5856 2071 5903 at

487 5908 675 5984 eadem
706 5913 759 5984 in
787 5913 980 5984 Codice
1006 5908 1372 5984 RegCSuei-im
1400 5929 1453 5973 et
1482 5908 1673 5973 in'aliis
1696 5908 1823 5971 Mss.
1849 5908 2066 5975 nostris.

561 5976 589 6018 δ
628 5981 687 6035 ιιι
713 5980 847 6036 Cod.
879 5981 1011 6054 Reg.
1043 5976 1204 6043 Since.
1228 5990 1421 6059 legitur
1467 6006 1481 6045 :
1537 5992 1810 6061 Apostolos
1840 5991 2072 6058 plebem-

1220 448 1289 506 ΙΝ
1328 449 1387 508 S.
1429 446 1757 505 GREGORII
1800 446 2057 505 LIBRUM
2096 446 2714 508 SACRAIIENTORUM
2751 445 2977 505 ΝΟΤᾹΕ.

478 562 910 622 liitarevideatur
938 564 994 619 in
1025 561 1182 635 epist.
1216 566 1280 619 ad
1307 566 1525 621 Fabium
1551 566 1858 635 episcopum
1887 566 2071 619 Antio.
2098 569 2153 629 Α

3656 450 3771 509 592

2255 569 2383 639 40].
2416 568 2688 623 Deminica
2717 577 2921 639 octavas
2953 565 3296 623 Pentecostes.
3322 565 3594 639 lnAEditis
3636 568 3773 639 legi-

2182 650 2288 706 tur,
2307 637 2581 694 Dominica
2601 641 2652 693 in
2680 650 2827 693 nocte
2844 637 3169 710 Pentecostes
3196 639 3359 709 (Vide
3383 637 3618 703 Microl.,
3644 637 3769 710 cdy.

2176 710 2268 780 59)
2320 713 2423 767 Sed
2454 711 2577 780 quid
2612 712 2727 764 haec
2748 711 2845 763 sibi
2863 709 3034 780 velint
3059 709 3165 765 non
3189 710 3319 765 satis
3346 711 3524 778 capio.
3552 711 3607 765 lii
3626 709 3765 769 Cod.

2176 777 2409 835 Rodradi
2441 777 2510 837 ita
2542 782 2812 851 habetur:
2851 777 2947 835 Die
2980 780 3247 835 Dominico
3268 777 3433 836 uacat.
3466 781 3768 851 Assignan-

2176 862 2262 907 tur
2293 863 2473 909 tamen
2503 861 2613 907 tres
2648 850 2934 922 Orationes
2955 853 3009 906 in
3040 857 3185 907 hunc
3214 854 3429 907 modum
3464 850 3770 922 :Depreca-

2175 923 2365 978 tionem
2405 933 2667 987 nostram,
2718 920 2956 992 Domine,
3012 939 3335 992 qumsumus,
3381 920 3606 989 exaudi,
3654 934 3767 983 etc.

2173 993 2349 1065 Super
2376 994 2555 1050 oblata
2579 1013 2592 1047 :
2615 993 2859 1065 Munera,
2888 990 3128 1060 Domine,
3160 996 3328 1065 oblata
3350 996 3632 1064 sancti/ica,
3654 1007 3766 1053 etc.

2174 1063 2268 1121 Ad
2288 1066 2568 1135 Completa
2600 1082 2615 1119 :
2651 1063 2777 1118 Hinc
2800 1079 2893 1117 nos
2919 1066 3230 1136 communio,
3257 1063 3712 1136 Domine,purget
3736 1085 3770 1123 a

2174 1137 2410 1195 crimine.
2448 1136 2644 1192 Verum
2672 1137 2725 1190 in
2754 1135 3053 1204 appendice
3082 1138 3323 1204 ejusdem
3354 1136 3569 1192 Codicis
3602 1135 3770 1195 liabe-

2177 1218 2305 1263 tur:
2343 1208 2617 1261 Dominica
2645 1209 2701 1260 in
2737 1207 2931 1258 octabis
2959 1204 3322 1273 Pentecostes;
3361 1209 3513 1277 cujus
3553 1208 3773 1265 Oratio-

2176 1294 2277 1333 nes
2308 1288 2433 1334 sunt
2460 1287 2519 1333 ut
2546 1277 2837 1333 Codicibus
2868 1277 3081 1331 ltatoldi
3114 1288 3168 1333 et
3200 1278 3527 1342 Rbemensi,
3561 1279 3617 1335 in
3646 1283 3771 1342 qui-

2174 1349 2277 1404 bus
2309 1352 2453 1405 nulla
2482 1359 2563 1405 est
2599 1348 2802 1403 mentio
2829 1347 3184 1403 sanctissimae
3206 1350 3487 1405 Trinitatis
3517 1367 3533 1418 ;
3581 1347 3679 1406 sed
3713 1354 3771 1409 iii

2175 1421 2319 1475 serie
2344 1422 2727 1475 Prmlationum
2758 1418 3002 1488 ejusdem
3030 1420 3245 1475 Codicis
3273 1421 3509 1475 Rodradi
3539 1422 3590 1475 in
3622 1431 3773 1478 octa-

2177 1493 2260 1545 vis
2294 1494 2641 1547 l’entecostes
2684 1500 2857 1546 exstat
2902 1490 3145 1558 praefatio
3178 1493 3246 1546 de
3276 1502 3458 1547 sancta
3502 1492 3772 1550 Trinitate

2178 1564 2369 1618 eadem
2399 1578 2521 1617 cum
2554 1560 3032 1634 Missali‘Romano
3054 1571 3108 1617 et
3137 1563 3240 1634 hoc
3271 1578 3318 1618 s.
3345 1562 3501 1634 Eligii
3529 1564 3729 1620 Codice
3754 1606 3771 1629 ,

2176 1649 2340 1702 quam
2390 1636 2555 1690 etiam
2602 1631 2840 1701 reperire
2882 1640 2968 1686 est
3006 1634 3060 1687 in
3111 1633 3396 1689 Codicibus
3435 1631 3663 1689 'ttatoldi
3718 1647 3775 1691 et

2177 1705 2492 1761 Bliemensi.
2524 1706 2581 1760 ln
2611 1703 2993 1759 benedictione
3035 1704 3247 1761 Codicis
3296 1704 3514 1760 Rstoldi
3568 1707 3775 1774 primus

2180 1778 2479 1832 versiculus
2516 1775 2764 1831 meminit
2806 1777 3164 1831 sanetlssimte
3212 1775 3490 1830 Trinitatis
3538 1777 3592 1831 in
3632 1778 3777 1833 liunc

2177 1849 2401 1902 modum
2436 1864 2451 1903 :
2484 1847 2763 1903 Benedicat
2788 1860 2875 1898 vos
2900 1843 3169 1918 Trinitatis
3200 1847 3388 1901 divina:
3422 1845 3698 1918 Majestas,
3724 1858 3775 1903 et

2178 1933 2282 1972 una
2331 1919 2504 1972 Deitas
2532 1964 2546 1986 ,
2582 1917 2772 1982 Pater,
2829 1925 2875 1969 et
2906 1916 3079 1973 Filius
3103 1957 3118 1983 ,
3175 1929 3221 1972 et
3260 1918 3487 1988 Spiritus
3511 1916 3774 1985 sanctus;

2183 1992 2410 2059 talesque
2434 1992 2659 2046 inveniat
2683 1989 2791 2041 dies
2816 1988 3234 2056 examinationis,
3263 1990 3440 2059 quales
3471 1990 3636 2043 emisit
3656 1990 3775 2058 fons

2178 2062 2602 2131 regeneratioiiis.
2663 2063 2843 2113 Amen.
2897 2060 3076 2131 Atin
3129 2059 3514 2131 Benedictione
3562 2061 3776 2117 Codicis

2178 2130 2499 2187 Rbemensis
2520 2174 2536 2197 ,
2570 2150 2635 2188 ne
2660 2131 2882 2185 verbum
2915 2130 3134 2200 quidem
3164 2133 3231 2187 de
3252 2130 3629 2187 Sacratissima
3654 2133 3776 2187 'l'ri-

2179 2205 2345 2258 nitate
2374 2206 2557 2259 videre
2595 2213 2693 2258 est.

2252 2274 2376 2328 Hinc
2409 2274 2694 2330 diversitas
2718 2279 2880 2335 ofﬁcii
2912 2275 3036 2334 inde
3060 2273 3338 2339 manavit,
3375 2273 3516 2341 quod
3542 2273 3764 2344 quidam

2181 2343 2516 2399 alﬁrmarent
2538 2355 2784 2404 octavam
2816 2352 3165 2406 Pentecostes
3198 2360 3320 2400 esse
3346 2343 3724 2400 celebrandam
3753 2387 3768 2411 ,

2176 2416 2298 2468 aliis
2342 2418 2699 2489 negantibus;
2733 2438 2893 2489 quam
2939 2417 3373 2489 controversiam
3394 2417 3445 2469 in
3489 2416 3660 2471 Gallia
3688 2418 3773 2470 di-

2177 2498 2438 2563 versatus
2474 2488 2649 2563 Cerno
2699 2488 2866 2563 abbas
2887 2490 3236 2563 Augiensis,_
3262 2502 3337 2563 ur
3362 2488 3475 2555 ipse
3517 2497 3768 2555 testatur,

2177 2572 2298 2629 cap.
2329 2559 2363 2613 5
2386 2558 2506 2612 libri
2536 2559 2604 2614 de
2634 2562 2955 2629 quibusdam
2976 2558 3148 2617 rebus
3176 2559 3241 2612 ad
3272 2558 3481 2612 Missam
3504 2568 3772 2627 spectau-

2177 2628 2341 2695 tibus,
2372 2630 2563 2699 agitari
2593 2628 2743 2698 vidit,
2776 2644 2832 2689 et
2857 2637 2907 2688 in
2940 2635 3045 2687 line
3075 2630 3268 2698 capitis
3299 2629 3513 2684 tandem
3542 2630 3771 2683 conclu-

2176 2699 2254 2753 dit
2282 2701 2657 2756 celebraiidam
2687 2718 2808 2760 esse
2836 2716 3079 2759 octavam
3106 2701 3476 2756 Pentewstes.

2192 2809 2211 2839 ά.
2250 2770 2589 2841 Micrologus,
2622 2789 2742 2843 cap.
2772 2777 2835 2830 ib‘
2862 2775 2983 2831 libri
3005 2775 3071 2829 de
3100 2773 3237 2828 eccl.
3258 2771 3766 2840 Observationibus,

2176 2851 2334 2912 negat
2381 2846 2538 2912 plane
2586 2846 2969 2902 celebrandum
3022 2858 3143 2900 esse
3174 2846 3366 2898 festum
3410 2844 3769 2899 sanctissima:

2181 2911 2462 2969 Trinitatis
2482 2956 2497 2979 ,
2529 2916 2653 2984 quia
2678 2917 2943 2973 Doniinici
2984 2918 3100 2972 dies
3146 2916 3263 2985 ejus
3293 2914 3483 2968 lionori
3526 2916 3769 2983 deputati

2178 2994 2344 3051 sunt,
2393 2986 2688 3056 scribitque
2718 2992 2951 3043 otticium
3000 2990 3070 3042 de
3092 2994 3280 3041 sancta
3306 2985 3568 3040 Trinitate
3597 2986 3767 3046 fuisse

2176 3056 2534 3129 compositum
2577 3072 2607 3110 a
2636 3058 2912 3129 Stephano
2961 3058 3245 3114 Leodiensi
3272 3100 3286 3124 ,
3312 3062 3315 3063 ⁷
3337 3056 3576 3127 illudque
3606 3072 3769 3128 repu-

2178 3125 2379 3200 diatum
2395 3129 2609 3200 tuissea
2624 3125 2752 3185 sede
2772 3132 3065 3200 apostolica
3087 3125 3544 3194 ;etAlexandruin
3572 3125 3766 3196 papam

2174 3198 2497 3268 requisitum
2545 3198 2615 3253 de
2654 3200 2743 3255 die
2772 3198 2971 3257 sancta:
3000 3202 3278 3257 Trinitatis
3305 3240 3321 3263 ,
3370 3200 3723 3268 resiiondisse
3751 3238 3769 3265 ,

2176 3266 2328 3337 juxta
2377 3269 2632 3325 Ordinem
2672 3271 2977 3328 Romanum
3017 3272 3221 3327 nullum
3270 3270 3413 3324 diem
3462 3266 3770 3339 specialiter

2182 3339 2377 3393 ascribi
2418 3339 2617 3396 debere
2660 3345 2991 3399 solemnitati
3032 3352 3233 3398 sanctae
3278 3340 3595 3405 Trinitatis,
3628 3343 3768 3396 sicut

2180 3424 2281 3485 nec
2304 3410 2773 3485 saiictzeUnitatis,
2790 3416 3061 3485 praecipue
3087 3429 3209 3468 cum
3229 3412 3281 3466 in
3304 3413 3449 3466 omni
3467 3412 3766 3485 Doniinica,

2180 3481 2289 3536 imo
2316 3484 2576 3551 quotidie,
2604 3481 2882 3553 utriusque
2903 3481 3165 3541 memoria
3194 3482 3766 3553 celebretur.'l‘amen,

2179 3566 2302 3606 cum
2352 3554 2454 3609 hoc
2496 3556 2690 3609 festum
2731 3556 2992 3613 habeatur
3034 3559 3085 3610 in
3138 3563 3323 3609 nostro
3352 3555 3553 3608 Codice
3592 3557 3771 3611 sancti

2186 3623 2377 3695 Eligii,
2409 3624 2542 3680 etin
2571 3627 3015 3685 Sacrameiitariis
3048 3627 3205 3682 editis
3233 3641 3297 3681 ex
3334 3625 3590 3680 Vaticano
3612 3666 3627 3688 ,
3661 3642 3770 3682 non

2180 3704 2265 3767 est
2289 3697 2508 3749 dubium
2542 3698 2671 3767 quin
2703 3700 2861 3754 luerit
2890 3700 3018 3754 olim
3043 3700 3375 3753 celebratum
3406 3737 3421 3761 ,
3450 3698 3543 3752 sed
3574 3709 3767 3766 postea

2180 3766 2583 3840 intermissum,
2607 3771 2930 3840 tandemque
2966 3786 2994 3824 a
3023 3768 3278 3824 Romanis
3307 3768 3769 3840 pontificibusin-

2179 3846 2497 3910 stauratum.
2523 3839 2773 3895 Etmiror
2790 3839 2923 3898 sane
2948 3841 3003 3896 id
3030 3841 3171 3910 quod
3196 3841 3451 3910 scribitur
3488 3844 3553 3893 ab
3573 3839 3768 3894 eodem

2180 3907 2473 3978 Micrologo
2501 3910 2569 3964 de
2600 3910 2923 3968 l’razfatione
2953 3907 3152 3966 sancta:
3175 3909 3457 3965 Trinitatis
3485 3925 3515 3963 a
3549 3911 3769 3979 Pelagio

2178 3993 2315 4048 papa
2344 3981 2583 4033 instituta
2606 4018 2623 4047 ,
2672 3997 2794 4036 cum
2824 3985 2899 4037 ait
2932 3984 3076 4037 illam
3101 3983 3296 4036 diebus
3326 3981 3623 4036 Dominicis
3655 3984 3768 4036 fre-

2179 4054 2457 4119 quentari;
2511 4067 2633 4105 nam
2680 4053 2733 4106 in
2774 4055 3024 4108 omnibus
3073 4055 3275 4108 nostris
3317 4052 3768 4109 Sacramentariis

2178 4135 2311 4195 mss.
2342 4132 2397 4176 et
2422 4123 2475 4176 in
2510 4123 2679 4195 Editis
2710 4138 2777 4179 ex
2813 4125 3105 4191 Vaticano,
3132 4124 3398 4195 ejusmodi
3430 4125 3683 4179 Prietatiu
3712 4126 3768 4179 in

2180 4193 2745 4267 nulla_Dominica(si
2787 4208 3032 4252 octavam
3078 4193 3422 4267 Pei‘itecostes
3465 4195 3769 4267 exceperis)

2179 4264 2465 4337 reperitur,
2499 4266 2594 4320 sed
2623 4264 2854 4337 singulis
2888 4266 3178 4323 Dominicis
3210 4272 3423 4336 propria
3455 4282 3549 4320 sua
3574 4264 3770 4319 tribui-

2182 4344 2267 4389 tur
2297 4334 2582 4408 Praelatio;
2628 4334 2882 4408 qui'sane
2906 4340 3122 4395 codices
3160 4334 3444 4408 mssfipso
3481 4338 3771 4407 Micrologo

2179 4416 2305 4462 sunt
2332 4407 2685 4481 antiquiores,
2717 4413 2805 4481 qui
2832 4412 3056 4479 proinde
3085 4408 3254 4464 solani
3281 4407 3394 4465 sua:
3422 4410 3767 4481 tempestatis

2179 4492 2308 4533 usus
2354 4479 2409 4533 in
2460 4479 2781 4549 quibusdam
2816 4482 2981 4537 Italiae
3025 4481 3155 4536 locis
3204 4482 3468 4536 rationein
3511 4480 3771 4535 habuisse

2178 4550 2406 4624 videtur,
2435 4566 2540 4605 non
2564 4556 2697 4607 satis
2723 4558 3003 4624 explorato
3031 4569 3131 4607 usu
3148 4552 3676 4624 antiquiorerQuare
3700 4566 3768 4605 ex

2179 4620 2263 4693 his
2284 4636 2405 4689 quae
2429 4635 2591 4687 supra
2606 4634 2783 4677 notata
2796 4620 2932 4680 sunt
2948 4623 3213 4693 ejusmodi
3232 4633 3255 4661 ο
3280 4620 3531 4679 Praefatio
3556 4622 3770 4677 videtur

2179 4708 2208 4745 a
2244 4692 2461 4761 Pelagio
2486 4694 2727 4747 instituta
2756 4696 2826 4749 ob
2850 4692 3042 4750 festum
3073 4707 3274 4751 sanctae
3298 4695 3599 4749 Trinitatis.

2252 4760 2517 4837 κίοι-ραι
2536 4780 2662 4837 cum
2692 4768 2956 4837 unigenito
2979 4767 3109 4835 lilio,
3142 4778 3247 4822 etc.
3282 4766 3447 4821 Recte
3476 4764 3765 4835 Corippus,

2173 4834 2273 4889 lib.
2305 4838 2373 4889 de
2398 4833 2672 4891 Laudibus
2700 4833 2896 4893 Justiui
2926 4833 3151 4894 minoris
3176 4846 3215 4905 τι

2466 4985 2481 4999 .
2510 4986 2521 4998 .
2544 4987 2556 4999 .
2585 4985 2600 5001 .
2630 4949 2735 5001 Illic
2757 4953 2832 5014 pia
2855 4953 3079 5002 cernitur
3104 4964 3235 5001 esse.

2327 5009 2535 5062 Indivisa
2556 5009 2957 5073 maneus'Patris,
2980 5016 3252 5075 Genitique
3277 5017 3513 5075 potestas,

2331 5076 2547 5137 Spiritus
2571 5084 2623 5125 et
2645 5084 2841 5126 sanctus
2862 5080 3136 5126 substantia
3158 5077 3374 5125 creditur
3395 5088 3508 5125 una.

2323 5137 2451 5201 ’ξι-εδ
2466 5146 2581 5187 sunt
2602 5152 2848 5201 persona,
2876 5141 3171 5199 subsistunt,
3197 5140 3389 5186 nomina
3412 5138 3621 5201 fulgent.

2332 5199 2494 5263 thue
2517 5201 2665 5251 Pater
2685 5200 2820 5250 Deus
2835 5199 2939 5257 est,
2966 5204 3175 5251 Geuitus
3198 5203 3335 5249 Deus
3356 5199 3527 5263 aequus
3551 5199 3766 5261 honore,

2327 5262 2541 5324 Spiritus
2565 5273 2617 5311 et
2638 5272 2838 5314 sanctus
2862 5266 3045 5325 pariter
3070 5265 3249 5321 Deus,

2241 5352 2367 5409 403.
2391 5352 2661 5409 Dedicatio
2677 5356 2900 5409 basilica:
2928 5355 3090 5409 sancti
3119 5354 3437 5410 Nicomedis.
3463 5354 3591 5409 Hinc
3608 5352 3771 5411 Missa

2172 5439 2279 5480 non
2314 5428 2536 5481 habetur
2564 5427 2617 5480 in
2646 5426 2836 5491 Editis,
2868 5436 3045 5481 exstat
3075 5438 3249 5481 tamen
3283 5428 3335 5480 in
3363 5428 3614 5481 omnibus
3643 5426 3768 5480 aliis

2173 5498 2451 5551 codicibus
2477 5499 2677 5551 nosiris
2709 5512 2841 5568 iiiss.
2863 5537 2880 5563 ,
2913 5509 2967 5551 et
2991 5500 3130 5568 apud
3159 5497 3488 5565 Panielium,
3521 5497 3545 5533 ά
3574 5498 3626 5551 in
3657 5512 3772 5567 quo

2176 5569 2328 5622 deest
2353 5571 2410 5624 τὸ
2440 5570 2682 5624 basilicis.
2707 5566 2764 5622 ln
2796 5568 2994 5624 Codice
3023 5566 3313 5624 lthemensi
3344 5570 3586 5638 obrepsit
3612 5582 3772 5622 error

2177 5639 2233 5694 in
2262 5641 2437 5708 titulo;
2468 5641 2663 5711 legitur
2685 5642 2832 5697 enim
2864 5639 3152 5706 Nicodimi,
3181 5642 3272 5711 qui
3307 5651 3485 5696 tamen
3515 5641 3669 5694 abest
3698 5640 3770 5695 ab

2175 5774 2287 5855 que.
2310 5784 2624 5838 credentium
2652 5784 2928 5853 pra'sentia
2954 5798 3062 5838 sua:
3088 5782 3378 5854 Mujestatis
3404 5783 3653 5852 implevit.

2252 5866 2275 5895 ε
2308 5856 2446 5911 Nulli
2493 5872 2524 5910 e
2575 5856 2704 5909 Mss.
2736 5856 2932 5909 nostris
2966 5858 3162 5910 habent
3203 5855 3579 5909 Prazfationem
3628 5855 3765 5907 lianc

2180 5928 2457 5983 Dominica
2490 5942 2582 5981 seu
2615 5927 2951 5980 liebdomada
2980 5928 3215 5981 secunda
3238 5937 3357 5995 post
3385 5927 3761 5980 Pentecosten.

2251 5997 2277 6035 ά
2309 6000 2366 6054 lii
2393 5998 2528 6053 Cod.
2551 5998 2764 6053 Calensi
2792 5996 2984 6067 legitur
3014 6014 3029 6053 :
3056 5998 3251 6051 Natale
3270 5998 3436 6052 sancti
3460 5995 3761 6050 Nicomedis
