4136 6352
306 346 415 415 893

1062 352 1132 411 ΙΝ
1169 347 1226 415 S.
1270 345 1602 414 GREGORII
1640 354 1897 417 LIBRUM
1939 353 2547 417 SACRAMENTORUM
2584 350 2816 416 ΝΟΤιΕ.

3483 361 3589 421 594

308 470 661 546 Orationibus
701 464 943 546 ejusdem
969 468 1186 546 (Iudicis
1209 510 1228 540 ,
1290 472 1347 529 in
1386 473 1580 545 quibus
1621 474 1819 546 legitur
1845 476 1903 533 τὸ
1928 479 1985 543 Α
2010 488 2400 542 convenerunt,
2424 492 2546 534 can.
2575 478 2644 532 ’54
2673 493 2687 531 :
2715 475 2967 532 Similiter
2986 492 3039 530 in
3064 492 3237 533 mense
3262 478 3424 532 Junio
3455 481 3595 536 "Bb-

311 544 616 602 .Nicomedis
642 551 694 597 et
724 542 1027 597 Nicomede.

395 613 823 688 H:ec_dedica__tio
851 614 1041 688 eodem
1077 614 1171 688 die
1205 622 1406 688 exstat,
1427 613 1481 669 in
1506 614 1899 688 Martyrologiis

307 682 763 758 Bell:e,Usuardi
811 694 898 758 et__
915 685 1147 750 Adonis;
1182 696 1236 741 et
1268 687 1321 741 in
1360 682 1741 758 Martyrologio
1790 682 1894 743 ms.

311 757 569 815 biblioth.
608 755 771 811 Corb.
811 772 824 810 :
861 755 1057 821 Romae,
1106 758 1360 812 dedicatio
1392 755 1560 811 sancti
1604 758 1902 814 Nicomedis

317 830 581 900 martyris,
608 830 765 900 cujus
794 828 1094 900 martyrium
1128 844 1233 900 xvu
1266 828 1495 882 Kalend.
1532 828 1765 900 Octobris
1796 832 1868 884 ibi
1879 860 1902 872 -

319 900 435 952 dem
489 898 791 952 celebratur.
849 899 904 952 ln
938 898 1315 967 Martyrologio
1362 899 1570 955 Rabani
1615 918 1627 952 :
1671 899 1899 955 Kalend.

314 968 515 1029 Juniis,
548 968 713 1022 sancti
742 967 1042 1022 Nicomedis
1084 972 1329 1039 martyris
1360 970 1585 1025 ecclesiee
1614 971 1915 1027 dedicatio:

315 1047 377 1096 et
407 1041 460 1094 in
492 1040 874 1111 Martyrologio
898 1040 1119 1095 Notkeri
1143 1043 1330 1094 eodem
1356 1042 1447 1098 die
1472 1058 1486 1095 :
1522 1042 1722 1108 Romae,
1752 1043 1902 1096 dedi-

317 1112 458 1167 catio
505 1109 674 1164 sancti
712 1109 1015 1183 Nicomedis
1040 1111 1317 1183 presbyteri
1357 1123 1403 1166 et
1430 1114 1674 1183 martyris
1698 1154 1715 1179 ,
1758 1115 1905 1182 cujus

316 1183 627 1253 martyrium
674 1196 781 1236 xm
812 1180 1048 1253 Kalend.
1066 1180 1299 1236 Octobris
1349 1180 1652 1238 celebratur.
1686 1185 1744 1238 In
1776 1180 1909 1239 Mar-

322 1252 488 1326 tyrol’.
540 1268 641 1308 ms.
672 1253 848 1326 sancti
894 1252 1202 1326 Hieronymi
1231 1256 1288 1326 fit
1316 1255 1764 1326 quidemheodent
1816 1254 1907 1310 die

322 1323 529 1379 silentio
572 1324 743 1378 sancti
787 1323 1132 1385 Nicomedis,
1186 1323 1281 1383 sed
1313 1339 1418 1378 non
1442 1324 1792 1379 dedicationis
1820 1340 1907 1379 ec-

321 1394 513 1465 clesiae
545 1411 557 1446 :
589 1394 787 1465 Romtg,
811 1392 1053 1465 Iuvenci,
1085 1392 1280 1464 Cyrici,
1313 1395 1612 1449 Nicomedis
1641 1396 1903 1465 martyris,

323 1463 700 1535 Exuperantii,
726 1463 969 1519 Eracliee.
1009 1464 1067 1535 In
1114 1463 1339 1535 parvulo
1387 1463 1905 1535 Martyrologio'ms.

323 1533 461 1590 Cod.
496 1536 690 1589 Ithem.
729 1543 912 1589 assuto
946 1533 1211 1590 :Kofend.
1248 1533 1427 1603 Junii,
1461 1533 1716 1590 dedicatio
1746 1537 1909 1590 sancti

278 1664 291 1669 λ
327 1606 632 1661 Nicomedis
661 1607 718 1659 in
751 1605 1135 1661 Thessalonica.
1171 1605 1268 1660 Ubi
1294 1606 1410 1660 bsic
1434 1607 1625 1674 verba,
1670 1608 1725 1661 in
1751 1606 1906 1660 Thesa

322 1678 555 1732 salonica
578 1717 595 1740 .
650 1691 757 1731 non
783 1683 1029 1745 spectant
1055 1677 1122 1731 ad
1167 1674 1307 1730 hanc
1350 1677 1782 1743 dedicationem;
1814 1677 1910 1732 sed

325 1748 448 1817 quia
506 1749 690 1818 hujus,
722 1746 1089 1817 Martyrologii
1140 1745 1257 1818 dies
1309 1748 1511 1818 singuli
1561 1749 1716 1803 unica
1766 1748 1909 1802 linea

329 1817 887 1888 comprehenduntur,
945 1832 1065 1872 cum
1098 1817 1193 1872 ad,
1210 1818 1369 1872 finem
1402 1820 1561 1873 lineae
1588 1828 1907 1888 perventum

326 1898 432 1955 est,
465 1898 664 1944 cmtera
692 1904 723 1942 a
767 1889 1032 1958 scriptore
1074 1898 1198 1942 sunt
1252 1889 1482 1955 omissa,
1539 1904 1659 1955 qua:
1694 1890 1762 1944 ad
1794 1890 1907 1944 [nec

332 1960 598 2030 vocabula
621 1968 901 2030 spectant,
931 1959 1072 2028 quod
1098 1960 1310 2029 planum
1335 1968 1420 2030 est
1447 1974 1513 2013 ex
1537 1958 1910 2030 Martyrologio

330 2027 682 2101 Rabani,7in
727 2045 831 2099 quo
878 2027 1122 2101 proxime
1158 2037 1277 2099 post
1314 2027 1708 2085 dedicationem
1740 2027 1911 2086 san—eti

331 2100 642 2156 Nicomedis
670 2099 911 2169 sequitur
943 2117 957 2154 :
988 2099 1055 2154 In
1080 2100 1449 2155 Thessalonica
1475 2103 1648 2156 natale
1674 2101 1874 2155 Octavii
1892 2139 1908 2166 ,

328 2180 385 2227 et
412 2187 484 2227 ex
514 2171 887 2244 Martyrologio
916 2172 1088 2227 sancti
1120 2172 1454 2244 Hieronymi,
1502 2173 1556 2227 in
1587 2187 1695 2242 quo
1724 2173 1909 2244 statim

329 2252 456 2311 post
483 2241 781 2311 nominatos
808 2251 1054 2296 sanctum
1082 2241 1424 2297 Nicomedem
1452 2251 1505 2298 et
1531 2241 1761 2298 caeteros
1787 2242 1908 2298 sub-

327 2310 579 2386 iungitur
605 2332 619 2367 :
657 2314 709 2365 in
737 2310 1098 2386 Thessalonica
1128 2312 1305 2386 Luciee
1353 2312 1604 2386 Virginis,
1636 2323 1762 2386 Aetc.
1790 2328 1912 2368 cum

332 2383 578 2455 priorem
623 2385 950 2455 nominasset
985 2383 1040 2438 in
1070 2384 1254 2455 limine
1292 2383 1512 2439 istarum
1552 2384 1912 2439 Kalendarum

340 2464 588 2509 sanctum
634 2454 913 2510 Octavium
936 2492 954 2519 ,
986 2455 1037 2508 in
1069 2454 1433 2510 Thessalonica
1476 2456 1644 2509 sancti
1691 2454 1912 2512 Octavii.

334 2524 507 2594 Hujus
536 2525 793 2581 Ecclesiae
821 2526 989 2581 sancti
1021 2525 1326 2582 Nicomedis
1356 2528 1556 2582 mentio
1585 2528 1646 2581 lit
1687 2528 1741 2581 in
1786 2540 1917 2581 con-

335 2596 460 2651 cilio
493 2597 735 2668 Romano
761 2611 801 2668 ι,
828 2596 953 2668 sub
978 2595 1303 2668 Symmacho
1332 2611 1489 2668 papa.
1524 2596 1692 2668 Porro
1722 2598 1776 2652 in
1814 2597 1918 2651 Co-

337 2668 457 2721 dice
502 2666 711 2739 llatoldi
756 2666 964 2723 abbatis
992 2666 1253 2739 habetur,
1303 2683 1352 2723 γι
1381 2666 1512 2722 Idus
1534 2667 1713 2735 Junii,
1742 2669 1918 2723 natale

347 2740 513 2793 sancti
540 2737 779 2792 Medardi
810 2739 1137 2807 confessoris.

408 2810 539 2865 401.
570 2808 760 2863 Natale
787 2819 1080 2863 sanctorum
1110 2808 1279 2863 Primi
1307 2816 1358 2864 et
1378 2809 1653 2865 Feliciani.
1680 2809 1778 2866 Hic
1803 2810 1919 2868 dies

340 2880 511 2935 festus
546 2895 653 2935 non
683 2888 858 2936 exstat
898 2879 953 2937 in
980 2879 1114 2936 Cod.
1143 2880 1377 2937 Rodradi
1404 2920 1420 2948 ,
1464 2881 1918 2953 quemadmodum

337 2966 439 3007 nec
464 2966 718 3007 sentiens.

409 2966 816 3095 Ὲῖηῗιιοᾴ
856 3022 962 3095 illis
984 3019 1203 3095 contulit
1246 3023 1548 3095 eacellentia
1591 3020 1918 3095 sempiterna.

339 3091 559 3161 Legitur
600 3093 654 3147 in
694 3091 829 3149 Cod.
878 3093 1169 3149 Rhemensi
1210 3109 1225 3147 :
1270 3092 1338 3146 Et
1387 3096 1523 3163 quod
1564 3094 1672 3149 illis
1697 3091 1922 3150 contulit

338 3164 697 3235 excellentiam
722 3165 1104 3234 sempiternam,
1136 3163 1189 3217 id
1218 3173 1335 3228 est,
1367 3166 1616 3220 meritum
1650 3166 1919 3235 passionis

2009 549 2232 601 domada
2264 550 2489 621 secunda
2512 591 2525 614 ,
2579 549 2705 617 feria
2742 549 2795 621 λιΔ
2810 558 2854 601 ει
2887 549 2938 621 li,
2970 556 3015 621 et
3051 548 3278 602 Sabbato
3322 553 3593 621 jejunetur

2005 636 2162 692 usque
2194 621 2262 673 ad
2297 620 2475 692 horam
2520 635 2730 692 nonam.
2763 618 2915 692 Quod
2948 620 3143 692 citatur
3163 634 3208 692 7a
3244 618 3592 692 Burc'hardo,

2006 690 2101 763 lib.
2130 706 2340 763 tt._eap.
2371 690 2459 763 III,
2488 690 2581 745 sed
2609 688 2959 763 contractius;
2989 699 3040 763 et
3071 705 3100 763 a
3131 690 3442 763 Micrologo,
3466 688 3591 763 cap;

2008 760 2078 814 21
2106 771 2161 816 et
2189 760 2282 824 25,
2310 762 2377 816 de
2402 761 2878 817 Observationibus
2906 762 3039 816 eccl.
3066 761 3172 816 Sed
3199 760 3590 820 videturinte—l-

2006 832 2173 900 Iigere
2205 832 2348 886 aliud
2378 832 2575 887 concil.
2606 832 3000 900 Moguntinum,
3022 846 3139 886 cum
3172 832 3246 886 ait
3269 832 3399 888 illud
3429 834 3595 892 fuisse

2005 903 2105 957 sub
2139 902 2372 958 Henrico
2409 903 2645 958 secundo
2676 902 3001 957 celebratum
3030 943 3045 967 ,
3100 903 3254 972 eique
3283 906 3595 963 interluisse

2010 972 2293 1029 duodecim
2328 975 2627 1041 episcopos.
2682 974 2827 1028 Idem
2859 973 3110 1028 statuitur
3139 974 3193 1029 in
3221 976 3451 1030 concilio
3482 976 3596 1032 Ro-

2006 1044 2245 1112 tbomag.
2290 1045 2562 1117 celebrato
2589 1059 2730 1099 anno
2758 1044 2925 1117 1υ72.
2974 1045 3104 1097 Item
3142 1054 3364 1115 quatuor
3404 1056 3602 1117 tempo-

2006 1128 2123 1167 rum
2155 1116 2434 1169 observatio
2462 1114 2768 1185 competenti
2797 1124 3024 1185 tempore
3048 1114 3329 1170 secundum
3369 1114 3603 1172 divinam.

2006 1185 2375 1239 institutionem
2406 1188 2674 1256 communi
2695 1187 3013 1256 observantia
3035 1204 3067 1239 a
3093 1186 3240 1256 nobis
3268 1198 3516 1256 servetur,
3536 1190 3595 1244 id

2009 1265 2082 1309 est
2116 1258 2282 1323 prima
2312 1256 2632 1309 hebdomada
2656 1255 2859 1323 Martii,
2893 1255 3121 1311 secunda
3144 1255 3290 1310 Junii
3315 1299 3331 1323 ,
3372 1255 3508 1325 etc.,
3535 1267 3599 1315 ut

2009 1326 2177 1379 refert
2213 1325 2529 1393 Ordericus,
2563 1326 2655 1397 lib.
2694 1343 2745 1381 IV
2778 1325 2915 1381 Hist.
2941 1327 3075 1383 eccl.
3103 1327 3229 1383 Haec
3261 1343 3357 1397 pro
3384 1330 3603 1386 ratione

2011 1403 2327 1470 temporum
2348 1398 2580 1470 illorum.
2614 1396 2739 1470 Fuit
2773 1411 2912 1470 sane
2939 1398 3370 1470 antiquiorusus
3403 1400 3600 1470 jejunii

2011 1466 2170 1534 hujus
2198 1468 2505 1522 celebrandi
2537 1468 2592 1522 in
2622 1467 2738 1537 ipsa
2771 1466 3117 1523 Pentecostes
3146 1466 3504 1536 hebdomade,
3535 1478 3601 1528 ut

2010 1538 2227 1613 clarum
2242 1546 2324 1592 est
2350 1553 2414 1593 ex
2444 1545 2632 1613 sancto
2673 1539 2880 1593 Isidoro
2904 1579 2919 1603 ,
2957 1538 3049 1593 lib.
3080 1554 3095 1593 ι
3125 1539 3192 1613 de
3223 1538 3547 1613 0fﬁc._eccl.
3576 1581 3599 1613 ,

2011 1622 2130 1680 cap.
2162 1608 2251 1680 57,
2272 1619 2333 1680 et
2354 1618 2549 1680 sancto
2575 1610 2750 1664 Leone
2783 1623 2940 1680 papa,
2970 1623 3135 1680 serm.
3168 1610 3229 1674 1,
3272 1610 3307 1661 2
3332 1652 3345 1673 ,
3376 1610 3409 1661 5
3435 1620 3491 1666 et
3520 1608 3601 1680 4,

2011 1677 2079 1732 de
2118 1678 2319 1747 jejunio
2352 1678 2699 1735 Pentecostes
2728 1697 2741 1732 :
2784 1677 2869 1747 qui
2903 1679 3115 1734 tandem
3148 1681 3198 1734 in
3235 1680 3478 1735 Ecclesia
3516 1677 3603 1739 rel-

2012 1749 2145 1803 vixit
2174 1750 2498 1823 auctoritate
2521 1750 2767 1823 Gregorii
2794 1750 2884 1805 VII
2902 1791 2917 1815 ,
2935 1758 3010 1823 ut
3038 1752 3199 1823 docet
3229 1750 3560 1823 Micrulogus
3583 1793 3603 1821 ,

2013 1833 2135 1889 cap.
2167 1818 2256 1885 Ξῖ),
2292 1831 2344 1874 et
2375 1820 2575 1874 Urbani
2602 1821 2666 1884 ll,
2706 1822 2760 1874 in
2791 1820 3025 1875 concilio
3051 1818 3511 1888 Claromontano',
3547 1818 3604 1879 in

2013 1906 2118 1957 quo
2148 1891 2224 1962 sic
2251 1891 2507 1962 statuitur
2531 1908 2543 1941 :
2579 1890 2850 1959 Jejunium
2871 1892 3158 1945 secundum
3175 1908 3375 1962 semper
3406 1894 3457 1947 in
3480 1894 3605 1947 heb-

2011 1960 2232 2013 domade
2283 1960 2609 2015 Pentecostes
2659 1963 2968 2025 celebretur,
3020 1968 3078 2015 ut
3101 1960 3607 2021 refert'Urdericus

2018 2031 2221 2096 Vitalis,
2254 2031 2347 2086 lib.
2379 2047 2431 2085 1x
2460 2032 2596 2085 Hist.
2631 2034 2764 2087 eccl.
2791 2032 2887 2103 Sic
2916 2031 3044 2085 olim
3068 2032 3334 2101 jejunium
3364 2036 3602 2103 primum

2012 2113 2243 2174 quatuor
2267 2110 2566 2174 temporum
2592 2102 2950 2173 peragebatur
2975 2102 3025 2156 in
3055 2102 3396 2174 bebdomade
3423 2106 3601 2174 prima

2014 2172 2221 2227 mensis
2262 2173 2464 2237 Martii,
2513 2172 2802 2229 ut’videre
2832 2183 2915 2229 est
2968 2172 3159 2228 eodem
3212 2189 3333 2231 can.
3388 2172 3609 2232 concilii

2016 2242 2308 2312 Moguntini
2341 2258 2503 2315 supra
2548 2243 2696 2297 citati
2732 2262 2744 2297 :
2779 2241 3127 2298 Constitutum
3168 2253 3249 2315 est
3298 2254 3355 2298 ut
3385 2257 3606 2315 quatuor

2017 2320 2246 2380 tempora
2276 2315 2396 2367 anni
2433 2313 2495 2386 ab
2522 2316 2759 2386 omnibus
2788 2330 2908 2368 cum
2930 2315 3135 2384 jejunio
3166 2313 3524 2386 observentur,
3555 2317 3613 2372 id

2016 2394 2089 2438 est
2121 2386 2173 2438 in
2196 2401 2364 2439 mense
2395 2384 2583 2451 primo,
2614 2384 2667 2438 Η
2673 2385 2960 2439 ebdomada
2982 2386 3169 2455 prima,
3200 2396 3305 2442 etc.
3339 2388 3408 2442 Et
3434 2384 3613 2443 conci-

2021 2455 2093 2509 lio
2114 2455 2534 2523 Holhomagensi
2564 2471 2727 2524 supra
2753 2457 2916 2512 citato
2941 2473 2953 2509 :
2984 2454 3256 2510 Communi
3286 2457 3615 2515 observantia

2020 2526 2309 2579 observetur
2337 2542 2369 2579 a
2400 2527 2545 2580 nobis
2570 2570 2585 2593 ,
2634 2527 2688 2579 id
2719 2537 2791 2582 est
2817 2528 2989 2595 prima
3022 2526 3362 2582 Hebdomada
3407 2528 3612 2586 Martii.

2018 2596 2123 2651 Sed
2168 2605 2352 2665 postea
2396 2596 2534 2651 idem
2590 2596 2881 2663 Gregorius
2930 2596 3017 2653 VII
3065 2598 3340 2654 u‘anstulit
3394 2599 3529 2655 illud
3560 2603 3618 2657 in

2019 2665 2405 2722 hebdomadam
2434 2668 2661 2737 primam
2692 2667 3128 2737 Quadragesimte
3150 2708 3165 2735 ,
3219 2679 3279 2723 ut
3322 2670 3481 2724 docet
3514 2672 3617 2726 Mi-

2018 2738 2267 2807 crologus
2290 2780 2305 2803 ,
2339 2736 2457 2806 cap.
2490 2736 2562 2790 24
2585 2781 2599 2804 ,
2636 2746 2692 2793 et
2721 2740 2793 2793 ita
2836 2736 3098 2794 statutum
3145 2749 3227 2795 est
3275 2739 3328 2795 in
3377 2742 3612 2797 concilio

2021 2803 2196 2862 citato
2213 2803 2631 2863 Clarornontano
2651 2826 2665 2863 :
2687 2808 2840 2864 Omni
2863 2819 3091 2879 tempore
3108 2811 3330 2878 primum
3348 2812 3616 2879 jejunium

2022 2887 2243 2951 quatuor
2286 2889 2569 2949 temporum
2613 2882 2782 2944 prima
2829 2878 3155 2951 hebdomada
3188 2878 3617 2951 Quadragesimw

2024 2949 2322 3013 celebretur,
2356 2960 2413 3004 ut
2440 2951 2600 3004 refert
2625 2952 2913 3006 Ordericus
2948 2950 3134 3005 Vitalis
3162 2951 3304 3007 libro
3331 2949 3517 3008 citato.

2094 3020 2221 3076 411.
2270 3018 2398 3074 Post
2449 3020 2839 3077 benedictiones.
2892 3020 2949 3075 Id
3000 3029 3103 3084 est,
3159 3031 3282 3090 post
3327 3025 3614 3082 recitatum

2025 3088 2314 3167 bymnum_
2328 3091 2490 3167 trium
2538 3107 2826 3160 puerorum
2859 3111 2872 3148 :
2904 3088 3201 3148 Benedicite
3240 3096 3417 3149 omnia
3455 3111 3616 3167 Opera

2029 3160 2241 3215 Domini
2272 3160 2516 3230 Domino,
2548 3171 2655 3218 etc.

342 3234 563 3306 illorum
590 3278 605 3299 ,
647 3235 793 3305 quod
831 3232 921 3291 eis
950 3236 1173 3306 gloriam
1222 3236 1448 3290 contulit
1497 3232 1873 3306 sempiternam
1899 3277 1917 3306 ,
1948 3237 1994 3300 C
2037 3304 2063 3306 _
2094 3232 2219 3306 412.
2274 3234 2465 3306 Natale
2515 3244 2809 3289 sanctorum
2856 3232 3104 3306 Gervasii
3131 3242 3183 3306 et
3237 3233 3498 3292 Protasii.
3557 3239 3621 3298 In

338 3305 605 3361 fructibus
635 3315 836 3361 nostra:
865 3305 1167 3361 devotionis
1206 3306 1523 3375 applicetur.

410 3377 585 3431 Porro
631 3377 683 3432 in
716 3376 1001 3432 Codicibus
1048 3375 1259 3430 Ratoldi
1292 3388 1343 3429 et
1375 3376 1664 3433 Rhemensi
1693 3377 1923 3434 habetur

339 3462 456 3503 xvn
486 3447 709 3503 Kalend.
741 3447 864 3503 Julii
896 3447 1074 3502 natale
1105 3447 1273 3502 sancti
1304 3446 1451 3512 Viti,
1502 3449 1585 3503 cui
1627 3450 1677 3503 in
1721 3449 1922 3505 Missali

340 3517 592 3575 Romano
619 3518 979 3589 adjunguntur
1009 3518 1276 3589 Modestus
1302 3526 1357 3572 et
1375 3517 1707 3589 Crescentis.

413 3590 545 3645 406.
579 3588 872 3660 Perquam.
902 3588 1045 3660 Lege
1071 3596 1131 3642 ut
1157 3588 1209 3643 in
1227 3590 1359 3642 Cod.
1379 3588 1613 3656 Iiatoldi,
1638 3606 1729 3659 per
1748 3606 1921 3659 quem,

341 3668 403 3715 ut
432 3661 699 3721 referatur
725 3661 793 3714 ad
821 3663 881 3716 τὸ
912 3659 1168 3723 Domine;
1202 3660 1283 3713 vel
1315 3676 1405 3730 per
1426 3675 1538 3727 qua:
1564 3701 1579 3728 ,
1622 3672 1677 3721 ut
1707 3662 1757 3716 in
1786 3663 1923 3718 Cod.

342 3732 662 3799 libemensi,
694 3739 751 3785 ut
780 3732 1043 3787 referatur
1069 3731 1134 3784 ad
1165 3732 1221 3786 τὸ
1249 3732 1524 3785 mirabilia.

415 3803 547 3859 407.
596 3802 932 3857 Denuntiatio
966 3801 1304 3873 jejuniorum.
1352 3802 1693 3858 Denuntiatio
1724 3802 1811 3858 illa
1843 3803 1927 3872 je-

341 3872 616 3946 juniurum
649 3874 777 3929 olim
821 3874 990 3946 ﬁebat,
1011 3872 1063 3946 in
1097 3872 1255 3927 Missa
1285 3881 1409 3942 post
1443 3873 1541 3946 illa
1569 3878 1733 3930 verba
1762 3890 1777 3933 :
1811 3874 1929 3929 Pax

343 3943 563 3999 Domini
600 3946 667 4000 sit
687 3961 884 4015 semper
914 3944 1193 4008 vobiscum,
1246 3953 1441 4015 etcum
1472 3943 1678 4013 Spiritu
1709 3952 1796 4000 tuo
1821 3988 1835 4013 ,
1869 3957 1929 4001 ut

341 4015 535 4070 videre
563 4026 646 4071 est
690 4016 762 4087 in
794 4014 995 4087 Codice
1024 4014 1315 4087 libentensi
1346 4014 1401 4068 in
1428 4015 1771 4072 Orationibus
1795 4033 1927 4087 quo-

344 4087 569 4141 tidianis
591 4087 655 4141 ad
685 4086 873 4143 Missas
898 4104 913 4142 :
949 4085 1065 4157 Ras:
1092 4085 1303 4140 Domini
1329 4087 1394 4139 sit
1418 4102 1613 4157 semper
1634 4085 1888 4142 vobiscum
1909 4129 1925 4154 ,

346 4167 396 4212 et
424 4172 541 4212 cum
592 4159 780 4230 spiritu
828 4167 936 4213 tuo.
969 4155 1096 4212 Post
1146 4158 1255 4212 Itth
1284 4155 1654 4230 commonendo
1681 4170 1758 4214 est
1790 4161 1929 4228 plebs

346 4243 446 4300 pro
484 4228 693 4301 jejunio
722 4230 872 4299 primi
900 4270 915 4296 ,
959 4230 1170 4297 quarti,
1201 4228 1403 4300 septimi
1431 4237 1476 4282 et
1515 4229 1701 4284 decimi
1743 4231 1930 4285 mensis

344 4301 675 4371 temporibus.

420 4369 547 4427 408.
581 4371 678 4425 Die
706 4386 818 4426 vero
842 4369 1079 4436 Sobbati,
1111 4378 1218 4426 etc.
1245 4369 1402 4425 Juxta
1426 4379 1669 4426 sanctum
1690 4371 1929 4427 Leonem

345 4456 569 4524 papam,
599 4456 767 4498 serni.
812 4442 844 4497 9
871 4440 1183 4524 de‘jejunio
1231 4440 1442 4524 septimi
1492 4444 1736 4524 mensis‘:
1768 4442 1930 4524 403

348 4511 583 4571 sabbato
637 4529 775 4581 vero,
826 4515 965 4584 apud
1009 4516 1212 4567 beatum
1241 4511 1452 4567 Petrum
1507 4511 1815 4582 apostolum—
1838 4511 1928 4568 'vi-

344 4585 503 4657 gilias
532 4584 865 4657 celebremus.

425 4656 551 4713 409.
584 4656 779 4710 Mensis
811 4671 863 4710 Iv
886 4700 902 4725 ,
958 4655 1091 4726 feria
1120 4672 1194 4712 tv.
1238 4655 1293 4711 In
1318 4653 1495 4729 liditis
1524 4656 1663 4713 male
1686 4657 1879 4729 legitur
1912 4675 1925 4713 :

348 4725 511 4784 Feria
540 4742 595 4782 tv
623 4728 807 4781 mensis
828 4725 1048 4798 septimi,
1076 4729 1170 4782 hoc
1199 4726 1639 4798 estheptembris.

421 4799 549 4856 410.
600 4798 663 4853 Si
687 4807 802 4868 post
848 4796 1220 4853 hebdomadam
1264 4796 1591 4854 Pentecostes
1645 4802 1929 4856 advenerit.

348 4869 479 4926 Haec
498 4884 607 4925 non
638 4869 980 4939 reperiuntur
1007 4872 1056 4924 in
1084 4869 1275 4935 Editis,
1302 4883 1401 4925 nec
1425 4869 1479 4924 in
1501 4871 1623 4925 aliis
1643 4871 1933 4927 Codicibus

348 4942 553 4997 nostris
604 4957 735 4997 mss.
766 4943 899 5008 Quae
927 4951 1105 4997 tamen
1135 4942 1489 5011 scriptasunt
1526 4942 1679 5011 juxta
1726 4958 1931 4997 morem

349 5012 568 5067 illorum
601 5020 904 5082 temporum
928 5053 945 5077 ,
974 5014 1028 5068 in
1057 5013 1249 5083 quibus
1279 5010 1651 5083 celebrabatur
1672 5013 1930 5083 jejunium

350 5087 555 5138 mensis
574 5080 750 5153 quarti
774 5080 1108 5138 hebdomade
1128 5082 1362 5139 secunda
1383 5080 1547 5151 Junii,
1574 5100 1641 5138 ex
1660 5080 1764 5152 quo
1789 5098 1933 5153 saepe

350 5155 705 5225 contingebat
746 5157 847 5211 hoc
884 5154 1147 5225 jejunium
1177 5153 1362 5224 peragi
1390 5164 1512 5221 post
1542 5155 1933 5211 hebdomadem

352 5227 726 5293 I’entecostes,
756 5237 815 5281 ut
837 5226 1022 5283 videre
1048 5236 1131 5282 est
1157 5227 1213 5280 in
1239 5225 1472 5280 concilio
1498 5226 1811 5296 Moguntina
1832 5227 1934 5283 sub

350 5297 548 5353 Carolo
579 5297 807 5369 Magno,
836 5298 1020 5369 inquo
1064 5312 1171 5353 xxx
1222 5296 1461 5368 episc0pi
1489 5306 1545 5353 et
1574 5313 1679 5354 xxv
1712 5298 1931 5355 abbates

1954 5372 2011 5387 ο-

2025 3304 2315 3378 Codicibus
2344 3305 2634 3378 llhemensi
2667 3317 2720 3361 et
2746 3305 2990 3373 Ratoldi,
3027 3305 3201 3375 pridie
3250 3306 3411 3376 hujus
3454 3308 3612 3378 festi,

2032 3384 2113 3430 est
2162 3375 2341 3446 vigilia
2374 3377 2689 3432 earumdem
2718 3384 3029 3431 sanctorum
3059 3392 3180 3432 cum
3215 3375 3407 3434 eodem
3436 3375 3622 3438 officio

2026 3446 2356 3521 in_utroque
2406 3446 2833 3521 Codieehcujus
2886 3447 3057 3521 prima
3111 3448 3298 3521 Oratio
3347 3456 3621 3521 et__super

2026 3515 2205 3592 oblata
2234 3524 2359 3571 sunt
2415 3526 2474 3570 ut
2516 3517 2571 3572 in
2621 3515 2779 3573 Missa
2807 3515 3154 3574 Ambrosiam
3177 3555 3194 3585 ,
3228 3519 3282 3575 in
3316 3519 3497 3592 vigilia
3521 3515 3619 3580 eo-

2026 3587 2269 3642 rumdem
2292 3596 2626 3644 sanctorum.

2101 3656 2602 3728 47l5.WSanctorum
2655 3658 2985 3728 martyrum,
3044 3666 3148 3715 etc.
3209 3658 3270 3714 In
3328 3658 3623 3721 Codicibus

2030 3727 2267 3784 Rodradi
2297 3736 2350 3782 et
2381 3728 2591 3783 liatoldi
2620 3738 2703 3783 est
2733 3727 2832 3783 alia
2866 3729 3023 3784 Missa
3054 3739 3104 3783 ι.

2100 3796 2228 3853 414.
2258 3797 2632 3853 Intercessione
2657 3798 2942 3866 beatorum,
2966 3808 3072 3855 etc.
3110 3801 3166 3856 In
3199 3800 3356 3855 Missa
3388 3800 3622 3860 Ambro-

2028 3869 2181 3925 siana
2216 3870 2460 3941 legitur:
2493 3868 2733 3924 Protasio
2780 3880 2829 3923 et
2857 3868 3101 3925 Gervasio
3151 3871 3482 3941 martyribus.
3520 3873 3624 3930 Ubi

2029 3948 2158 3995 nota
2207 3938 2503 4013 Protasium
2549 3942 2781 4011 priorem
2821 3941 3083 4013 Cervasio
3104 3938 3421 4013 nominari,
3472 3946 3621 4013 quod

2032 4026 2248 4084 semper
2279 4012 2339 4084 Iit
2384 4012 2440 4067 in
2471 4020 2699 4084 utraque
2727 4013 2887 4068 Missa
2935 4012 3162 4082 llturgiaa
3197 4011 3574 4084 Ambrosianus
3597 4056 3616 4084 ,

2031 4094 2085 4139 et
2119 4084 2172 4137 in
2204 4082 2399 4139 Codice
2423 4080 2658 4139 Rodradi
2684 4125 2701 4152 ,
2750 4084 2853 4139 etsi
2883 4086 3041 4152 vulgo
3068 4080 3296 4140 Sanctus
3322 4080 3618 4143 Gervasius

2030 4152 2197 4227 404.
2218 4159 2589 4227 praeponatur.
2612 4154 2669 4209 In
2691 4153 2827 4209 Cod.
2856 4154 3152 4210 Rhemensi
3183 4154 3304 4212 haec
3331 4154 3491 4211 verba
3512 4199 3527 4227 ,
3570 4166 3623 4215 et

2030 4224 2413 4292 intercessione,
2439 4224 2833 4281 desiderantur.

2103 4295 2231 4350 415.
2263 4295 2563 4351 Fulciatur.
2593 4296 2649 4350 In
2678 4296 2839 4352 Missa
2862 4296 3238 4365 Ambrosiam,
3260 4304 3315 4354 et
3343 4295 3398 4353 in
3424 4296 3623 4355 Codice

2035 4366 2328 4437 Iiltemensi
2363 4368 2575 4437 legitur,
2608 4368 2865 4436 ﬁrmetur.
3367 4390 3375 4397 ’

2105 4438 2231 4492 416.
2274 4436 2466 4513 Vigilia
2512 4437 2539 4474 ι)
2590 4439 2755 4513 sancti
2807 4439 3027 4513 Joannis
3054 4438 3322 4513 Baptista}.
3357 4437 3436 4513 λη
3487 4438 3625 4513 Cod.

2035 4508 2326 4583 Rhemensi
2344 4508 2540 4583 legitur
2561 4508 2658 4563 ειη
2674 4512 2885 4583 jejunio
2911 4513 3075 4565 sancti
3100 4508 3625 4583 J'oannisABaptistar.

2107 4580 2233 4635 M7.
2265 4578 2580 4639 Eahibentes
2607 4578 2832 4637 solemne
2863 4584 3126 4653 jejunium
3145 4623 3161 4649 ,
3191 4592 3296 4639 etc.
3323 4581 3381 4635 In
3428 4578 3628 4636 Codice

1955 4629 2009 4690 Β
2040 4629 2886 4722 Κὴέἓιὶὲιῆῖὶἱᾶιῖέῖιὶιῖ⁷ἧῖὲίὶίἔηῖ
2900 4629 3161 4709 ’δὲέὰέἰῖ
3193 4629 3620 4719 natantia

2041 4725 2199 4793 paulo
2224 4722 2417 4793 fusior,
2449 4724 2735 4793 multisque
2757 4724 2935 4778 verbis
2964 4725 3278 4778 immutatis.

2113 4797 2237 4849 “8.
2264 4792 2330 4847 In
2350 4791 2515 4864 prima
2541 4791 2695 4848 missa
2720 4794 2784 4848 de
2806 4804 2970 4849 nocte.
2996 4793 3071 4847 Ita
3095 4795 3147 4849 in
3177 4794 3311 4849 Cod.
3344 4791 3543 4848 them.
3571 4793 3631 4850 In

2040 4866 2173 4921 Cod.
2202 4866 2368 4920 Rodr.
2397 4873 2451 4918 et
2472 4866 2593 4919 Hat.
2625 4866 2838 4933 legitur,
2864 4865 2916 4918 in
2942 4864 3110 4935 prima
3132 4864 3493 4936 mane;_apud
3528 4864 3632 4918 Pa-

2043 4937 2283 5000 melium,
2306 4937 2358 4988 in
2376 4951 2524 4988 mane
2545 4937 2735 5003 prima.
2751 4937 2909 4991 Missa
2927 4934 3033 4989 non
3049 4946 3226 4990 exstat
3249 4938 3304 4991 in
3334 4934 3506 4990 Editis
3529 4949 3634 4990 nec

2041 5009 2096 5064 in
2121 5006 2331 5077 liturgia
2356 5007 2729 5077 Ambrosiam.
2754 5007 3028 5069 Alcuinus,
3054 5008 3146 5061 lib.
3178 5008 3246 5063 de
3274 5007 3434 5062 Oflic.
3463 5006 3623 5067 eccl.,

2041 5094 2164 5148 cap.
2189 5076 2459 5148 desancto
2484 5076 2722 5142 Joanne,
2754 5078 2827 5130 ait
2851 5087 2958 5131 tres
2986 5078 3176 5132 Missas
3206 5079 3260 5133 in
3290 5079 3430 5134 festo
3452 5076 3630 5148 sancti

2041 5146 2262 5206 Joannis
2292 5146 2542 5219 Baptistae
2572 5148 2859 5219 celebrari,
2893 5148 3033 5203 inter
3061 5162 3194 5219 quas
3228 5147 3631 5219 recensetMis-

2042 5236 2155 5279 sam
2184 5220 2258 5292 de
2276 5216 2470 5288 vigilia,
2487 5234 2606 5288 qua:
2627 5218 2872 5292 proinde,
2898 5227 2953 5292 et
2978 5216 3101 5289 quia
3138 5220 3397 5292 jejunium
3415 5216 3636 5273 celebre

2041 5302 2179 5360 erat,
2208 5290 2490 5347 dicebatur
2512 5300 2631 5360 post
2652 5290 2782 5347 solis
2795 5289 3119 5359 accubitum,
3139 5289 3205 5347 in
3235 5306 3341 5361 quo
3366 5302 3463 5359 pro
3477 5298 3631 5342 more
3701 5322 3707 5354 ξ

356 5444 533 5500 mart.,
567 5435 941 5492 consentiente
968 5435 1208 5491 secundo
1237 5433 1445 5491 Theod.
1468 5432 1525 5489 In
1554 5433 1761 5491 Gemet.
1795 5453 1810 5491 :
1837 5434 1943 5490 De-
2052 5435 2298 5493 Romano
2321 5476 2338 5503 ,
2386 5434 2581 5491 saeculo
2607 5450 2749 5491 nono
2777 5438 2969 5493 saltem
3000 5442 3219 5493 exarata
3240 5475 3256 5497 .
3292 5444 3436 5488 nunc
3467 5431 3522 5484 in
3552 5428 3633 5485 ni-

355 5507 545 5559 dicatio
592 5510 758 5562 sancti
816 5506 1118 5562 Nicomedis
1170 5517 1324 5563 mart.
1374 5506 1430 5561 In

357 5647 628 5703 Dedicatio
658 5652 882 5705 basilicae
913 5651 1079 5705 sancti
1114 5650 1430 5704 Nicomedis.

429 5729 452 5793 εξ
480 5723 545 5776 Et
564 5722 619 5776 in
643 5722 785 5778 Cod.
802 5722 935 5793 Reg.
969 5722 1131 5778 Suec.
1156 5721 1216 5776 In
1238 5720 1340 5775 Ed.
1368 5718 1701 5776 Pamel.bmc
1724 5719 1943 5791 legitur,

356 5791 455 5851 sed
484 5795 624 5848 intra
657 5791 1197 5848 uncinos'contenla.

439 5864 465 5903 δ
496 5867 635 5920 Ante
660 5864 798 5919 hanc
828 5865 1063 5935 vigiliam
1090 5865 1284 5933 legitur
1310 5868 1364 5921 in
1386 5873 1496 5923 vet.
1520 5865 1950 5922 Sacramentario

593 5958 872 6021 PsTnuL.
907 5957 1259 6018 LXXVIII.

1515 5507 1641 5562 riori
1695 5507 1899 5563 Theod.
1928 5524 1942 5559 :

358 5575 631 5650 Dedicatio
685 5578 817 5637 eccl.
846 5579 1012 5633 sancti
1062 5578 1268 5632 Nicom.
1309 5577 1368 5633 In
1388 5575 1522 5631 Cod.
1555 5578 1688 5650 Heg.
1739 5580 1946 5635 Suec.:

2054 5507 2327 5564 bliotheca
2359 5506 2695 5563 Vallicellana
2722 5510 2939 5564 Patrum
2970 5507 3202 5563 Oratorii
3235 5504 3423 5559 Romae
3452 5514 3635 5555 asser-

2056 5588 2180 5634 vato
2228 5596 2243 5635 :
2286 5577 2478 5633 ‘Mense
2521 5578 2682 5634 Junio
2732 5581 2814 5633 die
2870 5578 2942 5632 22
2994 5586 3289 5632 sanctorum
3339 5583 3635 5642 martyrum

2057 5665 2367 5708 Iccccusx
2387 5689 2404 5717 ,
2436 5666 2653 5721 quorum
2681 5652 2859 5722 vigilia
2883 5658 3009 5722 cum'
3028 5648 3229 5722 silentio
3257 5654 3303 5698 et
3322 5647 3532 5722 jejunio
3561 5653 3637 5699 est

2054 5722 2374 5786 celebranda,
2416 5717 2460 5776 et
2510 5717 2804 5777 concessum
2831 5732 2905 5776 est
2936 5721 3009 5775 eis
3039 5734 3130 5790 pro
3157 5719 3255 5790 illo
3293 5733 3393 5770 uno
3425 5717 3508 5769 die
3537 5732 3638 5769 an-

2052 5811 2174 5850 num
2221 5797 2470 5848 dimittere
2518 5796 2571 5845 in
2612 5794 2923 5863 poenitentia.
2955 5789 3349 5863 Quingobservo
3394 5790 3464 5847 ob
3496 5790 3637 5845 anti-

2055 5882 2217 5938 quum
2247 5866 2589 5931 indulgentiae
2610 5861 2881 5919 Concessa:
2912 5861 3236 5933 exemplum.

3165 5950 3238 6016 I3
