4136 6352
318 337 410 397 ιρι

1082 332 1149 391 ΙΝ
1184 331 1243 393 S.
1282 329 1612 389 GREGORII
1652 329 1909 391 LIBRUM
1947 329 2560 391 SACRAMENTORUM
2600 329 2828 391 NOTAE.

3466 338 3574 399 ιω

314 453 535 525 ιοιςιηω
556 448 865 525 mitigavit,
899 447 1344 525 quamadmodum
1379 454 1603 503 testatur
1633 447 1885 505 Sozome-
1924 449 1973 509 Α
2000 446 2127 525 rium
2155 462 2323 525 s_.'_t_:u_m
2362 445 2709 525 Ecclesiarum
2740 462 2951 525 suarum
2993 448 3273 525 ministeria
3303 451 3567 507 detulisse.

311 519 433 585 tius,
458 523 547 581 lib.
578 539 614 576 tt
647 521 810 587 Hist.,
834 535 953 589 cap.
984 519 1075 575 2T3.

382 593 510 648 5‘67.
552 594 633 648 Ad
657 585 1058 647 consecrandam
1088 600 1342 661 patenum.
1376 589 1431 646 lu
1462 585 1657 661 Codice
1686 587 1898 646 Ratoldi

313 662 505 737 legitur
531 684 544 721 :
570 664 903 737 gensecrotio
934 660 1259 737 patente._fac
1283 678 1485 737 crucem
1515 663 1576 716 de
1605 660 1739 717 oleo.

386 731 515 793 568.
555 732 950 802 Consecramus,
982 745 1086 787 etc.
1122 733 1247 789 llzec
1278 731 1501 787 formula
1532 733 1894 789 consecratio-

318 808 397 859 nis
427 819 635 873 patente
662 821 766 859 non
790 814 966 858 exstat
992 804 1041 857 in
1070 804 1271 858 Ordine
1298 805 1558 860 Romano.

387 876 512 932 569.
559 876 707 935 Inde.
720 876 909 947 faciens
931 877 1130 947 signum
1156 878 1318 947 crucis
1342 876 1404 947 de
1429 876 1754 947 sanctoolro,
1787 884 1892 930 etc.

322 948 391 1001 Ita
419 949 471 1003 iu
503 947 702 1003 Codice
749 944 1068 1003 Rodradi'et
1114 944 1422 1001 Rhcmeasi.
1466 945 1569 1001 Sed
1603 944 1654 999 in
1697 946 1895 1001 Codice

319 1019 533 1073 Ratoldi
559 1019 713 1073 aliter
738 1035 751 1071 :
786 1016 917 1071 Item
940 1016 1231 1071 Benedictio
1259 1025 1473 1083 potente.
1503 1014 1569 1070 Et
1591 1021 1673 1085 fac
1697 1031 1898 1070 crucem

320 1091 381 1144 de
410 1090 700 1144 chrismate.
728 1088 1077 1153 Consecrare,
1110 1097 1213 1142 etc.
1245 1090 1312 1142 Et
1340 1096 1464 1142 nota
1494 1088 1544 1141 in
1576 1086 1674 1141 hoc
1700 1086 1895 1143 Codice

319 1160 565 1215 adhiberi
608 1162 783 1215 oleum
830 1167 883 1213 et
922 1159 1175 1226 chrisma,
1224 1169 1277 1213 at
1316 1157 1368 1214 in
1408 1158 1606 1215 Ordine
1650 1157 1895 1215 Romano

319 1232 552 1286 chrisma
581 1240 805 1285 tantum.

391 1299 517 1357 570.
575 1299 874 1355 Benedictio
928 1310 1145 1369 patente.
1204 1298 1421 1355 Domine
1477 1297 1895 1369 Deusiomnipo-

324 1385 452 1439 tens,
486 1380 592 1428 etc.
626 1371 753 1427 llaec
803 1386 907 1424 non
930 1368 1167 1426 exstant
1208 1373 1259 1426 in
1294 1369 1579 1425 Codicibus
1608 1368 1818 1424 Ratoldi
1843 1378 1899 1426 ct

322 1444 635 1508 Rbemensi,
665 1456 839 1511 neque
862 1442 911 1496 in
937 1441 1135 1496 Ordine
1167 1441 1426 1495 Rontano.

392 1511 519 1567 571.
560 1513 642 1568 Ad
671 1510 879 1566 calicem
899 1511 1311 1567 benedicendum.
1344 1512 1399 1567 In
1430 1511 1630 1568 Ordine
1652 1510 1895 1566 Romano

322 1585 553 1651 legitur:
586 1583 836 1654 Prwfatio
865 1584 1060 1654 colicis.
1108 1582 1539 1638 Consecrationis
1578 1598 1673 1637 seu
1718 1582 1895 1654 liene-

323 1654 573 1710 dictionis
601 1652 851 1707 vasarum
891 1653 1071 1707 altaris
1110 1653 1331 1709 babetur
1370 1654 1568 1708 mentio
1595 1652 1734 1720 apud
1764 1652 1896 1706 Bur-

323 1726 605 1793 ebardum,
637 1724 732 1780 lib.
766 1739 846 1789 ιιι,
878 1739 994 1792 cap.
1023 1724 1112 1788 58,
1141 1741 1208 1780 es
1234 1725 1391 1794 epist.
1431 1723 1622 1779 Felicis
1649 1723 1755 1777 IV:
1790 1723 1895 1776 Ea-

357 1812 419 1851 tte
444 1797 633 1851 divinis
663 1796 894 1864 precibus
924 1807 971 1849 et
1000 1796 1186 1851 sanctis
1213 1795 1531 1850 unctionibus
1570 1810 1685 1848 cum
1710 1794 1894 1848 altori-

356 1884 417 1920 us
445 1879 494 1920 et
525 1868 683 1931 vasis,
723 1864 937 1920 vestibus
976 1882 1171 1935 quoque
1212 1876 1259 1921 et
1298 1867 1505 1935 reliquis
1552 1866 1618 1919 od
1667 1866 1895 1920 divinum

324 1883 417 1920 ous
445 1883 494 1920 et
525 1883 683 1931 vasis,
723 1883 937 1920 vestibus
976 1883 1072 1935 quo
1113 1883 1171 1921 ue
1212 1883 1259 1921 et
1298 1883 1505 1935 reuquts
1552 1883 1617 1919 oa
1667 1883 1880 1920 arvinam

324 1937 515 1992 cultum
532 1937 846 2009 explendum
875 1883 1172 1992 utensilibus
1203 1939 1376 2009 devote
1402 1947 1449 1990 et
1483 1937 1786 2009 solentniterq
1808 1952 1880 1990 sa.

325 2023 491 2063 crare.
525 2005 623 2063 Hic
660 2017 838 2063 tamen
868 2009 1157 2064 notandum
1202 2008 1399 2063 nullam
1433 2008 1485 2062 in
1518 2005 1899 2065 Benedictione

326 2080 510 2134 calicis
555 2078 797 2133 adhiberi
845 2078 1172 2145 unctionem,
1211 2088 1266 2134 ut
1318 2078 1370 2133 iu
1416 2077 1699 2133 Codicibus
1745 2078 1901 2132 Rhe-

328 2151 527 2217 mensi,
562 2149 818 2216 Rodratli,
863 2159 917 2203 et
966 2149 1200 2216 Ratoldi,
1245 2164 1368 2203 eum
1399 2157 1576 2206 tamen
1620 2150 1673 2207 in
1704 2148 1902 2206 Ordine

326 2220 576 2276 Romano
605 2220 781 2274 unctio
808 2219 1112 2275 chrismatis
1142 2219 1474 2276 adhibeatur.

405 2293 537 2348 572.
580 2290 677 2344 Pio
714 2291 895 2359 famuli
943 2293 1015 2345 tui
1070 2290 1149 2347 ill.
1199 2293 1479 2347 devotione.
1530 2291 1585 2346 In
1628 2289 1758 2345 Cod.
1793 2289 1902 2344 Ra-

328 2360 468 2416 toldi
499 2362 612 2417 haec
638 2361 912 2430 vocabula,
961 2364 1048 2433 pia
1079 2362 1263 2433 famuli
1293 2363 1367 2433 tui
1410 2363 1488 2418 ill.
1518 2376 1623 2433 non
1665 2370 1896 2418 exstant.

331 2433 462 2489 Post
492 2432 628 2487 hanc
648 2431 1039 2489 Orationem’in
1066 2431 1263 2490 Ordine
1295 2432 1532 2489 liomano
1559 2431 1673 2487 htec
1704 2434 1903 2487 haben-

332 2512 459 2558 tur:
496 2502 563 2558 Et
586 2506 741 2574 faciat
767 2519 968 2559 crucem
1008 2504 1070 2558 de
1101 2506 1374 2559 chrismate
1406 2520 1555 2575 super
1578 2503 1749 2574 ipsum
1778 2504 1904 2558 cali-

334 2590 443 2628 cem
472 2591 562 2647 per
583 2576 765 2637 latera.
800 2592 923 2647 quas
949 2590 1052 2630 non
1074 2586 1283 2631 exstant
1317 2576 1369 2629 in
1391 2576 1675 2647 Codicibns
1706 2577 1903 2647 nostris

336 2645 479 2701 mss.
500 2648 670 2701 sancti
699 2647 876 2713 Eligii,
912 2646 1163 2713 Rodradi,
1198 2647 1483 2703 Rhemensi
1506 2656 1557 2700 et
1588 2645 1816 2699 Ratoldi.

406 2716 529 2771 575.
576 2717 732 2783 Deus,
764 2717 847 2787 qui
880 2715 1047 2788 Moysi
1078 2717 1272 2787 famulo
1304 2729 1411 2784 tuo,
1447 2725 1550 2771 etc.
1583 2715 1695 2770 Non
1731 2726 1908 2773 exsmt

334 2786 387 2842 in
415 2788 700 2843 Codicibus
720 2786 1003 2843 “immensi
1027 2786 1084 2842 et
1104 2788 1333 2855 liatoldi,
1357 2788 1449 2845 sed
1472 2788 1524 2842 in
1549 2788 1681 2840 Cod.
1711 2788 1901 2844 libent.

332 2860 616 2927 sequitur:
653 2858 897 2929 Praefatio
933 2860 1262 2916 chrismatis:
1299 2858 1537 2925 Oremus,
1561 2864 1746 2926 fratres
1780 2861 1905 2915 cha-

333 2929 543 3001 rissimi,
579 2940 637 3001 ut
666 2929 804 2983 Deus
838 2931 1153 3001 amnipotens
1194 2930 1292 2984 hoc
1321 2930 1650 2984 ministerium
1679 2932 1905 3001 corporis

336 2997 463 3072 Filii
498 3001 581 3054 sui
612 2999 818 3055 Domini
868 2997 1027 3055 nostri
1053 2998 1179 3072 Jesu
1209 3000 1400 3056 Christi
1428 3003 1655 3072 gerolum
1700 2997 1908 3056 benedi-

334 3071 536 3138 ctionis,
560 3072 976 3140 sanctiﬁcationis
1001 3071 1268 3138 tutamine,
1295 3071 1604 3141 defensionis
1632 3072 1908 3129 donatione

334 3141 549 3209 implere
568 3143 802 3214 dignetur
825 3140 1086 3198 orantibus
1111 3143 1278 3197 nobis.
1305 3140 1428 3200 Per.
1454 3142 1552 3198 Ubi
1577 3142 1904 3209 cbrismalis,

2001 513 2226 571 Concilii
2255 520 2759 581 Arvernensis,can.
2794 518 2826 571 8
2852 536 2863 572 :
2893 517 2976 572 Nc
2994 519 3063 571 ad
3090 523 3383 588 nuptiarum
3416 541 3572 576 ωηα-

2002 597 2111 660 tum
2140 589 2621 660 ntinisleriaﬁdiuina
2650 599 2976 660 prtestentur.
2999 591 3201 646 Concil.
3228 594 3573 648 Aurelianen-

2001 659 2076 711 sis
2105 674 2182 724 ιιι,
2227 673 2349 711 can.
2385 659 2454 712 “25
2478 675 2496 713 ι
2521 658 2599 713 De
2631 658 2779 714 rebus
2814 659 3186 729 ecclesiasticis,
3233 664 3309 718 vel
3337 664 3399 719 de
3429 681 3573 720 sacro

2002 729 2554 803 ministerioalienare.
2576 731 2734 803 apud
2768 743 3010 788 sanctum
3056 732 3369 803 Gregorium
3405 734 3575 788 Turo-

2003 814 2247 876 nensem,
2294 798 2389 876 lib.
2442 801 2511 876 de
2561 801 2750 876 Gloria,
2782 798 3323 876 etinl‘essorum,‘cap.
3365 805 3432 858 ‘29.
3467 823 3477 857 :
3508 808 3576 859 Ac

1998 870 2107 992 ifse
2127 872 2363 924 sacerdos
2394 873 2571 944 pelago
2612 875 2861 943 operitur,
2907 873 3091 928 habens
3134 870 3201 927 ad
3231 870 3417 931 collum
3461 893 3574 931 cum

2030 940 2398 992 ivunaeliorum
2452 944 2579 992 libro
2620 945 2955 992 ministerium
2989 947 3362 992 auolidimmm,
3407 948 3458 992 id
3502 958 3573 992 est

2030 940 2402 1015 L'vangelioruni
2452 940 2579 997 lib—ro
2620 940 2955 1013 ministerium
2989 947 3367 1015 quotidianum,
3407 948 3458 997 id
3502 958 3573 1002 est

1998 1012 2291 1138 palmulam
2340 1030 2545 1140 pagum
2596 1012 2934 1071 cum'calice.
2986 1012 3140 1087 Apud
3192 1012 3575 1086 Fortu'ttatum,

2022 1099 2033 1137 ι
2082 1098 2159 1140 ,1.
2204 1098 2370 1138 carm.
2496 1102 2509 1138 :

2022 1098 2091 1138 ιι).
2121 1098 2159 1149 ι,
2204 1098 2370 1138 carm.
2408 1098 2509 1140 to:

2123 1172 2504 1241 muneribusque
2532 1174 2625 1241 piis
2646 1176 2824 1225 dotasti
2849 1175 3018 1226 altatis
3044 1176 3240 1241 Christi,

2184 1234 2303 1284 Cum
2327 1244 2405 1285 tua
2432 1234 2547 1285 vasa
2570 1238 2731 1285 ferunt
2754 1252 2957 1287 tnuncra
2986 1246 3147 1287 sancta
3172 1234 3282 1291 Dei.

2121 1293 2241 1363 Nato
2263 1310 2404 1363 cruor
2423 1305 2478 1363 et
2498 1312 2670 1363 corpus
2692 1299 2880 1349 Domini
2908 1300 3127 1349 libamina
3160 1303 3330 1351 summi

2184 1356 2297 1407 Rite
2320 1356 2607 1417 ministerio,
2634 1368 2684 1409 te
2708 1362 2972 1420 tribuente,
3000 1364 3147 1411 venit.

1998 1438 2053 1495 Id
2078 1448 2180 1506 est,
2222 1454 2413 1509 corpus
2444 1451 2494 1493 et
2519 1441 2731 1507 sanguis
2760 1441 2963 1496 Domini
2993 1441 3042 1496 in
3069 1440 3363 1497 ministerio
3408 1444 3575 1500 collo-

2000 1520 2211 1583 cantur,
2262 1522 2313 1583 te
2354 1511 2630 1583 largiente.
2656 1510 2803 1566 Unde
2830 1528 2860 1568 a
2910 1522 3093 1567 sancto
3117 1513 3371 1580 Paulino,
3414 1515 3571 1583 epist.

1998 1580 2096 1653 l2,
2122 1581 2271 1635 Sacri
2297 1598 2482 1653 pompa
2507 1582 2775 1653 ministerii
2804 1597 2898 1651 pro
2932 1583 3069 1653 vasis
3098 1585 3342 1639 omnibus
3368 1580 3574 1653 altaris,

1995 1652 2108 1705 sive
2128 1653 2323 1718 aureis,
2346 1651 2459 1706 sive
2484 1652 2774 1721 argenteis,
2794 1669 2911 1725 quac
2939 1651 2993 1707 in
3023 1654 3264 1711 ecclesiae
3288 1651 3579 1711 secretario

1997 1733 2297 1787 servantur,
2318 1724 2547 1776 sumitur
2574 1741 2586 1775 :

2089 1814 2186 1881 llic
2204 1813 2335 1881 locus
2359 1824 2435 1881 est
2454 1814 2731 1881 veneranda
2756 1828 2929 1881 penus,
2958 1828 3053 1877 qua
3077 1817 3321 1881 conditur,
3344 1825 3397 1869 et
3419 1831 3513 1880 qua

2158 1876 2358 1925 Ponitur
2380 1877 2503 1925 alma
2526 1879 2651 1926 sacri
2680 1876 2850 1939 gompa
2870 1879 3148 1927 ministerii.

2000 1957 2076 2011 Ita
2104 1958 2392 2026 capiendus
2420 1968 2502 2013 est
2540 1958 2630 2013 hic
2694 1960 2870 2023 locus,
2923 1975 3026 2014 non
3084 1975 3180 2028 pro
3227 1961 3577 2027 Eucharistia,

2000 2044 2119 2096 qum
2140 2029 2193 2083 in
2222 2030 2400 2095 altari,
2432 2046 2535 2084 non
2576 2029 2627 2083 in
2663 2029 2975 2097 secretario,
3008 2042 3290 2097 servatur;
3324 2048 3446 2087 vasa
3478 2047 3578 2087 au-

2004 2107 2109 2154 tem
2124 2102 2319 2171 altaris
2339 2099 2543 2171 servari
2567 2100 2721 2155 solita
2737 2115 2855 2155 esse
2871 2102 3181 2171 secretario,
3205 2116 3297 2157 seu
3321 2105 3582 2169 sacrario,

2007 2169 2166 2238 lippis
2196 2180 2249 2225 et
2272 2169 2594 2253 tonsoribus,
2628 2184 2814 2251 notum
2844 2182 2945 2227 est.
2975 2173 3052 2253 Et.
3068 2169 3120 2227 in
3153 2173 3300 2253 libris
3340 2177 3583 2228 ethnico-

2004 2255 2122 2294 rum
2150 2241 2373 2295 sumitur
2421 2241 2770 2297 miuisterium
2812 2257 2908 2310 pro
2946 2245 3086 2297 vasis
3129 2244 3303 2297 aureis
3349 2259 3443 2299 seu
3496 2259 3582 2297 ar-

2002 2313 2208 2380 genteis
2236 2325 2357 2381 quas
2386 2314 2675 2367 sternendo
2722 2312 2951 2367 triclinio
2999 2322 3123 2367 sunt
3170 2314 3493 2379 necessaria,
3526 2324 3585 2369 ut

2003 2383 2184 2452 videre
2231 2390 2316 2437 est
2342 2384 2481 2451 apud
2511 2384 2873 2452 Lampridium
2906 2382 2956 2437 in
2988 2384 3292 2438 Alexandro
3333 2384 3537 2439 Severo
3564 2401 3578 2437 :

2004 2451 2351 2507 Ducentarum
2381 2454 2627 2507 librarum
2651 2451 2856 2524 argenti
2881 2454 3082 2524 pondus
3110 2455 3445 2508 ministerium
3474 2457 3584 2525 ejus

2005 2539 2264 2593 nunquam
2288 2525 2508 2579 transiit.
2538 2525 2704 2593 Hujus
2738 2526 2979 2579 vocabuli
3021 2526 3221 2580 mentio
3259 2526 3393 2579 litin
3429 2526 3585 2580 Glos-

2005 2595 2079 2649 sis
2109 2596 2416 2661 veteribus,
2463 2596 2557 2650 sed
2586 2595 2942 2666 metonymice
2985 2597 3215 2650 sumitur
3267 2610 3362 2665 pro
3413 2596 3583 2651 abaco

2004 2678 2335 2736 seumensa,
2359 2682 2477 2735 quas
2498 2668 2609 2735 ipsa
2633 2680 2756 2720 vasa
2784 2666 3043 2736 continet.
3076 2666 3236 2719 Abaci
3272 2669 3409 2736 (lege
3446 2666 3586 2721 Aba-

2005 2734 2133 2813 ευρ)
2185 2734 2391 2813 del/ica,
2429 2734 2779 2813 paveas-(pios,
2834 2740 2903 2813 ὡς
2950 2734 3311 2813 Ἰονϐᾳγᾴλιοσή,
3359 2736 3412 2791 id
3459 2745 3585 2804 est,

2006 2806 2381 2930 illiillsilgl‘lum,
2429 2806 2487 2862 'ut
2538 2806 2828 2863 iuvenalis.
2877 2809 3049 2862 Locus
3088 2808 3233 2864 illius
3280 2815 3457 2863 exstat
3498 2820 3585 2862 sa-

2032 2891 2121 2930 vra
2188 2896 2265 2930 υς

2008 2886 2121 2932 tvra
2154 2877 2221 2930 15
2253 2896 2265 2931 :

2132 2989 2311 3042 Lectus
2332 2997 2436 3041 crat
2458 2990 2610 3042 Codro
2631 2990 2835 3041 Procula
2859 2992 3032 3051 minor,
3058 2989 3245 3040 urceoli
3266 2994 3370 3043 tres

2133 3053 2482 3116 Ornameutum
2507 3054 2670 3116 abaci;
2694 3064 2883 3103 necnon
2910 3060 2961 3102 et
2987 3053 3214 3116 parvulus
3235 3053 3358 3103 intra

2128 3114 2413 3176 Cantharus,
2441 3126 2492 3166 et
2512 3112 2754 3165 recubans
2775 3116 2865 3165 sub
2891 3112 3067 3167 eodem
3090 3126 3330 3166 marmore
3355 3112 3549 3166 Chiron.

334 3225 430 3267 seu
482 3212 752 3283 cbrisinal,
810 3214 925 3271 sive
964 3214 1272 3281 chrismale,
1317 3215 1547 3269 sumitur
1574 3230 1668 3283 pro
1700 3227 1827 3269 vase
1855 3215 1908 3273 in
1936 3212 1983 3278 C
2014 3217 2166 3277 Unde
2195 3221 2245 3278 in
2276 3220 2477 3276 Glossis
2505 3219 2774 3277 veteribus
2806 3235 2934 3278 mss.
2987 3219 3230 3279 biblioth.
3266 3219 3428 3277 Corh.
3458 3222 3585 3279 aba-

334 3296 443 3406 guo
472 3282 670 3339 Christi
695 3299 889 3357 corpus
914 3294 1174 3340 servatur.
1205 3286 1356 3353 Quod
1384 3282 1584 3339 clarum
1616 3293 1779 3339 estex
1813 3287 1912 3341 Or-

380 3354 466 3406 ine
502 3354 762 3406 Romano-
798 3355 886 3406 ubi
942 3354 1031 3406 bie
1071 3357 1255 3406 titulus
1301 3355 1629 3406 praelinitur:
1666 3353 1911 3406 Praefatio

380 3354 466 3408 ine
502 3354 763 3427 Romano,
791 3353 886 3427 'ubi
928 3354 1031 3427 bic
1071 3357 1255 3411 titulus
1301 3355 1629 3427 prteligitur:
1666 3353 1911 3425 Praefatio

335 3426 533 3477 vasculi
563 3426 616 3479 in
657 3443 755 3492 quo
800 3426 1127 3481 Eucharistia
1171 3426 1485 3481 reconditur.
1531 3427 1605 3481 lbi
1637 3431 1911 3485 vosculum

338 3496 480 3551 haud
520 3496 681 3553 dubie
714 3512 806 3567 pro
845 3498 1114 3553 cltrismali
1161 3509 1467 3567 usurpatur.
1502 3498 1554 3552 ld
1582 3497 1739 3551 etiam
1770 3508 1912 3567 patet

337 3582 405 3621 es
436 3566 523 3621 1ι1ι.
558 3583 609 3621 Vl
636 3566 908 3638 llalitgarii
955 3585 1056 3623 ms.
1100 3566 1344 3625 bibliotb.
1381 3569 1541 3623 Coa-b.
1567 3585 1579 3621 :
1607 3567 1707 3632 Qui
1735 3566 1905 3625 autem

334 3638 613 3707 perdiderit
633 3657 780 3694 suum
807 3640 1068 3707 cltrismal,
1100 3650 1188 3694 aut
1215 3639 1383 3695 solum
1410 3639 1722 3708 sacriﬁcium
1748 3641 1801 3692 in
1830 3656 1913 3694 re-

332 3710 483 3780 gione
511 3710 755 3780 qualibet,
784 3720 887 3766 etc.

410 3775 649 3853 Sumitur
697 3775 854 3837 etiam
898 3796 992 3850 pro
1036 3781 1336 3853 corporali,
1390 3796 1485 3836 seu
1532 3780 1668 3852 palla
1721 3796 1912 3851 corpo-

337 3849 459 3916 rali,
501 3860 559 3905 ut
590 3862 770 3907 uotum
792 3861 873 3907 cst
897 3849 961 3907 ex
986 3849 1208 3920 Glabro,
1243 3849 1334 3906 lib.
1359 3869 1391 3905 v
1418 3849 1550 3906 llist.
1583 3856 1753 3921 cap.l
1786 3849 1914 3909 {De

335 3922 608 3995 chrismale
630 3925 805 3991 etiam,
839 3926 975 3995 quod
1004 3941 1035 3977 a
1063 3925 1361 3991 quibusdam
1393 3926 1659 3993 corporale
1680 3923 1912 3995 appella-

336 4002 454 4066 tur,
500 3994 775 4063 plurimum
828 3994 1091 4065 expertum
1146 4009 1217 4049 est
1266 4004 1509 4066 prwstare
1540 3994 1798 4049 remedia.
1847 3996 1914 4049 Et

337 4065 497 4132 paulo
539 4076 657 4133 post
687 4084 699 4117 :
726 4068 878 4135 Apud
921 4068 1280 4119 monasterium
1334 4065 1629 4131 Iteomense,
1689 4077 1914 4135 tempore

334 4136 638 4189 venerabilis
667 4135 916 4191 Willclmi
939 4137 1155 4201 abbatis,
1182 4137 1390 4204 cantigit
1418 4147 1473 4189 ut
1498 4138 1786 4190 incendium
1809 4138 1912 4190 cir-

336 4206 677 4275 cunijacentia
712 4208 1007 4262 manasterii
1030 4208 1396 4277 popularetur;
1418 4210 1717 4277 arripientes
1744 4218 1913 4261 autem

337 4278 568 4349 ejusdem
591 4279 689 4331 loci
708 4278 893 4349 fratres
920 4279 1193 4334 chrismale
1223 4291 1372 4333 conto
1404 4279 1721 4347 impositum,
1748 4279 1911 4332 eleva-

339 4358 458 4421 r_unt
484 4348 619 4402 illud
644 4348 819 4403 contra
849 4350 1069 4403 incendii
1093 4352 1328 4421 ﬂammas
1350 4351 1458 4405 dire
1478 4353 1788 4421 ﬂagrantes;
1820 4359 1915 4403 sta-

337 4417 427 4470 tim
453 4434 572 4473 vero
601 4421 734 4474 idem
755 4422 885 4492 ignis
911 4422 961 4473 in
986 4417 1104 4475 sese
1119 4430 1433 4490 retorquens,
1460 4417 1664 4473 minime
1692 4422 1914 4491 amplius

336 4504 489 4563 quam
512 4491 1018 4561 inraserat’orripere
1048 4493 1239 4555 valuit;
1273 4508 1473 4563 pannus
1504 4503 1672 4545 tamen
1710 4492 1797 4545 ille
1820 4492 1914 4545 do-

337 4561 577 4635 minicus,
609 4579 738 4635 aura
782 4565 957 4633 ﬂante,
991 4561 1282 4635 arcontulo'
1315 4563 1541 4635 elapsus,
1582 4565 1700 4633 plus
1743 4564 1911 4618 minus

339 4632 537 4685 duabus
568 4632 823 4687 milliariis
852 4634 1088 4701 avolavit,
1114 4648 1218 4688 etc.

415 4705 467 4756 lu
519 4707 706 4759 eadem
762 4705 1080 4761 Praefationc
1126 4704 1337 4761 Codicis
1382 4703 1669 4761 chrismale
1722 4705 1913 4760 dicitur

340 4775 721 4837 ministerium,
754 4787 917 4831 recte.
955 4775 1089 4830 Nam
1143 4778 1492 4832 ministerium
1528 4793 1622 4846 pro
1656 4792 1781 4832 vase
1828 4792 1914 4831 su-

338 4846 524 4913 mitur,
550 4846 755 4918 eiqvasa
787 4847 945 4918 ﬁ33
975 4862 1133 4903 aurea
1168 4849 1249 4902 vol
1278 4858 1528 4918 argentta
1560 4848 1801 4902 cccleaitc
1833 4847 1912 4903 di-

340 4916 932 4989 citutiurjninisteriuiu’.
962 4919 1014 4972 ln
1064 4921 1293 4973 concilio
1333 4916 1641 4981 l’tlicmensi,
1670 4934 1788 4973 can.
1818 4917 1909 4989 ‘22,

340 4988 477 5055 apud
536 4987 927 5056 Flodoardum,
975 4990 1067 5043 lib.
1116 5005 1151 5043 ιι
1199 4991 1331 5045 llist.
1378 4991 1521 5043 Eccl.
1568 4987 1907 5057 libemensis,

338 5071 455 5131 cap.
485 5058 519 5113 5
553 5058 649 5113 :Si
671 5060 938 5131 episcopus
974 5068 1201 5129 (excepto
1231 5062 1275 5114 si
1306 5062 1521 5115 evenerit
1544 5062 1705 5113 ardua
1738 5075 1910 5113 neces-

336 5130 463 5203 sitas
500 5145 596 5199 pro
646 5130 990 5200 redemptione
1039 5133 1374 5203 captivorum)
1406 5132 1682 5185 ministeria
1733 5140 1910 5203 sancta

340 5200 581 5273 frangere
605 5217 699 5272 pro
731 5203 1069 5271 qualicunque
1098 5200 1387 5257 conditione
1419 5203 1812 5273 pra’sumpserit,
1848 5201 1908 5255 ob

339 5272 511 5341 ofﬁcio
541 5274 753 5325 cessabit
797 5273 1042 5327 ecclesite.
1078 5274 1131 5327 lu
1160 5276 1379 5343 epistola
1410 5274 1477 5327 2t)
1509 5282 1533 5308 ⁸
1572 5274 1742 5328 sancti
1776 5275 1910 5329 Ore-

338 5344 491 5407 gurii,
537 5343 629 5397 lib.
658 5358 691 5397 ιι
721 5344 951 5414 Registri
981 5364 991 5397 :
1030 5345 1097 5400 Ut
1130 5354 1229 5397 tom
1264 5347 1541 5399 ministeria
1563 5346 1911 5410 ecclesiarum,

342 5416 704 5488 quamqusuole
733 5426 1017 5488 argentum,
1053 5425 1099 5470 et
1124 5417 1372 5486 quidquid
1399 5418 1563 5482 aliud,
1596 5418 1727 5470 idem
1756 5417 1913 5469 brevis

343 5500 371 5532 a
398 5485 536 5558 vobis
564 5485 901 5558 conscripius,
934 5490 1171 5541 veraciter
1194 5485 1363 5558 rerum
1405 5489 1541 5558 facta
1581 5488 1914 5557 inspectione,

342 5555 619 5627 contineat.
674 5561 736 5611 Et
780 5557 871 5610 lib.
902 5572 981 5623 ιιι,
1017 5560 1172 5627 epist.
1219 5556 1284 5612 15
1317 5557 1342 5596 δ
1374 5555 1671 5611 {Pervenit
1707 5558 1774 5609 ad
1824 5571 1916 5611 nos

340 5625 562 5680 diversos
595 5627 766 5683 Italia:
786 5625 1076 5684 sacerdotes
1100 5633 1151 5683 in
1177 5630 1407 5685 Siciliam
1429 5630 1773 5700 confugientes
1800 5629 1917 5700 plu-

413 5780 440 5843 s
489 5770 641 5825 Nunc
670 5772 831 5843 epist.
853 5769 947 5840 25,
972 5774 1097 5829 olim
1128 5782 1243 5830 erat
1281 5772 1360 5829 l9.
1718 5842 1726 5843 ί

411 5841 440 5881 δ
473 5843 569 5896 Est
624 5839 784 5900 modo
814 5839 1004 5902 16111).
1060 5862 1135 5911 tv,
1182 5848 1330 5902 olim.
1372 5844 1464 5901 lib.
1506 5860 1599 5911 ιιι,
1642 5842 1755 5898 iud.
1817 5839 1916 5911 12,

2012 3307 2108 3348 cus
2130 3294 2357 3348 sumitur
2376 3307 2471 3358 pro
2499 3306 2681 3347 mensa
2710 3306 3004 3348 marmorea
3031 3291 3226 3346 calices
3245 3294 3550 3349 continente
3567 3309 3587 3349 :

2013 3365 2209 3417 Abocus
2239 3365 2313 3417 vel
2341 3364 2473 3416 obox
2500 3380 2620 3433 pars
2651 3364 2874 3429 capitetli
2896 3404 2912 3429 ,
2946 3364 3020 3418 vel
3048 3362 3223 3419 tabula
3251 3362 3463 3429 lusoria,
3511 3365 3592 3421 vel

2011 3450 2186 3488 mensa
2240 3450 2562 3503 marmorea,
2612 3434 2666 3489 in
2707 3450 2809 3503 qua
2851 3434 3047 3504 antiqui
3076 3435 3338 3489 mittebant
3385 3436 3589 3491 calices.

2012 3506 2141 3573 Qua;
2188 3506 2350 3560 verba
2395 3502 2663 3560 illustrant
2700 3502 2875 3560 lacum
2896 3502 3190 3567 iuvenalis,
3227 3506 3317 3573 qui
3368 3506 3592 3565 abacum

2013 3591 2246 3647 marmor
2277 3576 2582 3647 appellavit,
2619 3574 2670 3630 id
2692 3585 2785 3647 est
2807 3590 3045 3647 mensam
3070 3590 3442 3647 marmoream.

2086 3642 2380 3713 Usurpat'u'r
2396 3646 2555 3700 etiam
2576 3645 2927 3699 ministerium
2958 3661 3052 3713 pro
3083 3646 3365 3712 tapetibus,
3394 3646 3591 3713 palliis,

2012 3724 2067 3770 et
2110 3716 2378 3771 similibus
2422 3715 2664 3771 ecclesite
2709 3718 3057 3782 ornamentis,
3106 3726 3162 3769 ut
3192 3715 3372 3770 videre
3414 3725 3499 3770 est
3539 3717 3591 3771 iu

2013 3787 2237 3841 concilio
2268 3786 2619 3851 Arverneusi,
2653 3800 2773 3843 can.
2818 3786 2853 3840 '5
2882 3804 2897 3839 :
2935 3784 3317 3841 Observandum
3347 3802 3409 3839 ne
3438 3787 3593 3853 pullis

2013 3854 2089 3911 vel
2119 3858 2408 3910 ministeriis
2449 3857 2630 3909 divinis
2678 3858 3033 3923 defunctorum
3081 3871 3296 3923 corpora
3324 3857 3597 3911 obvolvun-

2014 3937 2118 3981 tur.
2151 3927 2385 3983 Tandem
2427 3928 2477 3981 in
2520 3927 2709 3983 eodem
2754 3927 2947 3982 Codice
2980 3926 3267 3980 Rbemeusi
3306 3926 3589 3993 sequitur!

2015 3995 2147 4053 Item
2193 3999 2327 4068 alia,
2380 3998 2710 4068 Omnipotens
2740 3996 2908 4068 Deus,
2945 3995 3185 4068 Trinitas,
3218 3997 3595 4068 inseparabilis,

2014 4072 2243 4124 manibus
2266 4066 2451 4125 nostris
2483 4066 2624 4138 opem
2654 4079 2753 4122 tua:
2773 4066 3146 4133 Benedictionis
3171 4067 3474 4135 infunde,ut
3501 4082 3593 4135 per

2015 4150 2237 4196 nostram
2293 4137 2684 4195 benedictionem
2713 4138 2806 4191 hoc
2851 4142 3106 4193 vasculum
3142 4137 3510 4204 sanctiﬁcatur,
3538 4146 3591 4193 et

2015 4212 2240 4283 corporis
2260 4211 2448 4267 Christi
2460 4226 2657 4283 _novu_m
2702 4209 2989 4283 sepulcrum
3018 4208 3249 4275 Spiritus
3277 4208 3441 4265 sancti
3470 4224 3592 4279 στα-ι

2017 4279 2423 4351 ιὶαῷενβεὶιιειιν.
2452 4280 2553 4351 Per
2584 4279 2855 4351 Dominum
2893 4289 3146 4335 nostrttm.
3237 4347 3246 4351 Δ
3540 4347 3568 4351 ,Α
3616 4324 3623 4333 .

2197 4347 2248 4424 ἦ
2289 4351 2413 4406 574.
2444 4349 2652 4424 Deinde,
2690 4350 2879 4424 vadunt
2928 4353 2994 4404 ad
3021 4352 3189 4424 locant
3228 4347 3284 4424 in
3310 4364 3435 4424 quo
3474 4347 3597 4402 reli-

2015 4419 2291 4492 ᾳιιιῐυζεῖο.
2329 4422 2589 4478 Describit
2612 4421 2767 4476 ritum
2792 4422 3187 4492 itilerettdarum
3229 4419 3593 4492 Rcliquiarutn

2017 4489 2070 4549 in
2108 4496 2381 4564 templum.
2416 4494 2704 4564 Antiquutn
2737 4500 2818 4546 est
2850 4491 3107 4564 Ecclesia:
3134 4489 3599 4564 institutum_,_ba-

2020 4568 2196 4621 silicas
2219 4561 2574 4636 reliquiarum
2596 4574 2900 4619 sanctarum
2925 4562 3162 4636 illatione
3182 4571 3237 4617 et
3265 4561 3598 4636 oppositione

2020 4637 2289 4705 dedicare,
2325 4633 2547 4706 quarum
2598 4636 2881 4706 praesentia
2911 4633 3151 4706 ecclesia
3179 4634 3595 4706 sanctilicatur.

2019 4709 2246 4764 Sanctus
2273 4703 2614 4768 Ambrosius;
2634 4705 2727 4759 lib.
2753 4720 2802 4769 ιι,
2837 4705 2993 4773 epist.
3022 4706 3112 4768 8:5,
3142 4703 3207 4755 ab
3239 4703 3600 4763 Mareellinam

2016 4794 2255 4835 sororem
2288 4798 2302 4835 ;
2334 4778 2472 4832 Nam
2502 4794 2618 4832 cum
2643 4773 2901 4829 basilicam
2927 4774 3256 4839 dedicassem,
3298 4775 3441 4827 multi
3486 4784 3602 4826 tan-

2050 4867 2168 4903 uom
2210 4867 2308 4904 uno
2352 4867 2437 4903 ore
2478 4846 2799 4915 interpellare
2845 4852 3133 4915 coeperant,
3164 4845 3381 4898 dicentes
3409 4860 3426 4898 :
3453 4845 3513 4899 Si
3544 4844 3599 4903 in

2046 4924 2251 4975 iomana
2280 4921 2488 4974 basilica
2518 4911 2753 4971 ded'ices?
2778 4911 3051 4985 respondi:
3075 4911 3311 4979 Faciant,
3335 4917 3376 4968 si
3407 4924 3601 4985 murtyf

2017 5009 2127 5044 rum
2150 4992 2390 5061 reliquias
2420 4994 2673 5043 invenero.
2705 4982 2929 5061 Sanctus
2950 4984 3388 5061 l_’aulittus,epi_st.
3423 4988 3507 5061 11,
3537 4982 3603 5039 ad

2014 5056 2306 5118 Severum:
2337 5061 2496 5115 Testis
2525 5068 2597 5114 est
2626 5068 2795 5128 autem
2824 5056 3098 5123 Dominus,
3121 5058 3259 5128 quod
3289 5058 3332 5111 si
3364 5056 3438 5113 rel
3460 5070 3602 5128 seru-

2015 5132 2195 5201 pulmn
2235 5134 2369 5185 sacri
2401 5130 2582 5185 cineris
2612 5127 2961 5182 habuissemus
2989 5121 3150 5251 εκῦιὰ
3184 5144 3339 5200 quam
3367 5128 3510 5181 nobis
3536 5121 3603 5183 ad

2016 5205 2296 5251 basilicum.
2329 5219 2444 5251 num
2466 5200 2692 5251 maxime
2725 5200 2778 5251 in
2808 5201 3008 5251 nomine
3092 5202 3249 5251 omini
3274 5210 3603 5251 consumma-

2016 5205 2297 5268 basilicam,
2329 5219 2444 5273 qua:
2464 5200 2692 5272 proxime
2725 5200 2778 5253 in
2800 5201 3008 5273 nomine
3042 5200 3249 5273 Domini
3274 5210 3603 5273 consumma-

2018 5276 2171 5337 bitur,
2196 5271 2531 5327 dedicandam
2558 5272 2896 5325 necessarium
2924 5279 3055 5338 erat,
3083 5271 3393 5327 misissemus
3419 5271 3602 5338 unitati

2016 5333 2212 5399 vestrie.
2252 5346 2316 5399 Et
2361 5345 2517 5415 paulo
2564 5350 2690 5415 ipOst
2725 5361 2737 5397 :
2769 5333 3060 5415 Invenimus
3099 5343 3232 5410 quod
3279 5339 3431 5407 digne
3460 5344 3511 5415 et.
3538 5333 3603 5392 ad

2022 5416 2244 5470 basilicae
2268 5404 2721 5485 sanctificationem
2746 5414 2882 5470 vobis
2912 5423 2957 5467 et
2986 5412 3053 5466 ad
3082 5404 3307 5485 cinerum
3335 5404 3603 5485 cumulan-
3626 5446 3639 5457 .

2024 5488 2143 5541 dant
2200 5474 2605 5541 Benediciionem
2656 5486 2984 5549 mitteremus,
3018 5484 3326 5553 particulam
3360 5480 3421 5530 tle
3466 5474 3603 5543 ligna

2027 5559 2209 5611 tlivinm
2233 5560 2415 5612 crucis.
2453 5559 2517 5612 Et
2542 5555 2697 5626 epist.
2727 5557 2968 5627 sequenti
2997 5550 3224 5606 {Verum
3251 5550 3383 5603 hanc
3412 5564 3599 5617 quouis.

2029 5630 2351 5685 basiliculam
2382 5632 2443 5683 de
2471 5628 2740 5685 benedictis
2765 5626 3115 5699 apostolorum
3144 5630 3187 5678 et
3214 5630 3500 5692 martyrum
3531 5634 3595 5675 re

2038 5778 2197 5840 epist.
2229 5770 2315 5827 16.
