4136 6352
284 6016 317 6034 «ὸ

284 6040 315 6058 ὁ

322 418 429 483 ηδ

1093 417 1161 476 ΙΝ
1200 417 1257 476 S.
1301 413 1629 481 GREGORII
1668 410 1927 472 LIBRUM
1964 407 2573 473 SACRAMENTORUM
2608 414 2838 474 ΝΟΤΛΕ.

3466 476 3469 479 γ
3486 418 3591 479 426

326 546 379 593 et
398 534 622 601 incensi,
650 533 704 590 in
734 532 1073 591 confessione
1088 531 1246 587 simul
1269 546 1387 587 cum
1420 530 1663 601 reliquiis
1693 536 1905 584 sancto-
1935 528 1984 589 Α
2011 526 2369 581 nedictionem
2413 535 2553 601 tuam
2583 571 2598 594 ,
2656 536 2712 583 et
2750 526 2998 601 Spiritus
3033 526 3106 582 tui
3140 541 3393 601 _munere
3430 528 3587 586 iidem

325 624 444 663 rum
477 607 824 676 reponendis,
876 606 1017 661 idem
1057 604 1281 659 habetur
1310 604 1367 659 in
1411 611 1639 673 utraque
1685 601 1902 657 dedica-

326 680 471 733 tione
500 678 718 732 Ordinis
749 676 993 731 Romani.

398 749 638 803 Tandem
670 750 721 802 in
748 748 936 802 eodem
969 746 1163 803 Codice
1183 745 1399 800 Ratoldi
1430 746 1546 800 huic
1574 750 1903 814 sequuntur:

326 819 392 873 Et
428 830 544 873 tunc
572 828 792 886 ponatur
822 818 1015 883 tabula,
1047 835 1199 888 super
1225 833 1381 887 quam
1411 818 1563 888 faciet
1585 832 1758 869 cruces
1782 831 1909 882 qua-

328 902 439 943 tuor
469 907 531 944 ea:
577 893 687 944 oleo
717 898 764 943 et
807 899 983 943 sancto
1025 887 1328 951 chrismate;
1362 897 1409 941 et
1458 887 1789 955 designantur
1818 899 1907 955 per

323 971 545 1031 quatuor
569 962 785 1031 angulos
816 976 930 1014 cum
950 960 1139 1023 cultro,
1174 968 1220 1013 et
1259 961 1395 1012 dicat
1436 958 1668 1031 pontifex
1698 956 1908 1011 Oratio-

325 1029 440 1085 nem
468 1031 603 1085 hanc
642 1029 835 1086 EDeus
859 1072 873 1096 ,
922 1033 1006 1097 qui
1044 1048 1107 1085 ea;
1147 1031 1285 1082 omni
1331 1029 1652 1096 coaptatione
1695 1037 1906 1081 sancto—

324 1118 462 1166 rum,
508 1112 611 1157 etc.
636 1104 807 1157 Aliter
830 1102 880 1157 in
907 1101 1104 1156 Ordine
1140 1102 1294 1155 llom.
1323 1101 1400 1154 sic
1451 1100 1715 1152 habetur:
1762 1097 1907 1150 Tunc

324 1183 478 1243 ponat
505 1175 731 1227 tabulam
758 1189 910 1241 super
926 1172 1185 1241 reliquias,
1220 1180 1266 1225 et
1294 1169 1379 1243 det
1412 1170 1708 1222 Orationem
1737 1168 1904 1221 hanc:

329 1242 568 1313 Oremus,
598 1244 757 1310 Deus,
787 1244 876 1313 qui
891 1260 954 1298 ea:
970 1244 1105 1297 omni
1128 1242 1446 1310 coaptatione
1466 1249 1780 1313 sanctorum,
1801 1249 1904 1293 etc.

325 1312 523 1369 Deinde
568 1316 712 1369 liniat
750 1312 863 1368 eam
909 1331 1024 1367 cum
1067 1314 1223 1377 calce,
1252 1327 1363 1381 qute
1383 1320 1533 1365 antea
1564 1312 1731 1381 fuerat
1770 1324 1906 1379 pra:-

326 1396 509 1453 parata
523 1405 541 1451 ,·
568 1394 612 1439 et
655 1394 922 1456 postquam
950 1386 1095 1438 linita
1123 1385 1293 1454 fuerit,
1337 1383 1718 1456 [acial_crucem
1758 1382 1909 1456 de_su-

323 1450 414 1526 per
442 1450 559 1509 cum
587 1450 858 1510 chrismate
885 1455 1100 1526 dicendo
1115 1450 1245 1509 sicut
1267 1450 1408 1526 prius
1441 1468 1460 1506 :
1485 1451 1551 1506 In
1574 1451 1775 1526 nomine
1800 1450 1907 1504 Pa-

326 1522 439 1590 tris,
476 1537 523 1580 et
556 1526 714 1591 Filii,
768 1537 815 1579 et
867 1525 1096 1594 Spiritus
1131 1525 1315 1579 sancti.
1346 1524 1527 1577 Amen.
1575 1522 1692 1576 Pax
1719 1531 1906 1575 tecum.

340 1595 379 1662 ιῆ
398 1636 413 1649 .
440 1595 509 1649 Et
539 1613 655 1650 cum
674 1598 861 1664 spiritu
893 1605 998 1651 tuo.
1033 1594 1101 1648 Et
1129 1596 1293 1649 mittat
1323 1595 1543 1648 chrisma
1563 1609 1653 1664 per
1691 1604 1909 1661 quatuor

326 1682 520 1720 cornua
562 1668 762 1732 altaris,
786 1668 898 1738 ipsa
920 1669 1266 1738 suprascripta
1287 1664 1451 1738 verba
1474 1664 1688 1738 dicendo
1711 1672 1759 1716 et
1783 1678 1906 1715 cru-

326 1753 435 1791 cem
466 1738 732 1807 faciendo;
780 1733 827 1790 et
872 1733 1069 1790 cantent
1119 1733 1462 1805 Antiphonatn
1512 1733 1742 1803 Corpora
1788 1750 1908 1807 san-

327 1804 523 1860 ctorum
540 1810 593 1862 in
620 1825 743 1875 pace
768 1807 969 1871 sepulta
993 1815 1128 1870 sunt,
1161 1816 1208 1861 et
1239 1804 1402 1859 vivent
1429 1807 1635 1859 nomina
1656 1820 1831 1858 eorum
1854 1804 1908 1856 in

327 1886 594 1943 teternum,
624 1895 739 1931 cum
778 1876 976 1932 Gloria.
1008 1878 1132 1932 Ilzec
1161 1880 1214 1931 in
1241 1877 1427 1945 prima.
1446 1876 1658 1944 quidem
1688 1875 1904 1929 dedica-

327 1948 492 2001 tionis
538 1948 901 2016 descriptione
957 1965 970 2000 :
1021 1947 1112 2002 sed
1154 1948 1205 2001 in
1256 1946 1487 2001 secunda
1536 1946 1693 2015 paulo
1751 1946 1907 1999 aliter

327 2016 381 2071 in
416 2018 555 2073 hunc
587 2019 801 2073 modum
828 2037 840 2070 :
875 2019 940 2071 Et
962 2018 1216 2086 accipiens
1247 2018 1492 2081 tabulam,
1519 2032 1632 2086 quw
1649 2033 1801 2085 super
1828 2032 1909 2069 re-

326 2090 517 2156 liquias
546 2090 669 2160 poni
699 2090 863 2154 debet,
898 2098 1047 2160 antea
1077 2089 1379 2160 conﬁrmet_
1400 2103 1514 2160 eam
1568 2086 1906 2160 subtusucum

328 2155 607 2213 chrismate
632 2201 645 2222 ,
701 2161 918 2213 dicendo
963 2175 982 2213 :
1015 2158 1079 2212 In
1107 2155 1310 2211 nomine
1342 2156 1549 2222 Patris,
1579 2167 1626 2210 et
1666 2155 1825 2223 Filii,
1859 2166 1905 2212 et

326 2228 565 2298 Spiritus
594 2231 775 2283 sancti.
803 2228 868 2282 Et
916 2236 1072 2297 ponat
1111 2228 1340 2282 tabulam
1385 2243 1539 2296 super
1567 2228 1829 2298 reliquias,
1860 2236 1910 2282 et

326 2300 472 2351 dicat
524 2304 656 2354 hanc
706 2300 1052 2354 Orationem:
1089 2298 1327 2353 Oremus.
1369 2298 1508 2353 Deus
1549 2300 1637 2368 qui
1682 2314 1744 2351 ea:
1771 2300 1911 2351 omni

326 2372 658 2437 coaptatione
699 2382 1013 2424 sanctorum.
1047 2370 1242 2423 Deinde
1273 2369 1422 2422 liniat
1460 2384 1572 2423 eam
1597 2384 1713 2422 cum
1736 2372 1906 2435 calce,

327 2456 448 2509 qua:
463 2451 583 2494 ante
597 2444 767 2511 fuerat
798 2449 1112 2511 prteparata.
1136 2439 1216 2511 Et
1242 2448 1511 2509 postquam
1538 2440 1692 2509 fuerit
1731 2439 1909 2504 linita,

331 2511 490 2581 faciat
506 2510 706 2565 crucem
728 2510 945 2579 desuper
957 2527 1071 2564 cum
1095 2510 1368 2564 chrismate
1390 2510 1629 2577 dicendo,
1644 2518 1699 2564 ut
1722 2526 1910 2580 supra;

330 2591 381 2636 et
412 2582 569 2650 faciat
607 2599 806 2636 crucem
835 2582 1068 2636 similiter
1118 2598 1235 2635 cum
1263 2581 1535 2635 chrismate
1574 2597 1665 2651 per
1692 2590 1913 2651 quatuor

329 2654 548 2722 angulos
576 2654 759 2722 altaris
788 2654 1023 2722 desuper,
1050 2652 1264 2706 dicendo
1289 2661 1342 2705 ut
1378 2667 1554 2721 supra.

426 2722 530 2794 S81.
556 2721 687 2777 Cum
714 2720 922 2794 psalmo
950 2723 1184 2776 Laudate
1223 2722 1503 2775 Dominum
1532 2721 1595 2775 de
1619 2720 1779 2794 caelis,
1808 2728 1914 2777 etc.

330 2791 392 2847 In
416 2793 613 2849 Codice
642 2791 935 2849 Rhemensi
964 2795 1077 2848 haec
1128 2794 1324 2848 desunt
1364 2807 1533 2861 usque
1571 2792 1635 2846 ad
1665 2791 1756 2847 illa
1800 2807 1917 2847 ver-

331 2862 439 2934 ba;
473 2861 605 2934 Inde
634 2874 917 2918 revertatur
946 2864 1182 2934 pontifex
1218 2864 1270 2917 in
1295 2864 1598 2934 sacrarium.

408 2933 533 2987 582.
559 2932 690 2988 Post
720 2935 826 2989 hwe
853 2930 1105 2988 vestiatur
1126 2937 1309 2989 altare.
1338 2934 1393 2987 In
1415 2932 1551 2987 Cod.
1577 2932 1790 2988 Ratoldi
1826 2934 1920 2987 ad-

331 3004 479 3060 ditur
511 3003 637 3058 Cum
662 3023 795 3075 aqua
825 3006 1087 3059 benedicta
1116 3014 1162 3058 et
1194 3006 1423 3059 incenso.
1468 3002 1704 3075 Vestitur
1742 3012 1919 3075 autem

336 3077 509 3130 altare
540 3073 714 3142 pallis'
746 3077 1046 3141 linostimis,
1101 3084 1259 3141 atque
1288 3075 1451 3129 etiam
1505 3073 1681 3141 palliis
1709 3074 1917 3141 sericis,

335 3156 396 3199 ut
428 3147 623 3198 factum
651 3156 733 3200 est
774 3148 823 3200 in
865 3146 1198 3201 dedicatione
1227 3145 1411 3211 templi
1452 3143 1917 3215 Hierosolymitani

336 3217 438 3286 sub
461 3216 814 3270 Constantino
840 3215 1054 3286 Magno,
1074 3224 1133 3269 ut
1159 3216 1342 3269 scribit
1364 3216 1404 3268 Τ
1412 3214 1752 3280 Ιιθοᾱοτθιυς,
1788 3215 1877 3269 lib.
1905 3232 1921 3269 ι

2012 607 2250 651 nostram
2289 600 2576 652 corrobora
2604 640 2620 663 ,
2678 609 2737 653 ut
2773 598 2863 667 qui
2893 598 2944 653 in
2986 597 3099 653 hzec
3130 599 3328 655 ﬂuenta
3365 600 3592 657 descen-

2011 667 2234 734 derint,
2278 668 2330 721 in
2365 669 2496 723 libro
2525 670 2649 723 vita:
2678 669 2868 723 ascribi
2898 681 3224 725 mereantur.
3251 671 3370 724 Per.

2086 737 2211 792 Ilaec
2241 740 2889 811 consecratio,baptisterii
2927 757 3020 794 seu
3052 740 3270 794 fontium
3306 742 3593 811 baptisma-

2020 808 2152 863 lium
2184 820 2265 863 est
2286 809 2637 872 breviuscula,
2666 810 2915 864 lusiorem
2950 812 3000 864 in
3035 811 3229 865 Ordine
3258 808 3495 865 llouiano
3513 829 3599 868 re-

2011 879 2186 948 quire.
2232 880 2665 934 Consecrationis
2710 880 3003 946 baptisterii
3041 882 3281 935 meminit
3311 882 3595 947 Sidonius,

2012 949 2106 1021 lib.
2135 965 2211 1013 tv,
2244 952 2402 1019 epist.
2432 950 2497 1021 15
2525 970 2536 1004 :
2572 951 2713 1004 Nam
2758 950 3107 1019 baptisterium
3131 954 3267 1018 quod
3289 955 3409 1006 olim
3436 954 3599 1021 fabri-

2011 1020 2266 1073 cabamini
2288 1062 2300 1083 ,
2325 1020 2545 1092 scribitis
2572 1038 2717 1092 posse
2736 1024 2851 1092 jam
2879 1025 3187 1076 consecrari.
3224 1020 3598 1092 Baptisterinm

2012 1099 2190 1162 autem
2237 1100 2318 1145 est
2361 1085 2644 1145 aedilicium
2698 1085 2875 1162 piope,
2906 1095 3183 1147 ecclesiam
3239 1085 3437 1162 in'quo
3484 1105 3599 1148 erat

2010 1160 2215 1231 piscina
2245 1176 2339 1215 seu
2371 1162 2505 1225 fons,
2537 1163 2649 1215 sive
2675 1160 2932 1216 naturalis
2962 1163 3074 1216 sive
3102 1160 3439 1229 artiﬁciosus,
3464 1164 3597 1231 bap-

2012 1230 2238 1285 tizandis
2267 1232 2588 1288 Christianis
2617 1233 2859 1287 idoneus.
2892 1232 3209 1287 Prudentius
3231 1274 3245 1298 ,
3280 1235 3331 1287 in
3363 1230 3597 1288 I’eriste-

2010 1301 2209 1370 phano,
2232 1301 2609 1375 baptisterium
2638 1302 2965 1369 describens,
2983 1305 3037 1357 in
3062 1303 3182 1360 loco
3212 1303 3301 1361 ubi
3322 1303 3592 1375 quondam

2010 1382 2277 1441 martyres
2307 1372 2448 1440 passi
2476 1371 2689 1427 fuerant
2717 1390 2733 1427 :

2130 1462 2329 1527 Electus
2354 1460 2545 1527 Christo
2562 1462 2701 1527 locus
2726 1470 2820 1526 est,
2844 1465 2928 1514 ubi
2950 1465 3093 1514 corda
3120 1464 3320 1527 probata

2195 1524 2442 1573 Provebat
2461 1525 2518 1572 ad
2538 1525 2714 1575 ccelum
2737 1524 2995 1589 sanguine,
3021 1524 3197 1589 purget
3220 1539 3361 1589 aqua.

2010 1605 2378 1679 Fortunatus,
2406 1606 2498 1661 lib.
2542 1622 2610 1674 ιι,
2658 1621 2824 1663 carm.
2871 1607 2971 1676 12,
3020 1608 3086 1664 de
3127 1607 3442 1679 baptisterio
3484 1610 3597 1668 M0-

2010 1676 2213 1747 gnutite
2244 1676 2508 1731 aediﬁcato
2540 1694 2554 1731 :

2135 1767 2300 1832 Ardua
2324 1770 2500 1832 sacrati
2530 1767 2829 1832 baptismatis
2844 1768 2954 1818 aula
2972 1775 3225 1832 coruscat,

2197 1830 2304 1887 Qua
2324 1829 2502 1879 delicta
2523 1831 2639 1878 Adae
2667 1830 2882 1880 Christus
2904 1833 2955 1879 in
2980 1843 3124 1881 amne
3146 1829 3291 1882 lavat.

1935 1910 1985 1972 B
2011 1910 2264 1989 P_aulinus
2284 1953 2300 1979 ,
2336 1913 2491 1983 epist.
2530 1914 2626 1979 12,
2656 1914 2725 1969 ad
2771 1914 3024 1972 Severum
3050 1959 3068 1988 ,
3104 1916 3172 1972 de
3198 1914 3315 1986 ejus
3344 1914 3601 1989 baptista.

2011 1998 2132 2038 “0:

2133 2073 2288 2139 Dives
2304 2086 2449 2136 Opum
2473 2074 2684 2139 Christi,
2704 2088 2888 2138 panper
2910 2074 3021 2138 sibi,
3048 2074 3250 2139 pulchra
3271 2077 3490 2133 Severus

2198 2136 2416 2186 Culmina
2436 2139 2641 2187 sacratis
2662 2136 2878 2186 fontibus
2902 2136 3131 2189 instituit.

2011 2197 2307 2271 Ennodius,
2325 2199 2702 2269 epigrammate
2718 2200 2842 2265 149,
2865 2201 2928 2271 de
2947 2198 3113 2254 Fonte
3134 2200 3418 2271 baptisterii
3436 2203 3607 2258 sancti

2013 2268 2288 2338 Stephani,
2320 2280 2366 2323 et
2388 2268 2518 2337 aqua
2540 2285 2653 2337 qua:
2674 2286 2763 2341 per
2792 2270 3056 2323 columnas
3077 2268 3208 2325 venit
3230 2288 3251 2327 :

2135 2356 2334 2422 Euﬂsine
2359 2357 2490 2422 nube
2518 2358 2639 2418 pluit
2659 2358 2751 2407 sub
2770 2359 2918 2407 tectis
2937 2358 3093 2408 imbre
3112 2372 3313 2422 sereno,

2202 2418 2263 2468 Et
2291 2420 2406 2468 coeli
2436 2419 2585 2467 facies
2608 2433 2725 2480 pura
2750 2421 2996 2468 ministrat
3020 2433 3183 2481 aquas.

2136 2479 2329 2545 Proﬂua
2349 2479 2670 2529 marmoribus
2691 2481 2967 2531 decurrunt
2987 2479 3227 2545 marmora
3247 2484 3415 2545 sacris,

2200 2542 2362 2607 Atque
2387 2545 2563 2607 iterum
2583 2556 2749 2607 rorem
2765 2546 2973 2607 parturit
2995 2555 3112 2607 ecce
3137 2543 3275 2607 lapis.

2143 2602 2292 2669 Arida
2317 2615 2425 2652 nam
2448 2603 2657 2669 liquidos
2677 2602 2882 2669 etl‘tiudit.
2908 2605 3113 2669 pergula
3136 2602 3320 2669 fontes,

2197 2664 2258 2713 Et
2276 2677 2444 2713 rursus
2466 2664 2593 2727 natis
2612 2667 2739 2715 unda
2758 2664 2974 2727 superna
2998 2664 3150 2716 venit.

2140 2723 2315 2793 Sancta
2349 2739 2437 2793 per
2461 2726 2712 2793 azthereos
2732 2723 2933 2793 emanat,
2946 2728 3137 2790 lympha
3158 2741 3403 2793 recessus,

2199 2786 2428 2850 Euslorgi
2452 2790 2575 2838 vatis
2597 2788 2740 2838 ducta
2757 2786 3042 2839 ministerio.

2018 2866 2077 2923 Id
2105 2868 2264 2923 etiam
2293 2878 2437 2936 patet
2478 2872 2674 2925 concil.
2724 2871 2981 2925 Toletano
3011 2886 3173 2938 svnt,
3203 2886 3321 2927 can.
3353 2872 3387 2924 '5
3412 2887 3428 2927 :
3458 2873 3605 2929 Licet

2017 2939 2166 2994 initio
2206 2939 2621 3010 Quadragesima:
2658 2942 2955 3011 baptizandi
2993 2942 3295 3012 generaliter
3324 2943 3604 2999 claudatur

2019 3012 2338 3079 mysterium,
2364 3017 2556 3076 tamen,
2590 3021 2649 3065 ut
2675 3012 3030 3066 ecclesiastica:
3071 3015 3449 3067 consuetudinis
3476 3018 3602 3068 ordo

2023 3078 2271 3156 deposcit,
2293 3096 2489 3136 necesse
2512 3092 2584 3135 est
2624 3093 2679 3156 ut
2701 3086 2831 3156 ostia
2855 3084 3133 3156 baptisterii
3158 3086 3332 3137 eodem
3361 3087 3444 3139 die
3462 3103 3604 3156 pon-

2023 3149 2201 3223 tiﬁcali
2225 3168 2376 3223 manu
2403 3164 2449 3205 et
2476 3153 2668 3206 annulo
2693 3155 2892 3223 signata
2919 3149 3244 3209 claudantur.

2097 3218 2222 3276 585.
2268 3221 2559 3276 Celebretur
2581 3224 2648 3277 ibi
2693 3218 2984 3277 solemniter
3010 3223 3196 3279 Missa.
3234 3223 3391 3279 Juxta
3418 3225 3606 3282 decre-

336 3285 479 3340 Ilist.
507 3300 626 3362 cap.
656 3287 746 3362 3i.
774 3286 840 3340 Et
864 3285 1019 3354 Apud
1043 3286 1346 3362 Synesium,
1380 3287 1535 3362 epist.
1569 3287 1667 3362 67,
1693 3287 1830 3340 inter
1858 3302 1919 3341 ea
1946 3291 1992 3355 ο
2028 3300 2139 3345 tum
2172 3292 2406 3346 EvariSti
2437 3309 2608 3362 papm,
2634 3293 2770 3361 apud
2795 3294 3004 3349 lvouem
3038 3294 3070 3345 5
3095 3309 3169 3362 p.,
3196 3310 3247 3348 c.
3273 3295 3341 3348 5:32
3369 3312 3381 3349 :
3418 3297 3608 3351 Omnes

337 3372 457 3423 quze
484 3356 549 3408 ad
591 3357 865 3411 basilicam
907 3356 1208 3412 necessaria
1238 3367 1363 3410 sunt
1410 3356 1789 3422 dedicandam,
1834 3373 1919 3411 re-

337 3435 589 3480 censetur
617 3430 995 3500 καταπέτασμα
1014 3428 1288 3500 pec-riuos,
1316 3428 1371 3482 id
1410 3436 1494 3483 est
1522 3426 1695 3483 velum
1726 3430 1917 3498 mysti-

338 3511 483 3551 cum.

414 3567 541 3623 583.
576 3564 705 3622 Cum
735 3569 1048 3638 Antiphona.
1078 3568 1185 3625 Pro
1218 3568 1303 3623 his
1336 3568 1387 3623 in
1415 3565 1549 3622 Cod.
1583 3568 1790 3623 Ratoldi
1819 3568 1917 3621 ha-

339 3638 498 3712 betur
525 3656 539 3693 :
574 3639 725 3712 Dicat
748 3643 1013 3712 episcopus
1041 3640 1918 3712 AntiphonanLOrnaveruuttem-

339 3709 486 3778 plum
514 3711 730 3765 Coronis
759 3709 953 3775 aureis,
986 3722 1090 3766 etc.
1122 3711 1335 3778 Antiph.
1370 3709 1626 3772 Zachaee,
1661 3710 1918 3764 festinans

340 3779 632 3845 descendo,
662 3791 765 3835 etc.
786 3781 924 3836 Dum
952 3791 1202 3836 ornantur
1227 3781 1435 3844 altaria,
1483 3788 1739 3833 canuntur
1776 3781 1913 3845 Iiwc,

338 3860 390 3921 et
415 3852 645 3921 pontifex
690 3852 821 3905 dicat
852 3853 1145 3907 Orationem
1174 3866 1191 3905 .'
1221 3850 1519 3905 Descendat
1538 3892 1552 3913 ,
1590 3865 1913 3920 qutesumus,

344 3920 573 3993 Domine
627 3921 765 3977 Deus
804 3932 1008 3991 noster,
1050 3922 1285 3993 Spiritus
1325 3931 1544 3978 sanctus
1593 3931 1714 3976 tuus
1760 3936 1919 3990 super

340 3989 447 4046 hoe
481 3994 671 4058 altare,
696 4002 795 4050 etc.

415 4060 541 4135 584.
566 4063 864 4135 [ἔαξεν-ταίην
888 4064 1121 4135 pontifex
1141 4063 1525 4135 insacrarium.
1557 4062 1757 4118 IIorum
1800 4062 1920 4135 loco

340 4130 461 4185 haec
484 4133 537 4187 in
569 4131 767 4189 Codice
796 4130 1004 4190 Ratoldi
1038 4130 1283 4201 reperire
1309 4144 1393 4190 est
1436 4154 1447 4189 :
1482 4135 1679 4188 Deinde
1708 4133 1919 4199 incipiat

338 4210 523 4275 cotitor
568 4205 912 4275 Antiphonem
943 4205 1217 4260 Terribilis
1249 4215 1329 4259 est
1375 4206 1547 4267 locus,
1570 4204 1692 4261 istc.
1725 4203 1921 4259 Deinde

341 4271 524 4327 Gloria
560 4276 613 4328 in
642 4271 866 4330 excelsis
900 4276 1027 4331 Deo.
1054 4275 1277 4329 Collecta
1304 4276 1373 4328 ad
1396 4277 1630 4331 Missam.
1668 4277 1809 4328 Deus
1830 4276 1920 4342 qui

336 4346 728 4399 sacrandorum
753 4347 844 4399 tibi
874 4356 1118 4401 auctores
1146 4360 1446 4411 munerum,
1472 4358 1575 4401 etc.
1606 4344 1775 4411 Lectio
1803 4345 1921 4398 libri

336 4416 684 4485 Apocalypsis
712 4415 931 4485 Joannis
985 4416 1226 4485 apostoli.
1255 4415 1312 4470 In
1354 4417 1542 4471 diebus
1572 4416 1695 4483 illis,
1724 4414 1833 4485 vidi
1860 4413 1922 4470 ci-

335 4484 835 4540 vitatemsanctam
868 4484 1183 4543 Jerusalem.
1234 4486 1307 4554 ιῆ.
1361 4486 1536 4541 Locus
1584 4487 1687 4541 iste
1729 4500 1758 4538 a
1811 4484 1922 4541 Deo

336 4554 519 4628 factus
542 4566 645 4628 est.
675 4556 834 4628 437
878 4560 908 4627 ᾗ
936 4599 950 4612 .
985 4559 1125 4613 Deus
1149 4556 1234 4612 cui
1260 4556 1769 4628 adstatangelormn
1798 4557 1923 4611 cho-

336 4641 456 4695 rus.
487 4626 643 4681 Allel.
668 4625 917 4685 Adofabo
946 4628 1014 4683 ad
1043 4628 1320 4695 templum.
1351 4637 1375 4664 α
1417 4625 1668 4683 Sanctum
1698 4625 1912 4683 Lucam.

2025 3361 2248 3417 basilica:
2268 3379 2381 3416 cum
2394 3361 2559 3435 Missa
2585 3380 2785 3435 semper
2812 3365 2990 3419 debent
3015 3361 3265 3418 dedicari.
3284 3365 3374 3421 Sic
3402 3368 3452 3420 in
3480 3384 3609 3421 con-

2025 3436 2327 3504 secratione
2368 3434 2550 3502 templi
2602 3435 3069 3504 llierosolymitani
3114 3435 3214 3489 sub
3253 3436 3607 3493 Constantino

2020 3502 2725 3587 Illagno.'quidatri‘episc.opi
2755 3502 3205 3587 OUGlﬂtC.G:WailtOt€
3226 3510 3308 3559 καὶ
3328 3525 3607 3587 μῖρσςικαῖς

2020 3574 2321 3647 ἱερουργίαις
2361 3578 2419 3630 τὸ
2469 3577 2596 3647 θεῖον
2628 3576 2918 3640 adamato,
2955 3578 3002 3631 id
3053 3574 3168 3641 θὲι,
3200 3574 3480 3632 sacriliciis
3522 3584 3607 3632 ili-

2022 3645 2262 3698 cruentis
2279 3654 2332 3697 et
2363 3645 2600 3714 mysticis
2622 3647 3114 3700 consecrationibus
3138 3661 3334 3701 numen
3362 3648 3600 3703 divinum

2023 3714 2339 3782 placabunt,
2375 3723 2433 3767 ut
2462 3716 2647 3769 scribit
2670 3715 2965 3780 Eusebius,
2998 3716 3089 3771 lib.
3121 3732 3172 3770 ιν
3213 3716 3280 3769 de
3311 3716 3429 3770 Vita
3458 3720 3605 3773 Con-

2023 3784 2419 3907 stantinimap.
2452 3783 2542 3838 45.
2588 3784 2820 3840 Consule
2867 3787 3145 3854 epistolam
3184 3786 3471 3842 secundam
3520 3790 3603 3843 Vi-

2023 3868 2074 3907 αι
2100 3870 2131 3907 n
2166 3870 2335 3907 uarias.

2061 3870 2131 3907 un
2166 3870 2335 3921 papae.

2022 3868 2394 3995 gllzgasl’gm.
2413 3923 2544 3979 Tota
2560 3940 2674 3978 vero
2692 3924 2745 3978 II
2750 3924 3027 3979 ebdomade
3047 3923 3221 3979 Missa:
3239 3926 3455 3994 publica:
3476 3929 3525 3982 in
3544 3946 3606 3983 ea

2022 3995 2168 4064 ﬁant.
2201 4001 2275 4049 tta
2307 3997 2357 4049 in
2383 3996 2576 4051 Codice
2613 3996 2856 4062 Ratuldi,
2888 3998 2939 4048 in
2968 4012 3070 4065 quo
3116 3998 3228 4050 hinc
3260 4009 3557 4065 sequuntur
3584 4018 3601 4054 :

2022 4066 2088 4119 Et
2111 4065 2165 4119 in
2186 4066 2308 4137 ipsis
2334 4079 2446 4120 octo
2474 4068 2648 4122 diebus
2676 4068 2741 4119 ibi
2764 4067 3041 4120 luminaria
3073 4076 3191 4120 ante
3212 4067 3395 4133 altare,
3427 4080 3516 4123 aut
3537 4072 3604 4125 de

2021 4152 2160 4210 cera,
2185 4136 2273 4189 aut
2300 4140 2362 4190 de
2386 4136 2497 4210 oleo
2519 4141 2695 4191 debent
2725 4153 2849 4201 esse,
2880 4138 3067 4210 absque
3092 4136 3432 4210 luminaribus
3454 4150 3502 4194 et
3523 4145 3605 4210 of-

2022 4208 2151 4275 ﬁciis
2181 4208 2440 4261 nocturnis
2481 4210 2800 4277 diurnisque,
2834 4210 2885 4260 in
2925 4208 3184 4277 praedictis
3230 4216 3341 4261 atto
3386 4208 3602 4276 diebus,

2021 4279 2129 4330 ullo
2157 4279 2306 4331 modo
2336 4280 2634 4348 reperiatur,
2689 4294 2844 4347 usque
2878 4279 2997 4331 dum
3030 4288 3140 4332 octo
3166 4278 3276 4331 dies
3306 4282 3604 4348 complean-

2026 4356 2129 4420 tur.
2176 4348 2274 4403 Ubi
2321 4349 2436 4418 lege
2471 4367 2483 4402 :
2518 4349 2681 4404 Nullo
2724 4353 2874 4403 modo
2917 4351 3245 4420 reperiatur;
3293 4351 3467 4420 suppl.
3515 4352 3604 4408 ba-

2021 4418 2189 4472 silica.
2977 4418 2985 4420 ’
3362 4418 3375 4420 ⁷
3400 4418 3407 4419 ί

2096 4489 2172 4543 Ex
2205 4489 2396 4559 quibus
2433 4500 2617 4545 notare
2660 4497 2872 4559 oportet
2900 4489 2966 4545 ad
3004 4490 3356 4546 celebriorem
3386 4491 3601 4548 dedica-

2025 4560 2186 4632 tionis
2218 4562 2612 4632 solemnitatcm
2632 4602 2649 4629 ,
2682 4563 2809 4615 olim
2839 4576 2936 4631 per
2963 4570 3085 4615 octo
3109 4562 3343 4632 integros
3365 4562 3480 4617 dies
3504 4565 3598 4619 de-

2024 4629 2304 4686 dicationis
2327 4631 2519 4687 festum
2553 4639 2662 4686 tum
2693 4629 2859 4686 sacris
2886 4629 3265 4698 concionibus‘,
3299 4642 3408 4686 tum
3433 4637 3602 4688 sacri-

338 4694 405 4771 In
431 4697 519 4771 illo
543 4706 781 4771 tempore
809 4676 944 4771 dixit
964 4699 1118 4771 Jcsus
1139 4676 1417 4765 Discipulis
1439 4700 1582 4771 suis:
1604 4698 1718 4752 Non
1736 4706 1921 4771 est_a_r-
1950 4676 2000 4737 D
2554 4676 2783 4771 iiiiéq'ué
2803 4676 3231 4755 divinisvollidiis
3252 4676 3417 4757 illi};
3433 4676 3604 4759 ἒξῙέ-

335 4768 440 4840 por
472 4766 628 4840 bona.
650 4766 832 4840 Q/fert.
860 4770 1078 4823 Domine
1099 4770 1239 4827 Deus
1270 4772 1320 4824 in
1343 4769 1698 4840 simplicitate.
1726 4768 1762 4838 ᾖ
1787 4769 1919 4840 uilla-

333 4835 527 4911 jestas.
558 4838 593 4905 ᾖ
619 4877 632 4891 .
658 4838 806 4893 Fecit
834 4840 1106 4895 Salomon.
1143 4842 1314 4911 Super
1348 4835 1538 4895 oblata.
1570 4835 1918 4911 Ompipoiens

336 4909 669 4981 gempiterne
694 4911 851 4973 Deus,
868 4911 1036 4964 altare
1050 4908 1250 4967 nomini
1270 4924 1361 4967 tuo
1374 4912 1624 4965 dicatum.
1646 4908 1917 4981 Praefatio.

336 4975 446 5050 Per
475 4994 630 5050 quem
652 4981 1385 5050 lf3suppliciterdeprecamur
1404 4982 1642 5035 utaltare
1673 4975 1792 5033 hoc.
1813 4978 1917 5033 Be-

337 5049 584 5102 nedictio.
604 5049 888 5105 Benedicat
915 5049 1251 5109 etcustOdiat
1268 5070 1360 5109 vos
1389 5054 1730 5118 omnipotens
1755 5050 1915 5113 Deus,

336 5118 669 5196 domumque
700 5122 837 5176 hanc
856 5122 935 5175 sui
968 5123 1198 5196 numinis
1229 5124 1324 5196 [In
1344 5140 1443 5177 ms.
1478 5118 1911 5196 muneris]_prze-

336 5191 513 5242 sentia
536 5190 827 5258 illustrare,
856 5204 959 5249 etc.
987 5190 1307 5251 Communia.
1344 5196 1543 5248 Domus
1578 5206 1694 5245 mea
1714 5190 1915 5245 domus

337 5259 612 5338 Orationis
643 5264 937 5338 vocabitur.
990 5264 1085 5338 ᾼάΔ
1129 5263 1525 5338 (ῖοηῳιεηάιιηιἱ
1573 5264 1911 5338 Quaesumus,

336 5330 684 5403 exutiipotens
711 5335 871 5400 Deus,
902 5344 961 5389 ut
988 5334 1041 5385 in
1074 5334 1174 5390 hoc
1195 5330 1332 5401 loco,
1366 5346 1468 5389 etc.
1495 5332 1626 5387 Inde
1643 5333 1915 5403 procedens

334 5400 412 5475 ad
444 5402 606 5475 fontes
636 5412 685 5457 et
706 5414 978 5458 consecret.
1010 5400 1355 5475 Omnipotens
1388 5400 1711 5472 sempiterno
1751 5403 1910 5467 Deus,

336 5469 452 5549 nec
494 5471 1099 5549 baptisteriumcmlesti
1128 5469 1431 5549 visitatione
1457 5469 1758 5529 dédicatum
1789 5475 1914 5540 Spi-

337 5546 481 5595 ritus
502 5547 671 5597 sancti
722 5546 797 5599 tui
826 5546 1182 5601 illustratione
1211 5548 1505 5613 sanctilica,
1556 5552 1613 5598 ut
1652 5557 1915 5610 quoscun-

336 5626 448 5678 que
487 5612 605 5667 lous
640 5616 741 5668 iste
772 5617 1040 5672 lavaturas
1070 5626 1173 5682 est,
1225 5621 1356 5673 trina
1406 5612 1678 5670 ablatione
1706 5614 1915 5681 purgati

336 5682 727 5755 indulgentiam
748 5689 987 5743 omnium
1016 5688 1331 5743 delictorum
1367 5697 1456 5741 tuo
1483 5696 1705 5755 munere
1727 5696 1919 5755 conse-

335 5752 593 5823 quantur.
627 5756 750 5813 Per.
782 5756 917 5813 Item
960 5761 1067 5815 alia
1107 5758 1472 5830 :Multipliea,
1515 5752 1763 5822 Domine.
1805 5753 1917 5841 Pe"

420 5878 447 5910 ι
486 5871 543 5928 Id
565 5882 678 5943 est,
708 5879 985 5932 secundum
1016 5876 1228 5933 Lucam.

628 5999 901 6058 PATROL.
951 5996 1293 6057 LXXVIII.

2023 4771 2253 4827 bratum.
2299 4774 2449 4838 Quod
2488 4775 2619 4827 satis
2651 4775 2875 4825 innuunt
2902 4773 3016 4825 haec
3038 4772 3362 4839 Apollinaris
3393 4776 3557 4829 verba
3582 4816 3597 4840 ,

2024 4842 2117 4896 lib.
2148 4859 2220 4908 Ix,
2254 4847 2411 4912 epist.
2441 4842 2473 4895 '5
2505 4860 2517 4894 :
2546 4844 2673 4895 Cum
2696 4844 2750 4894 in
2781 4841 3139 4910 Lugdunensis
3184 4844 3408 4896 ecclesia:
3453 4845 3604 4897 dedi-

2022 4922 2148 4967 cata:
2177 4911 2317 4983 festis
2345 4911 2794 4965 hebdomadalibus
2818 4912 3126 4983 collegarum
3155 4924 3601 4983 sacrosanctorum

2020 4994 2203 5050 rogatu
2224 4984 2505 5036 exorareris
2528 4992 2577 5034 ut
2606 4998 2882 5050 perorares.
2906 4982 3038 5035 Nam
3070 4983 3202 5037 festa
3230 4982 3602 5040 hebdomada-

2018 5053 2088 5107 lia
2118 5053 2375 5125 dedicata:
2404 5052 2645 5125 ecclesia:
2676 5052 2805 5125 nihil
2834 5052 2977 5105 aliud
2999 5063 3124 5106 sunt
3150 5067 3308 5120 quam
3336 5060 3477 5125 quod
3509 5057 3599 5110 illa

2022 5137 2116 5191 per
2145 5122 2405 5192 integram
2436 5123 2824 5176 hebdomadem
2856 5125 3001 5177 luere
3031 5124 3323 5181 celebrata.

2089 5194 2214 5248 587.
2258 5196 2323 5247 In
2368 5194 2714 5246 anniversario
2763 5193 3097 5247 dedicationis
3137 5195 3379 5250 basilicas.
3421 5194 3603 5249 Anni-

2021 5264 2288 5317 versarius
2316 5262 2664 5318 dedicationis
2695 5263 2925 5318 basilica:
2944 5264 3061 5321 dies
3083 5279 3150 5320 ex
3178 5268 3345 5321 veteri
3372 5278 3597 5319 consue-

2022 5334 2207 5388 tudine
2228 5335 2524 5389 celebratur
2555 5336 2605 5387 in
2636 5334 2903 5401 Ecclesia;
2934 5336 2999 5390 de
3027 5352 3129 5405 qua
3159 5336 3313 5405 Felix
3336 5333 3593 5405 papaIV,

2022 5404 2075 5457 in
2097 5405 2252 5470 epist.
2277 5406 2415 5474 apud
2450 5406 2839 5473 Burchardum,
2863 5405 2955 5460 lih.
2990 5404 3071 5471 ni,
3100 5419 3220 5474 cap.
3249 5404 3318 5461 58
3344 5422 3358 5459 :
3390 5404 3598 5458 Solem-

2020 5476 2203 5529 nitates
2233 5492 2346 5528 vero
2395 5476 2770 5529 dedicationum
2812 5477 3138 5531 ecclesiarum
3186 5484 3233 5529 et
3275 5476 3599 5529 sacerdotum

2023 5562 2112 5614 per
2142 5547 2366 5615 singulos
2410 5562 2571 5601 annos
2618 5547 2910 5601 solemniter
2952 5556 3071 5600 sunt
3111 5545 3456 5615 celebrandw,
3484 5546 3599 5610 ipso

2019 5614 2238 5670 Domino
2280 5618 2510 5687 exempla
2558 5618 2746 5683 dante,
2785 5619 2870 5686 qui
2913 5619 2979 5670 ad
3027 5617 3213 5685 festum
3261 5614 3600 5671 dedicationis

2021 5687 2194 5757 templi
2237 5690 2469 5741 omnibus
2498 5688 2792 5757 faciendum
2818 5687 2946 5757 dans
2975 5690 3211 5757 formam,
3244 5701 3361 5739 cum
3389 5688 3598 5755 reliquis

2020 5756 2221 5829 populis
2249 5755 2586 5815 celebraturi“
2616 5761 2769 5815 venit.
2793 5756 2946 5825 Quod
2970 5755 3133 5813 etiam
3160 5764 3308 5826 patet
3333 5772 3401 5815 ex
3420 5760 3600 5817 Soco-

3256 5984 3335 6050 ιιι
