4118 6392
1432 361 2018 457 TRADITIO
2111 356 2822 454 CATHOLICA.

1628 560 2050 624 SECULUM
2098 560 2168 632 γ,
2212 553 2482 621 ANNUS
2523 553 2663 616 £50.

1761 829 2513 952 ELENCHUS

589 1231 1094 1296 AUCTORUM
1139 1233 1260 1294 ET
1305 1194 1700 1293 OPBhUM
1745 1229 1906 1308 QUI
1938 1230 2040 1291 IN
2079 1227 2266 1291 HOC
2303 1227 2568 1289 TOMO
2614 1227 2976 1291 LXXVIII
3021 1228 3705 1298 CONTINENTUR.

1670 1972 1731 2030 S.
1779 1971 2132 2033 ISIDORUS
2185 1972 2281 2032 PE
2291 1972 2604 2034 LUSIOTA
2618 2019 2630 2031 .

516 2135 600 2198 De
633 2130 854 2195 Isidori
892 2129 1227 2194 Pelusiotm
1256 2130 1412 2205 vita,
1454 2131 1706 2211 scriptis
1745 2138 1806 2192 et
1840 2131 2128 2194 doctrina
2168 2131 2617 2195 commentatio
2657 2131 2956 2195 historica
3001 2131 3390 2212 theologica,

594 2241 853 2297 auctore
883 2235 1248 2296 Hermanno
1279 2233 1604 2312 Agathone
1641 2237 2044 2317 Niemeyero.
3471 2239 3586 2302 col.
3755 2244 3791 2305 9

518 2360 974 2440 Prolegomena
1013 2362 1279 2426 editioni
1310 2364 1605 2427 Parisinm
1636 2367 2062 2447 Epistolarum
2091 2370 2154 2429 S.
2195 2367 2423 2430 Isidori
2456 2369 2736 2448 praefixa.
3682 2366 3790 2429 103

518 2492 900 2567 Argumenta
928 2489 1346 2570 Epistolarum
1383 2492 1446 2552 S.
1477 2492 1727 2555 Isidori.
3684 2495 3792 2556 119

519 2616 686 2680 Petri
713 2614 960 2678 Possini
989 2613 1278 2678 Praal‘atio
1315 2614 1395 2678 ad
1425 2618 1755 2680 Lectorem
1788 2617 2257 2698 philisidorum.
3683 2617 3794 2678 178

521 2741 581 2800 S.
616 2737 839 2802 Isidori
874 2737 1173 2820 Epistolaa
3637 2740 3791 2806 ibid.

522 2843 723 2906 Index
765 2862 983 2906 eorum
1018 2843 1095 2908 ad
1130 2861 1292 2924 quos
1329 2843 1580 2925 scripsit
1605 2844 1906 2908 Isidorus.
1959 2846 2112 2910 Vide
2143 2847 2228 2909 ad
2261 2843 2491 2908 calcem
2529 2845 2890 2910 voluminis.
3003 2893 3008 2896 -

527 3029 634 3104 (Ex
659 3033 824 3087 tribus
851 3033 1109 3087 iudicibus
1143 3033 1519 3104 peculiaribus,
1549 3036 1603 3088 in
1638 3053 1788 3107 quos.
1819 3052 2013 3106 magno
2042 3035 2392 3090 Eruditorum
2421 3034 2772 3098 incommoda,
2798 3034 3222 3105 dispescebantur
3251 3033 3619 3106 Epistolarum
3649 3031 3796 3102 libri,

889 3142 1057 3182 unum
1087 3135 1135 3181 et
1173 3128 1414 3183 eumdem
1447 3127 1686 3198 fecimus,
1730 3129 1870 3201 quod
1898 3139 2118 3199 quantae
2155 3128 2396 3199 futurum
2433 3130 2500 3184 sit
2536 3128 2785 3183 utilitatis
2818 3129 3007 3200 cuique
3034 3127 3234 3200 patet.)

1809 3328 1870 3387 S.
1913 3328 2234 3389 ZOSIMUS
2277 3327 2518 3388 ABBAS

535 3496 823 3580 Alloquia
851 3513 931 3562 ex
969 3495 1136 3561 Petri
1181 3495 1426 3560 Possini
1468 3493 1790 3561 Thesauro
1822 3494 2124 3558 ascetico.
3647 3486 3797 3551 1679

2299 5534 2581 5554 ..ι-...⁵

2543 5534 2778 5629 ῑδτίείῑε.
2807 5595 2874 5607 -
2907 5545 2980 5618 εὶ
3012 5561 3175 5633 Typis
3203 5533 3342 5617 μιν.
3381 5557 3610 5613 MIGNE.
