4118 6426
475 387 864 400 Μ
905 391 1086 401 -ρ--σν-
1109 393 1258 402 ..ν’-..α
1347 391 2750 407 “ι*Ἢ--**““--Μ“-
3408 388 3525 394 *αν-’έν

1991 541 2078 595 DE

1045 660 1806 882 lSlDORI'
1889 730 3022 890 PELUSIO'IVE

1856 1041 2237 1158 VITA'

1593 1263 1936 1325 SCRIPTIS
1976 1265 2072 1326 ET
2113 1265 2498 1329 DOCTRINA

779 1437 1680 1534 COMMENTATIO
1752 1443 2408 1537 HISTORICA
2481 1447 3294 1550 THEOLOGICA.
3389 1382 3400 1409 ’

1925 1676 2168 1720 SCRIPSIT

555 1539 594 1576 ρ

1280 1839 1814 1906 HERMANNUS
1853 1842 2204 1906 AGATHO
2245 1845 2807 1911 NIEMEYERUS

1384 2041 1558 2078 τιιεοι..
1595 2039 1780 2078 ιιοεκτ.
1817 2041 1942 2078 ΡΙΙΙΙ..
1976 2041 2116 2078 νοοῖ.
2151 2043 2260 2080 δικ.
2297 2045 2469 2082 ⁵1⁵11801..
2504 2047 2690 2086 881110³.

1343 2198 1522 2263 (Baiae,
1570 2198 1620 2248 in
1662 2197 1862 2250 libraria
1913 2199 2364 2264 Orphanolrophei.
2404 2203 2775 2264 MDCCCXXV.)

2023 2375 2095 2394 .Il-

1707 2519 2392 2612 ΡΒΙΕΓΑΊῚΟ.

449 2864 947 2924 Commentationis
984 2875 1050 2923 de
1087 2869 1291 2924 Isidoro
1323 2867 1591 2924 Pelusiota
1621 2871 1764 2939 parti
1788 2871 1976 2940 prima:
2007 2881 2057 2927 et
2076 2873 2338 2936 secundat,
2375 2885 2493 2942 quae
2522 2879 2646 2923 ante
2691 2869 2822 2923 duos
2873 2883 3072 2924 menses
3097 2867 3152 2924 in
3181 2867 3348 2943 lucem
3377 2867 3532 2928 edita;
3560 2878 3682 2929 sunt

382 2961 619 3025 idcirco,
647 2972 711 3016 ut
747 2963 880 3016 mihi
915 2962 971 3014 in
995 2962 1274 3015 academia
1306 2961 1677 3017 Fridericiana
1729 2963 2047 3036 theologiam
2074 2966 2292 3020 docendi
2331 2972 2561 3034 potestas
2592 2963 2978 3029 concederetur,
3011 2966 3228 3020 tertiam
3257 2974 3462 3035 partem
3491 2975 3685 3034 prazter

363 3069 486 3127 app
509 3057 709 3110 ‘ndices
739 3057 996 3125 adjunxi.
1025 3055 1156 3113 Cum
1184 3056 1349 3126 igitur
1377 3057 1548 3110 omnis
1575 3058 1790 3127 scriptio
1817 3075 1956 3112 nunc
2001 3059 2212 3113 demum
2238 3057 2480 3112 absoluta
2504 3055 2710 3127 judicio
2746 3056 3074 3110 eruditorum
3099 3057 3428 3126 subjicienda
3453 3059 3684 3128 mihique

363 3148 672 3203 uerendum
700 3147 800 3210 sit,
831 3163 896 3200 ne
930 3147 1084 3200 multi
1117 3147 1392 3202 mirantes.
1415 3147 1555 3216 quod
1578 3163 1670 3217 ego
1699 3149 1762 3207 de
1799 3147 2016 3202 obscuro
2038 3147 2218 3203 saeculi
2255 3147 2424 3218 quinti
2455 3147 2708 3200 monacho
2747 3148 2860 3217 fuse
2897 3156 2948 3201 et
2980 3147 3185 3218 copiose
3212 3150 3472 3214 disserui,
3504 3149 3686 3222 inique

363 3240 437 3294 de
471 3257 560 3295 me
588 3240 960 3308 prcejudicent
980 3280 996 3302 ,
1031 3239 1216 3308 paucis
1237 3279 1252 3304 ,
1276 3239 1366 3308 qui
1389 3240 1588 3310 factum
1613 3239 1678 3292 sit
1707 3280 1721 3306 ,
1749 3249 1806 3294 ut
1832 3241 1925 3294 hoc
1961 3255 2072 3310 pra:
2095 3241 2296 3294 caeteris
2327 3239 2572 3310 elegerint
2599 3248 2966 3310 argumentum
2989 3281 3006 3306 ,
3038 3249 3164 3294 ante
3189 3241 3457 3310 explicare
3485 3243 3680 3313 placet,

361 3347 535 3401 quam
567 3333 824 3386 instituti
851 3331 1115 3385 rationem
1138 3346 1419 3399 exponam.

429 3423 586 3477 Nam
617 3423 773 3491 quod
806 3419 1078 3476 Semlerus
1103 3461 1117 3486 ,
1151 3439 1304 3493 quem
1331 3424 1489 3476 nimis
1513 3441 1751 3478 severam
1785 3423 1849 3478 de
1881 3422 2133 3478 Patribus
2177 3421 2541 3478 ecclesiasticis
2578 3438 2936 3490 saepenumero
2990 3423 3170 3477 tulisse
3211 3425 3528 3478 sententiam
3557 3440 3679 3479 conv

350 3525 468 3570 stat
489 3557 505 3581 ,
537 3517 600 3568 in
637 3512 892 3568 Selectis
924 3513 1168 3568 historiae
1196 3515 1583 3571 ecclesiastica:
1612 3515 1898 3584 Capitibus
1918 3557 1932 3580 ,
1967 3516 2070 3570 vol.
2102 3519 2152 3580 1,
2180 3529 2233 3584 p.
2257 3514 2364 3570 284
2382 3553 2398 3577 ,
2425 3514 2692 3568 Isidorum
2715 3513 3045 3568 Pelusiotam
3086 3513 3364 3582 Theophila
3393 3529 3458 3567 ac
3486 3511 3684 3584 Cyrillo

352 3623 750 3680 repugnasse,
798 3605 1022 3674 ejusque
1067 3606 1316 3676 epistolas
1366 3607 1614 3677 ingenuae
1658 3609 1980 3678 plerumque
2026 3608 2224 3664 indolis
2253 3607 2424 3664 vastis
2473 3605 2773 3660 multorum
2829 3607 3158 3677 corporibus
3212 3607 3372 3680 longe
3435 3609 3685 3665 utiliores

353 3716 512 3766 esse,
547 3698 818 3762 tradidit,
857 3697 912 3750 id
934 3697 1198 3766 imprimis
1231 3716 1312 3752 me
1338 3699 1570 3769 impulit,
1593 3709 1651 3753 ut
1687 3701 1744 3754 in
1771 3700 1930 3770 hujus
1963 3701 2064 3754 viri
2088 3700 2276 3767 vitam,
2305 3702 2502 3771 scripta
2533 3709 2581 3754 et
2619 3700 2916 3754 doctrinam
2943 3699 3204 3772 singulari
3229 3700 3405 3755 studio
3444 3703 3685 3767 inquire-

358 3811 502 3870 rem.
530 3793 733 3863 Neque
763 3800 1024 3860 susceptae
1055 3808 1137 3846 me
1164 3791 1376 3862 paenitet
1403 3807 1595 3861 operte.
1633 3790 1777 3844 Nam
1813 3808 1932 3844 cum
1961 3791 2198 3848 Isidorus
2218 3833 2232 3852 .
2260 3793 2342 3848 vir
2368 3803 2415 3847 et
2444 3793 2698 3846 doctrina:
2739 3793 2912 3862 copia,
2955 3801 3004 3846 et
3036 3793 3158 3849 vita:
3183 3795 3487 3867 integritate
3509 3795 3685 3851 excel-

368 3883 484 3940 lens
506 3926 525 3951 ,
555 3886 752 3939 eodem
781 3880 1019 3952 te'mpore
1059 3901 1162 3954 quo
1203 3885 1690 3954 potentissimarum
1722 3883 2080 3939 Ecclesiarum
2109 3887 2375 3940 antistites
2405 3887 2542 3940 inter
2565 3901 2674 3939 sese
2711 3893 3016 3952 certarunt,
3041 3888 3292 3956 ﬂoreret,
3323 3889 3554 3958 primum
3575 3886 3686 3942 illa:

367 3978 520 4032 inter
553 3978 805 4048 ejusdem
823 3975 1093 4036 epistolas.
1113 3992 1177 4030 ex
1194 3975 1381 4046 quibus
1409 3985 1521 4029 tum
1544 3977 1671 4047 quid
1691 3977 1820 4046 ipse,
1837 3985 1948 4030 tum
1965 3978 2092 4047 quid
2119 3977 2218 4031 alii
2234 3979 2298 4032 de
2315 3978 2677 4048 episcoporum
2707 3977 2937 4032 dissidiis
2961 3980 3266 4046 statuerint,
3281 3977 3686 4050 apparet,haud

372 4073 542 4140 parvi
575 4071 838 4125 momenti
860 4079 1004 4124 sunt.
1037 4069 1189 4135 Quod
1215 4079 1270 4123 ut
1297 4069 1593 4140 probemus,
1619 4065 1964 4140 testiﬁca‘mur
1992 4089 2123 4142 quas
2152 4072 2294 4125 dedit
2324 4071 2413 4126 ille
2441 4075 2511 4126 ad
2542 4069 2888 4124 Theodosium
2924 4071 3298 4142 imperatorem
3325 4072 3532 4127 litteras
3557 4074 3688 4146 περὶ

369 4164 480 4220 τοῦ
534 4163 880 4234 ποιήσασθαι
921 4161 1224 4232 ἀσφάλειαν
1251 4161 1354 4232 τῆς
1409 4162 1653 4226 συνόδου,
1699 4164 1763 4217 de
1814 4163 1995 4218 securi.

2054 4171 2100 4217 te
2145 4163 2362 4232 synodo.
2393 4167 2696 4231 praestanda
2743 4164 2856 4234 (lib.
2907 4179 2946 4230 ι,
3008 4179 3090 4234 ep.
3125 4163 3249 4230 5H,
3286 4163 3358 4220 cf.
3392 4163 3680 4221 Comment.

375 4277 436 4330 ρ.
463 4257 590 4321 20),
620 4259 940 4329 quibuscum
981 4273 1145 4326 quam
1191 4257 1466 4327 aptissime
1491 4273 1760 4324 connexos,
1781 4273 1900 4328 qua:
1929 4257 2000 4310 ad
2024 4255 2305 4327 Cyrillum,
2335 4273 2414 4322 eo,
2448 4275 2550 4330 quo
2577 4259 2660 4312 hic
2684 4257 2950 4328 Ephesum
2983 4259 3178 4324 adiret,
3211 4267 3443 4328 tempore
3476 4258 3689 4330 scripta

378 4362 536 4415 sunt,
573 4354 627 4405 in
659 4351 851 4420 quibus
876 4351 1197 4424 gravissima
1217 4351 1329 4404 ha‘c
1359 4361 1569 4406 exstant
1601 4352 1758 4406 verba
1789 4365 1806 4406 :
1839 4351 2004 4406 Πολλο

2065 4351 2174 4422 γάρ
2197 4367 2258 4404 σε
2286 4351 2612 4422 κωμῳδοῦσι
2631 4350 2738 4404 τῶν
2759 4349 3190 4420 συνειλεγμένων
3213 4351 3294 4413 εἰς
3327 4349 3580 4416 Ἔφεσον,
3610 4349 3688 4412 ὡς

385 4447 610 4500 οἰκείαν
635 4447 983 4518 ἀμυνόμενον
1011 4445 1235 4516 ἔχθραν,
1265 4445 1384 4500 ἀλλ’
1411 4447 1474 4499 οὐ
1499 4446 1570 4500 τὰ
1603 4446 1782 4518 Ἰησοῦ
1812 4445 2054 4517 Χριστοῦ
2102 4445 2400 4518 ὀρθοδόξως
2437 4445 2726 4516 ζητοῦντα.
2761 4441 3098 4514 Ἀδελφιδοῢς
3123 4444 3273 4508 ἐστι,
3307 4441 3464 4510 φασὶ,
3493 4439 3690 4513 Θεοφι⁵

268 4585 282 4596 .
386 4540 517 4604 λου,
551 4539 894 4610 μιμούμενος
924 4539 1140 4592 ἐκείνου
1175 4541 1273 4610 τὴν
1301 4541 1548 4614 γνώμην.
1585 4541 1795 4612 Ὥσπερ
1827 4541 1938 4612 γὰρ
1961 4542 2172 4605 ἐκεῖνος
2200 4540 2396 4612 μανίαν
2432 4543 2578 4612 σαφῆ
2605 4539 2978 4595 κατεσκέδασε
3009 4537 3104 4592 τοῦ
3135 4537 3400 4610 θεοφόρου
3440 4537 3536 4592 καὶ
3567 4539 3690 4594 θεο-

385 4636 593 4710 φιλοῦς
629 4637 882 4690 Ἰωάννου
903 4677 918 4701 ,
950 4633 1124 4699 οὕτως
1150 4635 1414 4708 ἐπιθυμεῖ
1443 4635 1830 4707 καυχήσασθαι
1866 4634 2013 4708 [‹·ο‹1.
2057 4635 2187 4692 Bav.
2223 4633 2557 4707 καυχᾶσθαι]
2583 4636 2676 4689 καὶ
2707 4626 2861 4697 οὗτος
2879 4673 2895 4696 ,
2920 4634 2970 4686 εἰ
2999 4631 3094 4688 καὶ
3125 4631 3261 4686 πολὺ
3289 4633 3400 4688 τῶν
3428 4635 3690 4707 κρινομέ-

385 4747 506 4782 νων
535 4728 660 4782 ἐστί
691 4725 754 4780 τὸ
785 4725 1070 4796 διάφορον.
1094 4750 1168 4766 —-
1195 4723 1310 4780 L‘ib.
1349 4741 1388 4793 ι,
1415 4743 1497 4797 ep.
1539 4723 1664 4782 5|0.
1703 4724 1786 4796 Cf.
1819 4723 2011 4781 Commi

2064 4735 2110 4780 τι.
2143 4742 2199 4796 p.
2227 4723 2318 4779 20.
2341 4755 2412 4765 —
2441 4724 2525 4780 Ea;
2556 4726 2636 4780 his
2665 4727 2806 4781 enim
2841 4723 3098 4795 quomodo
3125 4722 3300 4788 multi,
3333 4727 3432 4782 etsi
3456 4726 3690 4783 Nestorii

381 4821 706 4876 doctrinam
731 4818 1049 4888 rejecerunt,
1081 4815 1460 4890 zEgyptiorum
1489 4817 1720 4889 episcopi
1749 4834 1874 4888 erga
1905 4816 2242 4890 Theophilum
2263 4818 2383 4888 jam
2409 4819 2711 4890 defunctum
2747 4826 2795 4874 et
2834 4817 3090 4890 Cyrillum
3122 4817 3350 4873 animati
3375 4819 3590 4890 fuerint,
3621 4821 3691 4874 li-

381 4925 471 4971 cet
500 4913 776 4984 colligere.
803 4909 988 4980 Neque
1017 4909 1113 4962 hoc
1142 4908 1254 4964 loco
1286 4911 1738 4980 prwtermittenda
1767 4920 1890 4964 sunt
1907 4909 2117 4966 silentio
2140 4951 2155 4976 ,
2187 4925 2305 4983 qua:
2333 4909 2568 4965 Isidorus
2609 4911 2680 4965 ad
2721 4911 2989 4968 Simonem
3030 4910 3345 4965 monachum
3384 4911 3448 4965 de
3483 4910 3692 4967 Joanne

382 5009 779 5079 Chrysostomo
816 5009 1029 5076 scripsit
1068 5021 1117 5066 et
1148 5004 1457 5078 Theophila,
1493 5021 1648 5076 quem
1689 4998 1958 5076 λιοομανῆ
2001 5023 2008 5058 :

2065 5003 2098 5058 ιὶ
2126 5004 2506 5075 χρυσολάτρην
2543 5003 2639 5074 (sic
2675 5003 2814 5060 enim
2837 5023 2935 5076 pro
2967 5003 3331 5078 χρυσολάτριν
3361 5006 3691 5062 scribendum

381 5103 520 5172 est);
557 5099 822 5172 appellat,
853 5102 992 5156 nihil
1017 5101 1171 5156 aliud
1197 5101 1285 5154 his
1310 5099 1476 5154 verbis
1501 5096 1923 5169 signiﬁcaturus,
1955 5112 2118 5167 quant
2149 5097 2490 5168 Theophilum
2519 5097 2686 5152 nimia
2712 5097 2946 5166 aediﬁcia
2977 5098 3281 5153 exstruendi
3310 5098 3576 5168 cupidine,
3612 5099 3692 5152 nia

381 5199 615 5268 minque
643 5195 770 5249 auri
803 5211 1002 5274 amore.
1020 5196 1342 5266 ﬂagrantem
1371 5192 1534 5246 etiam
1563 5189 1762 5260 iujusto
1802 5188 1954 5243 modo
1995 5187 2098 5243 sibi
2140 5203 2479 5259 comparasse
2512 5187 2746 5244 divitias.
2775 5187 2889 5255 Quo
2920 5186 3118 5244 Isidori
3159 5189 3368 5260 judicio
3397 5190 3592 5245 mirum
3635 5189 3692 5244 in

385 5289 621 5347 modum
658 5286 1029 5356 conﬁrmatur,
1061 5288 1202 5358 quod
1225 5283 1527 5346 Palladius,
1562 5298 1718 5354 quem
1746 5280 1900 5336 multi
1925 5297 2048 5335 cum
2072 5281 2157 5335 ira
2200 5291 2248 5335 et
2281 5281 2456 5336 studio
2482 5282 2752 5350 scripsisse
2795 5281 3166 5353 aﬂirmarunt,
3195 5283 3448 5348 tradidit,
3477 5282 3694 5337 antisti-

385 5397 502 5440 tem
531 5379 969 5435 Alexandrinum
1001 5379 1228 5432 nimiam
1257 5375 1556 5432 adhibuisse
1603 5375 1660 5428 in
1709 5373 1940 5430 ecclesiis
1993 5371 2322 5445 adi/icandis
2367 5374 2818 5446 magniﬁcentiam
2836 5417 2850 5442 ,
2879 5391 3102 5447 cumque
3131 5375 3421 5431 uendidisse
3447 5373 3691 5432 sacerdo-

386 5473 558 5527 tium.
592 5466 792 5540 [Dial.,
823 5467 896 5522 de
923 5466 1036 5522 vita
1067 5465 1129 5522 S.
1156 5464 1386 5522 Joannis
1413 5464 1786 5536 Chrysostomi
1811 5461 1938 5536 (a).]
1961 5461 2184 5536 Reliqua
2213 5479 2330 5534 quae
2362 5464 2462 5519 huc
2495 5473 2734 5534 spectant
2760 5467 2818 5520 in
2853 5467 3028 5536 prima
3061 5465 3514 5523 commentationis
3539 5470 3697 5534 parte

383 5573 490 5618 aut
513 5559 838 5634 perstrinxi,
873 5568 970 5614 aut
999 5559 1234 5630 exposui.

450 5703 534 5769 (α)
563 5703 698 5768 Opp.
727 5701 976 5762 Chrysost
1017 5703 1202 5748 nostra
1224 5698 1348 5750 edit.
1385 5703 1504 5749 tom.
1541 5697 1582 5758 1,
1615 5697 1716 5749 col.
1745 5697 1826 5750 2'1.
1859 5697 1997 5750 Enn.
2027 5697 2182 5749 Pun.
3234 5754 3240 5760 η

725 5787 1014 5849 Ρλπιοῑ..
1057 5785 1174 5846 Gn.
1217 5785 1532 5848 LXXVIII.
