4118 6416
471 317 538 380 .1}.
1355 317 1455 376 DE
1495 315 1806 376 lSIDORO
1843 319 2264 380 PELUSIOTA
2299 321 2861 388 COMMENTATIO.
3669 338 3744 402 1‘2

551 425 749 478 Deinde
776 440 892 476 vero
923 423 1168 490 epistolw,
1202 423 1258 476 in
1287 423 1472 493 quibus
1503 422 1772 478 Pelusiota
1805 425 1941 479 locos
1959 443 2023 480 ea:
2064 429 2470 498 antiquitatibus
2496 433 2818 490 Christianis
2839 438 2983 506 petiit
3015 477 3028 502 ,
3060 451 3354 498 memoratu
3385 461 3486 498 non
3513 445 3745 518 indigni:

478 525 620 568 sunt.
654 517 1006 585 Conferantur
1047 531 1157 585 pra:
1189 517 1390 570 ca'teris
1419 533 1536 587 quw
1558 517 1690 570 dixit
1728 517 1817 571 ille
1873 520 1938 572 de
1987 521 2333 577 diaconorum
2379 527 2640 594 gravitate
2683 529 2794 600 (lib.
2831 547 2874 596 ι,
2910 549 2992 602 cp.
3023 533 3114 604 29)
3138 576 3152 599 ,
3181 537 3245 590 de
3284 549 3588 594 sanctorum
3620 517 3748 596 reli-

478 607 617 678 quiis
667 605 797 676 ('lib.
829 623 884 672 ι,
918 623 1006 710 ep.
1033 607 1132 672 55;
1265 607 1353 660 lib.
1382 624 1418 661 ll
1441 649 1456 674 ,
1484 625 1566 678 ep.
1601 608 1704 678 5),
1743 611 1810 663 de
1849 621 2008 665 cantu
2041 614 2320 668 mulierum
2346 617 2402 669 in
2423 617 2650 672 ecelesiis
2674 620 2785 687 (lib.
2815 637 2851 685 t,
2879 639 2961 693 ep.
2995 623 3106 695 90),
3140 628 3204 680 de
3223 629 3453 698 formula
3485 650 3503 686 ;
3539 632 3746 710 Εἰρήνη

481 702 631 771 ὑμῖν.
667 719 772 772 qua
819 703 1116 756 sacerdotes
1153 701 1245 756 illo
1289 711 1518 772 tempore
1554 706 1928 787 concionantes
1971 709 2050 761 uti
2090 724 2485 776 consueverunt,
2515 716 2922 788 auditorumque
2949 721 3020 774 ad
3047 721 3166 776 illos
3197 728 3531 795 responsione
3562 701 3674 802 (lib;
3703 701 3744 799 ις

490 811 573 862 cp.
605 795 730 864 ΕΞ)
752 836 765 861 ,
791 797 854 850 de
889 796 1049 850 linteo
1078 796 1216 868 quod
1247 798 1461 851 diaconi
1498 815 1708 852 sacram
1739 801 2057 855 celebrantes
2071 819 2278 856 caenam
2306 806 2651 862 adhibuerunt
2683 811 2796 882 (lib.
2831 829 2880 877 I,
2914 829 2994 883 ep.
3037 814 3183 886 156),
3212 827 3260 871 et
3282 819 3345 872 de
3375 795 3587 888 parvis,
3631 795 3749 894 qua:

483 893 728 946 mulieres
749 902 1038 963 gestarunt,
1073 895 1354 965 evangeliis
1377 895 1487 965 (lib.
1513 911 1572 960 lt,
1601 913 1683 962 ep.
1727 899 1742 950 ε
1757 897 1857 962 50;
1883 901 1979 969 cfr.
2011 898 2302 953 Comment.
2333 899 2461 972 [eo].
2481 903 2548 958 97
2573 903 2640 976 A]
2663 908 2699 973 ).
2724 907 2907 978 Neque
2935 916 3352 978 praetereundum
3375 926 3449 970 est
3475 925 3611 985 quod
3639 893 3750 976 tum

485 982 608 1038 aliis
638 985 976 1048 testimoniis,
1015 994 1126 1039 tum
1160 986 1352 1040 Isidori
1379 989 1705 1056 potissimum
1747 989 1965 1057 cpistola
2008 993 2079 1045 ad
2123 992 2380 1062 Cyrillum
2424 996 2551 1050 data
2586 997 2696 1061 (lib.
2735 1017 2808 1066 ιι,
2847 1018 2928 1070 ep.
2963 1003 3089 1076 127)
3111 1047 3126 1072 ,
3161 982 3543 1064 Emmanuelia
3575 1011 3750 1068 Schel—

477 1083 643 1127 strate
666 1075 721 1127 in
744 1074 1085 1145 Antiquitate
1129 1075 1386 1130 Ecclesiae
1415 1077 1889 1134 dissertationibus
1915 1089 1976 1134 et
2004 1083 2374 1138 monumentis
2403 1087 2692 1156 illustrata,
2717 1091 2901 1157 vol.Il,
2921 1094 3047 1147 diss.
3070 1074 3136 1160 vv,
3165 1114 3283 1167 cap.
3313 1101 3366 1165 ὅ,
3401 1099 3428 1171 §
3462 1102 3511 1168 l,
3544 1121 3598 1173 p.
3622 1104 3745 1172 568,

476 1171 602 1238 569,
643 1172 899 1236 ostendit,
935 1171 1282 1242 metropolitw
1308 1172 1668 1228 Alexandrino
1707 1176 1763 1228 in
1805 1178 2042 1232 omnibus
2071 1179 2288 1252 ﬁgypti
2317 1184 2595 1253 provinciis
2636 1192 2962 1258 presbyteros
2998 1193 3300 1262 ordinandi,
3321 1171 3748 1266 proscribendi

479 1263 761 1318 abdicandi
789 1264 880 1333 jus
913 1265 1073 1336 fuisse
1105 1275 1154 1320 et
1179 1275 1504 1336 potestatem.
2902 1292 2908 1299 ·

551 1355 748 1422 Quibus
776 1357 1026 1427 exemplis
1045 1398 1058 1422 ,
1091 1367 1148 1412 ut
1176 1359 1414 1429 equidem
1439 1361 1689 1426 arbitror,
1717 1364 1848 1417 satis
1879 1381 2134 1436 superque
2160 1367 2444 1438 probatum
2479 1379 2574 1434 est,
2605 1369 2800 1426 Isidori
2822 1371 3106 1430 Pelusiota:
3133 1380 3381 1448 epistolas
3412 1384 3645 1440 historia:
3667 1403 3751 1440 ec-

479 1453 786 1507 clesiastica?
817 1449 962 1503 illius
989 1451 1087 1506 cevi
1119 1453 1446 1508 studentibus
1487 1470 1678 1524 magno
1707 1471 1816 1509 esse
1837 1473 1984 1526 posse
2014 1459 2166 1526 usui,
2197 1477 2386 1532 easque
2419 1465 2682 1534 singulari
2719 1482 2821 1520 non
2851 1469 3098 1540 indignas
3121 1471 3296 1526 studio
3316 1475 3584 1540 habendas
3613 1493 3742 1532 esse.

484 1541 599 1596 Huc
643 1541 883 1604 accedit,
919 1541 1058 1610 quod
1099 1557 1250 1596 nemo
1279 1559 1459 1597 eorum
1501 1545 1591 1614 qui
1638 1545 1900 1616 hucusque
1927 1547 1991 1600 de
2018 1547 2220 1604 Isidoro
2262 1553 2581 1622 scripserunt
2609 1557 2708 1610 viri
2741 1559 2899 1624 docti,
2925 1560 3006 1614 vel
3043 1563 3166 1632 quia
3197 1563 3262 1616 ab
3295 1581 3475 1620 eorum
3507 1569 3752 1622 instituto

481 1636 585 1705 fuit
611 1635 870 1698 alienum,
905 1633 986 1688 vel
1015 1632 1184 1688 aliam
1208 1633 1270 1688 ob
1304 1651 1522 1688 causam
1555 1645 1705 1688 tanta
1735 1637 2009 1708 diligentia
2031 1679 2044 1701 ,
2069 1650 2327 1708 quantam
2362 1661 2444 1698 res
2475 1647 2726 1714 postulat,
2757 1653 2822 1704 de
2847 1651 2960 1720 ejus
2989 1653 3120 1716 vita,
3157 1656 3366 1726 scriptis
3411 1668 3460 1712 et
3508 1659 3754 1713 doctrina

475 1728 663 1798 egerit.
719 1725 1018 1782 Consentiet
1069 1743 1270 1780 mecum
1302 1727 1392 1798 qui
1421 1737 1784 1796 perscrutatur
1823 1746 1939 1799 qua:
1973 1729 2356 1800 Tillemontius,
2390 1736 2527 1793 liist.
2561 1743 2723 1806 eccl.,
2755 1744 2856 1798 vol.
2887 1745 2996 1808 XV,
3025 1764 3077 1816 p.
3110 1749 3176 1804 97
3210 1759 3259 1803 et
3303 1751 3434 1819 H9;
3467 1752 3754 1820 Dupinius.

477 1824 618 1880 Nov.
651 1829 796 1876 auct.
829 1821 966 1875 eccl.
1001 1818 1302 1884 Bibl.,'vol.
1351 1817 1462 1880 ιιι,
1495 1827 1646 1888 parte
1688 1833 1750 1884 u,
1782 1835 1836 1888 p.
1886 1821 2056 1888 t-M;
2106 1823 2397 1894 Fabricius,
2430 1829 2532 1884 vol.
2557 1830 2622 1895 X,
2650 1849 2698 1901 p.
2726 1834 2857 1901 418;
2905 1836 3222 1898 Ceillierius.
3255 1841 3398 1900 Hist.
3422 1817 3572 1900 sua;
3607 1862 3754 1906 sacr.

474 1927 538 1974 et
567 1917 725 1980 eccl.,
757 1915 859 1970 vol.
892 1915 1046 1979 XIII,
1083 1932 1137 1985 p.
1177 1912 1477 1979 ϐου-ϐίος
1531 1913 1924 1983 Schrceckluus,
1969 1918 2108 1974 Hist.
2161 1923 2319 1984 eccl.,
2366 1925 2470 1978 vol.
2518 1925 2691 1992 XVII,
2748 1945 2801 1998 p.
2858 1930 3160 2002 521-529;
3209 1934 3503 1992 llic/tardus
3547 1937 3752 2009 Simon,

466 2006 618 2061 Crit.
653 2014 1012 2061 commentat.
1049 2004 1114 2059 N.
1251 2003 1406 2098 hist.,
1457 2021 1575 2098 cap.
1603 2097 1607 2098 ν
1634 2005 1724 2098 fil,
1785 2023 1836 2076 p.
1869 2009 2170 2078 507-514;
2213 2013 2706 2084 Rosenmuellerus,
2763 2021 2904 2076 Hist.
2972 2025 3202 2095 interpr.
3251 2028 3368 2086 LL.
3400 2029 3501 2086 SS.
3553 2031 3614 2084 P.
3680 2003 3756 2098 Iv;

479 2095 816 2166 p.180-215,
849 2106 896 2150 et
929 2096 1292 2195 IIeumanuus,
1328 2095 1728 2195 ΙΜξθ-(ὶικιεὶάΓ
1764 2098 1874 2154 Pel.
1907 2100 2135 2172 ejusque
2164 2119 2314 2175 epp.,
2347 2109 2611 2174 dixerunt,
2646 2128 2862 2182 quicque
2885 2114 2980 2169 alii
3011 2129 3102 2171 aut
3127 2122 3310 2186 paucis
3334 2138 3538 2178 omnem
3559 2125 3623 2178 de
3643 2095 3758 2195 ejus

479 2195 609 2259 vita,
643 2191 854 2260 scriptis
879 2199 925 2245 et
958 2189 1196 2244 doctrina
1223 2189 1643 2276 disquisitionem
1671 2190 2010 2256 absolventes,
2041 2205 2135 2248 aut
2161 2199 2224 2250 de
2245 2200 2324 2253 his
2353 2201 2503 2254 rebus
2529 2205 2753 2257 strictim
2782 2217 2996 2276 agentes
3022 2213 3336 2268 attulerunt.

547 2287 652 2343 Sed
682 2304 744 2341 ne
773 2287 888 2358 quis
916 2285 970 2339 in
994 2285 1093 2338 hac
1124 2270 1560 2338 commentatione
1593 2285 1760 2356 magis
1788 2287 2062 2357 quidpiam
2094 2293 2326 2362 requirat
2351 2311 2511 2364 quam
2541 2297 2651 2366 ipse
2679 2307 2773 2352 aut
2798 2270 2938 2354 volui
2966 2314 3222 2372 praestare
3250 2318 3343 2361 aut
3376 2310 3554 2379 potui,
3593 2320 3759 2366 restat

477 2389 538 2435 ut
567 2381 630 2436 de
655 2381 890 2434 instituti
918 2380 1124 2434 ratione
1151 2379 1374 2435 breviter
1398 2381 1676 2435 disseram.

548 2472 678 2538 Qua:
700 2474 828 2528 mihi
859 2482 969 2526 tum
999 2489 1063 2526 ex
1095 2474 1262 2542 ipsius
1297 2471 1514 2539 Isidori,
1548 2483 1655 2528 tum
1687 2491 1750 2529 ea:
1775 2476 2005 2532 aliorum
2036 2478 2264 2534 Patrum
2297 2484 2506 2554 scriptis
2537 2487 2598 2540 de
2620 2487 2765 2543 illius
2785 2490 2894 2544 vita
2919 2491 3282 2561 innatuerunt,
3311 2498 3365 2550 in
3392 2500 3566 2567 prima
3595 2518 3759 2570 expc-

477 2569 562 2623 sui
584 2567 1042 2622 commentationis
1071 2575 1242 2635 parte,
1277 2583 1440 2636 neque
1467 2568 1561 2620 hoc
1591 2567 1700 2620 loco
1723 2569 2013 2638 quidquam
2039 2572 2343 2627 addendum
2373 2587 2467 2629 aut
2503 2583 2903 2636 retractandum
2933 2594 3032 2638 est.

547 2657 792 2715 Secunda
822 2675 942 2713 vero
965 2659 1022 2712 in
1053 2666 1205 2727 parte
1221 2658 1284 2712 de
1306 2657 1500 2710 lsidori
1528 2659 1738 2728 scriptis
1767 2659 2010 2714 disserui.
2031 2660 2221 2732 Itaque
2248 2666 2500 2733 primum,
2525 2670 2806 2737 deperditis
2822 2674 3054 2743 ejusdem
3085 2679 3324 2748 operibus
3353 2693 3602 2736 accurate
3623 2701 3760 2736 enu-

477 2755 715 2822 meratis,
747 2755 812 2809 de
835 2752 1178 2822 epistolarum
1208 2769 1324 2824 quae
1348 2754 1649 2822 superstites
1669 2763 1787 2808 sunt
1818 2755 1930 2808 dixi
1960 2756 2276 2812 editionibus
2308 2760 2630 2834 illarumque
2651 2781 2885 2821 numero.
2919 2769 3115 2824 Deinde
3145 2771 3446 2826 Ileumanni
3470 2775 3756 2841 sententia,

477 2853 752 2924 plerasque
780 2848 1068 2920 specimina
1099 2863 1208 2902 esse
1231 2846 1562 2918 eloquentius.
1592 2848 1657 2901 iis
1687 2849 1947 2904 imitanda
1969 2891 1982 2914 ,
2013 2867 2140 2922 quos
2164 2852 2378 2907 haberet
2407 2871 2590 2909 earum
2626 2867 2814 2912 auctor
2849 2861 2982 2915 artis
3010 2862 3217 2916 dicendi
3247 2865 3530 2935 discipulos
3554 2911 3569 2933 ,
3601 2871 3679 2924 ita
3724 2888 3759 2925 a

477 2967 579 3010 me.
605 2955 869 3018 praeeunte
888 2945 1020 3001 Schr
1031 2943 1252 3007 melihio,
1276 2944 1506 3014 refutata
1529 2953 1625 3007 est,
1648 2955 1704 2998 ut
1735 2943 1979 3000 lectorem
2009 2963 2262 3016 quemque
2285 2951 2413 3003 meis
2433 2951 2705 3021 fauturum
2731 2971 2839 3007 esse
2863 2957 3104 3024 partibus
3131 2961 3402 3029 conﬁtear.
3428 2962 3558 3027 Qua:
3580 2974 3758 3020 tamen

477 3039 749 3112 refutatio,
783 3053 901 3091 cum
933 3051 1016 3090 res
1047 3033 1309 3107 facillima
1336 3042 1465 3088 esset
1491 3034 1809 3104 dijudicatu.
1843 3052 1946 3089 non
1976 3037 2198 3091 multum
2231 3037 2425 3094 laboris
2453 3042 2634 3096 habuit
2664 3053 2713 3096 et
2741 3046 3085 3114 difﬁcultatis.
3119 3049 3234 3114 Quo
3256 3055 3423 3121 magis
3453 3056 3758 3112 mirandum

477 3145 572 3200 est,
602 3135 740 3206 quod
771 3133 1108 3188 Christianus
1141 3131 1448 3185 Fredericus
1475 3133 1540 3184 de
1569 3130 1810 3186 Mattha’i
1839 3133 1894 3185 in
1920 3134 2278 3190 admonitione
2318 3137 2381 3191 de
2426 3137 2630 3192 Isidoro
2677 3140 2947 3196 Pelusiota
2981 3147 3069 3215 (cf.
3097 3145 3232 3201 Nov.
3267 3164 3332 3202 ex
3387 3149 3548 3206 Joan.
3579 3152 3758 3224 Chry-

473 3239 610 3284 sost.
635 3227 804 3298 eclog.
829 3225 938 3289 Lll,
967 3223 1279 3296 p.xv),ha:c
1295 3224 1500 3292 scripsit
1529 3224 1683 3278 verba
1716 3241 1734 3278 :
1767 3225 2055 3296 Plerosque
2085 3229 2310 3284 istarum
2341 3233 2690 3300 epistularum
2725 3235 2877 3290 [ictas
2907 3252 3048 3303 esse,
3082 3239 3286 3294 dudum
3319 3243 3626 3302 docuerunt
3655 3223 3756 3306 viri

477 3320 644 3377 docti.
677 3319 793 3384 Qua
837 3320 901 3372 de
940 3333 996 3370 re
1043 3324 1199 3370 caute
1254 3315 1521 3386 multoque
1563 3315 1749 3369 melius
1779 3315 2035 3382 iudicavit
2063 3320 2117 3372 in
2155 3319 2392 3374 Historia
2435 3340 2532 3377 sua
2586 3325 2937 3382 ecclesiastica
2973 3329 3342 3386 Weismannus
3371 3335 3510 3388 hisce
3538 3339 3709 3392 verbis
3737 3354 3756 3392 :

476 3418 633 3484 Quod
654 3417 700 3472 si
733 3424 914 3470 tamen
961 3429 1154 3470 verum
1183 3419 1364 3478 esset,
1395 3410 1540 3481 quod
1569 3426 1696 3467 ven.
1728 3410 2081 3469 Heumannus
2111 3415 2414 3481 existimat,
2447 3420 2732 3489 scripsisse
2773 3423 2993 3492 quidem
3029 3425 3338 3494 hujusmodi
3368 3429 3627 3499 epistolas
3659 3432 3758 3487 lsi-

475 3515 694 3578 dorum,
727 3513 823 3568 sed
852 3527 946 3566 eas
975 3526 1034 3565 re
1063 3510 1182 3579 ipsa
1210 3523 1324 3562 non
1353 3506 1570 3562 misisse
1597 3505 1666 3561 ad
1695 3522 1959 3576 personas
1989 3508 2188 3579 quibus
2219 3511 2496 3582 inscriptae
2525 3525 2674 3580 sunt,
2707 3531 2904 3588 magno
2933 3519 3000 3574 ad
3033 3520 3150 3576 bzee
3179 3523 3469 3578 scribenda
3500 3527 3755 3594 privatim

475 3609 666 3663 animo
694 3621 832 3677 opus
864 3621 977 3660 non
1006 3603 1218 3659 fuisset.
1252 3601 1398 3674 (Vid.
1433 3600 1526 3655 cit.
1559 3600 1694 3656 diss.
1727 3601 1820 3655 ubi
1851 3603 2040 3658 multis
2067 3611 2123 3658 et
2165 3605 2393 3660 eruditis
2419 3607 2725 3663 rationibus
2753 3625 2853 3679 pro
2882 3627 3033 3667 more
3063 3613 3206 3668 hanc
3235 3615 3564 3686 hyputhesin
3593 3633 3755 3672 exor-

476 3713 592 3758 nat.
622 3733 692 3744 —
723 3701 808 3772 Cf.
843 3700 1058 3767 Weism.
1092 3697 1234 3753 Hist.
1266 3696 1428 3760 eccl.,
1459 3696 1560 3750 vol.
1593 3695 1642 3762 1,
1675 3713 1727 3765 p.
1760 3696 1886 3763 471,
1910 3699 1993 3752 ed.
2025 3699 2155 3772 alt.)
2183 3729 2254 3742 -
2281 3701 2520 3773 Denique
2539 3705 2800 3772 plurimas
2840 3705 3034 3762 Isidori
3061 3711 3308 3780 epistolas
3352 3729 3454 3766 non
3485 3731 3546 3767 ea
3583 3716 3757 3786 forma

477 3813 583 3867 qua
607 3796 666 3849 in
692 3793 844 3858 editis
875 3805 1077 3846 excusat
1105 3791 1210 3844 sint
1237 3789 1642 3858 exemplaribus,
1677 3787 1743 3841 ab
1775 3798 1990 3844 auctore
2009 3792 2232 3859 scriptas
2257 3809 2385 3856 esse,
2415 3795 2506 3848 sed
2541 3812 2572 3848 a
2615 3798 2885 3850 monachis
2909 3810 3179 3870 excerptas
3210 3803 3282 3856 ad
3311 3816 3548 3858 nostram
3591 3821 3758 3876 usque

477 3901 688 3947 (etatem
715 3887 1007 3959 pervenisse
1031 3927 1045 3951 ,
1076 3884 1300 3955 probare
1347 3885 1523 3938 conati
1559 3900 1762 3938 sumus.
1795 3883 1912 3949 Qua
1943 3894 2120 3939 tamen
2147 3887 2204 3940 in
2234 3904 2288 3941 re
2318 3905 2422 3942 non
2453 3891 2666 3944 omnino
2711 3908 2890 3947 verum
2927 3896 3174 3950 vidimus.
3207 3897 3561 3969 Reperiuutur
3593 3903 3754 3965 enim,

475 3995 534 4040 ut
557 3984 816 4054 Reisigius
852 3997 994 4037 meus
1034 3996 1116 4034 me
1143 3980 1341 4042 docuit,
1372 3979 1510 4032 inter
1537 3978 1728 4033 Isidori
1757 3978 2007 4048 epistolas
2039 3997 2144 4034 non
2171 3980 2342 4034 solum
2371 3999 2489 4052 qua:
2537 4000 2568 4035 a
2617 3986 2885 4040 monachis
2915 4000 3192 4059 excerptw,
3226 4009 3400 4047 verum
3430 3995 3590 4048 etiam
3639 4008 3756 4065 quae

475 4078 544 4130 ab
590 4077 783 4130 eisdem
831 4072 1166 4143 interpolata:
1205 4081 1346 4156 sunt.
1378 4070 1728 4136 Quamobrem
1767 4089 1885 4143 qua:
1930 4073 2068 4128 inter
2109 4075 2378 4142 epistolas,
2411 4091 2529 4146 qua:
2557 4077 2634 4131 bis
2659 4079 2712 4131 in
2739 4081 3124 4148 exemplaribus
3155 4086 3292 4155 typis
3325 4103 3579 4156 expressa:
3610 4091 3755 4142 iure-

477 4169 718 4232 niuutur,
750 4167 816 4222 ab
846 4166 1050 4222 Isidoro
1083 4154 1315 4234 profecta
1347 4165 1413 4217 sit
1442 4161 1810 4231 dijudicaturi,
1843 4179 2124 4216 caveamus
2153 4179 2354 4218 necesse
2382 4175 2478 4227 est,
2511 4175 2568 4218 ut
2597 4167 2762 4221 ullam
2793 4180 3070 4239 propterea
3101 4154 3520 4243 genuinam—esse
3548 4187 3758 4231 statua-

475 4279 594 4318 mus
613 4261 912 4332 ,-quoniam
954 4259 1195 4329 pluribus
1239 4258 1569 4312 contineatur
1610 4258 1798 4311 verbis.
1829 4256 1957 4312 Hcec
1985 4260 2126 4312 enim
2155 4261 2220 4313 ab
2251 4261 2627 4330 interpolatore
2656 4273 2752 4317 aut
2780 4265 3068 4336 glossatore
3095 4281 3310 4337 possunt
3346 4289 3454 4326 esse
3496 4275 3754 4343 profecta.

475 4353 637 4423 Cujus
665 4354 940 4408 sententiis
967 4353 1238 4406 veritatem
1287 4351 1560 4420 perspiciet
1603 4351 1745 4404 haud
1793 4351 1968 4416 dubie,
2000 4353 2091 4421 qui
2119 4352 2313 4407 Isidori
2345 4354 2552 4410 litteras
2601 4357 2738 4412 infra
2762 4377 2794 4412 a
2831 4378 2912 4414 me
2943 4362 2998 4414 in
3028 4364 3255 4416 medium
3285 4366 3523 4434 prolatas
3554 4375 3759 4434 attento

473 4445 753 4518 perlegerit
785 4445 984 4499 animo.
1017 4444 1247 4508 Etenim,
1281 4454 1336 4498 ut
1361 4445 1500 4498 idem
1529 4444 1619 4496 ille
1647 4443 1908 4513 Reisigius
1938 4444 2232 4511 intellexit,
2265 4449 2320 4500 in
2343 4448 2440 4503 illa
2470 4467 2588 4520 qua:
2616 4463 2692 4507 est
2723 4455 2846 4509 libri
2872 4459 3086 4511 secundi
3115 4433 3336 4528 epistola
3365 4433 3626 4531 glossator
3656 4462 3756 4514 ad-

475 4545 609 4598 didit
651 4543 883 4613 primum
915 4549 970 4595 ut
999 4541 1059 4594 τὸ
1084 4541 1334 4614 ἱερᾶσθαι
1379 4539 1670 4610 explicaret
1694 4580 1708 4605 ,
1736 4538 1893 4592 verba
1920 4538 2012 4592 τὸν
2036 4539 2101 4594 δοι

2135 4540 2300 4596 οὖντα
2331 4539 2468 4598 εἶναι
2505 4548 2876 4620 πρεσϐύτερον
2895 4567 2908 4580 ·
2941 4553 3128 4607 deinde
3156 4557 3549 4626 perspicuitatis
3591 4559 3759 4607 causa”

474 4649 764 4704 pronomen
805 4633 971 4687 αὐτόν
997 4634 1263 4704 ascripsit,
1294 4634 1536 4702 idemque
1565 4647 1659 4699 pro
1688 4631 2088 4686 ἀντεπιστέλλω

2129 4637 2296 4704 posuit
2337 4639 2630 4708 simplicius
2659 4644 2992 4716 deteriusque
3020 4648 3292 4718 φήσαιμι·
3327 4647 3570 4716 deinceps
3602 4663 3755 4718 μισο-

474 4730 716 4801 πονήρου
743 4727 1129 4796 interpretandi
1159 4741 1323 4778 causa
1355 4723 1765 4778 scholiastarum
1795 4741 1940 4778 more
1963 4725 2100 4778 addit

2127 4727 2170 4779 it
2199 4728 2295 4782 καὶ
2321 4731 2652 4800 φιλαγάθου,
2682 4745 2842 4802 atque
2880 4723 3106 4800 ἐζκότως
3149 4741 3486 4794 commutavit
3519 4759 3638 4794 cum
3675 4741 3753 4794 ξι-

475 4822 666 4885 καεως.
722 4819 905 4878 Glossa
964 4821 1102 4874 enim
1146 4818 1290 4888 apud
1321 4817 1712 4900 Hesychiumet
1742 4815 1966 4872 Suidam
1995 4828 2101 4872 east

2129 4829 2168 4873 tt
2197 4835 2216 4876 :
2246 4823 2478 4888 εἰκότως
2502 4845 2578 4879 :_—
2599 4826 2840 4890 δικαίως.
2868 4827 3015 4882 Idem
3070 4831 3417 4898 interpolator
3470 4833 3755 4887 inculcavit

473 4917 624 4972 ἐστίν
668 4925 792 4970 ante
820 4915 988 4983 ἄξιος.
1017 4914 1161 4968 Ναηι
1190 4913 1328 4982 quod
1357 4913 1428 4965 ad
1457 4921 1747 4966 extremum
1777 4929 1872 4980 pro
1902 4915 2099 4984 ἐκτραγ

2129 4915 2262 4987 ρδῶν
2290 4920 2520 4988 positum
2577 4930 2653 4975 est
2700 4922 3074 4992 ὲκκωμῳδῶν,
3114 4925 3322 4979 videtur
3362 4943 3427 4980 ex
3478 4928 3755 4996 scriptura:

473 5009 780 5064 diversitate
825 5007 1118 5078 profectum
1147 5019 1290 5069 esse;
1333 5017 1450 5068 quce
1488 5011 1668 5056 autem
1699 5004 1931 5059 admista
1961 5005 2043 5060 διὸ
2073 5008 2171 5062 καὶ
2197 5039 2268 5050 -—
2296 5011 2428 5074 Θεός
2453 5028 2577 5065 acer
2605 5013 2828 5084 forsitan
2858 5014 3252 5085 interpolatoris
3301 5019 3512 5073 animus
3566 5025 3754 5085 suapte

473 5109 658 5170 sponte
713 5099 958 5153 videatur
1013 5095 1270 5166 eﬂ'udisse.
1311 5091 1375 5146 In
1431 5093 1688 5161 proximis
1743 5093 1977 5164 epistolis
2033 5105 2212 5152 autem
2255 5116 2287 5152 a
2333 5117 2415 5154 me
2442 5101 2624 5156 allatis
2655 5118 2718 5156 ex
2746 5103 2878 5157 libro
2907 5121 2961 5169 ν,
2995 5121 3076 5175 ep.
3109 5107 3233 5172 “2.59,
3267 5116 3316 5161 et
3345 5124 3408 5161 ea:
3437 5124 3512 5171 Iv,
3545 5123 3627 5178 ep.
3659 5104 3747 5162 56.

470 5194 799 5266 interpolata
861 5201 937 5246 est
992 5191 1138 5260 prior
1168 5188 1532 5242 additamenta
1556 5187 1828 5242 verborum
1862 5190 1999 5260 μετὰ
2031 5192 2091 5245 τὸ

2124 5194 2541 5264 πφληφθῆναιο
2593 5197 2899 5252 mutilatam
2943 5198 3170 5254 alteram
3221 5199 3435 5254 librarii
3472 5213 3646 5254 errore
3691 5197 3750 5248 in

483 5285 618 5356 μηδὲ
653 5281 1092 5349 καταδεξάμενος
1119 5279 1297 5350 arguit
1325 5277 1705 5332 sententiarum
1732 5279 1890 5332 ratio.
1923 5279 2091 5336 Antea

2125 5283 2256 5336 enim
2287 5283 2499 5337 videtur
2528 5285 2758 5354 positum
2789 5287 2949 5356 fuisse
2977 5289 3026 5340 oi
3057 5287 3114 5340 δὲ
3144 5288 3218 5359 μὴ
3246 5287 3562 5357 διδαχθῆναι
3585 5299 3751 5338 κατα-

481 5375 790 5447 δεξάμενοι.
821 5372 1056 5444 Denique
1083 5388 1246 5443 quam
1277 5373 1680 5428 commemoravi
1705 5372 1897 5428 €01.49
1925 5375 2208 5443 epistolam
2236 5375 2344 5430 272
2374 5377 2496 5432 libri
2527 5393 2564 5444 ι,
2583 5378 2716 5433 ‘eam
2743 5390 2899 5448 putat
2932 5379 3190 5452 Ileisigius
3219 5391 3332 5450 post
3362 5381 3512 5434 illam
3542 5393 3657 5449 qua'
3673 5383 3749 5428 est

476 5465 600 5521 libri
633 5483 672 5530 ι,
694 5466 824 5527 505,
856 5465 1111 5534 scriptam
1135 5481 1273 5532 esse;
1301 5481 1467 5536 quare
1495 5465 1748 5539 γέγραφα
1778 5483 1874 5537 pro
1901 5467 2102 5540 γέγρας

1379 5481 1467 5520 are
1495 5465 1748 5539 γέγραφα
1778 5483 1874 5537 pro
1901 5467 2188 5540 γέγραφας
2209 5487 2274 5526 es;
2307 5487 2432 5526 mss.
2461 5477 2812 5528 revocandum
2842 5473 3005 5529 ducit.

541 5559 684 5614 Huic
711 5567 888 5614 autem
918 5559 1059 5630 parti
1089 5562 1326 5616 secunda:
1361 5570 1465 5616 tres
1494 5561 1679 5616 addidi
1707 5563 2018 5632 appendices
2049 5565 2160 5637 (a);
2197 5581 2425 5635 quarum
2453 5569 2508 5621 in
2551 5569 2724 5636 prima
2763 5570 2900 5622 inter
2933 5567 3224 5634 complures
3252 5567 3447 5622 Isidori
3477 5562 3744 5638 epistolas,

540 5688 612 5754 (a)
642 5689 732 5761 Ex.
762 5689 839 5741 bis
862 5694 1070 5756 primam
1094 5701 1150 5745 et
1193 5696 1482 5758 secundam,
1516 5695 1633 5761 quia
1653 5695 1878 5748 addenda
1921 5704 2030 5750 erat
2060 5713 2102 5752 ca

476 5753 860 5807 amandanmus.
891 5756 1022 5806 Eutr.
1065 5757 1212 5807 Pun.

2119 5704 2350 5755 tenarum
2387 5716 2567 5754 recens
2607 5702 2852 5754 editarum
2885 5700 3103 5761 collatio,
3127 5701 3188 5752 ad
3219 5702 3402 5752 calcem
3427 5695 3745 5763 epistolarsm

562 5767 860 5806 anaavtmus.
891 5767 1022 5806 CMT.
1066 5767 1212 5806 I'A‘l‘a.
