4118 6390
144 6375 302 6390 ’,δ”-⁸..

453 350 527 414 13
1894 356 2303 418 ΓΠΈΡᾹΤΙΟ.
3672 363 3738 428 ﬂ

449 485 576 538 quae
608 481 661 525 et
691 471 749 524 in
779 473 1018 527 editione
1052 471 1347 527 Parisicnsi
1376 490 1597 536 excusse,
1622 481 1669 527 et
1699 490 1730 526 a
1763 484 2071 528 catenarum
2126 477 2424 529 auctoribus
2475 477 2698 545 prolata:
2738 485 2879 540 sunt,
2921 493 2980 530 eo
3009 477 3227 533 consilio
3255 478 3496 533 instituta
3528 489 3604 532 est
3633 479 3740 532 coi-

456 562 616 622 tatio,
652 571 708 614 ut
757 565 962 615 multas
1009 563 1249 632 ejusdem
1286 563 1534 634 epistolas
1589 581 1621 616 a
1677 563 2082 634 descriptoribus
2112 567 2182 619 ad
2211 568 2420 620 verbum
2454 583 2555 620 non
2583 585 2691 622 esse
2717 569 3006 638 descriptas
3035 569 3365 639 probaretur.
3398 566 3532 624 Sunt
3561 577 3736 623 auiem

453 654 694 716 collatae,
727 673 845 726 qua:
865 657 939 710 ad
969 673 1163 711 manus
1193 661 1356 726 fuere,
1389 659 1470 712 hat
1496 658 1722 712 Patrum
1751 658 2051 714 Cra'corum
2082 670 2281 716 catena:
2311 679 2330 714 :

534 747 589 800 1.
622 749 801 816 Σειρὰ
837 749 984 816 ἑνὸς
1023 751 1124 803 καὶ
1172 753 1552 819 πεντήκοντα
1579 753 2122 820 ὐπσμνηματιστῶν
2167 757 2254 821 εὶς
2291 756 2407 823 τὴν
2439 755 2836 827 Ὀκτάτευχον
2858 759 2956 812 καὶ
2981 761 3054 814 τὰ
3080 758 3200 814 τῶν
3229 757 3580 823 Βασιλειῶν,
3621 757 3739 828 ἤδη

452 841 707 926 aptatos-
763 845 980 911 τύποις
1040 846 1394 912 ἐκδοθεῖσα,
1445 847 1687 913 ἀξιώσει
1727 849 1846 918 μὲν
1896 852 2228 920 Γρηγορίυυ
2291 853 2691 924 Ἀλεξάνδρου
2742 858 2933 912 Γκίκα
2958 898 2972 922 ,
3014 857 3321 928 ἐπιμελείᾳ
3362 857 3432 911 δὲ
3475 857 3738 927 Νικηφό-

445 951 589 1002 ρσυ.
627 935 752 989 Vol.
786 937 832 1000 1,
862 938 930 992 ll.
966 939 1168 1008 Lipsiae
1201 941 1360 996 1779..

527 1027 586 1082 2.
625 1030 909 1098 Expositio
939 1033 1042 1085 PP.
1076 1033 1386 1089 Grmcorum
1419 1035 1472 1089 in
1501 1032 1746 1090 Psalmos
1773 1051 1803 1089 a
1837 1034 2146 1092 Balthasarc
2171 1037 2435 1094 Cordcrio
2465 1039 2812 1094 concinnata.
2845 1041 3113 1110 Antuerp.
3153 1040 3308 1094 16-55.

526 1120 585 1174 ’5.
618 1122 827 1176 Catena
857 1123 1172 1180 Grincorum
1205 1126 1308 1182 PP.
1341 1127 1397 1181 in
1428 1129 1646 1182 beatum
1677 1127 1778 1182 Joh
1809 1129 2098 1184 collectorc
2127 1129 2332 1189 Diiccta,
2367 1131 2423 1184 in
2454 1131 2629 1187 lucem
2659 1133 2802 1187 edita
2832 1147 2996 1202 Opera
3027 1141 3081 1186 et
3110 1132 3291 1186 studio
3320 1131 3538 1186 l’atricii
3567 1129 3734 1185 Junii.

449 1207 636 1263 Lond.
677 1210 834 1264 1557.

523 1301 581 1354 At.
618 1301 894 1372 Symbolaa
922 1303 1240 1360 Graecorum
1273 1305 1372 1361 PP.
1406 1308 1461 1362 in
1510 1310 1826 1364 Matthseum
1857 1311 2068 1367 coll-suc
2098 1328 2128 1367 a
2158 1311 2478 1369 Baltliasare
2509 1315 2772 1371 Con-deria
2801 1326 2857 1371 et
2883 1315 3046 1371 Petro
3074 1316 3327 1374 Possino.
3362 1317 3543 1372 Tolos.
3583 1317 3734 1372 1646.

454 1390 581 1446 Vol.
617 1393 658 1456 I,
692 1393 762 1447 ll.

519 1487 581 1542 5.
614 1488 826 1545 Catena
856 1489 961 1546 PP.
995 1491 1308 1549 Graecorum
1341 1495 1392 1548 in
1426 1495 1481 1551 S.
1513 1496 1781 1554 Joannem
1813 1499 1867 1554 in
1898 1501 2075 1557 lucem
2106 1502 2250 1557 edita
2281 1517 2310 1557 a
2342 1503 2520 1559 Balth.
2555 1505 2844 1562 Cordcrio.
2878 1505 3145 1576 Antuerp.
3183 1506 3341 1560 1630.

517 1578 576 1634 6.
609 1580 876 1638 Cotelerii
907 1583 1262 1640 Monumenla
1293 1589 1547 1643 Ecclesiae.
1579 1589 1797 1645 Grzucm.

520 1668 932 1743 Conferentibus
961 1687 1140 1732 autem
1173 1681 1318 1734 nobis
1349 1698 1480 1751 quas
1515 1683 1687 1750 primo
1705 1695 1752 1738 et
1782 1696 1972 1755 quarto
2003 1686 2112 1742 loco
2143 1691 2535 1745 numeruvimus
2563 1691 2784 1746 Patrum
2819 1701 3050 1757 catenas,
3071 1691 3409 1746 occurrebant
3440 1693 3737 1762 fragmenta

444 1760 516 1813 ab
551 1763 776 1819 illarum
808 1769 1114 1824 auctoribus
1143 1771 1350 1824 Isidoro
1380 1783 1554 1827 nostro
1584 1777 1836 1846 ascripta,
1871 1795 1986 1848 qua:
2007 1819 2024 1845 ,
2047 1799 2163 1834 cum
2194 1782 2284 1836 diu
2314 1783 2638 1854 multumque
2663 1785 2720 1838 in
2744 1785 3086 1856 epistolarum
3115 1785 3272 1854 hujus
3299 1784 3397 1838 viri
3427 1781 3738 1836 editionibus

445 1857 656 1924 {rustra
689 1862 1040 1930 qutcsiverim,
1075 1866 1213 1934 typis
1243 1867 1581 1933 exprimenda
1613 1871 1934 1925 curavimus.
1972 1873 2083 1926 Etsi
2113 1875 2351 1944 equidem
2383 1893 2484 1930 non
2513 1879 2884 1947 affirmaverim
2915 1896 2978 1932 ne
3008 1895 3173 1950 unum
3203 1879 3408 1949 quidem
3439 1879 3577 1931 inter
3623 1893 3737 1930 om-

441 1953 540 2003 nia
572 1952 688 2005 haec
715 1955 1016 2024 fragmenta
1048 1975 1212 2029 neque
1242 1960 1295 2012 in
1329 1959 1518 2013 Isidori
1547 1962 1804 2031 epistolis‘
1835 1981 2000 2036 neque
2026 1969 2172 2036 apud
2199 1969 2368 2023 alium
2395 1971 2700 2039 scriptorem
2729 1973 2980 2042 reperiri,
3012 1981 3192 2028 tamen
3221 1990 3339 2028 cum
3368 1971 3512 2026 illius
3539 1973 3736 2041 scripta

445 2055 660 2098 attento
712 2048 1028 2119 perlegerim
1079 2053 1261 2104 animo
1302 2052 1605 2115 identidem,
1640 2071 1804 2126 neque
1830 2058 1883 2110 in
1913 2060 2040 2129 ipsis
2071 2062 2381 2132 fragmentis
2409 2064 2548 2134 quod
2577 2064 2810 2134 ejusdem
2841 2068 3106 2137 cogitandi
3135 2075 3228 2121 aut
3255 2067 3513 2120 scribendi
3541 2067 3738 2120 rationi

445 2149 706 2208 repugnet
738 2141 1046 2207 invenerim,
1101 2143 1254 2196 liceat
1312 2143 1439 2198 mihi
1470 2147 1649 2200 omnia
1679 2164 1740 2200 ea
1772 2149 1837 2202 ab
1865 2149 2070 2206 Isidoro
2095 2155 2329 2225 profecta
2361 2173 2468 2210 esse
2498 2159 2684 2211 tandiu
2714 2158 3042 2222 contendere,
3074 2159 3200 2211 dum
3230 2157 3448 2212 meliora
3481 2173 3582 2210 non
3611 2157 3736 2210 edo--

441 2243 561 2287 ctus
590 2251 712 2288 sum
745 2253 776 2289 a
807 2253 1096 2307 quoquam.
1126 2268 1196 2279 —-
1224 2237 1287 2292 In
1313 2241 1534 2293 secunda
1566 2258 1686 2296 vero
1713 2243 1871 2313 hujus
1901 2249 2070 2314 partis
2100 2251 2386 2319 appendice
2415 2253 2720 2306 enumeravi
2751 2262 2963 2307 catenas
2987 2252 3310 2324 Patrumque
3335 2253 3594 2307 dictorum
3625 2251 3737 2324 syl-

444 2327 600 2397 logas
627 2329 741 2382 sive
771 2330 1002 2399 eclogas,
1038 2347 1154 2400 qua!
1187 2333 1417 2384 nondum
1473 2334 1626 2387 editte
1654 2335 1709 2387 in
1737 2336 2058 2392 bibliothecis
2087 2350 2444 2407 asservantur,
2477 2343 2534 2396 in
2581 2343 2866 2414 quibusqtte
2900 2343 3092 2398 Isidori
3119 2353 3328 2399 exstant
3357 2355 3450 2398 aut
3481 2344 3731 2414 epistolae,

442 2433 540 2476 aut
571 2423 930 2493 epistolarum
961 2425 1284 2494 fragmenta.
1309 2454 1374 2464 —
1404 2424 1466 2478 In
1501 2429 1654 2480 tertia
1686 2429 1928 2500 denique,
1961 2448 2077 2502 qua:
2107 2433 2236 2486 mihi
2273 2434 2337 2488 de
2365 2435 2707 2503 epistolarum
2736 2436 3078 2492 innatuerunt
3119 2439 3380 2493 codicibus
3420 2439 3655 2508 exposui,
3685 2447 3736 2493 et

440 2516 728 2568 occasione
768 2515 896 2568 data
932 2533 984 2586 p.
1020 2515 1123 2570 145
1152 2518 1429 2586 scriptura:
1457 2517 1812 2575 diversitatem
1847 2539 1873 2576 e
1901 2525 2076 2578 codice
2100 2525 2368 2591 (iudiano,
2394 2543 2546 2596 quem
2567 2545 2772 2582 summa
2805 2531 3092 2584 doctissimi
3119 2530 3302 2588 Eberti
3331 2532 3460 2586 mihi
3489 2531 3737 2587 concessit

443 2615 768 2679 liberalitas,
801 2617 1082 2686 diligenter
1111 2619 1380 2671 adnotavi.

517 2707 700 2761 Tertia
731 2717 914 2762 autem
949 2710 1404 2763 commentationis
1422 2727 1566 2781 pars,
1605 2711 1662 2764 in
1685 2728 1789 2782 qua
1831 2711 1894 2764 de
1935 2711 2125 2765 Isidori
2154 2714 2334 2783 agitur
2361 2715 2601 2769 doctrina
2623 2757 2636 2780 ,
2671 2716 2726 2769 in
2762 2718 2866 2771 tria
2893 2726 3016 2788 apte
3043 2719 3206 2774 dividi
3234 2723 3402 2789 potuit
3429 2725 3628 2794 capita.
3669 2723 3738 2780 In

441 2801 624 2870 primo
652 2800 818 2864 enim,
850 2799 978 2868 quid
1005 2799 1093 2852 ille
1116 2800 1179 2853 de
1209 2802 1536 2871 gravissimis
1559 2801 1889 2873 dogmatibus
1911 2804 2153 2869 senserit,
2187 2804 2518 2860 declaratum
2553 2817 2646 2872 est,
2677 2807 2752 2861 ita
2777 2810 3004 2878 quidem,
3043 2820 3100 2864 ut
3128 2813 3360 2882 primum
3386 2816 3513 2885 quid
3537 2817 3600 2870 de
3621 2819 3738 2888 fon-

441 2892 586 2944 tibus
611 2890 886 2961 religionis
916 2889 1253 2956 Christiania,
1288 2893 1414 2962 quid
1441 2892 1628 2945 deinde
1651 2893 1716 2947 de
1738 2893 1868 2956 Deo,
1894 2903 2004 2946 tum
2030 2895 2157 2964 quid
2177 2896 2240 2948 de
2269 2897 2498 2951 consiliis
2521 2907 2570 2952 et
2600 2899 2854 2954 institutis
2875 2901 3063 2955 divinis
3082 2943 3096 2966 ,
3117 2919 3234 2974 qute
3261 2905 3334 2958 ad
3354 2907 3622 2964 hominum
3642 2927 3736 2964 sa-

447 2986 616 3039 lutem
660 2999 758 3052 per
779 2982 973 3036 ‘Jesum
1013 2982 1280 3038 Christum
1321 2986 1680 3053 reparandum
1723 2993 1998 3052 spectant,
2033 2986 2161 3056 quid
2192 2987 2415 3058 denique
2448 2989 2512 3042 de
2541 2990 2690 3044 rebus
2724 2991 2918 3061 futuris
2941 2996 3187 3048 statuerit
3216 2996 3325 3063 ille,
3359 3001 3614 3056 traditum
3641 3005 3730 3058 sit.

445 3079 528 3133 De
555 3077 752 3146 quibus
785 3075 1023 3129 omnibus
1053 3077 1169 3145 ejus
1196 3078 1509 3132 sententiam
1537 3087 1787 3131 accurate
1812 3078 2021 3146 quidem
2051 3081 2574 3154 exposuimus,atque
2595 3084 2909 3154 gravissima
2940 3087 3170 3155 ejusdem
3201 3091 3264 3144 de
3283 3094 3463 3162 quovis
3491 3095 3733 3166 dogmate

445 3171 592 3224 dicta
644 3169 702 3220 in
730 3167 866 3220 notis
897 3167 1034 3238 typis
1075 3168 1418 3236 exprimenda
1466 3169 1802 3232 curavimus;
1842 3169 1934 3222 sed
1963 3185 2026 3221 ne
2057 3171 2215 3224 nimis
2246 3171 2401 3244 longa
2432 3175 2600 3227 omnis
2619 3174 2728 3228 hinc
2745 3175 2892 3244 ﬁeret
2921 3177 3218 3248 disquisitio
3239 3222 3252 3245 ,
3285 3198 3449 3254 neque
3467 3183 3732 3253 judicium

446 3264 757 3328 adiectum,
792 3278 958 3332 neque
998 3262 1244 3315 instituta
1289 3270 1362 3315 est
1392 3277 1508 3315 cum
1552 3261 1782 3331 placitis,
1813 3278 1930 3332 qua:
1960 3262 2079 3314 aliis
2119 3263 2352 3332 ejusdem
2373 3266 2470 3319 arvi
2497 3266 2750 3320 Patribus
2780 3278 2993 3339 accepta
3023 3270 3255 3341 fuerunt,
3289 3276 3636 3344 comparatio.
3665 3307 3737 3323 ψ

445 3355 513 3412 In
545 3357 778 3409 secundo
802 3371 922 3408 vero
951 3353 1109 3423 hujus
1137 3353 1306 3423 partis
1336 3355 1506 3423 capite
1534 3353 1766 3406 diximus
1792 3353 1855 3406 de
1903 3352 2106 3407 Isidoro
2136 3353 2451 3424 apologeta;
2481 3356 2661 3424 itaque
2688 3359 2923 3427 ejusdem
2951 3369 3134 3414 contra
3164 3363 3412 3430 ethnicos,
3442 3365 3656 3420 Judteos
3683 3378 3734 3422 et

445 3447 722 3501 hwreticos
769 3446 1078 3516 disputandi
1136 3447 1274 3498 ratio
1323 3446 1507 3515 paucis
1567 3445 1841 3500 declarata
1889 3455 1983 3502 est.
2003 3477 2072 3488 —
2101 3446 2164 3501 In
2195 3448 2350 3502 tertio
2375 3449 2596 3521 denique
2624 3451 2686 3504 de
2709 3449 2916 3506 Isidoro
2949 3454 3151 3524 egimus
3180 3455 3432 3510 librorum
3459 3476 3732 3515 sacrorum

446 3543 772 3610 interprete,
823 3553 982 3612 atque
1033 3542 1272 3612 pluribus
1321 3544 1543 3613 probare
1595 3544 1770 3596 conati
1826 3560 2007 3598 sumus
2063 3545 2336 3616 exemplis,
2383 3563 2502 3600 eum
2561 3563 2724 3617 neque
2769 3551 2980 3603 omnino
3025 3554 3398 3619 spernendum,
3443 3553 3732 3611 utiCroius

446 3641 773 3690 censuerunt
813 3641 861 3686 et
908 3635 1258 3686 Heumannus
1279 3672 1295 3700 ,
1320 3649 1484 3703 neque
1529 3632 1749 3703 dignum
1781 3648 1888 3687 esse
1932 3632 2177 3690 laudibus
2204 3636 2392 3706 quibus
2421 3653 2454 3689 a
2496 3635 2726 3705 aninio
2749 3678 2763 3703 ,
2797 3635 3008 3692 Simone
3038 3648 3086 3692 et
3125 3639 3548 3696 Rosenmuellero
3576 3659 3731 3698 exor-

449 3741 636 3789 natur.

523 3832 631 3888 Sed
658 3837 705 3890 si
732 3837 852 3907 quis
881 3836 1016 3905 forte
1045 3849 1126 3887 me
1153 3831 1520 3900 reprehendat,
1550 3831 1689 3893 quod
1717 3829 1908 3894 ethica,
1943 3841 2058 3899 qua:
2085 3825 2226 3879 dedit
2248 3823 2337 3878 ille
2366 3833 2649 3894 pra'cepta,
2683 3825 2894 3879 omnino
2923 3825 3260 3897 neglexerim,
3291 3829 3334 3882 is
3361 3830 3624 3902 intelligat
3641 3848 3733 3886 ve-

451 3929 547 3982 lim
583 3945 667 3981 me
694 3928 987 3996 separatim
1035 3925 1244 3996 quidem
1290 3924 1353 3977 de
1387 3923 1464 3977 his
1496 3939 1598 3975 non
1627 3923 1792 3992 egisse
1816 3961 1830 3986 ,
1860 3920 1950 3974 sed
1978 3919 2034 3972 in
2061 3933 2374 3988 unaquaque
2403 3919 2858 3972 commentationis
2888 3927 3056 3988 parte,
3090 3936 3207 3990 qua:
3236 3922 3308 3974 ad
3335 3940 3541 3978 morum
3568 3925 3730 3995 perti-

449 4029 616 4074 neant
643 4019 943 4071 doctrinam
964 4057 980 4082 ,
1012 4031 1284 4070 recurrere
1309 4013 1503 4068 Isidori
1524 4014 1748 4084 placita.
1774 4011 1885 4078 Quo
1903 4011 2126 4076 accedit,
2153 4016 2209 4062 ut
2239 4009 2328 4080 qui
2347 4008 2457 4062 hcec
2473 4009 2526 4062 in
2543 4019 2770 4079 systema
2803 4010 2924 4064 velit
2945 4013 3179 4084 redigere
3195 4055 3211 4078 ,
3241 4031 3446 4068 omnem
3465 4016 3608 4072 haud
3632 4018 3731 4072 du-

449 4110 536 4164 bie
563 4109 869 4179 perditurus
902 4108 968 4160 sit
997 4122 1235 4176 operam,
1265 4121 1385 4158 eum
1408 4104 1665 4167 Isidorus,
1695 4120 1790 4173 pro
1819 4101 2024 4157 consilii
2054 4099 2262 4154 ratione
2294 4115 2416 4153 mox
2443 4099 2578 4154 hanc
2605 4102 2850 4156 virtutem
2869 4143 2884 4167 ,
2918 4119 3040 4156 mox
3067 4103 3248 4170 illam,
3277 4122 3398 4160 mox
3439 4109 3728 4176 complures

446 4203 749 4273 primarius
797 4217 907 4256 esse
947 4199 1207 4254 docuerit.
1236 4197 1496 4253 Caeterum
1527 4197 1696 4252 multa
1725 4211 1844 4267 qute
1885 4197 1986 4248 huc
2011 4201 2250 4263 spectant
2292 4192 2472 4246 attulit
2494 4192 2744 4248 Neander
2776 4193 2832 4248 V.
2863 4194 2918 4249 γ.
2955 4196 3012 4249 in
3032 4195 3164 4250 libro
3189 4197 3253 4252 de
3279 4197 3482 4253 Joanne
3503 4199 3726 4270 Chryso—

443 4304 640 4358 stomo,
680 4309 834 4363 opere
860 4309 964 4344 non
991 4291 1166 4344 minus
1195 4305 1356 4360 quam
1385 4289 1571 4342 veteris
1595 4287 1737 4340 illius
1760 4287 1858 4341 viri
1888 4285 2207 4356 cognominis
2235 4300 2416 4338 aureo.

521 4389 754 4442 Tantum
785 4387 950 4457 igitur
975 4391 1178 4448 restat,
1210 4391 1267 4436 ut
1303 4387 1366 4436 de
1389 4383 1665 4450 scripturae
1693 4380 1994 4434 diversitate
2013 4419 2026 4442 ,
2055 4391 2171 4448 quae
2189 4417 2204 4440 ,
2241 4375 2328 4430 ubi
2357 4376 2539 4432 Grieca
2578 4377 2770 4432 Isidori
2794 4379 2949 4435 verba
2980 4397 3013 4434 a
3043 4381 3188 4436 nobis
3215 4381 3386 4436 allata
3417 4393 3572 4446 sunt,
3597 4385 3724 4440 dili-

445 4489 633 4550 genter
666 4479 928 4531 adnotata
979 4485 1076 4538 est,
1099 4489 1273 4545 pauca
1301 4475 1560 4525 dicamus.
1595 4470 1770 4535 Quam
1805 4472 1917 4524 cod.
1950 4468 2084 4522 Bav.
2105 4469 2426 4536 scripturam
2466 4469 2763 4523 notavimus
2785 4510 2799 4534 ,
2837 4487 2901 4524 ea
2944 4487 3009 4525 ea:
3045 4471 3272 4526 editione
3303 4472 3722 4532 Rittershusiana

449 4573 544 4642 (cf.
577 4587 634 4640 p.
667 4569 758 4638 57)
796 4569 1022 4638 repetita
1074 4575 1171 4620 est.
1214 4565 1439 4636 Reliqua
1479 4579 1543 4618 ea:
1591 4562 1740 4616 Petri
1795 4561 2002 4616 Possini
2067 4558 2446 4614 Collationibus
2473 4559 2788 4614 Isidorianis
2833 4561 2922 4633 (cf.
2957 4577 3011 4630 p.
3043 4561 3110 4617 39
3139 4574 3262 4632 etp.
3289 4564 3379 4636 40)
3413 4565 3724 4640 deprompta

441 4677 600 4727 sunt;
627 4682 745 4731 quae
766 4681 961 4719 novam
987 4665 1182 4716 harum
1205 4659 1550 4727 epistolarum
1581 4657 1860 4711 editionem
1890 4654 2098 4710 curanti
2128 4654 2376 4707 maxima,
2404 4653 2546 4706 haud
2573 4653 2728 4707 dubie
2746 4665 2897 4708 erunt
2919 4655 3162 4712 utilitati.
3191 4657 3350 4715 Recte
3378 4663 3517 4718 enim
3551 4663 3642 4720 ille
3669 4667 3726 4720 in

442 4758 780 4828 prcfatt'one,
813 4755 1201 4826 Corrigunlur,
1233 4753 1440 4822 inquit,
1471 4766 1536 4806 ex
1567 4749 1654 4804 his
1681 4748 1879 4803 menda
1923 4747 2370 4807 innumerabilia,
2401 4744 2516 4800 veri
2545 4761 2656 4800 non
2685 4756 2846 4802 antea
2887 4749 3204 4821 introspecti
3248 4755 3569 4824 aperiuntur
3595 4774 3725 4815 sen-

441 4867 542 4907 sus
568 4851 809 4906 auctoris
829 4890 844 4915 ,
877 4846 1011 4904 nodi
1043 4842 1444 4916 perplexissimi
1473 4841 1830 4904 extricantur,
1863 4839 2033 4893 multa
2073 4853 2203 4892 casu
2233 4837 2434 4892 omissa
2475 4845 2534 4892 et
2579 4838 2648 4892 ad
2677 4839 3008 4896 sententiam
3038 4847 3348 4904 necessaria
3379 4851 3719 4922 supplentur.

438 4948 575 5014 Qui:
601 4965 717 5004 cum
743 4951 820 5003 ita
851 4948 988 5012 sint,
1025 4952 1085 4998 ut
1110 4943 1302 5014 aliquis
1331 4941 1524 4996 Isidori
1553 4939 1803 5010 epistolas
1826 4938 1996 4992 demto
2028 4935 2214 4990 edendi
2253 4935 2505 5004 suscipiat
2555 4952 2763 5004 munus,
2795 4939 3084 5007 optandum
3113 4950 3212 5010 est,
3241 4960 3362 5013 quo,
3395 4947 3444 5000 si
3467 4947 3576 5002 haec
3604 4965 3722 5004 mea

434 5038 652 5107 scriptio
681 5037 894 5110 aliquid
925 5031 1114 5089 laudis
1142 5037 1501 5100 consequetur,
1528 5028 1640 5097 ipse
1667 5027 1860 5098 fungar
1887 5023 2258 5078 lubentissime.

3083 5152 3109 5171 ἡ

503 5175 769 5249 Scriptum
794 5171 964 5230 Halis
997 5181 1177 5223 mense
1202 5162 1490 5220 Februario
1519 5139 1912 5216 MDCCCXXV.
