4118 6390
460 366 525 430 19
1604 363 2276 429 COMMENTATIONIS
2309 358 2504 421 PARS
2539 358 2589 420 Ι.
3656 350 3728 443 eo

454 476 709 531 facillime
730 477 935 546 possim
965 476 1255 548 colligere;
1281 477 1374 532 sed
1398 493 1508 531 rem
1533 478 1720 548 paucis
1740 478 2042 532 absolvisse
2071 481 2116 536 Α
2149 471 2204 528 Si
2240 473 2561 542 imperator,
2595 465 2796 538 inquit,
2827 473 2880 520 te
2907 465 3108 536 oppido
3135 465 3203 520 ab
3233 464 3483 520 hostibus
3514 480 3727 520 summa

457 566 628 620 satius
655 566 822 632 duco,-
840 561 1021 636 itaque
1044 567 1261 638 Evagrii
1290 568 1366 638 (a)
1394 577 1514 622 utar
1529 569 1732 634 verbis,
1751 569 1843 638 qui
1869 583 2042 637 usque

457 659 615 722 adeo,
665 658 862 726 inquit,
906 674 1106 729 corpus
1137 675 1295 714 suum
1340 660 1620 714 laboribus
1671 667 2055 714 maceraverat'

463 748 774 820 (Isidorus),
803 759 857 804 et
885 749 1126 804 animum
1160 749 1573 805 sublimioribus
1609 749 1873 804 doctrinis
1901 749 2043 819 sagi-

459 849 707 906 naverat,
761 850 822 896 ut
873 842 1174 912 angelicam
1229 842 1396 896 vitam
1460 851 1664 914 ageret,
1723 849 1778 895 et
1827 841 2042 910 spirans

459 935 706 1002 quaedam
762 934 1126 1004 imago_csset
1175 943 1282 988 tam
1333 935 1459 990 vita:
1490 934 1822 1000 monasticm,
1877 949 2040 1004 quam

460 1025 658 1080 divinae
689 1025 1187 1094 contemplatioois.
1218 1053 1274 1064 —

528 1115 717 1185 Neque
767 1115 942 1169 solum
988 1123 1213 1186 propter
1262 1116 1386 1169 vitae
1423 1115 1789 1181 sanctitatem,
1850 1131 2040 1170 verum

459 1209 623 1263 etiam
648 1217 868 1278 prOpter
901 1207 1163 1264 doctrina:
1195 1207 1406 1276 copiam
1447 1207 1515 1260 ab
1541 1208 1839 1276 aequalibus
1877 1205 2042 1263 hono-

459 1308 610 1349 ratus
641 1304 740 1359 est,
780 1295 1068 1364 magnique
1111 1294 1431 1348 mstimatus.
1464 1294 1678 1348 Etenim
1723 1293 2039 1364 Gregorium

458 1381 762 1452 Nyssenum
811 1381 1019 1436 litteras
1068 1382 1169 1452 ipsi
1215 1383 1426 1438 misisse
1456 1400 1519 1437 ex
1544 1398 1717 1453 eoque
1748 1385 2038 1453 quamdam

458 1465 676 1521 Veteris
753 1465 1090 1523 Testamenti
1159 1469 1666 1539 interpretationem
1723 1473 2040 1541 qumsivissc

460 1558 838 1614 Tillcmontius
870 1561 939 1631 (ο)
968 1577 1033 1616 ex
1059 1562 1308 1632 epistola,
1333 1577 1452 1632 quae
1481 1564 1603 1618 data
1633 1571 1716 1618 est
1743 1565 1808 1618 ad
1834 1564 2038 1635 Grego-

458 1651 599 1704 rium
629 1651 942 1720 episc0pum
977 1651 1069 1723 (cl,
1096 1653 1327 1724 collegit.
1357 1653 1511 1720 Quod
1541 1655 1750 1709 etiamsi
1790 1656 2036 1710 luculen-

460 1753 544 1795 ter
577 1743 937 1796 demonstrari
969 1745 1178 1813 nequit,
1222 1753 1403 1798 tamen
1439 1761 1536 1800 cur
1561 1756 1790 1816 negetur
1817 1762 2034 1800 causam

461 1848 570 1886 non
601 1835 794 1901 video;
819 1838 1122 1904 praesertim
1147 1853 1269 1891 eum
1296 1839 1385 1908 qui
1411 1840 1697 1893 maximam
1730 1839 1784 1893 in
1800 1839 2036 1895 Ecclesia
2069 1830 2111 1883 Β

463 1925 703 1980 habuere
749 1929 1152 1989 auctoritatem.
1185 1930 1335 1984 velut
1377 1930 1734 2000 Theophilus,
1783 1932 2032 2002 Cyrillus,

459 2015 834 2088 Hermogenes
880 2021 1078 2090 aliique
1108 2038 1231 2076 cum
1276 2039 1342 2076 eo
1373 2038 1471 2092 per
1527 2023 1738 2078 litteras
1782 2025 2037 2079 collocuti

457 2107 568 2162 sint
613 2110 711 2180 (ά).
753 2111 983 2164 Constat
1020 2113 1156 2166 adeo
1201 2112 1458 2183 Cyrillum
1518 2115 1820 2170 honorifico
1868 2117 2038 2185 patris

455 2200 675 2256 nomine
709 2201 971 2258 lsidorum
995 2219 1220 2259 ornasse
1244 2205 1338 2276 (ε).
1364 2204 1527 2271 Quid,
1546 2206 1691 2276 quod
1717 2224 1779 2262 ex
1808 2208 2036 2277 epistola

454 2292 520 2344 ad
558 2291 857 2360 Zenonem,
900 2311 1060 2365 quam
1100 2297 1203 2350 alia
1243 2297 1529 2352 occasione
1554 2299 1665 2367 jam
1716 2299 2032 2364 attulimus,

455 2383 752 2440 familiares
795 2386 913 2454 ejus
938 2383 1025 2450 eo,
1065 2404 1173 2457 quo
1203 2389 1382 2443 adhuc
1414 2390 1556 2442 inter
1585 2391 1738 2444 vivos
1767 2390 1866 2444 fuit
1894 2400 2034 2445 tem-

453 2489 606 2543 pore,
641 2491 748 2536 res.
789 2477 988 2546 quibus
1024 2492 1156 2531 usus
1189 2488 1334 2543 erat,
1371 2479 1628 2534 habuisse
1665 2491 2036 2536 sacrosanctas

455 2569 671 2638 probari
706 2577 882 2639 potest
911 2570 1000 2639 (f).
1046 2601 1115 2610 ——
1135 2569 1267 2635 Quae
1290 2571 1492 2634 omnia,
1527 2579 1586 2624 nt
1616 2571 1866 2636 equidem
1892 2573 2037 2626 arbi-

454 2670 589 2726 tror,
617 2660 962 2730 perpendens
977 2661 1302 2730 Ephraemus
1323 2661 1489 2732 Syrus
1513 2661 1614 2731 (g),
1641 2663 2032 2732 Περίϐλεπτος,

455 2751 551 2810 ait,
587 2752 763 2805 factus
794 2761 897 2815 est,
921 2753 1016 2805 καὶ
1046 2756 1159 2816 τοῖς
1189 2751 1538 2822 ἀρχιερεῦσιν
1567 2753 1867 2822 αἰδέσιμος.
1903 2753 2036 2819 Quae

455 2844 618 2916 verba
639 2843 898 2898 Schottus
926 2844 1168 2912 quidem,
1200 2845 1276 2898 uti
1298 2845 1408 2914 jam
1437 2859 1466 2898 a
1499 2843 1761 2914 Basnagio
1783 2855 2036 2900 notatum

453 2945 534 2990 est
554 2936 663 3006 ’(Ιι),
696 2951 979 3006 perperam
1021 2937 1102 2990 sic
1130 2936 1294 2990 vertit
1321 2954 1332 2990 :
1367 2947 1417 2989 et
1448 2938 1584 2989 inter
1618 2936 1870 3005 pra'sules
1910 2937 2036 2990 illu-

453 3028 601 3092 stris,
635 3030 789 3097 quasi
832 3043 974 3081 unus
1002 3028 1381 3098 episcoporum
1407 3028 1474 3081 de
1502 3043 1660 3098 grege
1711 3027 1903 3080 fuisset
1933 3026 2033 3080 lsi-

454 3118 640 3172 dorus.
668 3115 776 3183 Sic,
809 3117 984 3186 inquit
1016 3117 1126 3180 ille,
1161 3117 1346 3172 Graeca
1378 3118 1526 3171 reddi
1564 3119 1764 3172 debent
1791 3134 1803 3170 :
1835 3127 1883 3168 et
1909 3118 2018 3186 epi~

450 3211 621 3279 scopis
655 3211 1000 3266 venerandus.
1037 3240 1108 3252 —
1135 3209 1438 3280 Episcopali
1464 3211 1626 3281 igitur
1652 3210 1919 3279 dignitate
1964 3209 2023 3280 (ὁ)

452 3319 562 3358 non
596 3313 821 3358 ornatus
855 3302 984 3369 fuit;
1037 3311 1276 3358 attamen
1333 3319 1457 3356 eum
1512 3319 1739 3356 munere
1792 3303 2028 3370 quodam

453 3395 650 3450 illustri
682 3394 927 3450 functum
953 3395 1144 3457 fuisse,
1169 3403 1223 3450 et
1253 3395 1424 3464 ipsius
1447 3395 1692 3464 epistolis
1708 3404 1761 3448 ct
1783 3403 2029 3448 veterum

451 3484 775 3552 scriptorum
821 3484 1146 3538 testimoniis
1185 3483 1240 3537 in
1287 3495 1540 3554 promptu
1587 3494 1670 3538 est
1712 3484 2026 3539 ostendere.

450 3575 526 3627 Ex
561 3575 665 3628 illis
699 3573 846 3627 enim
872 3581 1097 3643 apparet
1122 3589 1246 3627 eum
1279 3574 1669 3627 monachorum
1719 3574 1868 3644 gregi
1915 3589 2026 3627 non

451 3664 616 3720 fuisse
647 3664 1118 3735 ascriptum.Nam
1142 3665 1197 3718 in
1220 3664 1445 3734 epistola
1467 3665 1532 3718 ad
1563 3665 1884 3719 Therasium
1925 3666 2025 3736 (j),

521 3825 598 3896 (a)
638 3825 850 3896 Evagrii
891 3826 1074 3889 verba,
1101 3855 1172 3866 —
1210 3825 1280 3879 cf.
1314 3825 1670 3896 ejusdarﬂist.
1704 3827 1827 3880 errl.
1866 3826 1956 3879 lib.
1991 3842 2026 3893 ι,

449 3895 569 3965 cap.
593 3898 686 3960 l5,
715 3895 1202 3966 —¥transcripsissc
1226 3896 1438 3948 videtur
1494 3895 1850 3966 Nicephorius.
1877 3897 1994 3949 Scri
2014 3927 2026 3937 -

450 3967 530 4022 bit
567 3966 796 4036 cnim_in
847 3965 982 4019 Hist.
1016 3982 1126 4019 sua.
1144 3966 1266 4020 erct.
1310 3966 1401 4019 lib.
1438 3982 1545 4030 xu“,
1578 3965 1696 4036 cap.
1727 3969 1812 4031 5'3,
1860 3969 1971 4019 haec
2010 3983 2022 4018 :

461 4037 520 4091 '0
554 4037 652 4102 μὲν
677 4032 768 4088 οὖν
804 4036 944 4098 Gaio;
994 4036 1281 4104 Ἰσίδωρος,
1331 4036 1388 4102 ἐξ
1441 4035 1520 4088 ἔτι
1552 4032 1670 4090 νέοὐ
1708 4040 1820 4099 τοῖς
1848 4037 2020 4102 ἀσκη-

448 4109 620 4168 cocci;
663 4106 804 4176 οὕτω
864 4106 1046 4176 πόνοις
1090 4107 1366 4176 ὲνίδρωπε,
1399 4107 1492 4158 καὶ
1523 4107 1622 4176 τὴν
1674 4107 2024 4176 σάρκᾳᾉκατ-

451 4176 630 4246 έτηξε,
650 4176 746 4246 τὴν
770 4175 946 4246 ψυχὴν
966 4178 1076 4238 τοῖς
1093 4174 1454 4244 ἀναγωγικοϊς
1477 4174 1672 4237 πιάνας
1689 4175 1796 4228 τῶν
1825 4174 2018 4246 λόγῳν,

451 4193 630 4246 ετηζε,
650 4193 746 4246 την
770 4193 880 4246 ψυχ
921 4195 946 4228 ν
966 4193 1076 4238 τοις
1093 4193 1454 4244 αναγωγικοις
1477 4194 1672 4237 πιανας
1689 4193 1796 4228 των
1825 4193 2018 4239 Λογων,

449 4247 525 4303 ὡς
559 4247 846 4313 ἀγγελικὸν
883 4193 1141 4315 ἓντικρυς
1187 4246 1464 4314 μετελθεῖν
1496 4246 1606 4315 βίον
1629 4261 1641 4274 ·
1679 4247 1770 4297 καὶ
1818 4243 2020 4315 ρτήλην

450 4312 632 4380 ζῶσάν
675 4333 734 4369 τε
771 4317 865 4368 καὶ
909 4312 1150 4384 ἐμψύχων
1183 4312 1282 4383 τῆς
1326 4333 1383 4368 τε
1434 4312 1764 4384 μόναπτικῆς
1811 4312 2020 4384 διαξτης

449 4389 544 4440 καὶ
567 4387 665 4456 τῆς
697 4390 774 4448 εἰς
800 4385 930 4456 Θερν
967 4383 1218 4456 Θεωρίας.
1253 4386 1334 4440 (If.
1368 4383 1581 4438 Tillcm.
1619 4386 1653 4436 Ι.
1686 4399 1735 4436 c.
1772 4397 1824 4452 [ι.
1857 4383 1944 4436 98.

524 4457 593 4524 (ὁ)
625 4455 834 4510 Tillem.
869 4455 902 4510 Ι.
940 4472 976 4519 t,
1009 4473 1062 4519 ι).
1084 4455 1178 4512 ⁷97.

525 4530 592 4596 (c)
632 4526 746 4580 Lib.
782 4543 818 4590 ι,
848 4542 934 4594 ep.
967 4527 1088 4580 125.

526 4590 600 4665 (ά)
637 4598 752 4652 Lib.
794 4613 830 4659 ι,
883 4590 975 4665 ep.
1033 4597 1157 4660 510,
1206 4613 1293 4666 ep.
1323 4591 1588 4666 Μελίη).
1623 4606 1692 4666 ιι,
1745 4605 1811 4661 ep
1856 4590 2020 4666 _203.

451 4661 684 4736 cp.‘209.
707 4683 796 4736 ep.
827 4661 954 4728 210,
979 4682 1067 4736 ep.
1103 4661 1382 4736 Ἡδὲ-Ε)
1409 4661 1783 4730 aliisejnsdem
1818 4661 1917 4736 viri
1947 4663 2028 4716 lit-

451 4733 582 4792 téris
647 4733 892 4792 videmus
957 4733 1252 4805 Cvrillum,
1295 4733 1710 4805 illermogenem
1784 4733 2027 4800 aliosque

451 4808 821 4874 rescripsisse.
856 4805 938 4861 Cf.
969 4801 1060 4864 lib.
1095 4823 1132 4873 ι,
1168 4821 1254 4875 ep.
1293 4803 1418 4868 5'70,
1479 4801 1572 4856 lib.
1637 4817 1694 4867 ιι,
1752 4816 1840 4873 ep.
1903 4805 2024 4869 159,

453 4892 540 4938 ep.
573 4879 696 4938 262.
739 4889 844 4932 etc.
877 4907 942 4916 -

488 4892 844 5015 pteftifibmt‘.’
877 4907 964 5016 ep.
999 4946 1123 5000 570.
1155 4973 1225 5016 -—_-
1255 4941 1363 4994 εἴτε
1401 4942 1532 5016 γᾴρ,
1555 4943 1737 5016 παῖ-ἦρ
1784 4943 2027 5016 εἰμιζῴς

450 5011 588 5086 seu:
616 5049 684 5058 —
729 5018 863 5076 Cod.
897 5011 1023 5070 θεν.
1057 5016 1134 5076 ὡς
1165 5012 1270 5086 φὴς
1309 5011 1781 5086 gestagesta
1813 5011 1863 5066 τ.
1906 5014 2023 5086 'tn.

449 5081 521 5127 -ἔ
545 5081 728 5152 Ἰόθτη
755 5087 918 5142 tradit
959 5081 1270 5146 Facundus,
1309 5081 1400 5152 qui
1435 5083 1490 5134 in
1515 5081 1826 5148 Defensionc
1870 5085 2026 5136 trium

451 5150 835 5223 Capilutorum,
867 5156 1124 5217 Isidorus,
1161 5150 1441 5221 inquit,——
1465 5152 1555 5221 qui
1587 5151 1748 5205 etiatn
1780 5168 1876 5222 pro
1906 5153 2027 5208 vita:

452 5243 516 5280 ac
548 5227 826 5296 sapientiae
861 5241 974 5278 sua:
1004 5224 1232 5286 meritis,
1285 5232 1344 5277 ut
1374 5230 1528 5296 pater
1557 5223 1626 5296 ab
1672 5223 2028 5296 ipsotjyrillo

453 5306 508 5350 ct
538 5291 837 5352 honoratus
867 5303 950 5347 est
1002 5303 1057 5347 et
1079 5307 1320 5346 vocatus.
1355 5291 1422 5332 ἑ-
1457 5291 1540 5347 Cf.
1558 5293 1694 5345 Max.
1721 5291 1887 5346 Bibl.‘
1909 5292 2023 5346 νγ.

453 5366 720 5421 PP.tom.
746 5364 811 5427 Χ,
840 5380 894 5432 p.
929 5365 1016 5418 18.

529 5437 594 5504 (Γ)
613 5437 733 5490 Lib.
765 5451 802 5504 ι,
834 5447 923 5502 cp.
945 5434 1071 5498 216,
1097 5463 1150 5504 τ
1191 5433 1316 5486 εἰδὲ
1343 5433 1439 5504 καὶ
1461 5432 1778 5504 toﬁtovlsc.
1805 5433 2026 5504 χιτῶνα)

453 5537 526 5551 --
544 5505 679 5560 Βία.
713 5503 937 5558 τούτων.
964 5504 1097 5560 Cod.
1119 5503 1248 5557 Bav.
1273 5503 1433 5556 τοῦτο
1457 5533 1526 5544 ——
1557 5503 1770 5568 μέλλοις
1799 5534 1870 5542 —
1893 5503 2024 5558 Cod.

461 5576 565 5630 Alt.
603 5574 814 5644 μέλλεις
835 5606 905 5614 -
931 5574 1004 5638 ὡς
1039 5575 1105 5628 τὰ
1124 5574 1232 5626 τῶν
1255 5604 1326 5614 —
1349 5573 1438 5628 Sic
1472 5574 1629 5628 codd.
1662 5571 1778 5626 Vat.
1811 5575 1933 5630 649.
1976 5584 2030 5627 ct

456 5647 567 5699 Alt.
599 5645 762 5712 vulgo
782 5644 944 5702 τινῶν
969 5677 1038 5688 —
1061 5645 1232 5711 ἁγίων
1269 5646 1479 5714 τηρεῖν,
1509 5644 1609 5712 ἐμὲ
1633 5713 1637 5714 ί
1663 5645 1758 5712 μὲν
1794 5646 1873 5705 εἰς
1894 5643 2028 5696 ἀπό-

457 5731 658 5785 γνωσιν
674 5716 908 5785 ωοήσεις
929 5747 988 5758 --
1008 5716 1140 5770 Cod.
1162 5715 1265 5769 Alt.
1285 5713 1500 5785 ὢθησας
1524 5744 1591 5785 -έ
1616 5713 1835 5780 ἔλεγχον
1860 5715 2030 5785 ἐμαυ-

457 5783 536 5856 τῷ
573 5815 636 5826 *-
667 5785 756 5840 Sic
777 5783 945 5842 codd.
979 5787 1095 5842 Vat.
1130 5786 1250 5853 5&9,
1284 5794 1335 5840 et
1366 5784 1473 5841 Alt.
1507 5783 1649 5853 vulg.
1688 5783 1926 5851 ἐμαυτοῦ
1963 5815 2026 5823 ..-

2147 565 2199 618 vi
2229 569 2541 632 oppugnato
2571 557 2932 628 praefecisset,
2964 572 3148 612 nonne
3181 565 3236 611 tu
3283 556 3523 611 hostium
3550 555 3726 626 impe-

2145 664 2262 710 tum
2306 653 2454 709 omni
2512 652 2675 706 modo
2727 649 3028 719 reprimere
3087 650 3370 704 tentares?
3407 649 3498 702 Sic
3551 664 3650 718 ego
3693 664 3725 702 a

2145 761 2360 801 summo
2411 743 2518 797 Deo
2550 741 2804 796 Ecclesia:
2860 749 3162 810 praeceptor
3211 741 3543 794 constitutus
3595 740 3726 793 Ario

2145 835 2370 905 ejusque
2387 833 2651 886 doctrinm
2672 831 3036 884 resistendum
3061 839 3116 884 et
3143 830 3444 899 periculum
3472 831 3725 898 quodque

2145 923 2608 979 contemnendum
2642 936 2764 975 esse
2795 921 3054 973 arbitror.
3091 949 3162 958 —
3207 920 3372 972 Porro
3416 919 3616 972 lleroni
3650 920 3722 987 (k)

2145 1014 2472 1070 scholastico
2502 1013 2714 1075 scribit,
2761 1012 3024 1066 famulum
3074 1012 3195 1080 ejus
3235 1027 3462 1080 nupera
3488 1011 3724 1078 janitore

2143 1106 2211 1160 ad
2244 1121 2301 1159 sc
2326 1105 2573 1169 ductum,
2605 1111 2661 1157 et
2692 1103 2951 1165 humano,
2977 1117 3085 1170 quo
3117 1104 3336 1166 soleret,
3370 1117 3521 1154 more
3566 1116 3726 1155 exce-

2144 1209 2294 1269 ptum
2321 1197 2504 1251 multis
2533 1212 2655 1249 cum
2688 1196 2941 1265 lacrymis
2976 1195 3312 1264 genibusque
3345 1193 3517 1254 ﬂexis,
3563 1208 3724 1247 suum

2143 1307 2242 1344 con
2252 1290 2454 1342 fessum
2473 1303 2592 1341 esse
2611 1296 2922 1356 peccatum;
2947 1286 3302 1354 quamobrem
3325 1301 3384 1338 se
3405 1300 3512 1338 non
3540 1299 3718 1352 posse,

2143 1382 2274 1452 quin
2301 1381 2447 1434 hisce
2463 1379 2659 1432 litteris
2677 1394 2772 1448 pro
2792 1394 2856 1431 eo
2883 1393 3070 1446 preces
3095 1377 3278 1431 faciat.
3295 1408 3361 1416 —
3383 1377 3722 1442 Quibuscum

2142 1476 2485 1531 conferendae
2539 1482 2666 1527 sunt
2713 1473 2904 1525 littera:
2953 1473 3018 1524 ad
3067 1471 3265 1524 Lucam
3318 1468 3724 1530 Archimandri-

2145 1578 2253 1622 tam
2285 1566 2370 1635 (Ι),
2417 1566 2500 1620 cui
2531 1564 2856 1618 monachum
2889 1579 2952 1616 ex
2985 1563 3104 1631 ejus
3134 1561 3462 1615 monasterio
3488 1562 3540 1614 in
3561 1576 3720 1614 suum

2140 1659 2357 1712 venisse
2383 1657 2622 1716 nuntiat,
2653 1654 2914 1724 illumque
2953 1654 3252 1722 supplicem
3279 1668 3308 1706 a
3346 1668 3404 1706 se
3441 1653 3720 1722 petivisse,

2143 1761 2204 1805 ut
2237 1750 2400 1803 verba
2451 1764 2548 1818 pro
2597 1763 2674 1810 se,
2727 1746 2816 1816 qui
2870 1746 2989 1799 leve
3033 1745 3305 1814 quoddam
3359 1743 3725 1798 commisisset

2139 1854 2444 1913 peceatum,
2476 1842 2698 1896 faceret.
2741 1841 3106 1910 Quapropter,
3139 1839 3211 1892 ita
3257 1839 3402 1892 enim
3441 1839 3640 1907 pergit.
3677 1837 3721 1892 si

2139 1934 2192 1988 in
2215 1932 2471 2003 peccandi
2505 1932 2958 1986 consuetudinem
2992 1931 3235 1984 nondum
3268 1929 3437 1993 venit,
3469 1929 3721 1998 ignoscas

2138 2025 2208 2078 ei.
2233 2055 2305 2065 —-
2344 2024 2586 2094 Apparet
2615 2033 2795 2077 autem
2831 2039 2896 2078 ex
2932 2033 3160 2093 utraque
3191 2022 3442 2092 epistola,
3469 2022 3559 2091 qui
3591 2037 3720 2091 pre-

2139 2112 2297 2170 cibus
2325 2117 2512 2169 lsidori
2547 2117 2935 2169 monasterium
2965 2115 3199 2176 adirent,
3225 2130 3318 2166 eos
3345 2114 3408 2166 ad
3435 2114 3580 2167 hunc
3599 2129 3720 2168 esse

2139 2209 2420 2262 adductos.
2464 2207 2595 2260 Nam
2621 2208 2664 2260 si
2697 2207 2819 2274 quis
2853 2206 3124 2274 conjicere
3178 2205 3306 2258 velit
3359 2204 3634 2257 lleroncm
3666 2211 3722 2258 et

2139 2299 2338 2352 Lucam
2373 2298 2629 2351 habuisse
2654 2314 2776 2350 cum
2810 2297 3018 2350 lsidoro
3046 2295 3339 2348 amicitiam
3361 2334 3375 2357 ,
3399 2295 3564 2362 quod,
3591 2309 3720 2346 cum

2137 2391 2426 2444 scivissent
2457 2389 2666 2458 fugitivi
2715 2389 2810 2449 illi,
2859 2405 2888 2441 a
2928 2387 3184 2456 janitore.
3221 2395 3280 2440 ut
3328 2386 3394 2440 ad
3449 2385 3720 2440 Isidorum

2137 2482 2542 2536 adducerentur
2573 2481 2924 2549 petivissent;
2967 2480 3056 2532 hic
3100 2479 3221 2544 jure
3263 2479 3316 2532 in
3353 2477 3725 2546 suspicionem

2137 2573 2368 2627 nimium
2400 2572 2704 2625 dubitantis
2736 2572 3062 2631 incurreret,
3100 2570 3401 2642 pra-scrtim
3437 2585 3559 2622 cum
3591 2567 3724 2623 huic

2140 2662 2424 2732 liypotliesi
2465 2662 2686 2714 obstent
2717 2661 2879 2713 verba
2913 2660 2964 2712 in
3013 2659 3238 2728 cpistola
3272 2659 3337 2711 ad
3385 2658 3658 2711 llcronem
3703 2675 3716 2710 :

2149 2755 2235 2816 Ὠς
2263 2754 2318 2806 δὲ
2335 2753 2525 2823 ἑτοίμη
2551 2755 2581 2823 ἡ
2603 2752 2842 2824 ἡμετέρα
2868 2751 3127 2821 συνήθεια
3151 2751 3358 2813 πάντας
3377 2749 3518 2803 οἴκοι
3551 2767 3720 2821 προσ-

2141 2844 2333 2910 ίεσθαι,
2366 2862 2420 2898 κ.
2451 2861 2501 2896 τ.
2528 2844 2578 2897 λ.

2207 2936 2337 3002 Quae
2377 2936 2560 2990 omnia
2616 2936 2660 2990 si
2707 2936 2802 2990 tibi
2868 2951 2978 2988 non
3021 2941 3412 3003 persuaserunt
3450 2931 3718 2987 lsidorum

2137 3029 2319 3097 aliquo
2355 3029 2602 3082 functum
2636 3029 2803 3081 fuisse
2849 3043 3100 3089 munere,
3139 3027 3283 3095 legas
3313 3042 3449 3094 quas
3497 3026 3721 3092 scripsit

2139 3120 2227 3174 ille
2259 3120 2323 3173 ad
2371 3121 2736 3189 Lampetium,
2771 3119 2838 3172 ad
2875 3117 3076 3171 Pelusii
3110 3118 3408 3171 monachos
3449 3128 3504 3171 et
3525 3119 3591 3171 ad
3623 3117 3719 3168 Di-

2129 3211 2349 3281 dymum
2387 3213 2763 3282 presbyterum
2796 3209 3075 3278 epistolas.
3104 3207 3314 3273 Quibus
3349 3210 3608 3277 perlectis
3651 3209 3720 3262 de

2131 3300 2233 3354 hac
2289 3316 2348 3353 re
2394 3300 2600 3354 diutius
2638 3300 2689 3351 in
2723 3299 2889 3352 dubio
2923 3314 3032 3352 non
3071 3299 3403 3353 versaberis.
3435 3300 3721 3367 Lampetio

2131 3391 2280 3445 enim
2319 3391 2620 3452 neminem,
2649 3390 2740 3458 qui
2769 3391 2818 3442 in
2853 3405 2954 3444 suo
2999 3390 3069 3443 sit
3113 3391 3466 3453 monasterio,
3491 3407 3618 3444 cum
3651 3405 3722 3444 eo

2139 3483 2183 3537 si
2217 3483 2387 3536 Manis
2420 3490 2475 3534 et
2509 3481 2800 3535 Marcionis
2830 3498 3038 3535 morem
3083 3492 3342 3550 sequatur
3367 3484 3552 3536 cibum
3597 3495 3722 3537 esse

2139 3584 2504 3642 sumpturum,
2549 3573 2838 3626 annuntiat
2887 3572 3094 3642 (m).-—
3130 3573 3422 3628 Monachus
3453 3591 3602 3640 vero,
3653 3573 3723 3628 de

2135 3666 2333 3734 quibus
2381 3664 2537 3718 multi
2603 3666 2775 3719 multa
2818 3665 2999 3734 questi
3054 3665 3279 3720 fuerunt
3341 3666 3717 3736 reprehendit,

2131 3825 2230 3894 τὴν
2290 3823 2598 3897 συνείδησιν
2630 3823 2871 3897 Δἔχοντικῇ
2924 3824 3084 3877 πάλιν
3135 3825 3194 3878 δὲ
3242 3825 3502 3897 πέμψας,
3555 3828 3721 3881 πάλιν

2133 3897 2405 3964 αἰτήσεις·
2432 3895 2594 3964 ἡμεῖς
2625 3893 2761 3945 δὲίοὺ
2785 3894 3047 3963 δώσομεν.
3083 3928 3152 3938 -

2204 3963 2467 4017 Praeterea
2519 3965 2818 4017 notandum
2871 3975 2954 4018 est
2996 3965 3258 4020 lsidorum
3314 3967 3646 4022 Pelusiotam
3689 3982 3719 4020 a

2130 4032 2316 4087 Grasca
2341 4042 2396 4087 et
2423 4033 2609 4086 Latina
2643 4033 2878 4087 Ecclesia
2916 4036 3057 4089 inter
3084 4046 3302 4090 sanctos
3331 4039 3580 4101 relatum,
3612 4052 3718 4090 ne-

2129 4118 2235 4171 que
2268 4104 2336 4157 ab
2367 4103 2613 4176 Usuardo
2669 4104 2720 4156 in
2773 4115 3076 4160 sanctorum
3135 4107 3389 4176 Catalogo
3444 4111 3715 4160 omissum

2130 4188 2270 4245 esse.
2311 4203 2378 4213 --
2406 4172 2619 4242 Scripta
2650 4189 2800 4234 vero,
2831 4192 2951 4244 quae
2988 4179 3090 4230 huc
3123 4172 3416 4245 pertinent,
3460 4186 3717 4231 accurate

2130 4243 2355 4297 collecta
2422 4253 2549 4298 sunt
2605 4245 2660 4298 in
2717 4243 2860 4314 Actis
2905 4243 3222 4301 Sanctorum
3293 4263 3470 4302 mens.
3525 4247 3716 4312 Febr.,

2128 4328 2182 4382 p.
2220 4315 2342 4368 468.

2100 4435 2108 4442 _
2203 4383 2275 4452 (g)
2305 4383 2476 4436 Photii
2514 4384 2651 4438 Bibl.
2685 4387 2806 4439 cod.
2841 4386 3168 4440 CCXXV'lll.

2211 4454 2534 4528 (li)Basnag.
2568 4457 2704 4509 Ann.
2741 4456 2888 4524 polit.
2924 4456 3070 4520 eccl.,
3118 4467 3250 4510 tom.
3280 4456 3369 4524 ill,
3401 4473 3455 4528 ι).
3489 4458 3618 4514 519.
3653 4484 3723 4497 --

2137 4523 2444 4578 lleutnann.
2483 4527 2534 4579 d.
2569 4541 2640 4582 c..
2671 4523 2804 4593 p.75.
2841 4537 2949 4579 not.
2986 4543 3034 4580 c.
3068 4559 3134 4568 —

2205 4596 2266 4660 (ἱ)
2302 4595 2356 4666 In
2403 4596 2921 4666 catalogolibrorum
2943 4597 3331 4666 impressorum
3363 4597 3719 4653 Bibliotheca:

2132 4665 2294 4736 regiae
2322 4665 2661 4728 l‘arisicnsis,
2707 4682 2758 4736 p.
2799 4684 2834 4722 ι.
2874 4668 2934 4719 t3.
2972 4665 3027 4719 n.
3057 4669 3182 4729 929,
3224 4683 3345 4735 pag.
3373 4669 3498 4729 595,
3539 4671 3720 4720 exstat

2133 4735 2254 4788 libri
2291 4735 2500 4799 titulus,
2542 4753 2604 4790 ex
2657 4735 2784 4805 quo,
2832 4746 3106 4790 auctorem
3166 4745 3406 4805 putasse.
3449 4739 3717 4792 lsidorum

2107 4815 2380 4859 'nostrum
2415 4806 2610 4860 Pelusii
2646 4807 2814 4860 fuisse
2833 4807 3168 4875 episcopum.
3201 4808 3579 4876 consequitur.
3621 4805 3720 4858 Est

2133 4884 2314 4928 autem
2365 4877 2452 4928 hic
2489 4894 2500 4929 :
2540 4877 2612 4930 Le
2647 4876 2849 4930 rombat
2883 4877 2970 4928 des
3002 4877 3288 4938 chrétiens.
3323 4894 3388 4930 ou
3431 4878 3485 4930 la
3529 4888 3720 4946 θηεῖτο

2133 4946 2204 4998 du
2229 4947 2337 4999 vice
2367 4954 2415 4998 ct
2444 4947 2507 4998 de
2538 4946 2590 4999 la
2621 4955 2787 5007 vertu,
2818 4946 3017 4999 traduit
3042 4947 3112 4998 du
3145 4947 3297 5002 Latin
3324 4949 3390 5001 de
3416 4946 3473 5001 S.
3509 4945 3719 5000 Isidore

2133 5016 2490 5084 Archevéque
2511 5017 2578 5069 de
2609 5015 2827 5071 Séville.
2869 5023 2924 5067 et
2954 5015 3003 5068 la
3033 5015 3128 5068 Vie
3158 5017 3228 5069 du
3263 5019 3437 5071 mémc
3464 5017 3623 5084 Saint
3647 5039 3720 5050 ——

2135 5101 2267 5139 avec
2298 5087 2375 5137 les
2405 5082 2590 5138 lettres
2634 5087 2702 5138 de
2731 5084 2786 5138 S.
2815 5085 3026 5156 lsidore
3081 5085 3293 5156 évéque
3332 5089 3398 5141 de
3447 5082 3713 5144 llatniéte,

2138 5156 2400 5228 traduites
2428 5172 2493 5209 en
2516 5155 2780 5228 francais.
2804 5153 2980 5228 Paris,
3017 5156 3172 5220 1676,
3207 5153 3262 5210 in
3289 5158 3376 5211 1‘2.
3411 5156 3594 5228 Ipsum
3619 5166 3719 5206 au—

2137 5236 2244 5281 tem
2285 5225 2482 5278 librum
2513 5226 2835 5294 inspiciendi
2861 5226 3047 5281 deerat
3073 5229 3308 5284 occasio.
3349 5256 3418 5270 -—-

2207 5295 2270 5365 (ί)
2315 5295 2430 5348 Lib.
2467 5313 2503 5358 ι,
2535 5311 2620 5364 ep.
2648 5297 2768 5349 539.

2210 5367 2280 5431 tk)
2314 5365 2429 5420 Lib.
2461 5383 2498 5430 ι,
2531 5383 2616 5435 ep.
2653 5367 2773 5421 “‘2.

2209 5435 2269 5503 (ι)
2305 5435 2421 5506 Lib.
2451 5451 2486 5501 ι,
2521 5452 2608 5506 ep.
2634 5438 2757 5492 518.

2208 5502 2302 5572 (ιη)
2336 5505 2452 5577 Lib.
2511 5502 2570 5570 ιζ
2593 5523 2678 5576 ep.
2722 5507 2812 5562 52.
2843 5506 3048 5572 Graeca,
3109 5523 3230 5577 quae.
3283 5509 3390 5562 huc
3435 5502 3717 5577 pertinte

2136 5567 2336 5652 verba1
2357 5567 2641 5652 htec_sttnt
2671 5596 2693 5652 ξ
2713 5606 2786 5652 _—
2825 5579 2874 5630 εἰ
2904 5578 2963 5652 es.
2988 5567 3089 5652 τῆς
3129 5567 3539 5652 ᾖδβλυκςτῆξψ
3572 5567 3712 5652 C09-

2140 5647 2247 5700 Alt.
2280 5645 2538 5720 βδελνρᾶς
2579 5679 2647 5720 -έτ
2676 5647 2977 5720 Μανιχαίᾳι)
3007 5645 3103 5701 καὶ
3132 5645 3476 5720 ’Μαρκίωνος
3505 5645 3714 5720 τυγχά-

2137 5715 2532 5788 νειςςμερίδος,
2567 5719 2742 5780 οὐδείς
2776 5715 2856 5770 eoi
2894 5718 2994 5786 τῆς
3041 5715 3316 5788 ήμετέρὰς
3377 5715 3709 5788 συστήσεται

2143 5781 2380 5854 sti-"3,63:
2409 5817 2476 5830 συ·-
2506 5787 2758 5844 Profecto
2783 5781 2962 5843 autem
2986 5781 3093 5856 pro
3117 5781 3441 5854 συσὶ-ἠσεται
3469 5781 3554 5838 vel
3583 5789 3708 5829 συσ·
