4118 6416
493 383 566 450 ει
1745 395 1917 457 νΙΤΑ
1955 395 2056 456 IS}
2065 397 2077 456 1

2183 396 2247 456 31
2285 397 2547 457 PELUS.

3709 393 3800 456 22³

498 495 680 564 iisque
727 493 974 552 declarat
1007 511 1066 554 se
1097 508 1194 554 eos
1229 497 1439 554 hortari
1461 486 1600 555 velle
1621 501 1864 571 quotidie
1898 502 1996 574 (a).
2026 533 2094 546 --
2125 508 2165 562 Λ
2197 515 2308 556 non
2353 501 2658 556 dubitarem
2680 541 2694 565 ,
2737 497 2842 554 nisi
2874 499 3060 570 Lupus
3087 509 3324 556 veterem
3373 491 3537 556 isium
3557 541 3572 565 ,
3614 517 3776 572 quem

471 585 752 656 ‘Denique
784 587 1016 660 Didymo
1035 589 1089 644 in
1117 591 1346 660 epistola
1373 591 1442 646 ad
1473 591 1622 647 hunc
1668 593 1793 648 data
1823 594 2094 664 promittit

500 693 584 740 se,
614 679 660 734 si
694 695 817 749 quae
858 681 1114 737 homines
1137 683 1361 753 quidam
1389 685 1456 740 ad
1486 699 1544 740 se
1577 685 1644 740 de
1673 701 1740 741 eo
1771 686 2094 741 detulissent

499 770 641 826 falsa
677 773 1088 839 invenirentur,
1114 775 1215 829 hos
1242 776 1310 830 ad
1342 777 1726 832 necessitatem
1749 777 1850 848 ipsi
1877 779 2090 834 satisfa-

501 860 688 916 ciendi
720 863 1070 928 adacturum,
1115 872 1309 919 etnon
1346 865 1666 920 obedientes
1713 880 1742 920 a
1787 874 1930 921 coetu
1968 882 2091 922 esse

498 963 820 1006 amaturum
855 953 954 1022 (bi.
983 985 1052 994 —

572 1042 987 1112 Inquirentibus
1007 1054 1190 1099 autem
1219 1045 1385 1100 nobis
1401 1047 1564 1116 paulo
1585 1049 1892 1101 accuratius
1921 1047 2092 1115 quod-

497 1148 632 1186 nam
665 1149 867 1188 munus
899 1135 1254 1203 sustinuerit,
1291 1139 1653 1194 examinanda
1683 1149 1811 1193 sunt
1842 1146 2086 1192 veterum

497 1225 832 1294 scriptorum
858 1225 928 1280 de
957 1226 1060 1281 hac
1102 1242 1162 1281 re
1202 1229 1544 1293 testimonia,
1577 1229 1806 1298 quibus,
1846 1238 1905 1283 ut
1933 1229 2088 1298 equi-

495 1317 624 1370 dem
659 1317 914 1381 arbitror,
967 1317 1228 1373 Isidorum
1271 1321 1592 1374 monasterii
1623 1321 1706 1376 sui
1748 1321 1918 1375 fuisse
1947 1335 2088 1390 pra:-

492 1408 706 1461 feetum
747 1408 907 1476 plane
936 1409 1151 1478 probari
1179 1419 1378 1479 potest.
1407 1409 1544 1464 Nam
1575 1411 1674 1466 etsi
1703 1411 2084 1466 auctoritatem

489 1496 818 1568 Nicephori,
855 1514 962 1552 una
989 1515 1115 1553 cum
1153 1498 1474 1554 lleumanno
1504 1501 1597 1572 (ο),
1627 1501 1930 1571 prmsertim
1961 1515 2086 1555 cum

489 1587 641 1642 illius
681 1589 846 1643 verba
891 1589 1114 1644 dubiam
1149 1590 1384 1644 habeant
1421 1591 1926 1660 interpretationem
1966 1593 2040 1661 (τι)
2069 1632 2082 1656 ,

485 1681 644 1750 parvi
683 1681 951 1747 facimus,
983 1690 1167 1736 tamen
1211 1690 1398 1736 nostra
1433 1690 1541 1737 stat
1586 1682 1878 1736 sententia.
1914 1681 2083 1736 Nam-

483 1786 598 1840 que
637 1773 708 1840 (e)
747 1772 1073 1828 Sirmondus
1103 1773 1361 1845 anonymi
1413 1773 1584 1828 refert
1615 1775 1778 1828 verba
1828 1789 1858 1827 e
1899 1783 2083 1828 vetere

2198 589 2522 644 Sirmondus
2552 589 2774 652 laudat,
2802 589 3233 658 manuscriptum
3254 630 3268 654 ,
3298 589 3368 644 ab
3401 605 3496 654 eo,
3529 606 3638 660 quo
3662 591 3778 662 ipse

2195 697 2328 736 usus
2356 683 2460 746 sit,
2491 681 2770 736 diversum
2801 695 2920 736 esse
2951 681 3262 736 afﬁrmaret.
3300 682 3541 749 Etenim,
3569 683 3774 752 inquit.

2193 775 2356 829 latina
2405 773 2686 828 translatio
2735 788 2846 827 non
2894 783 2981 828 est
3017 783 3280 844 concepta
3325 774 3516 829 iisdem
3570 775 3774 832 verbis.

2193 866 2258 921 Et
2289 882 2529 936 prmsens
2561 874 2751 920 noster
2793 865 2964 920 codex
2995 881 3104 920 non
3153 866 3372 921 adducit
3409 881 3636 932 omnes,
3680 868 3776 922 sed

2193 957 2532 1013 solummodo
2559 957 2820 1026 quasdam
2851 957 2918 1010 ad
2943 956 3176 1011 Nestorii
3209 958 3426 1028 negotia
3465 966 3776 1027 spectantes

2191 1044 2247 1100 S.
2294 1045 2483 1100 lsidori
2536 1045 2812 1116 epistolas.
2849 1046 2916 1100 Et
2951 1047 3126 1100 nostri
3163 1047 3369 1102 codicis
3402 1047 3648 1102 scholion
3691 1054 3774 1102 est

2189 1135 2410 1207 largius.
2438 1167 2505 1177 —-
2537 1137 2667 1190 Utnt
2705 1137 2820 1191 hate
2849 1137 2976 1203 sint,
3009 1137 3060 1191 id
3090 1146 3298 1192 certum
3334 1147 3436 1202 est,
3469 1137 3732 1192 lrenmum
3753 1177 3770 1202 ,

2189 1227 2379 1282 Isidori
2429 1229 2691 1298 aequalem
2717 1271 2732 1294 ,
2763 1229 2912 1284 hunc
2956 1229 3210 1284 abbatem
3241 1229 3562 1299 appellasse:
3599 1227 3774 1298 Ilujus

2189 1320 2511 1374 auctoritate
2533 1337 2724 1375 omnes
2755 1321 2866 1376 fere
2888 1322 2981 1390 qui
3004 1323 3146 1376 hanc
3169 1335 3284 1376 rem
3313 1321 3611 1392 tetigerunt
3669 1321 3772 1375 viri

2189 1411 2351 1471 docti,
2380 1411 2526 1466 velut
2549 1411 2868 1466 Sirmondus
2897 1411 2972 1481 (lt)
2995 1451 3010 1477 ,
3041 1412 3226 1465 Sixtus
3253 1409 3513 1464 Senensis
3539 1408 3625 1480 (ἱ),
3657 1407 3773 1466 Lu-

2188 1518 2290 1572 pus
2314 1503 2400 1572 U).
2432 1503 2625 1574 Pagius
2653 1502 2750 1574 (lt).
2779 1502 3074 1570 Basnagius
3105 1501 3188 1570 (l),
3225 1499 3610 1555 Tillemontius
3650 1499 3768 1571 (ιη),

2187 1593 2487 1648 (Σοίιίἱρτίιις
2519 1595 2616 1665 (η),
2646 1592 2926 1648 Graveson
2958 1591 3029 1661 (ο)
3059 1631 3074 1656 ,
3131 1589 3392 1645 Heinsius
3422 1588 3528 1660 (p),
3570 1586 3770 1642 Arnol-

2188 1686 2288 1738 dns
2316 1685 2408 1755 (q),
2429 1685 2635 1744 Saxius
2665 1683 2758 1755 (ι’),
2789 1683 3178 1738 Weismannus
3207 1681 3274 1753 (δ)
3297 1723 3311 1748 ,
3350 1688 3406 1735 et
3442 1677 3772 1735 Rosenmiil-

2186 1775 2332 1830 lerus
2367 1776 2426 1846 (l)
2468 1774 2734 1828 Isidorum
2770 1773 3084 1828 monasterii
3126 1773 3211 1828 sui
3249 1771 3569 1841 praelectum
3599 1768 3772 1824 fuisse

485 1862 872 1930 manuscripto
899 1842 1394 1934 depromptapqure
1445 1864 1527 1920 sic
1579 1879 1638 1918 se
1671 1865 1920 1918 habent:
1971 1865 2082 1918 Has
2117 1842 2154 1894 Β
2187 1842 2534 1918 arbitrantur.
2589 1863 2788 1918 Contra
2835 1878 2974 1933 quos
3021 1877 3212 1917 omnes
3261 1862 3435 1932 surgit
3489 1860 3770 1915 Heuman-

485 1968 674 2005 omees
725 1953 863 2006 beati
897 1951 1092 2007 Isidori
1132 1955 1418 2023 presbyteri
1455 1963 1509 2014 et,
1553 1953 1758 2006 abbatis
1805 1953 2085 2008 Pelusiotae

485 2043 730 2095 recensui
760 2052 806 2096 et
839 2043 1088 2098 transtuli
1122 2061 1186 2098 ex
1209 2045 1439 2114 epistolis
1465 2045 1578 2114 ejus
1607 2045 1805 2099 duobus
1829 2045 2080 2108 millibus,

481 2149 606 2205 qua:
650 2144 776 2187 sunt
819 2150 913 2201 per
937 2137 1250 2204 quingentas
1287 2137 1582 2190 distributae
1625 2137 1677 2188 in
1717 2137 2084 2202 Acmmetensis

479 2227 801 2279 monasterii
831 2227 1094 2282 codicibus
1122 2229 1487 2281 vetustissimis
1513 2237 1758 2296 quatuor.
1790 2227 1920 2293 Quae
1952 2243 2084 2296 pan-

479 2317 566 2370 cis
619 2316 850 2371 mutatis
893 2325 949 2372 et
998 2318 1198 2384 additis
1238 2319 1571 2373 verbotenus
1626 2319 1976 2388 reperiuntur
2029 2319 2084 2372 in

477 2408 765 2462 variorum
804 2407 1025 2466 Patrum
1061 2409 1306 2478 epistolis
1346 2425 1375 2464 a
1425 2409 1926 2478 Christiano‘Lupo
1969 2409 2082 2479 pri-

478 2513 634 2552 mum
667 2499 834 2552 editis
863 2499 949 2568 (ῃ,
987 2498 1040 2552 in
1085 2501 1285 2568 quibus
1318 2501 1433 2554 lucc
1475 2507 1697 2554 exstant
1737 2500 1924 2554 lremei
1977 2499 2084 2568 Τι’-

479 2589 708 2642 rionum
741 2589 1104 2659 metropolitaa
1127 2591 1288 2644 verba
1312 2609 1326 2645 :
1357 2589 1472 2643 llas
1490 2605 1680 2646 omnes
1707 2589 1846 2642 beati
1867 2587 2078 2652 Isidori,

478 2680 776 2748 presbyteri
823 2689 873 2734 et
905 2679 1112 2733 abbatis
1157 2679 1437 2734 Pelusiotae
1467 2680 1702 2748 excerpsi
1746 2689 1795 2733 et
1829 2679 2081 2732 transtuli

477 2787 550 2825 ea:
587 2769 824 2842 epistolis
853 2771 968 2840 ejus
991 2771 1194 2826 duobus
1233 2771 1485 2836 millibus,
1514 2786 1630 2840 qua:
1649 2779 1769 2824 sunt
1804 2787 1898 2839 per
1923 2771 2080 2840 quin-

475 2873 738 2935 gentenas
767 2865 1066 2918 distributa:
1095 2865 1153 2918 in
1179 2863 1546 2918 Acoemetensis
1589 2864 1896 2917 monasterii
1935 2863 2078 2916 codi-

478 2957 632 3010 cibus
683 2967 932 3026 quatuor.
976 2956 1071 3012 Ubi
1122 2959 1282 3010 etiam
1321 2973 1414 3027 per
1458 2957 1696 3010 ordinem
1746 2955 2080 3025 singularum

479 3063 739 3101 numerus
759 3049 1077 3102 continetur.
1113 3048 1176 3102 Et
1211 3048 1400 3102 ultima
1428 3057 1544 3114 est,
1576 3065 1735 3118 quam
1755 3063 1849 3118 ego
1879 3063 2082 3124 quoque

2185 1972 2289 2009 nus
2317 1956 2414 2024 (ιι),
2444 1955 2534 2024 qui
2571 1971 2693 2009 cum
2715 1953 2950 2008 Isidorus
2979 1953 3094 2023 ipse
3125 1953 3179 2006 in
3207 1953 3432 2022 epistola
3459 1950 3582 2005 libri
3609 1949 3770 2020 primi

2183 2049 2478 2102 centesima
2508 2048 2951 2118 quinquagesima
2986 2045 3300 2100 monasterii
3334 2045 3418 2098 sui
3443 2041 3768 2114 praefectum

2185 2153 2214 2192 a
2244 2154 2302 2194 se
2331 2141 2608 2194 diversum
2647 2144 3075 2200 commemoret,
3113 2137 3260 2190 hunc
3301 2135 3558 2188 abbatem
3599 2131 3770 2188 fuisse

2184 2241 2362 2301 negat.
2415 2231 2484 2284 At
2536 2230 2590 2285 id
2635 2230 2854 2300 quidem
2908 2229 3047 2282 nihil
3099 2223 3496 2301 prohat._Nam
3553 2223 3664 2297 nisi.
3699 2222 3769 2277 ad

2184 2299 2521 2374 Schroeckhii
2555 2322 2624 2390 (υ)
2657 2299 3078 2389 conjecturam,
3129 2317 3223 2388 qui
3255 2299 3522 2374 Isidorum
3569 2328 3766 2368 mona—

2184 2411 2412 2468 chorum
2461 2413 2598 2466 adeo
2627 2411 3078 2467 consuetudinem
3111 2407 3613 2478 fugisseinterdum
3635 2445 3650 2470 ,
3685 2419 3768 2458 se-

2183 2515 2289 2568 que
2321 2501 2374 2553 in
2411 2500 2760 2555 solitudinem
2799 2499 3098 2554 contulisse
3131 2499 3406 2567 Opinatur,
3453 2495 3592 2551 velis
3627 2509 3764 2548 cuu-

2181 2591 2390 2662 l‘ugere.
2424 2607 2549 2646 eum
2579 2593 2722 2647 hanc
2759 2591 3042 2662 epistolam
3073 2596 3168 2644 aut
3196 2589 3438 2648 nondum
3484 2588 3539 2642 in
3574 2602 3766 2644 mona-

2181 2685 2412 2738 chorum
2457 2684 2774 2739 societatem
2822 2691 3134 2751 receptum,
3183 2691 3278 2736 aut
3324 2681 3429 2736 iter
3471 2681 3762 2736 facientem

2180 2775 2463 2845 scripsisse
2481 2775 2782 2838 monachis,
2800 2773 2928 2828 licet
2942 2774 3272 2828 existimare.
3297 2771 3486 2842 Neque
3505 2771 3760 2836 alterum,

2178 2865 2324 2934 quod
2351 2865 2594 2934 protulit,
2641 2863 2999 2918 Heumaunus
3033 2861 3110 2935 (ας)
3163 2861 3454 2918 sententiae
3483 2875 3597 2916 suae
3627 2875 3765 2916 con—

2180 2957 2461 3012 ﬁrmanda:
2495 2971 2658 3012 causa
2689 2963 3073 3026 argumentum
3099 2995 3114 3021 ,
3148 2954 3327 3026 magni
3362 2953 3625 3008 momenti
3655 2961 3764 3010 est.

2181 3045 2488 3102 Oﬂenditur
2515 3049 2661 3102 enim
2696 3047 2784 3102 ille
2811 3063 2904 3112 eo,
2938 3047 3082 3117 quod
3125 3046 3439 3116 Stephanus
3475 3044 3759 3120 Gobarus,

479 3141 740 3194 ultimam
773 3142 946 3210 posui.
995 3140 1104 3194 Deo
1151 3143 1372 3212 gratias.
1415 3140 1548 3206 Quae
1583 3139 1773 3194 lrentei
1820 3140 1982 3193 verba
2015 3155 2077 3192 ex
2105 3175 2152 3236 ο
2183 3139 2538 3208 Ephraamus,
2588 3139 2878 3194 Facundus
2903 3148 2959 3192 et
2983 3137 3248 3209 Evagrius
3285 3151 3475 3191 omnes
3497 3135 3762 3193 Isidorum

480 3232 740 3300 ejusdem
783 3231 1050 3301 tragoedia
1094 3231 1168 3302 (g)
1214 3232 1466 3302 repetita,
1499 3248 1605 3285 una
1642 3247 1764 3286 cum
1803 3231 1912 3285 illis
1956 3228 2074 3299 epi-

479 3323 645 3377 stolis
681 3325 736 3376 in
767 3323 1016 3377 Latinam
1063 3323 1302 3392 linguam
1340 3323 1616 3377 transtulit
1646 3331 1838 3376 auctor
1868 3336 2076 3390 anony-

477 3431 632 3470 mus.
683 3414 865 3480 Quare
921 3414 1272 3469 Sirmondum
1330 3415 1590 3469 memoria
1624 3415 1835 3484 lapsum
1883 3411 2073 3466 [renati

478 3506 656 3561 verba
687 3506 944 3561 tribuisse
970 3522 1242 3576 anonymo
1271 3522 1461 3561 eorum
1505 3505 1792 3576 interpreti
1837 3511 2076 3559 statuere

478 3641 756 3712 ᾳιτεσεται
818 3641 970 3710 (fors.
1023 3641 1434 3712 συσσιτήσεται)
1488 3639 2069 3712 ουοιοι-ἰιδιθίοοᾴξοίε

480 3711 645 3774 Busa,
680 3713 766 3764 vel
797 3709 1052 3775 σΰσσιτος
1089 3709 1260 3776 ἔσται’,
1295 3709 1440 3781 quod
1470 3713 1734 3768 exhibent
1760 3711 1917 3767 codd.
1945 3709 2064 3766 Vat.

477 3782 613 3844 649,
640 3789 698 3834 ct
727 3783 830 3836 Alt.
863 3783 1212 3836 scribendum
1240 3791 1342 3836 est.

558 3851 790 3922 (abLib.
827 3867 864 3917 ι,
886 3869 974 3921 ep.
1006 3853 1125 3922 154.
1146 3851 1358 3922 Πολλὰς
1375 3853 1730 3922 ἐκθηχοὺμενοι
1761 3853 1889 3922 περὶ
1915 3849 2068 3922 ὑμῶν

479 3921 878 3990 καταϐοήσεις,
900 3921 1104 3981 πολλὰς
1133 3921 1260 3990 ὑμῖν
1287 3921 1670 3992 ἀποιντλοῦμεν
1705 3921 1826 3974 καθ’
1842 3921 1883 3990 ἡ
1895 3921 2068 3992 μγέροιν

479 3993 586 4052 τὰς
607 3992 1004 4060 παρακλήσεις.
1034 3992 1303 4044 (laterum
1328 3992 1445 4046 haec
1467 3992 1716 4060 cpistola,
1737 3999 1796 4044 ul.
1820 3991 2072 4060 equidem

480 4061 747 4124 arbitror,
776 4059 860 4116 ab
890 4061 1096 4114 Isidoro
1125 4060 1177 4113 in
1205 4061 1398 4114 itinere
1449 4059 1650 4130 scripta
1701 4069 1802 4116 est.
1861 4059 2072 4130 Etenim

481 4147 614 4187 eum
649 4131 847 4184 itinera
873 4131 1145 4185 interdum
1188 4133 1496 4200 suscepisse
1523 4129 1735 4186 cunstat
1785 4146 1850 4185 ex
1887 4129 2010 4184 libri
2029 4143 2074 4200 _v

479 4201 719 4268 epistola
743 4201 1304 4254 256.-—-Ileumannus
1332 4197 1520 4256 contra
1547 4201 1600 4255 d.
1634 4218 1708 4266 c.,
1733 4217 1788 4270 p.
1811 4201 1864 4262 5,
1891 4207 2004 4270 noti.
2024 4197 2064 4261 ἰ,

481 4273 642 4341 illam
697 4281 824 4324 ante
867 4271 1236 4341 conscriptam
1285 4287 1407 4326 esse
1450 4280 1660 4338 censet,
1693 4269 1854 4341 quam
1885 4269 2063 4324 lsido-

479 4357 582 4396 rus
629 4339 684 4394 in
731 4340 1125 4404 monasterium
1181 4355 1302 4394 sese
1345 4339 1900 4410 contulerim-uuam
1935 4352 2066 4410 vero

478 4411 839 4482 sententiam,
871 4410 974 4482 qui
1005 4417 1214 4464 attento
1253 4410 1591 4466 animoillam
1614 4407 2068 4482 peric—gerundi-

477 4481 594 4537 ciet
633 4481 757 4534 sine
792 4481 980 4535 dubio.

555 4551 632 4620 (ὁ)
673 4550 796 4604 Lib.
842 4567 902 4612 Il,
939 4565 1032 4620 ep.
1069 4549 1187 4604 182.
1223 4578 1298 4620 ——_
1333 4549 1395 4602 Εἰ
1439 4548 1494 4601 δὲ
1524 4547 1714 4620 ψευδῆ,
1760 4549 1927 4618 μῆνυε
1953 4591 1968 4612 ,
2001 4549 2068 4603 ἶν’

477 4617 575 4682 εἰς’
612 4617 911 4682 ἀπολογίας
941 4617 1188 4690 ἀνάγκην
1224 4617 1347 4690 τοὺς
1380 4617 1871 4690 meammeam;
1909 4636 2068 4690 περι-

476 4693 794 4760 στήτωμεν.
827 4690 923 4742 καὶ
950 4687 1422 4760 ἀπολογουμένους
1455 4687 1552 4758 μὲν
1577 4688 1876 4760 δεξῴμεθαο
1911 4687 2068 4741 τοῦτο

470 4759 531 4812 δὲ
554 4757 632 4829 μὴ
654 4759 966 4824 ποιοῦντας,
999 4761 1099 4829 τῆς
1129 4757 1340 4812 ἑαυτῶν
1371 4757 1654 4822 συνουσὶοις
1680 4757 2070 4830 ἐξοστρακίσον

523 4847 604 4883 εν.

475 4849 624 4966 μῖώ
661 4899 860 4953 neum.
892 4899 946 4952 d.
978 4913 1030 4951 c.
1065 4913 1118 4967 p.
1149 4898 1202 4961 ο,
1234 4913 1289 4966 ρ.
1318 4897 1371 4950 θ.

549 4970 630 5037 (d)
651 4969 880 5040 Niceph.
920 4968 1058 5040 Hist.
1096 4968 1220 5040 ccci.
1245 4968 1336 5022 lib.
1360 4969 2070 5040 xlv,eap.55.—'leiampo;

468 5069 548 5082 —-
587 5041 616 5090 ὁ
647 5038 744 5092 τοῦ
781 5037 1085 5108 Πηλουσίου
1121 5037 1287 5109 ὅρους
1333 5037 1792 5108 καθηγησάμενος
1816 5079 1829 5099 ,
1871 5037 2070 5109 quibus

467 5110 693 5169 verbis,
745 5107 862 5163 etsi
893 5109 1078 5177 negari
1130 5107 1318 5176 nequit
1363 5107 1734 5162 ccenobiorum
1781 5107 2068 5178 praefectus

469 5181 600 5233 κατ’
631 5180 827 5249 ἐξοχὴν
856 5178 1156 5248 appellatos
1202 5193 1323 5249 esse
1369 5179 1850 5249 κᾳθηγουμένους,
1889 5189 2068 5234 tamen

472 5251 594 5304 haec
629 5247 810 5303 inesse
839 5247 1022 5318 potest
1060 5248 1328 5318 sententia
1358 5265 1387 5318 τί
1403 5247 1646 5318 Isidorus
1677 5251 2068 5303 monachorum

469 5329 810 5390 ριῖεερριοτ.
842 5317 944 5372 “(ἶ(.
993 5318 1124 5371 Acta
1161 5317 1345 5372 Sunct.
1373 5317 1558 5384 Febr.,
1593 5329 1725 5375 tom.
1751 5318 1768 5370 1
1792 5361 1806 5384 ,
1844 5336 1896 5389 p.
1928 5319 2066 5384 468,

537 5391 584 5454 l,
616 5406 673 5443 ιι.
710 5391 760 5442 7.

468 5390 496 5460 §
537 5391 1004 5532 Ibimsirmondus
1049 5457 1116 5512 ad
1173 5456 1412 5532 Facundi
1471 5457 1650 5532 trium.
1708 5474 1823 5526 cap.
1854 5459 2068 5532 Defens.

467 5526 564 5586 lib.
611 5547 673 5591 ιι,
705 5546 830 5598 cap.
863 5529 920 5581 4.
953 5531 1094 5598 Upp.
1131 5526 1334 5598 volui],
1371 5543 1424 5598 ι).
1461 5526 1585 5598 ⁸158.

544 5601 607 5670 (f)
647 5595 788 5653 Var;
806 5607 947 5668 patr.
975 5595 1192 5670 opp.“
1215 5595 1322 5650 MS.
1350 5596 1690 5670 Cttssitteusis
1723 5599 2071 5656 Bibliotheca:

466 5667 818 5738 desumpta},
847 5668 1372 5739 per_(lhristianumA
1393 5668 1601 5739 Lupum
1639 5667 1933 5739 Iprenscm.
1964 5670 2071 5725 Lo-

470 5743 619 5796 vanii
655 5736 810 5794 1682.
841 5769 913 5778 ——
944 5736 1078 5806 Cap.
1131 5738 1164 5791 6
1188 5777 1202 5800 ,
1256 5753 1290 5804 p
1347 5736 1439 5790 22.

543 5813 617 5884 (gl
658 5809 894 5879 Scripsit
939 5818 1160 5873 autem,
1214 5815 1269 5862 ut
1308 5815 1458 5861 notat
1499 5806 1684 5878 Lupus
1735 5811 1788 5866 in
1831 5815 1961 5869 notis
1999 5815 2070 5868 ad

2185 3229 2412 3285 summis
2445 3229 2694 3285 laudibus
2735 3229 3075 3284 cumulantes
3120 3229 3188 3284 de
3224 3229 3329 3282 hoc
3364 3227 3485 3297 ejus
3536 3240 3764 3280 munere

2185 3337 2254 3375 ne
2286 3321 2508 3374 verbum
2538 3321 2792 3376 dixerint.
2821 3350 2891 3360 —
2921 3321 3028 3376 Sed
3061 3321 3117 3374 hi
3142 3335 3354 3384 omnes,
3386 3325 3616 3387 excepto
3643 3312 3752 3371 Fa—

2183 3412 2363 3466 cundo
2391 3411 2464 3482 (y)
2499 3427 2609 3467 non
2640 3413 2810 3483 magis
2836 3413 3162 3466 Pelusiotam
3199 3411 3265 3464 ad
3302 3409 3605 3479 presbyteri
3636 3424 3759 3479 gra-

2185 3502 2314 3557 dum
2351 3511 2598 3556 evectum
2637 3517 2778 3568 esse,
2812 3502 3182 3566 tradiderunt;
3214 3515 3392 3570 neque
3424 3509 3608 3554 tamen
3657 3499 3762 3554 hoc

2176 3641 2443 3695 variorum
2499 3641 2719 3696 Patrum
2755 3639 3002 3708 epistolas
3049 3654 3104 3710 p.
3145 3639 3231 3700 16,
3276 3637 3512 3710 Iremeus
3554 3651 3758 3710 comes,

2177 3718 2271 3764 aut
2319 3712 2500 3779 potius
2581 3707 2903 3780 episcopus,
2971 3707 3248 3780 Ephesini
3294 3709 3507 3780 concilii
3547 3707 3759 3780 juratus

2177 3778 2432 3838 hostiset
2464 3791 2571 3836 tam
2608 3778 2868 3836 doctrina:
2893 3821 2906 3844 ,
2951 3796 3114 3850 quam
3155 3779 3322 3850 ipsius
3353 3778 3584 3850 Nrestorii
3607 3793 3761 3834 acer-

2177 3851 2349 3904 rimus
2374 3853 2646 3916 defensor,
2675 3853 2741 3906 de
2795 3847 3000 3920 synodo
3053 3847 3324 3918 Ephesina
3369 3847 3640 3920 libellum,
3670 3851 3756 3905 cui

2179 3922 2464 3991 tragoedia}
2487 3937 2689 3976 nomen
2726 3918 3000 3990 imposuit.
3059 3921 3200 3984 Fuit,
3237 3929 3296 3974 ut
3329 3918 3502 3988 pergit
3551 3918 3755 3989 Lupus.

2178 4005 2315 4059 opus
2363 3991 2598 4046 divisum
2633 3992 2686 4044 in
2718 3993 2902 4060 plures
2943 3991 3128 4053 libros,
3181 4003 3411 4060 (μιονιιιη
3456 4002 3598 4060 unus
3641 3999 3760 4060 erat

2177 4057 2246 4114 de
2301 4061 2560 4122 historia,
2619 4057 2733 4130 qui'
2770 4059 3024 4130 plurima,
3059 4057 3404 4130 continebat,
3465 4057 3756 4130 epistolas,

2178 4132 2433 4212 synodos,
2469 4127 2651 4186 sacras
2679 4127 2984 4201 principum
3008 4129 3304 4200 jussiones,
3333 4127 3542 4197 aliaque
3572 4129 3760 4186 istius.-

2177 4201 2670 4340 mcllii'Sirmondus
2697 4269 2831 4392 Opp;
2869 4270 2976 4324 vol.
3012 4286 3072 4330 ιι,
3103 4285 3157 4340 p.
3188 4269 3314 4324 458.

2245 4342 2308 4392 lil
2340 4339 2474 4392 Sixt.
2512 4339 2738 4392 Senens.
2825 4340 2910 4392 ibi.
2953 4355 3123 4392 sanet.
3161 4339 3255 4392 Iih.
3289 4357 3314 4392 ι’

2245 4339 2308 4398 lil
2340 4339 2474 4394 Sixt.
2512 4339 2910 4395 Senens.’Bibl.
2953 4339 3123 4393 sanet.
3161 4339 3255 4395 Iih.
3289 4357 3361 4394 tv.

2247 4410 2311 4480 (j)
2348 4410 2531 4478 Lupus
2582 4411 2636 4464 in
2667 4418 2782 4464 not.
2817 4410 2884 4480 ad
2925 4408 3176 4480 varsPP.
3213 4423 3336 4477 cpp.
3367 4424 3421 4478 p.
3443 4409 3538 4480 20.

2247 4479 2547 4550 (10]’381115
2571 4480 2692 4535 erit.
2726 4481 2781 4532 in
2815 4479 3009 4550 Annal.
3043 4479 3408 4550 Baron.__t_om.
3440 4479 3502 4540 l..
3535 4496 3588 4549 p.
3624 4479 3748 4536 453.

2247 4546 2563 4620 (l)'_Bas'nag.
2601 4555 2734 4620 (Iun.
2763 4549 2870 4620 pol.
2896 4547 3046 4620 eccl.,
3081 4556 3210 4602 tom.
3241 4546 3348 4609 ΙΙΙ..
3378 4565 3432 4619 p.
3465 4546 3590 4605 319.

2245 4618 2337 4689 (m)
2357 4618 2566 4672 Tilletn.
2603 4618 2636 4672 I.
2666 4634 2740 4689 9.,
2770 4632 2824 4689 ρ.
2856 4618 2975 4672 101.

2247 4686 2884 4813 (ri)x(|3ﬁillieréml)listoire
2909 4686 3156 4758 generale.
3188 4689 3276 4742 des
3308 4697 3524 4743 auteurs
3553 4693 3748 4755 sacrés,

2249 4775 2304 4812 n.
2463 4798 2476 4813 .
2511 4775 2559 4813 η.
2695 4799 2708 4812 .
2971 4766 2986 4783 ⁸

2173 4769 2304 4814 tom.
2337 4757 2476 4822 XIII,
2511 4775 2559 4822 ῃ.
2587 4759 2708 4813 600.
2915 4757 2922 4758 ί
2971 4766 2986 4783 ⁸

2249 4775 2304 4812 n.
2339 4775 2452 4810 ΛΙΙΙ
2528 4799 2559 4810 ,.
2587 4775 2708 4813 υυυ.
2971 4775 2985 4783 '

2247 4829 2320 4899 (ο)
2363 4775 2603 4899 lliiitii'ia
2646 4827 3002 4899 ecclesiastica
3033 4829 3196 4882 variis
3223 4831 3498 4897 colloquiis
3549 4830 3749 4898 digesta

2173 4897 2394 4954 anetore
2429 4897 2716 4970 Frederieo
2745 4897 2952 4970 lgnatio
2983 4899 3288 4970 llyacintho
3330 4900 3492 4956 Amat
3519 4903 3586 4956 de
3611 4899 3749 4956 Gra-

2176 4982 2364 5025 veson.
2407 4977 2538 5023 tom.
2568 4969 2635 5029 ll,
2674 4984 2724 5037 p.
2759 4969 2874 5025 41..

2244 5040 2320 5109 (ρ)
2355 5037 2539 5092 Ileins.
2577 5039 2712 5092 llist.
2747 5039 2894 5101 eccl.,
2928 5055 2982 5107 p.
3015 5039 3142 5096 922,

2243 5109 2592 5249 ((ΗΡᾹέΙΙῗέἲά.
2646 5109 2781 5162 Hist.
2823 5109 2947 5162 eccl.
2993 5119 3040 5164 et
3079 5111 3285 5175 litorea.
3319 5119 3449 5168 tom.
3481 5113 3521 5178 l,
3549 5112 3641 5168 lib.
3673 5129 3744 5178 vr.

2243 5197 2293 5249 p.
2325 5193 2388 5242 ο,
2554 5216 2567 5231 .
2623 5248 2628 5249 ί

2173 5197 2293 5242 cap.
2325 5193 2388 5242 ί),
2419 5193 2446 5242 ᾖ
2482 5193 2567 5231 Ili.

2241 5199 2293 5250 p.
2325 5199 2388 5242 ο,
2419 5199 2446 5249 3
2482 5199 2567 5231 πο.

2247 5254 2313 5318 (ν)
2359 5249 2552 5306 saxius
2592 5248 2866 5302 Onomart.
2899 5263 2951 5317 p.
2988 5265 3022 5302 l.
3059 5265 3112 5318 p.
3146 5252 3270 5306 497.

2245 5321 2311 5389 (ε)
2350 5319 2687 5373 Weismaun.
2723 5320 2865 5371 Hist.
2902 5319 3050 5380 eccl.,
3087 5337 3138 5388 p.
3172 5322 3296 5376 470.

2243 5394 2315 5466 (rt
2335 5389 2589 5466 liosenm.
2619 5391 2755 5466 Hist.
2777 5391 2994 5466 interpr.
3021 5389 3138 5444 libr.
3168 5407 3332 5456 ευριπ,
3361 5413 3416 5466 p.
3457 5411 3530 5458 Iv,
3559 5393 3742 5460 p.180.

2247 5458 2322 5528 (η)
2362 5458 2665 5528 Heumann.
2699 5459 2764 5528 d.
2786 5476 2836 5511 (ι,
2867 5458 2990 5528 p.6,
3024 5471 3138 5513 not.
3175 5476 3230 5514 Il.

2245 5527 2314 5601 (ιο)
2349 5527 2682 5601 Schrugclth.
2723 5527 3038 5601 Ilist.'_eccl.,
3073 5530 3176 5583 vol.
3205 5529 3324 5594 cit.,
3355 5543 3409 5596 p.
3442 5529 3566 5586 521.

2245 5599 2322 5670 (π)
2355 5599 2739 5670 ῌυιιειιτάζρ..
2776 5614 2825 5667 p.
2862 5599 2914 5652 6.

2244 5665 2319 5741 (υ)
2355 5665 2939 5741 [facun_di_Dgf._trium
2973 5670 3156 5741 εᾳρὶιη
3187 5665 3286 5741 lib;
3326 5678 3404 5730 tt,
3441 5666 3560 5741 cap.
3595 5667 3646 5721 i.
3687 5668 3736 5720 in

2173 5734 2316 5813 max.
2347 5737 2482 5813 Bibl.
2671 5736 2809 5813 _l'_’l’.,
2854 5748 2982 5791 tom.
3015 5735 3093 5802 Χ,
3127 5751 3179 5805 p.
3227 5734 3318 5794 l8.
3365 5735 3748 5813 -—_(2l‘..porro

2177 5811 2373 5868 Suidas
2401 5810 2439 5865 I'.
2470 5825 2520 5863 ν.
2566 5807 2869 5874 Ἰσίδωρος
3339 5812 3342 5817 ·
