4118 6418
365 374 443 437 25
1623 376 1800 438 νιΤΑ
1838 379 2129 441 ISIDORI
2167 380 2430 441 PELUS.
3595 381 3664 442 26

370 499 662 546 auctorum
688 497 901 560 pugnat
923 487 1204 542 silentium
1227 487 1326 558 (a).
1352 488 1624 544 Caeterum
1652 491 1790 546 bene
1820 490 1985 560 cxpli-
2013 493 2056 552 Α
2085 507 2210 545 eum
2237 499 2364 545 ante
2398 497 2676 543 mortuum
2698 500 2820 544 esse
2848 495 3070 544 censent
3089 528 3104 555 ,
3143 503 3305 560 quam
3336 489 3579 560 episcopi
3610 491 3665 545 in

373 580 490 638 cari
517 589 707 652 potest
735 623 751 645 ,
773 581 870 650 qui
903 579 1108 636 factum
1138 580 1208 635 sit
1238 590 1297 636 ut
1324 588 1514 636 auctor
1541 581 1633 636 ille
1679 597 1980 653 auonymus

373 673 654 728 Isidorum
692 687 724 726 a
758 671 1076 741 Theophilo
1119 671 1362 742 fugatum
1409 682 1466 727 et
1508 688 1539 726 a
1587 673 1979 746 Chrysostomo

349 758 618 828 .benigne
649 767 935 828 receptum
963 758 1137 814 fuisse
1165 758 1492 814 Pelusiotam
1523 763 1834 817 crediderit.
1871 763 1980 818 ﬂa-

376 849 500 902 huit
543 849 694 902 enim
746 858 1098 916 compertum
1135 850 1299 918 hujus
1333 853 1573 906 nominis
1608 853 1787 907 virum
1815 854 1980 910 fuisse

376 939 525 993 inter
547 954 688 1004 eos,
720 940 818 1009 qui
847 939 1142 1010 Theophili
1173 941 1306 995 iram
1347 941 1617 1013 fugientes
1637 985 1652 1008 ,
1686 945 1978 1016 AEgyptum

375 1030 796 1100 relinquerent;
843 1047 1083 1102 cumque
1155 1032 1486 1088 Pelusiotam
1517 1033 1571 1088 S.
1623 1035 1852 1090 Joannis
1885 1037 1981 1091 de-

375 1121 662 1176 fensorem
688 1122 860 1178 fuisse
887 1123 1029 1178 bene
1066 1124 1252 1187 sciret,
1284 1126 1420 1179 nihil
1443 1127 1814 1182 verosimilius
1845 1129 1978 1183 mihi

375 1211 605 1280 quidem
657 1212 901 1277 videtur,
941 1229 1107 1282 quam
1153 1213 1298 1283 quod
1345 1214 1433 1268 ille
1477 1215 1604 1270 inde
1644 1216 1978 1286 conjecerit,

375 1303 497 1358 haec
527 1305 714 1358 omnia
743 1305 955 1358 Isidoro
985 1305 1249 1360 accidisse
1279 1305 1587 1362 Pelusiotae.

447 1395 568 1456 llis,
589 1405 861 1464 quantum
885 1395 1000 1450 fieri
1025 1397 1220 1465 potuit,
1237 1397 1558 1453 brevissime
1581 1399 1861 1468 expositis,
1890 1417 1979 1454 re-

376 1491 488 1538 stat
520 1492 741 1538 tantum
777 1495 834 1539 ut
880 1487 950 1540 de
981 1503 1163 1548 anno,
1207 1502 1316 1556 quo
1346 1487 1583 1544 lsidorus
1623 1501 1869 1544 mortuus
1910 1491 1979 1546 sit

375 1574 717 1628 sententiam
769 1583 1013 1629 nostram
1063 1575 1326 1630 feramus.
1376 1577 1567 1631 Refert
1607 1588 1788 1632 autem
1843 1579 1980 1635 Eva-

375 1665 530 1735 grius
560 1664 638 1735 (ιι)
665 1681 794 1719 eum
827 1676 1091 1736 regnante
1122 1665 1432 1722 Theodosio
1449 1668 1671 1738 juniore
1690 1668 1976 1737 ﬂoruisse;

375 1771 559 1824 neque
593 1757 702 1809 hoc
738 1756 1070 1810 addubitare
1101 1757 1246 1812 licet.
1302 1757 1421 1828 Ipse
1468 1759 1650 1826 enim,
1688 1771 1976 1830 antequam

375 1847 654 1916 synodum
692 1847 762 1899 ab
793 1849 1126 1917 imperatore
1173 1849 1264 1902 illo
1290 1864 1435 1903 anno
1463 1851 1590 1911 451.
1627 1860 1981 1906 convocatam

373 1937 556 1990 adiret
581 1937 823 2007 Cyrillus
844 1977 858 2002 ,
896 1939 1027 1992 huic
1049 1939 1345 1994 turbulenti
1373 1949 1429 1995 et
1452 1942 1758 2012 arrogantis
1785 1943 1984 2014 ingenii

373 2029 524 2090 viro,
559 2029 836 2082 acerrimo
853 2029 1442 2100 Constantinopolitani
1468 2034 1732 2088 antistitis
1757 2035 1984 2091 inimico

374 2119 529 2172 misit
547 2120 837 2188 epistolam
863 2120 1582 2194 (c),inquaeumadmonet,
1624 2142 1749 2180 cum
1793 2143 1986 2183 omnes

376 2211 634 2266 homines
685 2214 752 2267 de
792 2215 956 2268 rebus
1005 2215 1191 2267 dubiis
1229 2217 1602 2272 consultantes
1642 2219 1767 2272 odio
1803 2227 1858 2274 et
1903 2221 1984 2274 ira

379 2317 584 2358 vacuos
617 2319 742 2358 esse
772 2304 984 2366 deceat,
1029 2321 1266 2374 cumque
1319 2307 1538 2362 animus
1560 2351 1574 2374 ,
1621 2311 1710 2364 ubi
1747 2311 1835 2364 illa
1866 2311 1985 2365 ofﬁ-

375 2393 560 2460 ciant,
594 2395 742 2448 haud
776 2389 936 2450 facile
971 2412 1163 2450 verum
1196 2397 1506 2467 provideat,
1542 2415 1609 2454 ne
1645 2401 1816 2454 nimio
1873 2390 1984 2456 Ne-

373 2485 534 2541 storii
573 2487 966 2541 odiomtentus
999 2487 1294 2542 violentam
1323 2500 1512 2545 contra
1543 2507 1666 2545 eum
1697 2491 1834 2547 ferat
1859 2509 1986 2548 sen-

374 2578 651 2642 tentiam;
690 2587 1056 2647 precaturque
1093 2589 1152 2633 ut
1193 2581 1416 2650 integris
1441 2590 1496 2636 et
1525 2583 1856 2654 incorruptis
1891 2585 1985 2654 ju-

373 2669 596 2724 dicihus
625 2686 741 2724 rem
765 2673 1070 2750 permittat.
1093 2702 1166 2714 —-
1186 2673 1410 2738 Eodem,
1449 2677 1502 2729 ni
1533 2675 1712 2740 fallor,
1745 2685 1984 2748 tempore

375 2761 582 2830 scripta
617 2772 706 2816 est
733 2763 800 2816 ad
832 2761 1208 2817 Theodosium
1236 2765 1618 2834 imperatorem
1649 2766 1876 2834 epistola
1907 2769 1980 2839 (ά)

374 2852 448 2906 de
486 2854 784 2907 securitate
811 2853 1026 2924 synodo
1051 2857 1388 2924 praestanda;
1428 2857 1531 2911 etsi
1557 2857 1650 2926 qui
1677 2856 1942 2912 lsidorum
1963 2897 1979 2923 ,

375 2959 506 2998 cum
547 2944 814 3016 Eutychis
855 2947 1110 3000 doctrina
1144 2947 1196 3000 in
1239 2947 1472 3018 Egypto
1494 2960 1788 3018 propagata
1815 2962 1979 3017 esset,

373 3040 548 3093 etiam
603 3047 722 3092 tum
765 3039 970 3093 vixisse
1019 3049 1297 3105 statuunt,
1351 3041 1493 3095 hanc
1532 3041 1599 3094 ad
1649 3042 1982 3110 Ephesinum

375 3130 682 3184 concilium
728 3145 874 3183 anno
932 3129 1038 3184 449
1091 3131 1334 3185 habitum
1376 3135 1580 3186 referre
1625 3143 1858 3202 possunt
1887 3135 2000 3202 (a).,

377 3218 492 3274 Sed
518 3219 784 3288 quoniam
813 3219 1059 3274 lsidorus
1091 3221 1292 3290 injusta
1317 3223 1702 3292 episcoporum
1725 3223 1982 3294 Eutychis

372 3309 613 3380 ejusque
646 3312 919 3365 doctrina:
963 3311 1259 3366 faventium
1299 3313 1546 3378 decreta,
1583 3323 1746 3384 atque
1785 3317 1981 3369 crude-

373 3401 485 3455 lem
515 3403 632 3454 haec
660 3403 995 3471 exsequendi
1022 3403 1284 3458 rationem
1313 3404 1365 3456 in
1383 3405 1630 3473 epistolis
1655 3421 1721 3459 ne
1747 3406 1984 3476 tetigerit

373 3493 628 3564 quidem,
664 3493 831 3548 iidem
873 3495 976 3549 viri
1016 3495 1196 3562 docti,
1233 3497 1378 3551 velut
1413 3495 1797 3552 Tillemontius
1832 3499 1896 3568 (f)
1926 3507 1981 3554 et

371 3583 812 3656 Ceillierius(g).
837 3604 978 3656 quos
1015 3586 1294 3643 Fabricius
1327 3587 1402 3660 (h)
1427 3589 1872 3663 tHamhergerus
1915 3589 1976 3661 (ἱ)

376 3675 519 3732 Schr
536 3677 798 3734 mckhius
839 3677 908 3748 (j)
945 3687 1002 3732 et
1051 3679 1499 3737 Rosenmiillerus
1530 3680 1605 3752 (Is)
1650 3691 1976 3751 sequuntur,

455 3831 534 3902 (α)
573 3831 658 3885 Cf.
695 3829 936 3887 SJViliUS
965 3833 1001 3888 Ι.
1031 3847 1081 3887 c.
1102 3849 1156 3902 p.
1189 3833 1312 3890 967.

459 3901 536 3972 (ὁ)
572 3902 772 3972 Evagr.
823 3903 918 3956 lib.
954 3919 1008 3965 ι,
1051 3901 1174 3973 cap.
1222 3905 1309 3960 15.
1367 3904 1714 3970 Theodosio,
1768 3905 1981 3974 inquit,

378 3971 720 4044 imperamre
759 3983 1021 4042 regnante
1050 4015 1064 4038 ,
1099 3971 1306 4044 iui-agno
1345 3975 1401 4028 in
1435 3975 1641 4030 honore
1675 3975 1776 4029 fuit
1810 3971 1982 4030 lsidoé

377 4057 479 4114 rus
511 4040 790 4114 Pelusiota
815 4040 842 4105 ,“
870 4045 1030 4112 cujus
1060 4040 1229 4114 gloria
1253 4045 1324 4098 ob
1357 4045 1502 4099 illius
1534 4054 1647 4100 tum
1689 4046 1828 4100 facta
1865 4061 1980 4101 tum

376 4110 529 4165 dicta
564 4111 728 4186 longe
758 4110 970 4182 lateque
1007 4110 1295 4186 pervagata
1325 4122 1428 4180 est,
1463 4117 1818 4186 omniumque
1857 4132 1976 4171 ser—

376 4196 550 4234 mone
579 4181 794 4234 celebra
805 4191 876 4236 ta.

454 4253 526 4317 (c)
555 4251 713 4324 _Lib_._
733 4267 771 4324 ι2
801 4269 891 4321 ep.
923 4251 1050 4324 510,
1113 4253 1332 4324 qumfsic
1357 4254 1548 4324 incipit
1579 4272 1592 4306 :
1626 4254 1983 4324 Προσπάθεῑα

371 4321 484 4396 μὲν
510 4321 619 4372 οὐκ
651 4319 935 4396 ὀξυδορκεί
959 4363 972 4386 ,
1024 4319 1353 4376 ἁντίπάθεια
1400 4319 1622 4388 δὲ’ὃλως
1649 4319 1748 4396 οὺχ
1776 4327 1896 4394 ὁρᾷ·
1931 4329 1982 4379 εἰ

375 4390 594 4451 τοίνυν,
625 4407 680 4442 κ.
718 4407 768 4445 τ.
805 4390 854 4445 λ.
887 4422 958 4432 -—-

451 4461 531 4529 (d)
567 4460 687 4512 Lib.
723 4477 761 4525 ι,
793 4478 880 4528 ep.
908 4461 1032 4515 5H.

483 4546 530 4600 ς)
563 4529 781 4600 'l‘_illem.
816 4531 852 4583 Ι.
881 4546 958 4597 c.,
995 4547 1047 4600 p.
1085 4531 1206 4584 H7.

501 4599 519 4664 )
581 4596 797 4672 Tillem.
835 4596 953 4672 Le.
983 4596 1067 4672 sic
1108 4602 1175 4672 de
1208 4603 1309 4655 hac
1338 4617 1397 4656 re
1441 4601 1720 4672 loquitur:
1760 4602 1854 4656 S’il
1893 4613 1980 4659 est

377 4685 512 4738 γε’-,ιγ
545 4684 658 4738 que
690 4671 836 4723 saint
887 4671 1091 4724 Isidore
1123 4671 1198 4724 ait
1233 4688 1300 4724 vu
1324 4713 1338 4733 ,
1387 4671 1600 4726 cornuue
1642 4689 1781 4726 uous
1809 4689 1979 4727 avcms

378 4737 502 4800 cru,
528 4737 786 4812 I’Egypte
809 4739 1043 4812 inlectée
1069 4741 1137 4794 de
1167 4741 1653 4811 l‘entychianisme,
1691 4744 1725 4796 il
1765 4758 1796 4812 γ
1827 4759 1854 4796 a
1881 4759 1980 4812 ap-

376 4823 629 4878 parence
657 4809 790 4877 qu'il
830 4809 970 4863 n'est
1017 4827 1112 4878 pas
1155 4809 1310 4864 triort'
1346 4821 1508 4865 avant
1540 4813 1586 4866 le
1621 4814 1654 4866 4
1684 4809 1982 4866 αρἸόντίὲι·

373 4881 450 4933 de
507 4879 618 4951 l'a_n
653 4879 759 4932 449
785 4918 800 4942 ,
853 4895 921 4951 ou
958 4883 1137 4934 meme
1176 4881 1302 4945 459,
1338 4882 1572 4951 puisque
1617 4881 1871 4936 I’hérésie
1910 4898 1981 4937 ne

374 4947 631 5022 pouvait
663 4965 760 5018 pas
791 4950 945 5002 avoir
975 4965 1174 5022 encore
1216 4951 1310 5004 fait
1341 4947 1410 5022 un
1457 4947 1624 5021 g’rand
1659 4952 1879 5022 progrés
1911 4967 1982 5006 en

375 5020 424 5072 si
458 5033 568 5089 pett
600 5019 667 5089 de
702 5026 1108 5089 temps.etque
1138 5019 1478 5084 Hermogene
1505 5022 1535 5075 s
1561 5023 1653 5089 qui
1687 5023 1744 5074 S.
1764 5019 1982 5075 'lsidore

376 5103 442 5142 se
500 5088 676 5156 plaint
725 5105 833 5158 que
891 5088 1133 5158 l‘ligypte
1179 5091 1506 5144 enihrassait
1554 5088 1803 5145 l‘hérésie
1852 5091 1984 5146 était

377 5169 532 5232 mort
577 5158 828 5232 quelque
860 5170 1037 5228 temps
1075 5169 1240 5232 avant
1281 5160 1395 5232 lui,
1435 5171 1626 5215 amant
1657 5163 1822 5232 qu‘on
1852 5169 1984 5230 peut

374 5228 545 5298 juger
577 5243 676 5294 par
705 5230 1142 5297 quelques-unes
1169 5231 1237 5283 de
1265 5246 1354 5283 ses
1383 5231 1589 5284 lettres.

450 5298 772 5374 (g_l(_$ei_l_.’ier
796 5299 936 5352 Ilist.
961 5298 1257 5374 δαὴᾷαεν.
1287 5309 1418 5374 tom.
1445 5300 1582 5374 Mil.
1613 5317 1667 5371 p.
1691 5302 1816 5374 605,
1845 5301 1978 5374 η.γ7.

391 5368 617 5440 —'sia_i_s
638 5368 676 5440 il
695 5385 726 5436 y
755 5385 784 5420 a
819 5377 936 5440 tout
961 5369 1068 5422 lieu
1094 5369 1163 5422 de
1194 5369 1371 5440 croire
1391 5369 1522 5438 qn‘il
1546 5368 1800 5426 me'vécut
1822 5373 1981 5440 point

381 5452 456 5511 an
491 5437 616 5492 dcla
642 5439 714 5511 d_u
739 5439 879 5492 mois
907 5441 1154 5511 demars
1175 5440 1242 5493 de
1265 5439 1370 5494 l'an
1398 5437 1522 5505 $49,
1562 5441 1648 5511 n’y
1676 5437 1836 5510 nymnt
1867 5443 1984 5494 rien

377 5509 522 5632 dans
547 5523 639 5561 ses
665 5508 878 5574 lettres,
902 5509 997 5578 qui
1015 5510 1093 5562 ait
1121 5519 1341 5579 rapport
1365 5523 1434 5564 au
1464 5511 1588 5564 faux
1611 5508 1819 5566 con-cile
1863 5512 1989 5566 (ΓΕ-

377 5593 416 5632 n
461 5591 580 5632 ese.
603 5605 676 5616 —
1904 5607 1908 5612 -

461 5591 580 5632 Βόθ.
603 5605 676 5616 —
1904 5607 1908 5612 .

377 5593 850 5773 pnﬁfé‘grigiuss
881 5647 1026 5703 Bibl.
1071 5664 1154 5718 gr.
1186 5649 1282 5703 lib.
1313 5667 1366 5716 ν,
1407 5666 1463 5720 p.
1503 5650 1554 5717 ὃ,
1587 5665 1707 5720 cap.
1738 5650 1828 5717 5-5,
1863 5607 1908 5722 ἓ⁵
1930 5652 1983 5714 5,

380 5733 454 5772 νο
481 5759 495 5772 .
551 5758 568 5771 .
607 5757 620 5770 .
648 5734 703 5773 n.
769 5739 800 5770 ι)
845 5757 860 5772 .

380 5720 495 5772 vol.
528 5720 620 5771 IX.
648 5734 703 5775 ι).
731 5720 860 5775 255.

471 5734 982 5862 ἲίειὲῖὶίῖέοτυε
1014 5787 1066 5842 in
1099 5788 1256 5856 libro,
1288 5789 1380 5860 qui
1417 5790 1732 5846 inscribitur
1767 5810 1777 5844 :
1812 5790 1986 5845 Kurze

2083 581 2215 636 urbe
2257 578 2617 649 Ephesiorum
2667 577 2980 650 congregati
3024 577 3168 646 sint,
3218 587 3313 634 aut
3351 579 3454 650 ipsi
3499 595 3668 651 prava

2080 685 2268 725 eorum
2303 670 2520 722 decreta
2548 669 2905 721 innomerint.

2151 759 2402 812 Attamen
2433 757 2684 828 equidem
2714 757 2928 812 diﬂiteri
2961 773 3137 828 neque
3165 759 3292 812 volo
3319 772 3420 812 nec
3445 773 3664 828 possum

2083 851 2422 918 testimonia,
2475 851 2673 920 quibus
2703 849 2806 904 viri
2854 849 2963 912 illi,
2999 858 3058 902 ut
3095 850 3420 904 sententiam
3466 852 3664 920 proba-

2081 952 2203 998 rent
2225 958 2407 1006 suam,
2436 943 2519 998 usi
2567 949 2721 1006 sunt,
2755 941 2889 996 mihi
2917 943 3240 1010 persuadere
3265 956 3370 995 non
3402 943 3664 1012 potuisse,

2081 1035 2348 1090 lsidorum
2395 1049 2462 1088 eo
2490 1049 2600 1104 quo
2644 1031 2903 1102 Eutychis
2935 1031 3160 1087 haeresis
3199 1033 3461 1088 invaserit
3493 1032 3662 1104 Egy-

2083 1135 2234 1197 ptum
2265 1135 2508 1195 tempore
2551 1125 2794 1180 nondum
2832 1123 3000 1178 fuisse
3033 1133 3334 1178 mortuum.
3379 1124 3477 1178 llic
3518 1126 3664 1180 enim

2081 1219 2125 1273 si
2148 1219 2434 1272 etiamtum
2466 1217 2608 1270 inter
2631 1217 2782 1270 vivos
2811 1214 3026 1279 fuisset",
3059 1214 3336 1269 distinctis
3364 1225 3511 1268 certe
3539 1231 3668 1268 ver-

2080 1307 2165 1362 his
2197 1314 2251 1361 et
2285 1306 2538 1377 graviter,
2569 1314 2628 1358 ut
2658 1305 2711 1357 in
2756 1303 3088 1367 Marcionis,
3121 1301 3292 1358 Manis
3327 1299 3666 1372 aliorumque

2081 1399 2385 1453 doctrinam
2441 1397 2715 1450 invehitur
2779 1410 3194 1464 saepenumero,
3247 1403 3438 1448 contra
3499 1393 3666 1465 Euty-

2079 1488 2215 1542 chen
2257 1486 2482 1556 ejusque
2528 1485 2784 1556 dogmata
2830 1485 3080 1539 dixisset.
3111 1482 3268 1550 Quod
3308 1498 3415 1538 non
3463 1482 3668 1538 factum

2081 1593 2200 1634 esse
2230 1577 2580 1647 epistularum
2607 1617 2621 1643 ,
2655 1591 2794 1646 quas
2845 1574 3226 1630 Tillemontius
3265 1584 3320 1628 et
3357 1573 3665 1630 Ceillierius

2081 1668 2396 1728 attulerunt,
2434 1679 2754 1738 argumento
2797 1677 3052 1723 accurate
3095 1682 3124 1720 a
3172 1666 3334 1722 nobis
3376 1668 3661 1736 exposito,

2081 1764 2456 1830 unusquisque
2486 1761 2716 1815 fateatur
2744 1774 2968 1814 necesse
2997 1768 3100 1814 est.

2015 1857 2056 1911 Β
2156 1850 2394 1921 Uterque
2427 1851 2747 1906 testiﬁcatur
2777 1865 2894 1903 eam
2917 1889 2932 1916 ,
2964 1865 3127 1919 quam
3162 1847 3402 1904 lsidorus
3441 1846 3665 1902 Hermo-

2086 1944 2208 2014 geui
2245 1944 2304 2014 (Ι)
2367 1944 2624 2012 episcopo
2673 1942 2892 2011 scripsit
2937 1941 3262 2010 epistolam,
3300 1940 3356 1994 in
3401 1956 3508 2010 qua
3551 1939 3670 1996 haec

2085 2045 2301 2091 exstant
2329 2035 2571 2105 ejusdem
2601 2035 2795 2090 verba:
2833 2053 2850 2087 ι
2885 2033 3151 2104 Egyptus
3180 2049 3399 2088 rursum
3427 2031 3672 2084 Pharao-

2086 2128 2172 2182 nis
2202 2127 2492 2196 imperium
2525 2135 2768 2190 exercet,
2799 2139 2907 2178 non
2937 2125 3026 2178 illa
3068 2124 3288 2194 quidem
3321 2121 3511 2176 Jacobi
3543 2122 3672 2176 liliis

2087 2221 2289 2276 accolis
2333 2220 2550 2272 urbium
2588 2217 3044 2272 exstruendarum
3089 2216 3306 2269 labores
3351 2215 3666 2282 imperans,

2087 2312 2181 2366 sed
2206 2327 2236 2364 a
2263 2311 2561 2366 fortissimo
2577 2324 2792 2379 quoque
2815 2308 3104 2360 lueresium
3126 2306 3352 2376 exigens
3376 2305 3664 2358 tributum.

2087 2402 2275 2457 Videte
2321 2401 2487 2472 igitur
2518 2416 2584 2454 ne
2612 2400 2734 2470 quis
2766 2414 2860 2453 vos
2889 2399 3111 2452 seducat
3135 2437 3150 2460 ,
3181 2410 3369 2450 verum
3400 2397 3545 2450 velut
3580 2395 3672 2449 [ir-

2087 2510 2236 2548 mum
2280 2493 2693 2547 fundamentum
2738 2491 3044 2546 consistite.
3107 2491 3252 2544 Deus
3313 2488 3498 2554 enim,
3545 2503 3671 2542 cum

2088 2587 2381 2640 humanam
2430 2583 2678 2637 indueret
2724 2583 3016 2648 formam,-
3047 2597 3222 2651 neque
3269 2582 3627 2661 mutationem
3652 2620 3670 2645 ,

2086 2691 2261 2744 neque
2307 2673 2739 2728 commistionem
2789 2688 2983 2741 passus
3024 2683 3108 2726 est
3134 2709 3148 2734 ,
3178 2687 3279 2726 nec
3319 2666 3672 2737 partitionem

2087 2765 2289 2830 ullam;
2319 2764 2411 2818 sed
2455 2779 2597 2817 unus
2627 2771 2710 2816 est
2740 2760 2930 2827 Filius,
2957 2761 3050 2832 qui
3099 2768 3154 2815 et
3187 2769 3339 2816 caret
3376 2759 3586 2829 origine
3617 2767 3673 2814 et

2086 2859 2450 2928 sempiternus
2481 2863 2563 2910 est
2611 2864 2665 2910 et
2705 2863 2830 2908 ante
2869 2854 3051 2909 carnis
3092 2853 3304 2908 semina
3357 2861 3412 2906 et
3445 2859 3568 2922 post
3605 2865 3672 2905 ea

2087 2953 2166 3007 sic
2200 2968 2230 3004 a
2255 2950 2414 3004 nobis
2447 2950 2726 3004 adoratus.
2779 2967 2798 2998 ι
2837 2976 2908 2986 -
2935 2945 3072 3000 Tum
3105 2945 3172 3000 ab
3213 2945 3404 3000 iisdem
3436 2944 3672 3013 scripto-

2087 3043 2238 3096 ribus
2269 3041 2490 3096 allerlur
2526 3040 2812 3094 Pelusiotae
2835 3039 2899 3092 ad
2925 3037 3344 3092 Constantinum
3378 3035 3670 3106 quemdam

2088 3133 2314 3202 epistola
2341 3132 2457 3201 (m),
2507 3146 2615 3200 qua
2649 3129 2737 3183 hic
2765 3130 3102 3198 vituperatur
3132 3128 3183 3180 in
3223 3127 3368 3180 hunc
3405 3126 3624 3180 modum
3652 3142 3668 3182 :

2088 3253 2158 3265 --
2189 3243 2206 3274 ε
2241 3224 2309 3278 At
2345 3234 2400 3275 tu
2433 3237 2526 3276 eos
2553 3263 2566 3287 ,
2601 3223 2693 3291 qui
2723 3221 2972 3275 divinum
3007 3236 3204 3274 numen
3255 3219 3343 3290 pie
3377 3235 3441 3274 ac
3481 3228 3670 3273 sancte

2091 3315 2294 3378 colunt,
2324 3313 2525 3368 furiose
2549 3313 2859 3374 insectaris,
2887 3311 3264 3366 confusionem
3298 3309 3590 3380 quamdam
3617 3319 3672 3366 et

2088 3405 2494 3474 permistionem
2519 3420 2582 3458 ac
2605 3405 2696 3457 Dei
2720 3402 2885 3457 Verbi
2913 3403 2966 3456 iu
2993 3418 3210 3456 carnem
3257 3402 3670 3465 conversionem

2086 3497 2420 3564 docens,aut
2441 3496 2683 3549 divinam
2709 3503 2958 3548 naturam
2987 3493 3042 3548 in
3069 3509 3288 3547 carnem
3303 3501 3358 3548 et
3383 3507 3508 3548 ossa
3523 3508 3672 3547 eom-

2085 3596 2305 3642 mutans
2324 3627 2338 3652 ,
2363 3595 2455 3641 aut
2476 3585 2660 3641 carnis
2681 3586 2965 3640 veritatem
3007 3585 3282 3654 rejiciens.
3314 3604 3332 3636 ι
3362 3614 3436 3624 -
3466 3583 3668 3640 Deinde

2087 3681 2466 3736 Tillemontius
2503 3679 2788 3749 epistolam
2821 3679 2888 3733 ad
2920 3677 3266 3734 Timotheum
3309 3679 3564 3733 lectorem
3593 3678 3668 3750 (η)

2096 3833 2454 3889 Nachrichten
2490 3850 2591 3888 von
2626 3835 2725 3888 den
2754 3833 3114 3904 vornelzmsten
3138 3831 3552 3904 Scltrr'ftstellern
3581 3851 3674 3889 vor

2091 3913 2207 3960 dem
2233 3906 2386 3959 Hileu
2415 3905 2798 3965 Jahrhundert,
2833 3919 2884 3972 p.
2929 3903 3054 3959 889.

2159 3977 2223 4046 (ί)
2263 3975 2662 4046 Schrteckli.l.
2696 3990 2746 4029 c.
2773 3989 2828 4046 p.
2862 3973 2983 4028 59.2.

2157 4041 2228 4114 (Κ)
2267 4045 2552 4112 Rosenm.,
2602 4045 2738 4099 Hist.
2775 4041 3006 4113 interpr.
3041 4043 3190 4098 Libr.
3239 4041 3392 4098 Sacr.
3433 4059 3559 4114 pars
3589 4063 3665 4110 Iv,

2085 4131 2139 4184 ρ.
2160 4131 2388 4264 ἇῖιῂἰιξ.
2429 4201 2468 4250 ι,
2500 4201 2591 4264 ep.
2623 4187 2727 4264 με)
2758 4203 2772 4240 :
2809 4186 3088 4262 Αἵγυπῖος
3129 4183 3292 4264 maliv
3319 4182 3668 4264 Φαραφνίζξεζ

2084 4253 2211 4318 ταις
2240 4257 2424 4310 οὐκέτι
2466 4253 2563 4324 μὲν
2609 4259 2724 4318 τοῖς
2769 4253 3124 4327 παροικοζιοτιν
3154 4255 3288 4327 uici;
3328 4253 3425 4327 τοῖθ
3473 4253 3670 4327 Ἰᾳκὼϐ

2085 4327 2278 4389 πόνους
2301 4327 2658 4380 ἐπιτάττουσα
2684 4324 2912 4390 πόλεών,
2950 4324 3084 4378 ἀλλὰ
3109 4324 3316 4386 πάντας
3345 4325 3469 4388 τοὺς
3487 4325 3662 4393 sppe-

2087 4397 2280 4464 μένους
2312 4397 2512 4466 φόρους
2538 4396 2842 4466 ἀπαιτοῦσα
2885 4397 3172 4466 αἱρέσεων.
3211 4395 3448 4466 Βλέπετε
3485 4395 3558 4464 μή
3585 4409 3671 4466 si;

2084 4461 2228 4534 ὗμᾶς
2249 4461 2504 4536 νπλὰνήσῃ
2533 4505 2546 4529 ,
2593 4466 2706 4518 ἀλλ’
2735 4465 2810 4530 ὡς
2842 4461 3060 4536 esseab;
3091 4491 3159 4536 :-
3189 4463 3310 4516 cod.
3351 4461 3495 4536 Bav.’
3517 4461 3670 4517 addit

2015 4540 2058 4594 Β
2087 4531 2207 4587 ό’-
2237 4531 2764 4605 οεμέλέοξστήκετε.
2810 4565 2880 4577 ο·-
2930 4531 3072 4605 Cod.
3114 4531 3242 4584 Bav.
3293 4533 3558 4605 στηδεέτω.
3597 4559 3670 4575 --

2098 4605 2158 4658 Ἰ)
2187 4601 2318 4666 Θεὸς
2346 4609 2454 4675 γὰρ
2483 4601 2907 4674 ἐνανθρωπήσας
2933 4605 2994 4656 οὐ
3017 4602 3341 4675 τέτραπται,
3381 4601 3505 4654 οὔτε
3541 4619 3669 4670 συγ-

2088 4669 2368 4744 κέχυται,ί
2398 4669 2523 4726 οὔτε·
2569 4669 2838 4744 διῄρητοίι·
2867 4674 2978 4744 ἀλλ’
3017 4669 3274 4744 εἷςὴὲστιν
3307 4673 3539 4744 ἄναρχος
3577 4669 3671 4726 καὶ

2083 4740 2253 4814 ἀΐδιος
2284 4743 2431 4814 Υἱὸς,
2463 4747 2556 4814 καὶ
2589 4740 2696 4814 πρὸ
2721 4743 3070 4813 σαρκώσεως,
3099 4743 3192 4795 καὶ
3220 4740 3360 4812 μετὰ
3393 4740 3672 4813 άὰῥκωσιν

2085 4813 2228 4866 οὕτω
2270 4813 2396 4884 παρ’
2438 4813 2598 4884 ἡμῶν
2631 4813 3132 4884 προσκυνούμενος.

2159 4885 2260 4954 (ιη)
2291 4883 2412 4937 Lib.
2445 4881 2492 4945 ιζ
2522 4898 2607 4952 cp.
2647 4885 2766 4938 496.
2801 4881 3119 4939 lnscribitur
3148 4881 3364 4954 quidem
3403 4885 3518 4938 haec
3547 4884 3668 4954 epi-

2085 4954 2222 5006 stola
2250 4953 2321 5006 ita
2354 4955 2405 5006 in
2439 4954 2679 5007 editione
2707 4955 2876 5008 Paris.
2913 4953 3276 5020 Kmvsszvitp;
3320 4956 3415 5009 sed
3441 4953 3670 5009 Chalar-

2085 5023 2187 5076 dus
2211 5032 2266 5077 et
2297 5023 2663 5078 Hitterhusins
2691 5035 2838 5078 recte
2883 5025 3074 5078 excudi
3115 5033 3442 5079 curaverunt
3477 5027 3664 5076 Κωνσ-

2084 5094 2346 5160 ταντίνῳς
2389 5095 2472 5147 cui
2506 5095 2789 5162 scriptura:
2818 5095 2974 5148 codd.
3009 5094 3128 5148 Vat.
3157 5093 3305 5156 -649,
3344 5105 3400 5149 et
3446 5093 3553 5150 Alt.
3589 5097 3670 5148 l'a-

2087 5173 2234 5217 vent.
2269 5163 2445 5218 Verba
2472 5163 2658 5220 Grteca
2698 5180 2819 5232 quae
2876 5165 2981 5217 huc
3007 5170 3272 5232 spectant.
3301 5174 3466 5219 sunt:
3503 5194 3572 5205 —
3592 5166 3668 5220 Σὺ

2089 5233 2286 5304 δὲᾉτοὺς
2307 5234 2369 5304 τὸ
2387 5234 2541 5286 Θεῖον
2565 5234 2806 5304 εὐσεϐῶς
2828 5234 3228 5302 πρεσϐεύοντας
3251 5235 3469 5298 διώκεις
3495 5237 3670 5304 ἐμμα.

2085 5302 2224 5383 νῷς,
2246 5303 2686 5383 adnuat-Invia:
2706 5303 2822 5383 Δδεοιὶ
2859 5305 3148 5383 ἀνάκρισξν
3185 5307 3288 5383 κς).
3319 5302 3538 5383 repperiri
3567 5305 3667 5383 τῂν

2086 5373 2167 5445 εἰς
2199 5371 2496 5445 σάργατοῦ
2525 5372 2659 5445 Θεοῦ
2690 5374 2864 5440 Λόγου
2911 5371 3185 5445 καεηχῷν,
3229 5375 3260 5445 ἢ
3307 5371 3535 5445 ἀλλοιῶν
3568 5371 3667 5445 τῂν

2088 5441 2241 5514 θείαν
2264 5441 2424 5511 φύσιν
2447 5445 2526 5514 si;
2558 5443 2734 5512 σάρκα
2761 5445 2852 5496 καὶ
2882 5441 3130 5514 ὸπέαζῆ
3162 5441 3260 5514 τὴν
3287 5442 3544 5512 ἀλήθειαν
3568 5443 3666 5512 τῆς

2090 5513 2290 5573 σαρκὸς
2319 5512 2548 5565 ἀθετῶν.

2615 5580 2717 5637 10?.
2751 5599 2764 5634 :
2801 5583 2956 5652 Πάσῃ
2983 5583 3160 5636 τοίνυν
3185 5581 3398 5652 φυλακῇ
3429 5581 3670 5652 τήρε-ιΑ-ο

2089 5642 2227 5706 (τούξ
2249 5642 2622 5722 Damocle-mf;
2669 5653 2848 5722 soiwv
2877 5642 3033 5722 svi-pet
3063 5681 3134 5690 —
3165 5642 3265 5722 τῇν
3311 5642 3410 5720 σὴν
3441 5642 3667 5722 ξᾶρῤ-ίᾳν

2093 5723 2289 5794 μήπως
2337 5717 2466 5794 μξάν
2509 5717 2744 5794 Χρζστοῦ
2793 5751 2860 5764 --
2893 5717 2972 5778 sic
3011 5717 3343 5794 auctoritate
3367 5717 3662 5794 ὡδί-νειμ

2089 5789 2214 5856 6.19,
2246 5801 2302 5846 et
2337 5791 2444 5847 Alt.
2488 5789 2834 5848 scribendum
2876 5806 3097 5846 censeo.
3131 5790 3264 5846 (.‘od.
3305 5789 3436 5843 Bav.
3485 5790 3669 5859 μήπου
