4118 6404
484 367 552 429 27
1178 354 1199 380 ’

1623 362 2215 425 COMMENTATION
2223 364 2292 424 IS
2327 363 2518 424 PARS
2555 365 2606 424 Ι.
3673 355 3698 406 ἶ

481 493 591 535 sum
626 476 910 533 sententia:
943 475 1125 532 favere
1155 473 1485 541 arbitratur;
1517 474 1571 528 in
1602 489 1709 544 qua
1746 475 1812 529 de
1843 473 2054 529 duabus
2083 479 2123 534 Α
2156 471 2416 538 montius,
2453 473 2578 528 data
2616 480 2702 526 est
2748 469 2814 524 ad
2863 467 3122 540 Cyrillum
3167 465 3593 522 Alexandrinum
3641 463 3734 533 qui

481 571 536 626 iu
585 569 806 623 Christo
837 567 1050 622 naturis
1081 567 1160 622 sic
1203 565 1442 636 loquitur
1469 565 1748 622 Isidorus:
1810 585 1829 618 ‹
1878 565 2058 632 Quare

479 661 603 716 vide
635 676 702 715 ne
733 674 896 713 unam
925 668 1132 712 tantum
1159 667 1281 728 post
1307 657 1734 712 incarnationem
1765 657 1819 711 in
1843 657 2059 711 Christo

479 758 732 805 naturam
768 748 1021 816 accipias.
1049 747 1382 800 Alterutram
1410 747 1554 798 enim
1586 745 1743 810 tollit,
1771 745 1862 814 qui
1895 761 2055 799 unam

482 851 688 895 tantum
713 838 1020 902 confitetur,
1051 837 1234 890 divina
1265 837 1470 891 scilicet
1490 847 1725 899 mutata,
1760 837 1843 890 vel
1874 845 2056 890 nostra

479 933 784 986 imminuta.
825 949 844 982 ι
899 959 968 970 -
1009 929 1154 983 Idem
1201 941 1396 999 quarto
1433 929 1552 982 loco
1599 928 1808 998 profert
1853 930 2055 999 episto-

479 1023 583 1077 lam
614 1022 690 1092 (a)
738 1022 804 1076 ad
835 1021 1134 1092 Cyrillum,
1187 1021 1252 1074 ad
1310 1035 1468 1089 quem
1514 1021 1704 1074 scribit
1758 1021 1998 1074 Isidorus
2038 1037 2054 1074 :

485 1133 503 1166 ι
531 1114 681 1180 Quod
713 1129 842 1167 vero
873 1126 1121 1166 summus
1141 1111 1384 1165 omnium
1418 1126 1599 1164 rerum
1619 1111 1877 1164 Dominus
1897 1113 2056 1166 homo

477 1223 604 1260 vere
627 1206 800 1273 factus
822 1213 902 1258 cst
924 1243 937 1266 ,
973 1217 1146 1272 neque
1177 1202 1244 1256 ab
1270 1217 1335 1255 eo
1355 1241 1368 1266 ,
1399 1203 1540 1270 quod
1565 1211 1699 1266 erat,
1727 1203 2052 1272 demigrans,

477 1312 653 1364 neque
688 1295 742 1349 id
767 1336 781 1359 ,
818 1296 957 1362 quod
1003 1312 1110 1349 non
1156 1304 1312 1358 erat,
1349 1312 1635 1350 assumens
1661 1337 1676 1360 ,
1725 1314 1788 1350 ex
1843 1299 2054 1353 duabus

477 1389 686 1442 naturis
719 1403 858 1440 unus
899 1385 1068 1440 Filius
1090 1387 1374 1451 exsistens,
1395 1399 1546 1442 ortus
1576 1403 1639 1442 ae
1673 1390 1794 1443 finis
1820 1407 2011 1458 expers
2034 1430 2050 1455 ,

475 1493 664 1532 l'cci'ns
707 1484 760 1531 et
814 1478 1220 1546 sempiternus,
1274 1493 1342 1532 ne
1394 1479 1508 1549 ipse
1564 1481 1780 1549 quidem
1834 1481 2044 1536 inficias

477 1570 623 1623 ieris.
661 1589 680 1620 ι
729 1600 800 1610 --
837 1569 1080 1640 Denique
1110 1571 1178 1624 ab
1208 1571 1394 1625 eodem
1441 1572 1731 1626 laudantur
1767 1571 1951 1653 Isidori
1983 1575 2049 1628 ad

475 1660 840 1716 Theodosium
873 1663 1161 1718 diaconum
1185 1665 1392 1726 litteraz,
1419 1664 1470 1716 in
1491 1665 1690 1733 quibus
1713 1666 1825 1720 haec
1848 1668 2048 1736 scripta

475 1751 824 1807 inveniuntur
855 1772 869 1808 :
908 1775 926 1806 ε
959 1753 1092 1808 Nam
1123 1756 1222 1810 etsi
1255 1756 1342 1809 Dei
1372 1755 1542 1810 Filius
1572 1773 1790 1810 carnem
1833 1773 2048 1812 assum-

472 1839 596 1908 psit,
627 1839 878 1896 Christus
913 1851 1091 1898 tamen
1125 1860 1234 1898 non
1287 1861 1471 1900 merus
1517 1849 1678 1900 homo
1714 1848 1888 1902 factus
1923 1859 2042 1913 est;

471 1933 601 2000 quin
635 1933 818 2000 potius
847 1949 973 1988 cum
1035 1935 1332 1990 humanum
1365 1938 1612 1992 indueret
1645 1954 1874 2008 corpus,
1909 1957 2050 1995 unus

470 2025 676 2079 exstitit
703 2025 756 2079 in
796 2027 1005 2082 duabus
1034 2029 1243 2084 naturis
1271 2029 1364 2084 Dei
1393 2031 1564 2086 Filius
1591 2032 1684 2101 (ὁ).
1717 2051 1736 2084 ι
1793 2063 1832 2074 -

539 2137 801 2192 Isidornm
859 2140 911 2194 in
972 2142 1056 2196 his
1110 2143 1272 2198 modo
1314 2159 1344 2198 a
1390 2160 1476 2216 me
1515 2145 1690 2200 allatis
1732 2153 1920 2201 contra
1953 2161 2051 2203 eos

467 2225 686 2290 dixisse,
718 2228 812 2297 qui
840 2229 925 2283 vel
947 2230 1179 2285 duarum
1224 2242 1540 2288 naturarmn
1573 2235 1629 2288 in
1662 2235 1880 2290 Christo
1911 2252 2040 2291 con-

471 2316 741 2371 fusionem
785 2331 840 2373 et
865 2321 1019 2388 quasi
1063 2323 1372 2377 mistioncm
1415 2333 1736 2390 statuerent,
1769 2326 1854 2380 vel
1879 2343 2046 2383 unam

467 2418 674 2462 tantum
728 2421 1089 2480 agnoscerent
1138 2413 1265 2467 Jesu
1317 2414 1518 2469 Christi
1562 2426 1834 2484 naturam,
1881 2434 2047 2474 neruo

465 2516 572 2552 non
599 2501 766 2556 videt.
791 2501 994 2556 Deinde
1018 2505 1389 2580 unusquisque
1419 2508 2046 2566 concedetTillemontio

463 2593 698 2662 aliisque
743 2594 861 2662 ejus
893 2595 1135 2663 Opinioni
1195 2597 1527 2662 faventibus,
1572 2615 1696 2652 eum
1727 2600 1804 2653 sic
1843 2601 1910 2654 de
1961 2603 2045 2658 his

466 2685 628 2738 rebus
661 2684 901 2738 locutum
958 2701 1100 2751 esse,
1135 2696 1192 2742 ut
1231 2689 1322 2756 qui
1371 2689 1602 2742 hazresin
1652 2690 2045 2762 Entychianam

463 2775 717 2830 refellere
767 2777 913 2839 velit,
948 2777 1091 2832 illius
1174 2779 1332 2833 dictis
1377 2788 1601 2848 optume
1630 2781 1709 2835 uti
1739 2783 1911 2852 possit
1946 2783 2042 2852 (c);

461 2881 642 2935 neque
668 2875 850 2920 tamen
883 2867 1008 2921 inde
1051 2869 1406 2938 consequitur
1432 2870 1694 2924 Isidorum
1745 2873 1812 2926 de
1877 2872 2044 2944 Euty-

461 2959 578 3012 chis
605 2960 846 3014 doctrina
869 2959 919 3012 in
939 2960 1042 3014 illis
1059 2961 1233 3031 egisse
1252 2961 1516 3032 epistolis.
1541 2961 1752 3016 Etenim
1773 2963 2044 3035 Eutyches

465 3067 658 3105 novam
681 3068 787 3106 non
814 3053 1047 3122 protulit
1083 3053 1410 3120 doctrinam,
1448 3055 1541 3108 sed
1569 3065 1692 3109 ante
1714 3072 1837 3110 eum
1893 3059 2045 3111 multi

2160 579 2304 620 anno
2360 565 2466 620 4M
2511 565 2654 620 diem
2721 575 3036 634 supremum
3097 559 3250 615 obiit.
3295 559 3435 629 Ergo
3478 557 3644 611 haece
3681 555 3736 608 in

2158 656 2383 726 epistola
2437 657 2673 711 Isidorus
2717 656 2784 711 de
2839 653 3095 724 Eutychis
3145 652 3393 708 doctrina
3439 649 3584 718 loqui
3628 662 3732 701 non

2158 747 2353 816 potuit.
2399 748 2660 818 Exposuit
2691 757 2871 801 autem
2905 747 2962 800 in‘
3011 745 3098 799 illa
3129 743 3456 799 sententiam
3488 755 3638 794 suam
3665 738 3735 792 de

2158 839 2366 892 duabus
2427 838 2479 893 in
2529 839 2744 893 Christo
2783 838 2988 892 naturis
3045 838 3238 892 eodem
3289 835 3450 889 modo
3487 842 3647 899 atque
3680 830 3735 882 in

2158 929 2378 997 reliquis
2425 945 2560 999 quas
2593 931 2681 983 ille
2737 927 2992 982 laudavit.
3025 926 3202 996 Quare
3231 925 3481 995 equidem
3529 921 3734 975 nullam

2156 1034 2374 1074 causam
2424 1021 2601 1086 video,
2659 1035 2758 1074 cur
2821 1019 2920 1073 has
2979 1032 3172 1073 omnes
3236 1017 3440 1072 seriore
3490 1021 3735 1084 tempore

2157 1112 2384 1181 scriptas
2411 1127 2530 1166 esse
2557 1111 2904 1167 statuendum
2940 1110 3029 1166 sit.

2225 1223 2327 1277 Sed
2359 1224 2412 1276 in
2446 1223 2528 1279 his
2559 1223 2718 1278 nobis
2765 1239 2875 1277 non
2906 1221 3359 1291 acquiescendum
3390 1227 3494 1281 est,
3541 1232 3736 1272 verum

2155 1314 2467 1378 videndum,
2490 1331 2618 1368 num
2649 1315 2808 1384 paulo
2831 1314 3135 1369 accuratius
3163 1328 3270 1383 quo
3292 1321 3532 1380 tempore
3572 1309 3738 1363 Isido-

2156 1420 2248 1459 rus
2306 1406 2464 1460 hasce
2517 1406 2796 1476 scripserit
2839 1406 3097 1476 epistolas
3153 1404 3378 1458 definire
3437 1402 3729 1472 possimus.

2157 1493 2381 1564 Scripsit
2459 1506 2660 1562 autem,
2727 1498 2782 1552 ni
2839 1496 3012 1562 fallor,
3091 1513 3184 1552 eas
3244 1511 3434 1549 omnes
3486 1510 3572 1557 eo,
3626 1509 3737 1562 quo

2154 1586 2457 1642 Orientales
2510 1589 2751 1658 episcopi
2799 1605 2923 1643 cum
2983 1588 3182 1658 Cyrillo
3225 1587 3293 1640 de
3335 1583 3570 1639 Nestorii
3601 1601 3734 1640 con-

2153 1680 2498 1735 demnatione
2551 1691 2711 1750 atque
2762 1681 2829 1735 de
2886 1681 3096 1735 duabus
3145 1680 3200 1734 in
3251 1679 3472 1734 Christo
3521 1677 3733 1730 naturis

2153 1781 2450 1834 certarunt,
2503 1780 2764 1842 tempore.
2827 1771 3062 1826 Joannes
3137 1773 3280 1824 enim
3337 1769 3730 1833 Antiochenus,

2153 1863 2306 1931 cujus
2336 1878 2528 1931 magna
2581 1873 2696 1916 erat
2721 1862 2862 1931 apud
2903 1862 3140 1916 Orientis
3177 1863 3462 1932 episcopos
3489 1861 3732 1916 auctori-

2153 1964 2256 2019 tas,
2293 1953 2471 2024 Cyrilli
2507 1964 2696 2007 contra
2745 1954 3050 2007 Nestorium
3097 1953 3442 2008 anathemata
3488 1953 3733 2022 Appelli-

2147 2043 2298 2097 naris
2357 2043 2659 2097 doctrinam
2711 2043 2956 2097 redolere
3011 2043 3328 2105 arbitratus,
3386 2043 3731 2122 simul‘cum

2149 2130 2489 2188 Theodoreto
2524 2133 2742 2204 Cyrensi
2774 2133 3059 2188 etAndrea
3096 2135 3472 2200 Samosateno,
3499 2137 3589 2205 qui
3615 2137 3731 2204 jam

2147 2233 2272 2279 ante
2320 2226 2608 2279 concilium
2657 2226 2990 2289 Ephesinum
3025 2233 3214 2280 contra
3263 2228 3576 2296 episcopum
3604 2227 3732 2281 Ale-

2145 2316 2470 2371 xandrinum
2522 2317 2872 2386 scripserant,
2925 2318 3070 2371 hunc
3127 2318 3356 2372 duarum
3415 2319 3467 2372 in
3512 2319 3732 2374 Christo

2145 2421 2461 2464 naturarum
2503 2411 2812 2464 mistionem
2851 2418 2906 2464 et
2942 2411 3318 2465 confusionem
3361 2411 3611 2466 docuisse
3640 2427 3728 2464 ar-

2145 2502 2402 2573 guebant.
2453 2501 2608 2566 Quod
2655 2502 2758 2556 etsi
2804 2503 2893 2555 ille
2924 2503 3070 2556 omni
3102 2504 3282 2558 studio
3329 2519 3358 2558 a
3410 2519 3468 2557 se
3514 2503 3726 2558 amoliri

2147 2601 2373 2648 conatus
2425 2593 2676 2646 Eunomii
2716 2602 2770 2646 et
2814 2593 3142 2662 Apollinaris
3191 2595 3491 2649 doctrinam
3539 2594 3727 2649 falsam

2147 2693 2332 2752 aperte
2354 2683 2664 2749 declaravit,
2697 2683 3074 2753 [siderumque
3111 2701 3220 2738 non
3258 2685 3326 2738 ab
3362 2684 3722 2740 Orientalium

2146 2774 2390 2846 partibus
2433 2774 2646 2828 stetisse
2689 2782 2920 2840 constat,
2969 2785 3149 2830 tamen
3204 2774 3497 2844 Pelusiota,
3558 2793 3720 2846 quain

2147 2875 2340 2935 quarto
2380 2866 2498 2918 loco
2529 2865 2808 2934 posuimus
2850 2867 3134 2935 epistolam
3165 2883 3230 2920 eo
3261 2868 3484 2922 consilio
3527 2869 3726 2939 Cyrillo

2147 2956 2362 3010 \idetur
2393 2956 2608 3011 misisse
2643 2966 2702 3010 ut
2734 2957 2780 3011 ei
2811 2957 2974 3011 nimis
2998 2957 3212 3012 incaute
3239 2975 3400 3013 unam
3429 2963 3482 3014 in
3505 2960 3725 3017 Christo

2147 3059 2416 3112 naturam,
2454 3048 2611 3103 Verbi
2653 3050 2856 3103 scilicet
2891 3050 3246 3116 incarnatam,
3275 3053 3489 3107 docenti
3519 3063 3722 3108 rectam

461 3143 764 3197 etheeretiei
785 3152 838 3198 et
863 3143 1226 3207 orthodoxi.si
1249 3159 1354 3196 non
1380 3145 1828 3211 eadem,atcerte
1851 3148 2044 3202 similia
2073 3157 2114 3214 ο
2148 3157 2441 3210 veramque
2474 3141 2541 3195 de
2574 3141 2782 3196 duabus
2814 3141 2868 3194 ill
2913 3141 3130 3196 Chrile
3170 3144 3378 3198 naturis
3421 3145 3724 3199 doctrinam

457 3243 860 3302 proposuerunt
903 3232 1153 3302 dogmata
1216 3233 1312 3298 td).
1370 3233 1548 3298 Quare
1599 3235 1921 3290 Pelusiotam
1977 3237 2044 3292 de

461 3321 899 3392 Eutyehianismo
941 3330 1066 3374 ante
1113 3319 1392 3391 [Eutychen
1427 3323 1665 3378 locutum
1698 3341 1817 3382 esse
1851 3326 2040 3380 existi-

459 3428 568 3466 mo.
607 3413 738 3465 Nam
781 3413 882 3466 etsi
929 3413 1072 3482 quod
1117 3429 1280 3482 supra
1323 3414 1432 3482 jam
1473 3417 2037 3482 coannemoravimus,

459 3505 667 3559 scilicet
729 3505 892 3572 hujus
951 3503 1187 3560 luet-elici
1267 3506 1602 3560 mentionem
1665 3491 1719 3560 in
1795 3507 2040 3576 epistolis

460 3610 738 3664 nunquam
785 3595 981 3648 laetam
1027 3613 1166 3658 esse,
1215 3597 1436 3651 minoris
1481 3599 1738 3652 momenti
1779 3615 1918 3662 esse,
1961 3602 2045 3655 lu-

459 3686 652 3738 Denter
722 3683 912 3748 fateor,
973 3693 1152 3738 tamen
1205 3699 1328 3738 cum
1414 3686 1578 3751 aliud,
1667 3687 1808 3755 quod
1860 3688 2044 3757 paucis

459 3775 835 3846 explicandum
905 3784 1007 3839 est,
1067 3779 1288 3831 accedat
1363 3789 1790 3848 argumentum,
1867 3796 2042 3835 meam

460 3879 620 3924 teneo
676 3869 1020 3922 sententiam.
1072 3900 1142 3910 ω-
1200 3869 1467 3940 I‘Iutyches
1511 3872 1664 3926 valde
1713 3873 1822 3941 jam
1855 3888 2040 3940 senex,

461 3969 519 4014 ut
563 3960 637 4013 ait
673 3960 1000 4016 Moshemius
1050 3961 1102 4014 in
1138 3961 1368 4015 Historia
1415 3981 1510 4017 sua
1557 3965 1902 4018 ecclesiastica
1947 3965 2038 4036 (e),

459 4067 568 4120 quo
598 4050 927 4114 Nestorium,
946 4053 1030 4106 cui
1057 4054 1406 4109 vehementer
1433 4055 1676 4110 infensus
1721 4066 1855 4120 erat,
1891 4065 2040 4110 tanto

459 4140 654 4196 fortius
715 4142 1055 4210 reprimeret,
1127 4159 1272 4196 anno
1356 4144 1460 4198 443
1529 4145 1802 4200 docebat:
1876 4162 2037 4199 unum

461 4241 667 4284 tantum
697 4247 802 4286 esse
835 4233 888 4284 in
919 4231 1122 4286 Christo
1151 4243 1398 4288 natumut
1431 4235 1582 4290 Verbi
1626 4253 1742 4290 vere
1785 4238 2038 4289 incarna-

461 4332 572 4378 tam
601 4323 686 4395 (n.
735 4323 852 4379 Una
889 4333 1072 4380 autem
1105 4341 1171 4381 ex
1211 4311 1470 4396 epistolis,
1497 4345 1632 4400 quas
1663 4329 1844 4384 attulit
1873 4326 2038 4380 Tille-

2147 3231 2200 3284 in
2253 3232 2495 3285 animum
2557 3238 2856 3286 revocaret.
2905 3262 2975 3272 -—
3027 3233 3225 3288 Eodem
3282 3244 3523 3306 tempore
3579 3253 3721 3303 eam,

2143 3336 2305 3390 quam
2357 3321 2529 3374 altero
2570 3320 2846 3390 tetigimus
2889 3323 3026 3382 loco,
3061 3323 3365 3392 epistolam.
3423 3325 3722 3396 eodemque

2142 3425 2333 3464 omnes
2385 3410 2620 3478 reliquas
2673 3426 2703 3463 a
2749 3411 2907 3465 nobis
2962 3423 3433 3479 eommemoratas,
3481 3415 3721 3486 exceptis

2141 3502 2248 3556 illis
2295 3503 2360 3556 ad
2391 3501 2784 3572 Hermogenem
2814 3502 3033 3570 litteris,
3073 3505 3300 3573 scriptas
3329 3520 3451 3558 esse
3499 3520 3716 3561 censeo.

2141 3593 2268 3647 Πᾶξο
2299 3603 2501 3656 autem,
2567 3609 2764 3662 nempe
2817 3593 3045 3662 epistola
3107 3593 3428 3664 lli-rmogeni
3495 3597 3716 3666 scripta,

2145 3696 2258 3740 tum
2302 3685 2519 3738 demum
2551 3685 2794 3738 confecta
2825 3693 2928 3746 est,
2965 3684 3054 3737 ubi
3105 3683 3333 3754 Cyrillus
3387 3687 3441 3739 in
3489 3688 3716 3756 gratiam

2141 3793 2263 3834 cum
2323 3776 2592 3846 episcopis
2643 3775 3008 3829 Orientalibus
3069 3791 3212 3829 anno
3283 3777 3387 3832 434
3459 3780 3714 3834 redierat.

2143 3867 2506 3934 Quamobrem
2567 3881 2676 3918 non
2735 3865 2922 3920 dubito
2969 3867 3102 3934 quin
3157 3867 3392 3923 Isidorus
3453 3872 3716 3938 scribens,

2143 3959 2431 4029 Aigyptum
2472 3973 2502 4011 a
2560 3956 2856 4010 fortissimo
2886 3973 3100 4026 quoque
3159 3959 3444 4014 Incresium
3505 3963 3723 4032 exigere-

2141 4049 2423 4111 tributum,
2468 4047 2536 4101 de
2561 4046 2778 4116 Cyrillo,
2829 4049 2921 4117 qui
2972 4049 3254 4120 hucusque
3302 4053 3718 4108 strenuissimus

2140 4140 2316 4194 fuerat
2372 4155 2514 4192 verae
2567 4137 2688 4190 fidei
2756 4139 3027 4205 defensor,
3091 4143 3281 4211 egerit.
3354 4141 3515 4198 Stetit
3569 4143 3714 4197 enim

2139 4232 2378 4288 Isidorus
2437 4247 2466 4284 a
2518 4231 2764 4300 partibus
2824 4248 3012 4286 eorum
3075 4235 3148 4301 (g)
3182 4275 3196 4298 ,
3253 4235 3342 4304 qni
3399 4236 3714 4306 episcopum

2139 4324 2564 4379 Alexandrinum
2583 4335 2887 4395 propterea,
2917 4326 3060 4396 quod
3083 4342 3269 4397 pacem
3291 4327 3491 4392 inierit,
3517 4329 3717 4384 acriter

461 4501 590 4573 μίαν
627 4500 726 4577 ’τοῦ
760 4503 1020 4577 Χλριᾳςτοῦ.
1053 4501 1226 4577 Yulgo
1270 4505 1590 4577 legebatur:
1647 4509 1827 4577 μήπον
1870 4502 2032 4572 δόκη-

2145 4570 2183 4577 __
2214 4499 2282 4571 (ε)
2319 4501 2384 4577 Et
2412 4515 2598 4577 revera
2625 4501 2885 4577 Leontius
2915 4500 3250 4577 Byzantinus
3269 4503 3714 4577 in_lib_ri_scontra

459 4571 543 4647 ἑξιν
588 4571 686 4647 τὴν
730 4571 824 4647 τᾳῦ
871 4575 1106 4644 Χριστοῦ
1137 4571 1199 4616 -ζ
1237 4571 1398 4644 φύξιν
1435 4579 1569 4647 μετὰ
1613 4571 1717 4645 τὴν
1749 4571 2036 4647 ἶσάρξωσὶν

461 4642 612 4718 δέξῃ.
635 4642 889 4718 θατέροις
920 4642 1029 4716 γάρ
1057 4647 1203 4718 ἐστιν
1234 4642 1530 4718 Ῠᾷναίρέσις
1565 4649 1597 4714 ἡ
1647 4642 1776 4712 περὶ
1813 4643 1942 4718 μιᾶς
1967 4671 2038 4683 -·

456 4711 577 4767 cod.
631 4711 760 4765 Bav.
794 4711 948 4780 μίαν,
995 4711 1139 4782 vulg.
1183 4711 1399 4770 additur"
1441 4711 1644 4768 τούτὼν
1692 4711 1836 4780 quod
1886 4720 2032 4766 auct.

457 4783 615 4838 codd.
659 4782 788 4837 Bav.
840 4782 961 4838 Vat.
1012 4786 1114 4840 649
1141 4825 1154 4844 .
1185 4796 1240 4840 et
1287 4787 1395 4840 Alt.
1433 4784 1760 4853 ejiciendum
1809 4791 1929 4846 est,
1963 4811 2034 4853 -έ-

459 4853 884 4976 συγκέτῗιθεσιςο
928 4855 962 4928 ἢ
993 4856 1089 4926 τῆς
1121 4855 1270 4920 Θείας
1295 4852 1634 4926 τραπείσης,
1679 4852 1711 4923 ἢ
1747 4855 1843 4924 τῆς
1874 4852 2033 4924 ἡμῶν

461 4939 596 4976 μείω
635 4942 656 4974 ε
695 4940 806 4976 mc.

501 4939 681 4976 ειωυει
695 4940 806 4986 της.

461 4940 806 4994 μειωυειτης.

529 4997 604 5060 (αι
634 4994 750 5046 Lib.
797 5011 830 5056 ι,
856 5009 944 5063 ep.
986 4995 1128 5050 5'23:
1157 5025 1227 5035 —
1255 4995 1381 5045 Ὅτι
1425 4992 1482 5045 δὲ
1525 4993 1776 5063 ἀληθινὸς
1803 4993 1900 5063 καὶ
1939 4994 2032 5063 ἔχει

457 5063 674 5116 πάντων)
707 5063 838 5126 Θεὸς
863 5059 1197 5134 ,Ἑνθριρπος
1227 5063 1448 5134 γέγονξν
1483 5059 1722 5134 ἀληθῶς,
1755 5061 1880 5116 οὔτε
1913 5063 1942 5116 ὃ
1963 5059 2032 5134 ἦν

455 5135 686 5204 τραπεὶς
709 5173 736 5204 ,7
763 5135 852 5185 καὶ
883 5134 910 5187 ὃ
935 5130 1044 5204 οὐδὲν
1067 5130 1134 5201 ἦν
1171 5130 1612 5204 πίροσλαὸὼνηέκ
1636 5133 1850 5200 φύσεων
1887 5130 2031 5188 δυοῖν

454 5197 526 5243 -ὲ-
563 5203 684 5258 cod.
722 5203 847 5256 Bav.
893 5207 949 5256 ὲν
982 5197 1174 5270 cado-'55:
1201 5197 1420 5273 δυσί-κ
1442 5204 1468 5254 ὁ
1491 5197 1571 5266 εἷς
1605 5197 1867 5273 ὑᾶτάρχων
1901 5205 2028 5267 Υἱὸς

458 5274 695 5344 ᾅναρχος
730 5275 825 5326 καὶ
855 5275 1183 5344 ἀπέραντος,
1227 5271 1538 5341 πρόσφατος
1576 5274 1670 5327 καὶ
1703 5271 1890 5338 ἀΐδιος,
1918 5274 2026 5330 οὐδ’

458 5343 524 5397 ἂν
555 5345 715 5396 αὐτὸς
742 5343 1058 5413 ἁρνηθείίης.

531 5416 599 5482 (υ)
632 5414 748 5468 Lib.
773 5411 822 5486 _i.
867 5429 954 5482 cp.
1341 5411 1452 5486 γὰρ
1479 5415 1568 5486 καὶ
1601 5413 1737 5485 σὰρξ
1767 5414 1968 5486 ἀληθὴς
2000 5417 2028 5468 ὁ

531 5429 599 5482 to)
632 5429 748 5468 tut).
783 5429 822 5474 ι,
867 5429 954 5482 ep.
991 5429 1134 5468 4m):
1167 5441 1236 5448 —
1261 5429 1318 5463 nt
1345 5429 1416 5478 γα
1479 5431 1568 5466 και
1601 5429 1737 5485 capt;
1767 5429 1968 5486 αληυης
2000 5429 2024 5468 o

455 5483 626 5555 Λόγος
656 5483 969 5555 γεγένητσίς,
1143 5480 1204 5533 οὐ
1234 5479 1386 5546 ψιλὸς
1408 5429 1692 5552 impono;
1717 5488 1743 5536 ὁ
1768 5486 2024 5555 Χριστός·

458 5550 886 5624 ὲνᾳνθρωτρήσᾱς
907 5551 965 5604 δὲ
997 5550 1198 5624 μᾶλλον
1233 5582 1300 5624 _-
1329 5550 1614 5624 codLBav.
1646 5550 1844 5622 μᾶλλον
1873 5555 1930 5608 δὲ
1957 5585 2026 5593 -

463 5623 597 5695 ese;
624 5619 684 5695 ita
716 5619 1158 5695 snatépatcftqi;
1177 5619 1402 5695 φιξσεσιν
1430 5621 1509 5688 εἷς
1541 5619 1774 5695 ὑπάρχει
1796 5655 1860 5665 --
1885 5624 2020 5695 Cod.

623 5693 884 5812 ὑπόὁέξῖν
914 5720 983 5729 -
1012 5689 1136 5754 Υἱὸς
1163 5691 1255 5746 τοῦ
1276 5725 1344 5735 ——
1366 5695 1506 5765 quod
1535 5689 1800 5750 omittitur
1821 5695 1873 5748 in
1901 5694 2020 5749 cod.

507 5779 592 5816 ειν.
614 5791 685 5802 --
711 5777 869 5814 υεου.
901 5789 970 5800 -·’

2139 4570 2447 4642 Nestorium
2479 4581 2532 4624 et
2558 4571 2838 4642 Eutychen
2861 4570 3124 4626 memorat
3149 4573 3334 4627 Isidori
3361 4574 3428 4627 ad
3461 4575 3717 4630 Theodo-

2139 4641 2278 4712 sium
2314 4641 2721 4711 presbyterum,
2753 4643 3100 4712 Timotheum
3143 4643 3424 4712 lectorem.
3456 4645 3714 4712 Cyrillum

2137 4711 2562 4781 Alexandrinum
2611 4713 2851 4781 aliosque
2900 4711 3173 4778 epistolas.
3203 4711 3314 4764 Cfr.
3367 4711 3604 4768 Maxima
3632 4716 3714 4770 bi-

2137 4781 2386 4835 bliotheca
2425 4780 2560 4835 VV.‘
2581 4782 2692 4834 PP.
2724 4780 2852 4836 tuin.
2882 4781 2969 4838 IX.
3006 4796 3058 4848 p.
3089 4781 3208 4841 68L
3237 4782 3362 4846 682,
3394 4782 3516 4836 685.

2208 4852 2285 4921 (dt
2326 4852 2622 4905 Christiani
2665 4851 2892 4923 Augusti
2931 4850 3114 4923 Saligii
3155 4852 3222 4923 die
3277 4854 3712 4922 eutychianismo

2135 4933 2258 4976 ante
2291 4923 2604 4992 Eutychen,
2630 4921 2856 4992 siveide
2884 4921 3301 4992 eutyehianismi
3333 4921 3458 4976 vere
3482 4941 3545 4980 ac
3579 4927 3716 4980 falso

2133 4989 2417 5064 suspectis,
2456 5000 2715 5064 tractatus
2754 4989 3044 5064 historicus
3076 5000 3132 5045 et
3173 4993 3530 5064 theologicus.
3560 4994 3717 5051 Wol-

2131 5062 2447 5118 fenbuttela:
2481 5063 2634 5120 I725,
2671 5061 2807 5114 in-d.
3363 5061 3379 5064 '
3592 5097 3598 5100 .

2204 5136 2276 5199 (ε)
2301 5132 2584 5202 Μοειιεξηιἰ
2605 5129 2744 5202 Hist.
2773 5129 2896 5202 θερί.
2929 5145 2982 5198 p.
3021 5129 3148 5202 225.
3172 5130 3199 5202 §
3228 5133 3310 5187 15.

2203 5203 2269 5272 (1)
2321 5202 2505 5280 Ipsum
2539 5199 2802 5280 Cyrillum
2841 5201 3004 5255 haece
3053 5199 3282 5257 formula
3317 5205 3514 5272 ssepius
3551 5220 3708 5261 usuin

2130 5289 2270 5336 esse,
2299 5278 2513 5326 constat
2539 5278 2680 5322 inter
2707 5285 2922 5324 omnes.

2202 5344 2274 5413 (ρ)
2341 5341 2432 5394 Sic
2469 5341 2954 5413 stomachabantur
3011 5341 3244 5413 I_\_cacius
3301 5342 3705 5411 Blclrtenensis,

2129 5411 2424 5467 Successus
2469 5411 2565 5464 Dio
2593 5411 2969 5474 Cwsareensis,
3019 5411 3332 5467 \’a.erianus
3373 5415 3670 5470 Iconiensis
3694 5457 3707 5476 .

2129 5484 2347 5552 aliique,
2385 5497 2577 5535 omnes
2611 5481 2866 5552 Cyrillum
2899 5482 3710 5552 vituperantes,quodinOrien-

2131 5549 2344 5616 talium,
2372 5552 2465 5620 qui
2497 5549 2713 5623 omnem
2757 5549 3435 5623 unionenrhypostaticam
3476 5556 3704 5623 τήξεις--

2128 5622 2642 5747 εθηὲιὲοιιεθιιεθτίι
2679 5636 2859 5676 voces.
2888 5621 2971 5675 Cf.
3024 5620 3189 5693 Salig.
3249 5624 3284 5676 l.
3344 5639 3390 5678 c.
3439 5620 3556 5694 Cap.
3615 5628 3702 5692 9.8,

2129 5709 2180 5747 ι).
2231 5708 2292 5747 ..ι
2339 5733 2351 5747 .

2127 5709 2180 5763 p.
2227 5708 2351 5748 2w.
3720 5708 3724 5712 '
