4118 6398
323 352 394 414 $9
914 377 952 394 ιν

1580 355 1761 417 VITA
1802 352 2101 414 Ismonl
2139 352 2406 412 PELUS.
3565 356 3639 422 30

322 463 718 526 \ituperarunt
764 452 869 526 (ὴ).
903 456 1112 514 Scribit
1141 461 1290 515 enim
1344 461 1412 516 ad
1465 463 1615 519 illum
1647 464 1777 520 alibi
1815 463 1888 535 (ὁ)
1923 483 1936 518 :
1970 472 2018 525 Α
2046 464 2250 516 virtute
2273 476 2480 517 vacuus
2510 475 2738 517 munere
2765 461 2882 520 solo
2905 475 3027 516 sese
3070 460 3258 530 jactat.
3291 461 3419 516 Inde
3465 462 3524 518 ﬁt
3581 477 3639 518 ut

329 569 350 599 ι
389 555 622 616 Oportet
675 561 728 602 te
783 547 1006 604 ﬁrmum
1067 566 1132 606 ac
1183 551 1522 608 constantem
1573 571 1788 625 semper
1827 571 1940 609 ma-

323 652 484 699 nere;
511 639 594 690 sic
623 652 828 706 nempe
867 649 929 693 ut
973 655 1080 695 nec
1119 651 1267 696 metu
1312 646 1552 699 caelestia
1583 646 1802 715 prodas,
1833 659 1938 699 nec

327 735 514 780 tecum
549 728 667 796 ipse
700 743 946 798 pugnare
986 729 1240 784 ridearis.
1277 732 1383 787 Sed
1415 733 1459 788 si
1499 751 1621 804 qure
1651 751 1796 789 nunc
1839 736 1938 790 abs

327 830 384 874 te
416 821 622 888 scripta
654 831 781 873 sunt
809 835 938 874 cum
970 822 1077 876 illis
1100 833 1264 878 antea
1299 836 1404 880 ate
1433 828 1697 883 confessis
1717 845 1938 898 compa-

322 921 546 971 rantur,
571 921 669 964 aut
701 911 1005 966 adulationi
1035 914 1306 969 obnoxius
1351 932 1472 971 esse
1521 906 1808 979 videberis,
1845 931 1938 973 aut

322 1002 574 1056 levitatis
605 1002 877 1068 minister,
931 1013 992 1058 ut
1031 1005 1125 1074 qui
1171 1007 1317 1060 inani
1372 1009 1556 1078 gloria»
1589 1012 1933 1076 suecumhas,

325 1109 444 1144 non
483 1103 675 1146 autem
708 1109 1032 1164 magnorum
1057 1103 1113 1149 et
1146 1106 1458 1151 sanctorum
1489 1100 1726 1168 pugilum
1757 1110 1938 1154 certa-

320 1181 478 1232 mina
542 1182 798 1240 imiteris,
857 1184 950 1250 qui
1008 1199 1107 1252 per
1139 1200 1358 1238 omnem
1407 1187 1572 1241 vitam
1631 1189 1688 1241 in
1749 1198 1936 1243 extera

321 1271 536 1339 region
577 1273 752 1340 premi
787 1288 851 1326 ac
878 1274 1060 1326 vexari
1097 1275 1281 1342 potius
1306 1275 1406 1329 sibi
1451 1276 1733 1331 ferendum
1765 1280 1932 1333 duxe-

322 1371 478 1420 runt.
515 1377 686 1431 quam
715 1374 773 1417 ut
803 1379 1116 1433 perversam
1149 1375 1243 1421 aut
1272 1367 1458 1422 falsam
1491 1371 1820 1424 sententiam
1851 1373 1936 1427 vel

322 1454 561 1508 auribus
590 1456 916 1525 exciperent
959 1457 1051 1527 (ο).
1101 1477 1121 1508 ι
1171 1489 1240 1498 -
1267 1459 1611 1530 Quapropter
1639 1462 1936 1516 Tillemon—

325 1545 436 1600 tius
492 1562 803 1617 omnesque
857 1551 980 1618 ejus
1021 1552 1313 1608 sententia:
1351 1553 1616 1618 faventes,
1665 1555 1935 1612 Isidorum

323 1650 477 1688 anno
501 1636 612 1691 H9
649 1637 735 1691 vel
791 1639 896 1694 450
929 1641 1074 1695 inter
1103 1642 1256 1696 vivos
1305 1643 1486 1702 adhuc
1533 1643 1700 1700 luisse
1729 1660 1795 1700 ex
1851 1647 1936 1702 his

323 1728 580 1796 epistolis
617 1737 827 1782 temere
858 1730 1143 1794 collegisse
1173 1731 1452 1787 videntur.

2039 555 2128 608 ille
2161 563 2418 624 tanquam
2449 553 2554 616 vir,
2615 553 2772 622 cujus
2818 553 3090 623 cogitandi
3148 563 3204 608 et
3255 555 3447 624 agendi
3501 557 3638 610 ratio

2037 646 2283 716 dignitati
2313 663 2425 702 suae
2473 662 2696 716 prorsus
2738 645 3050 710 conveniat,
3081 646 3150 699 ab
3189 646 3446 700 omnibus
3485 648 3637 700 cele-

2038 741 2246 804 bretur;
2278 739 2366 793 hic
2398 748 2654 807 tanquam
2679 738 2898 807 spurius
2929 746 3151 791 notetur
3181 738 3384 806 talique
3405 753 3636 791 munere

2039 831 2314 900 indignus.
2353 851 2371 882 ι
2409 830 2467 884 In
2509 831 2610 884 hac
2633 845 2763 884 vero
2801 831 2866 883 ad
2900 830 3180 883 Zenonem
3209 831 3438 900 cpistola
3470 831 3549 885 sic
3569 831 3638 883 de

2039 923 2380 992 Hermogene
2414 923 2691 992 loquitur:
2742 941 2762 974 ι
2801 923 3170 992 Ilermogenes
3231 923 3521 992 epist-opus
3556 923 3638 976 vir

2039 1017 2242 1086 probus
2265 1023 2368 1078 est,
2396 1015 2438 1068 si
2475 1015 2596 1083 quis
2647 1015 2804 1068 alius.
2841 1013 3112 1068 Educatus
3145 1015 3290 1068 enim
3337 1016 3388 1068 in
3430 1015 3635 1070 Christi

2043 1105 2188 1174 lege,
2216 1105 2481 1174 exemplis
2506 1105 2818 1174 apostolicis
2843 1105 3144 1167 institutus,
3173 1107 3430 1174 episcopo
3475 1107 3636 1177 digna

2039 1199 2280 1252 sentitet
2325 1198 2662 1266 exsequitur.
2687 1198 2867 1264 Quare
2901 1198 3244 1266 temporibus
3299 1199 3634 1252 convenien-

2041 1300 2147 1343 tem
2173 1288 2394 1359 gloriam
2440 1299 2724 1342 assecutus
2781 1297 2944 1343 estet
2971 1290 3234 1342 honorem
3267 1289 3372 1357 (li).
3429 1290 3634 1345 Invidia

2039 1380 2208 1444 enim,
2239 1395 2360 1448 quae
2396 1379 2529 1432 alios
2559 1380 2759 1450 virtute
2781 1381 3039 1448 pneditos
3067 1380 3241 1448 palam
3282 1381 3420 1433 solet
3457 1397 3633 1450 Oppu-

2047 1487 2234 1541 gnare,
2267 1473 2432 1538 hunc,
2467 1479 2691 1541 propter
2725 1471 3100 1524 incredibilem
3137 1486 3348 1524 morum
3371 1488 3631 1525 mansue-

2040 1564 2289 1618 tudinem
2338 1580 2402 1617 ae
2457 1565 2784 1633 singularem
2841 1563 3186 1624 modestiam,
3233 1579 3302 1617 ne
3383 1565 3631 1633 aspicere

2040 1647 2257 1718 quidem
2290 1648 2472 1702 audet.
2509 1667 2527 1698 ι
2561 1676 2629 1688 —-—
2677 1645 2904 1715 Reliqua
2955 1655 3014 1700 ut
3072 1647 3336 1701 addamus
3389 1664 3496 1701 non
3551 1657 3635 1706 est

2039 1755 2302 1794 necesse:
2337 1756 2457 1809 quas
2483 1739 2630 1792 enim
2665 1740 2824 1792 allata
2849 1747 2977 1792 sunt
3009 1740 3142 1794 satis
3183 1756 3455 1810 superque
3502 1756 3632 1810 pro-

398 1819 510 1873 Sed
561 1820 728 1873 etiam
757 1821 905 1873 ineo
948 1820 1156 1876 fallitur
1187 1823 1276 1876 ille
1316 1825 1414 1893 (rt),
1447 1827 1588 1894 quod
1629 1843 1693 1880 ex
1729 1827 1930 1882 'Isidori
1968 1849 2006 1904 Β
2035 1830 2166 1884 baut
2197 1830 2460 1885 Isidorum
2514 1829 2679 1885 haece
2723 1829 2777 1884 in
2831 1830 3061 1896 epistola
3115 1846 3224 1884 non
3275 1831 3342 1884 de
3381 1830 3548 1900 gloria
3579 1839 3632 1886 et

324 1907 525 1962 litteris
558 1908 626 1961 ad
686 1908 1022 1963 Marcionem
1077 1913 1453 1982 presbyterum
1511 1915 1578 1983 (ε)
1639 1925 1695 1969 et
1765 1917 1936 1972 Zeno-

323 2015 452 2052 nem
493 2000 559 2069 (ρ
595 1999 740 2053 datis
770 2015 1037 2070 apparere
1067 2003 1385 2068 arbitratur,
1417 2019 1546 2058 eum
1590 2005 1933 2078 Hermogene

325 2087 733 2144 Rhinocorura:
757 2091 1021 2161 episcopo
1043 2093 1152 2161 jam
1187 2104 1401 2148 mortuo
1433 2095 1577 2150 diem
1618 2113 1933 2168 supremum

325 2181 552 2234 abiisse.
597 2181 658 2234 In
691 2181 782 2234 illa
817 2183 962 2236 enim
1011 2185 1152 2238 duos
1185 2185 1497 2256 episcopos,
1535 2187 1936 2260 Hermogenem

328 2273 537 2326 scilicet
553 2273 733 2326 virum
755 2272 906 2342 pium
927 2275 1272 2346 iustumque,
1306 2295 1430 2333 cum
1459 2280 1691 2335 Eusebio
1716 2283 1936 2337 homine

333 2381 502 2434 pravo
520 2373 578 2419 et
597 2367 862 2428 scelesto,
884 2378 1167 2437 comparat
1196 2379 1383 2423 auctor
1407 2370 1460 2423 in
1491 2371 1637 2425 hunc
1668 2373 1889 2428 modum
1919 2392 1931 2427 :

334 2477 351 2507 ι
394 2457 500 2520 Qui
547 2457 756 2511 virtute
817 2458 1000 2512 clarus
1037 2467 1143 2522 est,
1174 2459 1218 2514 is
1259 2462 1537 2531 geminum
1585 2462 1817 2516 habetur
1845 2479 1936 2516 sa-

327 2549 554 2603 cerdotii
588 2549 762 2602 decus
787 2559 842 2603 et
873 2559 1259 2604 ornamentum
1285 2567 1299 2616 ;
1331 2552 1423 2622 qui
1459 2569 1589 2607 vero
1612 2555 1934 2608 sacerdotali

327 2656 558 2696 munere
606 2641 836 2696 functus
875 2641 994 2696 solo
1038 2651 1211 2698 tumet
1261 2645 1489 2710 honore,
1535 2646 1580 2700 is
1629 2661 1816 2700 revera
1866 2647 1934 2702 ad

326 2735 544 2803 spurios
590 2735 835 2803 rejectus
875 2743 980 2790 est.
1038 2735 1226 2806 Itaque
1283 2737 1650 2808 Hermogenes
1703 2739 1786 2793 vir
1826 2739 1936 2795 Deo

327 2839 590 2896 acceptus
621 2827 944 2895 dignitatem
979 2829 1184 2898 recepit
1215 2830 1398 2884 virtuti
1446 2846 1561 2885 sua:
1603 2831 1936 2886 convenien-

327 2927 438 2972 tem
473 2921 572 2987 ig).
610 2919 694 2973 Ad
742 2919 1058 3005 facultatem
1087 2922 1234 2975 enim
1287 2929 1577 2992 utramque
1632 2923 1932 2990 contendit,

328 3017 442 3063 tum
509 3011 807 3066 sacerdotii
861 3023 1250 3068 ornamentum
1313 3013 1541 3084 dignum
1605 3024 1936 3072 consecutus

329 3109 444 3156 tum
492 3103 724 3157 virtutis
744 3104 1115 3174 maiestatem,
1169 3121 1200 3160 a
1248 3105 1431 3161 divina
1475 3109 1647 3176 gratia
1693 3107 1934 3162 debitam

2038 1921 2248 1974 honore
2281 1937 2442 1990 quem
2495 1921 2584 1974 ille
2619 1921 2671 1974 in
2725 1920 2916 1975 l‘utura-
2956 1923 3084 1985 vita,
3135 1921 3231 1975 sed
3275 1921 3343 1976 de
3399 1922 3544 1990 justa
3577 1932 3634 1976 et

2043 2012 2236 2066 merita
2265 2028 2426 2083 agere
2462 2012 2652 2083 gloria,
2679 2028 2842 2082 quam
2870 2011 3238 2082 Hermogenes
3267 2013 3411 2082 apud
3442 2028 3636 2068 omnes

2039 2112 2370 2156 consecutus
2424 2105 2497 2156 sit
2551 2103 2832 2156 mortales.
2889 2101 3154 2156 Caelestis.
3214 2103 3364 2156 enim
3423 2112 3480 2158 et
3526 2117 3634 2170 qua

2038 2193 2242 2261 probus
2266 2192 2497 2260 quisque
2546 2192 2689 2261 apud
2747 2193 2916 2244 Deum
2941 2192 3142 2261 gaudet
3185 2193 3335 2254 omni
3373 2195 3632 2260 superior

2039 2293 2122 2339 est
2151 2285 2368 2338 invidia.
2407 2313 2478 2324 -ι-
2519 2284 2661 2354 Ergo
2695 2283 2771 2336 uti
2822 2297 2888 2336 ex
2925 2282 3028 2336 illis
3069 2283 3318 2351 epistolis
3367 2282 3634 2338 lsidorum

2037 2377 2368 2432 Pclusiotam
2397 2390 2542 2428 anno
2585 2375 2711 2438 449,
2767 2373 2850 2426 vel
2897 2372 3024 2429 450.
3059 2372 3201 2426 inter
3251 2373 3406 2426 viros
3435 2372 3635 2426 etiam-

2040 2477 2154 2522 tum
2197 2466 2365 2520 fuisse
2395 2480 2504 2518 non
2541 2464 2916 2532 consequitur,
2972 2463 3048 2516 ita
3088 2479 3154 2516 ex
3200 2462 3286 2516 his
3333 2477 3456 2516 eum
3511 2470 3638 2532 post

2038 2557 2394 2629 Ilermogenis
2410 2564 2640 2611 mortem
2658 2555 2803 2610 diem
2834 2569 3153 2624 supremum
3179 2553 3383 2608 obiisse
3411 2553 3636 2624 probari

2038 2651 2247 2720 nequit.

2123 2743 2229 2796 Sed
2293 2757 2418 2796 cum
2470 2739 2724 2810 equidem
2775 2739 2830 2794 in
2873 2739 2993 2809 ejus
3037 2739 3285 2809 epistolis
3336 2737 3632 2808 nihilque

2041 2835 2160 2890 hazc
2225 2833 2290 2888 lis
2344 2832 2571 2886 omnino
2612 2831 2800 2886 dirimi
2864 2831 3060 2901 possit,
3116 2831 3445 2894 invenerim,
3499 2830 3632 2885 satis

2037 2925 2217 2980 habeo
2267 2925 2549 2994 probasse,
2599 2939 2724 2978 eum
2763 2933 2888 2994 post
2924 2939 3131 2978 annum
3163 2922 3286 2987 454,
3318 2937 3440 2976 esse
3481 2937 3629 2976 mor-

2041 3026 2214 3072 tuum.
2265 3017 2677 3072 Accuratiorem
2728 3031 2859 3071 vero
2911 3015 3040 3070 anni
3083 3015 3248 3084 hujus
3297 3014 3398 3070 viri
3453 3013 3632 3069 fatalis

2037 3109 2412 3164 deﬁnitionem
2453 3107 2585 3164 viris
2629 3115 2686 3162 et
2734 3106 3106 3178 sagacioribus
3171 3115 3228 3161 et
3287 3105 3630 3161 doctioribus

325 3195 728 3250 accessionem.
787 3194 861 3250 At
914 3194 1186 3252 Eusebius
1218 3197 1330 3252 Deo
1378 3197 1613 3252 infestus
1672 3198 1932 3268 omnique
1960 3192 2002 3250 C
2037 3200 2309 3270 relinquo.

394 3374 477 3445 (α)
517 3374 662 3445 Ipse
715 3373 1100 3429 Tillemontius
1152 3375 1206 3429 in
1264 3375 1508 3430 Historiae
1555 3375 1932 3430 ecclesiasticae

322 3444 456 3500 tom.
484 3444 604 3510 XV,
631 3461 683 3514 p.
720 3445 856 3508 “3,
891 3454 994 3499 art.
1043 3461 1162 3500 vut.
1199 3445 1358 3500 allata
1389 3447 1568 3501 lunrce
1601 3449 1667 3500 ad
1700 3446 1930 3500 Hermo-

321 3531 521 3587 genem
556 3517 814 3584 epistola,
835 3516 1038 3587 scribit
1065 3535 1078 3570 :
1109 3517 1374 3570 Auroit-il
1413 3517 1564 3587 parlé
1593 3517 1661 3572 de
1693 3517 1759 3586 la.
1783 3526 1929 3572 sorte

321 3589 388 3643 de
425 3585 577 3640 saint
609 3586 852 3656 (lyrille?

394 3659 470 3726 ib)
509 3657 632 3711 Lib.
661 3671 698 3718 ι,
727 3656 980 3728 (ιριὸἓᾶ,
1028 3656 1097 3712 de
1122 3674 1228 3727 qua
1264 3657 1448 3726 Lupus
1481 3673 1700 3728 quoque
1733 3659 1788 3712 in
1821 3674 1926 3713 no-

322 3728 392 3798 tis
415 3729 487 3798 ad
517 3729 798 3798 variorum
827 3727 1046 3781 Patrum
1080 3729 1340 3797 epistolas
1366 3730 1401 3783 l.
1425 3744 1475 3783 c.
1501 3727 1626 3783 haec
1657 3729 1879 3798 scripsit
1905 3747 1918 3783 :

323 3797 382 3850 S.
441 3797 684 3868 Cyrillus
721 3796 848 3850 licet
881 3813 978 3851 sua
1026 3796 1266 3868 capitula
1321 3796 1792 3854 anathematizare
1826 3807 1922 3852 aut

323 3868 658 3922 Solemniter
703 3877 991 3922 recantare
1022 3871 1282 3925 noluerit.
1321 3887 1382 3923 ea
1412 3879 1593 3923 tamen
1617 3879 1674 3924 et
1703 3870 1754 3922 in
1782 3871 1924 3924 datis

321 3939 392 3992 ad
415 3939 683 3992 Acacium
720 3936 947 3992 Berrhte
963 3954 1143 4002 nsem,
1175 3955 1238 3993 ac.
1264 3939 1392 3993 item
1423 3941 1487 3992 ad
1512 3940 1778 3992 Joannem
1813 3943 1925 3992 An-

323 4011 653 4062 tiochenum
686 4007 884 4062 litteris
907 4049 920 4068 ,
946 4018 1002 4063 et
1039 4010 1154 4063 suis
1188 4025 1313 4064 cum
1347 4011 1509 4064 l’aulo
1543 4009 1811 4064 Emeseno
1838 4025 1928 4064 ac-

320 4079 412 4142 tis,
455 4088 544 4132 est
572 4079 820 4131 suaviter
849 4080 1185 4134 moderatus.
1231 4080 1369 4133 Hinc
1405 4081 1457 4133 in
1487 4081 1764 4149 publicum
1800 4089 1931 4134 tunc

319 4165 554 4217 sparsus
579 4149 692 4220 fuit,
717 4164 903 4220 rumor
931 4151 998 4203 de
1025 4151 1209 4220 Cyrilli
1245 4150 1590 4218 pmnitentia.
1639 4150 1774 4203 Item
1827 4152 1932 4204 sub

318 4220 552 4273 nomine
575 4218 814 4288 Philippi
830 4218 1090 4274 Romana:
1109 4222 1198 4274 Ec-
1221 4220 1364 4274 lesia:
1397 4221 1695 4290 presbyteri
1717 4230 1768 4274 et
1797 4236 1932 4289 apo-

318 4291 508 4343 stolici
545 4290 692 4358 apud
727 4291 1000 4359 Ephesum
1027 4291 1205 4359 legati,
1230 4306 1416 4359 sparsa
1455 4291 1551 4344 I'uit
1585 4290 1810 4359 epistola
1843 4307 1932 4345 as-

317 4375 591 4414 severans
631 4360 844 4413 Sixtum
881 4363 1194 4429 pontiﬁcem
1215 4361 1433 4428 quidem
1465 4361 1816 4430 conﬁrmasse
1844 4377 1933 4430 pa-

319 4447 466 4492 cem,
507 4432 847 4496 expunxissc
877 4425 1058 4484 talum
1099 4425 1511 4484 damnationem
1549 4429 1807 4484 Nestorii.
1844 4425 1930 4485 Ita

2036 4429 2238 4499 γοῦσαιν
2261 4433 2323 4499 τῇ
2360 4431 2527 4500 ἀρετῇ

318 4502 438 4569 ipse
478 4500 724 4571 Cyrillus
746 4500 998 4568 queritur
1033 4501 1088 4554 in
1112 4501 1316 4571 litteris
1349 4501 1417 4553 ad
1441 4501 1700 4554 Acacium
1735 4500 1932 4554 Meliti-

315 4569 555 4626 ncnsetn
629 4581 682 4625 et
751 4572 1024 4624 Donatum
1079 4569 1523 4638 Nictqn‘ilitanuin
1587 4573 1929 4640 episcopum.

318 4642 448 4697 Haec
489 4642 663 4709 igitur
714 4641 904 4694 oninia
961 4641 1157 4695 videns
1207 4650 1264 4694 ct
1303 4641 1664 4695 considerans
1701 4657 1931 4709 magnus

317 4713 408 4766 ille
437 4715 754 4766 monachus
787 4711 1029 4765 Isidorus
1065 4741 1133 4749 —
1167 4711 1536 4779 paternojurc
1568 4711 1718 4764 illum
1744 4713 1934 4764 admo-

317 4794 434 4836 tllll
457 4825 472 4846 ,
508 4791 562 4837 ut
605 4792 755 4836 esset
803 4781 1050 4850 prudens
1082 4791 1137 4833 et
1181 4791 1440 4834 constans
1466 4823 1504 4841 .,
1536 4791 1593 4834 ιιι
1643 4796 1928 4835 sermones

315 4871 446 4907 suos
476 4855 838 4923 ilispeosaret
860 4851 1166 4923 injmlicio,
1202 4861 1262 4904 ut
1296 4867 1404 4903 non
1433 4852 1712 4906 videretur
1731 4852 1930 4905 docere

311 4921 629 4987 contraria,
665 4933 731 4977 ut
763 4923 886 4978 istis
927 4921 1242 4976 rumoribus
1280 4937 1388 4974 non
1435 4923 1594 4976 daret
1638 4938 1806 4976 ansas
1835 4928 1932 4975 aut

311 4997 579 5049 Gmiettla.

379 5071 450 5136 (ι’)
479 5058 657 5121 verba
689 5064 883 5119 Grmca
910 5063 992 5136 sic
1014 5078 1074 5136 se
1101 5061 1301 5136 habent
1328 5080 1340 5113 :
1369 5061 1494 5136 X911
1525 5077 1605 5136 ᾳε,
1637 5061 1929 5136 θαυμάσιε,

305 5130 582 5206 ἄτρέπτον
623 5138 820 5206 μένειν
859 5135 972 5206 eiei,
1017 5130 1144 5206 οὔτε
1184 5132 1333 5200 φόϐῳ
1367 5131 1684 5206 προδιδόντοι
1718 5133 1786 5206 ei:
1831 5132 1930 5206 ou-

305 5202 484 5278 919:1,
521 5202 654 5262 οὕτὲ
699 5204 895 5274 σαυτῷ
944 5202 1192 5256 ἐναντίον
1227 5203 1590 5278 φᾳινόμξνονι
1717 5203 1826 5272 γὰρ
1857 5203 1927 5278 τᾲ

299 5271 393 5333 ὗιίν
425 5277 815 5355 γεγραμμένα
845 5271 934 5328 ἀοι
962 5276 1080 5334 τοῖς
1119 5272 1406 5345 προτέροις
1433 5271 1866 5339 ἁντεξετάσειςις,
1895 5271 1926 5342 ἢ

2040 3376 2342 3448 κολακείας
2365 3377 2583 3448 φανήσῃ
2624 3375 3016 3448 ὑπεύθυνος,ἢ
3053 3374 3626 3448 εὐχερείας-Ὀιιξιι.

2039 3457 2094 3502 et
2126 3444 2389 3501 Hittersh.
2417 3444 2700 3516 εὐχερείας
2732 3446 2763 3514 ἢ
2796 3477 2860 3486 -—
2899 3444 3166 3516 διάγὶονος,
3187 3444 3370 3512 κενῆς
3407 3444 3629 3516 μὲκεδὸ-

2041 3517 2142 3588 ξης
2173 3512 2512 3588 ήττώμξνοέξ
2537 3512 2646 3568 ’ἐῶν
2673 3512 2924 3588 μεῩάλῳν
2949 3515 3006 3566 δὲ
3023 3546 3091 3588 -έ
3109 3515 3263 3568 abest
3287 3529 3316 3567 a
3339 3519 3464 3588 cod.
3498 3512 3629 3588 Bav:

2034 3583 2106 3627 ἑ
2129 3583 2303 3656 ἁγῖων
2330 3583 2580 3655 ἀθλητῶν
2613 3583 2739 3649 τοὺς
2783 3586 3002 3656 ἀγῶνας
3042 3587 3102 3638 οὐ
3137 3584 3550 3656 μιμι-ιίξᾰιμενιῖιςς,Δ
3574 3583 3624 3638 οἳ

2031 3658 2122 3710 τὸν
2153 3653 2372 3712 ἅπαντα
2425 3653 2537 3726 βίον
2570 3658 2656 3710 ἐπ’
2694 3655 2980 3724 ἀλλοτρίας
3023 3687 3091 3696 --
3123 3653 3422 3726 γὸοιΙζΒιιῩ.
3471 3654 3632 3726 mo-

2030 3729 2210 3800 τρίαις
2233 3757 2305 3800 -—_-
2337 3724 2722 3800 καικουχεξσθαι
2758 3727 3075 3800 ὑπξμξιειοιν,
3105 3725 3138 3794 ἦ
3172 3724 3463 3788 κακόδοξον
3505 3724 3632 3796 φρό-

2029 3795 2180 3869 νήμκ
2209 3798 2314 3869 κᾶν
2346 3795 2722 3869 μέχριςίᾼῷτων
2745 3797 3110 3869 εἰσδεὲξειισοτιιιἶ

2105 3863 2182 3934 ζα)
2217 3863 2505 3923 Tillemont
2543 3867 2681 3921 Hist.
2735 3867 2859 3922 θεοί.
2903 3877 3036 3922 tom.
3098 3865 3217 3932 XV,
3269 3882 3323 3936 p.
3383 3864 3505 3928 117,
3553 3863 3628 3920 cf.

2033 3955 2089 4010 ι).
2121 3941 2206 4002 l8,
2220 3948 2349 4010 _not.
2384 3940 2437 3993 εί.

2107 4011 2178 4078 (ε)
2218 4008 2336 4062 Lib.
2367 4027 2419 4076 γ,
2447 4025 2536 4078 ep.
2571 4009 2698 4063 578.

2107 4081 2170 4150 (ί)
2209 4079 2328 4132 Lib.
2365 4097 2416 4150 ν,
2451 4095 2538 4148 ep.
2575 4080 2700 4150 too.

2103 4145 2180 4216 (gi
2218 4151 2289 4202 Ex
2331 4149 2414 4203 his
2436 4190 2449 4212 ,
2482 4145 2536 4202 ni
2570 4149 2746 4211 fallor,
2774 4148 2956 4202 verbis
2990 4147 3373 4201 Tillemontius
3407 4145 3630 4216 collegit

2032 4215 2295 4274 Isidorum
2323 4221 2390 4274 de
2409 4230 2626 4273 mortuo
2657 4219 2996 4289 Hermogene
3020 4218 3261 4270 locutum
3281 4233 3422 4271 esse.
3449 4215 3630 4280 Quare

2038 4291 2207 4344 verba
2235 4306 2408 4354 graaca
2443 4290 2717 4344 ascribere
2754 4304 2863 4342 non
2893 4290 2992 4342 ahs
3029 4305 3086 4341 re
3119 4289 3242 4341 erit.
3275 4289 3416 4340 Sunt
3441 4297 3629 4338 autem

2035 4359 2155 4414 haec
2195 4377 2209 4413 :
2242 4359 2400 4412 Ἐπεὶ
2447 4355 2544 4412 οὖν
2569 4361 2598 4412 ὁ
2631 4360 2730 4428 μὲν
2762 4357 3398 4428 θεοφιλὴςῄΈρμογένης
3429 4355 3630 4424 ὁμολο-

2502 4433 2527 4500 ῇ
2572 4426 2665 4500 κᾴὶ
2698 4429 2794 4498 τὴν
2826 4426 2986 4500 tigrim)
3022 4426 3168 4500 ἐειχετ

2107 4503 2186 4562 th)
2219 4495 2364 4564 Haec,
2402 4495 2465 4553 ni
2497 4495 2680 4554 omnia
2712 4495 2797 4552 me
2835 4498 3026 4552 fallunt
3059 4498 3242 4558 verba,
3285 4495 3632 4549 induxerunt

2034 4570 2444 4624 Tillemontium
2469 4610 2484 4633 ,
2527 4577 2587 4622 ut
2636 4569 2778 4622 hanc
2811 4583 2910 4636 pro
2947 4582 3044 4622 sua
3083 4565 3356 4620 sententia
3403 4564 3632 4636 aiIerret

2032 4641 2342 4710 epistolam.
2374 4641 2514 4694 Sunt
2538 4649 2723 4710 autem
2751 4635 2864 4693 haec
2899 4657 2910 4692 :
2945 4637 3173 4710 ᾝξτισκο
3186 4637 3286 4710 ei};
3309 4636 3364 4688 δὲ
3382 4635 3510 4710 ἄξια.
3536 4635 3632 4710 κ-αὶ

2035 4706 2318 4780 φρονήσας
2369 4711 2464 4762 καὶ
2517 4709 2768 4780 πράξας,
2817 4707 3143 4776 συνηϐὠσαν
3175 4706 3252 4780 τῷ
3299 4707 3479 4778 χρόνῳ
3529 4706 3631 4780 rip)

2030 4763 2319 4850 έόξα-ίκαῗ
2349 4781 2446 4850 τὴν
2479 4763 2664 4849 apii];
2693 4763 2982 4850 iamut.
3013 4809 3079 4819 —-
3106 4763 3462 4850 (lodilsiiat;
3501 4763 3628 4830 650.

2031 4859 2088 4906 et
2126 4851 2232 4904 Alt.
2277 4847 2547 4904 inserunt
2575 4847 2718 4903 inter
2758 4847 3082 4918 συνίηὸὡσαν
3131 4857 3185 4918 et
3229 4847 3305 4917 τῷ
3347 4849 3528 4918 χρόνῳ
3561 4876 3631 4886 --

2032 4921 2488 4988 συνακμάζουσαν
2514 4960 2528 4983 ,
2561 4921 2706 4988 quod
2761 4917 3089 4973 vocabulum
3137 4917 3332 4972 Petrus
3365 4919 3630 4972 Pessinus

2031 5006 2162 5044 voce
2194 4992 2288 5042 καὶ
2315 5007 2439 5044 cum
2470 4991 2925 5044 antecedentibus
2941 4989 3386 5056 conjungeudum
3413 4996 3626 5050 censet,

2029 5061 2104 5114 ita
2155 5071 2213 5114 ut
2259 5070 2404 5116 totus
2449 5061 2602 5114 locus
2641 5062 2721 5114 sic
2771 5078 2830 5113 se
2867 5055 3063 5112 haheat
3109 5077 3120 5112 :
3160 5055 3483 5128 συνηϐὦσαν
3531 5057 3628 5108 καὶ

2034 5132 2499 5200 συνακμάζουσαν
2530 5129 2606 5200 τῷ
2635 5130 2835 5200 χρόνω.
2886 5129 3154 5200 Equidem
3208 5130 3433 5200 ycrhum
3496 5143 3626 5200 cov-

2027 5195 2407 5271 ακμὰςὸυσαν,
2429 5195 2807 5271 (ιιιοιιίιὶἱέιυιιι
2841 5195 3001 5256 codd.
3040 5199 3114 5254 illi
3133 5237 3148 5262 ,
3174 5198 3444 5271 glossema
3475 5195 3624 5251 arbi-

2042 5280 2179 5327 tror.
