4118 6410
499 321 554 383 31
1631 329 2078 392 ΕΟΜΜΕΝΤΛἸ

2183 331 2300 393 NIS
2335 331 2528 394 PARS
2564 331 2646 395 lI.
3695 320 3765 380 32

526 475 2280 502 .‘M

3599 481 3759 496 ν...-

1550 649 1902 764 PARS
1984 652 2232 765 SEC
2259 651 2445 766 UN
2467 655 2642 764 DA
2667 733 2702 764 .

1481 869 1570 926 DE
1629 872 1943 930 SCRIPTIS
2001 873 2253 930 lSlDORl
2303 873 2746 950 PELUSIOTIE.

565 1175 807 1232 Isidorus
849 1176 1122 1232 Peiusiota
1163 1186 1362 1248 praeter
1422 1178 1700 1248 epistolas,
1759 1181 1828 1236 de
1873 1184 2072 1252 quibus
2101 1193 2146 1248 Α
2174 1185 2483 1240 exstiterint
2510 1187 2654 1252 libri,
2691 1202 2921 1257 quorum
2959 1187 3016 1242 in
3044 1187 3149 1244 hoc
3197 1197 3386 1243 contra
3433 1186 3673 1253 Graecos,
3707 1186 3764 1240 in

495 1268 672 1324 fusius
714 1284 936 1340 agemus
967 1276 1177 1338 postea,
1231 1268 1367 1324 alios
1414 1284 1652 1339 quoque,
1699 1271 1792 1340 qui
1837 1288 1947 1326 non
2007 1274 2074 1328 ad

496 1368 738 1414 nostram
805 1374 976 1429 usque
1029 1366 1399 1427 pervenerunt
1451 1366 1688 1426 aetatem,
1747 1363 2075 1433 conscripsit

495 1451 696 1514 libros;
719 1451 862 1519 quod
883 1457 942 1504 ut
965 1451 1260 1520 probemus
1291 1450 1358 1504 ad
1383 1449 1566 1506 Suidae
1609 1451 1683 1523 (a)
1719 1462 1776 1508 et
1803 1453 2075 1524 Nicepho-

496 1542 539 1594 ri
571 1541 643 1612 (ὁ)
678 1541 1058 1595 auctoritatem
1099 1540 1347 1612 refugere
1381 1557 1491 1596 non
1529 1558 1757 1598 necesse
1785 1555 1889 1608 est,
1949 1561 2073 1600 cum

493 1637 610 1706 ipse
641 1637 837 1691 librum
863 1652 1021 1692 suum
1053 1638 1304 1691 adversus
1335 1635 1540 1692 (ἕν-ωερε
1572 1638 1660 1693 bis
1689 1654 2075 1694 commemora-

493 1730 652 1784 verit.
677 1729 940 1784 llermino
985 1729 1129 1784 enim
1161 1729 1347 1784 comiti
1388 1728 1456 1798 (ε)
1489 1729 1775 1799 quaerenti,
1817 1731 1909 1800 qui
1958 1731 2070 1796 fiat,

493 1831 554 1874 ut
573 1819 884 1875 hominibus
914 1820 1178 1890 improbis
1203 1827 1259 1874 et
1285 1819 1532 1874 scelestis
1569 1819 1868 1890 saepissime
1890 1823 2074 1876 omnia

493 1913 603 1968 sint
643 1912 906 1978 secunda,
961 1911 1118 1982 probi
1158 1921 1347 1966 contra
1402 1921 1458 1966 et
1489 1911 1690 1981 pietate
1721 1911 1960 1984 insignes
2013 1913 2067 1968 in

493 2007 856 2063 acerbissimis
876 2015 1162 2062 versentur
1185 2006 1341 2062 malis
1363 2013 1419 2060 et
1440 2007 1860 2071 calamitatibus,
1889 2010 2077 2064 rescri-

491 2100 614 2156 bit:
656 2116 715 2155 se
759 2097 1029 2155 difficilem
1075 2099 1217 2154 hanc
1271 2098 1628 2170 quaestionem
1687 2101 1747 2152 ὲν
1799 2100 1877 2172 τῷ
1938 2105 2076 2170 πρὸς

493 2192 763 2262 Ἕλληνας
821 2191 1088 2262 γραφέντι
1131 2191 1294 2260 λόγῳ,
1350 2200 1614 2261 quantum
1666 2191 1784 2246 ﬁeri
1865 2202 2071 2264 posset,

489 2285 734 2339 solvisse.
762 2284 899 2338 Eum
931 2283 1122 2338 eodem
1167 2282 1219 2337 in
1252 2283 1392 2363 libro
1418 2285 1472 2338 in
1513 2284 1827 2340 Graecorum
1883 2284 2075 2339 vatici-
2116 2303 2133 2314 ·

489 2375 656 2430 nandi
687 2383 860 2429 artem
892 2375 1091 2430 acriter
1111 2374 1387 2430 invectum
1416 2391 1557 2438 esse,
1587 2376 1790 2431 scimus
1826 2393 1892 2430 ex
1919 2376 2076 2432 initio

490 2466 734 2538 epistola:
763 2467 882 2535 ejus
916 2466 984 2520 ad
1031 2466 1364 2534 Harpocram
1396 2467 1694 2535 sophistam
1743 2466 1840 2538 id),
1889 2467 1946 2522 in
1970 2483 2076 2536 qua

2181 1277 2272 1330 illo
2320 1277 2387 1332 de
2433 1277 2543 1332 fato
2583 1279 2776 1349 egerit,
2831 1280 3103 1349 duplicem
3176 1280 3328 1335 hunc
3400 1279 3620 1334 titulum
3668 1279 3765 1333 uni

2180 1369 2466 1439 eidemque
2518 1370 2654 1424 libro
2695 1372 2834 1425 bene
2885 1372 3179 1428 convenire
3211 1387 3374 1441 posse
3435 1370 3763 1440 respondeo,

2181 1458 2816 1528 dummodoaccipiamus
2835 1459 3099 1513 lsidorum
3130 1459 3289 1527 λόγον
3313 1459 3451 1528 πρὸς
3489 1457 3767 1526 Ἕλληνας

2183 1552 2308 1622 περὶ
2330 1550 2425 1604 τοῦ
2465 1551 2536 1622 μὴ
2569 1549 2709 1604 εἶναι
2739 1553 3084 1622 εἱμαρμένην
3117 1551 3420 1606 confecisse
3459 1550 3542 1621 (ἰ).
3591 1551 3769 1618 Atque

2181 1643 2324 1711 quod
2355 1641 2512 1694 affert
2565 1639 2922 1693 Heumannus
2971 1640 3073 1710 (j),
3123 1638 3216 1709 qui
3259 1637 3330 1692 ob
3383 1637 3436 1692 id
3473 1637 3672 1706 ipsum,
3709 1639 3770 1688 ut

2181 1733 2301 1802 ejus
2336 1741 2460 1786 utar
2505 1731 2709 1795 verbis,
2741 1730 2888 1800 quod
2926 1730 3128 1784 librum
3159 1729 3228 1784 de
3265 1728 3377 1782 fato
3405 1727 3642 1796 λογίδιον
3667 1741 3768 1796 po-

2183 1825 2290 1879 tius
2318 1839 2483 1894 quam
2519 1822 2678 1892 λόγον
2711 1821 3015 1876 vocandum
3050 1827 3240 1876 censet
3279 1819 3540 1882 Isidorus,
3578 1820 3647 1874 ab
3678 1819 3768 1873 illo

2180 1933 2342 1986 quem
2395 1924 2585 1970 contra
2645 1915 2860 1970 Grzecos
2908 1914 3146 1984 scripsit,
3206 1914 3289 1969 bis
3336 1913 3498 1982 λόγου
3544 1913 3770 1966 nomine

2181 2017 2455 2072 ornatum,
2496 2009 2771 2063 diversum
2820 2021 2942 2062 esse
2992 2007 3202 2066 statuit.
3255 2021 3364 2059 non
3414 2003 3593 2075 magni
3648 2017 3769 2056 mo-

2181 2101 2368 2155 menti-
2399 2108 2502 2154 est.
2556 2099 2691 2154 Nam
2744 2098 2986 2154 isidorus
3027 2098 3096 2152 ab
3147 2097 3410 2152 Hermino
3441 2109 3771 2165 magnopere

2181 2193 2452 2256 laudatus,
2505 2207 2606 2262 pro
2651 2191 2872 2261 insigni,
2925 2205 3031 2260 qua
3062 2189 3335 2254 excelluit,
3368 2188 3634 2242 modestia
3671 2185 3768 2256 (It),

2182 2287 2382 2341 librum
2415 2300 2575 2340 suum
2613 2283 2716 2339 etsi
2745 2283 2906 2352 λόγου
2969 2282 3192 2336 nomine
3258 2282 3481 2352 dignum
3539 2279 3772 2347 λογίδιον

2181 2374 2457 2445 appellare
2487 2373 2682 2444 potuit.
2715 2373 2894 2438 Quare
2931 2371 3017 2425 his
3053 2369 3312 2425 omnibus
3346 2369 3558 2440 probari
3581 2367 3773 2438 nequit

2183 2468 2370 2524 lsidori
2402 2467 2649 2521 adversus
2676 2464 2887 2520 (ἐι-(εσσε
2919 2465 3274 2534 scriptionern
3317 2479 3347 2517 a
3385 2462 3522 2516 libro
3553 2461 3629 2515 De
3657 2461 3772 2528 [alo

491 2556 560 2611 de
586 2557 690 2611 bac
718 2571 778 2610 re
809 2556 862 2609 in
878 2556 1025 2610 hunc
1053 2556 1292 2626 loquitur
1319 2558 1539 2612 modum
1567 2575 1581 2610 :
1617 2558 1745 2610 Ὅτι
1768 2561 1802 2630 ὴ
1841 2559 2077 2631 μαντικὴ
2112 2555 2154 2610 Β
2181 2561 2452 2616 diversam
2498 2574 2640 2614 esse.
2687 2557 2848 2622 Quid,
2900 2555 2945 2610 si
3001 2555 3123 2624 quis
3150 2563 3458 2624 propterea,
3512 2545 3771 2622 quoniam

493 2647 650 2710 ὕθλος
670 2643 736 2718 ἦν
756 2647 886 2718 παρ’
903 2646 1130 2717 Ἕλλησι
1153 2649 1246 2701 καὶ
1271 2649 1448 2718 μάτην
1469 2647 1799 2720 ὲθρυλ).εῖτο,
1821 2650 2084 2705 δέδεικται

497 2740 600 2810 μέν
625 2755 714 2809 μοι
750 2739 811 2790 ὲν
840 2737 917 2808 τῷ
975 2738 1114 2806 πρὸς
1160 2737 1430 2809 Ἕλληνας
1457 2738 1618 2810 λόγῳ.
1652 2740 1874 2794 Constat
1923 2741 2086 2812 igitur

492 2844 618 2885 eum
663 2838 853 2885 eontra
907 2829 1127 2885 Graecos
1177 2829 1292 2885 sive
1345 2831 1573 2902 gentiles
1605 2834 1984 2901 composuisse
2013 2833 2082 2886 li-

490 2923 674 2988 brum;
701 2921 795 2978 sed
823 2930 1006 2977 utrum
1028 2922 1115 2978 hic
1155 2923 1292 2978 liber
1319 2923 1386 2978 ab
1418 2923 1524 2977 illo-
1544 2925 1673 2993 περὶ
1714 2923 1807 2976 τοῦ
1839 2923 1914 2995 μὴ
1944 2920 2084 2977 εἶναι

491 3015 858 3086 εἱμαρμένην,
911 3031 1074 3084 quem
1119 3015 1176 3070 in
1211 3016 1312 3070 alia
1347 3015 1412 3070 ad
1450 3016 1702 3072 eumdem
1755 3017 2075 3072 llerminum

492 3106 718 3176 epistola
751 3107 820 3176 (ε)
850 3105 1028 3169 atl'ert,
1060 3107 1334 3172 diversus,
1369 3123 1437 3161 an
1465 3107 1609 3162 idem
1639 3108 1729 3174 sit,
1753 3123 1896 3164 nova
1931 3109 2082 3164 vide-

494 3205 586 3252 tur
607 3197 848 3268 indigere
877 3197 1276 3267 disquisitione.
1319 3197 1584 3254 Eumdem
1619 3214 1742 3254 esse
1781 3200 2084 3255 arbitratur

492 3286 931 3342 Ritthershusius
959 3289 1023 3358 (fi
1045 3330 1058 3352 ,
1090 3304 1328 3357 quocum
1371 3289 1638 3360 Dupinius
1672 3289 1748 3361 (ῃ)
1783 3290 2079 3356 consentit,

493 3379 587 3448 qui
610 3395 675 3433 ex
705 3379 874 3450 ipsius
905 3380 1096 3434 lsidori
1124 3365 1302 3435 verbis
1329 3382 1474 3437 hunc
1507 3382 1681 3438 tribus
1698 3384 1944 3454 epistolis
1977 3382 2082 3438 illis

493 3470 561 3526 de
585 3487 694 3525 uno
724 3472 968 3540 ejusdem
1025 3474 1331 3544 argumenti
1387 3474 1524 3530 libro
1587 3475 1761 3546 egisse
1820 3475 2082 3531 audacter

495 3563 690 3633 arguit.
721 3562 893 3634 Negat
927 3563 1208 3619 Fabricius
1239 3565 1338 3636 (Ii),
1372 3567 1462 3636 qui
1495 3582 1561 3621 ex
1599 3576 1920 3639 argumento
1954 3567 2077 3622 libri

495 3654 744 3708 adversus
813 3653 1046 3723 (ἔνατος,
1103 3673 1132 3712 a
1183 3675 1289 3722 me,
1357 3669 1627 3729 quantum
1690 3659 1805 3713 fieri
1875 3666 2078 3729 potest,

495 3745 762 3814 exposito,
795 3747 1126 3802 contrarium
1157 3749 1451 3820 colligit.—-
1485 3749 1593 3804 Sed
1638 3749 1875 3811 libellus,
1917 3763 2080 3818 quem

497 3835 736 3890 Isidorus
783 3837 854 3891 De
885 3837 996 3904 [ato
1051 3839 1288 3910 scripsit,
1339 3852 1528 3896 contra
1562 3839 1813 3895 ethnicos
1845 3839 2082 3908 scriptus

412 3988 421 3996 ι
496 3927 615 3993 fuit,
645 3928 698 3982 in
725 3944 899 4000 eoque
943 3931 1080 3986 libro
1107 3942 1293 3988 contra
1319 3935 1567 4005 gentiles,
1618 3935 1669 3986 in
1695 3947 1823 4002 quo,
1861 3933 1938 3986 uti
1965 3932 2076 4002 jam
2106 3916 2148 3974 Ο

497 4018 753 4086 diximus,
799 4024 866 4076 de
904 4022 1114 4092 piorum
1167 4025 1449 4078 hominum
1480 4022 1720 4086 miseria,
1753 4038 2078 4092 pravorum-

497 4127 602 4182 que
631 4111 886 4169 felicitate
921 4116 1208 4187 agebatur,
1251 4123 1476 4185 optuma
1517 4114 1637 4170 sine
1673 4114 1838 4170 dubio
1869 4115 1936 4170 de
1965 4115 2076 4171 fato

497 4201 714 4257 dicendi
769 4203 867 4258 fuit
893 4206 1127 4260 occasio.
1157 4236 1228 4245 —
1282 4204 1465 4270 Quare
1517 4219 1582 4258 ex
1632 4205 1921 4275 utriusque
1947 4206 2072 4262 libri

496 4303 816 4365 argumento
871 4295 1047 4367 colligi
1104 4313 1214 4352 non
1251 4297 1378 4351 licet
1427 4304 1722 4366 utrumque
1763 4297 1958 4352 librum
1991 4299 2074 4352 in-

497 4393 582 4440 ter
609 4401 668 4440 se
719 4385 885 4442 fuisse
932 4387 1251 4452 diversum;
1296 4401 1475 4456 neque
1515 4395 1696 4441 tamen
1739 4388 2072 4444 contrarium

495 4477 624 4536 inde
647 4481 904 4550 consequi
949 4481 1202 4536 lubenter
1254 4479 1447 4533 fateor.
1486 4477 1640 4544 Quod
1673 4479 1718 4533 si
1748 4495 1878 4534 vero
1922 4480 2075 4548 quis-

494 4567 641 4640 piam
699 4570 830 4624 mihi
858 4570 1098 4640 obiiciat,
1148 4568 1412 4622 Isidorum
1448 4569 1585 4622 duos
1615 4569 1862 4623 attulisse
1907 4569 2077 4622 libro-

495 4677 618 4718 rum
663 4663 868 4728 titulos,
931 4676 1061 4732 ergo
1115 4675 1342 4714 necesse
1401 4675 1522 4715 esse
1574 4669 1633 4714 ut
1691 4662 1802 4716 duo
1860 4676 2080 4732 quoque

570 4839 646 4910 (a)
670 4839 834 4912 Suid.
866 4837 1154 4912 Ἰσίδωρος,
1179 4837 1374 4908 inquit,
1398 4867 1469 4876 —
1488 4837 1780 4903 ἐπιστολὰς
1805 4840 2074 4912 γέγραφε,

497 4913 595 4966 καὶ
629 4909 766 4964 ἄλλα
798 4909 938 4963 τινὰ.

569 4980 643 5050 (b)
690 4978 917 5046 Nicepli.
940 4979 1092 5051 __Hist.
1127 4979 1274 5051 _eccl._
1309 4978 1404 5035 lib.
1437 4995 1697 5051 κωνείῳ.
1729 4981 1835 5051 53;
1867 4982 1975 5033 Καὶ
2005 4981 2069 5051 δὴ

497 5048 671 5127 πολλὰ
697 5051 801 5127 μὲν.
821 5049 972 5127 aii-ui)
1007 5051 1060 5127 ὲ)
1077 5048 1221 5127 ρᾲερη
1247 5049 1512 5120 ὠφελείας
1545 5048 1764 5122 ἀπάσης
1807 5050 2030 5121 ἔμπλεοι
2059 5048 2069 5079 ⁵

501 5121 738 5189 μάλιστα
757 5119 816 5171 δὲ
843 5119 1145 5173 ἐπιστολαί.

569 5192 638 5262 (ε)
666 5189 780 5262 te.
817 5204 877 5251 ιι,
909 5205 998 5257 ορ.
1032 5189 1153 5262 187·

574 5257 650 5330 (τι)
675 5257 796 5330 Lib.
829 5275 890 5320 ιι,
917 5275 1006 5328 ep.
1039 5259 1164 5330 928.

571 5328 641 5398 (ε)
684 5328 810 5382 Lib.
840 5345 922 5392 ιιι,
953 5345 1040 5399 ep.
1072 5329 1201 5385 253.

572 5399 638 5471 (Γ)
668 5399 1065 5472 Rittershusius
1088 5401 1141 5452 in
1169 5401 1312 5472 notis
1337 5401 1406 5456 ad
1435 5418 1523 5472 cp.
1549 5403 1670 5472 157.
1697 5401 1788 5472 lib.
1821 5415 1880 5452 ιι.
1913 5400 2074 5455 Liber

500 5469 689 5542 contra
725 5469 940 5526 Graecos
971 5471 1212 5542 fortassis
1245 5471 1390 5526 idem
1418 5469 1524 5532 est,
1563 5471 1762 5542 inquit,
1791 5487 1914 5524 cum
1947 5487 2068 5525 ora-

503 5537 866 5612 tioneaquam
903 5550 1090 5612 contra
1115 5539 1284 5595 fatum
1317 5542 1563 5612 scripsit.

577 5609 652 5676 (9)
688 5610 764 5664 Du
794 5611 891 5666 Pin
916 5611 1054 5666 Bibl.
1079 5621 1221 5665 auct.
1239 5611 1372 5680 ech
1405 5609 1538 5666 tom.
1581 5609 1720 5674 XIII,
1747 5626 1798 5679 p.
1831 5627 1893 5671 ιι,
1931 5628 1984 5680 p.
2019 5613 2071 5674 4,

501 5686 618 5732 not.
661 5697 708 5744 c,
736 5682 852 5736 [nec
875 5683 1065 5738 scribit
1094 5699 1105 5735 :
1135 5681 1172 5735 ll
1200 5679 1307 5734 cite
1330 5682 1378 5734 le
1411 5681 1594 5736 Traité
1621 5681 1694 5735 du
1725 5681 1902 5736 destin
1936 5679 2074 5735 dans

501 5747 551 5818 ia
579 5749 735 5808 lettre
755 5753 878 5822 255,
899 5753 973 5809 du
1001 5751 1136 5810 livre
1172 5767 1250 5804 ιιι.
1272 5748 1332 5804 le
1353 5767 1418 5808 ne
1441 5751 1489 5806 le
1513 5752 1655 5807 crois
1691 5768 1787 5822 pas
1808 5751 2076 5807 'ditiérent

2186 2663 2434 2724 utraque,
2492 2667 2556 2706 ea
2611 2650 2819 2704 scilicet
2861 2663 3026 2718 quam
3075 2646 3254 2717 primo
3300 2655 3356 2700 ct
3415 2646 3576 2700 tertio
3652 2646 3774 2700 loco

2186 2744 2546 2809 laudavimus,
2590 2740 2839 2811 epistola,
2873 2739 2941 2794 ad
2989 2737 3244 2792 eumdem
3282 2735 3422 2791 datae
3453 2744 3584 2790 sunt
3629 2735 3771 2790 Her-

2185 2833 2775 2900 minum,'contrarium
2816 2829 3151 2886 contendere
3182 2835 3238 2883 et
3277 2829 3510 2900 probare
3544 2842 3774 2884 conare-

2188 2927 2312 2980 tur?
2369 2924 2562 2980 Posset
2608 2921 2756 2978 enim
2808 2936 2918 2975 non
2967 2919 3036 2974 ab
3087 2918 3239 2974 omni
3292 2917 3774 2974 verisimilitudine

2185 3017 2417 3071 alienam
2458 3016 2746 3071 instituere
2797 3011 3266 3067 ratiocinationem
3307 3010 3618 3080 huiusmodi
3651 3029 3664 3064 :
3701 3009 3774 3066 Ut
3837 3015 3842 3022 '

2187 3125 2316 3164 cum
2383 3124 2450 3162 ex
2485 3107 2575 3162 illa
2623 3107 2750 3161 libri
2797 3105 3020 3160 secundi
3051 3104 3118 3158 ad
3175 3103 3494 3158 llerminum
3541 3101 3772 3172 epistola

2185 3210 2461 3272 appareat,
2499 3199 2764 3254 lsidorum
2801 3195 3062 3251 Hermino
3095 3194 3197 3265 ipsi
3231 3195 3594 3265 quaestionem
3635 3211 3769 3265 pro-

2185 3290 2411 3362 ponenti
2455 3287 2826 3358 respondisse,
2888 3301 2947 3340 se
3001 3285 3068 3340 de
3108 3284 3214 3340 hac
3253 3298 3312 3337 re
3358 3283 3532 3338 fusius
3561 3283 3672 3352 jam
3715 3281 3771 3337 in

2183 3383 2323 3438 libro
2379 3383 2627 3434 adversus
2687 3378 2896 3433 Gra'cos
2954 3377 3150 3448 egisse,
3208 3376 3348 3430 nihil
3403 3374 3768 3430 verosimilius

2185 3473 2274 3539 sit,
2305 3487 2464 3543 quam
2498 3471 2670 3531 illum,
2702 3470 2787 3524 cui
2825 3478 3079 3525 accurata
3107 3468 3424 3538 qumstionis
3453 3465 3769 3537 dijudicatio

2185 3573 2406 3633 accepta
2437 3579 2558 3617 esse
2589 3561 2796 3620 debuit.
2830 3561 3029 3616 blande
3057 3577 3086 3614 a
3119 3559 3370 3614 familiari
3401 3575 3502 3614 suo
3531 3575 3766 3630 rogasse,

2183 3668 2246 3714 ut
2273 3659 2470 3712 librum
2503 3658 2654 3712 illum
2685 3657 2950 3712 mitteret.
2984 3655 3173 3723 Neque
3205 3655 3372 3715 hunc,
3405 3662 3464 3707 ut
3493 3669 3558 3708 ex
3601 3653 3772 3707 altera

2183 3751 2251 3806 ad
2305 3749 2628 3804 Herminum
2685 3747 2913 3818 epistola
2969 3747 3316 3810 videremus,
3378 3761 3571 3814 preces
3627 3745 3771 3799 illius

2182 3843 2521 3913 repudiasse,
2564 3840 2658 3896 sed
2700 3839 2915 3896 misisse
2962 3854 3068 3894 una
3099 3853 3224 3893 cum
3257 3837 3340 3892 bis
3367 3838 3564 3892 litteris
3608 3852 3770 3907 quem

2183 3935 2274 3990 ille
2303 3934 2632 4005 postulasset
2659 3931 2954 3986 librum.-—
2982 3929 3115 3996 Quae
3143 3929 3413 3985 sententia
3441 3929 3544 3984 etsi
3595 3928 3772 3998 primo

2185 4025 2402 4095 quidem
2433 4025 2624 4078 obtutu
2655 4021 2939 4092 placuerit,
2985 4028 3166 4075 tamen
3195 4021 3288 4091 qui
3335 4029 3546 4076 attento
3586 4019 3772 4074 animo

2184 4117 2306 4172 libri
2338 4115 2482 4170 tertii
2513 4106 2582 4169 a’d
2623 4112 2944 4168 llerminum
2991 4113 3200 4168 litteras
3241 4114 3552 4184 perlegerit,
3589 4113 3636 4168 is
3658 4120 3770 4166 sta-

2183 4209 2280 4263 tim
2338 4205 2564 4276 rejiciet.
2625 4203 2717 4260 Ea:
2773 4203 2921 4258 enim
2985 4204 3070 4260 his
3131 4205 3486 4261 continentur
3537 4203 3767 4258 verbis:

2187 4319 2204 4350 ι
2225 4299 2491 4364 Quoniam
2524 4296 2786 4364 scripsisti
2813 4313 2899 4352 me
2929 4313 3107 4368 nuper
3133 4299 3373 4352 libellum
3393 4299 3460 4351 de
3491 4296 3600 4352 fato
3621 4313 3772 4352 com-

2181 4392 2452 4460 posuisse,
2483 4391 2574 4460 qui
2619 4391 2687 4446 ab
2730 4391 2850 4446 aliis
2895 4390 3106 4462 magnis
3146 4389 3402 4444 laudibus
3453 4391 3519 4444 ad
3572 4389 3770 4445 cmlum

2183 4494 2356 4548 usque
2397 4480 2591 4544 elatus,
2639 4481 2708 4534 ab
2746 4479 2866 4534 aliis
2922 4478 3198 4543 omnibus,
3259 4479 3312 4532 in
3369 4479 3572 4548 quibus
3629 4478 3770 4532 idem

2186 4579 2446 4626 tractetur
2472 4581 2873 4644 argumentum,
2893 4571 3304 4642 scriptionibus,
3336 4571 3408 4625 sit
3425 4569 3770 4640 praepositus,

2182 4662 2444 4734 quoniam
2487 4671 2550 4718 ut
2582 4659 2737 4718 hunc
2777 4662 2980 4717 librum
3011 4663 3078 4717 ad
3111 4671 3164 4716 te
3203 4662 3484 4714 mitterem
3515 4669 3768 4730 precatus

2179 4839 2252 4894 du
2285 4839 2464 4894 Truilé
2484 4849 2661 4894 contra
2693 4838 2769 4893 les
2790 4836 2991 4892 Gentii:
3023 4837 3132 4892 cité
3155 4837 3294 4892 dans
3321 4837 3403 4894 les
3425 4838 3614 4895 lettres
3643 4839 3763 4902 157,

2180 4919 2237 4966 et
2276 4912 2400 4973 2'28,
2425 4912 2497 4964 du
2524 4926 2582 4963 ιι.
2615 4910 2772 4970 livre,
2801 4924 2962 4978 parce
2989 4923 3095 4976 que
3126 4922 3188 4978 ce
3210 4907 3344 4978 qu’il
3377 4925 3446 4964 en
3471 4911 3551 4965 dit
3574 4924 3646 4965 en
3675 4925 3768 4966 ces

2183 4982 2427 5035 endrniis
2459 4981 2685 5049 rcgarde
2706 4979 2754 5032 la
2783 4979 2960 5032 meme
2994 4977 3245 5034 matiére.
3493 4985 3499 4990 '

2251 5051 2327 5117 (Ιι)
2362 5050 2695 5104 Fabricius].
2725 5065 2776 5103 c.
2799 5065 2851 5117 ρ.
2882 5049 3010 5103 256.

2255 5122 2318 5188 (ἱ)
2355 5121 2427 5174 Ita
2460 5122 2679 5192 videtur
2705 5119 3242 5192 sensisse_Dupinius
3272 5119 3362 5192 qui
3388 5119 3586 5178 l.c.:ll
3617 5126 3766 5192 parte

2183 5191 2489 5315 ἓιὶ-ιιιῗιιιο,
2524 5191 2720 5258 inquit,
2761 5190 2891 5244 d’un
2939 5190 3116 5245 Traité
3157 5191 3229 5246 du
3267 5190 3438 5246 destiti
3484 5190 3664 5248 centre
3693 5193 3766 5248 (es

2233 5273 2336 5315 eius
2361 5278 2416 5314 ι.

2233 5262 2382 5315 emitr
2401 5294 2416 5311 .

2259 5330 2324 5400 Ο)
2363 5329 2665 5416 lieuniann.
2697 5319 2834 5418 Biar...
2865 5331 2930 5384 de
2967 5331 3096 5384 Isid.
3132 5331 3246 5412 Pet.
3287 5331 3390 5456 6,
3416 5347 3471 5400 p.
3505 5333 3559 5388 9.

2261 5400 2333 5456 tk‘t
2361 5399 2446 5455 (.f.
2467 5401 2560 5454 lib.
2586 5419 2655 5456 IV.
2679 5417 2766 5456 eo.
2787 5402 2874 5456 (ιι).
2897 5417 2947 5456 ι).
2975 5400 3200 5456 «146.ιιι.
3221 5403 3262 5456 A
3308 5419 3383 5456 ιιι.
3414 5401 3446 5454 8
3476 5421 3559 5456 :--

2261 5399 2333 5472 (7k)
2361 5399 2446 5455 Cf.
2467 5401 2560 5454 lib.
2586 5419 2656 5472 Iv,
2679 5417 2766 5470 ep.
2787 5402 2874 5462 60,
2897 5417 2947 5469 p.
2975 5400 3200 5472 446,1”.
3221 5403 3262 5456 A
3287 5399 3383 5456 lin.
3414 5399 3446 5454 8
3476 5421 3582 5456 εικ-
3605 5404 3766 5466 Ἴσως

2181 5470 2290 5542 γὰρ
2376 5473 2468 5523 καὶ
2488 5472 2545 5522 ὲν
2569 5470 2740 5542 τούτῳ
2767 5471 3242 5542 πλεονεκτο-ὖνται,
3263 5475 3320 5525 ἐν
3347 5472 3529 5537 ἄλλοις
3559 5475 3751 5528 πλεον-

2189 5535 2428 5604 ἐκξοῦσι,
2487 5541 2580 5612 κει
2610 5535 2730 5595 τινά
2757 5542 3010 5612 ἐνόησαν,
3039 5535 3114 5595 ὧν
3132 5535 3294 5604 αὑέὺς
3315 5543 3422 5596 οὐδ’
3456 5535 3534 5607 ei;
3558 5543 3764 5597 ἔννοιαν

2181 5612 2484 5684 ἀφικόμην.
2533 5609 2788 5684 Ejusdem
2843 5609 2911 5684 in
2931 5613 3220 5684 sententiis
3265 5613 3380 5668 suis
3425 5615 3764 5684 exponendis
3817 5624 3821 5626 ·

2183 5681 2446 5807 i‘nﬁdelsga
2474 5681 2758 5738 manifesta
2790 5693 2874 5738 est
2903 5683 2957 5738 in
2987 5699 3079 5754 ep.
3109 5683 3197 5748 85,
3229 5684 3318 5740 lib.
3352 5699 3411 5749 ιι,
3443 5681 3530 5756 ep.
3561 5685 3682 5750 ιιι,
3709 5693 3765 5738 et

2220 5785 2228 5794 ι
2295 5792 2307 5807 .
2357 5769 2372 5805 ι
2422 5791 2436 5807 .
2460 5768 2532 5806 iv.
2567 5783 2636 5796 -—

2220 5768 2307 5818 ιιι,
2340 5768 2436 5808 ιιι).
2460 5768 2532 5806 tv.
2567 5783 2636 5796 -—
