4118 6402
491 351 561 416 35
1595 349 2058 412 ΕΟΜΜΕΝΤΑΤ

2161 348 2270 409 HS
2307 348 2498 410 PARS
2537 345 2616 410 Il.
3687 347 3756 412 36

492 465 704 520 editum
737 462 929 518 Isidori
962 450 1250 518 Pelusiotae
1280 475 1417 530 opus
1451 460 1504 514 in
1547 458 1919 528 manuscripto
1942 473 2078 526 quo-
2109 467 2153 519 Α
2183 467 2353 525 ptura'
2383 457 2725 525 epistolarum
2753 456 2871 508 libri
2893 467 3135 526 quatuor.
3174 456 3405 521 Quorum
3439 467 3539 511 trcs
3559 460 3760 527 priores

490 557 615 612 dam
645 567 858 611 exstare
894 556 1234 618 testiﬁcatur,
1271 553 1350 607 sic
1383 553 1710 622 inscriptum
1743 570 1756 606 :
1803 552 2071 620 Ἰσιδώρου

488 647 583 700 τοῦ
621 646 1002 714 Πηλουσιὼτου
1023 647 1322 717 ὲρωτήςεις
1362 644 1458 698 καὶ
1511 643 1850 712 ἀποκρίσεις.
1883 641 2073 695 Conti-

490 746 694 789 nentur
721 744 902 789 autem
961 734 1064 788 hoc
1095 734 1283 788 codice
1339 749 1445 786 non
1486 733 1659 786 solum
1714 731 1922 790 lsizfori,
1979 730 2073 783 sed

491 825 655 878 etiam
680 823 1080 894 Chrysostomi,
1100 823 1305 886 Basilii,
1329 822 1717 893 Olynipitzdori,
1739 821 1864 883 Nili,
1889 819 2068 884 .\larci,

489 913 703 968 Maximi
746 923 799 967 et
829 912 1126 967 Theodosii
1176 913 1511 981 quaestiones
1545 919 1598 963 et
1641 925 1921 978 respousa,
1951 925 2071 977 qua:

487 1012 678 1054 auctor
729 1001 948 1069 collegit
995 1016 1320 1068 anonymus.
1376 999 1657 1067 liquidum,
1713 998 1836 1066 quia
1891 997 2070 1066 ipsum

485 1091 729 1143 codicem
761 1088 1080 1157 inspiciendi
1105 1087 1235 1140 mihi
1268 1103 1376 1141 non
1412 1087 1534 1140 data
1558 1085 1910 1150 fuitoccasio,
1938 1103 2070 1140 num

486 1181 540 1234 in
585 1181 677 1234 illo
722 1181 922 1234 inedita
977 1181 1222 1250 qua-dam
1253 1181 1473 1242 lateant,
1507 1195 1615 1232 non
1668 1179 1842 1232 audeo
1881 1180 2068 1233 decer-

485 1290 616 1327 nere
639 1291 652 1337 ;
680 1273 772 1326 sed
799 1290 990 1344 magna
1024 1273 1155 1326 mihi
1189 1284 1271 1326 est
1298 1273 1538 1343 suspicio
1563 1272 1925 1342 qua‘stionum
1952 1272 2069 1324 illa-

487 1378 605 1415 I‘Ulli
639 1369 694 1414 et
742 1377 1154 1429 responsorum,
1193 1378 1312 1429 qua:
1346 1361 1527 1414 onnna
1558 1361 1624 1414 ad
1665 1359 2068 1428 interpretatio-

483 1465 608 1503 ucm
648 1449 933 1501 Librorum
994 1465 1271 1502 sacrorum
1309 1449 1564 1502 videntur
1601 1449 1894 1517 pertinere,
1953 1447 2067 1498 col-

485 1540 742 1594 lectorem
797 1539 1290 1610 descripsisse,uti
1335 1554 1400 1591 ex
1455 1537 1844 1607 Chrysostomi,
1885 1536 2066 1589 Basilii

483 1629 824 1698 aliorumque
883 1628 1163 1697 operibus,
1219 1626 1291 1679 ita
1345 1632 1400 1678 et
1444 1641 1509 1678 ex
1568 1623 1757 1677 Isidori
1802 1624 2062 1692 epistolis,

481 1732 602 1785 qua?
657 1717 756 1785 ipsi
817 1717 882 1770 ad
929 1730 1082 1768 suam
1144 1729 1256 1767 rem
1291 1714 1467 1769 facere
1521 1712 1859 1766 viderentur.
1919 1710 2064 1776 Qua-

2177 565 2296 600 cum
2327 546 2517 598 Latina
2545 548 2975 615 intcrprctationc
3003 547 3195 601 Jacobi
3217 548 3364 602 Billii
3389 552 3616 619 primum
3637 563 3760 605 ante

2177 655 2342 692 annos
2405 655 2469 691 xx
2533 637 2756 691 Parisiis
2809 641 3063 708 prodiere.
3105 640 3227 694 Jam
3261 658 3378 694 vero
3424 645 3516 695 sub
3554 642 3758 710 prelum

2183 747 2222 782 rc
2242 731 2412 783 vocati
2438 745 2534 782 ms.
2570 730 2682 781 cod.
2715 728 2963 782 Bucarici
2993 747 3086 800 ope
3115 731 3358 800 plurimis
3387 733 3442 784 in
3470 731 3594 785 locis
3627 733 3756 786 insi-

2177 825 2348 893 gniter
2389 824 2553 885 aucti,
2596 823 2842 890 suppleti,
2899 825 3114 876 correcti
3165 833 3302 876 sunt.
3345 823 3578 888 Quartus
3622 842 3759 879 nunc

2177 919 2404 984 primunt
2435 921 2536 971 erit
2559 935 2716 971 uerus
2747 933 2809 970 ea:
2847 916 3022 968 eodem
3059 917 3234 969 codice
3263 915 3392 970 Bav.
3425 918 3508 969 cui
3541 915 3756 971 Venetus

2177 1006 2230 1058 in
2257 1006 2558 1060 bibliothcca
2589 1007 2644 1061 S.
2688 1005 2858 1059 Marci
2905 1007 3194 1074 respondet,
3225 1006 3511 1073 descriptus
3532 1016 3578 1059 et
3609 1007 3756 1060 Lati-

2173 1113 2269 1148 nus
2311 1096 2485 1165 [actus
2525 1116 2555 1151 a
2604 1098 2854 1150 Cnnrado
2895 1095 3239 1150 Rittershusio
3291 1095 3384 1150 IC.
3419 1096 3500 1150 Ea:
3549 1097 3752 1166 ofﬁcina

2179 1184 2598 1240 Commcliniana
2636 1186 2790 1243 lGOiS.

2245 1278 2650 1332 Rittershusins
2688 1289 2739 1332 ct
2769 1293 2930 1347 quam
2969 1276 3206 1332 Joannes
3237 1276 3542 1332 Chatardus
3592 1286 3752 1331 nota-

2170 1367 2270 1432 vit,
2299 1377 2353 1420 et
2381 1385 2544 1436 quam
2577 1369 2690 1438 ipse
2719 1385 2784 1422 ex
2815 1369 3004 1422 codice
3032 1385 3132 1421 suo
3153 1368 3494 1437 deprompsit
3523 1369 3753 1435 scriptu-

2170 1475 2244 1513 rae
2298 1461 2671 1514 diversitatem
2713 1461 3001 1530 diligenter
3058 1461 3289 1530 margini
3354 1461 3632 1529 ascripsit;
3678 1461 3750 1513 ita

2169 1551 2390 1620 quidem
2425 1561 2505 1614 ut,
2537 1553 2579 1604 si
2614 1553 2665 1604 in
2692 1553 2877 1606 codice
2910 1551 3168 1605 Bavarico
3188 1553 3272 1605 vel
3291 1567 3458 1605 unum
3485 1553 3568 1604 vel
3600 1553 3749 1620 plura

2167 1643 2350 1696 addita
2385 1642 2606 1697 fuerunt
2638 1644 2920 1707 vocabula,
2957 1644 3160 1704 locum,
3202 1658 3363 1712 quem
3397 1643 3485 1697 illa
3519 1644 3572 1696 in
3601 1653 3748 1696 textu

2171 1745 2416 1799 tenuere,
2463 1736 2619 1790 stella
2666 1746 2905 1800 notaret,
2955 1749 3226 1804 vocesque
3279 1734 3333 1786 in
3377 1735 3749 1805 manuscripto

482 1819 706 1879 propter
735 1809 936 1862 inedita
962 1808 1230 1876 qua:dam,
1270 1807 1346 1859 uti
1393 1821 1458 1859 ex
1495 1805 1652 1859 titulo
1687 1804 1900 1874 collegit
1934 1805 2061 1856 llar-

2169 1828 2274 1881 isto
2305 1828 2536 1881 omissas
2569 1828 2723 1881 uncis
2766 1827 3088 1881 includeret.
3124 1827 3636 1882 Acceduntindiccs
3667 1829 3746 1881 l0-

482 1897 629 1951 dtius
663 1900 739 1965 (a)
777 1899 831 1949 in
864 1897 956 1950 illo
1004 1896 1171 1949 latere
1203 1894 1387 1949 codice
1413 1892 1603 1967 exigua
1659 1901 1866 1946 tantum
1927 1893 2061 1946 mihi

481 2003 606 2058 Spes
633 1999 736 2042 est.

549 2081 735 2150 Neque
763 2091 894 2152 puto
945 2082 1069 2136 novi
1103 2079 1231 2150 quid
1273 2088 1488 2133 exstare
1518 2078 1571 2131 in
1604 2078 1742 2131 libro
1773 2077 1844 2146 (ὑ)
1905 2078 2062 2145 cujus

481 2175 666 2229 titulus
697 2176 781 2228 hic
811 2185 933 2228 cst:
968 2175 1204 2228 Isidorus
1252 2172 1521 2225 I’clusiota
1555 2175 1618 2223 dc
1659 2171 1935 2223 nativitatc
1961 2172 2062 2224 Do-

478 2269 629 2326 mini.
665 2267 846 2322 Defuit
875 2276 1056 2320 autem
1091 2269 1237 2321 hunc
1269 2267 1511 2320 libellum
1549 2264 1871 2335 inspiciendi
1904 2281 2062 2320 occa-

479 2366 582 2420 sio.
623 2365 750 2420 llaec
779 2367 1062 2420 hactenus.

828 2481 1321 2555 EPISTOLARUM
1357 2500 1739 2556 EDITIONES.

551 2643 874 2697 Prodierunt
901 2641 1121 2696 Parisiis
1152 2657 1296 2694 anno
1333 2641 1484 2705 I583,
1512 2641 1563 2694 in
1595 2642 1724 2695 folio
1751 2659 1764 2694 :
1794 2639 1850 2695 S.
1870 2641 2061 2694 Isidori

482 2737 762 2791 I’clusiotw
791 2734 1133 2804 epistolarum
1168 2734 1398 2802 amplius
1433 2733 1573 2786 mille
1622 2737 1965 2787 ducentarum
1993 2733 2059 2786 li—

478 2830 557 2884 bri
583 2839 686 2882 tres
713 2844 848 2880 nunc
886 2828 1116 2896 primum
1165 2827 1342 2882 Cra'ce
1378 2828 1519 2880 editi.
1553 2825 1750 2890 Quibus
1797 2843 1823 2878 e
1857 2828 2061 2896 regione

477 2922 691 2976 accessit
733 2920 925 2973 Latina
975 2919 1256 2971 clarissimi
1293 2920 1390 2972 viri
1435 2919 1617 2972 Jacobi
1654 2919 1798 2972 Billii
1823 2919 2054 2985 Pruntei,

477 3015 530 3069 δ.
567 3012 832 3068 Michaels
861 3015 912 3064 in
945 3028 1117 3064 eremo
1144 3013 1407 3082 quondam
1459 3011 1847 3078 ca‘nobiarcltw,
1892 3014 2058 3065 inter-

478 3107 726 3178 pretatio.

549 3201 687 3256 i‘luic
736 3199 962 3254 editioni
993 3197 1212 3268 praeﬁxa
1261 3198 1590 3254 cstJoannis
1635 3198 1893 3254 Chatardi
1936 3200 2053 3270 cpi-

477 3295 614 3349 stola
659 3293 724 3347 ad
779 3293 1151 3348 Godoi‘redum
1191 3292 1425 3357 Billium,
1471 3309 1576 3362 qua
1619 3294 1931 3356 edocemur,
1961 3293 2055 3348 Ja-

478 3387 671 3442 cobum
731 3385 966 3452 Billium,
1024 3386 1168 3440 illius
1221 3385 1481 3450 fratrem,
1556 3386 1746 3440 lsidori
1799 3386 2056 3456 epistolas

479 3481 741 3536 MCCXIII
788 3480 1003 3536 Graecas
1030 3480 1084 3534 in
1121 3479 1368 3534 Latinam
1398 3481 1636 3550 linguam
1689 3481 2051 3548 transtulisse,

477 3575 653 3644 ipsum
685 3589 816 3628 vero
842 3585 1192 3643 prmmatura,
1231 3589 1338 3642 quo
1367 3574 1548 3627 minus
1575 3573 1715 3627 hanc
1740 3573 1926 3628 ederet
1969 3575 2055 3628 in-

479 3667 963 3737 terpretationem,
1024 3675 1200 3720 morte
1255 3666 1571 3735 impeditum
1618 3683 1758 3720 esse.
1816 3665 2054 3722 Joannes

476 3761 640 3832 igitur
663 3761 968 3816 Chatardus
989 3761 1128 3814 hanc
1155 3761 1394 3830 suscepit
1425 3761 1755 3830 provinciam
1786 3763 2054 3832 simulque

477 3863 537 3910 ut
577 3854 738 3908 etiam
783 3852 1099 3908 Grmceillaa
1148 3853 1546 3908 excuderentur
1575 3855 1837 3924 epistolae,
1898 3869 2056 3908 cura-

475 3947 572 4002 vit.
633 3946 929 4016 Scriptura:
987 3945 1279 4000 diversitas
1345 3947 1570 4017 margini
1627 3948 1881 4001 adnotata
1947 3954 2050 4000 est.

473 4039 757 4094 Accedunt
789 4039 972 4094 Jacobi
998 4038 1133 4092 Billii
1158 4039 1443 4093 Sacrarum
1466 4039 1905 4094 Observationum
1933 4037 2052 4091 libri

472 4134 604 4190 duo.

543 4231 684 4286 Sunt
743 4238 926 4283 autem
987 4227 1046 4283 S.
1105 4227 1297 4283 lsidori
1358 4227 1644 4283 Pelusiotre
1701 4227 2050 4298 epistolarum

469 4322 706 4392 atnplius
744 4321 890 4376 mille
940 4321 1302 4377 ducentarum
1346 4319 1470 4374 libri
1501 4328 1612 4374 tres
1651 4318 1854 4374 Jacobo
1898 4317 2052 4373 Billio

473 4411 768 4482 interprete
819 4411 1000 4467 recusi
1069 4411 1126 4465 in
1173 4424 1371 4480 magna
1406 4407 1744 4462 Bibliotheca
1776 4405 1890 4462 νγ.
1942 4407 2046 4462 PP.

469 4504 558 4560 ed.
593 4504 781 4559 Colon.
811 4519 940 4558 ann.
979 4502 1143 4568 1618,
1179 4510 1218 4557 t.
1251 4499 1316 4568 Ὺ,
1341 4515 1396 4570 p.
1430 4515 1513 4564 nt,
1543 4515 1596 4570 p.
1621 4499 1883 4554 476-621.

540 4595 738 4650 Tribus
803 4596 889 4650 his
951 4595 1308 4666 epistolarum
1347 4592 1500 4648 libris
1551 4599 1805 4662 quartum
1853 4591 2051 4661 adjecit

470 4687 900 4753 Rittershusius,
962 4703 1264 4757 omnesque
1318 4685 1488 4741 edidit
1541 4686 1643 4741 sub
1699 4686 1805 4740 hoc
1851 4684 2044 4739 titulo:

470 4777 530 4837 S.
559 4779 752 4835 Isidori
800 4779 1082 4836 Pelusiotae
1115 4780 1176 4832 de
1205 4779 1637 4847 interpretatione
1680 4778 1871 4831 divina:
1911 4775 2054 4832 Scri-

521 4935 614 5016 .(a)
650 4933 908 5016 Hardtips
943 4933 980 4986 I.
1018 4946 1068 4986 c.
1103 4929 1320 5016 lsidori,
1348 4927 1542 5008 inquit,
1588 4925 1873 5016 Pelusiotae
1894 4945 2047 5010 qua;-

467 4997 673 5059 stiones
699 5003 888 5058 nullibi
927 5008 1257 5055 memoratas
1283 4998 1484 5050 inveni.
1505 4997 1767 5061 —Quare
1793 4999 1956 5051 etiam
1989 4999 2045 5051 in
2073 5037 2098 5058 ο

469 5074 650 5130 indice
683 5074 811 5129 huic
847 5083 994 5126 tomo
1024 5070 1236 5140 adjecto
1270 5067 1417 5122 hunc
1439 5065 1633 5121 lsidori
1671 5067 1870 5120 librum
1903 5067 2046 5121 inter

2165 1920 2524 1988 cupletissimi
2587 1921 2800 1988 aliaque
2857 1919 3087 1973 minoris
3145 1919 3425 1972 momenti.
3477 1918 3744 1972 Caeterum

2166 2012 2284 2065 inec
2314 2011 2481 2064 editio
2523 2027 2592 2064 ne
2641 2011 2781 2064 linea
2819 2011 3038 2080 quidem
3073 2018 3276 2064 mutata
3309 2025 3454 2063 anno
3483 2021 3746 2078 sequente

2164 2105 2218 2158 in
2251 2105 2440 2158 eadem
2477 2120 2666 2158 recusa
2693 2113 2777 2157 est
2806 2103 3040 2158 oliicina.

2236 2208 2392 2261 Antio
2427 2208 2644 2262 denqu
2671 2207 2806 2260 169.5
2837 2205 3079 2258 Andreas
3120 2203 3380 2258 Schotlus
3409 2201 3593 2255 lsidori
3627 2200 3746 2270 epi-

2164 2299 2333 2352 stolas
2373 2297 2534 2351 DLIX
2585 2313 2615 2350 e
2672 2297 2862 2350 codice
2899 2295 3160 2348 Vaticano
3215 2294 3386 2346 edidit
3431 2292 3745 2361 Antuerpize

2163 2389 2311 2451 ἰπὶ-8,
2339 2391 2438 2442 sub
2482 2390 2584 2444 hoc
2630 2389 2825 2443 titulo:
2859 2387 2964 2441 Τοῦ
2996 2389 3052 2439 ὲν
3085 2387 3260 2453 ἁγίοις
3300 2385 3512 2450 Πατρὸς
3548 2383 3746 2436 Ἰσιδώ-

2165 2491 2260 2544 ρου
2293 2473 2386 2525 τ’θῦ
2423 2473 2802 2543 Πηλουσιὼτου
2831 2471 3109 2525 ἐπιστολαὶ
3134 2470 3428 2524 ἀνέκδοτοι.
3465 2468 3518 2522 S.
3554 2468 3746 2522 .lsidori

2165 2564 2447 2618 I’elusiota:
2488 2564 2720 2634 epistolre
2757 2566 3006 2617 hactenus
3047 2562 3259 2616 incditw
3305 2561 3370 2613 de
3420 2561 3544 2613 locis
3580 2575 3747 2613 θαι-τω
3784 2562 3791 2570 ’

2165 2653 2457 2723 Scriptura:
2491 2658 2822 2725 moribusque
2848 2653 3138 2724 formandis
3159 2669 3176 2715 ;
3197 2668 3261 2704 ea:
3293 2651 3544 2704 Vaticana
3569 2651 3743 2718 ponti-

2161 2746 2271 2814 ﬁcis
2306 2746 2607 2799 bibliotheca
2651 2763 2786 2798 nunc
2817 2747 3044 2814 primum
3079 2753 3241 2798 erutce
3271 2744 3509 2810 notisque
3561 2754 3609 2796 et
3651 2760 3743 2796 ar-

2161 2840 2417 2910 gumentis
2461 2839 2742 2892 illustrata:
2788 2840 2852 2891 ab
2919 2839 3132 2890 Andrea
3193 2835 3422 2899 Schotto,
3476 2835 3744 2890 societatis

2158 2931 2280 2984 Jcsu
2311 2930 2627 2999 presbytero.

2235 3021 2391 3072 Anno
2433 3028 2698 3088 sequente
2735 3017 3036 3087 publicavit
3073 3017 3215 3071 idem
3260 3016 3507 3072 Latinam
3545 3017 3740 3071 barum

2159 3109 2511 3178 epistularum
2547 3108 3052 3178 interpretationem
3081 3108 3288 3163 Romae.

2227 3219 2564 3273 Franeol‘urti
2615 3227 2796 3272 autem
2837 3235 2982 3274 anno
3024 3219 3158 3274 169.9
3217 3219 3420 3274 eaedem
3455 3234 3517 3273 ea
3566 3217 3740 3273 forma

2157 3324 2362 3364 recusa:
2409 3316 2556 3371 sunt,
2604 3316 2664 3360 ut
2725 3308 2951 3361 editioni
2997 3293 3465 3362 'Rittersliusianae
3519 3305 3737 3361 annecti
3816 3345 3826 3354 .

2153 3406 2378 3466 possent
2406 3437 2418 3458 ,
2446 3397 2546 3449 sub
2582 3396 2682 3451 hoc
2715 3397 2870 3451 titulo
2913 3415 2924 3450 :
2969 3395 3026 3450 S.
3072 3397 3264 3450 Isidori
3308 3394 3590 3448 Pelusiotae
3617 3412 3739 3464 pre-

2154 3489 2353 3557 sbytcri
2383 3489 2745 3556 epistolarum,
2769 3506 2886 3557 qua’
2921 3490 2974 3542 in
2999 3489 3147 3542 Billii
3170 3501 3214 3542 et
3263 3489 3595 3542 Rittershusii
3624 3489 3737 3542 edi-

2159 3581 2386 3633 tionibus
2416 3581 2802 3644 desiderantur,
2824 3583 3064 3634 volumen
3089 3582 3377 3650 reliquum;
3411 3598 3540 3650 quas
3554 3599 3616 3635 ex
3638 3581 3737 3635 Va-

2157 3675 2335 3725 ticana
2365 3671 2420 3725 S.
2457 3672 2635 3725 Patris
2661 3673 2964 3726 bibliotheca
3009 3689 3172 3740 nuper
3213 3683 3408 3737 erutas,
3445 3691 3582 3726 nunc
3624 3674 3736 3741 pri-

2153 3780 2298 3816 mum
2357 3761 2537 3816 Greece
2568 3772 2614 3815 et
2661 3761 2853 3815 Latine
2893 3763 3182 3830 conjunxit,
3225 3765 3458 3833 notisque
3492 3773 3538 3816 et
3573 3780 3734 3833 argu-

2153 3853 2342 3907 mentis
2381 3852 2666 3906 illustravit
2716 3852 2781 3906 R.
2813 3852 2873 3906 P.
2912 3854 3150 3906 Andreas
3177 3853 3437 3918 Schottus,
3473 3854 3733 3906 societatis

2151 3944 2273 3998 Jesu
2303 3943 2587 4010 presbyter.

2225 4047 2330 4101 Sed
2368 4046 2598 4101 Lutetia:
2643 4048 2860 4103 tandem
2899 4051 3218 4120 prodierunt
3258 4052 3499 4122 quinque
3541 4051 3731 4106 lsidori

2153 4137 2505 4206 epistolarum
2531 4138 2654 4192 libri
2677 4141 2998 4204 annolGSR,
3032 4143 3085 4195 in
3118 4143 3387 4208 folio,sub
3409 4143 3510 4196 hoc
3543 4143 3728 4196 titulo:

2153 4228 2210 4283 S.
2244 4229 2438 4283 Isidori
2470 4230 2752 4285 Pelusiotw
2806 4233 2870 4285 de
2908 4234 3336 4302 interpretatione
3372 4235 3562 4288 divina:
3584 4234 3732 4288 Scri-

2150 4327 2318 4387 ptura:
2351 4319 2467 4372 libri
2497 4321 2758 4390 quinque;
2782 4339 3002 4390 quorum
3035 4333 3138 4377 tres
3171 4325 3367 4392 priores
3392 4341 3454 4378 ea:
3478 4325 3730 4393 interpre-

2155 4412 2353 4464 tatione
2381 4409 2572 4466 Jacobi
2608 4412 2774 4477 Billii,
2805 4424 3022 4484 quartus
3046 4424 3224 4468 autem
3257 4433 3290 4468 a
3320 4414 3567 4471 Cunrado
3611 4415 3729 4469 Rit-

2080 4510 2124 4569 D
2155 4504 2406 4557 tershusio
2440 4502 2551 4567 IC.,
2610 4505 2699 4574 qui
2745 4515 2792 4557 et
2840 4516 2990 4560 notas
3048 4507 3334 4573 uberiores,
3367 4517 3416 4561 et
3473 4523 3727 4569 summas,

2155 4605 2202 4650 et
2236 4595 2431 4649 indices
2472 4597 2735 4666 prioribus
2768 4597 2912 4652 libris
2939 4598 3170 4668 adjecit:
3201 4607 3249 4652 et
3276 4599 3488 4668 quintus
3525 4603 3593 4654 ab
3617 4597 3729 4649 An-

2156 4688 2282 4742 drea
2315 4687 2544 4754 Schotto,
2586 4708 2722 4744 nunc
2747 4691 2975 4760 primum
2992 4691 3046 4742 in
3077 4688 3252 4742 Gallia
3287 4688 3562 4756 prodeunt.

2230 4777 2290 4832 In
2323 4779 2423 4832 hac
2447 4779 2702 4844 editione,
2719 4795 2839 4847 qua:
2861 4777 3046 4832 multis
3079 4783 3248 4830 scatet
3273 4775 3550 4831 erroribus
3577 4782 3730 4847 typo-

2155 4927 2360 4984 inedita
2385 4929 2572 4984 refert.

2227 5001 2296 5068 (ὁ)
2346 5000 2550 5053 Prodiit
2587 4997 2673 5052 hic
2711 4999 2847 5069 liber
2903 4997 3176 5069 liaganoaa
3234 4998 3392 5063 1529,
3443 4998 3588 5054 ἰη-ι.
3633 4997 3723 5055 Cf.

2152 5070 2312 5124 catal.
2345 5069 2474 5123 bibl.
2510 5069 2677 5122 Andr.
2708 5068 2854 5122 Paw.
2889 5070 2986 5139 (1).

527 5228 599 5289 (ι)
622 5226 778 5289 Liber
799 5227 942 5289 cujus
963 5223 1166 5289 titulum
1193 5221 1482 5289 Niemeyer,
1507 5234 1556 5283 p.
1575 5220 1663 5289 ἥδ,
1687 5233 1747 5269 ex
1775 5221 2000 5280 catalogo
2019 5223 2230 5289 quodam
2255 5221 2463 5289 exhibet
2485 5235 2496 5269 :
2526 5219 2748 5289 Isidorus
2780 5221 3024 5289 Pelusiota
3055 5225 3116 5289 de
3143 5223 3393 5289 nativitate
3413 5222 3607 5289 Domini
3629 5224 3728 5275 Ha-

464 5280 636 5352 ganoge
663 5280 954 5352 15299133
978 5280 1545 5352 nitiacilec-redide‘rim,
1573 5280 1856 5352 idemuopus
1902 5280 2168 5352 esi-,“g‘und
2210 5282 2406 5352 proprie
2443 5283 2757 5352 inscribitur:
2790 5287 2847 5352 Β.
2884 5284 3071 5352 I_si_d0ri
3102 5283 3330 5350 episcopi,
3373 5285 3585 5352 theologi
3597 5292 3727 5352 vetu-

465 5343 690 5404 Ktissimi,
715 5349 774 5398 de
797 5343 1043 5397 nativitate
1066 5345 1276 5404 Domini,
1300 5351 1396 5409 etc.
1419 5343 1534 5394 libri
1554 5345 1668 5393 duo.
1695 5343 2109 5409 Haganozetisau,
2132 5343 2257 5394 in-i.
2287 5343 2369 5409 Isti
2395 5350 2559 5409 autem
2583 5344 2714 5409 libri,
2741 5351 2824 5406 qui
2847 5346 2966 5396 mihi
2989 5343 3169 5409 praesto
3194 5343 3332 5406 sunt,
3360 5343 3610 5397 revera'S.
3639 5347 3726 5396 lsi-

463 5412 636 5472 durum
667 5409 1007 5472 liispalensem
1023 5414 1282 5472 auctorem
1298 5407 1512 5472 habent,
1527 5412 1586 5472 et
1607 5406 2063 5472 cumjnscriptione
2088 5410 2306 5472 :_Contra
2325 5405 2528 5457 Juda’os
2546 5405 2870 5472 reperiuntur
2891 5413 2938 5457 in
2965 5405 3149 5471 o‘ptima
3184 5411 3292 5472 ejus
3316 5405 3536 5472 editione
3558 5413 3722 5472 (quam

463 5470 656 5522 curavit.
677 5465 730 5520 Ρ.
757 5465 992 5530 Ἁτρνειο)
1020 5470 1180 5518 Romae
1204 5467 1319 5517 i797
1340 5495 1402 5505 --
1431 5469 1570 5528 1803,
1619 5474 1654 5516 t.
1675 5467 1760 5530 Vl,
1787 5482 1833 5530 p.
1869 5465 2061 5530 iseqq.
2100 5469 2437 5530 Praeterquam
2473 5471 2604 5517 enim

2671 5471 2765 5518 uod
2796 5471 2935 5532 locus
2962 5469 3015 5519 et
3057 5469 3294 5520 annus‘et
3317 5469 3465 5519 forma
3498 5469 3724 5532 impressi

463 5531 582 5582 libri
596 5535 906 5594 congruunt,
930 5527 1221 5594 imprudens
1239 5536 1326 5580 aut
1348 5532 1530 5580 sciolus
1551 5527 1762 5591 ealaiogi
1786 5527 2012 5594 scriptor;
2034 5527 2150 5578 cum
2166 5527 2319 5594 iprior’
2337 5542 2397 5594 es
2427 5527 2750 5594 istisiduobuis
2778 5529 2936 5594 libris,
2969 5540 3118 5594 prout
3140 5535 3385 5594 Haganom
3413 5533 3532 5582 1529
3556 5527 3725 5580 éditus

465 5601 561 5652 est,
593 5591 645 5641 in
669 5587 902 5656 πῖθι-εἰπε
915 5587 1160 5654 superiori
1184 5591 1476 5656 simpliciter
1517 5587 1748 5640 notatur":
1781 5604 1812 5656 ιΔ
1830 5587 2124 5656 Bflsidorus
2147 5587 2210 5639 de
2249 5591 2506 5656 nativitate
2533 5593 2748 5656 Domini,
2776 5609 2794 5642 ι
2823 5587 2983 5643 ἵειρίιέ
3005 5587 3302 5645 Pelusiotam
3325 5595 3388 5642 de
3427 5607 3515 5642 suo
3540 5595 3723 5656 aq'dere

464 5651 642 5716 potuit,
663 5651 833 5716 sicque
861 5651 1044 5704 Isidoro
1065 5661 1231 5703 nostro
1259 5651 1389 5704 fetus
1409 5666 1714 5712 accrescere,
1737 5653 1877 5714 cujus
1902 5665 1964 5700 ne
1983 5653 2238 5700 minimum
2259 5651 2397 5712 alibi,
2443 5667 2537 5702 nec
2559 5654 2661 5703 anti
2699 5669 2780 5713 uo,
2804 5668 2896 5704 nec
2920 5657 3185 5705 recentiori
3215 5665 3436 5714 tempore
3461 5653 3722 5715 vestigium

464 5716 690 5763 occurrit.
720 5715 897 5764 Eadem
913 5718 1066 5767 igitur
1088 5716 1236 5766 fuerit
1257 5717 1589 5767 hatlucinatio.
1615 5728 1760 5767 quam
1787 5717 1894 5767 ipse
1916 5713 2182 5767 Niemeyer
2202 5714 2300 5762 alio
2321 5715 2372 5762 in
2395 5715 2502 5764 loco
2526 5729 2572 5767 ιι.
2604 5669 2694 5767 HE
2713 5718 2774 5766 de
2801 5719 2968 5767 codice
2995 5717 3205 5767 quodam
3226 5717 3556 5767 manuscrioto
3585 5722 3721 5766 recte

461 5713 897 5793 9‘39!!’.‘Ez"3§d9m
913 5718 1066 5793 Erit!"
1088 5716 1236 5793 τιιεείι
1257 5713 2300 5793 Ὲιεειιιέεῑρεξφονέξιιξιξῑ.ίρ,ξε,ἕ1ςξξῑφ;ξν.ξ¹ίο
2321 5715 2372 5762 in
2395 5715 2502 5764 ¹οεο
2526 5729 2572 5778 ρ·
2604 5716 2660 5765 ιι

2713 5718 2774 5766 de
2801 5719 2968 5768 codice
2995 5717 3205 5778 quodam
3226 5717 3556 5778 manuscripto
3585 5722 3721 5766 recte

462 5776 804 5839 deprehendit.
831 5804 888 5816 --
911 5772 1138 5839 Fassus,
1169 5777 1326 5829 Instit.
1353 5775 1562 5838 Patrob,
1590 5772 1644 5824 Il
1658 5813 1668 5836 ,
1689 5772 2086 5838 623COEniponte
2110 5774 2246 5825 1850.
