4118 6396
383 322 464 386 Si

1517 327 1626 387 DE
1663 325 2008 386 SCRIPTIS
2044 327 2337 388 ISIDORI
2374 331 2632 390 PELUS.
3625 339 3696 402 38

403 437 701 512 graphicis,
733 439 908 494 etiam
942 440 1050 496 hoc
1080 440 1504 512 vituperandum
1532 451 1636 508 est,
1669 439 1816 512 quod
1837 443 2009 498 Stellae
2036 452 2082 506 Α
2110 441 2398 514 Scriptura:
2435 448 2776 515 epistolarum
2831 451 2988 504 editio
3021 453 3195 521 prima
3258 453 3446 509 Veneta
3499 452 3692 509 Latina

406 530 870 602 quidem,quibus
895 532 1304 590 Rittershusius
1339 535 1394 588 in
1419 534 1679 590 Bavarico
1710 535 1896 590 codice
1920 544 2015 590 aut

409 640 582 678 unum
603 633 701 680 aut
720 625 1012 695 complura
1041 627 1222 682 addita
1257 641 1377 682 esse
1410 628 1674 682 vocabula
1709 627 2014 698 signiﬁcare

403 716 602 780 voluit,
635 717 692 770 in
719 726 934 772 textum
954 727 1190 786 recepta:
1240 727 1402 783 sunt;
1433 735 1612 789 neque
1643 730 1824 774 tamen
1877 720 2014 774 scri-

398 819 586 878 pturae
631 807 927 864 diversitas
970 818 1056 863 est
1098 810 1353 866 indicata.
1396 810 1500 876 Qui
1553 812 1755 866 factum
1805 822 1910 876 est,
1953 821 2014 866 ut

401 900 606 955 Petrus
632 901 898 956 Possinus
924 901 979 955 in
1029 901 1189 966 libro,
1235 903 1304 957 de
1337 919 1444 973 quo
1476 905 1742 958 continuo
1763 919 2006 975 agemus,

399 991 565 1046 hisce
629 993 808 1047 stellis
854 993 1082 1048 lacunas
1131 993 1362 1048 indicari
1418 995 1734 1062 arbitratus,
1779 997 2014 1066 glossam

385 1099 508 1153 pro
557 1100 690 1138 vera
740 1084 1018 1154 scriptura
1074 1085 1276 1153 saepius
1315 1085 1587 1140 habuerit.
1632 1087 1808 1140 Simili
1851 1087 2014 1141 modo

398 1173 560 1237 unci,
589 1189 730 1243 quos
749 1183 923 1238 certe,
961 1173 1041 1228 uti
1076 1183 1238 1228 antea
1267 1173 1472 1229 dictum
1507 1185 1610 1241 est,
1640 1175 1869 1230 consilio
1912 1176 2010 1230 ad-

397 1264 600 1326 hibuit,
641 1264 1068 1331 Rittershusius,
1119 1265 1175 1318 in
1221 1265 1325 1320 bac
1353 1267 1594 1321 editione
1629 1275 1834 1321 temere
1857 1282 2012 1321 rece-

395 1355 480 1426 pti
507 1357 770 1410 videntur
801 1372 942 1412 esse.

470 1447 754 1502 Ca-terum
801 1464 996 1504 omnes
1037 1449 1226 1505 lsidori
1275 1450 1523 1520 epistolae
1572 1461 1790 1507 exstant
1820 1451 2011 1508 Latine

394 1545 623 1591 tantum
655 1539 712 1590 in
750 1539 989 1593 maxima
1035 1538 1375 1596 Bibliotheca
1408 1539 1524 1597 νγ.
1557 1542 1662 1596 PP.
1711 1552 1844 1598 tom.
1893 1543 2008 1609 \‘.ll,

389 1646 458 1700 p.
485 1629 751 1685 499-802.

473 1743 592 1800 Sed
629 1745 821 1800 [lernae
868 1745 1199 1816 prodierunt
1231 1761 1376 1801 anno
1407 1746 1544 1800 1670
1573 1745 1878 1799 lsidoriana:
1903 1745 2009 1798 rol-

394 1837 658 1903 Iationes,
696 1839 884 1908 quibus
913 1839 972 1893 S.
1015 1838 1210 1893 Isidori
1259 1840 1540 1894 Pelusiotae
1576 1837 1809 1908 epistola:
1832 1855 2008 1892 omnes

391 1930 662 1983 hactenus
719 1929 874 1982 editae
924 1945 1044 1982 cum
1113 1929 1290 1982 multis
1334 1928 1568 1998 antiquis
1616 1927 1827 1996 optima!
1874 1935 2009 1980 nota:

393 2037 568 2076 manu
599 2015 813 2091 scriptis
839 2020 1104 2073 codicibus
1143 2029 1543 2091 comparantur,
1571 2029 1616 2072 et
1644 2020 1764 2072 inde
1800 2019 2009 2072 circiter

396 2116 480 2171 bis
507 2116 658 2169 mille
691 2115 820 2168 locis
849 2115 1162 2184 supplentur
1187 2124 1278 2168 aut
1305 2116 1674 2168 emendantur.
1708 2111 1788 2166 Ea:
1817 2111 2006 2168 biblio-

396 2213 550 2262 theca
595 2207 918 2262 Barberina.
945 2207 1171 2262 Curavit
1215 2207 1361 2262 enirn
1403 2205 1729 2260 Franciscus
1757 2204 2008 2258 cardina-

395 2305 468 2359 lis
497 2303 843 2357 Barberinus
899 2317 1000 2371 per
1033 2301 1240 2367 virum,
1275 2311 1334 2356 ut
1385 2300 1476 2364 ait,
1503 2299 1596 2370 qui
1631 2299 1888 2368 praefatus
1926 2307 2010 2354 est

393 2395 601 2466 Petrus
636 2394 926 2454 Pessinus,
965 2393 1295 2448 eruditionis
1319 2392 1556 2454 eximite,
1583 2406 1739 2444 suum
1776 2399 1904 2444 tunc
1931 2388 2010 2442 fa-

399 2489 697 2553 miliarem,
755 2487 851 2539 τὺν
904 2486 1219 2556 μακαρίτην
1276 2484 1659 2539 Fransciscum
1708 2481 2007 2536 Arcudium

395 2580 654 2637 Graecum
717 2578 1037 2639 Calabrum,
1082 2586 1270 2646 postea
1324 2576 1640 2645 episcopum
1671 2573 2004 2635 Nuscanum,

400 2689 526 2729 cum
557 2688 662 2727 sex
689 2672 918 2742 optimis
951 2671 1333 2740 antiquissima
1361 2685 1526 2722 manu
1555 2667 1775 2736 scriptis
1804 2665 2006 2720 codici-

399 2765 523 2827 bus,
555 2765 780 2820 duobus
831 2762 1122 2826 Vaticanis,
1187 2761 1412 2816 totidem
1464 2759 1852 2825 Altaemsibus,
1900 2774 2007 2812 uno

389 2857 705 2918 Sfortiano,
741 2865 901 2912 sexto
937 2855 1241 2910 Barberino
1279 2853 1644 2908 conferendas
1677 2851 2008 2906 Isidorianas

392 2966 594 3005 omnes
627 2951 914 3020 epistolas,
951 2958 1142 3004 exacte
1179 2947 1430 3016 ascriptis
1455 2961 1554 3016 per
1583 2945 1856 3016 margines
1888 2943 2006 2998 edi-

399 3041 566 3096 tionis
596 3039 925 3094 Parisiensis
954 3039 1120 3094 variis
1149 3038 1482 3094 lectionibus
1521 3046 1576 3092 et
1609 3035 2007 3106 supplementis

2117 538 2326 590 auctior
2380 548 2429 591 et
2466 541 2808 595 crrzcndatior.
2871 542 2970 597 Cui
3019 556 3211 613 pt'wtcr
3251 555 3400 599 notas
3461 548 3696 604 Cunrudi

2116 625 2447 681 Rittershusii
2468 640 2514 682 et
2543 631 2762 686 Andreae
2778 632 2976 688 Scliotti
2993 635 3325 704 adjiciuntur
3348 649 3394 691 et
3419 650 3552 692 notu'
3576 641 3698 695 alii?

2115 729 2180 766 ea:
2228 713 2538 770 Isidorianis
2563 717 2938 776 Collationibus
2969 723 3116 777 Petri
3165 725 3374 782 Possiui
3415 729 3698 798 diligenter

2116 815 2388 872 excerptw.

2187 894 2246 950 ln
2290 894 2376 951 his
2432 897 2626 954 lsidori
2675 901 3029 969 editionibus,
3075 906 3436 965 Parisiensem
3489 911 3612 966 dico
3643 920 3698 967 et

2119 982 2405 1050 Venetam,
2439 1004 2652 1045 excusa:
2693 1001 2821 1047 sunt
2851 995 3090 1064 epistolae
3120 999 3205 1054 bis
3234 1003 3381 1057 mille
3409 1012 3464 1057 et
3493 1003 3698 1058 duode-

2117 1075 2504 1134 cim—Liber
2536 1081 2680 1135 enim
2713 1085 2920 1153 primus
2951 1087 3276 1157 quingentas
3315 1095 3558 1148 continet
3593 1095 3694 1165 (α),

2119 1170 2395 1225 secundus
2424 1180 2716 1236 trecentas,
2753 1177 2948 1232 tertius
2975 1181 3400 1253 quadringentos
3430 1195 3484 1239 et
3515 1187 3697 1241 trede-

2115 1260 2242 1322 cim,
2271 1272 2498 1331 quartus
2541 1265 2805 1321 ducentas
2833 1277 2887 1323 et
2918 1271 3158 1342 triginta,
3194 1283 3250 1327 et
3277 1276 3499 1344 quintus
3535 1277 3697 1347 quin-

2111 1359 2306 1418 gentas
2335 1353 2611 1423 sexaginta
2649 1370 2868 1410 novem.
2899 1357 3056 1413 Errat
3086 1361 3250 1430 igitur
3284 1373 3472 1417 auctor
3493 1381 3698 1438 anony—

2115 1455 2239 1492 mus
2265 1439 2514 1498 Historia:
2535 1445 3056 1518 ecclesi’asticw,qua3
3104 1452 3303 1522 prodiit
3327 1455 3563 1510 Colonia:
3599 1457 3694 1524 (li),

2115 1531 2206 1599 qui
2229 1531 2416 1588 Isidori
2448 1537 2801 1604 epistolarum
2826 1541 2934 1595 duo
2964 1542 3126 1596 millia
3159 1554 3376 1599 centum
3402 1558 3698 1618 etseptua-

2115 1627 2263 1695 ginta
2307 1643 2502 1682 novem
2553 1646 2782 1686 excusas
2799 1635 3071 1703 opinatur.
3094 1637 3697 1712 Errantlgnatiusllya-

2115 1719 2340 1796 cinthus.
2379 1722 2445 1775 de
2477 1722 2752 1780 Gravesou
2778 1726 2872 1796 (c).
2915 1728 3124 1783 Cavcus
3167 1739 3221 1784 et
3253 1731 3550 1794 Fabricius,
3604 1733 3696 1802 qui

2111 1829 2302 1869 omnes
2330 1815 2520 1870 lsidori
2572 1817 2831 1887 epistolas
2859 1820 2942 1873 bis
2972 1821 3117 1874 mille
3145 1831 3200 1876 et
3230 1823 3488 1877 tredecim
3521 1841 3687 1878 excu—

2112 1920 2199 1960 sas
2239 1921 2360 1960 esse
2409 1907 2766 1964 affirmarunt.
2799 1909 2900 1977 Qui
2933 1913 3126 1967 horum
3158 1915 3397 1970 virorum
3435 1933 3590 1970 error
3629 1934 3698 1972 ex

2110 2014 2177 2052 eo
2206 2000 2396 2069 procul
2425 2002 2590 2056 dubio
2623 2012 2785 2057 natus
2832 2013 2936 2070 est,
2971 2006 3112 2074 quod
3149 2005 3408 2062 Schottus
3453 2010 3698 2078 epistolae

2111 2091 2564 2162 quingentesima:
2598 2097 2949 2166 sexagesima:
2977 2111 3158 2158 nouae,
3191 2115 3311 2167 quae
3352 2101 3471 2153 libri
3519 2103 3696 2170 quinti

2111 2191 2388 2250 postrema
2443 2192 2548 2246 est,
2582 2184 2817 2252 subjecit
2848 2201 3008 2239 uuam
3039 2171 3215 2255 quarti
3234 2188 3356 2242 libri
3385 2205 3416 2244 a
3473 2206 3530 2244 se
3579 2193 3696 2246 edi-

2113 2278 2219 2325 tam
2252 2273 2450 2327 emend
2464 2274 2608 2328 alius
2657 2276 2758 2344 (ά).

2185 2384 2291 2440 Sed
2324 2387 2366 2440 si
2398 2403 2462 2441 ex
2496 2389 2580 2442 bis
2603 2389 2854 2460 colligere
2885 2391 3052 2446 velles
3073 2409 3174 2448 nos
3205 2395 3287 2449 bis
3317 2397 3460 2452 mille
3489 2409 3544 2453 et
3569 2399 3698 2454 duo-

2112 2479 2286 2532 decim
2338 2479 2529 2534 lsidori
2562 2481 2823 2550 epistolas
2855 2483 3056 2538 habere
3087 2487 3428 2554 superstites,
3477 2506 3596 2558 quae
3625 2499 3699 2560 ty-

2113 2571 2197 2640 pis
2229 2585 2442 2626 excusse
2472 2573 2602 2638 sint,
2643 2574 2786 2628 haud
2817 2575 2982 2630 dubie
3003 2577 3058 2631 in
3089 2593 3328 2633 errorem
3363 2581 3692 2638 incurreres.

2111 2660 2374 2717 Prmclare
2423 2665 2570 2718 enim
2631 2681 2660 2720 a
2697 2666 3044 2722 Tillemontio
3077 2670 3147 2737 (ε)
3181 2671 3530 2726 observatum
3587 2685 3690 2738 est,

2110 2771 2272 2809 unam
2307 2755 2360 2810 in
2392 2757 2528 2811 duas
2559 2774 2956 2830 nonnunquam
2987 2761 3312 2833 discerptam
3343 2780 3464 2820 esse
3489 2766 3692 2838 episto-

2109 2847 2241 2907 lam,
2265 2849 2415 2904 velut
2443 2850 2566 2904 libri
2600 2869 2652 2906 tv
2682 2868 2770 2922 ep.
2807 2853 2912 2908 206
2933 2863 2988 2908 et
3015 2855 3141 2923 207,
3167 2866 3222 2911 et
3247 2857 3367 2912 libri
3405 2875 3417 2914 ι
3466 2877 3552 2930 ep.
3587 2861 3688 2916 271

2109 2949 2165 2993 et
2191 2939 2318 2998 272.
2381 2941 2778 3012 nonnullasque
2808 2943 2891 2998 bis
2911 2951 3044 2999 esse
3072 2947 3295 3016 positas,
3327 2963 3555 3018 quarum
3585 2952 3694 3006 duo

2109 3033 2276 3087 affert
2305 3034 2574 3104 exerupla.
2602 3034 2672 3088 At
2719 3036 2891 3090 multo
2921 3036 3076 3106 plus]
3123 3037 3512 3107 lleumannush
3536 3043 3694 3114 cujus

399 3148 432 3188 e
461 3132 691 3203 regione
714 3133 985 3202 cujusque
1016 3131 1104 3186 tali
1133 3131 1406 3202 egentium
1440 3146 1544 3200 ope
1588 3129 1850 3184 locorum.
1893 3127 2006 3182 lloc
2033 3137 2074 3192 ο
2111 3140 2233 3194 quae
2262 3125 2328 3179 de
2361 3125 2462 3180 hac
2499 3141 2556 3179 re
2587 3127 2696 3196 agit
2745 3136 2928 3181 notam
2963 3129 3068 3184 huc
3099 3133 3456 3186 transcribere
3491 3133 3688 3190 liceat:

399 3221 665 3277 editionis
720 3219 1052 3276 Parisiensis
1103 3221 1383 3288 exemplar
1443 3218 1671 3274 Carolus
1721 3219 2003 3281 Moronus,

397 3313 704 3384 praefectus
727 3312 1080 3368 bibliotheca:
1101 3310 1435 3375 Barberinae,
1459 3310 1682 3364 tradidit
1702 3309 1859 3363 Petro
1883 3306 2009 3360 Pos-

399 3405 527 3459 sino
560 3420 592 3458 e
621 3403 893 3459 societate
925 3403 1078 3469 Jesu,
1123 3403 1216 3472 qui
1264 3403 1428 3458 hasce
1481 3401 1812 3457 lsidorianas
1843 3399 2009 3454 edidit

398 3496 754 3560 cenationes,
800 3496 884 3550 sic
927 3495 996 3549 ab
1034 3510 1102 3550 eo
1141 3503 1388 3562 vocatas,
1422 3493 1704 3564 quoniam,
1739 3503 1798 3546 ut
1835 3491 2008 3560 ipsius

400 3600 530 3647 utar
561 3591 770 3657 verbis,
803 3591 859 3644 in
889 3591 956 3646 iis
983 3590 1094 3648 illa.
1141 3591 1209 3645 de
1248 3606 1354 3660 qua
1389 3589 1518 3652 dixi,
1559 3587 1877 3642 Parisiensis
1912 3587 2006 3642 lsi-

397 3686 522 3742 dori
563 3685 738 3739 editio
783 3699 908 3738 cum
968 3683 1251 3738 codicibus
1299 3682 1442 3736 haud
1499 3682 1661 3750 paulo
1693 3679 2006 3734 melioribus

401 3777 714 3833 confertur.
760 3793 790 3827 «-
823 3775 1042 3840 Studui,
1096 3783 1156 3828 ut
1193 3774 1385 3830 scribit
1423 3773 1533 3837 ille,
1573 3781 1770 3828 cuncta
1805 3772 1884 3826 sic
1908 3789 2004 3826 ex-

397 3869 610 3940 plicare
639 3877 882 3938 utquam
917 3866 1172 3920 facillime
1203 3866 1382 3934 quivis
1407 3866 1576 3921 lector
1598 3866 2004 3934 comparatione

398 3959 508 4012 mei
534 3957 728 4026 scripti
763 3970 888 4009 cum
915 3955 1037 4022 ejus
1063 3954 1322 4008 editionis
1350 3953 1601 4022 exemplo
1629 3953 1744 4006 loca
1773 3951 1828 4005 in
1856 3951 2006 4007 edito

397 4047 672 4104 mendosa
705 4047 1006 4114 corrigere,
1036 4045 1228 4099 mutila
1258 4053 1448 4114 posset
1477 4043 1753 4113 supplere.
1781 4043 1862 4096 Ad
1901 4043 2006 4096 hoc

394 4142 698 4212 diligenter
724 4137 986 4194 adnotavi
1036 4125 1418 4208 epistolarum,
1443 4135 1764 4205 paginarum
1808 4141 2004 4186 etver—

393 4250 589 4294 suum.
620 4234 692 4289 ad
722 4249 872 4302 quos
898 4231 1315 4287 observationes
1354 4229 1438 4283 ba:
1468 4224 1768 4297 pertinent.
1809 4240 2005 4279 nume-

394 4343 512 4383 ros.
559 4326 896 4395 Plerumque
923 4323 1366 4379 retuliduntaxat
1389 4319 1519 4389 quid
1541 4317 1742 4372 diversi
1767 4316 2001 4370 autnovi

392 4427 644 4476 exstaret
667 4417 814 4488 apud
835 4417 1088 4480 codices;
1115 4426 1510 4492 nonnunquam
1536 4407 1800 4478 judicium
1821 4421 2001 4460 meum

2115 3235 2134 3268 ‹
2173 3214 2451 3287 Sehottus,
2486 3217 2662 3286 inquit
2693 3217 2802 3281 ille,
2831 3219 3058 3287 plurese
3086 3221 3348 3277 Vaticano
3378 3240 3477 3278 suo
3507 3227 3693 3280 codice

2108 3308 2296 3370 edidit,
2323 3324 2443 3377 qum
2462 3309 2572 3376 jam
2607 3309 2766 3364 editas
2807 3310 3026 3365 fuerant
3075 3328 3104 3365 a
3162 3312 3316 3368 Billio
3345 3315 3430 3369 vel
3484 3316 3690 3372 Ritter-

2118 3397 2326 3452 sliusio.
2358 3417 2376 3448 ι
2415 3399 2612 3453 Eadem
2644 3400 2790 3454 enim
2837 3410 2920 3456 est
2950 3403 3067 3456 libri
3101 3419 3134 3457 ν
3162 3420 3248 3473 ep.
3271 3407 3375 3460 259
3405 3417 3460 3461 et
3487 3409 3606 3462 libri
3639 3427 3691 3464 iv

2107 3505 2195 3558 ep.
2235 3489 2334 3543 M7
2355 3507 2369 3554 ;
2389 3490 2577 3544 eadem
2599 3499 2686 3545 est
2711 3491 2832 3544 libri
2862 3509 2894 3544 v
2925 3507 3011 3562 ep.
3040 3493 3100 3548 9l
3137 3503 3190 3548 et
3221 3495 3342 3549 libri
3367 3513 3419 3550 tv
3442 3513 3528 3567 ep.
3557 3499 3686 3564 Hi;

2107 3581 2295 3636 eadem
2328 3591 2412 3636 est
2441 3581 2560 3636 libri
2583 3599 2615 3634 ν
2645 3599 2732 3652 ep.
2757 3583 2859 3638 158
2889 3593 2941 3638 et
2968 3585 3086 3638 libri
3122 3601 3172 3640 iv
3202 3603 3289 3656 ep.
3324 3588 3424 3643 190
3449 3605 3463 3654 ;
3497 3591 3686 3646 eadem

2109 3683 2194 3727 est
2218 3672 2339 3726 libri
2373 3689 2414 3727 v.
2435 3689 2523 3742 ep.
2567 3675 2636 3728 45
2661 3683 2715 3728 et
2761 3675 2882 3729 libri
2919 3693 2968 3729 IV
2999 3691 3086 3745 ep.
3120 3679 3220 3734 199
3245 3697 3259 3746 ;
3288 3711 3353 3720 -
3385 3683 3573 3736 eadem
3605 3695 3689 3740 est

2105 3763 2232 3818 libri
2253 3782 2287 3819 v
2316 3781 2404 3834 ep.
2442 3766 2537 3820 I59
2565 3773 2619 3818 et
2642 3765 2761 3820 libri
2787 3783 2837 3819 IV
2863 3783 2949 3836 ep.
2987 3769 3123 3831 I22;
3159 3771 3352 3826 eadem
3385 3784 3470 3828 est
3501 3776 3620 3830 libri
3655 3793 3687 3832 v

2102 3871 2192 3924 ep.
2236 3856 2338 3910 187
2394 3867 2449 3910 et
2506 3855 2629 3910 libri
2664 3873 2718 3911 IV
2749 3873 2838 3927 ep.
2873 3851 3007 3922 l2i;
3039 3862 3228 3916 eadem
3261 3873 3342 3918 est
3371 3866 3496 3920 libri
3529 3885 3562 3921 v
3595 3884 3682 3938 ep.

2106 3949 2211 4002 524
2239 3957 2294 4002 et
2324 3949 2446 4002 libri
2477 3967 2492 4004 ι
2526 3967 2614 4019 ep.
2655 3951 2780 4004 255.
2809 3952 3030 4016 Confer,
3062 3955 3140 4009 sic
3188 3957 3332 4010 enim
3365 3960 3538 4029 pergit
3573 3961 3682 4024 ille,

2104 4039 2266 4092 etiam
2299 4039 2419 4093 libri
2471 4057 2504 4095 v
2533 4055 2618 4109 ep.
2656 4041 2756 4094 116
2789 4057 2911 4095 cum
2967 4044 3089 4097 libri
3126 4061 3160 4098 ιι
3217 4061 3302 4116 ep.
3344 4049 3472 4114 l62;
3507 4051 3628 4105 libri
3655 4070 3686 4106 v

2104 4127 2389 4197 epistolam
2447 4128 2516 4182 21
2561 4145 2684 4184 cum
2736 4133 2964 4201 epistola
3000 4135 3125 4198 567,
3181 4137 3533 4208 ejusdemque
3563 4143 3685 4197 libri

2103 4218 2390 4288 epistolam
2417 4219 2520 4274 574
2551 4235 2674 4274 eum
2701 4221 2821 4276 libri
2854 4240 2892 4277 ιι
2921 4225 3150 4294 epistola
3180 4227 3301 4290 116,
3328 4245 3462 4299 quas
3490 4247 3682 4300 parum

2103 4309 2246 4364 inter
2315 4325 2373 4365 se
2428 4311 2646 4366 differre
2702 4313 3098 4382 deprehendes.
3166 4317 3276 4372 Nec
3326 4335 3454 4373 vero
3511 4322 3684 4378 solum

2102 4403 2292 4472 quinto
2337 4401 2525 4457 insunt
2571 4403 2708 4458 libro
2735 4405 2980 4474 epistolae
3013 4407 3126 4476 jam
3159 4417 3317 4462 antea
3351 4411 3530 4475 editae.
3589 4415 3686 4469 sed

391 4509 745 4580 interposui;
786 4523 890 4562 nec
942 4503 1280 4561 dissimulavi
1325 4502 1640 4557 oborientes
1671 4514 1702 4553 e
1731 4497 2003 4553 variarum
2036 4495 2080 4549 D
2110 4491 2486 4561 superioribus
2521 4508 2736 4562 quoque
2782 4495 2834 4548 in
2867 4495 3017 4550 libris
3063 4499 3339 4554 nonnullae
3369 4501 3450 4556 bis
3497 4503 3686 4574 legun-

393 4603 704 4658 lectionum
734 4599 956 4653 indiciis
1001 4599 1071 4652 de
1109 4597 1402 4666 archetypa
1437 4592 1706 4661 scriptura
1729 4589 2008 4658 conjectu-
2107 4589 2214 4637 tur.
2251 4582 2452 4638 Eadem
2484 4593 2631 4638 certe
2656 4593 2742 4638 est
2774 4585 2894 4639 libri
2927 4601 2962 4639 ιι
2995 4587 3220 4656 epistola
3248 4592 3270 4644 1
3309 4601 3363 4645 et
3393 4593 3488 4652 59;
3525 4594 3642 4649 libri
3669 4613 3682 4650 ι

391 4710 528 4761 ras;
585 4708 710 4747 raro
739 4702 922 4745 tamen
974 4690 1026 4744 id
1075 4689 1200 4750 feci,
1261 4694 1554 4742 contentus
1594 4680 2006 4754 κριτικωτέροις

391 4784 554 4855 quasi
585 4781 868 4852 aperuisse
894 4795 1150 4850 campum
1187 4785 1245 4832 et
1273 4775 1622 4830 occasionem
1656 4771 1868 4826 felicius
1904 4785 2004 4841 pro

389 4877 674 4947 cujusque
702 4874 960 4928 acumine
989 4869 1269 4926 divinandi
1298 4866 1617 4938 praebuisse.

463 4965 570 5023 llis
601 4980 734 5022 vero
779 4961 1182 5020 Collationihu's
1225 4976 1358 5016 usus
1393 4966 1476 5013 est
1509 4947 1700 5011 auct'or
1741 4951 1994 5008 editionis

389 5069 522 5128 quae
549 5053 756 5125 prodiit
776 5051 1026 5106 Venetiis
1062 5049 1221 5115 1745,
1257 5048 1311 5102 in
1339 5047 1492 5110 folio,
1527 5045 1629 5100 sub
1663 5044 1767 5098 boc
1797 5043 1953 5097 titulo
1979 5061 1992 5096 :

391 5145 586 5202 Sancti
629 5143 827 5199 Isidori
884 5141 1172 5196 Pelusiotae
1215 5139 1279 5193 de
1331 5136 1766 5207 interpretatione
1807 5135 1998 5188 divina:

475 5345 554 5415 (α)
588 5343 901 5399 Ceillit-rius
932 5343 988 5396 in
1023 5343 1185 5415 Allist.
1211 5348 1340 5415 auct
1363 5355 1540 5415 “scier.
1594 5345 1639 5390 et
1681 5335 1816 5415 _eccl.
1859 5343 1993 5415 tom.

393 5407 546 5480 Xlll,
577 5431 698 5482 cap.
730 5415 824 5477 22,
852 5421 958 5468 art.
1011 5413 1067 5475 2,
1113 5429 1166 5482 p.
1193 5409 1327 5482 7605,
1363 5409 1560 5482 librum
1612 5407 1847 5476 primum
1879 5407 2000 5482 epi-

393 5433 544 5480 λιιι,
577 5433 636 5469 ca
683 5455 698 5469 .
731 5433 824 5477 ‘22,
852 5433 958 5468 art.
1011 5433 1067 5475 Ζ,
1113 5433 1166 5482 p.
1202 5433 1327 5473 ῡυῦ,
1363 5433 1560 5462 nurum
1612 5433 1847 5476 primum
1879 5433 1999 5472 cpi-

388 5488 569 5546 stolas
600 5433 736 5540 U§C
788 5483 1078 5538 continere
1125 5481 1375 5536 afﬁrmat.
1425 5477 1651 5532 Videtur
1679 5486 1860 5546 autem
1911 5475 1999 5528 ille

397 5545 540 5614 usus
571 5555 740 5610 fuisse
772 5553 1075 5626 exernplari
1109 5548 1426 5626 l’ar'isiensi,
1461 5547 1654 5626 inquo
1690 5545 1998 5626 typotheut-

392 5641 522 5683 rum
555 5625 890 5697 negligentia
921 5616 994 5697 et
1027 5621 1237 5697 incuria
1292 5618 1481 5673 ultima
1522 5617 1686 5686 hujus
1717 5616 1842 5670 libri
1883 5616 2000 5684 epi—

397 5699 542 5754 stola
576 5692 939 5752 bdcnumeru
982 5692 1241 5766 insignita
1280 5697 1440 5766 est.”
1475 5758 1486 5766 _
1583 5756 1593 5766 _

469 5767 548 5840 (ὸ)
611 5767 815 5838 Abrégé
868 5766 934 5818 dc
989 5754 1248 5818 t'tiiitoirc
1301 5756 1712 5826 erciésiastique.
1761 5754 1997 5827 Cologne

2103 4676 2328 4746 epistola
2353 4677 2423 4731 29
2445 4687 2501 4731 et
2535 4677 2656 4731 libri
2692 4695 2744 4733 Iv
2778 4679 3008 4747 epistola
3042 4680 3166 4736 188.
3201 4683 3291 4738 Sic
3321 4685 3482 4739 etiam
3515 4687 3633 4742 libri
3666 4705 3682 4742 ι

2102 4767 2330 4837 epistola
2355 4769 2458 4822 505
2479 4768 2670 4823 iisdem
2699 4769 2869 4824 ferme
2895 4772 3074 4828 verbis
3102 4780 3356 4840 occurrit,
3384 4788 3438 4832 et
3464 4781 3682 4849 quidem

2102 4858 2158 4912 in
2183 4859 2319 4914 duas
2338 4859 2535 4924 divisa,
2565 4877 2620 4914 n.
2648 4863 2746 4917 271
2779 4872 2834 4917 et
2856 4864 2964 4918 272
2989 4865 3154 4936 (quod
3181 4867 3292 4936 jam
3324 4886 3353 4922 a
3385 4869 3683 4926 Tillemon-

2101 4951 2178 5006 tio
2211 4951 2561 5006 observatum
2593 4951 2740 5023 fuit).
2775 4955 2980 5010 Eadem
3020 4966 3104 5012 est
3151 4959 3314 5012 etiam
3359 4960 3478 5014 libri
3511 4979 3564 5018 ιγ
3591 4980 3678 5034 ep.

2105 5042 2210 5099 180
2263 5051 2318 5097 et
2359 5043 2482 5096 libri
2520 5060 2558 5098 ll
2591 5045 2818 5114 cpistola
2857 5043 2978 5102 185.
3005 5077 3072 5089 -
3118 5048 3214 5104 His
3262 5052 3328 5104 ab
3362 5051 3681 5114 llemnanno

2104 5135 2306 5190 notatis
2353 5135 2762 5192 adnumeranda
2811 5147 2914 5204 est,
2977 5140 3053 5194 uti
3079 5137 3190 5208 jam
3239 5143 3447 5198 viderat
3488 5145 3681 5202 Petrus

2108 5335 2264 5396 175e,
2301 5333 2407 5388 vol.
2445 5332 2506 5395 ll,
2541 5349 2592 5403 p.
2625 5335 2748 5389 467.

2175 5409 2253 5528 (iul
2277 5405 2442 5474 llyac.
2471 5405 2526 5458 (Ι.
2559 5403 2719 5459 Grav.
2753 5405 2890 5460 Hist.
2919 5409 3042 5463 eccl.
3078 5425 3194 5463 var.
3229 5410 3348 5464 coll.
3381 5410 3487 5481 dig.
3529 5420 3565 5464 t.
3609 5413 3675 5478 11,

2100 5489 2486 5619 p.(t£;)l_.Ea_d_em
2539 5544 2879 5619 ratione__ab
2942 5549 3263 5603 lleumanuo
3312 5549 3348 5602 1.
3400 5565 3446 5602 c.
3496 5566 3548 5619 p.
3588 5497 3712 5618 l2,1

2104 5623 2218 5668 not.
2257 5613 2441 5686 b_.“l_iic
2471 5615 2956 5686 error__explicatns
2986 5629 3088 5672 est.
3118 5649 3186 5657 —
3209 5619 3289 5672 Cf.
3331 5634 3363 5686 p
3415 5613 3509 5674 57C
3537 5652 3602 5662 --

2173 5686 2242 5751 (e)
2276 5681 2589 5758 Tillemont.
2609 5681 2762 5758 _I_ii_st._
2785 5687 3042 5758 (θάμνοι.
3076 5686 3188 5752 XV,
3223 5705 3276 5758 p.
3311 5681 3432 5757 847,
3471 5700 3583 5744 not.
3618 5693 3668 5746 5.

2101 5753 2258 5809 llunc
2291 5753 2580 5824 exscripsit
2605 5752 2887 5812 Fabricius
2908 5757 2943 5811 l.
2979 5772 3031 5813 c.
3223 5752 3238 5758 ’
3419 5752 3430 5757 ’
3654 5791 3661 5798 ι
