4118 6426
519 323 584 386 39
1651 319 2328 386 COMMENTATIOle
2367 325 2560 388 PARS
2599 327 2682 391 II.
3723 347 3796 410 4ο

517 428 893 500 Possinus(a),
913 427 1036 483 libri
1068 444 1085 483 I
1121 427 1349 498 epistola
1373 430 1566 500 atquae
1595 431 1732 486 libro
1771 451 1825 488 IV
1857 435 2112 501 recurrit,
2143 445 2188 500 Α
2287 441 2529 498 Primum
2581 437 2763 498 autem
2811 461 2873 500 ex
2903 462 2968 502 eo
3011 451 3153 518 quod
3187 449 3370 507 Isidor:
3400 456 3644 525 epistola:
3684 475 3796 514 ma-

518 524 572 577 in
602 531 709 591 quo
741 520 917 575 locum
957 529 1106 573 tenet
1159 519 1281 574 195.
1314 549 1386 559 --
1431 520 1674 591 Denique
1713 525 1844 578 mihi
1893 527 2113 596 quidem

520 613 727 667 Iibri.v
782 606 1008 681 epistola
1061 610 1160 665 2'21
1226 619 1392 681 atque
1423 612 1549 668 libri
1611 632 1671 670 ιιι
1727 619 1954 688 cpistola
1985 620 2111 681 205.

519 706 585 760 de
613 703 810 774 quibus
841 703 1099 772 deinceps
1132 702 1310 756 fusius
1335 720 1578 775 agemus,
1621 709 1810 762 eadem
1847 711 1956 766 visa
2004 723 2108 768 est,

592 797 778 865 Itaque
813 796 897 849 his
926 794 1186 850 omnibus
1235 799 1587 866 computatis,
1620 799 1812 854 lsidori
1868 803 2114 872 epistolae

519 886 665 939 mille
697 873 988 956 nongentae
1014 883 1312 955 nonaginta
1345 896 1555 956 septem
1577 889 1642 942 ad
1669 899 1908 944 nostram
1942 909 2114 961 usque

517 985 734 1031 aetatem
796 975 1117 1046 pervenisse
1175 975 1462 1044 videnlur;
1522 993 1758 1048 cumque
1807 997 1992 1046 nemo,
2053 995 2115 1038 ut

517 1070 772 1140 equidem
815 1069 954 1128 scio.
989 1068 1088 1121 has
1123 1083 1316 1123 omnes
1345 1071 1412 1124 ab
1448 1070 1654 1126 Isidoro
1683 1074 1914 1144 scriptas
1943 1077 2114 1132 addu-

519 1161 799 1224 hitaverit,
829 1159 1015 1214 statim
1063 1161 1130 1214 de
1163 1161 1444 1216 codicibus
1497 1162 1549 1216 in
1583 1164 1784 1232 quibus
1816 1166 1982 1237 hujus
2009 1168 2110 1222 viri

519 1254 766 1326 epistolae
798 1253 1160 1308 continentur
1189 1269 1311 1322 quae
1342 1255 1719 1318 inuotuerunt.
1751 1259 1953 1313 addere
1981 1275 2112 1330 pos-

519 1363 725 1409 semus,
756 1344 863 1399 nisi
895 1344 1270 1406 Heumannus,
1295 1360 1454 1414 quem
1475 1345 1962 1421 llambergerus(b)
2022 1366 2111 1406 se-

517 1439 743 1509 quitur,
805 1439 1096 1509 plerasque
1170 1439 1367 1494 lsidori
1446 1443 1660 1498 litteras
1724 1444 1941 1499 lictitias
1991 1461 2112 1500 esse

523 1541 803 1587 censeret.
835 1531 1007 1603 Cujus
1055 1537 1333 1590 sententia
1362 1540 1526 1605 paulo
1553 1536 1862 1591 accuratius
1903 1539 2112 1592 exami-

519 1626 694 1680 nanda
725 1632 830 1680 est.

585 1715 942 1772 Heumannus
959 1717 1027 1789 (ιτ)
1051 1719 1341 1788 plerasque
1361 1718 1554 1773 Isidori
1569 1718 1842 1789 epistolas,
1858 1730 1919 1772 ut
1941 1719 2112 1788 ipsius

515 1817 640 1863 utar
668 1809 871 1871 verbis,
935 1809 1160 1864 ﬁctitias
1189 1825 1314 1865 esse
1371 1809 1652 1880 Opinatur,
1713 1825 1777 1864 ac
1832 1811 2110 1866 rhetorico
2145 1811 2184 1864 Β

522 1917 675 1956 more
711 1902 1069 1970 compositas,
1107 1918 1217 1955 non
1251 1912 1311 1956 ut
1345 1902 1379 1955 ii
1433 1917 1663 1970 quorum
1717 1903 1931 1973 praeﬁxa
1979 1913 2108 1959 sunt

516 1993 739 2046 nomina
773 2007 868 2047 eas
903 1993 1217 2063 acciperent
1275 1995 1650 2065 legerentque,
1683 1995 1780 2050 sed
1813 2005 1872 2050 ut
1926 1998 2107 2067 speci-

515 2086 662 2138 mina
693 2096 880 2140 essent
910 2087 1242 2156 eloquentiae
1269 2087 1336 2142 iis
1381 2089 1659 2143 imitandae
1707 2105 1845 2159 quos
1879 2091 2107 2146 haberet

514 2176 754 2232 Isidorus
802 2179 940 2232 artis
974 2179 1192 2233 dicendi
1239 2179 1565 2250 discipulos.
1619 2182 1931 2251 Antequam
1975 2197 2106 2238 vero

510 2267 673 2337 huius
703 2271 989 2324 sententiae
1005 2282 1323 2340 argumenta
1341 2271 1517 2326 fusius
1533 2273 1778 2342 exponit,
1803 2274 1988 2330 Suidaa
2028 2275 2102 2346 (ά)

509 2369 672 2430 atque
705 2362 971 2432 Ephraenn
1003 2364 1325 2419 Antiocheni
1355 2365 1424 2436 (e)
1485 2365 1551 2419 de
1581 2365 1791 2420 Isidoro
1821 2367 1981 2422 affert
2012 2368 2104 2436 ju-

511 2451 676 2512 dicia.
725 2467 790 2505 ex
827 2453 1027 2521 quibus
1085 2453 1231 2509 hunc
1279 2464 1337 2510 et
1369 2457 1648 2510 rhetorem
1681 2467 1736 2511 et
1779 2458 2105 2528 eloquentiae

511 2546 673 2610 laude
705 2543 976 2615 insignem
1009 2544 1181 2600 fuisse
1216 2557 1465 2616 apparet.
1499 2547 1635 2601 Tum
1667 2564 1732 2602 ex
1775 2550 1908 2619 ipsis
1941 2551 2105 2606 Pelu—

511 2638 668 2692 siota:
703 2638 963 2708 Epistolis
1013 2639 1162 2693 hunc
1196 2639 1330 2693 artis
1359 2639 1650 2695 rhetoricae
1701 2643 1832 2696 satis
1876 2659 2103 2713 gnarum

511 2730 680 2786 fuisse
709 2729 965 2796 ostendit,
996 2731 1194 2801 quippe
1225 2732 1280 2786 in
1317 2733 1540 2802 cpistola
1559 2733 1627 2787 ad
1654 2733 1832 2788 Nilum
1879 2738 1943 2806 (fi
1980 2753 2102 2792 ora-

512 2823 676 2879 tionis
727 2825 955 2878 virtutes
973 2842 1048 2878 .ex
1080 2825 1424 2896 Ilermogene
1461 2826 1753 2890 describat,
1787 2827 1845 2882 in
1883 2830 1986 2884 alia
2037 2832 2104 2886 ad

510 2915 800 2989 Ophelium
855 2918 1268 2990 grammaticmn
1309 2918 1382 2990 (g)
1415 2920 1484 2974 de
1529 2921 1844 2977 charactere
1903 2924 2107 2993 episto-

510 3009 616 3064 lico
661 3009 912 3074 disserat,
946 3009 1256 3079 scribatque
1283 3011 1512 3080 Elaphio
1544 3013 1800 3084 episcopo
1820 3015 1892 3085 (It)
1921 3031 2104 3070 aerem

511 3119 754 3160 amorem
800 3103 1154 3174 studiumque
1199 3105 1530 3175 eloquentiae
1587 3108 1677 3162 illo
1720 3126 1838 3165 aevo
1899 3120 2106 3166 morta—

513 3195 647 3250 lium
693 3197 958 3251 invasisse
1013 3196 1245 3250 animos.
1297 3196 1506 3262 Quibus
1539 3201 1864 3255 testimoniis
1907 3203 2106 3257 addere
2133 3177 2176 3236 C

512 3289 782 3360 potuisset
814 3291 935 3344 libri
966 3288 1142 3360 quinti
1176 3289 1464 3359 epistolam
1495 3291 1928 3349 ducentesimam
1957 3295 2106 3350 deci-

515 3395 656 3434 mam
693 3383 1002 3451 septimam,
1036 3396 1142 3450 qua
1179 3381 1437 3444 Isidorus,
1474 3398 1597 3436 eum
1635 3384 1702 3439 de
1731 3387 1896 3440 variis
1922 3386 2108 3442 rheto-

515 3489 632 3526 rum
671 3473 959 3544 generibus
981 3479 1124 3542 agat,
1155 3487 1214 3526 se
1248 3473 1414 3540 hujus
1443 3474 1575 3528 artis
1608 3473 1848 3543 peritum
1882 3491 2003 3530 esse
2024 3493 2110 3531 sa-

517 3565 585 3638 tis
622 3581 896 3634 superque
930 3566 1141 3634 probat.
1192 3565 1436 3634 Denique
1469 3565 1824 3622 Ileumannus
1863 3569 2108 3626 rhetores

515 3669 625 3708 non
649 3654 824 3708 solum
857 3663 1027 3706 artem
1058 3654 1470 3708 scribendarum
1505 3655 1884 3724 epistularum,
1915 3674 2108 3714 verum

515 3747 680 3802 etiam
748 3747 1007 3816 epistolas
1031 3747 1286 3818 efﬁngere
1313 3750 1537 3818 suisque
1575 3751 1859 3820 discipulis
1886 3752 2109 3808 imitan-

517 3839 710 3894 tandas
729 3838 989 3893 exhibere
1020 3841 1394 3903 consuevisse,
1420 3841 1669 3910 pluribus
1693 3843 1889 3913 probat
1917 3859 2107 3898 exem-

517 3931 638 4001 plis,
673 3947 794 4002 quae
832 3941 1080 4000 repetere
1115 3933 1296 3987 taedet.

587 4021 684 4076 llis
706 4023 961 4078 omnibus
995 4039 1121 4078 vero
1155 4023 1291 4077 nihil
1320 4023 1488 4089 aliud,
1527 4035 1588 4080 ttt
1633 4025 1886 4095 equidem
1925 4042 2110 4092 augu-

517 4131 628 4181 ror,
655 4116 826 4171 voluit
865 4116 1265 4182 demonstrare,
1304 4119 1411 4172 nisi
1460 4119 1692 4187 potuisse
1721 4118 1985 4173 Isidorunt
2011 4134 2108 4188 pro

516 4209 799 4264 rhetorum
831 4211 993 4276 illius,
1028 4226 1137 4280 quo
1173 4210 1327 4274 vixit,
1371 4211 1472 4266 aevi
1522 4211 1923 4266 consuetudine
1953 4210 2005 4264 in
2034 4211 2110 4264 di.

515 4299 849 4370 seipulorum
897 4317 1056 4356 usum
1087 4301 1212 4356 talia
1241 4301 1404 4356 edere
1435 4300 1754 4370 spccimina.
1793 4305 1870 4354 Ac
1906 4317 1975 4354 ne
2007 4301 2110 4355 hoc

515 4394 732 4462 quidem
762 4393 1090 4449 testimoniis
1127 4394 1233 4448 illis
1279 4395 1412 4448 satis
1445 4393 1733 4462 probatum
1771 4401 1872 4446 est.
1920 4389 2109 4445 Restat

516 4486 682 4550 enim,
721 4494 780 4540 ut
807 4487 1128 4540 ostendatur
1159 4486 1426 4540 Isidorum
1460 4484 1714 4538 habuisse
1745 4485 1876 4536 artis
1900 4484 2104 4537 dicendi

515 4575 831 4645 discipulos.
893 4575 1048 4641 Quod
1105 4591 1255 4629 mera
1299 4585 1384 4630 est
1423 4572 1728 4628 Heumanni
1765 4572 2103 4643 hypothesis.

517 4667 625 4723 Sed
650 4685 718 4723 ne
744 4669 800 4722 in
831 4667 1202 4736 suspicionem
1226 4668 1455 4722 nimium
1485 4665 1785 4722 dubitantis
1808 4665 2104 4730 incurram,

515 4757 632 4815 haec.
687 4761 854 4814 missa
900 4758 1167 4813 faciamus
1201 4766 1656 4826 transeamusque
1695 4755 1762 4810 ad
1793 4763 2106 4810 accuratam

513 4861 981 4924 argumentorum,
1027 4865 1150 4920 quae
1178 4849 1268 4904 ille
1317 4847 1566 4919 protulit,
1611 4847 2010 4917 expositionem
2052 4851 2109 4902 et

514 4942 980 5014 dijudicationem.

1213 5037 1246 5066 8

585 5119 663 5192 (ᾳ)
706 5117 861 5192 ξοεειἶ
887 5115 1082 5172 Collat.
1113 5115 1309 5192 Isidor.
1341 5130 1392 5184 p.

587 5183 664 5258 (ὁ)
706 5187 1110 5258 Ilamhergea‘us
1132 5187 1187 5240 in
1219 5183 1360 5258 libro
1400 5183 1762 5258 latuerldssiqe
1797 5183 2098 5258 Nracltriclt—

519 5256 606 5314 teat
661 5269 768 5312 etc.
827 5256 968 5310 tom.
1019 5256 1109 5317 III,
1155 5273 1206 5326 p.
1270 5256 1390 5311 I54.
1452 5256 1536 5310 Cf.
1595 5257 2042 5326 ejusdalihellns
2089 5277 2101 5310 :

517 5330 694 5384 Kurzc
735 5326 1087 5399 Nachrichtett
1120 5325 1220 5399 non
1256 5327 1756 5399 deit_porneltmsten
1781 5325 2108 5399 Schriftstcl-

519 5401 633 5454 lem
665 5413 758 5468 ver
785 5398 902 5450 dem
932 5398 1004 5468 l6
1031 5397 1224 5468 Jahrh.
1257 5412 1312 5468 p.
1347 5397 1471 5453 889.

593 5469 662 5541 (ε)
698 5467 890 5541 ῌειιιιι.
928 5467 964 5521 I.
989 5483 1038 5523 e.
1073 5465 1174 5541 ἐξ),
1209 5465 1274 5541 υς
1300 5469 1383 5541 I5.

588 5535 666 5612 (ά)
700 5536 898 5612 Suidas
931 5535 1174 5612 appellat
1208 5535 1476 5595 Isidorum
1527 5535 1965 5608 ὲλλογιμὼτατον
2014 5553 2102 5606 φι-

515 5608 744 5680 Αὸςξοςόγ
779 5626 835 5662 τε
860 5608 953 5661 καὶ
985 5609 1213 5680 ῥήτορα.

587 5678 660 5805 ἵε)
699 5679 974 5749 Ephracmi
1030 5678 1216 5746 verba,
1242 5696 1364 5750 quae
1397 5681 1505 5738 bne
1533 5680 1813 5753 pertinere
1847 5687 2098 5760 possent,

587 5750 663 5805 ila
693 5749 836 5805 apud
860 5751 1114 5804 Photium
1154 5751 1376 5805 inveni:
1422 5762 1582 5805 ato-ie
1617 5766 1808 5805 magna
1841 5751 1974 5805 mtln
2009 5759 2090 5803 est

514 5749 663 5806 nulla
693 5749 836 5819 apud
860 5751 1114 5804 Photium
1154 5749 1376 5818 inveni;
1422 5749 1582 5824 atq-ie
1617 5766 1808 5820 magna
1841 5749 1974 5805 mihi
2009 5759 2090 5803 est

2217 549 2377 602 gnam
2442 547 2650 605 partem
2700 537 2870 592 forma
2909 553 3099 597 carent
3133 545 3430 614 epistolica,
3469 551 3686 624 collegit
3715 557 3802 624 (ἱ),

2219 623 2505 694 plerasque
2551 642 2616 680 ex
2673 627 2907 690 ollicina.
2947 640 3006 685 ut
3053 633 3168 702 ipse
3219 637 3313 702 ait,
3366 623 3640 707 profectas
3683 623 3802 700 esSe

2218 713 2512 778 rhetorica,
2547 717 2601 768 in
2627 717 3133 791 discipulorumque
3164 725 3391 793 gratiam
3439 727 3668 785 solerter
3689 731 3803 786 elli-

2216 811 2352 856 ctas.
2401 803 2470 858 At
2510 807 2764 874 equidem
2808 823 3002 862 vereor
3028 825 3097 863 ne
3137 811 3386 881 discipuli
3421 816 3642 871 meritas
3691 835 3802 874 non

2217 891 2429 960 egerint
2484 895 2805 964 praeceptori
2840 911 2940 950 suo
2976 899 3194 968 gratias,
3233 901 3322 966 qui
3381 903 3640 971 epistolas
3673 906 3803 976 ipsis

2217 983 2498 1051 proposuit
2519 985 2826 1049 imitandus,
2850 988 3022 1043 I‘orma
3051 991 3188 1046 adeo
3215 994 3494 1062 epistolica
3525 1006 3798 1064 carentes,

2215 1073 2420 1128 omisso
2443 1084 2498 1129 et
2527 1080 2683 1148 χαῖρε
2725 1087 2781 1132 et
2824 1079 3052 1151 ἔῤῥωσο.
3087 1081 3240 1148 Quod
3267 1086 3430 1156 igitur
3459 1088 3568 1154 ille,
3597 1091 3674 1144 uti
3703 1107 3802 1146 no-

2217 1167 2351 1220 tavit
2385 1169 2774 1228 Schrmckhius
2794 1174 2884 1245 (j),
2903 1179 3192 1234 sententia:
3213 1195 3327 1234 suae
3347 1180 3529 1236 favere
3546 1183 3804 1254 opinatus

2215 1264 2318 1319 est.
2347 1258 2530 1314 obstat
2571 1261 2742 1316 multo
2776 1265 2967 1335 magis,
3008 1276 3171 1336 atque
3212 1271 3546 1326 contrarium
3585 1274 3802 1329 videtur

2214 1349 2467 1416 probare.

2290 1479 2396 1536 Sed
2429 1497 2553 1537 cum
2585 1485 2745 1552 infra,
2779 1489 2870 1544 ubi
2907 1491 3246 1548 Schrmckhii
3271 1495 3340 1550 de
3368 1497 3559 1552 Isidori
3591 1500 3800 1570 episto-

2215 1572 2281 1627 lis
2324 1578 2651 1632 scntentiam
2683 1582 2987 1651 explicabo,
3021 1585 3176 1656 plura
3230 1588 3298 1642 de
3323 1589 3425 1644 hac
3475 1606 3533 1645 re
3570 1576 3799 1648 dicenda

2215 1663 2345 1732 sint,
2384 1683 2502 1721 eam
2547 1669 2768 1725 missam
2825 1673 3108 1741 faciamus,
3143 1693 3540 1751 pergamusque
3571 1684 3796 1754 reliqua,

2213 1769 2336 1824 quae
2393 1761 2621 1828 protulit
2684 1761 3043 1822 lleumannus
3101 1781 3416 1840 argumenta
3489 1791 3800 1833 recensere.

2215 1845 2399 1919 Pergit
2447 1860 2630 1907 autem
2682 1855 2769 1910 his
2789 1859 3010 1914 verbis:
3061 1879 3077 1911 ι
3106 1859 3223 1916 lluc
3279 1864 3460 1919 refero
3507 1868 3802 1923 nonnullas

2215 1942 2458 2012 ejusdem
2509 1946 2672 2016 plane
2716 1951 3022 2021 argumenti
3067 1953 3364 2023 epistolas;
3412 1959 3556 2026 quod
3620 1958 3800 2029 ipsum

2214 2045 2365 2090 certo
2388 2047 2472 2092 est
2501 2039 2724 2106 indicio,
2777 2043 3050 2098 rhetorem
3089 2054 3336 2100 nostrum
3380 2050 3669 2107 ostendere
3706 2066 3805 2106 vo-

2213 2124 2379 2183 luisse
2435 2145 2588 2185 suam
2619 2127 2835 2189 dicendi
2893 2137 3124 2206 capiam.
3166 2135 3342 2208 llujus
3396 2142 3612 2211 generis
3673 2151 3802 2198 sunt

2213 2215 2337 2274 libri
2382 2223 2560 2292 quarti
2611 2225 2838 2294 epistola
2871 2227 3132 2292 secunda,
3178 2230 3341 2284 tertia
3382 2239 3438 2284 et
3484 2241 3697 2301 quarta,
3742 2233 3798 2286 in

2212 2313 2410 2383 quibus
2432 2315 2650 2386 quidam
2685 2317 2926 2373 Psalterii
2957 2319 3109 2375 locus
3141 2321 3332 2376 eodem
3363 2322 3580 2392 quidem
3614 2325 3798 2393 modo,

2214 2408 2308 2462 sed
2340 2410 2520 2464 verbis
2546 2418 2808 2466 tractatur
2833 2421 2950 2468 arte
2980 2415 3223 2472 variatis.
3257 2436 3276 2470 ι

2283 2543 2373 2610 At,
2411 2547 2512 2598 etsi
2543 2548 2727 2618 negari
2763 2550 2913 2603 nullo
2946 2552 3107 2606 modo
3134 2553 3395 2623 potest‘in
3426 2555 3652 2625 epistola
3688 2566 3800 2612 ter-

2215 2635 2286 2690 tia
2329 2647 2383 2691 et
2412 2645 2604 2708 quarta
2647 2639 2892 2696 Psalterii
2939 2643 3166 2711 dictum,
3197 2645 3266 2700 de
3294 2661 3403 2714 quo
3451 2647 3506 2701 in
3558 2650 3800 2706 secunda

2209 2727 2321 2796 jam
2349 2739 2530 2784 actum
2567 2741 2674 2792 est.
2705 2749 3010 2800 recurrere,
3038 2745 3222 2791 tamen
3265 2739 3426 2792 nobis
3454 2740 3615 2809 paulo
3637 2757 3802 2796 accu-

2213 2820 2382 2874 ratius
2439 2821 2492 2875 in
2524 2839 2639 2877 rem
2681 2825 3102 2895 inquirentibus,
3135 2831 3443 2886 verosimile
3485 2834 3798 2892 visum'est.

2213 2911 2480 2968 lsidorum
2537 2915 2634 2971 has
2675 2924 2786 2972 tres
2813 2919 3071 2988 epistolas
3107 2921 3348 2988 Zosimo,
3383 2923 3541 2993 cujus
3593 2940 3801 2981 nomen

2212 3006 2466 3062 omnibus
2496 3008 2774 3076 praeﬁxum
2810 3018 2913 3076 est,
2964 3028 3154 3068 revera
3193 3016 3425 3070 misisse.
3463 3017 3520 3070 In
3569 3017 3802 3087 epistola

2213 3097 2357 3152 enim
2390 3101 2629 3154 secunda
2661 3103 2849 3158 irridet
2879 3105 3116 3160 Isidorus
3143 3107 3340 3161 Zosimi
3374 3110 3678 3174 stultitiam,
3702 3109 3800 3180 qui

2211 3190 2338 3245 vino
2388 3194 2751 3263 omnibusque
2787 3197 3158 3266 voluptatibus
3191 3200 3409 3255 deditus
3444 3202 3658 3272 precari
3695 3217 3800 3258 au-

2209 3283 2367 3338 deat:
2422 3285 2756 3354 Καθή).ωσον
2802 3291 2868 3342 ἐκ
2917 3289 3011 3343 τοῦ
3063 3281 3230 3360 φόϐου
3279 3310 3374 3346 σου
3427 3293 3528 3358 τὰς
3587 3295 3799 3367 σάρκας

2193 3391 2332 3445 μου.
2361 3374 2562 3430 Eorum
2595 3377 2766 3444 enim,
2796 3379 2994 3449 inquit,
3016 3381 3132 3436 haec
3151 3391 3234 3437 est
3258 3383 3498 3453 precatio
3523 3383 3614 3454 qui
3632 3393 3795 3439 πίει-ο

2207 3480 2333 3520 nam
2373 3468 2607 3522 salutem
2669 3469 2795 3523 vitm
2844 3469 3136 3526 luxuriosae
3189 3475 3521 3543 praeferunt;
3577 3485 3634 3530 at
3679 3491 3795 3531 non

2208 3561 2466 3614 convenit
2502 3561 2605 3616 illis
2636 3564 2727 3632 qui
2786 3574 2910 3620 cute
2952 3567 3089 3621 bene
3130 3579 3314 3622 curata
3370 3569 3518 3640 ipsos
3571 3569 3800 3626 vincunt
3868 3580 3882 3592 '

2207 3651 2460 3706 athletas.
2492 3651 2704 3707 Etenim
2744 3656 2971 3724 perinde
3009 3673 3169 3728 agere
3194 3659 3394 3714 videris
3420 3675 3483 3714 ac
3512 3661 3555 3715 si
3587 3661 3641 3714 in
3681 3676 3800 3715 me-

2209 3743 2442 3797 retriciis
2472 3745 2686 3799 haerens
2711 3748 3050 3816 amplexibus
3081 3751 3356 3818 pudicitiae
3410 3767 3635 3822 compos
3675 3751 3796 3808 ﬁeri

2209 3844 2384 3903 optes.
2424 3835 2622 3890 Desine
2671 3838 2834 3908 igitur
2883 3843 3051 3895 vitam
3081 3858 3303 3897 suavem
3349 3844 3674 3914 plenamque
3699 3859 3796 3900 vo-

2210 3923 2513 3992 luptatibus
2541 3926 2774 3997 degere;
2797 3930 3098 4001 comprime
3138 3933 3496 4003 cupiditatem
3526 3934 3796 3991 inﬁnitam

2209 4025 2264 4070 et
2321 4018 2670 4073 inhonestam
2737 4023 2954 4078 assidue
2983 4027 3332 4090 convivandi,
3377 4043 3449 4082 ne
3507 4028 3798 4084 ridiculum

2212 4113 2265 4160 te
2295 4109 2560 4176 praebeas,
2593 4125 2716 4164 cum
2747 4112 2848 4166 alia
2893 4117 3152 4186 consequi
3192 4127 3368 4188 optes,
3399 4117 3503 4172 alia
3551 4134 3696 4190 agas.
3729 4147 3805 4160 —

2209 4198 2323 4254 I‘Ioc
2351 4209 2438 4254 est
2472 4201 2660 4270 prima:
2688 4204 2756 4259 ad
2793 4205 3067 4262 Zosimum
3097 4211 3341 4280 epistolae
3392 4221 3796 4279 argumentum.

2208 4321 2278 4331 —
2309 4291 2383 4346 Ex
2433 4294 2602 4348 altera
2632 4311 2764 4350 vero
2791 4307 3020 4368 apparet
3052 4301 3337 4373 hominem.
3368 4301 3519 4356 illum
3549 4317 3802 4358 voracem

2210 4385 2564 4454 respondisse
2607 4387 2838 4454 Isidoro,
2889 4399 2946 4445 et
3000 4393 3338 4447 defensionis
3390 4393 3531 4459 loco,
3568 4403 3630 4450 ut
3684 4394 3802 4450 ﬁeri

2212 4478 2372 4538 solet.
2420 4494 2485 4533 ex
2523 4495 2590 4534 eo
2621 4482 2959 4550 quaesivisse,
2991 4500 3281 4554 quamnam
3309 4487 3527 4541 tandem
3567 4487 3805 4557 subjice-

2213 4583 2296 4628 ret
2308 4573 2488 4629 verbis
2515 4574 2652 4630 illis:
2683 4573 2896 4648 Con/iga
2925 4578 3112 4631 timore
3141 4587 3230 4632 tuo
3249 4595 3434 4632 carnes
3469 4597 3640 4644 meas,
3671 4595 3804 4634 sen-

2211 4667 2485 4722 tentiam?
2513 4669 2782 4724 Iteseribit
2805 4670 2952 4724 enim
2986 4669 3262 4724 Isidorus:
3291 4669 3563 4735 Quoniam
3596 4687 3690 4741 per
3715 4671 3806 4724 lit-

2210 4767 2356 4815 teras
2383 4775 2447 4814 ex
2478 4775 2566 4815 me
2611 4761 2932 4830 quaesivisti,
2971 4761 3102 4830 quid
3144 4761 3248 4815 sibi
3280 4762 3413 4816 velit
3439 4763 3646 4818 dictum
3673 4761 3805 4818 illud

2211 4847 2532 4912 Psalmistae,
2581 4851 2846 4906 ausculta.
2891 4850 3086 4905 Verbis
3123 4851 3230 4905 illis
3281 4852 3399 4910 haec
3447 4855 3640 4910 subest
3671 4869 3804 4910 sen-

2213 4940 2416 4994 tentia:
2456 4937 2781 4994 R‘everentia
2809 4955 2933 5012 erga
2982 4940 3154 4996 Deum
3194 4941 3393 4998 efficiat
3421 4953 3503 5010 ut,
3530 4945 3805 5016 cupidita-

2207 5115 2444 5193 su_spici_o
2476 5113 2860 5193 Ileumannum
2892 5120 3156 5176 memoria
3188 5120 3403 5193 lapsum
3423 5121 3631 5179 dictum
3661 5124 3802 5180 Eva-

2210 5187 2314 5258 grii
2333 5187 2542 5258 pallerre
2571 5187 2830 5244 voluisse.

2285 5257 2348 5328 (ι)
2380 5256 2503 5328 Lib.
2538 5273 2605 5324 ν,
2638 5273 2726 5328 ep.
2762 5259 2886 5314 M5.

2288 5327 2364 5398 (9)
2397 5327 2517 5382 Lib.
2543 5345 2598 5392 v,
2631 5327 2719 5399 ep.
2753 5330 2878 5384 155.

2283 5399 2358 5468 (Ιι)
2393 5399 2509 5469 tib.
2539 5416 2594 5463 ν,
2627 5415 2717 5469 ep.
2740 5400 2868 5455 201.

2380 5467 2695 5544 Heumann}
2728 5473 2776 5544 il.
2809 5470 2919 5544 e._§
2942 5471 3126 5544 10,7p.
3164 5473 3250 5529 I6.

2277 5541 2345 5610 (j)
2405 5540 2813 5598 Sehroeekhius
2866 5540 2924 5596 in
2989 5540 3242 5600 Hiitoriaz
3299 5548 3480 5606 coclea.
3525 5549 3806 5604 volumine

2205 5609 2371 5694 ξενίη,
2405 5627 2460 5681 p.
2499 5611 2629 5693 593,
2673 5613 2872 5694 paucis
2899 5614 3142 5694 quidem,
3195 5620 3290 5674 sed
3321 5620 3540 5691 egregie
3587 5621 3654 5676 de
3704 5621 3806 5674 hac

2203 5679 2510 5737 lleuma‘nni
2539 5679 2797 5752 opinione
2820 5679 3112 5753 judicavit.
