4118 6450
352 377 418 444 (ἱ
499 393 506 400 “
1469 387 1567 446 DE
1605 385 1946 446 SCRIPTIS
1977 385 2270 446 ISlDORI
2307 385 2566 446 PELUS.
3567 386 3638 450 42

357 491 505 547 tibus
551 490 856 558 restinctis,
907 487 1273 549 imminuatur
1323 495 1566 564 corporis
1623 495 1678 550 in
1706 494 1947 550 animum
1982 508 2020 560 Α
2052 495 2197 550 bam.
2239 495 2328 573 Illa
2362 503 2544 549 autem
2584 492 2671 548 his
2705 493 2885 548 verbis
2923 493 3234 550 continetur
3271 512 3285 550 :
3324 496 3388 549 Et
3423 497 3518 552 καί
3553 515 3636 552 τι.

355 580 672 652 perniciosa
683 583 769 636 vis
785 581 892 654 (a).
921 582 1153 655 Cognita
1169 585 1333 656 igitur
1354 586 1457 640 hac
1473 587 1759 641 verborum
1788 585 1958 640 inter-

353 673 672 742 pretatione
697 673 895 729 desine
915 675 1019 730 'aut
1057 677 1240 731 verbis
1270 677 1376 732 illis
1398 677 1700 732 Psalmistaa
1725 677 1824 740 uti,
1843 685 1956 754 aut,

354 762 404 816 si
436 772 594 817 recte
621 763 698 818 uti
722 765 882 830 velis,
907 781 1092 822 mores
1119 767 1415 823 dissolutos
1456 769 1651 838 abjice,
1681 784 1958 839 novosque

353 862 517 924 capta
543 897 559 919 ,
591 857 900 924 praesertim
930 873 1056 912 cum
1087 857 1266 914 ventri
1305 875 1416 914 non
1447 867 1540 914 tuo
1577 860 1700 914 cibo
1731 861 1956 924 servias,

355 946 454 999 sed
485 945 722 1000 aliorum
771 949 850 1003 sis
899 950 1108 1004 assecla
1169 966 1498 1006 mensarum.
1546 979 1617 992 —
1667 951 1959 1021 Utriusque

354 1037 610 1106 epistola!
649 1051 974 1109 argumento
1017 1042 1098 1096 sie
1136 1043 1408 1112 exposito,
1449 1043 1574 1112 quis
1606 1053 1690 1098 est
1724 1043 1815 1112 qui
1845 1059 1954 1098 non

354 1129 566 1193 videat,
598 1131 879 1186 diversum
922 1147 1044 1187 esse
1072 1134 1263 1188 harum
1292 1133 1598 1188 litterarum
1627 1133 1960 1190 consilium?

349 1220 486 1288 quis
540 1220 754 1290 estqui
801 1237 912 1275 non
965 1223 1252 1293 intelligat,
1292 1223 1558 1277 lsidorum
1599 1239 1709 1279 non
1763 1223 1956 1278 eodem

354 1311 526 1365 modo
553 1312 852 1381 verbisque
877 1323 995 1368 arte
1036 1322 1245 1368 tantum
1275 1314 1528 1379 variatis,
1561 1315 1640 1368 uti
1677 1315 1959 1370 contendit

357 1398 749 1462 Heumannus,
773 1402 868 1456 sed
895 1403 1058 1458 modo
1086 1403 1248 1472 plane
1277 1403 1497 1458 diverso
1523 1403 1730 1459 dictum
1755 1419 1786 1459 e
1813 1403 1957 1459 Psal-

355 1491 463 1544 mis
483 1491 789 1560 repetitum
817 1493 905 1546 his
939 1493 992 1546 in
1024 1493 1272 1562 epistolis
1301 1493 1602 1548 tractasse?
1621 1493 1676 1547 In
1701 1494 1788 1546 illa
1811 1494 1954 1548 enim

356 1581 646 1636 Zosimum
683 1583 975 1637 ridiculum
1026 1599 1150 1638 esse
1177 1583 1439 1650 ostendit,
1479 1583 1532 1637 in
1571 1584 1673 1638 hac
1722 1582 1955 1638 Psalmi-

353 1681 457 1729 δικ
485 1675 698 1729 dictum
732 1675 1143 1749 interpretatur.

427 1763 540 1819 Sed
562 1767 735 1820 etiam
767 1766 833 1820 de
862 1776 1053 1837 quarta
1079 1768 1242 1838 hujus
1271 1767 1394 1824 libri
1431 1770 1657 1840 epistola
1687 1771 1953 1841 agendum

2061 603 2148 649 νες
2178 587 2340 640 δεινοί
2369 588 2476 640 είσι
2509 585 2998 657 παραλογιζόμενοι
3033 586 3131 656 μὲν
3171 585 3374 656 λαθεῖν,
3417 589 3653 652 ἁλόντες,

2058 678 2115 731 δὲ
2145 676 2664 750 παρακρούσασθαι·
2717 677 2832 731 ἀλλ’
2861 678 2890 730 ὁ
2935 666 3094 747 σοφὸς
3126 678 3390 747 κρείττων
3433 679 3636 734 τούτων

2057 767 2133 821 ὢν
2163 769 2404 840 φωράσει
2441 767 2540 840 μὲν
2593 768 2691 840 τὴν
2735 770 2968 840 ἀπάτην,
2999 767 3262 838 διελέγξει
3311 769 3369 821 δὲ
3398 769 3495 840 τὴν
3523 769 3636 824 δει-

2059 861 2278 927 νότητα.

2130 948 2186 1002 In
2224 949 2328 1004 hac
2356 965 2485 1006 vero
2520 950 2588 1005 de
2619 951 2809 1005 eadem
2849 966 2904 1006 re
2941 951 2996 1004 in
3037 951 3180 1006 hunc
3213 952 3432 1007 modum
3467 951 3637 1021 loqui-

2059 1046 2148 1094 tur
2171 1039 2411 1096 Isidorus
2439 1059 2452 1094 :
2484 1042 2548 1094 Εἰ
2577 1043 2668 1095 καὶ
2697 1043 2800 1094 είσί
2828 1059 2972 1105 τινες
2999 1042 3162 1095 δεινοὶ
3194 1043 3291 1112 μὲν
3321 1043 3634 1106 ἀπατῶντες

2057 1131 2262 1188 λαθεῖν.
2315 1133 2477 1186 δεινοὶ
2510 1132 2564 1186 δὲ
2601 1134 2942 1204 φωραθέντες
2987 1133 3484 1203 παραλογίσασθαι·
3517 1134 3632 1189 ἀλλ’

2057 1225 2085 1276 ὁ
2113 1223 2364 1295 θεοφιλὴς
2393 1224 2658 1294 κρείττων
2703 1213 2904 1278 τούτων
2934 1225 3268 1294 εὑρίσκεται,
3322 1224 3483 1294 σοφὸς
3535 1225 3633 1295 μὲν

2057 1314 2132 1368 ὢν
2163 1317 2392 1369 συνιδεῖν
2422 1319 2521 1386 τὴν
2555 1315 2790 1387 ἀπάτην,
2830 1315 3135 1386 σοφώτερος
3166 1317 3223 1370 δὲ
3243 1315 3509 1385 διελέγξαι
3536 1317 3634 1387 τὴν

2057 1408 2114 1460 ὲν
2144 1409 2254 1469 τοῖς
2288 1407 2470 1475 λόγοις
2499 1409 2884 1479 κρυπτομένην
2912 1408 3208 1478 δεινότητα.

2125 1495 2295 1552 Nemo
2327 1506 2474 1553 certe
2503 1499 2722 1570 negabit
2753 1499 2966 1569 utrique
3001 1499 3242 1570 epistolae
3270 1499 3514 1554 eamdem
3547 1501 3632 1556 in-

2055 1602 2178 1642 esse
2228 1589 2587 1655 sententiam;
2639 1604 2703 1643 ac
2752 1605 2912 1644 nemo
2963 1589 3269 1645 consentiet
3316 1605 3438 1644 cum
3487 1591 3634 1647 Heu-

2056 1693 2257 1732 manno
2304 1679 2396 1748 qui
2416 1673 2690 1733 lsidorum
2718 1681 2816 1734 has
2843 1680 3101 1750 epistolas
3127 1681 3453 1736 scribentem
3479 1698 3632 1738 suam

2057 1767 2270 1821 dicendi
2313 1769 2525 1838 copiam
2570 1771 2879 1836 ostendere,
2926 1787 3160 1841 eumque
3201 1772 3480 1842 discipulis
3519 1775 3632 1830 suis

352 1864 479 1922 est;
507 1872 634 1924 quae
663 1871 800 1910 sane
841 1873 1094 1928 magnam
1137 1859 1302 1913 habet
1331 1875 1455 1914 eum
1495 1862 1734 1916 secunda
1761 1862 1952 1916 simili-
1979 1872 2026 1926 Β
2053 1857 2328 1927 exemplar
2359 1873 2663 1928 proponere
2694 1861 2936 1916 voluisse
2973 1861 3231 1916 audacter
3258 1860 3508 1916 allirmat.
3538 1862 3632 1918 ln-

353 1947 634 2002 tudinem.
668 1948 842 2003 Docet
882 1950 1030 2003 enim
1066 1948 1309 2005 Isidorus
1343 1951 1520 2018 virum
1567 1953 1768 2007 virtute
1807 1968 1951 2023 prae-

351 2038 535 2092 ditum
586 2049 958 2109 ornatumque
1007 2041 1133 2110 jure
1189 2043 1432 2097 divinum
1461 2059 1664 2098 numen
1696 2045 1763 2099 ad
1791 2060 1950 2115 opem

351 2126 646 2183 ferendam
690 2130 984 2198 invocare;
1017 2147 1143 2186 eum
1174 2148 1306 2188 vero
1349 2134 1464 2203 qui,
1503 2135 1704 2190 virtute
1739 2131 1949 2200 relicta,

351 2235 689 2289 supremum
744 2220 1004 2277 invocare
1061 2223 1260 2278 audeat
1310 2240 1536 2290 numen,
1568 2225 1656 2280 his
1699 2227 1952 2298 precibus

349 2311 492 2364 nihil
533 2327 660 2367 esse
703 2311 1052 2367 eﬂecturum.
1086 2313 1220 2380 Quae
1251 2314 1434 2386 igitur,
1478 2315 1550 2370 ita
1581 2316 1726 2370 enim
1755 2317 1948 2386 pergit,

347 2398 475 2458 haec
507 2412 594 2458 est
624 2405 1217 2474 amentia,quod,cum
1246 2406 1410 2462 vitam
1445 2405 1764 2478 ﬂagitiosam
1791 2408 1953 2480 degas

349 2502 411 2549 et
455 2495 778 2561 scelestam,
829 2497 1043 2568 precari
1117 2498 1316 2554 audes:
1366 2497 1579 2572 Con/iga
1625 2501 1815 2555 timore
1863 2511 1952 2556 tuo

350 2602 548 2640 carnes
604 2603 776 2641 meas.
813 2585 946 2652 Quae
989 2588 1234 2658 precatio
1285 2599 1338 2644 te
1368 2589 1546 2644 virum
1593 2590 1948 2660 petulantem,

347 2675 728 2741 luxuriosum,
758 2677 973 2732 ebrium
1020 2695 1130 2734 non
1179 2679 1354 2735 solum
1385 2697 1498 2736 non
1557 2681 1740 2748 decet,
1763 2697 1950 2738 verum

350 2767 602 2832 ludibrii,
621 2769 735 2822 imo
751 2769 980 2839 periculi
999 2771 1158 2840 plena
1169 2779 1253 2826 est
1269 2768 1361 2840 (b).
1381 2771 1608 2826 Conaris
1619 2771 1762 2826 enim
1778 2765 1950 2828 Deum

353 2855 541 2929 ipsum
572 2859 788 2914 fallere.
826 2889 900 2902 -—
925 2859 1014 2916 Uti
1055 2860 1220 2932 igitur
1240 2860 1501 2926 lsidorus,
1537 2861 1623 2916 cui
1663 2861 1801 2915 nihil
1833 2877 1951 2916 ma-

351 2949 439 3024 gis
461 2949 620 3004 cordi
665 2959 786 3004 erat
832 2965 998 3020 quam
1030 2949 1283 3005 homines
1302 2949 1614 3020 petulantes
1643 2950 1711 3006 ad
1740 2951 1954 3008 sobrios

353 3053 622 3098 revocare
648 3057 854 3106 mores,
874 3042 1112 3097 secunda
1139 3041 1195 3096 in
1221 3041 1447 3111 epistola
1463 3041 1680 3097 Zosimo
1695 3041 1950 3096 ostende-

353 3145 442 3190 rat
452 3150 654 3206 preces
668 3135 792 3204 ejus
810 3149 931 3190 esse
946 3134 1203 3188 ridiculas
1229 3143 1286 3188 et
1308 3133 1541 3202 ineptas,
1557 3132 1632 3188 ita
1648 3133 1702 3187 in
1725 3133 1953 3204 epistola

2051 1949 2189 2020 signi
2225 1951 2432 2006 scilicet
2465 1960 2582 2006 arte
2619 1951 2674 2006 in
2713 1961 2941 2023 utraque
2977 1953 3204 2023 epistola
3241 1953 3470 2008 variavit
3505 1969 3632 2009 ora-

2051 2038 2254 2094 tionem
2272 2080 2286 2104 ,
2313 2055 2436 2095 cum
2463 2040 2606 2095 viros
2633 2041 2850 2097 fallaces
2875 2042 2930 2097 in
2957 2043 3044 2096 illa
3069 2041 3628 2114 παραλογιζομένους,

2051 2129 2106 2184 ἱη
2136 2131 2240 2185 hac
2269 2129 2610 2196 ἀπατῶντας,
2641 2147 2861 2202 eosque,
2893 2149 3123 2203 quorum
3153 2133 3373 2189 fraudes
3401 2135 3630 2190 detectae

2051 2221 2190 2288 sint,
2229 2223 2282 2276 in
2325 2223 2412 2277 illa
2441 2224 2672 2294 appellet
2713 2225 2959 2292 ἁλόντας,
3001 2224 3056 2278 ἰη
3099 2225 3204 2280 hoc
3243 2225 3626 2296 cpwpaeévrag;

2052 2325 2176 2368 cum
2209 2313 2436 2377 deinde,
2472 2331 2633 2385 quem
2669 2315 2723 2369 in
2758 2316 2846 2370 illa
2881 2315 3042 2384 σοφὸν
3072 2317 3401 2383 nominavit,
3441 2318 3496 2372 in
3528 2317 3630 2373 hac

2052 2413 2108 2458 et
2141 2403 2392 2475 θεοφιλὴν
2418 2409 2474 2459 et
2508 2405 2689 2474 σοφὸν,
2721 2415 2882 2475 atque
2915 2405 3128 2460 illorum
3162 2407 3444 2462 hominum
3481 2407 3631 2462 frau-

2053 2493 2350 2549 dulentiam
2383 2495 2784 2566 vituperantem
2817 2504 3098 2566 nuneupet
3131 2495 3469 2568 σοφώτερον;
3505 2513 3636 2560 cum.

2051 2583 2290 2653 denique
2321 2585 2377 2638 in
2407 2585 2509 2639 hac
2539 2600 2708 2654 pauca
2739 2583 2964 2639 minoris
2994 2585 3252 2639 momenti
3285 2584 3465 2641 addat.
3495 2585 3631 2653 Quis

2051 2689 2184 2728 vero
2223 2681 2326 2740 est,
2359 2674 2458 2745 qui
2504 2675 2702 2730 talibus
2738 2675 2946 2730 artibus
2987 2690 3139 2730 suam
3179 2676 3376 2746 probet
3413 2675 3628 2734 dicendi

2053 2765 2303 2836 copiam?
2333 2765 2456 2836 quis
2483 2774 2568 2821 est
2586 2805 2600 2830 ,
2634 2765 2723 2836 qui
2751 2765 2898 2820 hanc
2926 2765 3252 2836 probaturus
3280 2765 3504 2837 incipiat
3523 2809 3538 2829 ,
3571 2777 3632 2823 ut

2054 2855 2292 2912 Isidorus
2334 2858 2389 2913 in
2433 2866 2660 2928 utraque
2702 2856 2949 2928 epistola,
2986 2873 3110 2913 cum
3152 2855 3416 2928 particula
3460 2861 3632 2932 hypo-

2055 2949 2290 3016 thetica;
2333 2950 2518 3021 jungat
2563 2949 2780 3012 deinde,
2819 2957 2880 3004 ut
2919 2949 2988 3004 ab
3029 2949 3238 3006 Isidoro
3280 2951 3482 3006 factum
3524 2965 3628 3016 est,

2055 3041 2284 3112 primam
2317 3042 2650 3111 alteramque
2679 3042 2970 3096 verborum
2999 3039 3428 3100 enuntiationem
3459 3047 3630 3116 parti-

2055 3133 2194 3188 culis
2229 3133 2326 3204 μέν
2356 3141 2410 3187 et
2437 3133 2532 3200 δέ;
2562 3143 2617 3190 et
2646 3143 2864 3215 pergat,
2897 3135 2973 3190 uti
3009 3134 3276 3201 Isidorus,
3307 3152 3430 3191 eum
3461 3138 3632 3208 parti-

353 3237 577 3299 quarta,
602 3229 767 3297 cujus
787 3236 1169 3298 argumentum
1200 3225 1362 3280 modo
1381 3225 1754 3294 exposuimus,
1781 3223 1828 3278 ei
1854 3225 1951 3279 de-
1979 3221 2023 3278 C
2055 3223 2174 3292 eula
2199 3222 2366 3276 sua?
2395 3223 2506 3279 lloc
2529 3233 2678 3280 certe
2707 3240 2813 3278 non
2841 3221 3078 3279 rhetoris
3103 3233 3206 3292 est,
3235 3227 3326 3295 qui
3352 3225 3632 3298 discipulis

353 3328 676 3374 monstrare
704 3328 936 3374 conatur
969 3318 1370 3373 invocationem
1387 3317 1442 3372 in
1467 3317 1588 3388 ejus
1613 3331 1708 3370 ore
1729 3315 1950 3386 impiam

358 3425 488 3466 esse
518 3417 580 3465 et
609 3410 997 3482 periculosam.
1034 3408 1238 3477 Quare,
1281 3409 1383 3464 etsi
1415 3408 1738 3464 lleumanno
1762 3420 1958 3461 conce-

355 3502 607 3557 dendum
655 3509 763 3566 est,
797 3517 1048 3572 magnam
1105 3501 1446 3556 intercedere
1485 3499 1628 3554 inter
1667 3505 1956 3568 utramque

356 3595 659 3663 epistolam
691 3593 1330 3658 similitudinem,‘tamen
1354 3591 1642 3661 utriusque
1667 3586 1954 3646 consilium

357 3686 650 3742 diversum
689 3699 814 3739 esse
841 3685 988 3740 inter
1021 3699 1142 3740 sese
1180 3683 1305 3754 jure
1335 3683 1588 3738 contendi
1619 3696 1780 3752 posse
1805 3681 1956 3736 arbi-

357 3783 612 3839 tramur;
648 3773 838 3843 itaque
880 3771 1162 3828 Zosimum
1194 3773 1295 3826 has
1343 3773 1551 3826 litteras
1579 3783 1765 3825 revera
1799 3783 1956 3824 acce-

357 3866 512 3937 pisse
543 3879 868 3920 censemus.
901 3862 1002 3919 Cui
1053 3863 1343 3918 sententiae
1395 3863 1451 3918 id
1497 3876 1716 3944 quoque
1741 3861 1957 3916 videtur

357 3957 572 4022 favere,
605 3962 750 4026 quod
783 3956 969 4012 multa:
992 3956 1058 4010 ad
1089 3956 1340 4010 eumdem
1375 3951 1823 4009 hune'Zosimum
1851 3968 1953 4007 ex-

359 4056 515 4103 stant
554 4046 708 4117 apud
756 4046 1032 4102 lsidorum
1067 4045 1333 4116 epistolae,
1366 4055 1432 4100 ex
1464 4043 1666 4114 quibus
1703 4042 1956 4097 omnibus

358 4147 616 4208 apparet,
657 4153 785 4192 eum
817 4137 986 4192 fuisse
1029 4138 1193 4192 talem
1239 4135 1418 4206 qualis
1443 4144 1499 4191 et
1549 4135 1604 4188 in
1638 4135 1725 4189 his
1754 4133 1958 4188 deseri-

355 4224 513 4279 bitur
540 4225 744 4280 litteris
761 4228 855 4295 (c).
891 4225 1010 4280 Huc
1036 4224 1267 4288 accedit,
1300 4223 1444 4294 quod
1468 4237 1533 4276 ex
1561 4222 1804 4293 ejusdem
1835 4221 1956 4291 epi-

357 4316 502 4370 stola
523 4315 596 4370 ad
624 4317 985 4372 Athanasium
1013 4317 1388 4388 presbyterum
1433 4315 1557 4370 data
1584 4313 1660 4388 (d)
1708 4322 1952 4384 apparet,

353 4407 623 4462 vitiosam
655 4407 862 4462 Zosimi
906 4407 1076 4462 vitam
1122 4407 1243 4462 aliis
1293 4422 1512 4478 quoque
1552 4407 1707 4470 viris,
1757 4404 1956 4476 quibus

357 4497 560 4569 religio
592 4497 908 4553 Christiana
936 4497 1088 4553 cordi
1125 4497 1247 4560 fuit,
1283 4498 1452 4553 fuisse
1485 4495 1796 4552 oﬂ'ensioni.

431 4589 629 4660 Neque
661 4589 902 4659 reliqua,
937 4600 1060 4659 quae
1088 4588 1158 4644 ad
1189 4587 1514 4644 sententiam
1551 4603 1703 4643 suam
1738 4587 1956 4642 ﬁrman-

357 4682 485 4737 dam
526 4681 717 4736 attulit
759 4681 1138 4747 Heumannus,
1178 4680 1424 4750 exempla
1469 4678 1602 4734 satis
1639 4685 1765 4748 apta
1805 4687 1954 4733 sunt.

359 4771 582 4827 Etenim
618 4771 784 4838 idem,
815 4772 1011 4842 inquit,
1042 4771 1304 4842 reperies,
1333 4772 1376 4826 si
1407 4770 1706 4828 contuleris
1733 4771 1788 4824 in
1819 4771 1958 4825 libro

357 4863 558 4932 quinto
597 4863 861 4932 epistolas
893 4863 1002 4918 289
1041 4869 1096 4918 et
1131 4863 1256 4928 519,
1293 4877 1450 4932 quas,
1488 4871 1552 4916 ut
1584 4861 1958 4932 unusquisque

357 4952 428 5008 de
457 4954 568 5008 hac
599 4968 662 5008 re
689 4952 840 5008 facili
869 4969 1035 5024 opera
1057 4953 1302 5024 judicare
1325 4954 1516 5024 possit,
1545 4952 1761 5010 Graecas
1787 4951 1958 5006 ascri-

433 5092 516 5160 (a)
538 5090 720 5147 Verba
747 5089 935 5145 Grzeea
960 5100 1122 5161 sunt:
1154 5088 1334 5161 Πῆξον
1353 5087 1528 5161 absit;
1558 5085 1948 5161 (sc._odp:§ac),

359 5157 642 5233 νέδιρὶρσοι
656 5202 672 5224 ,
701 5162 996 5233 ἀνικήτους
1013 5157 1246 5233 ’ποίησον
1268 5159 1408 5233 ξηρὸς
1424 5157 1640 5233 ᾑδονὴν,
1663 5157 1788 5233 αντὶ
1807 5157 1954 5233 ἥλων

360 5235 390 5286 ό
419 5226 593 5300 φόϐος
626 5233 656 5284 ὁ
685 5232 782 5294 σὸς
847 5226 1108 5300 ᾆτηγνύτω
1137 5226 1332 5291 ἀύτὰξ
1355 5226 1459 5300 λκαὶ
1481 5299 1487 5300 γ
1513 5226 1808 5300 νεόιρούτω,
1835 5226 1957 5278 οιαὶ

361 5297 667 5374 ἀκινήτους
697 5301 796 5354 καὶ
833 5297 1232 5374 ἀνένεργήτους
1273 5298 1412 5370 πρὸς
1466 5297 1740 5368 ἁμαρτίαν
1777 5312 1958 5368 παρα-

364 5372 712 5434 σκευαζέτω.
999 5372 1006 5374 ἡ
1701 5402 1706 5407 .

435 5443 511 5506 (b)
556 5439 738 5495 Verba
787 5439 978 5495 Graeca
1017 5437 1100 5494 sic
1144 5453 1267 5494 sese
1307 5438 1515 5494 habent
1546 5455 1559 5490 :
1588 5465 1660 5478 -—
1685 5436 1759 5490 Οὐ
1798 5435 1956 5506 μόνον

361 5505 623 5580 ἀπρεπὴς
663 5510 807 5579 αὕτη
848 5511 882 5578 ή
916 5509 1074 5580 εὐχὴ,
1115 5508 1256 5580 ἀλλὰ
1287 5511 1379 5580 καὶ
1411 5507 1718 5580 είρῳνιξίαςῑ
1757 5505 1956 5580 μᾷλλον

361 5582 420 5634 δὲ
449 5577 710 5634 ὶιινδῦνου
764 5577 940 5649 μεστή
1035 5578 1203 5646 quod,
1235 5579 1336 5632 etsi
1373 5577 1722 5649 δεξῃὶῑίνίῌῇιί
1775 5577 1956 5649 aliquo

365 5653 531 5705 modo
561 5644 826 5720 explicari
855 5644 1170 5720 pessuli—Le
1203 5644 1400 5720 codiee'
1422 5647 1557 5720 Yat._
1586 5644 1711 5720 650,
1749 5646 1956 5720 adden-

367 5722 494 5778 dum
515 5729 604 5776 est
629 5714 749 5774 sine
782 5714 990 5783 dubio;
1017 5719 1244 5788 —-76':av
1268 5717 1378 5788 γὰρ
1407 5717 1498 5770 τδν
1525 5715 1808 5788 Αάκήρατον
1831 5714 1956 5767 νοῦν

367 5790 540 5844 ταῦτα
581 5791 732 5861 αἰτῇ,
771 5788 808 5842 ἃ
834 5791 1014 5841 ποιεῖν
1053 5787 1114 5839 οὐ
1159 5784 1322 5852 θέλει,
1453 5786 1548 5839 καὶ
1579 5784 1742 5839 αὐτὸν
1775 5801 1954 5856 παρα-

732 5884 1019 5944 Ριτειοι.
1068 5883 1184 5944 (in.
1235 5852 1573 5942 Lxx'vut.

2057 3317 2313 3388 epistolas
2341 3333 2646 3388 proponere
2669 3314 2785 3372 vult
2814 3317 3120 3372 imitandas.
3147 3348 3215 3360 -—
3240 3317 3345 3373 Sed
3374 3319 3629 3388 quoniam

2058 3408 2196 3464 inl'ra
2229 3409 2296 3464 ad
2327 3408 2429 3462 has
2460 3409 2591 3463 mihi
2624 3389 3015 3464 recurrenddm
3045 3418 3129 3463 est
3161 3409 3448 3479 epistolas,
3485 3425 3634 3468 nunc

2055 3498 2250 3552 missas
2276 3496 2454 3553 facere
2482 3506 2537 3552 et
2564 3499 2632 3553 ad
2665 3498 2942 3565 ultimum,
2971 3499 3113 3568 quod
3145 3497 3326 3554 attulit
3354 3498 3632 3555 Heuman-

2055 3603 2182 3651 nus,
2214 3589 2520 3659 exemplum
2554 3589 2783 3644 transire
2809 3589 2988 3645 liceat.

2127 3679 2308 3751 Pergit
2339 3689 2522 3734 autem
2558 3680 2643 3735 his
2673 3680 2855 3736 verbis
2891 3699 2904 3736 :
2945 3699 2964 3733 ι
3003 3678 3158 3738 Haud
3188 3698 3319 3738 vero
3351 3682 3510 3740 facile
3545 3685 3634 3740 in-

2056 3769 2275 3826 veneris
2303 3761 2586 3840 epistolam
2617 3769 2936 3824 exercitium
2971 3767 3171 3826 scholaa
3199 3771 3485 3828 rhetoricae
3514 3789 3634 3828 ma-

2057 3860 2138 3934 gis
2162 3861 2484 3932 sapientem,
2511 3877 2672 3932 quam
2703 3862 2846 3916 illam
2880 3861 3000 3917 libri
3032 3863 3278 3928 secundi,
3305 3879 3428 3934 quae
3452 3864 3635 3920 locum

2059 3959 2210 4007 tenet
2235 3952 2591 4007 centesimum
2617 3951 3128 4022 quinquagesimum
3157 3951 3398 4006 tertium.
3425 3952 3506 4007 En
3537 3952 3635 4006 ali-

2057 4046 2199 4116 quod
2228 4046 2348 4116 ejus
2376 4045 2650 4116 specimen
2681 4061 2748 4101 ex
2777 4061 2874 4100 ore
2904 4045 3220 4116 interpretis
3253 4064 3266 4099 :
3303 4045 3398 4101 Vos
3425 4062 3634 4116 (equum

2058 4133 2217 4205 fuerit
2249 4135 2506 4188 rationem
2537 4134 2690 4198 inire,
2721 4150 2824 4204 qua
2857 4135 2993 4189 hanc
3023 4136 3416 4190 insectationem
3451 4135 3634 4190 oblite-

2057 4225 2215 4288 retis;
2243 4225 2586 4280 obtiterabitis
2613 4217 2810 4292 autem,
2831 4227 2876 4281 si
2906 4227 2975 4282 ad
3004 4226 3270 4281 meliorem
3299 4235 3521 4282 mentem
3548 4243 3635 4281 re-

2058 4317 2290 4382 dieritis;
2333 4317 2564 4372 redibitis
2605 4327 2802 4384 autem,
2843 4312 2888 4372 si
2925 4313 3229 4388 Scripturas
3264 4333 3448 4372 sacras
3485 4333 3636 4372 veras

2059 4427 2166 4466 esse
2199 4412 2560 4475 credideritis;
2594 4411 2813 4465 credetis
2845 4419 3044 4473 autem,
3079 4409 3126 4464 si
3157 4408 3480 4462 continenter
3508 4408 3634 4478 ipsis

2060 4501 2345 4570 fruamini;
2382 4501 2632 4570 [memini
2672 4509 2868 4563 autem,
2907 4501 2952 4554 si
2993 4517 3176 4554 earum
3215 4509 3439 4554 mentem
3478 4500 3634 4554 intel-

2061 4589 2322 4656 lexeritis;
2364 4590 2662 4660 intelligetis
2700 4599 2908 4655 autem,
2953 4590 2998 4644 si
3041 4590 3310 4644 assiduam
3353 4605 3471 4644 cum
3515 4591 3636 4644 viris

2059 4681 2238 4736 divina
2276 4681 2534 4750 sapientia
2577 4681 2812 4750 prteditis
2852 4681 3274 4734 consuetudinem
3315 4679 3640 4744 habueritis;

2059 4769 2309 4824 habebitis
2341 4777 2537 4832 autem,
2573 4771 2618 4824 si
2651 4771 2834 4824 vilium
2877 4771 3148 4842 fuget-itis;
3195 4772 3404 4842 fugietis
3437 4777 3635 4836 autem,

2057 4859 2102 4912 si
2129 4874 2308 4929 poenas
2331 4860 2432 4928 ipsi
2456 4860 2807 4928 impendentes
2833 4861 3142 4926 timueritis;
3169 4861 3411 4915 timebitis
3437 4871 3636 4921 autem,

2057 4951 2103 5004 si
2137 4949 2304 5004 Deum
2340 4967 2446 5006 esse
2480 4952 2834 5017 credideritis;
2867 4953 3084 5007 credetis
3119 4959 3318 5016 autem,
3347 4953 3393 5006 si
3428 4968 3456 5006 e
3491 4961 3638 5005 tanto

2061 5085 2356 5158 κρούεσθαι
2383 5085 2526 5158 θέλει
2551 5085 2642 5139 τὸν
2672 5088 2890 5157 κριτήν.

2137 5159 2206 5227 (c)
2259 5157 2588 5228 Monendum
2622 5166 2706 5212 est
2740 5172 2834 5212 eas
2861 5171 3074 5221 omnes,
3107 5174 3229 5228 quae
3253 5166 3346 5212 aut
3375 5158 3440 5214 ad
3488 5158 3635 5215 Zosi-

2062 5225 2229 5298 mum,
2264 5237 2358 5298 aut
2375 5227 2441 5280 ad
2467 5225 2744 5298 Zosimum
2783 5225 3326 5298 presbyterumdataa
3349 5235 3496 5291 sunt,
3519 5230 3638 5298 epi-

2065 5297 2232 5350 stolas
2265 5297 2440 5350 eidem
2471 5297 2588 5350 viro
2613 5297 2844 5364 scriptas
2865 5311 3089 5352 esse.—
3116 5297 3198 5352 CI‘.
3229 5298 3326 5351 lib.
3363 5317 3398 5356 ι,
3429 5313 3512 5365 ep.
3547 5297 3635 5356 6t,

2067 5367 2190 5429 128,
2238 5367 2358 5427 154,
2393 5367 2516 5430 155,
2548 5365 2670 5427 MO,
2714 5366 2837 5431 184,
2867 5367 2994 5429 225,
3027 5367 3151 5431 515,
3193 5368 3321 5431 547,
3353 5367 3478 5428 582,
3509 5366 3635 5429 456,

2063 5434 2205 5500 465;
2243 5435 2338 5490 lib.
2373 5450 2434 5498 ιι,
2469 5450 2556 5503 ep.
2593 5436 2682 5496 58.
2718 5436 2808 5493 tt.
2843 5435 2967 5502 ιιι,
3001 5438 3124 5504 153,
3175 5438 3293 5499 :57,
3341 5435 3462 5497 158,
3513 5435 3636 5504 tu,

2065 5507 2188 5577 ιη,
2243 5507 2370 5570 asa,
2399 5501 2860 5577 esseesset).
2895 5521 2977 5572 ιιι,
3003 5501 3214 5577 ερ.’56,
3255 5505 3464 5577 61,97,
3505 5501 3636 5570 275,

2061 5575 2346 5699 2951535,
2379 5576 2504 5640 σου,
2537 5573 2676 5639 ιοθ;
2723 5575 2814 5630 lib.
2863 5591 2939 5643 ιν,
2971 5573 3060 5646 ep:
3116 5577 3255 5642 ist;
3311 5573 3406 5629 lib.
3462 5585 3636 5642 ηερ.

2101 5686 2114 5699 .
2141 5661 2171 5699 e
2200 5661 2250 5699 ε.

2101 5686 2114 5709 ,
2141 5655 2250 5700 etc.

2133 5715 2208 5788 (ά)
2244 5714 2360 5770 Lib.
2392 5729 2451 5782 ll,
2483 5729 2570 5785 ep.
2601 5715 2724 5770 162.
