4118 6416
539 376 613 440 ιε
1651 345 2329 426 COMMENTATIONIS
2361 364 2555 426 PARS
2592 365 2675 426 II.
3733 361 3805 428 44

539 495 714 564 furore
754 488 1086 544 amomi-itis.
1129 484 1234 541 Sed
1279 483 1404 552 ohe,
1449 484 1528 539 sic
1568 484 1720 539 enim
1760 483 1938 555 pergit
1976 482 2124 538 Heu-
2151 487 2195 542 Α
2225 491 2315 550 pta
2363 481 2598 553 quippe,
2643 481 2720 538 uti
2771 482 2888 555 ipse
2936 483 3045 550 ait,
3093 485 3161 540 ad
3209 483 3520 542 Grecorum
3567 483 3804 552 liberos,

540 595 795 646 manuus,
815 579 930 647 jam
959 577 1092 633 satis
1121 584 1225 656 est.
1253 576 1322 632 Et
1351 576 1472 647 plus
1496 576 1670 630 altero
1700 583 1854 630 tanto
1881 574 2129 646 sequitur

539 675 856 747 gradatione
897 671 1032 743 pari.
1071 669 1226 736 Quis,
1268 683 1474 740 quaeso,
1517 669 1662 726 serio
1704 669 1779 724 ita
1817 670 2020 724 scribat
2058 667 2127 724 ad

540 768 896 834 quemquam?
947 779 967 811 ι
1009 787 1080 800 -
1115 758 1335 814 Nostris
1374 759 1716 828 temporibus
1751 767 1902 814 certe
1938 773 2124 828 nemo,

539 856 631 926 qui
653 855 819 910 salem
848 852 1028 908 habet.
1051 849 1167 906 Nec
1188 851 1359 922 magis
1384 851 1585 907 nostris
1611 852 1952 922 temporibus
1976 851 2129 922 quis-

540 960 723 1015 quam,
758 943 847 998 cui
881 943 1170 997 subactum
1203 951 1288 996 est
1317 940 1602 1012 judicium,
1634 941 1849 998 Veteris
1881 941 2128 1012 Noviqne

541 1032 878 1089 Testamenti
918 1031 1063 1088 dicta
1103 1031 1183 1087 sic
1220 1030 1691 1100 interpretabitur,
1731 1031 1810 1086 uti
1849 1031 2019 1086 multa
2057 1030 2126 1086 ab

539 1125 744 1182 Isidoro
781 1125 1048 1196 explicata
1087 1132 1236 1180 sunt.
1271 1124 1411 1180 Num
1451 1125 1578 1180 inde
1614 1125 1992 1194 consequitur,
2027 1123 2128 1179 Isi-

536 1217 730 1277 dorum
757 1219 1134 1289 epistolarum,
1158 1217 1357 1288 quibus
1382 1217 1580 1288 ineptae
1605 1225 1702 1271 aut
1726 1217 1969 1273 ridicula:
1991 1232 2127 1272 con-

539 1311 786 1367 tinentur
825 1311 1215 1380 prophetarum
1255 1309 1340 1364 vel
1381 1309 1752 1379 apostolorum
1795 1308 2125 1380 interpreta-

540 1403 738 1470 tiones,
785 1412 1064 1458 auctorem
1112 1418 1223 1457 non
1273 1403 1430 1457 esse?
1469 1401 1601 1468 Quae
1646 1403 2046 1474 argumentatio
2093 1417 2126 1458 a

536 1495 759 1551 nemine
800 1495 1019 1565 probari
1062 1503 1273 1564 potest;
1317 1509 1480 1564 quam
1525 1495 1572 1548 si
1619 1494 1918 1563 rejicimus,
1961 1494 2125 1550 simul

537 1587 696 1643 cadet
721 1585 1028 1640 Heumanni
1053 1585 1418 1640 ratiocinatio.
1443 1585 1878 1660 Caeterummihi
1904 1587 2124 1658 quidem

535 1685 841 1748 praeceptor
859 1675 1020 1730 talem
1043 1674 1327 1745 epistolam
1351 1675 1634 1745 discipulis
1658 1676 1974 1731 imitandam
2000 1691 2125 1748 pro-

2229 575 2562 644 eosdemque
2608 591 2828 647 pueros,
2877 576 2968 648 qui
3015 577 3218 653 fugere.
3247 578 3406 633 ludos
3448 577 3710 648 iubentur
3752 584 3810 632 et

2229 665 2558 734 spectacula.
2600 667 2734 722 Nam
2777 668 2822 723 si
2869 669 3010 725 hanc
3052 685 3176 725 cum
3221 686 3308 737 ea,
3350 685 3466 741 qua:
3511 667 3805 732 antecedit,

2228 757 2454 826 epistola
2493 758 2957 830 contuleris.-quo
2997 762 3161 816 modo
3199 761 3442 816 Isidorus
3482 760 3550 815 ad
3593 760 3809 814 adoles-

2227 857 2417 903 centes
2447 849 2690 905 scribere
2717 851 2977 921 potuerit,
3005 851 3503 923 intelliges.Verbis
3530 850 3679 906 enim
3707 851 3811 904 hu-

2222 941 2314 1012 jus
2341 941 2606 1012 epistolae,
2629 957 2749 1013 qua:
2772 943 2895 998 data
2921 952 3005 998 est
3029 943 3098 998 ad
3125 942 3458 1014 Harpocram
3484 942 3807 1012 sopbistam,

2228 1031 2432 1087 ultimis
2457 1032 2695 1087 Isidorus
2719 1033 2976 1096 declarat,
3001 1048 3061 1088 se
3084 1033 3153 1088 ab
3173 1048 3240 1087 eo
3265 1041 3616 1103 provocatum
3641 1032 3808 1086 etiam

2225 1124 2294 1180 ad
2329 1125 2706 1180 adolescentes
2738 1134 2962 1198 propter
2989 1127 3184 1180 malam
3217 1123 3594 1178 educationem
3626 1121 3810 1190 pravis

2226 1217 2474 1272 moribus
2497 1227 2746 1272 assuetos
2771 1217 3055 1288 scripsisse
3082 1216 3176 1289 (ε).
3199 1215 3352 1282 Quod
3379 1215 3424 1270 si
3450 1215 3550 1269 has
3576 1213 3642 1268 ad
3667 1212 3808 1266 Har-

2224 1322 2446 1378 pocram
2482 1307 2690 1363 litteras
2724 1323 2834 1363 non
2869 1307 3087 1363 ﬁctitias
3121 1322 3244 1362 esse
3276 1320 3496 1370 censes,
3533 1317 3710 1371 neque
3744 1299 3810 1354 il-

2225 1399 2354 1465 lam,
2393 1417 2514 1472 qua:
2554 1400 2865 1457 Graecorum
2906 1399 3094 1455 liberis
3136 1399 3336 1468 scripta
3379 1406 3484 1460 est,
3522 1394 3808 1466 epistolam

2227 1490 2499 1546 rhetorico
2529 1506 2681 1545 more
2711 1489 3066 1560 compositam
3097 1501 3220 1543 esse
3247 1485 3418 1541 dices.

2267 1603 2498 1672 'Quinto
2529 1604 2650 1659 loco
2685 1603 2846 1658 affert
2877 1601 3233 1658 llcumannus
3289 1597 3412 1653 libri
3446 1612 3485 1651 ιι
3524 1593 3806 1666 epistolam

2229 1693 2366 1760 251,
2400 1694 2557 1750 Petro
2588 1693 2904 1764 inscriptam
2932 1691 3186 1762 apostolo.
3217 1688 3483 1758 Inscripta
3513 1696 3694 1740 autem
3723 1692 3808 1739 est

535 1766 956 1876 βοηθῐξξξξθτίευ
979 1767 1336 1876 “ﬁt???”
1359 1767 1595 1876 ξῘῘΚΠῘοτθ
1619 1783 1782 1838 quam
1811 1769 1902 1839 qni
1931 1770 2123 1840 huius‘
2153 1819 2197 1876 Β
2224 1781 2406 1848 Petro,
2443 1784 2508 1839 ad
2547 1798 2706 1853 quem
2747 1783 2867 1836 alia:
2905 1795 3120 1852 quoque
3158 1780 3466 1850 complures
3501 1777 3642 1831 datae
3679 1781 3810 1830 sunt

537 1858 750 1915 cemodi
781 1857 988 1914 litteras
1015 1858 1184 1913 mittit
1209 1858 1394 1912 alicui.

605 1969 853 2030 Alterum
901 1989 1028 2031 vero
1075 1985 1489 2046 argumentum,
1537 1991 1647 2046 quo
1693 1975 1908 2032 efﬁcere
1953 1975 2126 2034 voluit

537 2065 926 2132 Heumannus,
980 2075 1040 2121 ut
1092 2067 1210 2137 ipse
1263 2066 1340 2121 ait
1395 2068 1533 2138 (a),
1589 2067 1879 2140 plerasque
1931 2069 2122 2124 Isidori

534 2158 793 2228 epistolas
813 2174 934 2214 esse
959 2158 1065 2213 (icti
1075 2159 1196 2225 tias,
1219 2159 1346 2214 inde
1369 2161 1661 2229 repetitum
1685 2169 1789 2226 est,
1815 2162 1957 2231 quod
1981 2177 2122 2217 non-

533 2251 698 2306 nullae
731 2251 950 2321 scripta:
983 2251 1094 2306 sint
1125 2252 1194 2306 ad
1231 2267 1326 2307 eos
1360 2253 1451 2322 qui
1488 2253 1672 2308 vivere
1704 2254 1908 2308 dudum
1943 2253 2123 2310 desie-

535 2351 662 2398 rant
693 2360 706 2396 :
739 2343 906 2396 veluti
942 2343 1066 2397 libri
1099 2357 1116 2396 ι
1145 2343 1374 2412 epistola
1407 2343 1532 2409 457,
1563 2343 1631 2399 ad
1661 2343 1993 2412 Oribasium,
2024 2345 2122 2401 Ju-

534 2434 666 2489 Iiani
700 2435 1046 2506 imperatoris
1078 2436 1381 2503 medicum;
1415 2437 1662 2507 adeoque
1694 2437 1921 2503 dudum,
1956 2447 2017 2493 ut
2047 2439 2125 2492 ait

535 2525 658 2590 ille,
689 2525 818 2586 illuc
851 2535 1103 2580 avectum
1136 2528 1282 2582 unde
1310 2543 1473 2581 nemo
1503 2529 1663 2582 redit.
1694 2527 1849 2594 Quod
1878 2539 2123 2584 veterum

536 2617 865 2687 scriptorum
902 2616 1230 2672 testimoniis
1263 2618 1606 2688 probandum
1644 2627 1749 2672 est.
1787 2618 1922 2672 Nam
1956 2619 2125 2674 Julia-

535 2723 642 2763 nus
675 2707 818 2764 diem
855 2722 1171 2777 supremum
1211 2708 1348 2763 obiit
1385 2724 1530 2763 anno
1565 2709 1662 2764 561
1683 2749 1700 2774 ,
1734 2722 1846 2780 quo
1881 2718 2126 2780 tempore

535 2797 818 2854 Oribasius
843 2799 1072 2853 forsitan
1101 2798 1322 2870 triginta
1344 2799 1430 2854 vel
1455 2801 1812 2871 quadraginta
1834 2817 2008 2857 annos
2028 2818 2125 2856 na-

537 2899 657 2955 tus,
690 2890 854 2960 hujus
882 2890 1064 2946 saeculi
1101 2889 1264 2946 linem
1294 2893 1531 2960 novique
1562 2893 1775 2947 initium
1805 2893 1992 2950 videre
2022 2910 2124 2966 po-

537 2982 660 3044 tuit,
693 2998 873 3054 neque
903 2982 1169 3037 lsidorum
1199 2982 1495 3053 quidquam
1525 2985 1877 3054 impediebat,
1908 2986 2123 3056 quomi-

535 3090 642 3130 nus
667 3075 878 3129 medico
909 3073 986 3128 illi
1019 3073 1375 3130 celeberrimo
1405 3075 1646 3134 mitteret
1674 3078 1979 3146 epistolam.
2014 3077 2120 3133 Sed

2227 1874 2490 1944 epistolae.
2517 1872 2790 1940 Quaeritur
2808 1889 2905 1927 cur
2925 1872 3015 1927 ille
3037 1871 3306 1926 addiderit
3329 1868 3551 1939 apostoli
3583 1881 3804 1922 nomen.

2227 1965 2543 2036 Respondet
2582 1966 2698 2036 ipse
2734 1965 2929 2019 :Hunc
2949 1963 3272 2036 significare,
3313 1977 3424 2016 non
3461 1960 3626 2014 alium
3663 1959 3811 2013 illius

2226 2057 2402 2114 aetatis
2418 2056 2659 2122 Petrum,
2683 2055 2879 2127 partim
2907 2070 2970 2110 ex
2999 2054 3325 2109 allocutione
3354 2065 3683 2122 cognoscere
3711 2063 3811 2104 no—

2226 2149 2313 2204 bis
2345 2149 2592 2204 videmur
2630 2145 2890 2219 (Quonam
2934 2156 2984 2200 te
3025 2146 3234 2200 nomine
3271 2143 3560 2214 appellem,
3603 2141 3808 2211 inquit,

2226 2241 2364 2311 quod
2395 2241 2498 2293 tuis
2529 2256 2629 2310 par
2653 2241 2722 2294 sit
2755 2239 3020 2307 meritis),
3052 2237 3248 2307 partim
3277 2253 3344 2290 ex
3373 2233 3616 2305 epistola:
3644 2247 3809 2302 argu-

2226 2341 2430 2388 mento.
2465 2331 2595 2386 Illud
2627 2331 2760 2384 nihil
2793 2339 2876 2384 est
2908 2328 3011 2382 nisi
3045 2327 3238 2382 blanda
3269 2342 3400 2391 vox,
3431 2341 3535 2396 qua
3569 2325 3809 2379 Isidorus

2226 2425 2390 2478 etiam
2429 2424 2484 2478 in
2523 2423 2643 2477 aliis
2679 2421 2926 2492 epistolis
2962 2421 3029 2475 ad
3069 2421 3206 2474 alios
3239 2419 3380 2474 datis
3415 2430 3808 2486 nonnunquam

2227 2533 2359 2570 usus
2390 2525 2474 2570 est
2508 2515 2616 2584 id);
2648 2515 2754 2569 hoc
2786 2513 2923 2568 adeo
2955 2513 3149 2584 probat
3181 2509 3538 2565 contrarium.
3572 2508 3812 2562 Isidorus

2227 2608 2370 2661 enim
2405 2607 2633 2676 exponit
2664 2607 2830 2660 hacce
2862 2606 2915 2660 in
2946 2605 3174 2676 epistola
3207 2618 3398 2657 causas
3429 2617 3527 2656 cur
3554 2600 3812 2655 mortales

2226 2698 2424 2754 Christi
2464 2707 2518 2753 et
2554 2698 2921 2769 apostolorum
2962 2697 3262 2751 doctrinam
3300 2695 3552 2749 lubenter
3587 2707 3812 2762 recepe-

2227 2791 2354 2854 rint,
2382 2789 2680 2859 statuitque
2701 2790 2810 2844 ‘has
2839 2787 3007 2844 fuisse
3033 2787 3124 2841 τὸν
3151 2787 3308 2864 λᾴγον
3334 2785 3629 2864 ἀξιόχρεων
3657 2784 3808 2848 ὄντα,

2223 2883 2314 2936 τόν
2344 2899 2401 2934 τε
2435 2881 2633 2954 τρόπον
2662 2880 2769 2933 τῶν
2799 2859 3198 2950 κηρυττόντωνξ
3229 2879 3392 2934 Petro
3427 2860 3668 2948 apostolo
3701 2876 3812 2932 sei-

2225 2975 2352 3030 licet
2384 2975 2501 3029 hzrc
2535 2973 2717 3026 omnia
2751 2973 3023 3043 explicare
3056 2971 3245 3026 debuit
3273 2971 3446 3040 quinti
3480 2971 3660 3026 szeculi
3697 2985 3814 3026 mo-

2223 3067 2462 3124 nachusl
2501 3065 2676 3132 Quid?
2699 3065 2844 3135 quod
2881 3065 2949 3119 de
2986 3063 3244 3134 apostolis
3283 3073 3538 3131 tanquam
3576 3061 3643 3116 de
3679 3061 3814 3116 viris

536 3163 715 3233 placet
753 3162 1057 3217 concedere
1099 3161 1411 3218 Oribasiam
1451 3163 1653 3218 Iuliani
1699 3139 1969 3222 medicum
2007 3168 2118 3239 jam

2224 3157 2538 3228 jamdudum
2579 3155 2838 3221 mortuis,
2871 3139 2996 3208 cum
3037 3153 3157 3208 illos
3189 3153 3421 3224 appellat
3457 3151 3810 3235 οξρανοπολί-

535 3263 813 3310 mortuum
859 3253 1048 3310 fuisse.
1095 3254 1251 3310 Unde
1298 3257 1516 3311 tandem
1560 3257 1914 3314 Heumannus
1957 3261 2123 3316 habet

535 3355 874 3414 compertum
906 3345 1003 3399 has
1029 3344 1220 3398 Isidori
1249 3345 1316 3399 ad
1341 3345 1648 3400 Oribasium
1675 3347 1944 3402 medicum
1971 3348 2121 3404 litte-

535 3449 625 3489 ras
649 3435 800 3490 datas
823 3449 944 3489 esse
965 3435 1033 3489 ad
1056 3433 1366 3490 Oribasium
1386 3433 1587 3489 Iuliani
1613 3436 1904 3492 medicum.
1929 3436 2122 3492 Nonne

533 3527 672 3582 alius
717 3528 910 3583 eodem
959 3526 1184 3581 nomine
1233 3526 1495 3597 praeditus
1545 3526 1828 3583 Pelusiotae
1876 3537 2122 3600 tempore

535 3619 720 3675 vivere
748 3619 966 3688 potuit?
993 3618 1152 3684 Quod
1181 3617 1226 3672 si
1254 3619 1566 3684 statuimus,
1597 3619 1902 3675 lleumanni
1933 3621 2121 3676 conci-

534 3713 616 3768 dit
654 3713 943 3769 sententia.
981 3711 1134 3767 Licet
1171 3721 1352 3766 autem
1393 3722 1654 3778 statuere,
1694 3729 1818 3769 cum
1862 3713 1963 3784 ipsi
2005 3715 2122 3784 epi-

534 3801 686 3858 stolae
714 3801 922 3855 nullum
954 3800 1086 3854 insit
1110 3800 1433 3872 vestigium,
1463 3816 1494 3857 e
1521 3818 1630 3872 quo
1659 3803 1913 3876 colligere
1942 3804 2121 3875 possi-

534 3909 658 3951 mus
685 3895 830 3949 hanc
857 3892 922 3947 ad
950 3890 1152 3947 Juliani
1182 3893 1450 3948 medicum
1480 3894 1660 3950 datam
1689 3912 1829 3952 esse.

605 3984 762 4051 Quod
807 3999 936 4041 vero
982 3982 1334 4039 Heumannus
1380 3986 1662 4042 contendit
1707 3989 1949 4058 ejusdem
1994 3991 2120 4046 libri

535 4072 818 4144 epistolam
843 4072 966 4138 59I,
990 4073 1057 4127 ad
1079 4071 1348 4128 medicum
1373 4075 1662 4144 quemdam
1691 4077 1951 4148 scriptam
1973 4093 2116 4144 esse,

535 4163 611 4218 ita
639 4172 700 4218 ut
725 4164 889 4218 etiam
917 4163 1037 4219 haec
1065 4163 1137 4219 sit
1165 4162 1553 4220 documentum
1584 4165 1901 4222 variationis
1931 4168 2119 4224 rheto-

534 4256 679 4323 ricae,
713 4271 866 4312 error
889 4266 972 4312 est
1001 4265 1096 4312 aut
1123 4255 1314 4329 ipsius,
1347 4266 1442 4312 aut
1469 4257 1816 4328 exemplaris,
1846 4275 1956 4328 quo
1986 4275 2116 4316 usus

533 4357 636 4404 est.
670 4348 732 4403 ln
769 4364 892 4404 meo
927 4349 1076 4407 enim
1112 4349 1230 4406 haec
1267 4349 1495 4421 epistola
1533 4349 1658 4408 data
1696 4358 1780 4404 est
1815 4351 1883 4406 ad
1921 4352 2118 4408 Dome-

2223 3267 2342 3315 τας,
2375 3250 2630 3319 loquatur
2659 3247 2964 3311 Pelusiota;
2995 3245 3140 3316 quod
3167 3255 3316 3300 certe
3347 3261 3455 3299 non
3488 3245 3734 3307 fecisset,
3765 3243 3809 3299 si

2223 3340 2506 3412 discipulis
2532 3339 2784 3408 exemplo
2806 3338 3098 3402 ostendere
3123 3336 3402 3398 voluisset,
3427 3352 3536 3406 quo
3563 3335 3720 3389 modo
3742 3335 3812 3389 ad

2222 3430 2444 3486 Petrum
2472 3432 2780 3502 apostolum
2811 3429 3163 3486 scribendum
3193 3439 3358 3484 esset.
3391 3428 3513 3483 Haec
3544 3429 3656 3499 ipsa
3688 3443 3815 3482 sen-

2225 3524 2368 3580 tiens
2397 3523 2752 3579 IIeumannus
2782 3523 2958 3594 pergit
2989 3523 3042 3575 in
3077 3522 3222 3576 hunc
3254 3521 3474 3576 modum
3508 3538 3522 3574 :
3561 3539 3579 3570 σ
3621 3518 3812 3587 Majori

2222 3617 2548 3688 clariorique
2581 3617 2700 3686 jure
2733 3617 2876 3670 inter
2903 3616 3117 3670 fictitias
3146 3614 3406 3684 epistolas
3434 3613 3722 3667 referimus
3751 3611 3817 3665 li-

2225 3710 2308 3765 bri
2336 3727 2369 3765 v
2405 3724 2494 3780 ep.
2513 3707 2638 3772 461,
2657 3707 2723 3762 ad
2746 3707 3028 3762 mulierem
3052 3707 3307 3775 scriptam
3331 3705 3551 3758 nomine
3565 3703 3813 3759 Theano.

2223 3801 2332 3857 Usa
2371 3801 2590 3871 quidem
2634 3801 2738 3854 hoc
2780 3789 3016 3853 nomine.
3042 3807 3126 3854 est
3165 3797 3270 3852 [ilia
3309 3797 3394 3851 vel
3441 3813 3576 3850 uxor
3612 3795 3816 3866 Pytha-

2222 3908 2384 3964 gorae.
2419 3891 2552 3957 Quae
2584 3906 2706 3946 cum
2743 3889 2911 3946 fuisse
2945 3890 3156 3961 legatur
3186 3888 3548 3959 philosophia:
3581 3887 3810 3954 cultrix,

2221 3991 2408 4037 noster
2453 3981 2692 4037 Isidorus
2741 3980 2793 4035 id
2841 3981 3082 4036 nominis
3127 3981 3270 4036 haud
3319 3981 3557 4036 absurde
3603 3979 3814 4034 affinxit

2219 4073 2435 4129 mulieri
2482 4072 2810 4128 Christianae
2855 4072 3115 4144 professae
3162 4071 3601 4142 philosophiam,
3645 4087 3811 4142 quam

2219 4169 2563 4235 exhortatur,
2595 4175 2656 4222 ut
2689 4181 2802 4222 sua!
2835 4165 3195 4236 professionis
3229 4181 3458 4232 memor,
3490 4181 3560 4219 ne
3592 4165 3812 4220 studeat

2219 4263 2434 4333 placere
2469 4261 2622 4316 viris.
2663 4278 2683 4314 ι
2725 4259 2786 4314 1η
2829 4259 2912 4314 his
2954 4260 3122 4314 multa
3162 4269 3292 4314 sunt
3324 4259 3700 4326 vituperanda.
3736 4287 3810 4299 -

2218 4354 2460 4410 Primum
2485 4355 2642 4409 enim
2683 4353 2876 4423 probet
2913 4350 3266 4406 Henmannus
3299 4365 3523 4404 necesse
3559 4359 3674 4418 est,
3705 4349 3807 4404 Isi-

535 4441 698 4496 stium
715 4438 785 4511 (ὁ)
819 4441 1112 4507 medicum,
1145 4457 1322 4512 neque
1353 4441 1408 4495 in
1439 4439 1789 4497 Rittershusii
1819 4444 1980 4510 notis,
2013 4460 2117 4500 nec
2149 4484 2194 4540 Β
2221 4448 2414 4503 dorum
2468 4446 2522 4500 id
2571 4445 2808 4500 nominis
2859 4443 3120 4513 aﬁinxisse
3175 4441 3388 4496 mulieri
3438 4439 3804 4494 Christianam

533 4531 588 4585 in
636 4531 780 4586 Petri
824 4529 1035 4588 Possini
1061 4532 1455 4589 Collationibus
1480 4533 1586 4586 ulla
1635 4541 1820 4588 notata
1855 4547 1959 4602 est,
1996 4552 2118 4606 quae
2149 4529 2189 4540 ”
2222 4536 2483 4610 professa:
2521 4535 2944 4608 philosophiam.
2985 4533 3136 4590 Unde
3170 4534 3316 4588 enim
3355 4533 3517 4588 habet
3553 4547 3803 4602 comper-

533 4621 838 4678 Heumanni
867 4623 1193 4680 sententiam
1219 4626 1479 4691 firmaret,
1497 4627 1779 4698 scripturae
1807 4626 2114 4685 diversitas.

603 4714 736 4780 Quae
775 4731 905 4770 vero
947 4717 1016 4772 de
1058 4718 1288 4787 epistola
1329 4720 1397 4774 ad
1436 4718 1744 4774 Oribasium
1786 4719 1947 4788 paulo
1989 4729 2118 4778 ante

533 4807 768 4863 diximus
795 4808 901 4863 dici
931 4809 1096 4864 etiam
1130 4818 1359 4878 possunt
1391 4809 1458 4864 de
1487 4811 1716 4879 epistola
1744 4809 1866 4865 libri
1901 4827 1946 4878 ι,
1983 4811 2112 4880 I08,

532 4897 602 4952 ad
633 4897 990 4954 Promresium
1022 4899 1344 4968 SOphistam,
1373 4897 1605 4953 Oribasii
1638 4901 1920 4968 a-qualem.

601 4985 786 5058 Neque
811 4988 1120 5053 manifesto,
1149 4989 1224 5042 uti
1251 4989 1507 5058 Opinatur
1530 4989 1908 5056 Iicumannus,
1936 4991 2113 5050 ﬁctio-

533 5093 656 5133 nem
711 5079 1090 5134 scholasticam
1127 5079 1308 5150 prodit
1341 5079 1462 5133 libri
1495 5096 1528 5133 v
1561 5080 1788 5149 epistola
1825 5083 1944 5149 I86,
1981 5085 2114 5140 scri-

602 5253 680 5325 (a)
710 5249 1134 5325 Il_eu_ma_nnus_l.
1166 5264 1216 5305 c.
1247 5248 1302 5325 5.
1334 5248 1426 5316 XI,
1458 5267 1514 5325 p_.
1558 5251 1645 5316 I7,
1680 5250 1767 5307 18.

601 5321 674 5394 (ὂ)
725 5321 861 5394 God.
897 5321 1024 5394 Dav.
1047 5322 1333 5394 ΔΔομιετίῳς
1358 5323 1504 5392 quod
1528 5331 1757 5378 notante
1781 5322 1946 5379 Petro
1983 5322 2114 5380 Pos-

532 5390 652 5448 sino
681 5401 736 5445 et
769 5391 821 5444 in
848 5391 949 5445 cod
1001 5390 1106 5444 Alt.
1143 5390 1338 5446 exstat.

608 5465 675 5532 (c)
707 5461 914 5532 Graeca,
954 5476 1090 5532 iquge
1130 5461 1243 5532 huc,
1281 5471 1531 5532 spectant
1572 5464 1756 5531 verba,
1789 5464 1907 5519 hinc
1937 5473 2066 5518 sunt
2097 5481 2110 5518 :

546 5530 764 5605 Ἐπειδὴ
791 5531 849 5583 δὲ
881 5531 976 5605 ita.)
1005 5530 1102 5602 τὴν
1149 5530 1555 5605 Δὲμὴνᾎιιδιοῆσαλ
1583 5530 1834 5605 finem:
1865 5535 1974 5587 δεῖν
2001 5534 2114 5605 ᾠή-

533 5601 655 5675 ρης,
686 5601 778 5675 ιῖρς⁸
801 5601 1012 5675 μεγάλα
1051 5601 1173 5655 τινὰ
1204 5601 1362 5674 (ὅπερ
1415 5605 1514 5658 οὐκ
1559 5601 1738 5675 οἶμαι)
1783 5601 2110 5675 ἁνύσουσὰὐ,

533 5618 655 5672 ang,
686 5618 762 5664 ως
787 5618 1012 5723 gae-{am
1051 5618 1173 5655 τινα
1204 5618 1362 5674 (οπερ
1415 5618 1514 5658 ουκ
1559 5618 1738 5675 οιμαι)
1783 5621 2037 5657 ανυσουσε

533 5670 621 5725 ἵνα
653 5671 895 5744 μήᾉδᾼξῳ
924 5675 1220 5744 σεῗλυπείν,
1255 5675 1347 5726 καὶ
1379 5675 1513 5744 πρὸς
1531 5675 1730 5738 αὐτοὺς
1763 5674 2037 5744 γέγραφα.

605 5743 694 5869 (άέ,
715 5741 850 5797 Nolo
879 5741 1064 5797 laudes
1095 5741 1527 5828 commemorare
1557 5741 2108 5869 quibusolnatlsido-

605 5828 632 5869 s
684 5815 756 5869 ib-
788 5829 847 5869 ιι.
869 5827 956 5869 en.
989 5812 1108 5869 I5I.
1143 5813 1530 5869 Theonhilum.
1607 5813 1831 5869 imothet
1861 5816 2108 5869 fratrem.

532 5812 632 5870 rus
660 5812 756 5871 lib.
788 5829 847 5880 Il,
869 5827 956 5884 ep.
989 5812 1108 5880 I5I,
1143 5813 1530 5885 Theophilum,
1559 5812 1831 5870 Timothei
1861 5816 2110 5884 fratrem,

2220 4639 2370 4696 tum,
2402 4628 2689 4684 Pelusiotae
2723 4633 2969 4696 tempore
3003 4626 3285 4680 mulierem
3324 4625 3424 4677 hoc
3458 4622 3677 4676 nomine
3711 4637 3802 4676 or-

2220 4732 2402 4777 natam
2438 4735 2546 4774 non
2580 4718 2821 4773 vixisse?
2854 4747 2922 4760 -—
2958 4717 3164 4770 Deinde
3201 4714 3276 4767 illi
3317 4714 3802 4768 demonstramlnrn

2220 4819 2338 4868 erat
2364 4811 2448 4866 his
2473 4811 2527 4865 in
2553 4809 2752 4864 litteris
2777 4807 2843 4862 de
2870 4806 3101 4860 muliere
3122 4807 3203 4876 agi
3233 4805 3569 4877 philosopha,
3600 4807 3652 4860 in
3680 4807 3804 4875 qui-

2219 4905 2322 4960 bus
2351 4918 2421 4956 ne
2450 4915 2618 4955 unum
2649 4909 2730 4955 est
2761 4899 2922 4966 hujus
2951 4897 3029 4951 rei
3055 4897 3362 4968 vestigium.
3387 4929 3451 4939 —-
3480 4899 3718 4966 Denique
3751 4897 3804 4951 id

2221 4993 2460 5049 nominis
2501 4992 2643 5046 haud
2685 4989 2918 5043 absurde
2955 4989 3168 5043 mulieri
3207 4989 3530 5044 Christiana:
3569 4990 3803 5044 aliicturn

2225 5099 2344 5140 esse
2388 5081 2604 5139 ostendi
2643 5089 2875 5151 oportet.
2914 5080 3055 5147 Quid
3093 5081 3281 5136 enim?
3319 5081 3630 5153 Pythagora:
3673 5095 3808 5134 uxor

2221 5255 2526 5326 quibusque
2556 5251 2803 5326 fratrem,
2827 5253 3131 5326 quibusque
3157 5253 3524 5309 Theodosium
3555 5255 3801 5310 cumulat

2222 5323 2535 5394 episcopum
2555 5325 2648 5394 lib.
2675 5340 2736 5386 ll,
2763 5323 2968 5394 ep.23l
2994 5342 3008 5389 ;
3034 5323 3160 5394 nolo
3183 5340 3371 5394 eoru_m
3405 5326 3644 5385 nomina,
3665 5341 3805 5394 quos

2220 5387 2437 5450 vocavit
2467 5395 2556 5449 ille
2589 5389 2635 5448 ὦ
2663 5387 2983 5465 φιλοᾶοφίᾳς
2996 5387 3012 5465 ί
3028 5393 3270 5462 ἄγαλμα,
3302 5387 3348 5446 ὦ
3370 5387 3802 5464 φρονήσεωξτέ-

2221 5483 2382 5536 μενος
2425 5464 2794 5527 enumerare;
2837 5464 2971 5520 satis
3003 5464 3179 5536 habeo
3230 5466 3555 5536 sententiam
3617 5465 3802 5536 paucis

2259 5536 2537 5590 robavisse
2560 5536 2846 5605 exemplis.
2891 5535 3092 5606 βαι-ψει
3131 5543 3315 5606 autem
3345 5535 3806 5606 Isidorusyyrillo

2259 5551 2537 5590 ronavrsse
2560 5551 2846 5605 exemptis.
2891 5551 3092 5588 acrum
3131 5551 3315 5588 amem
3345 5551 3583 5592 Isnlorus
3604 5551 3804 5590 Lvruto

2217 5551 2311 5660 iib.
2348 5623 2408 5666 ll,
2449 5621 2538 5675 ep.
2595 5606 2718 5671 I27,
2753 5635 2819 5645 —
2855 5604 2956 5675 τῆς
2989 5603 3088 5673 σῆς
3121 5604 3298 5675 τοίνμν
3343 5605 3511 5665 ἐστὶν.
3587 5595 3804 5675 (initiae

2217 5673 2662 5754 καλέσῃς-’ἀξίως
2707 5673 3036 5754 “passiam;
3107 5673 3487 5754 μςγαᾉονοίριςς
3540 5674 3806 5754 quando-

2215 5747 2415 5827 quendi
2445 5746 2680 5827 formula
2708 5743 3031 5827 rec'urr'it‘in
3076 5743 3309 5827 epistola
3347 5746 3414 5800 ad
3453 5743 3803 5827 AJnmonium

2215 5814 2310 5871 Iib.
2346 5832 2404 5883 η,
2443 5833 2532 5888 ep.
2567 5817 2692 5884 I66,
2710 5826 2766 5872 et
2790 5814 3088 5870 Palladium
3115 5814 3207 5870 lib.
3245 5829 3326 5882 Ill,
3359 5831 3446 5887 cp.
3479 5815 3566 5874 75.
