4118 6412
499 367 579 433 45

505 571 579 627 de
608 587 722 642 qua
759 575 815 629 in
851 577 939 634 his
972 581 1155 652 agitur
1185 585 1408 657 litteris,
1444 591 1523 646 uti
1551 571 1664 664 jam
1696 598 1960 668 diximus,
1992 571 2104 660 non

501 675 758 731 constat;
799 668 906 724 l'uit
945 673 1121 741 patris
1161 677 1516 750 philosophiae
1559 686 1740 746 dedita
1774 693 1858 746 vel
1893 695 2103 764 mariti;

505 753 702 810 Isidori

501 939 950 1001 similitudinem.
998 945 1180 1013 Quare
1229 953 1464 1011 absurde
1511 939 1735 1032 egisset.
1762 939 2005 1026 Isidorus
2053 973 2100 1027 si

499 1027 772 1088 Theanus
815 1035 1040 1093 nomine
1083 1053 1337 1100 ornasset
1381 1027 1666 1107 mulierem
1711 1054 2096 1118 Christianam.

495 1119 698 1192 Neque
729 1125 836 1180 hoc
866 1126 1022 1192 fecit,
1055 1132 1151 1186 sed
1182 1134 1332 1190 misit
1360 1138 1502 1196 hanc
1529 1145 1812 1212 epistolam
1841 1150 2096 1223 Theano,

499 1210 625 1264 viro
657 1213 906 1282 cuidam;
935 1219 1084 1288 quod
1116 1236 1183 1276 ex
1217 1223 1335 1294 ipsa
1369 1210 1756 1304 inscriptione,
1789 1240 2004 1314 Θεανιῖη

495 1301 558 1356 in
607 1305 872 1362 omnibus
917 1307 1071 1365 libris
1120 1320 1510 1390 manuscriptis
1544 1301 1840 1400 hucusque
1886 1301 2096 1394 collatis

489 1400 706 1456 exstat,
728 1395 911 1468 colligi
938 1413 1098 1467 posse
1123 1403 1378 1462 arbitror.
1407 1409 1620 1469 Etenim
1646 1419 1692 1472 si
1717 1395 1784 1474 ad
1811 1424 2092 1483 mulierem

491 1487 628 1541 data
657 1477 828 1556 esset,
857 1494 1210 1553 scribendum
1240 1499 1434 1560 fuisset
1461 1506 1686 1578 Θεανοῖ;
1715 1517 1857 1584 quod
1889 1477 2093 1592 eripi;

490 1575 861 1636 lleumanuus
910 1587 1194 1655 sentiens,
1251 1594 1664 1665 inscriptionem
1717 1609 2090 1680 corrigondam

485 1682 618 1722 esse
649 1679 878 1737 censet,
908 1690 1242 1750 causamque
1273 1683 1434 1754 hujus
1460 1694 1814 1752 correctionis
1842 1679 2089 1769 quaeren-

489 1757 647 1814 tibus
675 1763 983 1828 nobis,Res
1013 1771 1150 1838 ipsa,
1185 1776 1478 1844 respondet
1506 1780 1616 1846 ille,
1648 1757 1876 1854 clamat:
1895 1757 2086 1850 mulie-

486 1848 650 1906 brem
685 1867 942 1913 ornatum
981 1871 1108 1916 nota
1145 1863 1288 1920 allici
1326 1872 1596 1928 censoria.
1632 1874 1763 1941 Quae
1797 1884 1989 1950 verba,
2024 1889 2081 1942 ni
2121 1861 2158 1914 Β

463 1941 674 2008 ’i'allor,
721 1946 940 2004 initium
991 1953 1156 2024 hujus
1205 1961 1449 2028 epistola:
1493 1979 1763 2036 spectant,
1805 1979 1949 2045 quod
1978 1941 2081 2037 'his

485 2033 678 2088 verbis
713 2037 1029 2096 continetur
1063 2061 1076 2096 :
1115 2047 1180 2100 Ἡ
1216 2033 1540 2122 φιλοκοσμίά
1575 2059 1670 2112 καὶ
1705 2033 1885 2133 quin;
1917 2033 2080 2124 litim;

483 2122 650 2194 aven.
679 2127 776 2181 καὶ
807 2129 901 2184 τοῦ
929 2135 1133 2204 χρυσοῦ
1161 2140 1194 2208 ἡ
1227 2141 1362 2212 πρὸς
1388 2145 1610 2212 τούτους
1636 2122 1955 2224 ἀνάκρασις,
1982 2122 2079 2215 atat

485 2213 766 2287 πλοκαμοὶ
795 2220 1016 2285 ἑλικτοὶ,
1049 2229 1142 2282 καὶ
1167 2231 1457 2305 ὀφθαλμῶν
1479 2213 1815 2312 ὕπογραφαί,
1837 2213 1929 2302 καί

477 2303 614 2372 λους
650 2313 946 2382 σοφισμὸς.
981 2319 1077 2371 καὶ
1108 2321 1166 2374 αἱ
1200 2303 1353 2393 mpii
1377 2328 1550 2384 ταῦτα
1592 2303 1964 2407 traxe-trepidi,
1999 2339 2076 2397 ὦν

481 2411 576 2460 σε,
610 2413 667 2450 κ.
699 2415 752 2451 τ.
782 2399 834 2453 λ.
865 2401 997 2468 Quae
1027 2423 1156 2464 vero
1190 2413 1372 2470 omnia
1404 2432 1558 2488 atque
1589 2424 1722 2479 viris
1753 2429 1845 2496 qui
1877 2433 2074 2490 mulie-

479 2483 661 2552 ribus,
687 2503 754 2542 ac
783 2491 1108 2552 mulieribus
1133 2514 1254 2568 quae
1279 2504 1408 2560 viris
1435 2483 1656 2568 student
1681 2483 1915 2584 placere,
1941 2537 2074 2576 con-

475 2577 734 2632 veniunt.
767 2579 962 2638 Nonne
995 2587 1151 2642 multi
1183 2595 1355 2648 nostri
1387 2598 1488 2652 aevi
1521 2601 1895 2662 adolescentes
1920 2626 2073 2680 gem-

473 2666 588 2722 mis
632 2685 760 2726 sese
805 2679 1114 2736 exornant?
1153 2698 1339 2742 nonne
1375 2704 1617 2759 gemmas
1661 2711 1794 2752 auro
1833 2699 2069 2760 inclusas

471 2759 763 2828 gestiunt?
799 2780 984 2822 nonne
1027 2771 1398 2834 calamistrum
1441 2782 1732 2852 adhibent,
1776 2793 2066 2864 multisque

471 2850 620 2917 aliis,
647 2868 774 2922 qua:
801 2855 1166 2919 instrumenta
1193 2865 1417 2925 luxuriae
1441 2881 1590 2938 sunt,
1617 2850 2066 2949 utuntueruare

471 2944 735 3012 equidem
763 2963 874 3003 non
901 2951 1061 3007 video
1087 2970 1187 3012 cur
1212 2957 1532 3019 Heumanno
1559 2967 1876 3026 muliebrem
1903 2989 2065 3032 orna-

469 3039 592 3087 tum
618 3044 751 3091 nota
774 3037 912 3095 allici
937 3045 1185 3102 censoria
1209 3053 1507 3110 concedere
1527 3057 1842 3116 debeamus.
1863 3095 1932 3105 —
1955 3065 2062 3122 Sed

469 3121 561 3178 his
607 3143 832 3198 quoque
873 3137 1152 3191 concessis
1191 3149 1376 3196 nostra
1415 3160 1504 3200 res
1543 3149 1692 3204 salva
1729 3153 1862 3219 erit,
1899 3156 2060 3212 dum-

1629 396 1727 460 DE
1765 399 2104 463 SCRIPTIS
2141 403 2434 468 ISIDORI
2465 409 2722 471 PELUS.

500 479 594 538 vel
627 481 743 538 ﬁlia
777 483 1008 543 Theano
1042 487 1147 546 fuit
1181 493 1534 568 philosopha;
1571 507 1716 574 quod
1748 507 1816 563 de
1850 511 2107 579 muliere,
2137 518 2186 575 Α
2211 515 2376 576 vitam
2415 520 2716 577 concedere
2759 522 3016 592 placeret,
3054 542 3119 582 ex
3163 529 3265 587 hac

742 759 974 818 Theano
1005 763 1210 822 Christi
1247 771 1528 841 doctrina,
1568 795 1691 850 qua:
1723 783 1942 856 deeius
1975 759 2104 844 seu;
2203 759 2378 846 ίηὶηεε
2421 791 2560 859 illos.

507 850 682 902 tentia
717 851 925 908 nullam
959 865 1113 911 certe
1148 859 1341 920 habuit
1374 879 1496 920 cum
1530 850 1870 944 Pythagorae—
1889 877 2104 948 placitis

3713 430 3786 498 46

3307 549 3364 589 re
3405 537 3634 608 nullum,
3675 558 3782 616 quo

2205 608 2530 669 sententiam
2565 625 2720 666 suam
2755 613 3022 682 ﬁrmaret,
3057 631 3432 691 argumentum
3468 641 3652 698 posset
3677 608 3780 688 de-

2203 711 2474 766 promere.
2501 701 2637 757 Nam
2666 719 2789 760 cum
2820 721 2878 762 se
2908 709 3130 766 credere
3158 729 3267 769 non
3300 731 3458 786 posse
3487 720 3648 784 dicat,
3679 725 3778 780 ho-

2605 811 2742 864 quos
2783 805 2892 853 tam
2938 803 3070 868 acri,
3118 804 3228 860 imo
3271 811 3536 877 petulanti
3579 817 3776 886 saepius

2199 894 2428 938 censura
2453 887 2728 943 vexaverit
2749 887 3004 958 lsidorus,
3030 895 3082 950 id
3105 899 3354 956 omisisse
3379 902 3632 972 inultum,
3657 925 3776 964 rur-

2198 983 2292 1024 sus
2325 970 2381 1026 in
2415 988 2655 1030 errorem
2687 976 2896 1035 incidit.
2927 980 3198 1054 Cogitanti
3234 989 3378 1044 enim
3415 992 3542 1048 mihi
3576 970 3644 1050 de
3674 1013 3772 1051 au-

2196 1062 2470 1129 ctoritate,
2493 1081 2655 1136 quam
2680 1078 2812 1126 tunc
2835 1075 3097 1144 temp0ris
3118 1069 3367 1136 mona’chi
3390 1094 3540 1140 erant
3565 1088 3768 1158 adepti,

2195 1160 2252 1206 et
2283 1157 2546 1212 memoria
2578 1161 2900 1228 seditiones,
2933 1181 3068 1234 quas
3095 1183 3219 1222 cum
3251 1173 3434 1226 multis
3463 1175 3518 1231 in
3547 1181 3770 1246 provin-

2194 1237 2293 1294 ciis
2324 1249 2441 1296 tum
2474 1245 2740 1316 imprimis
2773 1250 2830 1304 in
2853 1251 3087 1324 Egypto
3120 1256 3336 1314 illorum
3366 1237 3639 1320 exercitus
3671 1283 3768 1322 ex-

2192 1329 2388 1388 citasse
2413 1335 2671 1394 dicuntur
2693 1340 2767 1412 (ὁ)
2797 1347 3084 1414 repetenti,
3113 1348 3165 1402 id
3187 1359 3336 1406 certe
3362 1352 3476 1408 ﬁeri
3502 1359 3764 1426 potuisse,

2191 1421 2377 1479 videre
2406 1425 2536 1480 mihi
2565 1430 2783 1487 videor.
2801 1433 2919 1490 Huc
2945 1439 3157 1494 accedit
3183 1443 3324 1510 quod
3355 1421 3615 1512 Isidorus,
3647 1421 3766 1508 mo;

2190 1514 2410 1568 nasterii
2442 1517 2524 1570 sui
2555 1519 2752 1584 abbas,
2782 1523 2864 1578 vir
2891 1524 3056 1582 fuerit
3086 1544 3296 1586 morum
3327 1533 3638 1608 integritate
3665 1543 3763 1596 do-

2190 1604 2488 1676 ctrina‘que
2525 1611 2679 1680 copia
2716 1613 2980 1686 insignis,
3015 1628 3177 1690 atque
3209 1604 3531 1684 auctoritate
3563 1634 3760 1702 gravis.

2188 1693 2368 1760 Quare
2398 1714 2498 1754 nos
2529 1717 2719 1760 omnes
2752 1721 2847 1761 eas
2879 1709 3155 1778 epistolas,
3188 1729 3308 1784 quae
3341 1718 3410 1773 ab
3444 1719 3762 1780 Heumanno

2189 1799 2474 1858 propterea
2505 1796 2648 1863 quod
2679 1798 2746 1852 ad
2779 1799 2954 1863 viros,
2989 1811 3046 1856 ut
3079 1805 3252 1876 ipsius
3281 1819 3404 1866 utar
3433 1814 3643 1880 verbis,
3675 1820 3758 1874 vel

2187 1877 2327 1932 civili
2357 1883 2439 1936 vel
2465 1885 2828 1943 ecclesiastica
2855 1891 3114 1962 dignitate
3138 1899 3443 1958 eminentes
3463 1905 3603 1960 datas
3627 1909 3756 1974 sint,

2186 1981 2285 2034 pro
2311 1967 2513 2027 ﬁctitiis
2539 1988 2914 2043 numerantur,
2943 1984 3096 2048 viris,
3119 1987 3184 2041 ad
3211 2005 3348 2060 quos
3370 1994 3585 2065 script?
3608 2009 3754 2066 sunt,

2185 2073 2373 2114 revera
2405 2063 2598 2120 missas
2626 2083 2746 2123 esse
2777 2073 3084 2130 Statuimus.

2253 2147 2358 2203 Sed
2400 2153 2734 2210 redeundum
2773 2159 2931 2213 nobis
2973 2172 3057 2217 est
3093 2165 3159 2218 ad
3201 2168 3454 2237 epistolas
3493 2189 3626 2242 quas
3666 2177 3754 2234 ille

2182 2233 2470 2302 appellavit
2501 2237 2816 2308 invectivas,
2847 2261 3088 2318 quasque
3119 2233 3406 2312 exercendi
3435 2233 3554 2332 styli
3583 2267 3751 2334 gratia

2182 2332 2428 2378 exaratas
2460 2325 2629 2384 fuisse
2666 2345 2730 2386 ex
2765 2334 2944 2406 aliqua
2981 2340 3048 2394 ad
3085 2339 3414 2413 Harpocram
3452 2325 3748 2422 sophistam

2179 2413 2408 2482 epistola
2448 2419 2516 2485 (ε)
2555 2433 2784 2477 conatur
2818 2429 3070 2496 probare.
3111 2451 3130 2483 ι
3174 2433 3310 2492 iluic
3346 2413 3530 2503 enim;
3553 2447 3746 2517 inquit,

2178 2503 2269 2572 qui
2305 2507 2522 2563 satiram
2557 2511 2657 2580 ipsi
2693 2515 2914 2572 miserat
2947 2521 3002 2574 in
3035 2522 3433 2602 Martinianum,
3473 2533 3748 2596 Zosimum

2177 2601 2232 2646 et
2261 2595 2630 2662 Eustathium.
2662 2607 2939 2676 rescribit,
2971 2625 3088 2666 eam
3121 2629 3180 2669 se
3207 2599 3425 2676 ad'illos
3455 2624 3744 2688 missurum

2176 2681 2320 2738 haud
2348 2701 2488 2742 esse.
2514 2688 2649 2748 Cum
2679 2695 2824 2750 enim
2855 2699 3106 2756 dicantur
3132 2706 3187 2759 hi
3217 2707 3312 2762 viri
3345 2725 3465 2766 esse
3496 2711 3747 2787 implaca-

2171 2770 2308 2826 biles
2337 2775 2556 2843 bestize,
2586 2795 2644 2835 se
2673 2799 2782 2838 non
2813 2787 3163 2860 effecturum,
3197 2805 3257 2850 ut
3285 2799 3354 2854 ab
3381 2801 3504 2856 aliis
3537 2770 3744 2879 ll'arpo-

2171 2878 2292 2919 cras
2323 2868 2476 2936 quasi
2509 2870 2653 2926 bello
2681 2877 2914 2944 quodam
2945 2892 3176 2951 petatur.
3204 2887 3324 2944 Jam
3355 2898 3496 2962 quod
3529 2868 3741 2970 Harpo-

2171 2969 2276 3010 craa
2303 2959 2548 3016 accidere
2577 2965 2752 3021 noluit
2784 2967 3046 3042 Isidorus,
3079 2977 3224 3034 idem
3253 2997 3356 3038 nec
3385 2985 3490 3041 sibi
3521 2993 3742 3050 evenire

2168 3047 2406 3104 voluisse
2434 3057 2740 3114 credendus
2769 3069 2870 3116 est.
2909 3081 2930 3114 ι

2262 3201 2279 3204 _
2654 3201 2724 3204 ,,,-
2781 3201 2790 3205 -
2810 3201 2932 3208 η---
2983 3201 3046 3211 νυ
3100 3201 3307 3217 ,ωηυιι-
3359 3201 3586 3226 ιυιιονιιυ
3633 3201 3738 3232 nuc

465 3216 640 3270 modo
667 3227 979 3278 sumamus
997 3265 1012 3287 ν
1061 3228 1346 3288 mulierem
1393 3201 1758 3296 οὴτίειίέέιληξ
1805 3201 2060 3304 Tinam,
2087 3201 2130 3258 (ἶ
2164 3232 2478 3302 transcripsi
2503 3239 2703 3304 omnia,
2729 3249 2788 3296 ut
2806 3247 3052 3316 exemplo
3073 3253 3381 3323 probarem,
3404 3260 3579 3318 virum
3600 3266 3738 3322 alio-

463 3309 702 3365 nomine
733 3323 983 3370 ornatam
1014 3318 1206 3376 lsidori
1239 3328 1574 3396 temporibus
1599 3333 1817 3391 vixisse.

537 3398 892 3474 Quapropter
917 3423 1095 3478 neque
1124 3413 1298 3470 altero
1327 3417 1429 3472 hoc
1457 3435 1798 3493 argumento,
1828 3429 1915 3484 cui
1947 3439 2058 3490 tam

461 3493 703 3548 multum
747 3499 940 3553 tribuit
974 3499 1361 3571 lleumanuus,
1397 3513 1529 3568 satis
1563 3513 1800 3574 ﬁrmavit
1833 3531 2057 3578 senten-

457 3579 596 3634 tiam
627 3599 806 3642 suam.
835 3587 1044 3655 Quibus
1067 3597 1331 3666 expositis
1356 3601 1514 3657 nobis
1541 3604 1608 3659 ad
1636 3608 1893 3674 tertium,’
1911 3614 2055 3682 quod

457 3675 718 3740 protulit,
739 3681 972 3737 transire
992 3683 1136 3740 licet.
1162 3707 1182 3739 ε
1204 3685 1622 3762 Conﬁrmamus,
1644 3697 1822 3768 inquit
1843 3675 2050 3775 ille-(a),

451 3765 799 3820 sententiam
831 3780 1074 3828 nostram
1103 3779 1264 3834 tertio
1291 3794 1644 3854 argumento,
1676 3765 1818 3862 quod
1850 3765 2052 3868 suppe-

454 3850 646 3907 ditant
691 3857 852 3912 nobis
893 3861 1139 3930 epistola:
1188 3850 1574 3944 hujus'operis
1620 3850 2048 3942 contumeliosa.

449 3940 562 4010 Qui
609 3943 764 4002 eni’m
815 3953 1088 4020 possimus
1135 3963 1379 4028 credere,
1428 3967 1678 4028 homines
1726 3975 1865 4040 illos,
1913 3993 2050 4048 quos

449 4043 568 4089 tam
603 4037 741 4103 acri,
775 4040 884 4098 imo
915 4047 1182 4114 petulanti
1215 4053 1412 4122 saepius
1443 4072 1676 4116 censura
1705 4067 1920 4122 vexavit
1952 4069 2050 4126 lsi-

447 4125 657 4194 dorus,
693 4132 944 4190 omisisse
977 4137 1031 4192 id
1065 4139 1340 4199 inultum?
1369 4146 1526 4213 Quod
1544 4151 1589 4206 si
1622 4169 1753 4211 vero
1772 4160 1958 4216 multis
1989 4161 2046 4216 in

443 4219 615 4272 malis
645 4236 772 4276 eum
803 4225 1122 4296 multarunt,
1150 4233 1264 4302 qui,
1292 4251 1504 4306 quaeso,-
1527 4240 1727 4298 l'actum
1757 4257 1856 4320 est,
1886 4260 1946 4305 ut
1974 4269 2044 4310 ne

443 4306 733 4366 levissima
763 4315 982 4382 quidem
1015 4331 1266 4378 occurrat
1297 4326 1460 4398 hujus
1493 4333 1569 4386 rei
1605 4337 1842 4392 mentio?
1870 4359 1888 4390 ι
1912 4340 2044 4408 Quae

446 4400 618 4453 verba
647 4405 924 4470 quomodo
953 4406 1306 4470 lleumanuus
1333 4415 1573 4496 scribere
1601 4427 1856 4493 potuerit,
1887 4431 2042 4500 equi-

439 4490 572 4544 dem
611 4492 916 4565 intelligere
950 4514 1175 4568 prorsus
1207 4520 1317 4560 non
1351 4493 1596 4578 poSsum.
1626 4513 1835 4571 Etenim
1869 4535 1934 4573 ex
1969 4521 2037 4574 il-

438 4581 532 4645 lis,
577 4597 718 4652 quas
768 4595 921 4654 parte
967 4589 1140 4657 prima
1185 4596 1486 4665 attulimus,
1536 4601 1723 4658 isidori
1769 4606 2032 4678 epistolis,

441 4667 596 4729 hunc
641 4675 713 4729 ab
755 4676 1091 4745 hominibus,
1131 4683 1186 4738 in
1225 4701 1457 4755 quorum
1499 4707 1678 4748 mores
1719 4667 1916 4753 acriter
1949 4701 2036 4756 in-

436 4777 640 4819 wctus
673 4776 788 4830 est,
821 4772 1155 4835 exagitatum
1189 4793 1311 4834 esse
1345 4792 1556 4850 peierat
1590 4801 1946 4858 cognoscere,
1983 4795 2030 4850 si

429 4852 707 4910 Chatardi
745 4859 1029 4928 epistolam
1058 4865 1126 4918 ad
1157 4865 1522 4928 Godofrrdum
1560 4852 1774 4934 Billium
1809 4852 2031 4942 nuntie—

425 4955 613 5014 εει-δι.
657 4946 710 5000 in
757 4964 864 5018 qua
909 4952 1002 5006 ille
1043 4951 1370 5016 Pelusiotam
1413 4967 1736 5024 acerrimum
1777 4972 2028 5031 vitiorum

429 5035 830 5094 insectatorem
874 5041 930 5096 in
972 5047 1264 5104 multorum
1309 5051 1605 5113 incurrisse
1642 5060 1847 5128 odium,
1883 5066 2028 5120 mul-

423 5136 631 5197 tasque
688 5131 740 5185 ei
793 5141 1031 5192 structas
1083 5153 1206 5195 esse.
1260 5142 1488 5202 insidias
1537 5150 1620 5204 vel
1673 5167 1783 5219 uno
1833 5156 2028 5224 probat

417 5217 706 5288 exemplo.

499 5307 611 5366 Sed
641 5312 860 5369 etiamsi
889 5313 1216 5376 Heumanno
1243 5323 1508 5382 lsidorum
1537 5330 1776 5399 quietam
1807 5333 2019 5406 degisse

493 5465 575 5551 te)
601 5466 926 5551 Famam}.-
962 5473 1083 5551 '.-_.c-
1116 5475 1162 5548 θ.
1195 5476 1310 5551 xu.
1345 5497 1401 5551 ρ.
1436 5483 1752 5550 18.19.20.

512 5537 570 5607 ι)
601 5535 922 5594 Schrmkhii
957 5535 1264 5602 unctui.
1291 5535 1428 5606 ioin.
1467 5535 1636 5621 X'vii,’
1655 5535 1862 5626 5:325.

487 5541 568 5684 ξε)
609 5606 829 5684 Laius,
869 5625 958 5684 ep.
997 5614 1087 5670 52.
1364 5683 1383 5684 η
1771 5664 1786 5684 .

488 5613 568 5732 (?
613 5613 738 5662 Lib.
773 5625 829 5675 v,
869 5625 958 5680 ep.
997 5614 1087 5670 δι’..
1745 5613 1786 5684 ⁷.

488 5673 961 5770 tiﬁﬁeﬁe
991 5684 1316 5770 παεαεενεσξς
1353 5683 1443 5770 ᾖεν
1482 5691 1704 5770 ξπεμψα
1735 5699 1840 5770 εν·
1895 5701 2017 5754 επεὶ

407 5747 466 5801 ἃ
495 5745 867 5818 θρῆνόςὶστιί
887 5745 1206 5824 μόνοείδὴς,
1229 5745 1330 5812 otii:
1361 5745 2014 5837 textuﬁﬁéoaﬁii

2161 3323 2252 3389 qui
2285 3327 2605 3393 prudentem
2636 3341 2692 3388 et
2720 3335 2939 3392 doctum
2971 3343 3332 3414 praejudicata,
3363 3368 3524 3420 quam
3554 3361 3736 3417 animo

2159 3417 2432 3486 concepit,
2476 3422 2733 3492 opinione
2780 3428 2833 3481 in
2879 3431 3058 3487 varios
3105 3437 3220 3505 rapi
3268 3455 3428 3508 posse
3477 3453 3730 3520 errores;

2159 3505 2296 3561 adeo
2329 3516 2386 3562 ut
2419 3526 2538 3580 quae
2573 3515 2674 3582 ipsi
2705 3522 2976 3576 contraria
3007 3535 3165 3592 sunt,
3197 3505 3297 3584 sibi
3329 3532 3510 3592 favere
3539 3505 3732 3610 opine:

2159 3604 2264 3652 tur.
2298 3599 2356 3654 id
2399 3601 2720 3662 Heumanno
2757 3610 2845 3664 his
2879 3613 2944 3667 ad
2985 3614 3308 3688 Harpocram
3344 3625 3538 3685 litteris
3573 3599 3731 3694 suam

2156 3690 2452 3757 probatura
2474 3699 2797 3754 sententiam
2821 3705 3088 3767 accidisse
3107 3713 3358 3772 acbitror.
3385 3719 3458 3776 Ex
3482 3721 3564 3778 his
3584 3728 3731 3786 enim

2153 3794 2373 3854 apparet
2410 3785 2708 3860 lsidorum,
2746 3797 3097 3868 scriptionem
3136 3807 3238 3864 sibi
3273 3812 3343 3866 ab
3378 3813 3468 3868 illo
3505 3820 3726 3879 missam

2154 3873 2503 3946 Martiniano,
2553 3883 2768 3940 Zosimo
2818 3899 2980 3961 atque
3029 3896 3314 3956 Eustathio
3364 3905 3576 3965 tradere
3623 3927 3728 3972 no-

2150 3965 2316 4024 luisse
2343 3983 2658 4043 propterca,
2691 3983 2946 4048 quoniam
2977 3989 3283 4047 contineret
3309 4006 3564 4068 satyram.
3594 4003 3726 4061 Ete-

2148 4057 2260 4113 nim
2293 4061 2336 4115 si
2373 4071 2452 4130 tu,
2486 4065 2679 4136 inquit,
2709 4071 2852 4126 viros
2883 4075 3001 4130 illos
3031 4081 3338 4147 petulantes
3367 4057 3593 4158 epistola
3623 4099 3724 4152 ad-

2145 4149 2384 4208 hortatus
2413 4172 2576 4223 esses,
2610 4159 2748 4217 hanc
2780 4163 2885 4217 illis
2915 4166 3182 4226 misissem
3215 4174 3328 4246 (d);
3374 4181 3469 4236 sed
3498 4187 3722 4244 satiram

2146 4241 2384 4298 retinere
2422 4245 2644 4315 placuit.
2679 4251 2926 4324 Namque
2961 4241 3555 4338 vituperandiquidem
3593 4289 3723 4335 sunt

2145 4331 2212 4384 de
2247 4331 2432 4390 lsidori
2469 4345 2738 4397 sententia
2768 4345 2838 4414 (ε)
2867 4347 2957 4416 qui
2989 4350 3134 4407 vitiis
3166 4331 3436 4426 laborant,
3468 4364 3565 4418 sed
3593 4331 3718 4426 ver-

2143 4422 2226 4478 bis
2275 4425 2423 4481 duris
2479 4431 2823 4488 admiscenda
2876 4447 3004 4493 sunt
3053 4422 3610 4522 humanitatis'plena
3663 4469 3719 4516 et

2069 4543 2112 4597 ι)
2141 4521 2590 4578 mansuetudinis.
2614 4523 2818 4590 Quibus
2846 4532 3106 4600 expositis
3134 4551 3245 4592 non
3275 4554 3499 4600 necesse
3527 4557 3630 4616 est,
3657 4564 3718 4610 ut

2143 4608 2210 4662 de
2247 4611 2498 4682 singulis,
2531 4629 2651 4684 quae
2683 4619 2906 4686 protulit
2939 4620 3056 4686 ille,
3088 4631 3350 4700 exemplis
3382 4634 3556 4694 iusius
3587 4608 3716 4699 seu;

2142 4699 2368 4755 tentiam
2399 4703 2661 4759 dicamus.
3256 4699 3263 4700 ί
3556 4781 3579 4796 ..

2209 4790 2478 4884 Caeterum
2508 4795 2745 4865 videant,
2775 4801 2866 4875 qui
2899 4803 3207 4866 Heumanni
3236 4816 3482 4890 partibus
3507 4790 3712 4891 favent,

2135 4897 2206 4936 ne
2230 4875 2506 4954 improbos
2527 4895 2822 4964 turpesque
2845 4894 3115 4968 imputent
3137 4875 3344 4964 lsidoro
3367 4875 3712 4989 mores.

2133 4973 2281 5028 enim
2309 4974 2515 5048 Maroni
2545 4979 2614 5054 (ι’)
2643 4985 2856 5054 scribit,
2883 5003 2946 5044 se
2972 5006 3084 5049 non
3113 4995 3256 5054 sicut
3281 5002 3482 5061 multos
3505 5007 3577 5065 de

2131 5067 2426 5136 proborum
2462 5071 2637 5130 salute
2671 5079 2896 5148 omnino
2928 5083 3286 5155 desperantes
3319 5108 3446 5152 eum
3482 5099 3710 5160 irridere

2130 5157 2295 5224 velle,
2336 5162 2463 5230 sed,
2496 5179 2620 5221 cum
2655 5167 2767 5238 jam
2805 5174 3099 5233 multorum
3137 5181 3362 5242 vidisset
3393 5195 3707 5256 conversio-

2126 5263 2275 5316 nem,
2308 5252 2543 5310 oliicium
2581 5273 2740 5316 suum
2775 5263 3028 5321 arbitrari
3067 5273 3398 5340 petulantem
3435 5252 3704 5356 quemque

2123 5341 2193 5396 ad
2227 5343 2440 5402 sobrios
2471 5362 2730 5407 revocare
2758 5370 2958 5414 mores.
2991 5359 3147 5428 Quod
3166 5367 3213 5422 si
3251 5369 3334 5424 vir
3357 5372 3447 5428 ille
3481 5386 3703 5434 sanctus

2118 5493 2166 5550 δ’
2189 5497 2548 5587 antibant-cog
2577 5505 2778 5587 βούὶέτίι2
2806 5513 3040 5587 πέμψον.

2191 5569 2268 5674 (fl
2295 5569 2412 5674 Li’b.
2441 5589 2529 5674 1νέ
2546 5569 2634 5646 εἰ).
2688 5569 2818 5668 Ιόὑη
2977 5569 3268 5674 fatgem»
3308 5595 3569 5674 μιγνΰνςιι
3597 5604 3694 5674 τὴν

2117 5639 2432 5744 ἷαξῤηίαν
2462 5646 2530 5744 si}
2542 5639 3577 5744 ’τὲροσηνέίᾳῖζιξαὶ-Ᾰεῌξίξῆχξί

2116 5705 2355 5779 ἁγάέτήᾼν,
2390 5712 2485 5764 καὶ
2504 5705 2652 5769 ὂῦἐω
2670 5705 2960 5779 νόυθεδτέἴύν.

2189 5777 2256 5846 (1)
2291 5777 2412 5833 Lib.
2449 5797 2509 5848 li,
2535 5801 2622 5854 ep.
2657 5788 2745 5843 16.
