4118 6386
518 362 584 423 47
1609 367 2091 428 COMMENTATI

2194 370 2278 430 iIS
2314 371 2508 432 PARS
2545 370 2630 431 ἶῐ.
3711 368 3782 431 48

516 491 702 536 revera
729 492 888 533 suum
914 477 1067 533 duxit
1091 491 1210 532 esse
1234 476 1489 542 olﬁcium,
1517 478 1893 545 Heumannus,
1917 482 1960 536 si
1992 482 2094 537 sibi
2127 490 2167 545 Α
2198 498 2319 537 esse
2356 490 2642 553 poterant,
2691 483 2745 535 in
2777 496 2935 537 suum
2980 479 3253 535 transtulit
3282 494 3438 550 opus.
3468 478 3599 534 Inde
3625 480 3781 535 facil-

514 579 765 626 constare
794 570 927 632 vult,
962 585 1087 625 eum
1125 570 1420 641 hypocritis
1451 572 1687 627 ascribat
1718 588 1943 630 necesse
1979 584 2094 641 est,

515 664 715 735 quippe
743 664 834 733 qui
867 663 1122 732 epistolas
1154 663 1373 733 quidem
1408 665 1731 721 adhortandi
1766 682 1929 721 causa
1963 669 2098 723 scri-

515 756 707 827 pserit,
733 756 826 810 sed
857 755 951 809 has
978 770 1087 809 non
1117 754 1327 809 miserit
1351 755 1457 810 illis
1482 772 1712 826 quorum
1742 759 1972 828 preﬁxit
1997 775 2097 819 no-

519 850 689 913 mina,
728 855 1018 903 contentus
1057 863 1149 901 eas
1184 848 1440 904 recitasse
1475 865 1657 904 coram
1695 850 1997 921 discipulis.
2039 851 2096 907 Si

516 956 645 995 vero
674 941 911 996 Isidorus
940 940 1071 993 illud
1100 955 1259 994 suum
1291 955 1401 995 non
1431 956 1551 996 esse
1580 942 1814 997 cilicium
1845 945 2095 1008 credidit,

515 1034 744 1089 mendax
794 1041 878 1088 est
927 1032 1071 1087 illam
1126 1032 1193 1088 ad
1245 1031 1519 1089 Maronem
1575 1036 1928 1091 conscribens
1981 1037 2098 1107 epi-

516 1124 731 1180 stolam.

586 1215 694 1271 Nos
725 1231 797 1271 ne
828 1215 1093 1272 Isidorum
1128 1232 1228 1287 pro
1256 1217 1566 1273 simulatore
1600 1234 1662 1274 ac
1695 1219 2099 1276 dissimulatore

516 1307 718 1363 habere
759 1308 1083 1376 debeamus,
1118 1310 1187 1364 ab
1227 1308 1531 1365 Heumanni
1573 1313 1848 1366 sententia
1885 1313 2064 1367 recedi

516 1417 658 1468 mus,
688 1411 849 1473 atque
879 1403 1134 1458 lectorem
1165 1420 1434 1474 quemque
1466 1416 1673 1475 septem
1708 1406 1833 1468 illis,
1866 1422 2095 1476 quarum

515 1497 854 1551 enumeratio
885 1497 1150 1566 sequitur,
1185 1498 1428 1567 epistolis
1460 1508 1667 1552 attento
1698 1500 1881 1553 animo
1918 1500 2097 1569 perle-

516 1588 645 1653 ctis,
698 1588 1023 1644 confidimus
1080 1589 1282 1665 nostris
1337 1589 1613 1644 fauturum
1668 1607 1788 1646 esse
1830 1593 2097 1661 partibus.

518 1678 651 1735 Vide
721 1681 881 1752 igitur
942 1682 1036 1735 lib.
1101 1681 1145 1735 ll
1198 1698 1285 1752 ep.
1332 1683 1422 1748 2i,
1471 1683 1785 1754 Hermogem'
1824 1686 2097 1754 episcopo;

516 1773 608 1827 lib.
648 1772 715 1827 Ill
753 1790 841 1844 ep.
881 1775 970 1840 35,
1014 1774 1225 1828 Hieraci
1268 1776 1599 1844 presbytero;
1639 1776 1731 1830 lib.
1772 1776 1838 1829 lll
1878 1793 1964 1847 ep.
2008 1779 2094 1845 70,

2198 574 2327 627 lime
2349 574 2615 643 quispiam
2642 572 2891 642 colligere
2917 572 3118 642 possit,
3161 569 3420 625 Irenaeum
3467 571 3604 623 nihil
3634 571 3779 626 aliud

2199 662 2379 717 dicere
2407 663 2639 717 voluisse
2664 704 2677 727 ,
2710 663 2815 716 nisi
2849 678 2906 716 se
2948 677 2978 716 e
3017 662 3199 715 multis
3232 661 3513 714 Pelusiotae
3540 662 3781 731 epistolis

2198 755 2457 822 quasdam
2514 771 2626 810 sua:
2691 753 2934 824 opinioni
3002 753 3247 808 faventes
3298 752 3521 822 elegisse
3579 768 3782 821 easque

2201 846 2558 901 transtulisse.
2614 848 2864 901 Attamen
2912 853 3026 899 tmn
3077 843 3295 906 verbis,
3352 851 3468 897 tum
3511 844 3588 897 rei
3645 843 3777 897 mihi

2198 938 2415 1008 quidem
2442 940 2657 993 videtur
2701 954 2821 993 esse
2866 939 3041 1007 aptior
3073 937 3240 991 altera
3271 938 3465 990 horum
3492 938 3779 991 verborum

2197 1029 2501 1098 explicandi
2536 1031 2693 1083 ratio.
2741 1028 2933 1083 Statuo
2953 1028 3098 1082 enim
3124 1067 3138 1091 ,
3163 1028 3423 1081 lrena'um
3462 1027 3643 1080 verbis
3675 1026 3780 1079 illis

2200 1120 2340 1174 hanc
2367 1120 2663 1189 subjecisse
2691 1121 3016 1173 sententiam
3043 1136 3056 1171 :
3098 1117 3205 1171 llas
3232 1133 3423 1171 omnes
3447 1116 3634 1171 lsidori
3663 1118 3779 1184 epi-

2200 1209 2365 1265 stolas
2395 1225 2505 1263 non
2547 1209 2612 1262 ad
2644 1208 2872 1262 verbum
2900 1208 3166 1277 descripsi
3187 1247 3201 1271 ,
3236 1206 3329 1260 sed
3357 1206 3599 1275 excerpsi
3620 1244 3636 1270 ,
3681 1220 3774 1260 ex-

2198 1309 2521 1370 cerptasque
2549 1300 2604 1353 in
2635 1315 2813 1354 meum
2842 1300 3090 1353 transtuli
3117 1315 3272 1369 opus.
3296 1327 3364 1340 —
3394 1298 3458 1353 Et
3485 1307 3629 1353 certe
3650 1314 3783 1368 ope-

2199 1408 2313 1446 ram
2341 1391 2699 1462 perdidisset,
2729 1391 2836 1446 nisi
2868 1406 2929 1445 ea
2961 1399 3170 1444 tantum
3202 1389 3389 1444 lsidori
3423 1391 3582 1444 verba
3607 1431 3622 1455 ,
3652 1389 3779 1459 qui-

2198 1482 2301 1536 bus
2330 1482 2655 1537 sententiam
2686 1496 2839 1535 suam
2881 1480 3100 1551 probari
3141 1494 3303 1549 posse
3331 1479 3642 1548 judicabat,
3683 1494 3779 1534 ve-

2200 1589 2319 1628 rum
2369 1575 2531 1628 etiam
2577 1588 2697 1643 quae
2732 1573 2798 1626 ad
2841 1588 2956 1626 rem
3002 1586 3227 1640 prorsus
3269 1587 3378 1625 non
3411 1570 3776 1640 pertinebant,

2198 1664 2379 1717 omnia
2430 1678 2627 1733 nempe
2670 1678 2791 1733 qua:
2839 1661 3067 1716 formam
3119 1670 3368 1731 spectant
3419 1661 3773 1730 epistolicam,

2198 1754 2554 1810 salutationes
2597 1754 2807 1823 aliaque
2856 1753 3151 1823 ejusmodi,
3183 1752 3578 1821 descripsisset.
3621 1751 3777 1818 Quod

515 1864 730 1933 Ophelio
760 1869 1135 1936 grammatico;
1166 1867 1259 1922 lib.
1292 1867 1358 1922 Ill
1392 1884 1477 1937 ep.
1508 1869 1642 1935 270,
1672 1845 1948 1939 Lampetie
1980 1873 2091 1941 epi-
2126 1856 2166 1911 Β
2194 1862 2319 1901 cum
2350 1855 2459 1900 tam
2487 1845 2662 1941 hic”?
2685 1846 2755 1900 5“
2781 1845 3057 1941 ίηίθηξῗθιιξ
3083 1883 3100 1909 ν
3142 1845 3454 1941 Πθη-δθιυξῃ
3489 1846 3774 1941 ιτθηφθων

515 1974 697 2028 scopo;
728 1959 824 2014 lib.
854 1958 923 2015 lll
954 1976 1038 2031 ep.
1070 1960 1197 2024 282,
1228 1960 1509 2014 Arcltontio
1544 1978 1707 2029 remp.
1740 1965 1972 2033 gerenti;
2004 1964 2098 2019 lib.

514 2038 582 2104 lV
618 2068 704 2121 ep.
747 2052 872 2117 205,
912 2051 1155 2121 Olympio
1192 2053 1509 2123 presbytero,
1547 2054 1887 2122 scholastica;
1927 2055 2021 2109 lib.
2060 2055 2103 2109 V

514 2157 603 2212 ep.
636 2144 763 2209 219,
794 2140 1055 2197 Theodoro
1084 2147 1323 2198 diacono.

581 2236 719 2293 Cum
748 2239 835 2293 his
881 2239 1079 2293 litteris
1111 2238 1347 2294 conferri
1387 2246 1616 2309 possunt
1641 2238 1759 2293 alia:
1793 2240 2097 2309 permultae,

514 2330 711 2401 quibus
745 2330 983 2385 Isidorus
1007 2370 1022 2396 ,
1069 2344 1127 2385 se
1158 2330 1289 2385 viris
1316 2329 1423 2386 illis
1464 2329 1837 2399 petulantibus
1866 2342 1921 2385 et
1951 2332 2104 2386 luxu-

515 2422 679 2477 riosis
725 2421 980 2491 epistolas
1035 2422 1236 2491 saepius
1290 2421 1505 2475 misisse
1536 2459 1551 2483 ,
1615 2420 1777 2489 plane
1818 2421 2098 2489 declarat;

513 2513 683 2578 velut,
714 2513 809 2567 lib.
845 2529 905 2567 ιιι
953 2527 1041 2582 ep.
1074 2512 1163 2579 67,
1192 2511 1282 2579 90,
1317 2511 1441 2578 523,
1488 2511 1623 2576 597;
1663 2510 1758 2566 lib.
1794 2529 1858 2579 v,
1888 2528 1977 2583 ep.
2009 2514 2098 2580 84,

513 2603 642 2671 210,
674 2603 804 2669 285,
840 2604 964 2659 565.

585 2692 722 2748 Cum
761 2693 926 2764 igitur
968 2692 1207 2748 Isidorus
1245 2694 1363 2764 ipse
1411 2693 1595 2749 multis
1625 2693 1756 2751 locis
1786 2693 2101 2749 declarave-

516 2787 615 2852 rit,
662 2802 721 2841 se
751 2785 987 2842 Eusebio
1014 2786 1305 2855 episcopo,
1339 2785 1589 2853 Zosimo,
1632 2785 1878 2852 Maroni,
1919 2784 2102 2840 Marti-

514 2879 682 2933 niano
714 2886 770 2934 et
799 2876 1083 2932 Eustathio
1124 2877 1454 2947 presbyteris
1487 2876 1694 2932 litteras
1725 2877 1945 2933 misisse
1968 2920 1982 2946 ,
2010 2879 2100 2933 vix

516 2970 744 3041 intelligi
802 2979 985 3040 potest
1022 2969 1293 3039 quomodo
1323 2968 1676 3024 Heumannus
1711 2985 1902 3024 omnes
1930 3010 1945 3035 ,
1979 2986 2099 3040 quae

513 3060 583 3117 ad
633 3061 883 3118 homines
929 3060 1061 3116 istos
1105 3060 1246 3117 datae
1298 3068 1457 3124 sunt,
1506 3060 1763 3129 epistolas
1807 3061 1861 3114 in
1908 3061 2097 3115 umbra

516 3152 869 3217 scholastica,
898 3159 959 3206 ut
1010 3151 1126 3221 ipse
1154 3152 1260 3216 ait,
1293 3153 1620 3221 compositas
1644 3190 1659 3215 ,
1691 3164 1868 3220 neque
1910 3150 1977 3205 ad
2002 3166 2097 3206 eos

514 3260 745 3314 quorum
776 3243 993 3315 praeﬁxa
1020 3252 1147 3298 sunt
1168 3242 1385 3297 nomina
1418 3242 1610 3297 missas
1636 3240 1822 3308 fuisse,
1854 3249 2095 3298 statuere

514 3334 789 3405 potuerit;
823 3332 1120 3404 prassertim
1138 3347 1259 3387 cum
1288 3332 1403 3401 ipse
1428 3348 1482 3402 p.
1518 3330 1584 3386 15
1604 3345 1661 3385 se
1688 3330 1874 3385 lsidori
1904 3332 2098 3401 episto-

514 3427 592 3481 las
621 3425 944 3497 perlegisse,
973 3425 1228 3495 justaqne
1260 3423 1513 3478 adhibita
1563 3422 1863 3478 attentione
1912 3423 2095 3493 perlu-

513 3528 713 3574 strasse
742 3516 1108 3573 aﬂirmaverit.

583 3609 652 3663 At
677 3622 786 3662 non
812 3605 1009 3662 sulIicit
1034 3606 1260 3663 aliorum
1286 3605 1571 3675 opiniones
1596 3605 1880 3672 refutasse,
1905 3620 2092 3660 verum

510 3715 691 3754 meam
743 3697 812 3754 de
871 3698 1063 3753 lsidori
1120 3696 1362 3768 epistolis
1414 3697 1740 3752 sententiam
1790 3697 2089 3767 explicabo,

513 3806 673 3862 quam
695 3833 709 3857 ,
750 3792 794 3846 si
828 3789 941 3845 fieri
972 3796 1182 3861 potest,
1216 3798 1456 3844 veterum
1485 3789 1806 3859 scriptorum
1844 3792 2091 3844 testimo-

514 3885 620 3940 niis
655 3883 965 3953 ﬁrmisque,
1006 3898 1127 3953 qua:
1164 3897 1227 3937 ex
1263 3877 1401 3952 ipsis
1443 3882 1605 3952 hujus
1635 3883 1734 3937 viri
1768 3882 1963 3937 litteris
1993 3883 2092 3937 de-

513 3981 763 4045 prompta
797 3980 955 4040 sunt,
1010 3960 1380 4044 argumentis,
1425 3972 1642 4042 probari
1693 3981 1926 4042 Oportet.
1980 3974 2091 4042 Ego

512 4075 694 4119 autem
734 4079 922 4118 verum
980 4062 1216 4118 sensisse
1251 4063 1482 4118 arbitror
1525 4062 1936 4118 Schrmckhium
1986 4063 2087 4134 (a),

511 4156 602 4224 qui
642 4154 903 4224 plurimas
927 4152 1115 4209 lsidori
1154 4153 1410 4223 epistolas
1455 4168 1563 4207 non
1598 4168 1660 4207 ea
1695 4153 1866 4208 forma
1896 4170 1999 4223 qua
2032 4155 2088 4208 in

509 4245 675 4300 editis
692 4261 903 4300 excusa:
929 4244 1039 4300 sint
1056 4245 1455 4316 exemplaribus
1474 4286 1488 4310 ,
1520 4245 1588 4299 ab
1617 4253 1838 4299 auctore
1861 4245 2091 4315 scriptas

510 4352 667 4402 esse,
706 4336 802 4392 sed
846 4351 876 4391 a
913 4337 1195 4391 monachis
1231 4347 1512 4405 excerptas
1552 4335 1617 4389 ad
1648 4344 1884 4389 nostram
1918 4351 2089 4405 usque

510 4436 723 4483 aetatem
755 4429 1068 4498 pervenisse
1089 4470 1104 4495 ,
1136 4435 1295 4482 acute
1333 4427 1583 4496 eonjecit.
1634 4425 1769 4480 Cum
1811 4443 1943 4481 vero
1973 4427 2087 4498 ipse

508 4516 842 4587 argumentis
874 4516 1015 4571 hanc
1039 4532 1192 4571 suam
1218 4516 1539 4571 sententiam
1573 4515 1801 4585 probare
1832 4516 1900 4569 ah
1928 4517 2085 4571 insti-

511 4608 608 4661 tuti
646 4607 860 4661 ratione
889 4607 1124 4661 alienum
1176 4621 1297 4662 esse
1325 4606 1632 4672 censuerit,
1670 4606 1830 4660 nobis
1856 4606 1973 4661 haec
2003 4623 2086 4662 re-

508 4697 633 4751 licta
666 4705 751 4751 est
779 4696 1078 4767 provincia.

572 4788 745 4842 Favet
784 4794 966 4842 autem
993 4827 1007 4853 ,
1052 4795 1112 4841 ut
1139 4786 1387 4854 equidem
1436 4785 1697 4850 arbitror,
1747 4783 2085 4839 Scbrmckhii

507 4876 834 4946 conjecturae
877 4876 1008 4931 illud
1053 4874 1239 4930 lrentei
1289 4873 1535 4938 dictum,
1581 4872 1723 4942 quod
1752 4874 1925 4942 prima
1972 4874 2084 4943 jam

506 4968 787 5023 attulimus
830 4968 995 5037 hujus
1045 4964 1516 5021 commentationis
1571 4971 1763 5033 parte,
1823 4964 2088 5033 cujusque

504 5059 671 5114 verba
701 5060 811 5113 huc
852 5057 1152 5129 spectantia
1195 5057 1311 5111 haec
1342 5063 1507 5109 sunt:
1556 5052 1693 5108 «llas
1718 5069 1909 5108 omnes
1934 5054 2078 5109 beati

505 5149 697 5205 lsidori
731 5149 1026 5219 (epistolas)
1059 5178 1125 5190 —-
1150 5146 1392 5216 cxcerpsi
1422 5154 1479 5199 et
1505 5144 1756 5200 transtuli
1788 5160 1850 5198 ex
1874 5145 2078 5214 episto-

504 5242 570 5295 lis
613 5242 732 5311 ejus
771 5240 986 5295 duobus
1030 5239 1320 5293 millibus.»
1367 5236 1501 5304 Quae
1532 5237 1695 5292 verba
1728 5235 1927 5306 duplici
1957 5236 2078 5306 qui-

504 5336 627 5391 dem
653 5333 817 5390 modo
853 5332 1109 5402 explicari
1139 5339 1385 5402 possunt.
1428 5330 1563 5383 Nam
1585 5328 1841 5392 Irenaeus,
1873 5328 1947 5383 uti
1973 5328 2082 5382 Lu-

505 5440 608 5495 pus
639 5423 897 5493 praaclare
943 5421 1187 5486 notavit,
1229 5436 1337 5475 non
1381 5434 1572 5475 omnes
1608 5419 1795 5473 lsidori
1826 5418 2081 5488 epistolas

505 5513 560 5567 in
602 5510 986 5567 vetustissimis
1017 5509 1121 5565 illis
1158 5508 1549 5565 Acmmetensis
1583 5509 1895 5563 monasterii
1927 5509 2080 5563 codi-

506 5603 659 5659 cibus
687 5602 1048 5675 perscriptas,
1079 5617 1269 5657 verum
1312 5616 1405 5656 eas
1433 5609 1641 5656 tantum
1671 5616 1792 5671 quae
1821 5600 1920 5670 ipsi
1956 5602 2077 5656 usui

574 5757 656 5829 (α)
680 5756 1001 5816 Schrmelih.
1046 5756 1187 5814 Hist.
1223 5757 1345 5811 εδει.
1374 5755 1478 5811 vol.
1510 5753 1665 5810 XV".
1690 5771 1744 5825 p.
1787 5755 1907 5809 526.

2203 1954 2391 1993 verum
2424 1938 2620 1991 multos
2648 1936 2841 1991 barum
2869 1936 3215 2006 epistularum
3238 1936 3600 2006 descriptores
3633 1937 3776 1991 idem

2202 2028 2440 2083 sensisse
2483 2028 2733 2082 arbitror.
2767 2027 2951 2097 Neque
2986 2028 3078 2096 qui
3118 2026 3304 2081 lsidori
3336 2028 3542 2083 litteras
3567 2045 3689 2098 qua:
3719 2030 3777 2083 in

2200 2118 2363 2173 editis
2391 2117 2610 2172 Patrum
2642 2126 2856 2172 exstant
2879 2117 3085 2172 catenis
3104 2157 3119 2182 ,
3150 2133 3272 2172 cum
3303 2117 3407 2172 illis
3434 2134 3554 2188 quae
3582 2118 3637 2172 in
3657 2119 3775 2174 edi-

2204 2209 2350 2264 tione
2383 2208 2676 2264 Parisiensi
2714 2226 2924 2265 excusze
2958 2217 3118 2275 sunt,
3167 2210 3443 2274 conferet,
3476 2213 3617 2267 hanc
3646 2227 3776 2267 sen-

2202 2298 2426 2352 tentiam
2450 2313 2550 2369 pro
2578 2314 2726 2353 mera
2756 2299 2979 2354 habebit
3012 2300 3321 2370 hypothesi.
3352 2303 3564 2355 Etenim
3593 2319 3657 2357 ex
3688 2304 3777 2358 in-

2202 2390 2388 2451 stituta
2419 2392 2821 2461 comparatione
2850 2399 3165 2446 catenarum
3202 2401 3455 2448 auctores
3490 2393 3777 2450 Pelusiotae

2201 2484 2456 2554 epistolas
2486 2499 2595 2538 non
2625 2484 2871 2555 religiose
2894 2484 3250 2554 descripsisse
3293 2485 3545 2540 facillime
3574 2486 3777 2541 intelli-

2201 2577 2365 2647 gitur.
2392 2575 2547 2642 Quod
2576 2576 2678 2630 etsi
2706 2576 2970 2645 exemplis
2997 2576 3319 2646 quibusdam
3358 2576 3541 2631 statim
3572 2577 3775 2647 possim

2200 2669 2488 2724 ostendere
2517 2708 2532 2733 ,
2570 2675 2750 2721 tamen
2773 2708 2788 2733 ,
2821 2682 2945 2722 cum
2981 2668 3050 2722 ab
3093 2667 3328 2722 instituti
3359 2667 3529 2723 nostri
3569 2668 3778 2726 ratione

2198 2775 2306 2814 non
2334 2759 2570 2813 alienum
2611 2760 2712 2824 sit,
2744 2759 2926 2812 omnia
2963 2775 3083 2828 qua:
3121 2769 3343 2813 catenas
3377 2774 3501 2814 cum
3527 2760 3725 2816 litteris
3746 2778 3776 2815 a

2198 2848 2472 2904 Chatardo
2494 2889 2510 2914 ,
2537 2846 2903 2903 Rittershusio
2935 2858 2991 2903 et
3017 2850 3240 2905 Schouo
3274 2850 3434 2905 editis
3462 2866 3780 2925 comparan-

2200 2949 2283 2995 tes
2314 2940 2623 2995 notavimus
2643 2980 2657 3005 ,
2690 2956 2814 2995 cum
2843 2941 3045 2996 lectore
3061 2942 3462 2998 communicare
3492 2942 3773 3007 benevolo,

2198 3042 2254 3085 et
2290 3046 2416 3086 cum
2440 3073 2454 3098 ,
2484 3031 2710 3100 probata
2755 3032 2874 3086 aliis
2895 3046 3111 3102 quoque
3149 3033 3483 3102 argumentis
3508 3033 3787 3089 Sehraaclt-

2199 3121 2277 3175 hii
2307 3122 2609 3187 sententia,
2642 3123 2710 3177 ad
2753 3123 2894 3177 hanc
2952 3138 3066 3177 rem
3102 3124 3489 3180 recurrentium
3543 3124 3652 3191 sit,
3689 3125 3780 3181 hic

2200 3214 2358 3270 nobis
2391 3215 2573 3269 omnia
2603 3215 2691 3269 illa
2725 3215 2884 3269 liceat
2910 3215 3185 3273 omittere.

2270 3328 2473 3384 Deinde
2501 3339 2681 3384 autem
2711 3345 2777 3384 ex
2801 3345 2867 3385 eo
2889 3331 3031 3400 quod
3057 3330 3305 3399 plurimae
3323 3331 3511 3387 lsidori
3535 3332 3776 3403 epistola:

2196 3422 2347 3476 omni
2402 3431 2591 3477 carent
2624 3422 2795 3477 forma
2841 3423 3155 3492 epistoliea,
3196 3437 3288 3477 eas
3321 3439 3427 3477 non
3477 3426 3555 3478 sic
3602 3425 3678 3479 uti
3718 3425 3775 3479 in

2195 3513 2433 3589 editione
2461 3514 2752 3569 Parisiensi
2783 3522 3019 3581 exstant,
3060 3515 3128 3569 ab
3153 3524 3374 3570 auctore
3403 3518 3631 3585 scriptas
3651 3532 3776 3572 esse

2191 3606 2315 3675 jure
2344 3605 2635 3677 colligitur.
2675 3605 2760 3661 Cf.
2805 3598 2900 3660 lib'.
2932 3623 2970 3669 ι,
3011 3622 3100 3676 ep.
3139 3606 3435 3673 105,161,
3467 3608 3607 3676 228,
3645 3609 3771 3676 256,

2193 3696 2300 3752 258
2321 3737 2335 3762 ,
2368 3697 2507 3762 ΞΗ,
2541 3698 2647 3751 279
2668 3738 2682 3763 ,
2714 3696 2851 3762 294,
2882 3696 3016 3760 ‘295,
3049 3697 3185 3759 296.
3229 3708 3330 3754 etc.

2266 3809 2507 3866 Tertium
2540 3820 2592 3866 et
2618 3812 2834 3882 quidem
2854 3813 3228 3883 gravissimum
3250 3854 3265 3879 ,
3292 3830 3399 3883 quo
3416 3815 3555 3871 hanc
3582 3816 3647 3870 de
3678 3815 3773 3873 lsi-

2193 3902 2309 3956 dori
2335 3903 2579 3972 epistolis
2611 3905 2933 3958 sententiam
2954 3921 3215 3959 conamur
3229 3907 3458 3975 probare
3475 3922 3771 3978 argumen-

2195 3999 2306 4045 tum
2326 3993 2393 4045 ab
2406 3992 2647 4063 epistolis
2665 4008 2785 4062 quae
2796 3992 2878 4047 bis
2896 3994 2947 4046 in
2971 3994 3130 4047 editis
3144 4001 3357 4047 exstant
3371 3993 3771 4062 exemplaribus

2193 4086 2419 4155 petitum
2448 4094 2547 4139 est.
2588 4085 2646 4138 In
2689 4085 2774 4139 his
2801 4084 2944 4139 enim
2978 4085 3267 4138 maximam
3303 4095 3510 4154 partem
3540 4086 3607 4139 ad
3645 4101 3768 4139 ver-

2191 4177 2319 4231 bum
2359 4177 2461 4231 sibi
2499 4176 2951 4247 respondentibus
3006 4176 3277 4230 interdum
3326 4175 3411 4240 tit,
3461 4184 3520 4228 ut
3567 4191 3653 4229 res
3713 4176 3767 4230 in

2190 4269 2359 4323 altera
2388 4270 2575 4324 multis
2603 4269 2784 4324 verbis
2810 4269 3049 4339 exposita
3070 4309 3083 4331 ,
3110 4267 3165 4320 in
3195 4268 3360 4322 altera
3386 4268 3571 4336 paucis
3586 4267 3766 4322 absol-

2190 4373 2382 4429 vatur;
2432 4371 2491 4416 ut
2541 4363 2833 4432 cogitatum
2880 4360 2936 4413 in
2980 4361 3083 4413 hac
3120 4373 3343 4430 prorsus
3398 4359 3659 4413 omissum
3709 4358 3766 4411 in

2191 4453 2276 4507 illa
2311 4453 2594 4523 adjiciatur
2614 4494 2628 4517 ,
2658 4462 2719 4507 ut
2744 4451 2978 4521 denique
3025 4450 3177 4504 mira:
3207 4449 3547 4519 reperiantur
3571 4456 3766 4502 multo-

2118 4552 2158 4608 ι)
2189 4560 2307 4599 rum
2359 4546 2653 4600 verborum
2715 4542 3179 4614 transpositiones.
3242 4540 3373 4607 Quae
3426 4540 3651 4602 omnia.
3707 4548 3767 4595 ut

2189 4633 2440 4704 equidem
2470 4635 2704 4689 arbitror
2726 4676 2741 4699 ,
2777 4643 2890 4688 tum
2921 4633 3137 4686 demum
3176 4639 3320 4685 recte
3369 4628 3637 4698 explicare
3665 4644 3766 4699 po-

2191 4728 2322 4781 teris
2341 4768 2354 4792 ,
2387 4727 2430 4781 si
2449 4726 2801 4782 Schroeckhii
2827 4726 3032 4780 favebis
3054 4724 3354 4779 sententiae.
3385 4721 3490 4777 Sed
3514 4732 3573 4776 ut
3594 4723 3766 4777 lector

2188 4820 2420 4889 quisque
2447 4820 2514 4874 de
2544 4821 2646 4873 hac
2673 4834 2731 4873 re
2752 4819 2997 4888 judicare
3022 4816 3216 4887 possit,
3242 4815 3489 4885 exempla
3519 4816 3763 4886 quadam

2190 4913 2487 4966 all'erantur
2527 4924 2749 4965 necesse
2776 4916 2880 4963 est.

2328 5025 2443 5080 LIB.
2462 5023 2528 5083 ll,
2549 5040 2635 5077 se.
2671 5022 2791 5077 162.
3150 5018 3264 5074 Lis.
3288 5016 3358 5087 V,
3385 5034 3469 5073 se.
3496 5019 3619 5074 “6.

2266 5138 2485 5207 Ἐπειδὴ
2501 5138 2785 5207 γέγραφας
2811 5133 2940 5187 Gau—
3089 5134 3309 5205 Ἐπειδὴ
3326 5135 3607 5207 γέγραφας
3630 5133 3761 5189 θαυ-

2191 5234 2404 5304 μάζειν,
2432 5232 2579 5292 ὃπως
2606 5229 2666 5281 τὸ
2691 5226 2937 5299 ἱερᾶσθαι
3012 5226 3224 5295 μάζειν,
3260 5228 3407 5289 ὅπως
3436 5228 3496 5279 τὸ
3514 5228 3762 5295 ἱερᾶσθαι

2185 5325 2434 5393 Ζώσιμον
2460 5321 2550 5376 τὸν
2579 5320 2837 5374 δοκοῦντα
2861 5315 2940 5371 εἴ·
3008 5317 3259 5387 Ζώσιμον
3317 5318 3489 5370 δεινὸν
3552 5318 3633 5381 ὃν,
3700 5320 3760 5371 οὐ

2183 5434 2271 5470 ναι
2289 5414 2654 5487 πρεσϐύτερον
2670 5414 2840 5468 δεινὸν
2854 5412 2935 5475 ὃν,
3008 5409 3178 5462 δεινὸν
3216 5406 3353 5462 εἶναι
3389 5410 3534 5463 δοκεῖ
3558 5411 3632 5481 τῷ
3660 5428 3764 5462 πα-

2181 5511 2241 5563 οὑ
2285 5509 2455 5563 δεινὸν
2502 5506 2640 5562 εἶναι
2687 5508 2835 5561 δοκεῖ
2861 5505 2936 5576 τῷ
3012 5506 3260 5577 ρανὸμως
3292 5509 3758 5577 χειροτονήσαντι·

2182 5600 2515 5672 παρανόμως
2541 5601 2703 5654 αὐτὸν
2728 5599 2797 5671 (b)
2825 5616 2938 5671 χει-
3008 5601 3408 5654 ἀντεπιστέλλω
3447 5602 3529 5655 ὅτι
3567 5602 3631 5655 σὺ
3661 5599 3761 5672 μὲν

2262 5755 2518 5826 (MAG-:13:
2551 5755 2709 5810 codd.
2733 5753 2855 5809 Vat.
2885 5754 3011 5821 649,
3030 5763 3084 5809 et
3117 5755 3221 5809 Alt.
