4118 6398
1456 340 2266 408 ΑΡΡΕΝῡιΧ.-ΟΟΙ)ΙΟΕΞ
2308 345 2470 406 MSS.
3556 340 3631 405 ις

331 479 3591 516 mm

1226 610 1825 795 PARTIS
1949 682 2757 801 SECUND/E

1384 917 1997 1010 APPENDIX
2076 922 2598 1044 DUPLEX.

473 1100 839 1160 COLLATIO
877 1101 1377 1162 EPISTOLARUM
1416 1104 1586 1173 ρυλε
1625 1105 1692 1161 IN
1733 1106 1955 1164 EDlTlS
1994 1107 2084 1163 ET
2125 1107 2425 1165 INEDITIS
2466 1108 2753 1167 PATRUM
2792 1110 3091 1169 CATENIS
3133 1112 3482 1172 EXSTANT.

1360 1282 1484 1339 Vide
1517 1285 1662 1352 infra
1691 1290 1760 1341 ad
1790 1288 1987 1343 calcem
2024 1286 2385 1358 Epistolarum
2421 1289 2643 1346 Isidori.

413 1470 3587 1510 ΨΜ

976 1639 1395 1728 PARTIS
1465 1641 2038 1730 SECUNDZE
2113 1640 2727 1735 APPENDIX
2806 1648 3001 1736 ill.

1564 1829 1885 1893 ISIDORI
1946 1831 2430 1894 ΡΕιΠεΙΟΤιΕ

1193 1906 1796 1975 EPISTOLARUM
1833 1907 2189 1973 CODICES
2228 1910 2826 1978 MANUSCRIPTI.

423 2072 650 2132 Codices
694 2083 928 2144 quatuor
963 2072 1328 2128 Accametensis
1360 2076 1669 2129 monasterii
1708 2074 1951 2131 omnium
1983 2080 2025 2136 Α
2053 2090 2283 2147 quaeque
2326 2094 2517 2135 omnes
2542 2094 2617 2135 ex.
2651 2083 2755 2137 hoc
2793 2083 2978 2138 codice
3012 2084 3066 2138 in
3100 2084 3312 2140 oilicina
3341 2085 3635 2142 Commeli-

355 2164 726 2220 vetustissimi
767 2164 1193 2228 continuerunt,
1234 2164 1309 2218 uti
1363 2164 1602 2220 Irenaaus
1655 2174 1709 2219 et
1764 2178 1955 2220 auctor
2055 2170 2215 2225 niana
2245 2185 2389 2225 anno
2427 2170 2588 2236 i605,
2633 2188 2806 2242 graece
2848 2184 2903 2229 et
2944 2176 3108 2229 latine
3152 2174 3311 2230 edite
3355 2186 3480 2231 sunt
3519 2176 3638 2248 (cu-

356 2272 691 2327 anonymus,
726 2274 966 2327 quorum
1008 2257 1315 2312 testimonia
1355 2273 1409 2326 p.
1458 2256 1558 2324 15,
1594 2258 1679 2322 Η,
1721 2272 1752 2310 a
1799 2256 1957 2311 nobis
2056 2267 2212 2313 rante
2242 2259 2648 2330 Bittershusio).
2721 2262 2783 2316 In
2819 2262 2924 2317 ﬁne
2967 2266 3169 2320 codicis
3210 2268 3441 2322 habetur
3476 2270 3638 2325 index

359 2350 520 2404 allata
563 2361 719 2412 sunt,
745 2350 1043 2413 tradidere,
1070 2350 1180 2403 duo
1228 2348 1390 2402 millia
1417 2348 1789 2417 epistularum.
1821 2363 1957 2417 quas

358 2442 581 2496 easdem
636 2441 833 2505 fuisse,
874 2449 1039 2510 atque
1077 2455 1180 2494 nos
1225 2440 1486 2494 habemus
1527 2454 1777 2501 excusas,
1813 2439 1959 2493 arbi-

362 2540 580 2587 trantur
618 2532 1007 2587 Tillemontius
1043 2541 1100 2586 et
1142 2529 1455 2597 Fabricius;
1485 2545 1662 2599 neque
1704 2544 1821 2601 ego,
1853 2545 1961 2600 quo

362 2624 814 2679 doctissimorum
844 2624 1090 2677 virorum
1118 2622 1385 2678 sententia
1415 2629 1510 2675 aut
1529 2621 1841 2677 debilitetur
1867 2628 1963 2675 aut

361 2715 748 2780 conﬁrmetur,
774 2714 1074 2784 quidquam
1104 2729 1323 2784 possum
1358 2711 1623 2784 proferre.

787 2823 938 2877 Billii
974 2814 1023 2877 et
1051 2822 1311 2878 Chatardi
1335 2823 1557 2876 codices.

431 2916 570 2972 Jnre
594 2924 784 2970 autem
823 2914 1044 2968 mireris
1082 2929 1269 2968 eorum
1306 2911 1684 2984 negligentiam
1711 2919 1767 2966 et
1806 2910 1965 2965 incu-

363 3008 524 3072 riam,
553 3006 648 3076 qui
683 3004 874 3059 Isidori
906 3003 1167 3073 epistolas
1188 3004 1496 3069 ediderunt,
1526 3017 1704 3072 neque
1730 3002 1965 3069 codices,

362 3100 568 3171 quibus
600 3097 689 3153 usi
718 3105 869 3160 sunt,
902 3103 1154 3149 accurate
1185 3094 1541 3163 descripsere.
1572 3093 1789 3149 Etenim
1827 3092 1971 3148 Cha-

365 3192 559 3247 tardus
580 3190 637 3243 in
670 3204 768 3244 sua
803 3188 870 3242 ad
895 3185 1267 3242 Godofredum
1297 3185 1516 3239 Billium
1551 3184 1810 3253 Epistola,
1850 3198 1970 3253 quae

365 3283 597 3339 editioni
642 3281 768 3350 ejus
809 3278 1031 3349 praeﬁxa
1072 3286 1178 3343 est,
1217 3292 1274 3347 p.
1304 3276 1359 3340 4,
1417 3275 1729 3340 Ludovicus,
1760 3274 1961 3344 inquit,

366 3373 545 3428 Barus
596 3381 797 3441 prater
842 3369 955 3424 alia
1002 3368 1170 3422 multa
1216 3367 1539 3436 exemplaria
1596 3367 1756 3437 hujus
1803 3366 1969 3420 nostri

366 3465 564 3520 Isidori
596 3479 804 3534 graecas
851 3460 1099 3530 epistolas
1137 3475 1201 3513 ex
1231 3475 1407 3512 musco
1446 3456 1749 3513 Cardinalis
1782 3457 1968 3513 Sirleti

363 3558 640 3629 eleganter
668 3553 896 3621 scriptas
934 3552 1093 3622 fratri
1133 3561 1242 3615 tuo,
1271 3550 1544 3617 interpreti
1583 3557 1777 3610 nostro.
1806 3548 1966 3602 misit.

364 3647 585 3713 ρεπεδεὶ
630 3652 783 3697 tanto
812 3644 1018 3713 gratius
1063 3643 1229 3712 fuere,
1260 3650 1458 3711 quanto
1488 3640 1657 3710 magis
1694 3639 1972 3708 depravati

367 3747 522 3794 erant
554 3748 608 3792 et
636 3737 843 3790 mendis
872 3735 1143 3789 scatebunt
1163 3733 1362 3786 codices
1387 3730 1486 3793 illi,
1510 3731 1694 3802 quibus
1724 3740 1836 3783 tum
1865 3739 1974 3783 ute-

368 3832 554 3884 batur.
603 3827 795 3896 Neque
852 3825 982 3880 alibi
1035 3823 1428 3878 accuratiorem
1475 3822 1671 3877 horum
1723 3820 1972 3876 codicum

370 3920 811 3991 descriptionem
840 3917 1105 3972 invenire“
1121 3914 1292 3985 potui.

745 4011 1081 4067 Rittershusii
1113 4010 1275 4063 cades;
1297 4008 1608 4063 Bavaricus.

448 4107 662 4163 Eodem
688 4104 815 4174 jure
856 4099 1285 4156 Rittershusium
1315 4113 1532 4168 quoque
1565 4097 1877 4166 vituperare
1909 4094 1976 4150 li-

373 4210 492 4265 cet,
535 4198 745 4269 quippe
794 4194 891 4265 qui
927 4193 985 4247 in
1024 4190 1255 4261 epistola
1301 4189 1370 4244 ad
1415 4187 1611 4244 Ianum
1657 4186 1972 4265 Gruterum,

371 4288 610 4347 editioni
647 4286 771 4355 ejus
806 4282 1045 4355 praeﬁxa,
1074 4281 1212 4335 nihil
1240 4280 1308 4336 de
1334 4278 1543 4343 codice,
1570 4293 1680 4347 quo
1711 4292 1843 4332 usus
1871 4284 1974 4345 est,

371 4382 533 4441 dicit,
553 4393 724 4449 quam
749 4376 852 4432 sibi
882 4374 1033 4431 illum
1051 4389 1083 4429 e
1104 4368 1436 4429 bibliotheca
1457 4370 1721 4442 principis
1740 4369 1980 4427 Bavarite

374 4487 501 4529 esse
527 4470 819 4525 traditum.

452 4564 567 4618 Sed
611 4560 876 4617 Hardtius
906 4558 962 4612 in
991 4557 1238 4627 catalogo
1268 4550 1478 4610 CODD.
1511 4552 1645 4608 bibl.
1679 4567 1793 4623 reg.
1825 4552 1980 4617 itam,

375 4653 489 4709 vol.
522 4652 570 4714 ι,
607 4666 667 4721 p.
693 4649 824 4711 247,
852 4646 993 4701 248ε
1025 4644 1155 4699 Cod.
1184 4641 1375 4707 XLIX,
1413 4650 1487 4696 est
1526 4642 1856 4704 churtaceus,
1898 4641 1983 4694 in-

2059 2348 2434 2416 alphabeticus
2466 2351 2745 2407 initiorum
2784 2353 3134 2423 epistularum
3166 2374 3195 2412 a
3237 2358 3491 2414 GretSero
3519 2360 3638 2415 edi-

2063 2448 2169 2493 tus.
2202 2458 2219 2490 ι
3136 2468 3137 2471 η

2541 2533 2634 2590 fol.
2667 2535 2786 2590 175.
2814 2566 2886 2577 —-
2911 2537 3002 2591 fol.
3033 2540 3159 2593 250.

2133 2623 2361 2678 Exstant
2390 2624 2508 2680 alia:
2546 2628 2735 2682 lsidori
2770 2631 3014 2699 epistolae
3042 2631 3166 2697 489,
3203 2649 3433 2703 quarum
3469 2639 3641 2709 prima

2062 2715 2131 2770 ad
2162 2715 2341 2771 Nilum
2366 2717 2482 2785 (lib.
2508 2718 2550 2772 Ι.
2585 2734 2673 2789 ep.
2712 2720 2774 2791 ι),
2803 2722 2990 2777 ultima
3022 2724 3086 2779 ad
3117 2724 3395 2782 Zosimum
3429 2729 3544 2796 (lib.
3573 2728 3644 2787 11.

2064 2822 2152 2877 ep.
2181 2808 2331 2876 298.)
2364 2810 2566 2881 scripta
2593 2820 2696 2875 est,
2724 2829 2927 2884 easque
2964 2816 3222 2873 Hardtius
3251 2835 3374 2874 cum
3404 2822 3643 2879 editione

2064 2894 2291 2962 Veneta,
2325 2913 2447 2968 qua;
2485 2900 2686 2969 prodiit
2727 2917 2872 2956 anno
2900 2905 3057 2970 i745,
3088 2908 3336 2969 contulit,
3366 2912 3641 2980 quodque,

2067 2996 2128 3042 ut
2172 2988 2287 3058 ipse
2321 2989 2471 3056 dicit,
2521 2991 2577 3045 in
2621 2992 2709 3046 illa
2749 2993 3027 3049 diversum
3061 2995 3184 3062 fuit,
3227 3001 3451 3055 notavit.
3503 3001 3645 3057 Fieri

2068 3088 2249 3132 autem
2288 3094 2395 3133 non
2428 3080 2604 3149 potuit
2634 3082 2765 3151 quin
2800 3097 3012 3148 omnes,
3046 3100 3181 3154 quas
3216 3088 3501 3158 exscripsit
3533 3089 3644 3157 ille,

2070 3169 2352 3238 scriptura:
2412 3169 2752 3226 diversitates
2800 3174 2868 3227 ad
2914 3175 3263 3244 epistolarum
3311 3180 3648 3248 pertinerent

2071 3260 2483 3331 inscriptiones,
2534 3277 2656 3317 cum
2704 3264 2869 3318 latine
2926 3274 3135 3321 tantum
3183 3268 3235 3322 in
3275 3269 3362 3324 illa
3408 3271 3647 3326 editione

2072 3359 2289 3407 exstent
2335 3351 2529 3407 Isidori
2581 3353 2843 3423 epistolae.
2903 3355 3082 3422 Quare
3141 3374 3363 3428 operam
3422 3363 3647 3417 omnino

2072 3443 2287 3499 videtur
2324 3444 2644 3512 perdidisse,
2688 3448 3017 3515 prasertim,
3057 3463 3180 3503 cum
3235 3451 3416 3504 omnia
3462 3451 3575 3505 fere
3618 3468 3649 3507 a

2072 3533 2441 3590 Rittershusio
2497 3536 2609 3605 jam
2652 3544 2834 3592 notata
2874 3548 3076 3604 essent,
3120 3540 3205 3595 his
3245 3550 3453 3598 tantum
3492 3558 3651 3598 exce‘

2072 3625 2181 3695 ptis
2207 3642 2222 3680 :

2148 3716 2266 3771 Lib.
2312 3716 2354 3773 Ι.
2395 3732 2481 3787 ep.
2532 3718 2652 3784 594,
2693 3719 2813 3774 cod.
2858 3719 2987 3775 Bav.
3041 3721 3362 3792 Ἑκδίκῳ-
3386 3725 3473 3779 ed.
3510 3723 3647 3780 Ven.

2076 3807 2316 3863 Ecdicio.
2344 3838 2414 3850 —-
2452 3808 2544 3864 lib.
2589 3808 2652 3863 ll.
2698 3826 2786 3879 ep.
2831 3811 2951 3866 109.
2995 3810 3122 3867 Bav.
3161 3815 3387 3885 Μαρῶν.
3412 3847 3482 3856 -
3510 3816 3646 3871 Ven.

2076 3898 2277 3955 Marco.
2310 3900 2487 3956 -|ib.
2512 3900 2683 3971 ll.ep.
2708 3901 2827 3955 161.
2863 3901 2989 3956 Bav.
3032 3903 3376 3975 Ἀφροδισίῳ.
3408 3936 3479 3945 -——
3509 3906 3647 3961 Ven.

2075 3986 2358 4055 Aphrasio.
2393 4018 2465 4030 -—
2489 3988 2584 4042 lib.
2613 3987 2677 4043 ll.
2712 4004 2799 4058 ep.
2836 3990 2962 4044 255.
3002 3990 3132 4047 Bav.
3173 3992 3371 4066 Παύλῳ
3414 3995 3647 4067 πρεσϐυ-

2075 4078 2221 4150 τέρῳ
2252 4110 2317 4121 —-—
2338 4076 2474 4133 Ven.
2508 4079 2768 4133 Hermino
2797 4081 3002 4136 comiti.

2149 4168 2286 4223 Huic
2327 4184 2457 4223 vero
2496 4169 2633 4224 libro
2662 4173 3032 4242 manuscripto
3064 4173 3254 4230 similis
3291 4187 3375 4231 est
3406 4176 3653 4247 ejusdem

2077 4257 2418 4313 bibliotheca:
2466 4258 2586 4313 cod.
2632 4259 2719 4324 L.,
2774 4261 2828 4315 in
2877 4277 2986 4331 quo
3024 4262 3151 4317 inde
3192 4280 3223 4318 a
3261 4263 3355 4319 fol.
3391 4268 3495 4322 249
3543 4284 3651 4322 eae-

2079 4357 2205 4412 dem
2229 4364 2444 4412 exstant
2469 4356 2661 4412 lsidori
2693 4373 2817 4428 epp.
2852 4358 3106 4418 Hardtius
3127 4364 3274 4415 enim
3301 4362 3337 4415 l.
3375 4363 3409 4415 l.
3444 4376 3498 4431 p.
3523 4363 3650 4430 277,

2080 4449 2257 4516 Quum
2309 4451 2378 4504 ab
2434 4449 2517 4514 iis,
2560 4449 2756 4519 inquit,
2797 4468 2917 4521 quae
2961 4452 3015 4505 in
3054 4454 3176 4508 cod.
3226 4453 3311 4509 49.
3359 4454 3650 4524 habentur,

2076 4558 2193 4597 non
2233 4542 2515 4607 dill‘erant,
2566 4542 2821 4597 lectorem
2867 4542 2944 4597 ibi
2989 4543 3207 4601 remitto
3250 4545 3407 4615 plura
3454 4546 3656 4617 quaesi-

2085 4646 2290 4691 turum.

377 4746 522 4814 quit.
558 4743 747 4796 charta
782 4738 953 4793 solida
987 4740 1037 4789 et
1058 4735 1204 4801 (levi,
1241 4732 1409 4787 titulis
1454 4740 1503 4786 et
1541 4730 1832 4785 initialibus
1874 4731 1976 4783 mi-
2003 4735 2046 4792 ο
2147 4727 2481 4814 Cmteruma
2517 4721 3006 4814 [fertilia—edoctus
3043 4741 3165 4796 qute
3208 4726 3656 4784 Montelalconius

378 4836 569 4900 uictis,
604 4831 795 4885 Rtteris
824 4828 1044 4883 minutis
1085 4834 1134 4881 et
1177 4824 1523 4894 elegantibus,
1544 4838 1663 4876 cum
1700 4823 1980 4875 correctio-

378 4924 538 4979 nibus
569 4918 980 4990 marginalibus,
1012 4912 1251 4985 iri-folio,
1280 4929 1314 4965 a
1356 4909 1514 4965 Petro
1551 4907 1825 4965 Carneade
1861 4908 1984 4977 Epi-

378 5017 583 5074 dauria
635 5013 861 5068 Venetiis
909 5019 1196 5069 exoratus,
1233 5022 1357 5060 suac.
1402 5002 1544 5069 XVI,
1594 5003 1838 5074 foliorum
1885 5019 1984 5056 nu-

382 5125 535 5166 mero
564 5106 693 5167 4‘20,
723 5105 918 5173 optime
955 5107 1295 5155 conservatus
1323 5106 1373 5151 et
1410 5096 1716 5165 inscriptus.
1753 5112 1772 5146 ι
1799 5093 1987 5149 Conti-

384 5212 596 5259 “enm
617 5208 803 5253 autem
832 5209 899 5250 eo
922 5211 1022 5319 iot.
1058 5278 1094 5317 ι.
1129 5290 1198 5304 -
1219 5259 1316 5314 fol.
1346 5257 1468 5313 na

465 5383 487 5418 ι
538 5358 860 5415 Ἐπιστολαὶ
891 5354 988 5411 τοῦ
1005 5354 1163 5423 ἁγίου
1198 5349 1472 5419 ἰσιδώρου
1496 5346 1588 5403 τοῦ
1610 5346 1987 5419 Πηλουσιώτου

384 5458 472 5519 είς
518 5452 623 5524 τὴν
667 5448 972 5523 ἑρμηνείαν
1017 5446 1118 5515 τῆς
1154 5444 1307 5507 θείας
1340 5441 1563 5511 Γραφῆς
1597 5440 1726 5511 περὶ
1765 5440 1860 5510 τῆς
1895 5436 1989 5492 τοῦ

391 5546 601 5607 πάντος
629 5541 1002 5614 δημιουργίας
1040 5538 1121 5600 εἰς
1163 5534 1255 5588 τὸν
1305 5532 1570 5600 στέφανον
1602 5528 1854 5585 ἐνιαυτοῦ
1897 5530 1990 5584 καὶ

390 5635 591 5708 τροχοῦ
617 5634 912 5704 γενέσεως.
944 5658 1016 5673 α·-
1047 5627 1189 5681 Sunt
1227 5639 1353 5693 epp.
1392 5622 1514 5686 659,
1549 5636 1777 5691 quarum
1820 5620 1991 5691 prima

392 5728 463 5785 ad
493 5727 761 5783 [uitiorum
783 5722 1134 5794 episcopum,
1161 5715 1352 5771 ultima
1381 5713 1448 5768 ad
1472 5710 1696 5768 Paulum
1728 5708 1851 5766 data
1875 5716 1993 5775 est;

2080 4824 2138 4877 in
2169 4813 2305 4870 Bibl.
2336 4810 2458 4866 bibl.
2490 4826 2546 4880 p.
2582 4809 2705 4865 588.
2740 4810 2802 4866 E.
2839 4827 2895 4866 n.
2931 4828 3050 4868 xcv.
3072 4822 3128 4869 et
3156 4830 3295 4871 xcvr.
3336 4816 3402 4872 de
3446 4816 3658 4871 duobus

2085 4910 2171 4965 his
2214 4904 2369 4962 codd.
2404 4900 2622 4957 tradidit
2665 4902 2804 4955 facili
2851 4918 3016 4973 opera
3063 4913 3122 4959 et
3160 4907 3413 4976 supplere
3454 4906 3658 4976 poteris

2085 5009 2142 5056 et
2184 4995 2474 5066 corrigere.
2511 5022 2582 5033 —
2616 4991 2700 5047 Cf.
2747 4991 2936 5048 Harles
2983 4995 3049 5049 ad
3094 4992 3256 5050 Fabr.
3304 4995 3442 5051 Bibl.
3500 5011 3658 5067 graec.

2085 5090 2192 5146 vol.
2224 5085 2293 5141 Χ.
2325 5100 2444 5155 pag.
2468 5081 2592 5147 482,
2627 5082 2724 5136 lin.
2757 5083 3006 5137 2—lin.
3041 5084 3094 5138 7.

2161 5172 2369 5229 Dicenti
2405 5185 2535 5226 vero
2573 5169 2707 5224 mihi
2746 5169 2814 5225 de
2868 5168 3219 5226 Rittershusii
3263 5170 3450 5225 codice
3488 5169 3659 5226 Bava-

2088 5262 2204 5317 rico
2248 5261 2407 5314 liccat
2444 5256 2608 5312 etiam
2651 5257 2788 5311 alios
2830 5257 3076 5324 ejusdem
3120 5257 3463 5313 bibliothecae
3509 5273 3661 5311 com-

2088 5361 2390 5405 memorare
2435 5344 2603 5399 libros
2658 5344 3093 5415 manuscriptos,
3132 5344 3187 5399 in
3232 5346 3428 5416 quibus
3469 5343 3662 5398 Isidori

2089 5441 2441 5513 epistolarum
2468 5445 2657 5492 extant
2696 5438 3012 5507 fragmenta.

2160 5528 2293 5583 Cod.
2321 5540 2585 5581 cccxxvu.
2622 5523 2715 5579 fol.
2758 5525 2882 5581 352.
2912 5523 3019 5578 Τοῦ
3051 5523 3211 5591 ἁγίου
3257 5517 3524 5587 ἰσιδώρου
3567 5515 3663 5573 τοῦ

2092 5618 2471 5690 Πηλουσιώτου
2532 5616 2821 5688 ἀπόκρισις
2860 5618 3001 5689 περὶν
3026 5616 3123 5685 τῆς
3164 5607 3526 5682 βραχυλογίας
3567 5609 3662 5663 τοῦ

2095 5709 2288 5778 Πάτερ
2314 5706 2595 5778 ήμῶν.-τ
2617 5705 2691 5764 cf.
2716 5702 2903 5762 Hardt.
2935 5706 2973 5759 l.
3004 5705 3040 5760 l.
3072 5702 3189 5759 Vol.
3216 5696 3303 5757 ill.
3340 5715 3395 5770 p.
3430 5698 3556 5756 105.
