4118 6402
529 342 602 408 re
1514 340 1617 402 an
1653 336 1959 399 PARTEM
1996 317 2059 395 lt
2091 328 2762 395 COMMENTATIONIS
3513 275 3519 280 ’
3704 315 3778 377 se

595 452 731 510 Cod.
775 467 1047 508 eccum.
1090 451 1356 524 Ἰσιδώρου
1397 449 1491 504 τοῦ
1543 449 1920 521 Πηλουσιώτου
1969 447 2099 520 περὶ

2205 451 2339 520 plut.
2375 449 2462 505 86.
2505 453 2722 500 exstare
2764 440 3014 503 allirmat,
3049 450 3278 508 quarum
3316 431 3585 502 duplicem
3626 427 3780 484 demt

523 547 622 616 τῆς
653 544 748 598 τοῦ
777 545 1030 615 Σωτῆρος
1061 543 1216 615 ἡμῶν
1245 543 1611 606 ἀναστάσεως.
1641 572 1714 582 —

599 634 720 688 lnit.
743 633 880 688 Δίαν
917 633 1182 704 θαυμάζω
1205 634 1299 687 καὶ
1349 633 1722 704 ὲκπλήττομαι
1750 659 1820 670 —

597 725 718 780 Fin.
737 757 808 766 —
837 725 911 796 μὴ
943 724 1301 795 ἠληθευκέναι
1323 723 1791 796 δυσχυριζόμενοι.

528 815 610 873 Cf.
640 816 829 870 Hardt.
851 814 889 870 l.
916 815 956 868 l.
989 815 1094 870 vol.
1119 832 1190 878 IV,
1223 832 1256 885 p
1317 815 1439 870 181.

1102 925 1304 983 Schotti
1329 927 1523 982 Codex.

595 1040 686 1096 Uti
724 1040 1030 1100 Chatardus
1077 1051 1132 1097 et
1172 1040 1689 1099 Rittershusius,ita
1734 1037 1994 1092 Schottus
2032 1035 2100 1094 de

525 1133 731 1200 codice,
766 1149 875 1204 quo
914 1149 1044 1189 usus
1067 1144 1171 1198 est,
1199 1131 1460 1188 Vaticano
1485 1131 1622 1186 nihil
1646 1130 1801 1186 dixit.

871 1247 1138 1302 Francisci
1171 1247 1386 1302 Arcadii
1413 1247 1612 1300 codices
1642 1262 1753 1300 sex.

594 1333 889 1390 Vaticanus
922 1337 1048 1391 649.

595 1425 886 1485 Vaticanus
913 1423 1036 1481 650.

592 1515 864 1569 Altmmsis
896 1516 946 1568 1.

590 1603 869 1660 Altmmsis
892 1604 948 1660 2.

595 1692 922 1762 Slortianus,
955 1695 1047 1765 qui
1082 1695 1224 1750 idem
1252 1695 1482 1751 forsitan
1513 1704 1595 1752 est
1615 1707 1776 1767 atque
1808 1695 1917 1761 ille,
1939 1709 2100 1765 quem

2207 540 2601 600 recensionem,
2639 535 2863 589 alteram
2901 529 3197 586 secundum
3253 526 3504 580 ordinem
3548 536 3658 592 quo
3689 520 3779 574 lit-

2204 642 2336 688 teras
2365 632 2419 686 in
2467 629 2706 684 codicem
2750 623 3099 685 exhibentur,
3130 618 3395 690 appositis
3436 615 3774 685 singularum

2203 723 2391 787 initiis,
2417 723 2637 776 alteram
2673 716 2972 772 secundum
3002 714 3208 767 litteras
3237 707 3531 780 alphabeti.
3563 733 3636 746 —
3665 703 3775 758 Ne-

2202 816 2315 870 scio
2335 824 2515 868 autem
2544 827 2673 866 num
2701 809 2790 864 hic
2815 808 2986 864 codex
3015 805 3155 858 idem
3184 803 3273 866 sit,
3301 810 3465 870 atque
3484 799 3592 858 ille,
3611 809 3777 866 quem

2203 901 2654 958 Mantel‘alconius
2683 901 2720 954 l.
2753 899 2789 952 I.
2824 916 2877 968 p.
2907 895 3029 960 406,
3054 895 3096 948 Α
3125 893 3179 946 in
3211 891 3402 946 eadem
3443 887 3774 944 bibliotheca

2201 1004 2434 1060 exstare,
2461 1003 2516 1048 et
2543 1007 2664 1062 epp.
2701 989 2805 1045 512
2833 987 3115 1043 continere
3147 981 3388 1038 tradidit.

2414 1089 2626 1144 Codices
2672 1085 2989 1140 bibliothecae
3023 1081 3083 1136 S.
3116 1077 3289 1133 Marci
3321 1071 3564 1131 Venetiis.

2272 1181 2314 1250 Ι)
2341 1181 2458 1236 lam
2481 1178 2662 1234 Sixtus
2689 1175 2950 1231 Senensis
2981 1174 3034 1226 in
3067 1178 3260 1240 quarto
3287 1165 3627 1222 bibliothecae
3646 1177 3779 1218 san-

2201 1247 2305 1328 ctae
2343 1269 2482 1324 libro
2513 1283 2573 1322 se
2606 1265 2872 1330 codicem,
2905 1259 3093 1316 lsidori
3131 1255 3388 1326 epistolas
3424 1251 3560 1306 1148
3596 1247 3778 1303 conti-

2202 1373 2444 1429 nentem,
2489 1361 2561 1416 ibi
2606 1359 2872 1430 reperisse
2925 1355 3167 1418 tradidit,
3213 1349 3593 1415 eamdemque,
3639 1351 3776 1398 teste

2201 1453 2468 1516 Fabricio,
2523 1447 2994 1509 blontefalconius,
3044 1445 3096 1498 in
3138 1441 3312 1497 diario
3359 1437 3542 1491 llalieo
3576 1450 3632 1504 p.
3682 1433 3772 1494 42,

2201 1547 2400 1602 saeculo
2440 1544 2579 1610 XIV,
2628 1549 2906 1596 exaratum
2953 1548 3282 1594 memorans,
3331 1527 3591 1599 epistolas
3635 1523 3775 1578 1ἓο0

2201 1636 2484 1690 continere
2534 1639 2796 1694 testatur;
2835 1626 3161 1698 quibuscum
3215 1618 3465 1675 conferas
3512 1615 3778 1668 librorum

2202 1727 2714 1796 manuscriptorum,
2760 1734 2896 1790 quos
2933 1713 3218 1770 Bessarion
3260 1709 3588 1764 Venetorum
3631 1705 3778 1758 dono

523 1776 996 1881 Montefalconius,
1025 1786 1240 1881 codices
1281 1788 1580 1881 Cardinalis
1613 1788 1828 1844 Sfortia:
1870 1803 2098 1842 enume-
2134 1827 2172 1880 Β
2199 1776 2986 1881 ὲξῶίῶξνεέωίοῧυω,
3026 1819 3191 1876 quem
3237 1801 3381 1856 idem
3419 1793 3774 1850 Montel'alco-

524 1892 672 1942 rans,
703 1907 772 1918 -—
799 1877 868 1932 cf.
907 1878 1094 1948 Ejusd.
1119 1877 1258 1933 Bibl.
1303 1878 1425 1932 bibl.
1464 1896 1516 1950 p.
1550 1879 1676 1947 699,
1718 1880 1781 1934 D.
1811 1909 1881 1920 —
1905 1878 2098 1934 lsidori

523 1983 648 2038 epp.
669 1969 756 2024 58.
780 1969 1059 2026 continere
1085 1971 1319 2026 tradidit.
1343 1970 1609 2027 Caeterum
1643 1973 1696 2026 in
1725 1973 1834 2026 alio
1857 1971 2099 2040 ejusdem

524 2059 866 2114 bibliotheca:
895 2061 1266 2132 manuscripto
1293 2071 1507 2117 exstant
1528 2063 1815 2118 Pelusiotae
1832 2063 1901 2118 ad
1924 2061 2102 2116 Theo-

522 2158 776 2220 gnostum
812 2152 1190 2223 presbyterum
1237 2153 1304 2208 de
1353 2153 1534 2209 triduo
1571 2153 2004 2215 resurrectionis,
2047 2161 2103 2208 et

417 2313 428 2323 ι
520 2242 590 2296 ad
633 2241 982 2298 Timotheum
1011 2243 1272 2298 lectorem
1301 2243 1370 2299 de
1400 2245 1590 2302 eadem
1620 2260 1679 2300 re
1711 2244 1978 2316 epistolae.
2015 2242 2097 2299 Cl.

521 2334 833 2390 Montel'alc.
865 2335 904 2390 l.
931 2336 970 2390 Ι.
1003 2350 1060 2406 p.
1087 2335 1213 2402 699,
1247 2334 1308 2390 Β.

595 2426 923 2481 Barberinus
952 2426 1004 2481 6.

594 2516 671 2572 De
695 2517 949 2573 omnibus
977 2517 1062 2572 his
1089 2533 1192 2574 nos
1223 2533 1441 2589 quoque
1468 2521 1776 2575 accuratius
1804 2535 1964 2592 agere
1991 2535 2102 2576 non

527 2625 838 2680 possumus,
863 2609 992 2678 quia
1021 2609 1216 2665 Petrus
1247 2609 1526 2678 Possinus,
1553 2615 1645 2681 qui
1677 2612 1899 2667 Arcudii
1935 2611 2104 2667 edidit

525 2700 863 2766 collationes,
895 2716 966 2755 ne
989 2701 1158 2756 verbo
1185 2701 1408 2771 quidem
1429 2701 1549 2756 illos
1581 2703 1901 2773 descripsit;
1927 2717 2106 2772 neque

524 2792 584 2848 in
622 2792 743 2848 aliis
791 2793 1044 2851 codicum
1086 2793 1344 2864 catalogis
1389 2793 1610 2850 eosdem
1652 2803 2104 2851 commemoratos

525 2884 858 2945 invenimus.

739 2997 912 3054 Codex
943 2997 1262 3054 bibliothecae
1296 2999 1596 3056 Cardinalis
1623 2996 1868 3056 Ottoboni

527 3114 773 3210 eoptipet
813 3111 1003 3168 lsidori
1041 3111 1300 3186 epistolas
1344 3113 1414 3168 Μ.
1439 3144 1507 3154 -
1535 3114 1620 3169 Cl‘.
1665 3113 1855 3172 Montt‘.
1902 3113 1940 3168 l.
1974 3113 2010 3168 l.
2045 3129 2098 3185 p.
2129 3151 2174 3210 ο

530 3197 634 3256 185
659 3198 727 3253 Δ.

800 3288 976 3346 Codex
1005 3292 1308 3344 monasterii
1332 3291 1541 3363 Crypta:
1573 3288 1622 3343 F
1623 3301 1816 3345 errata:

527 3395 672 3436 anno
707 3381 814 3436 986
841 3389 963 3450 post
1009 3380 1287 3436 Christum
1326 3381 1579 3452 scriptus,
1627 3383 1873 3438 continet
1911 3381 2104 3436 lsidori

527 3488 656 3543 epp.
682 3471 850 3538 1600;
871 3471 942 3527 cf.
967 3472 1158 3528 Montl'.
1178 3473 1218 3531 Ι.
1240 3473 1276 3528 l.
1319 3485 1374 3542 p.
1391 3473 1510 3541 199,
1530 3472 1587 3527 Β.
1607 3503 1674 3514 --
1691 3474 1943 3543 Ejusdem
1965 3475 2102 3527 diar.

529 3563 648 3618 Ital.
682 3579 736 3634 p.
770 3564 895 3640 568.
921 3594 989 3605 —
1024 3563 1280 3635 Ejusdem
1308 3565 1703 3636 Palicographia
1733 3581 1904 3636 graeca
1926 3583 1979 3636 p.
2011 3565 2118 3628 45,.

527 3667 594 3709 ex
619 3653 709 3709 ed.
737 3653 858 3708 Par.
892 3653 1048 3708 1708.

776 3765 948 3824 Codex
975 3768 1026 3820 in
1057 3767 1242 3839 aliqua
1268 3765 1574 3822 bibliotheca
1603 3767 1864 3835 Romana,

531 3881 692 3952 cuius
727 3897 930 3936 nomen
970 3881 1171 3936 excidit
1215 3879 1632 3936 Montelalconio
1656 3923 1670 3946 ,
1704 3883 1950 3936 continet
2004 3881 2105 3936 lsi-

439 4006 442 4010 -
530 3971 684 4033 dori,
730 3970 944 4041 Synesii
979 3978 1035 4026 et
1077 3970 1290 4026 Libauii
1328 3971 1604 4041 epistolas.
1645 3970 1728 4026 Cf.
1759 3970 1947 4027 Montf.
1991 3971 2029 4025 l.
2065 3971 2101 4024 l.

527 4082 586 4140 ρ.
611 4063 740 4131 201,
763 4061 826 4116 D.

1020 4151 1232 4210 Codices
1255 4153 1626 4209 Laurentiani.

599 4267 900 4324 Bandinius
944 4267 1002 4322 in
1047 4266 1290 4337 catalogo
1330 4267 1488 4322 codd.
1531 4283 1612 4339 gr.
1667 4268 1798 4322 bibl.
1845 4267 2102 4322 Laurent.

527 4359 636 4414 vol.
665 4359 730 4422 ll,
767 4375 818 4428 p.
851 4357 977 4424 606,
1017 4374 1076 4414 ιι.
1107 4373 1226 4414 vm.
1258 4359 1446 4413 codice
1472 4374 1590 4426 xw,
1615 4356 1781 4430 plutei
1817 4356 1910 4413 60»
1939 4358 2106 4413 conti~

527 4451 645 4506 neri
674 4450 836 4505 tradit
867 4468 886 4504 :-

600 4543 705 4597 Τοῦ
744 4543 904 4612 ἁγίου
948 4541 1222 4616 Ίσιδὼρου
1256 4543 1350 4597 τοῦ
1395 4542 1780 4612 Πηλουσιώτου
1821 4543 2106 4596 ἐπιστολαὶ

530 4637 627 4688 σὺν
649 4633 988 4704 τεχνολογίᾳ.
1014 4632 1154 4688 Sunt
1186 4642 1368 4689 autem
1404 4635 1650 4705 epistola:
1675 4634 1865 4689 decem
1896 4651 1914 4688 :

601 4725 652 4794 1)
693 4723 990 4794 Ζηνοδότῳ.
1026 4723 1132 4780 inc.
1165 4725 1226 4777 Ei
1256 4725 1350 4778 xui.
1372 4725 1496 4778 Νῶε
1529 4725 1632 4794 τῆς
1657 4726 1861 4788 οἰκείας
1883 4753 1952 4767 -

596 4814 654 4886 2)
689 4813 958 4884 Ζευσίμῳ.
993 4814 1100 4868 inc.
1142 4813 1344 4880 Ἡδέως
1376 4814 1442 4868 ἂν
1466 4815 1696 4886 ἐροίμην
1731 4831 1790 4868 σε
1818 4845 1890 4855 -

597 4906 653 4977 3)
693 4905 808 4960 Οὐκ
829 4903 975 4959 ἐστιν
1000 4905 1218 4972 ἀδελφοὶ
1243 4906 1530 4976 ἀσκήσεως
1568 4907 1904 4978 πληροφορία
1936 4937 2004 4948 -

596 4995 653 5060 4)
706 4996 764 5049 ὐ
791 4994 887 5048 τοῦ
919 4994 1058 5048 Θεοῦ
1083 4997 1262 5066 ἱερεὺς
1287 4995 1476 5066 ἐπειδὴ
1510 4997 1718 5064 ἐγγίζει
1740 5025 1808 5035 -

597 5088 654 5158 5)
693 5087 852 5160 Ζύμῃ
879 5089 912 5158 ἡ
945 5085 1190 5156 βασιλεία
1223 5087 1332 5140 τῶν
1369 5087 1616 5158 οὐρανῶν
1652 5087 2007 5158 ἀφωμοίωται
2037 5119 2109 5134 -

599 5178 653 5243 6)
689 5178 810 5251 Χρὴ
844 5179 971 5241 τοὺς
1002 5179 1102 5250 τὴν
1131 5179 1479 5250 ἀνθρωπίνην
1503 5179 1781 5246 εὐγένειαν
1805 5196 1876 5219 -δ-

601 5272 654 5340 7)
697 5270 904 5341 ’Ὠσπερ
933 5271 984 5322 οἱ
1020 5271 1267 5324 ναυτικοὶ
1305 5268 1643 5342 βρώματι-

599 5361 655 5430 8)
697 5362 760 5414 Ei
797 5360 976 5428 λόγοις
1013 5360 1274 5432 ὲτρὼθεις
1297 5391 1368 5402 --

599 5453 654 5524 9)
699 5453 900 5524 "Apto;
920 5456 948 5508 ὁ
979 5454 1182 5526 Κύριος
1208 5453 1471 5526 κέκληται
1502 5485 1568 5496 -

606 5545 689 5616 10)
723 5545 970 5617 Εὐσεὸίῳ
1011 5546 1317 5616 ἐπισκόπῳ.
1349 5547 1460 5602 inc.
1508 5545 1767 5600 Ἦδύνασο
1797 5548 2112 5618 ἐπικουρεῖν⁴

535 5639 641 5700 τοῖς
695 5635 946 5708 βοηθείας
987 5635 1422 5708 προσδεομένοις.
1467 5637 1614 5692 Idem
1656 5637 1951 5693 Bandinius
1998 5639 2032 5695 l.
2065 5639 2101 5692 l.

539 5730 639 5789 vol.
675 5727 760 5783 Ill.
798 5745 853 5798 p.
886 5729 1010 5794 298,
1049 5744 1102 5783 n.
1133 5745 1203 5784 ιν.
1234 5729 1425 5786 lsidori
1457 5745 1582 5801 epp:
1612 5729 1712 5786 411
1743 5732 1800 5788 in
1831 5731 1952 5789 cod.
1984 5746 2102 5786 vm.

2203 1909 2330 1964 nius
2369 1908 2424 1962 in
2464 1907 2600 1961 Bibl.
2641 1903 2763 1958 bibl.
2792 1919 2848 1972 p.
2875 1897 3113 1955 467-477
3137 1893 3380 1950 exhibet.
3425 1887 3776 1942 Commemo-

2203 2011 2354 2054 ratur
2372 1999 2516 2053 enim
2541 1997 2596 2050 in
2619 1996 2723 2050 hoc
2744 2009 2796 2064 p.
2811 1991 2936 2054 475,
2958 1988 3004 2042 Α
3033 1983 3221 2040 lsidori
3251 1977 3600 2050 epistolarum
3639 1973 3776 2027 1148

2202 2090 2370 2144 codex
2395 2090 2738 2142 chartaeeus.
2763 2083 2942 2138 Finito
2972 2088 3154 2134 autem
3177 2076 3282 2130 hoc
3308 2071 3550 2140 catalogo
3574 2083 3627 2138 p.
3647 2068 3772 2130 477,

2203 2183 2281 2236 Ex
2317 2189 2486 2245 tanta,
2515 2179 2692 2248 inquit
2727 2170 3194 2232 Montel'alconius,
3265 2161 3600 2236 supellectile
3635 2160 3778 2214 hanc

2202 2273 2377 2328 solum
2406 2269 2779 2326 brevissimam
2803 2264 3052 2320 codicum
3087 2269 3270 2315 notam
3302 2255 3548 2323 accipere
3574 2249 3725 2320 potui
3757 2264 3772 2302 :

2279 2383 2298 2416 ί
2333 2362 2517 2418 Codex
2563 2359 2746 2415 saeculi
2778 2355 2918 2411 XIV.
2977 2348 3289 2406 Ἐπιστολαὶ
3323 2345 3418 2398 τοῦ
3463 2343 3618 2410 ἁγίου
3653 2341 3778 2392 Ἰσι-

2201 2453 2375 2524 δώρου
2399 2450 2494 2506 τοῦ
2523 2446 2904 2520 Πηλουσιώτου
2933 2446 3013 2507 εἰς
3049 2441 3149 2508 τὴν
3185 2435 3477 2509 ἑρμηνείαν
3503 2431 3600 2500 τῆς
3624 2427 3777 2492 Θείας

2203 2548 2443 2618 Γραφῆς·
2470 2546 2597 2616 περὶ
2624 2547 2723 2616 τῆς
2747 2541 2842 2596 τοῦ
2869 2538 3067 2601 παντὸς
3081 2530 3459 2606 δημιουργίας.
3477 2524 3779 2580 —lnitium

2203 2614 2444 2703 epistolae
2474 2614 2661 2702 prima:
2680 2614 2763 2685 est
2791 2627 2978 2696 ἐπειδὴ
3017 2623 3275 2702 κοχλικόν
3319 2621 3434 2672 ἐστι
3468 2615 3562 2669 τοῦ
3583 2614 3781 2684 χρόνου

2201 2697 2264 2776 ab
2289 2697 2570 2794 σχῆμα-
2597 2721 2724 2791 (hoc
2761 2719 2926 2774 etiam
2959 2715 3026 2770 ab
3059 2697 3221 2771 Sixto
3267 2707 3497 2764 Senensi
3530 2712 3782 2760 notatum

2205 2815 2348 2884 fuit.)
2371 2843 2442 2856 --
2470 2812 2724 2883 Epistolze
2752 2809 2934 2880 igitur,
2960 2807 3032 2860 ita
3053 2803 3196 2860 enim
3220 2800 3414 2872 pergit,
3440 2797 3508 2852 ad
3533 2795 3780 2851 diversos

2205 2909 2386 2963 missae
2409 2921 2639 2961 numero
2673 2902 2810 2958 1200
2837 2915 2958 2971 quae
2989 2898 3054 2952 ad
3088 2890 3590 2964 interpretationem
3610 2900 3780 2942 sacra

2204 2999 2496 3068 Scriptum
2521 2995 2829 3058 conferunt,
2848 2989 3146 3046 secundum
3167 2985 3414 3040 ordinem
3441 2979 3701 3034 librorum
3723 2981 3782 3029 et

2207 3087 2540 3146 versuumV.
2561 3085 2698 3142 etN.
2723 3085 2787 3139 T.
2808 3084 3029 3153 digestae
3057 3086 3203 3134 sunt.
3271 3074 3405 3132 Cum
3431 3081 3611 3128 autem
3637 3069 3781 3122 inter

2207 3179 2397 3235 lsidori
2435 3176 2713 3248 epistolas,
2735 3188 2854 3243 quae
2873 3171 2940 3224 ad
2973 3177 3053 3222 ter
3081 3167 3228 3222 mille
3255 3178 3400 3219 casae
3427 3175 3576 3220 sunt.
3595 3157 3780 3214 multa

2206 3269 2260 3325 in
2282 3265 2634 3338 explanandis
2661 3278 2831 3318 sacrae
2862 3260 3156 3328 Scriptura:
3179 3254 3314 3308 locis
3341 3259 3642 3310 versentur,
3667 3261 3779 3301 non

2205 3361 2380 3416 ausim
2414 3359 2596 3413 dicere
2625 3353 2842 3410 easdem
2883 3357 2974 3404 aut
3001 3349 3244 3404 diversas
3275 3359 3398 3398 esse
3427 3341 3496 3396 ab
3533 3339 3620 3403 iis,
3658 3353 3780 3406 qua:

2206 3453 2260 3507 in
2296 3452 2400 3506 isto
2446 3447 2634 3502 codice
2678 3449 3014 3512 comparent.
3057 3457 3075 3488 ι
3116 3437 3390 3490 Hactenus
3425 3427 3779 3485 blontelalco-

2205 3544 2349 3598 nius.
2391 3538 2669 3594 Fabricius
2692 3551 2822 3589 vero
2849 3549 2912 3588 ex
2945 3529 3150 3586 codicis
3179 3527 3355 3586 initio.
3379 3522 3566 3592 ἐπειδὴ
3595 3519 3783 3574 κυκλι-

2203 3637 2301 3690 κόν
2329 3635 2444 3685 ἐστι
2470 3659 2540 3670 -
2567 3627 2733 3697 quod,
2763 3625 2838 3678 uti
2859 3625 2968 3690 jam
2999 3637 3029 3674 a
3051 3619 3229 3674 Caveo
3261 3625 3506 3670 notatum
3531 3613 3620 3674 sit,
3646 3607 3782 3662 nulli

2205 3743 2272 3784 ex
2301 3725 2460 3782 editis
2490 3727 2772 3792 congruat,
2808 3718 2990 3786 plures
3031 3715 3084 3767 in
3113 3715 3218 3768 hoc
3251 3709 3438 3766 codice
3471 3707 3641 3760 latere
3680 3700 3781 3754 lsi-

2206 3818 2324 3876 dori
2370 3814 2630 3884 epistolas
2669 3811 2848 3864 adhuc
2888 3807 3120 3861 ineditas
3153 3801 3385 3871 collegit.
3432 3797 3538 3851 Sed
3581 3792 3785 3849 erravit

2207 3912 2290 3968 vir
2315 3882 2515 3976 alioqui
2555 3910 2746 3958 cautus
2773 3909 2828 3955 et
2852 3899 3101 3968 diligens.
3139 3892 3350 3948 Etenim
3394 3887 3525 3942 illud
3553 3893 3638 3940 est
3671 3882 3784 3937 ini-

2208 4004 2340 4058 tium
2377 3974 2566 4070 primaa
2600 3994 2722 4048 libri
2739 3991 2928 4062 'quarti
2965 3988 3243 4058 epistolze;
3279 3981 3422 4052 quod
3447 3979 3558 4048 jam
3599 3992 3629 4030 a
3662 3974 3785 4028 Rit-

2193 4065 2482 4146 tershusio
2509 4086 2562 4140 in
2594 4093 2720 4138 nota
2756 4082 2824 4136 ad
2857 4083 2996 4135 hanc
3019 4076 3300 4148 epistolam
3334 4069 3574 4128 secunda
3610 4065 3788 4120 aduo-

2209 4189 2379 4238 tatum
2405 4178 2584 4240 video,
2619 4176 2674 4230 in
2707 4190 2813 4245 qua
2845 4173 2954 4236 ille,
2986 4169 3044 4225 ld
3067 4167 3223 4232 mihi,
3247 4164 3441 4233 inquit,
3469 4161 3600 4215 satis
3623 4173 3787 4226 argu-

2208 4269 2376 4326 menti
2403 4277 2489 4324 est
2520 4274 2722 4338 praeter
2761 4264 2886 4328 alia,
2924 4277 3046 4331 quae
3073 4257 3219 4315 domi
3254 4254 3448 4317 habeo,
3489 4266 3555 4304 ex
3595 4247 3786 4302 codice

2207 4357 2300 4417 illo
2337 4359 2544 4414 Veneto
2570 4355 2908 4419 Bavaricum,
2939 4353 3082 4408 unde
3125 4352 3222 4405 has
3247 4343 3504 4416 epistolas
3527 4342 3787 4410 deprom-

2211 4462 2328 4522 ptas
2360 4450 2564 4521 publici
2593 4449 2732 4519 juris
2778 4445 2934 4516 primi
2981 4443 3229 4502 fecimus,
3271 4436 3606 4504 descriptum
3639 4445 3784 4486 esse.

2209 4520 2386 4610 Quare
2431 4550 2486 4597 et
2534 4543 2589 4596 in
2633 4537 2888 4596 editionis
2935 4552 3047 4590 sua:
3093 4532 3249 4588 titulo
3290 4526 3482 4584 excudi
3528 4520 3739 4578 curavit
3767 4537 3796 4574 επ

2215 4659 2232 4691 ε
2269 4637 2504 4704 Quartus
2537 4635 2673 4689 liber
2703 4647 2847 4688 nunc
2877 4629 3108 4700 primum
3141 4625 3252 4678 exit
3283 4635 3476 4680 novus.
3500 4632 3567 4672 ex
3592 4613 3787 4700 eodem

2209 4729 2330 4784 cod.
2377 4728 2530 4790 Bav.,
2572 4725 2659 4780 cui
2711 4721 2954 4776 Venetus
2988 4719 3043 4772 in
3079 4714 3216 4770 Bibl.
3260 4712 3318 4767 S.
3356 4708 3516 4764 Marci
3553 4717 3787 4774 respon-

2209 4820 2320 4875 det.
2354 4837 2372 4869 ι
2411 4819 2480 4874 Ει
2507 4832 2636 4871 sane
2675 4815 2726 4868 id
2769 4813 2934 4882 hujus
2963 4809 3063 4863 viri
3106 4807 3250 4861 lavet
3292 4799 3598 4862 sententie,
3638 4802 3789 4864 quort

2210 4907 2463 4961 Hardtius
2499 4905 2555 4958 in
2595 4902 2835 4970 catalogo
2884 4913 3036 4952 cono.
3068 4895 3200 4950 bibl.
3237 4893 3389 4958 Bav.,
3427 4889 3583 4957 cujus
3622 4882 3789 4940 verba

2208 5013 2372 5068 supra
2422 5013 2453 5050 a
2494 4995 2653 5049 nobis
2697 4993 2856 5046 :ﬂlata
2891 4997 3038 5050 sunt,
3073 4981 3427 5040 Rittershusii
3471 4977 3712 5033 codicem
3753 4989 3789 5025 ει

2211 5067 2370 5144 Petro
2406 5085 2685 5142 Carneade
2729 5080 3018 5152 Epidaurio
3059 5093 3182 5134 saec.
3216 5073 3352 5130 XVI.
3381 5067 3627 5126 Venetiis
3655 5079 3788 5120 exa-

2209 5189 2384 5235 ratum
2407 5191 2526 5232 esse
2564 5173 2798 5230 tradidit.

2283 5268 2389 5324 Sed
2439 5275 2560 5322 utut
2603 5267 2718 5320 haec
2753 5264 2881 5329 sint,
2914 5263 2967 5317 id
2998 5261 3174 5315 habeo
3215 5253 3602 5316 certissimum,
3638 5249 3785 5320 quod

2211 5359 2532 5416 Laurentius
2572 5357 2888 5426 Theupulus
2936 5354 2989 5408 in
3023 5366 3196 5423 grwca
3245 5347 3354 5402 disi
3391 5344 3553 5398 Marci
3590 5341 3787 5426 biblio-

2212 5455 2366 5508 theca
2391 5451 2640 5515 alilrmat,
2673 5449 2898 5513 scilicet,
2915 5454 3127 5500 exstare
3153 5443 3207 5496 in
3224 5439 3411 5494 codice
3434 5425 3787 5500 cxxvufchar-

2209 5557 2382 5610 taceo,
2419 5545 2512 5614 qui
2555 5558 2680 5598 saec.
2710 5538 2848 5594 XIV.
2887 5545 3165 5593 exaratum
3199 5531 3290 5596 sit,
3317 5530 3374 5584 S.
3407 5527 3597 5583 lsidori
3631 5525 3790 5580 Pelu-

2209 5638 2360 5694 siotae
2385 5635 2641 5708 epistolas
2675 5634 2807 5688 11-18
2827 5674 2841 5699 ,
2871 5645 3070 5699 easque
3095 5639 3286 5682 omnes
3313 5623 3368 5677 in
3401 5619 3642 5677 editione
3681 5615 3783 5670 Pa-

2211 5730 2426 5788 risiensi
2469 5730 2580 5799 jam
2621 5741 2848 5784 excusas
2886 5739 3028 5781 esse.
3060 5728 3256 5793 printer
3291 5730 3452 5772 unam
3493 5709 3656 5768 Paulo
3698 5706 3788 5764 iu-
