4118 6426
535 312 608 379 59
1660 310 2124 375 COMMENTAT

2227 311 2337 371 11S
2376 312 2568 371 PARS
2609 311 2720 371 111.

2155 431 2203 486 Α
2301 424 2420 482 Lib.
2468 443 2504 480 ι.
2549 441 2638 495 ep.
2681 427 2734 489 2,
2783 425 2839 488 6,
2877 426 2930 489 9,
2977 425 3060 492 ιο,
3105 424 3191 490 15,
3236 423 3322 489 ιι,
3368 423 3454 487 ιδ,
3503 424 3585 488 12,
3626 420 3682 488 8,
3720 423 3816 491 ξιτ,

607 425 743 480 Cod.
778 440 1042 492 quxm,
1070 442 1127 481 ιι.
1159 425 1213 492 6,
1242 426 1531 497 epistolam
1565 426 1633 481 ad
1657 425 1876 497 Cyrum.

611 517 881 643 P:aterea
927 535 1048 590 qua
1097 534 1260 590 supra
1304 520 1417 589 jam
1466 519 1752 574 attulimus
1787 516 2118 574 conferenda

537 601 641 643 sun
675 632 688 644 .

912 716 917 720 '
1023 706 1237 760 Codices
1270 705 1636 761 Taurinenses.

611 822 793 877 Codex
842 837 1041 886 CLxxu,
1078 821 1175 876 fol.
1212 838 1226 875 ι
1260 855 1325 864 -
1359 822 1449 877 fol.
1506 822 1589 877 16.
1622 822 1817 877 Isidori
1850 820 2118 891 epistola.

538 943 609 954 —
652 914 734 969 Cf.
794 916 953 968 catal.
1011 929 1163 969 cono.
1216 915 1380 984 hujus
1432 915 1564 969 bibl.
1611 923 1835 970 auctore
1881 915 2121 984 Josepbo

540 1002 735 1059 Pasino
779 1008 886 1061 vol.
922 1006 961 1072 I,
996 1023 1051 1078 p.
1094 1006 1220 1062 259.
1250 1037 1318 1047 —
1358 1006 1666 1062 Montel‘alc.
1713 1004 1852 1062 Bibl.
1899 1005 2021 1060 bibl.
2061 1021 2117 1077 p.

542 1097 701 1162 1598,
747 1098 787 1150 E

612 1193 761 1247 Idem
802 1192 1253 1247 Montefalconius
1306 1209 1361 1263 p.
1394 1193 1527 1248 1597
1559 1192 1601 1245 A
1630 1193 1874 1247 codicem
1908 1201 2121 1248 exstare

545 1286 766 1339 tradidit
797 1286 963 1340 haece
991 1288 1044 1339 in
1059 1285 1408 1346 bibliotheca.
1442 1285 1495 1337 in
1530 1301 1639 1353 quo
1676 1294 1957 1340 exstarent
1997 1285 2123 1340 Dia-

543 1377 701 1432 dochi
733 1386 787 1431 et
818 1377 1010 1430 Isidori
1043 1376 1329 1431 Pelusiota
1357 1376 1625 1430 Ascrtica.

788 1473 853 1548 in
875 1494 1177 1548 bibliotheca
1200 1494 1500 1548 monasterii
1523 1492 1578 1549 S.
1607 1492 1856 1548 Germani

544 1617 722 1665 exstat
776 1618 912 1664 teste
969 1608 1383 1664 Montel'alconio
1422 1638 1493 1648 —
1524 1608 1556 1661 1.
1613 1609 1653 1661 1.
1702 1624 1758 1678 p.
1837 1608 2015 1673 1128,
2062 1607 2122 1673 Ε,

541 1734 611 1745 -
637 1703 839 1767 codex,
879 1717 987 1771 quo
1030 1701 1380 1756 continentur
1435 1694 1485 1755 6⁵
1520 1699 1713 1756 Isidori
1755 1701 1823 1756 ad
1865 1701 2123 1773 Cyrillum

546 1810 674 1865 epp.

1077 1887 1253 1942 Codex
1296 1887 1593 1944 Gudianus.
1898 1876 1916 1911 δ

614 2001 673 2055 1η
705 2001 1049 2055 bibliotheca
1068 2000 1370 2072 Marguardi
1400 2001 1559 2056 Gudii
1589 2002 1856 2073 catalogo,
1878 2002 1970 2071 qui
2001 2017 2130 2072 pro-

543 2092 643 2147 diit
696 2093 867 2147 Kiloni
942 2093 1118 2157 1706,
1174 2102 1636 2148 commemoratur
1707 2110 1760 2163 p.
1831 2094 1938 2150 545
1990 2096 2130 2150 liber

542 2187 946 2255 manuscriptus
986 2185 1127 2247 in-8,
1174 2186 1229 2240 in
1279 2201 1454 2255 eoque
1489 2187 1798 2255 complures
1839 2186 1935 2239 τοῦ
1972 2187 2128 2255 ἁγίου

554 2277 824 2347 Ἰσιδώρου
852 2278 946 2331 τοῦ
985 2278 1366 2348 Πηλουσιώτου
1416 2278 1661 2347 epistola
1685 2288 1901 2333 exstare
1934 2279 2130 2333 dicun-

542 2381 648 2427 tur.
709 2373 938 2427 Exstant
979 2382 1161 2427 autem
1199 2374 1252 2427 in
1280 2389 1366 2436 eo,
1390 2389 1550 2443 quem
1587 2390 1797 2428 summa
1828 2374 2129 2430 doctissimi

542 2465 725 2521 liberti
762 2466 890 2520 mihi
918 2468 1189 2521 concessit
1224 2467 1542 2533 liberalitas,
1571 2468 1814 2536 epistola
1831 2478 2062 2538 septem.

612 2556 664 2621 1)
692 2556 811 2611 Lib.
850 2558 889 2621 1,
930 2574 1017 2627 ep.
1051 2558 1178 2613 209.
1235 2558 1527 2627 Inscriptio
1580 2559 1824 2628 epistola
1872 2561 2027 2615 deest
2070 2561 2124 2615 in

538 2649 661 2703 cod.
692 2649 811 2702 Lin.
846 2651 894 2704 1.
928 2649 981 2702 εῐ
1015 2667 1065 2703 τι
1101 2650 1311 2719 πλάνης
1351 2649 1540 2718 ἔφοδον
1581 2651 1699 2704 des.
1735 2651 1789 2704 in
1823 2652 1948 2705 cod.
1981 2650 2126 2706 ——2.

540 2740 600 2795 P.
630 2742 944 2813 είσέφρησε,
981 2740 1044 2796 C.
1072 2741 1441 2811 ἐπεισέφρησε
1489 2770 1561 2782 -—
1589 2741 1641 2795 6.
1680 2742 1735 2795 P.
1773 2741 1932 2796 τοῦτο
1978 2742 2125 2807 θεοῦ,

538 2833 601 2888 C.
636 2833 796 2888 τοῦτο
844 2833 939 2888 τοῦ
981 2833 1105 2887 Θεοῦ
1157 2863 1228 2875 -—-
1262 2834 1311 2887 7.
1358 2831 1420 2889 P.
1468 2833 1781 2904 τυγχάνειν,
1817 2834 1881 2891 C.
1919 2836 2126 2906 τυγχά-

538 2943 639 2981 νει.

606 3020 663 3083 2)
692 3019 810 3075 Lib.
844 3018 888 3085 ι,
917 3033 1007 3088 ep.
1038 3017 1165 3072 215.

3744 306 3822 371 60

2224 519 2313 581 51,
2360 517 2449 579 56,
2495 518 2583 580 41,
2631 517 2721 582 42,
2770 516 2858 578 44,
2900 516 2987 580 46,
3034 518 3154 580 108,
3197 515 3287 578 47,
3327 515 3415 578 49,
3457 514 3546 579 62,
3589 514 3680 577 77,
3722 514 3815 579 80,

2222 609 2310 673 85,
2355 607 2446 673 89,
2491 608 2579 671 90,
2631 608 2723 672 91,
2778 606 2868 670 92,
2908 606 2996 671 94,
3038 607 3126 670 98,
3170 606 3292 670 104,
3343 606 3468 668 108,
3521 604 3644 669 110,
3693 605 3818 672 115,

2224 700 2349 766 128,
2392 699 2516 764 129,
2558 701 2681 765 150,
2720 699 2841 763 152,
2879 698 3002 762 140,
3044 698 3166 763 142,
3208 697 3330 759 144,
3368 697 3487 758 146,
3529 696 3651 759 150,
3693 696 3818 761 149,

2224 791 2349 857 151,
2386 792 2510 857 155,
2545 790 2673 853 284,
2712 789 2835 853 162,
2880 790 3001 853 165,
3040 789 3165 849 164,
3205 788 3327 853 166,
3366 786 3492 849 170,
3531 788 3653 849 179,
3694 784 3817 849 188,

2225 884 2348 948 186,
2389 882 2513 946 187,
2552 883 2674 949 189,
2716 883 2837 946 194,
2881 880 3004 945 195,
3045 880 3169 945 197,
3211 881 3332 943 199,
3364 880 3492 943 201,
3528 878 3655 943 215,
3691 878 3819 944 220,

2222 973 2349 1037 225,
2385 972 2513 1038 227,
2549 972 2679 1037 228,
2716 971 2842 1035 251,
2878 971 3005 1036 254,
3037 970 3165 1034 258,
3197 969 3324 1033 260,
3355 969 3482 1035 266,
3522 970 3651 1033 274,
3687 970 3817 1037 276,

2223 1066 2351 1129 277,
2384 1064 2512 1130 278,
2546 1063 2673 1129 279,
2710 1062 2835 1125 289,
2870 1063 2997 1126 285,
3031 1061 3156 1125 284,
3194 1062 3323 1126 285,
3361 1062 3488 1123 286,
3526 1060 3652 1123 294,
3689 1062 3796 1117 505

2225 1158 2349 1223 508,
2384 1156 2508 1221 509,
2544 1158 2671 1219 515,
2708 1156 2834 1221 520,
2871 1156 2993 1218 564,
3033 1155 3157 1218 567,
3195 1155 3323 1220 568,
3360 1154 3485 1217 572,
3526 1152 3653 1218 576,
3689 1155 3817 1218 580,

2225 1250 2354 1312 581,
2392 1250 2519 1314 585,
2538 1248 2675 1313 ~584,
2712 1248 2835 1312 585,
2871 1248 2997 1315 591,
3034 1246 3159 1314 592,
3197 1246 3321 1313 599,
3360 1246 3485 1311 408,
3523 1246 3652 1312 410,
3688 1245 3817 1313 412,

2226 1342 2352 1405 425,
2382 1339 2507 1405 424,
2540 1337 2664 1402 452,
2696 1336 2823 1401 455,
2853 1337 2977 1400 446,
3006 1336 3133 1392 495.

2301 1433 2419 1487 Lib.
2450 1447 2514 1487 II.
2542 1447 2631 1501 ep.
2664 1432 2754 1493 50,
2788 1429 2874 1494 76,
2909 1428 2997 1493 86,
3037 1430 3158 1492 165,
3201 1428 3321 1495 105,
3349 1428 3480 1491 214,
3510 1427 3637 1483 295.

2299 1525 2418 1580 Lib.
2468 1539 2548 1578 ιιι.
2588 1538 2677 1593 ep.
2718 1521 2811 1585 49,
2848 1521 2937 1584 66,
2979 1520 3069 1586 67,
3108 1521 3197 1587 68,
3238 1521 3324 1587 74,
3364 1520 3487 1585 124,
3530 1518 3650 1586 129,
3689 1519 3814 1585 157,

2232 1617 2507 1681 158,140.
2541 1616 2665 1681 145,
2700 1614 2822 1680 144,
2854 1612 2978 1675 145,
3009 1612 3129 1677 146,
3162 1612 3285 1667 157.

2305 1710 2371 1780 ll)
2410 1707 2594 1764 Codex
2615 1720 2758 1762 xuv.
2777 1705 2902 1760 inde
2925 1721 2953 1759 a
2976 1721 3030 1775 p.
3054 1704 3174 1760 196.
3206 1703 3475 1775 Ἰσιδὼρου
3500 1703 3591 1756 τοῦ
3619 1703 3821 1772 Πηλου-

2162 1779 2207 1836 B
2234 1779 2428 1858 σιώτου
2451 1801 2739 1873 ἐπιστολὴ,
2767 1816 2888 1871 qua
2915 1801 2995 1856 sic
3024 1801 3217 1871 incipit
3245 1820 3258 1855 :
3293 1803 3454 1855 ἀκοαί
3483 1818 3551 1871 με
3582 1800 3819 1872 σκληραὶ

2229 1893 2371 1959 ὲξετ.
2403 1923 2475 1936 -
2509 1893 2604 1949 lib.
2645 1907 2685 1947 ι.
2725 1908 2812 1962 ep.
2850 1893 2974 1946 590.
3014 1921 3083 1932 -—
3118 1891 3212 1945 τοῦ
3252 1891 3437 1946 αὑτοῦ.
3472 1921 3545 1931 -
3579 1891 3689 1946 inc.
3726 1891 3810 1946 τδι

2233 1987 2435 2057 μάχαις
2468 1985 2726 2057 χαίροντα
2760 1985 2854 2038 καὶ
2888 1982 3139 2055 Θορύεοις
3171 1984 3509 2055 τερπόμενον
3539 1999 3658 2054 sqq.

2752 2095 2964 2153 Codices
3000 2095 3299 2150 Bodleiani.

2299 2210 2749 2266 Monteialconius
2793 2210 2848 2264 in
2887 2210 3022 2264 Bibl.
3069 2209 3190 2264 bibl.
3238 2226 3292 2281 p.
3341 2209 3447 2264 645
3490 2209 3532 2263 ῐ)
3571 2210 3816 2265 codicem

2233 2320 2385 2360 cxcrx
2408 2318 2499 2358 sex
2543 2303 2730 2358 Isidori
2757 2319 2882 2373 epp.
2908 2303 3191 2357 continere
3219 2302 3458 2356 tradidit.
3487 2303 3554 2355 At
3581 2303 3636 2356 in
3663 2312 3816 2357 cata-

2230 2400 2363 2471 logis
2383 2400 2645 2453 librorum
2672 2414 2804 2452 mss.
2831 2398 3033 2468 Anglia
3055 2406 3111 2450 et
3134 2393 3407 2449 Hibernia
3430 2395 3483 2449 in
3508 2408 3676 2448 unum
3701 2394 3818 2449 col-

2229 2492 2405 2556 lectis,
2431 2492 2523 2560 qui
2554 2491 2872 2561 prodierunt
2899 2489 3121 2543 Oxonia
3148 2488 3305 2551 1697,
3337 2488 3477 2541 inter
3501 2502 3639 2557 quos
3667 2496 3818 2541 cata-

2229 2584 2383 2654 logus
2421 2583 2763 2637 bibliotheca
2803 2581 3108 2635 Bodleiana
3147 2580 3383 2649 primum
3424 2579 3602 2634 locum
3645 2586 3815 2643 tenet.

2231 2677 2481 2732 traditum
2509 2686 2590 2730 est
2617 2676 2857 2730 codicem
2885 2690 3059 2730 εχει-ιι
3107 2673 3453 2728 bibliotheca
3477 2670 3820 2727 Baroccinna

2227 2784 2351 2824 cum
2393 2767 2682 2823 Bodleiana
2717 2768 3024 2837 conjuncta
3057 2765 3342 2820 continere
3378 2763 3507 2818 Isid.
3541 2761 3658 2818 Pel.
3689 2775 3815 2831 epp.

2227 2864 2262 2919 6
2290 2875 2345 2919 et
2373 2864 2590 2934 quidem
2624 2883 2635 2917 :

2299 2957 2418 3012 Lib.
2452 2974 2488 3011 ι.
2519 2973 2607 3027 ep.
2635 2954 2759 3023 549,
2787 2970 2877 3025 ep.
2905 2953 3033 3017 455,
3060 2968 3151 3023 ep.
3176 2953 3303 3017 559,
3332 2966 3420 3022 ep.
3456 2950 3577 3016 153,
3605 2963 3695 3020 ep.
3724 2946 3816 3015 57,

2230 3064 2318 3120 ep.
2353 3050 2476 3102 151.
3054 3066 3069 3075 α

611 3112 665 3180 5)
699 3112 817 3167 Lib.
850 3111 891 3176 1,
921 3127 1009 3181 cp.
1041 3110 1168 3164 214.
1204 3109 1264 3163 Ρ.
1289 3110 1546 3179 Δομιτίῳ,
1566 3110 1632 3164 C.
1663 3110 1926 3181 Δομετίῳ.
1951 3110 2126 3167 Cate-

2264 3109 2512 3196 -Deiude
2570 3141 2626 3195 in
2682 3137 2870 3196 codice
2928 3151 3092 3192 ccxtu
3178 3144 3396 3192 exstant
3448 3133 3639 3191 Isidori
3691 3148 3821 3205 epp.

538 3219 662 3259 rum
690 3219 778 3273 ep.
828 3204 994 3257 inscr.
1027 3203 1184 3257 deest
1237 3202 1290 3255 in
1344 3203 1465 3257 cod.
1522 3204 1615 3257 lin.
1657 3204 1708 3257 1.
1761 3203 1822 3257 τὸ
1857 3204 2011 3258 deest
2068 3204 2125 3257 in

540 3296 663 3351 cod.
691 3324 760 3336 --
788 3295 840 3349 4.
875 3294 936 3348 Ρ.
963 3293 1263 3355 εὺτὲλειαν,
1292 3292 1354 3350 C.
1392 3295 1661 3351 ἀτέλειαν.
1682 3324 1751 3335 —
1781 3295 1831 3350 5.
1855 3296 1915 3349 P.
1939 3297 2124 3365 φεῖσα,

540 3388 607 3443 C.
638 3390 880 3457 ἀφεῖσαι.
902 3419 973 3429 -—
1002 3389 1054 3443 8.
1083 3389 1215 3458 ἡμῖν
1234 3387 1393 3441 deest
1428 3388 1480 3441 in
1500 3388 1624 3441 cod.

613 3480 665 3549 4)
699 3480 814 3535 Lib.
841 3480 882 3544 1,
906 3497 994 3552 ep.
1021 3480 1149 3535 2l5.
1179 3482 1463 3552 Inscriptio
1482 3482 1638 3537 deest
1673 3482 1727 3535 in
1762 3482 1885 3538 cod.
1921 3482 2043 3537 Lin.
2069 3483 2103 3537 2

542 3572 603 3629 Ρ.
631 3574 953 3644 ἐφαρμόζει,
994 3574 1057 3629 C.
1103 3574 1440 3647 ἀφαρμόζει.
1464 3604 1535 3615 —
1559 3574 1612 3628 9.
1654 3572 1715 3628 P.
1748 3574 1868 3645 μετ’
1922 3576 2125 3645 αὐτῶν,

543 3669 584 3723 C
642 3670 848 3737 μὴν-

614 3761 669 3828 5)
706 3761 823 3817 Lib.
859 3762 903 3822 I,
938 3777 1026 3831 ep.
1053 3760 1178 3815 216.
1221 3759 1431 3832 Ζήνωνι
1479 3762 1837 3836 πρεσϐυτέρῳ
1873 3763 2029 3819 deest
2072 3762 2128 3817 in

545 3854 666 3908 cod.
699 3853 817 3907 Lin.
840 3854 893 3907 6.
916 3853 976 3907 P.
996 3855 1090 3907 καὶ
1112 3855 1335 3920 ἐκεῖνος,
1357 3854 1417 3910 C.
1440 3856 1711 3921 κάκεῖνος.
1733 3885 1788 3896 -
1808 3858 1862 3912 9.
1893 3855 1949 3911 Ρ.
1976 3855 2131 3924 ἔλεγ-

545 3963 659 4016 χον,
685 3945 747 4001 C.
781 3948 861 4009 εἰς
894 3945 1132 4016 ἔλεγχον.

617 4039 671 4093 6.
705 4038 822 4093 Lib.
858 4038 898 4103 1,
933 4055 1018 4108 ep.
1047 4039 1173 4094 217.
1220 4037 1280 4093 P.
1330 4039 1409 4111 τῷ
1440 4039 1610 4112 αὐτῷ,
1647 4040 1711 4097 C.
1746 4041 1975 4112 Ζήνωνι..
2004 4039 2126 4094 Lin.

550 4131 602 4188 1.
632 4133 680 4184 εἰ
709 4132 862 4187 deest
892 4131 949 4186 in
980 4131 1104 4187 cod.
1148 4163 1219 4174 —
1262 4134 1311 4188 1.
1343 4133 1412 4187 τὰ
1436 4134 1592 4190 deest
1624 4134 1679 4188 in
1727 4134 1849 4189 cod.
1879 4162 1953 4174 —-
1981 4133 2035 4186 2.
2064 4130 2134 4185 τὰ

549 4223 704 4279 deest
728 4224 782 4277 in
806 4224 928 4280 cod.
950 4254 1021 4265 —
1048 4225 1102 4279 5.
1130 4223 1190 4280 Ρ.
1222 4226 1609 4299 ὑπεραίροντα,
1629 4226 1693 4282 C.
1726 4226 2131 4296 ὕπεραίρονταυ

552 4315 688 4378 (fors
728 4317 1043 4390 ὑπεραίρων
1080 4317 1297 4389 ταῦτα).
1330 4349 1404 4361 -
1429 4321 1482 4376 5.
1504 4319 1568 4375 Ρ.
1593 4318 1762 4386 ἔλεος,
1795 4319 1857 4377 C.
1888 4316 2134 4372 ἔλεον.-

551 4407 604 4463 5.
630 4406 691 4463 Ρ.
710 4408 883 4481 παρά,
910 4407 974 4464 C.
994 4409 1140 4483 περί.

2232 3239 2358 3294 564.

2302 3331 2573 3386 Caternm
2612 3328 2961 3399 reperiuntur
2994 3325 3185 3381 Isidori
3225 3324 3369 3382 dicta
3408 3325 3465 3379 in
3502 3324 3625 3379 cod.
3664 3338 3716 3376 ν.
3750 3350 3826 3361 --

2233 3424 2355 3481 606.
2386 3440 2562 3478 uxvr.
2592 3451 2660 3464 -——
2686 3422 2807 3477 cod.
2837 3435 2987 3476 ccxc.
3016 3434 3071 3473 ιι.
3105 3417 3193 3474 19.
3222 3451 3291 3465 —
3318 3419 3441 3475 cod.
3470 3432 3641 3474 coxa.
3673 3432 3729 3489 ιι.
3760 3411 3820 3472 5.

2233 3553 2301 3563 -
2327 3520 2450 3578 606.
2479 3535 2630 3575 nccx.
2657 3534 2715 3572 n.
2743 3518 2799 3573 2.

2771 3628 2946 3685 Codex
2985 3628 3280 3684 Wellensis.

2306 3728 2367 3781 In
2396 3726 2568 3780 altero
2596 3723 2963 3794 catalogorum
2995 3724 3210 3778 illorum
3239 3722 3546 3787 volumine,
3578 3719 3725 3791 quod
3756 3719 3827 3774 11-

2236 3820 2460 3876 1)ι·οι·ιιιιι
2501 3831 2633 3870 mss.
2673 3816 3026 3870 ecclesiarnm
3065 3816 3458 3871 cathedralium
3500 3821 3556 3868 et
3594 3814 3827 3867 aliarum

2237 3910 2533 3965 celebrium
2567 3908 3023 3964 bibliothecarum
3060 3910 3307 3965 continet
3341 3909 3634 3979 catalogos,
3670 3921 3827 3960 com-

2237 4010 2571 4057 memoratur
2590 4016 2645 4070 p.
2669 4001 2792 4065 104,
2812 4017 2870 4055 n.
2896 4001 3057 4067 4054,
3079 4002 3248 4057 codex
3273 4002 3518 4056 ecclesia
3532 3998 3830 4055 Wellensis

2240 4094 2479 4158 in-Iolio,
2510 4094 2564 4148 in
2595 4108 2704 4163 quo
2731 4104 2945 4149 exstare
2973 4095 3229 4149 dicuntur
3257 4093 3446 4149 Isidori
3478 4093 3591 4148 Pel.
3620 4107 3746 4162 epp.

2776 4204 2953 4260 Codex
2988 4205 3294 4260 Nonianus.
3404 4252 3407 4253 ν

2312 4294 2456 4350 Inter
2492 4311 2697 4368 gracos
2739 4296 2975 4362 codices,
3015 4297 3107 4364 qui
3148 4297 3288 4366 apud
3325 4295 3528 4350 Nanios
3566 4292 3828 4363 patricios

2242 4383 2479 4441 Venetos
2508 4396 2872 4450 asservantur,
2903 4396 3100 4452 exstat,
3129 4395 3188 4441 ut
3216 4378 3282 4441 ei
3314 4387 3528 4440 illorum
3558 4384 3825 4455 catalogo,

621 4500 674 4571 7)
708 4464 827 4557 Lib.
860 4464 901 4568 I,
942 4517 1031 4573 ep.
1194 4501 1250 4557 In
1272 4503 1397 4559 cod.
1429 4502 1663 4572 epistola
1686 4500 1838 4556 omni
1869 4506 2021 4556 caret
2049 4499 2129 4553 in-

2242 4477 2333 4549 qui
2367 4477 2567 4547 prodiit
2594 4475 2853 4533 Bononia
2885 4477 3042 4539 1784,
3073 4477 3261 4533 videre
3290 4477 3420 4531 licet
3456 4494 3473 4533 :
3536 4496 3541 4502 ·

551 4591 869 4661 scriptione.
926 4592 1022 4647 lin.
1075 4594 1131 4649 5.
1181 4594 1241 4647 ὲν
1284 4593 1506 4660 eum;
1558 4590 1730 4663 ὥραις
1769 4590 1868 4661 τὴν
1917 4587 2136 4644 αἰώνιον

552 4683 731 4755 ἑαυτῷ
778 4684 1207 4749 κατασκευάζων
1260 4685 1483 4738 κόλασιν
1530 4684 1648 4739 des.
1696 4684 1752 4737 in
1801 4683 1925 4737 cod.
1971 4711 2044 4724 -
2077 4681 2133 4737 4.

553 4777 734 4830 πᾶσαν
762 4777 917 4833 deest
943 4778 998 4833 in
1025 4778 1147 4833 cod.
1168 4804 1234 4817 --
1271 4776 1325 4831 5.
1349 4774 1721 4846 πολύτρεπτον
1750 4775 1905 4832 deest
1931 4775 1987 4829 in
2012 4774 2136 4831 cod.

552 4899 622 4910 —
650 4869 703 4924 6.
743 4870 939 4941 μᾶλλον
977 4871 1132 4926 deest
1156 4869 1211 4923 in
1238 4867 1361 4922 cod.
1398 4895 1468 4907 -—
1494 4866 1547 4921 6.
1590 4868 1951 4938 γνωρίζεσθαι
1986 4870 2143 4926 deest

553 4961 609 5017 in
636 4964 759 5019 cod.
793 4994 865 5007 --
892 4964 944 5019 8.
975 4963 1037 5018 Ρ.
1075 4962 1454 5031 τυγχάνουσιν,
1479 4959 1542 5015 C.
1572 4960 1735 5015 εἰσιν.

1056 5075 1268 5132 Codices
1306 5074 1630 5143 Upsalenses.

625 5189 712 5245 CI.
768 5190 1058 5260 Catalogus
1108 5187 1374 5243 centuria
1425 5188 1684 5244 librorum
1739 5188 2139 5244 rarissimorum

559 5282 1054 5350 manuscriptorum
1121 5287 1177 5334 et
1210 5279 1630 5349 impressorum,
1668 5282 1757 5352 qui
1795 5294 2143 5339 asservantur

559 5375 613 5428 in
663 5374 990 5429 bibliotheca
1038 5372 1315 5427 academia
1366 5372 1666 5443 Upsalensi,
1710 5383 1933 5432 auctore
1979 5375 2143 5447 Spar-

561 5464 905 5520 venfeldelio.
958 5463 1171 5533 Upsala
1216 5465 1374 5521 1706.

634 5557 676 5627 I)
716 5557 900 5612 Codex
945 5574 1092 5625 mn,
1137 5559 1264 5615 inde
1304 5575 1335 5615 a
1378 5576 1433 5631 p.
1475 5561 1599 5617 145.
1661 5562 1889 5633 Ἐκλογὴ
1930 5563 1995 5615 ὲκ
2037 5561 2144 5616 τῶν

565 5646 862 5701 ιπιστολῶν
888 5648 1153 5720 ’ἰσιδώρου
1179 5650 1272 5703 τοῦ
1299 5635 1696 5723 Πηλουσιώτου.
1735 5653 1992 5711 Contiuet
2026 5654 2144 5725 epi-

568 5736 733 5794 stolas
763 5739 858 5795 151
894 5746 950 5796 et
978 5740 1193 5811 quidem
1219 5759 1233 5798 :

2305 4567 2488 4624 Codex
2515 4584 2712 4624 cxxm.
2748 4585 2805 4623 ιι.
2840 4586 2908 4623 Ix.
2944 4570 3037 4640 qui
3070 4569 3263 4624 Isidori
3294 4570 3539 4624 continet
3565 4582 3691 4637 epp.

2306 4659 2574 4715 Caeterum
2608 4660 2682 4716 cf.
2716 4661 2838 4717 cod.
2874 4676 3076 4715 xxxv".
3124 4675 3179 4730 ιι.
3213 4660 3301 4715 46.
3336 4689 3408 4700 -
3440 4659 3563 4715 cod.
3595 4674 3718 4713 Lxx.
3761 4674 3825 4712 ιι.

2239 4767 2312 4806 ιν.
2351 4766 2403 4820 p.
2436 4751 2558 4807 155.
2584 4781 2653 4792 —
2683 4751 2805 4806 cod.
2840 4766 2945 4806 scr.
2980 4767 3036 4805 ιι.
3070 4767 3132 4806 ιι.
3167 4767 3221 4821 p.
3257 4751 3379 4805 180.

2309 4841 2465 4897 Falso
2497 4851 2678 4898 autem
2713 4842 2902 4897 lIarles
2936 4843 3003 4897 ad
3040 4843 3197 4899 Fabr.
3230 4843 3364 4898 Bibl.
3398 4861 3477 4912 gr.
3514 4845 3618 4899 vol.
3654 4842 3732 4908 X,
3769 4857 3826 4912 p.

2237 4932 2362 4999 481,
2389 4945 2503 4989 ιιοι.
2534 4950 2607 5000 ιιι,
2635 4934 2737 4988 601.
2763 4934 2817 4997 2,
2845 4949 2989 4989 vers.
3013 4934 3106 4989 ﬁn.
3153 4936 3462 5006 complures
3488 4935 3677 4990 Isidori
3706 4935 3828 5004 epi-

2238 5023 2407 5079 stolas
2428 5024 2482 5077 in
2504 5024 2682 5093 aliquo
2706 5024 3047 5081 bibliotheca
3070 5024 3326 5081 Paullina
3346 5028 3534 5082 codice
3559 5026 3826 5096 Lipsiensi

2239 5120 2452 5170 exstare
2482 5116 2731 5170 atlirmat.
2762 5114 2896 5171 Male
2927 5117 3074 5172 enim
3102 5119 3219 5173 hac
3245 5119 3407 5173 verba
3441 5141 3452 5174 :
3487 5138 3506 5170 ι
3545 5118 3737 5173 Isidori
3768 5118 3827 5173 in

2240 5203 2407 5258 libros
2439 5203 2732 5275 Scriptura
2755 5224 2773 5255 ›
2809 5221 2929 5275 qua
2956 5222 2987 5260 e
3015 5206 3259 5277 catalogo
3288 5207 3627 5262 bibliotheca
3656 5207 3826 5273 illius,

2241 5310 2272 5349 a
2303 5292 2551 5350 Fellnero
2578 5292 2746 5359 edito,
2777 5295 3225 5352 Montel‘alconius
3255 5298 3309 5352 in
3341 5315 3495 5353 suam
3527 5298 3666 5353 Bibl.
3696 5298 3822 5354 bibl.

2242 5386 2426 5440 retulit
2446 5415 2516 5426 —-
2540 5385 2610 5440 cf.
2638 5402 2692 5457 p.
2716 5387 2850 5452 595,
2879 5388 2948 5453 E,
2976 5418 3043 5427 —
3064 5388 3276 5443 videtur
3299 5389 3646 5445 intellexisse.
3677 5390 3825 5443 Con-

2243 5477 2381 5531 tinet
2409 5476 2555 5530 enim
2581 5477 2751 5531 codex
2768 5518 2782 5541 ,
2809 5477 2876 5532 de
2901 5493 3010 5547 quo
3036 5476 3316 5533 Fellnerus
3343 5488 3510 5550 agunt
3534 5489 3589 5533 et
3615 5478 3825 5533 Monte-

2245 5568 2539 5632 falcouius,
2589 5570 3082 5625 commentationes
3134 5570 3324 5625 Isidori
3382 5570 3720 5641 HiSpslensis
3768 5568 3824 5622 in

2244 5657 2444 5713 multos
2487 5656 2782 5730 Scriptura
2824 5674 2992 5716 sacra
3035 5660 3222 5728 libros,
3264 5661 3479 5733 aliaque
3523 5661 3686 5733 hujus
3721 5657 3827 5716 viri

2247 5749 2445 5820 scripta
2479 5749 2874 5822 philosophica.
