4118 6418
507 347 579 412 8Ἶ
1608 348 2283 410 COMMENTATIONIS
2320 350 2511 411 PARS
2546 350 2659 410 III.
3701 356 3769 418 83

573 466 776 521 Contra
806 479 901 521 eos
930 480 1078 532 vero,
1108 467 1203 539 qui
1235 467 1473 524 animam
1494 470 1778 526 mortalem
1800 484 1922 525 esse
1950 483 2086 525 con-
2120 480 2158 533 Α
2189 476 2468 537 expertem
2517 481 2825 538 corpusque
2888 466 3229 530 intercedat,
3288 466 3769 535 communionem;

507 556 820 623 tenderunt,
848 555 1159 614 Gracorum
1190 558 1567 630 philosophos,
1598 560 1764 617 veluti
1794 559 2081 624 Calenum,

503 648 748 719 disputat
781 649 838 703 in
879 650 1105 720 epistola
1158 651 1225 707 ad
1273 651 1624 709 Proeschi'um
1677 652 1753 723 (a)
1809 652 2083 708 medicum

503 740 662 806 data;
704 740 761 814 in
805 756 912 811 qua
947 749 1232 811 postquam
1269 740 1588 813 Pythagora
1613 783 1628 809 ,
1674 743 1915 799 Platonis
1952 742 2086 796 alio-

505 848 736 903 rumque
758 832 826 888 de
858 833 965 888 hoc
1002 833 1256 904 dogmate
1285 834 1614 889 sententiam
1658 835 1760 905 ipsi
1800 834 2084 905 probatam

500 923 703 992 attulit,
737 923 889 979 illum
914 924 1255 989 dehortatur,
1279 941 1350 981 ne
1374 941 1498 980 cum
1526 926 1947 996 sapientissimis
1969 941 2088 981 cer-

505 1023 685 1069 tamen
726 1014 871 1071 ineat
924 1016 1282 1087 philosophis.
1333 1016 1490 1084 Quod
1536 1018 1582 1073 si
1620 1017 1918 1088 suscipiat,
1961 1033 2086 1072 eum

501 1120 626 1160 cum
654 1106 893 1173 athleta,
937 1107 1031 1178 qui
1072 1109 1208 1163 artis
1250 1110 1472 1163 musica
1500 1108 1785 1178 imperitus
1821 1110 2121 1179 judicium.

502 1195 572 1252 de
600 1211 664 1251 ea
690 1197 792 1252 sibi
823 1206 1071 1269 arroget,
1103 1199 1530 1270 comparandum
1559 1215 1680 1254 esse
1708 1209 1917 1256 censet.
1947 1200 2084 1255 Nam

506 1286 596 1341 ille
622 1287 858 1341 animam
889 1286 1072 1355 varia,
1110 1302 1141 1342 e
1169 1304 1274 1359 qua
1319 1288 1619 1343 humanum
1651 1305 1850 1358 corpus
1880 1288 2085 1344 conﬂa-

506 1386 622 1433 tum
651 1378 755 1443 sit,
780 1379 1021 1434 materia
1056 1380 1399 1436 harmoniam
1422 1396 1545 1436 esse
1564 1422 1578 1446 ,
1606 1391 1663 1437 et
1691 1382 1768 1435 uti
1799 1381 1928 1452 lyra
1958 1374 2088 1437 har-

506 1469 690 1524 monia
722 1469 893 1525 fracto
916 1471 1277 1537 instrumento
1291 1482 1547 1539 cessaret,
1576 1474 1656 1529 sic
1680 1489 1799 1528 eam
1827 1491 1935 1529 una
1962 1491 2087 1531 cum

506 1558 601 1614 illo
632 1558 977 1617 interituram
1002 1563 1225 1628 docens,
1249 1563 1380 1629 sibi,
1410 1572 1468 1618 ut
1494 1562 1735 1620 Isidorus
1766 1565 2084 1632 arbitratur,

509 1652 630 1723 ipse
659 1662 945 1725 repugnat.
969 1654 1107 1726 Lyra
1135 1656 1282 1711 enim
1305 1697 1319 1719 ,
1348 1656 1524 1727 inquit
1545 1657 1840 1725 Pelusiota,
1872 1668 1927 1713 et
1955 1658 2090 1715 ﬁdes

512 1742 854 1800 concinnata
883 1754 939 1800 et
974 1756 1170 1817 aptata
1211 1756 1537 1804 concentum
1579 1748 1796 1817 quidem
1826 1750 2087 1819 pariunt;

2189 576 2367 630 neque
2392 569 2637 615 mutuam
2672 558 2998 614 immortalis
3049 557 3244 612 anima
3272 566 3329 612 et
3356 559 3603 628 corporis
3634 557 3762 614 οσο-

2189 651 2431 706 ctionem
2480 650 2737 722 explicari
2786 665 2969 720 posse,
3000 650 3276 719 sapienter
3324 650 3543 716 docuit;
3590 650 3773 719 itaque

2187 742 2344 798 Jesus
2371 743 2623 797 Christus
2651 742 2720 813 (ο)
2752 761 2766 795 :
2801 740 2880 795 Ne
2908 741 3114 804 timete,
3147 739 3342 809 inquit,
3377 739 3516 804 illos,
3536 738 3628 809 qui
3648 755 3772 794 cor-

2191 849 2292 902 pus
2317 832 2536 903 quidem
2561 833 2818 887 occidunt
2842 871 2858 896 ,
2892 832 2988 887 sed
3026 832 3263 886 animam
3284 832 3683 903 corrumpendi
3718 841 3775 887 et

2189 923 2451 995 perdendi
2475 939 2585 978 non
2619 923 2823 977 habent
2853 931 3202 992 potestatem.

2259 1012 2470 1080 Quibus
2516 1012 2777 1084 expositis
2814 1020 2981 1067 restat
3012 1019 3243 1078 tantum,
3273 1020 3334 1066 ut
3357 1053 3372 1077 ,
3403 1012 3536 1082 quid
3562 1011 3767 1068 Gracis

2190 1105 2402 1175 singula
2431 1104 2868 1159 Christianorum
2914 1088 3167 1174 dogmat’a
3210 1102 3656 1174 oppugnantibus
3692 1115 3779 1157 re-

2190 1197 2490 1268 sponderit,
2522 1203 2845 1265 exponatur.

2260 1288 2396 1343 Cum
2425 1289 2511 1343 his
2536 1296 2741 1353 autem,
2771 1287 2974 1357 quippe
3000 1285 3093 1356 qui
3121 1301 3332 1341 sacram
3360 1284 3614 1355 rejiciant
3636 1283 3781 1338 Scri-

2189 1388 2427 1451 pturam,
2448 1389 2542 1434 aut
2563 1381 2897 1451 argumentis
2920 1378 3314 1451 phil050phicis
3333 1377 3651 1432 certandum
3677 1377 3776 1441 (Δ),

2190 1480 2305 1537 aut,
2338 1472 2383 1526 si
2420 1471 2670 1542 quisqro
2701 1488 2801 1528 sua
2827 1471 3096 1526 sententia
3122 1469 3294 1525 Graci
3329 1468 3610 1539 cujusdam
3638 1467 3779 1522 scri-

2190 1564 2363 1635 ptoris
2382 1564 2626 1619 attulerit
2655 1564 3047 1628 testimonium,
3071 1562 3199 1617 huic
3227 1562 3365 1616 alius
3393 1560 3563 1617 Graci
3591 1549 3809 1614 aucto?

2193 1656 2272 1711 ris
2314 1654 2697 1711 auctoritatem
2747 1655 3132 1727 opponendam
3181 1670 3303 1710 esse
3354 1653 3426 1726 (ε)
3480 1652 3780 1709 existimat.

2191 1744 2380 1817 Neque
2437 1747 2554 1819 ipse
2608 1748 2762 1814 hac,
2822 1763 2945 1818 qua
3013 1747 3300 1818 proposuit
3350 1753 3621 1818 praecepta
3680 1757 3785 1799 ne-

514 1833 607 1890 sed
637 1834 705 1890 ad
734 1842 950 1907 tempus
979 1837 1197 1908 aliquod
1228 1838 1503 1894 dissoluta
1529 1839 1953 1895 instrumentum
1974 1839 2095 1911 qui-
2125 1839 2165 1894 Β
2194 1836 2377 1909 glexit.

514 1923 637 1980 dem
669 1940 781 1981 non
816 1925 1048 1983 fractum
1070 1969 1085 1992 ,
1121 1929 1388 1984 exstincta
1419 1945 1551 1985 vero
1577 1938 1663 1985 est
1694 1931 1997 2006 harmonia.
2026 1960 2097 1972 —-

513 2011 654 2081 Quid
692 2025 908 2086 autem,
938 2019 1020 2075 sic
1048 2021 1194 2075 enim
1228 2021 1441 2092 pergit,
1467 2022 1710 2091 optimus
1741 2022 1832 2078 ille
1858 2022 2098 2082 Galenus

503 2104 761 2186 dicturus
806 2116 891 2163 est
928 2108 995 2164 de
1033 2110 1242 2180 judicio
1284 2110 1506 2166 futuro?
1550 2113 1680 2183 quid
1728 2113 1797 2169 de
1827 2115 2094 2184 pramiis,

511 2213 633 2270 qua
675 2199 928 2257 homines
963 2202 1037 2273 pii
1064 2202 1310 2274 justique
1354 2204 1410 2260 in
1443 2205 1547 2260 hac
1577 2214 1721 2261 terra
1749 2222 2100 2280 summOpere

511 2291 691 2346 vexati
736 2301 962 2364 optumo
1007 2295 1133 2366 jure
1176 2298 1538 2368 exspectant?
1578 2298 1708 2370 quid
1766 2302 1984 2357 tandem
2029 2302 2099 2358 de

513 2383 806 2455 impiorum
835 2386 1301 2459 scelestorumque
1334 2391 1550 2460 panis?
1585 2421 1654 2432 —
1690 2392 1896 2449 Deinde
1923 2394 2102 2450 allatis

513 2474 736 2532 Homeri
764 2487 819 2532 et
848 2478 1126 2551 Euripidis
1156 2490 1347 2535 contra
1376 2481 1569 2537 Galeni
1608 2484 1935 2539 sententiam
1961 2484 2101 2541 effa-

514 2567 620 2633 tis,
655 2583 781 2623 eum
804 2585 989 2637 omne,
1017 2571 1163 2641 quod
1194 2572 1337 2626 inter
1357 2572 1548 2629 vitium
1570 2581 1629 2627 et
1652 2573 1907 2629 virtutem
1940 2575 2103 2631 inter-

515 2659 706 2727 cedat,
752 2661 1046 2716 discrimen
1097 2662 1287 2719 tollere
1331 2664 1609 2732 declarat;
1657 2681 1781 2722 cum
1828 2680 1952 2720 eum
2000 2681 2101 2722 ne-

515 2765 669 2805 cesse
697 2751 770 2805 sit
805 2751 990 2807 omnia
1027 2753 1312 2808 hominum
1342 2754 1489 2810 dicta
1512 2755 1765 2826 factaque
1791 2772 1899 2812 non
1930 2757 2064 2827 ipsis
2086 2799 2101 2825 ,

516 2838 614 2895 sed
642 2839 793 2895 vario
819 2841 1093 2907 materia,
1131 2858 1236 2912 qua
1264 2844 1497 2914 quisque
1525 2844 1792 2901 conﬂatus
1817 2847 1924 2913 sit,
1962 2856 2104 2902 tem-

516 2940 840 3002 peramento
865 2932 1160 2989 ascribere.
1198 2963 1266 2974 —-
1309 2933 1554 3004 Denique
1580 2935 1769 2991 Galeni
1815 2938 2104 2993 sententia

519 3032 845 3097 repugnant,
884 3039 1007 3095 qua
1034 3024 1278 3094 quotidie
1311 3026 1449 3080 liunt
1494 3041 1706 3081 morum
1743 3028 2102 3085 mutationes.

517 3114 674 3171 Multi
710 3131 908 3193 nempe
955 3117 1330 3173 adolescentes
1366 3117 1645 3175 libidinosi
1672 3119 1725 3173 in
1775 3120 1895 3190 ipso
1930 3119 2105 3176 atatis

521 3206 708 3279 vigore
753 3208 823 3263 ad
875 3208 1265 3263 continentiam
1315 3210 1630 3278 redierunt;
1692 3226 1873 3281 neque
1925 3220 2104 3266 tamen

523 3300 752 3356 materia
773 3341 788 3365 ,
824 3316 855 3356 e
875 3316 982 3371 qua
1015 3316 1216 3371 corpus
1244 3301 1459 3357 illorum
1488 3310 1805 3361 concretum
1837 3302 1961 3368 fuit,
2003 3302 2111 3357 im-

524 3398 732 3446 mutata
777 3399 894 3458 est;
938 3390 1204 3461 multique
1248 3392 1508 3447 virtutem
1557 3392 1964 3463 relinquentes,
1998 3409 2112 3450 non

526 3490 846 3552 prOpterea,
879 3481 1006 3551 quia
1050 3497 1242 3537 eorum
1274 3498 1475 3553 corpus
1510 3484 1844 3539 mutationes
1887 3500 2113 3555 perpes-

528 3589 649 3629 sum
680 3582 784 3639 est,
814 3574 963 3629 vitiis
995 3589 1117 3630 sese
1149 3576 1614 3631 contaminarunt.
1657 3605 1730 3618 —-
1761 3576 1895 3642 Qua
1932 3577 2116 3632 omnia

529 3665 725 3721 videns
750 3665 904 3721 Plato
935 3666 1041 3736 (b),
1073 3681 1318 3721 summus
1350 3666 1665 3723 Gracorum
1709 3668 2069 3739 philosophus
2093 3711 2108 3737 ,

530 3756 857 3814 ineﬂ‘ahilem
890 3773 1046 3824 esse,
1072 3774 1193 3830 qua
1219 3760 1364 3817 inter
1395 3762 1635 3818 animam
1664 3763 1846 3819 omnis
1866 3764 2114 3820 materia

531 3962 633 4032 τὴν
653 3961 875 4037 ὀἰκείαν
908 3960 1213 4037 ἀσθένειαν,
1242 3961 1383 4037 illa
1407 3963 1566 4037 stapth
1586 3964 1647 4019 τὸ
1682 3965 1808 4037 τοὺς
1835 3966 2112 4037 ἀκροατὰς

532 4029 759 4119 ξυρίους
787 4029 1040 4119 εἷναιτοῑι
1056 4032 1263 4119 reip-3g,
1283 4033 1372 4087 διὰ
1390 4029 1605 4119 τδνςτῇς
1634 4029 2111 4119 αύτεξουσιύτητοέ

533 4102 683 4175 ὅρον,
704 4132 777 4142 -
800 4102 896 4158 lib.
926 4117 1108 4175 v.7ep.
1139 4103 1292 4175 442.,
1317 4120 1439 4174 qua
1465 4102 1587 4160 data
1618 4115 1700 4162 est
1722 4107 1790 4161 ad
1820 4102 2116 4162 Macarium

535 4173 851 4243 episcopum
901 4183 955 4228 et
997 4173 1082 4229 his
1131 4174 1311 4229 verbis
1337 4173 1702 4231 continetur:
1752 4178 1815 4230 El
1858 4177 2121 4241 τοιούτοις

538 4242 882 4315 χρησάμενος
906 4242 1084 4312 λόγοις
1108 4245 1136 4297 ὁ
1165 4244 1356 4321 Λόγος,
1382 4246 1432 4299 οἳ
1466 4246 1561 4299 καὶ
1591 4246 1689 4318 τὴν
1717 4248 1921 4317 ἄψυχον
1956 4248 2118 4316 φύσιν

538 4313 764 4378 εἰκότως
784 4313 850 4368 ἂν
879 4313 1150 4383 ἔκαμψαν.
1182 4316 1281 4368 οὐκ
1302 4315 1485 4370 ἔπεισε
1510 4317 1571 4370 τὸ
1598 4318 1910 4383 ἀμείλικτον
1944 4321 2121 4372 ἐκεῖνο

537 4332 764 4378 uxorm;
784 4332 850 4368 αν
879 4332 1150 4384 εκαμψαν.
1182 4332 1281 4368 ουκ
1302 4332 1485 4370 επεισε
1510 4332 1571 4370 το
1598 4332 1632 4369 α
1680 4332 1910 4371 ειλικτον
1944 4332 2117 4372 εκεινο

538 4383 727 4472 θηρίον
761 4384 821 4438 τὸ
855 4386 982 4472 ἕατ’
1010 4383 1175 4468 αὐτοῦ
1200 4385 1592 4472 ῥπιλυττῇσανς
1627 4336 1792 4472 ἔδειξε
1814 4387 2117 4472 λαμέπρῶς,

2269 1930 2404 1985 Nam
2453 1929 2806 2000 Evangelium
2853 1935 3140 2000 propterea
3184 1926 3597 1996 rejicientibus,
3642 1941 3788 1996 quo-

2196 2023 2343 2077 niam
2376 2037 2515 2079 nova
2561 2031 2616 2076 et
2646 2020 2868 2086 vivendi
2896 2030 2953 2075 et
2988 2018 3258 2091 cogitandi
3305 2018 3446 2072 ratio
3488 2034 3518 2071 a
3561 2017 3789 2072 Christo

2198 2114 2473 2185 proposita
2502 2114 2570 2169 sit
2595 2153 2609 2179 ,
2636 2113 2914 2168 neminem
2934 2152 2949 2175 ,
2979 2111 3084 2166 nisi
3117 2126 3259 2165 nova
3296 2110 3552 2172 doceret,
3590 2107 3788 2161 malam

2198 2214 2255 2260 et
2321 2205 2678 2259 inveteratam
2752 2202 3045 2256 immutare
3102 2214 3266 2270 posse
3327 2197 3789 2253 consuetudinem

2200 2295 2473 2361 ostendit;
2521 2294 2792 2364 simulque
2831 2293 2962 2356 hoc,
2989 2290 3288 2347 dummodo
3319 2289 3528 2344 utilitas
3555 2286 3791 2343 novitati

2199 2386 2457 2458 adjuncta
2494 2385 2585 2449 sit,
2613 2399 2719 2439 non
2749 2381 3261 2453 reprehendendum
3291 2394 3413 2433 esse
3437 2377 3667 2432 aiIirmat
3696 2377 3789 2449 (ο.

2200 2510 2273 2523 -—
2305 2479 2511 2535 Deinde
2551 2479 2646 2534 ubi
2696 2493 2812 2532 rem
2858 2476 3028 2531 habet
3077 2491 3202 2530 cum
3243 2473 3448 2530 Graecis
3482 2473 3794 2527 doctrinam

2202 2573 2271 2628 de
2304 2586 2594 2642 corporum
2617 2569 3018 2625 resurrectione
3048 2566 3424 2629 irridentibus,
3449 2566 3589 2619 hanc
3612 2579 3799 2619 exem-

2204 2664 2344 2734 plis,
2384 2678 2508 2733 qua
2537 2678 2605 2716 ex
2652 2659 3046 2733 philosophicis
3073 2673 3266 2713 eorum
3308 2657 3531 2728 scriptis
3558 2655 3798 2725 repetita

2204 2765 2360 2819 sunt,
2393 2756 2665 2811 illustrare
2714 2764 2771 2809 et
2818 2754 3052 2825 probare
3093 2759 3321 2807 conatur
3357 2751 3454 2821 (g).
3488 2749 3700 2804 Etenim
3733 2756 3801 2803 ut

2206 2845 2546 2909 Gracorum,
2577 2846 2771 2916 inquit,
2806 2842 3117 2915 philosophi
3148 2858 3214 2897 ex
3248 2841 3362 2912 igni
3389 2855 3537 2902 aera,
3565 2855 3630 2893 ex
3666 2853 3801 2894 aere

2206 2955 2424 3011 aquam,
2452 2953 2519 2993 ex
2548 2953 2687 3007 aqua
2727 2946 2951 3003 terram,
2983 2951 3048 2990 ac
3079 2950 3297 2989 rursum
3328 2948 3358 2988 e
3391 2939 3529 2986 terra
3557 2945 3753 3001 aquam
3781 2969 3798 2995 ,

2208 3049 2276 3089 ex
2302 3047 2440 3101 aqua
2478 3046 2604 3085 aera
2624 3072 2640 3097 ,
2682 3045 2749 3085 ex
2782 3043 2908 3084 aere
2937 3027 3116 3098 ignem
3166 3025 3281 3079 ﬁeri
3310 3021 3687 3101 contendunt,
3721 3020 3800 3075 ita

2210 3139 2311 3179 nos
2339 3100 2559 3192 corpus,
2597 3120 2745 3191 quod
2779 3134 2928 3174 nunc
2957 3117 3249 3173 maximam
3277 3100 3490 3186 partem
3516 3121 3800 3169 terrenum

2210 3225 2324 3278 est,
2354 3221 2480 3284 post
2510 3220 2743 3267 mortem
2773 3210 3060 3265 atherium
3088 3207 3206 3263 ﬁeri
3232 3207 3486 3269 dicimus.

2278 3306 2417 3362 Cum
2448 3320 2580 3361 vero
2600 3304 2906 3375 Harpocras
2934 3301 3294 3357 scholasticus
3317 3299 3390 3371 (h)
3419 3294 3639 3354 Homeri
3665 3311 3803 3351 con-

2210 3407 2294 3454 tra
2321 3414 2447 3453 eum
2476 3396 2768 3468 protulerit
2795 3394 3187 3458 testimonium,
3218 3391 3471 3448 rescribit
3501 3410 3514 3446 :
3545 3418 3616 3431 —-
3644 3387 3802 3455 Quo-

2210 3489 2362 3545 niam
2413 3497 2471 3543 tu
2505 3488 2803 3544 Homerum
2852 3496 2912 3542 ut
2955 3485 3420 3558 sapientissimum
3456 3481 3511 3537 in
3559 3480 3807 3538 medium

2217 3582 2473 3653 producis
2508 3590 2704 3636 testem
2725 3619 2740 3646 ,
2782 3595 2883 3651 ego
2916 3579 3168 3634 eumdem
3210 3578 3474 3632 adversus
3503 3582 3558 3629 te
3596 3572 3807 3643 produ-

2220 3688 2339 3727 cam
2358 3673 2471 3738 ,’—
2499 3681 2554 3726 et
2583 3671 2745 3726 (Iasio
2768 3670 3093 3726 scholastico
3117 3668 3178 3741 (ἰ)
3212 3667 3597 3723 Demosthenis
3634 3664 3808 3729 dicto,

2221 3770 2283 3819 ut
2302 3763 2590 3820 Pelusiota
2619 3762 2949 3819 sententiam
2971 3761 3278 3831 refelleret‘,
3307 3758 3502 3825 ntenti,
3532 3755 3809 3823 Isocratis,

2219 3968 2576 4040 γελισάμενος
2611 3966 2702 4022 διὰ
2730 3966 2825 4040 τοῦ
2864 3967 3038 4040 εῐιτεῖν
3063 3978 3078 3993 ·
3116 3984 3134 4017 ι
3155 3966 3246 4040 ’ἓν
3271 3966 3337 4034 τῇ
3374 3961 3668 4040 Magi-adiget
3696 3962 3814 4017 τῶν

2218 4032 2429 4109 νεκρῶν
2459 4032 2583 4093 οὔτε
2603 4037 2873 4108 γαμοῦσιν
2893 4036 3019 4109 οὔτε
3045 4032 3370 4109 γαμίζονται
3394 4075 3419 4109 ,_
3446 4032 3811 4109 ἀλλ’-ἔρονται

2220 4109 2295 4173 ὡς
2319 4102 2541 4178 ἄγγελοι
2564 4126 2578 4139 ο
2600 4102 2627 4158 ι’
2658 4102 2755 4178 τῆν
2783 4125 2841 4162 τε
2870 4102 3322 4178 κρίσινμὴνύσαξ
3349 4104 3435 4157 διὰ
3463 4102 3816 4178 ⁴ιιςιολὶιιῖινμμὲν

2220 4138 2293 4173 ωε,
2319 4138 2385 4178 αἶ
2402 4138 2541 4177 ῘΕΛυῐι
2568 4138 2575 4139 ί
2601 4138 2619 4158 Ι
2659 4138 2754 4178 ιιιν
2783 4138 2841 4162 ἰθ
2873 4138 3051 4178 ιριυιν
3079 4138 3136 4176 Pl
3165 4138 3293 4157 vuum
3349 4138 3435 4157 UHA
3470 4138 3673 4155 M-Vnnwv
3712 4138 3814 4172 μεν

2220 4180 2396 4235 ἄλλων
2425 4179 2521 4233 καὶ
2550 4178 2609 4232 ὲν
2639 4178 2718 4249 τῷ
2747 4179 2954 4249 φρᾷσαι
2977 4138 3425 4249 δέᾒιλείθοϐᾕθὲητε-
3454 4173 3546 4226 τὸν
3574 4173 3815 4249 δυνάμε-

2220 4268 2310 4304 νον
2332 4250 2427 4304 καὶ
2441 4249 2629 4320 ψυχὴν
2646 4243 2935 4320 gausapa
2961 4246 3221 4320 ἀπολέσαι
3252 4247 3311 4297 ἐν
3333 4244 3548 4317 γεέννῃ.
3577 4262 3596 4297 ι
3622 4272 3694 4283 -
3723 4243 3811 4298 Cf.

2223 4321 2318 4374 lib.
2346 4337 2409 4384 ιι,
2445 4316 2709 4389 ρρῖὲοἵη
2744 4318 2840 4372 lih.
2866 4316 2955 4381 tv,
2985 4333 3071 4389 ep.
3112 4316 3242 4389 125.

2297 4392 2372 4465 (ᾴ)
2393 4383 2508 4444 Lib.
2535 4404 2712 4465 tt,_ep.
2867 4417 2939 4465 ς·-
2958 4383 3099 4465 ᾎρὴ,
3126 4386 3313 4465 ἐπειδὴ
3333 4383 3606 4465 τᾲςβερᾲς
3627 4399 3813 4465 παρα-

537 4454 624 4530 ὂτι
639 4454 1014 4530 τδᾼπειειθῆναι
1037 4456 1130 4510 καὶ
1156 4455 1229 4530 μῂ
1249 4496 1264 4521 ,
1289 4456 1397 4530 τῶν
1419 4454 1726 4530 ᾁιιουόντων
1751 4454 1999 4530 ἐστὶ,’διᾷι
2025 4459 2116 4512 τὸν
2155 4526 2186 4530 _
2225 4454 2527 4530 γρᾶᾡονται
2554 4499 2570 4523 ,
2598 4454 2821 4527 Γραφὰς
2865 4458 2933 4530 ἐκ
2976 4454 3264 4530 λογισμῶν.
3289 4454 3385 4508 ita!
3421 4454 3818 4530 ⁵ἀποδεικτικῆς

538 4525 638 4660 τές
668 4524 1167 4595 αὐτεξουσιότητο;’
1191 4524 1336 4597 ὅρον,
1366 4527 1437 4581 δι’
1464 4527 1523 4581 ὃν
1572 4529 1668 4581 καὶ
1701 4530 1730 4580 ὁ
1754 4528 1855 4597 τῆς
1875 4524 2120 4599 κρίσεως
2155 4526 2198 4580 D
2226 4524 2466 4596 τᾶξέως,
2517 4524 2921 4602 ἀναγκαστικὸν
2959 4524 3365 4581 κατασιιευάσαι
3421 4524 3578 4594 λόγον
3630 4540 3817 4593 παρα-

540 4597 576 4666 ᾴ
614 4595 819 4666 ιύλογός
855 4597 972 4650 ἐστι
1017 4595 1192 4666 λόγος.
1228 4625 1298 4636 -
1343 4598 1614 4653 Caterum
1656 4596 1727 4653 cf.
1774 4598 1870 4654 lib.
1921 4615 1978 4663 ν,
2026 4613 2115 4666 ep.
2238 4598 2573 4665 σκευάζοντα
2604 4596 2752 4666 ἡμᾶς
2787 4599 2848 4652 τὸ
2875 4600 3043 4666 σαφὲς
3067 4598 3319 4651 συνιδεῖν.
3515 4663 3524 4666 _
3769 4663 3781 4666 _

614 4595 819 4669 φλογός
855 4595 1298 4669 ἑστι-λόγοςχξτ
1343 4598 1614 4669 (laterum
1656 4596 1727 4653 cf.
1774 4595 1870 4654 lib.
1921 4595 1978 4663 ν,
2026 4613 2115 4669 ep.

713 4693 787 4708 -—
813 4667 1040 4740 εει-ης
1068 4664 1152 4740 cp.
1179 4666 1318 4734 219;
1354 4684 1442 4740 ep.
1473 4667 1612 4736 250;
1638 4683 1726 4739 ep.
1767 4669 1862 4724 Ml
1889 4685 1905 4737 ;
1937 4699 2006 4711 --
2032 4664 2120 4740 ep.

542 4734 669 4802 52k
703 4752 790 4803 ep.
825 4734 968 4803 5'47;
997 4748 1049 4793 et
1076 4734 1149 4791 al.

616 4808 696 4882 (a)
731 4805 851 4863 Lib.
879 4823 1074 4882 t_v,_ep.
1106 4808 1229 4882 l2_5.
1264 4805 1481 4882 ln_cod.
1511 4807 1635 4864 Vat.
1667 4807 1793 4877 650,
1819 4825 1931 4865 non
1966 4809 2129 4882 Προε·

547 4877 683 4950 σχίῳ
710 4910 785 4950 τί
817 4879 911 4933 sed
932 4877 1227 4950 IIprth
1250 4878 1514 4950 scriptum
1543 4886 1641 4950 est.

619 4896 682 5003 ιΐ
710 4910 777 4921 -
817 4896 911 4933 seu
945 4896 1227 4950 ιιροσεχιῳ
1250 4896 1514 4947 scriptum
1543 4896 1641 4934 eat.

619 4966 634 5015 ι
677 4948 694 5019 )
730 4946 975 5003 Platonis
1019 4949 1368 5019 testimonio,
1414 4949 1480 5002 ad
1518 4949 1715 5019 anima
1745 4948 2130 5006 immortalita-

543 5028 655 5073 tem
678 5017 1020 5090 probandam
1043 5019 1207 5073 etiam
1236 5017 1365 5090 alibi
1395 5018 1567 5090 utitur
1593 5017 1886 5075 Pelusiota.

619 5088 699 5161 (cf
731 5088 886 5144 lianc
921 5091 987 5145 de
1019 5089 1662 5161 animaimmortalitate
1684 5091 1990 5161 doctrinam
2020 5098 2130 5144 tam

547 5158 769 5230 gravem
802 5175 924 5215 esse
952 5168 1138 5215 censet
1176 5158 1417 5214 Isidorus
1440 5200 1455 5223 ,
1488 5168 1550 5214 ut
1577 5160 1631 5213 in
1670 5159 1901 5230 epistola
1936 5162 2001 5215 ad
2036 5161 2133 5214 lsi-

548 5232 741 5286 dorum
783 5230 1118 5302 episcopum,
1149 5230 1272 5302 data
1296 5260 1366 5271 ——
1403 5230 1500 5302 lib.
1537 5246 1612 5293 tv,
1640 5245 1726 5300 ep.
1761 5230 1862 5285 M6
1884 5231 2134 5302 —-—plane

550 5302 783 5365 doceat,
822 5299 1013 5355 Iesum
1061 5300 1341 5355 Christum
1386 5301 1549 5354 ctiam
1581 5299 1865 5370 prepterea
1906 5317 1937 5355 a
1975 5299 2135 5357 caelis

550 5371 947 5441 descendisse,
975 5380 1038 5425 ut
1076 5371 1181 5441 hoc
1222 5370 1417 5441 dogma
1466 5371 1523 5425 in
1568 5371 1879 5425 mortalium
1921 5374 2136 5427 animos

554 5438 1081 5523 revocaretuj’erba
1106 5438 1339 5523 ,δι-τερος,
1389 5456 1510 5523 qua
1559 5441 1665 5523 huc
1705 5451 1972 5523 spectant,
2020 5443 2137 5523 hac

557 5521 690 5583 sunt
714 5530 729 5566 :
756 5544 826 5555 —
858 5508 1002 5565 Ἦκε
1025 5511 1216 5583 τοίνυν
1243 5514 1271 5565 ὁ
1299 5507 1511 5583 Σωτὴρ,
1528 5511 1674 5583 μετὰ
1698 5507 1806 5566 τῶν
1835 5507 2030 5583 ἄλλων,
2060 5507 2137 5567 ὧν

557 5581 916 5655 κατώρθωσε,
953 5582 1062 5655 xa_l_
1078 5580 1280 5655 ταύτης
1305 5580 1640 5655 ᾁπαᾎλάξων
1656 5582 1782 5655 τοὺς
1818 5582 2137 5655 ἀνθρώπους

559 5654 660 5722 τῆς
696 5651 970 5725 ὑπονοίαις.
1001 5651 1112 5725 Ἰξὴν
1150 5651 1259 5722 γὰρ
1272 5652 1388 5725 τῆς
1411 5652 1591 5725 ψυχῆς
1619 5651 2137 5725 ᾲθανοισξανὸρισά-

564 5738 746 5796 μενος,
771 5725 832 5796 εν
864 5722 944 5793 τῷ
977 5722 1142 5796 φὸιναι
1162 5742 1176 5754 ·
1212 5722 1368 5796 (Τὴν
1403 5723 1461 5779 δὲ
1484 5722 1681 5796 ςψυχὴν
1724 5725 1798 5796 μὴ
1824 5722 2136 5796 δυναμένων

560 5794 900 5851 ἀποκτεῖναι*
923 5812 941 5843 ι
973 5793 1063 5849 καὶ
1086 5795 1182 5868 τὴν
1205 5795 1308 5850 τῶν
1326 5793 1611 5867 ’σωμάτων
1638 5793 1936 5850 ἆνάστασιν
1962 5793 2133 5867 σύαγ-

2238 4596 2752 4670 σκευάζοντῶήμᾶς
2787 4599 2848 4652 τὸ
2875 4600 3043 4667 σαφὲς
3067 4598 3319 4670 συνιδεῖνέ

2297 4671 2366 4741 (ε)
2398 4663 2514 4725 Lib.
2548 4663 2738 4741 It,"ep.
2766 4670 2888 4737 M6,
3008 4668 3103 4721 191
3131 4708 3145 4733 ,
3173 4667 3252 4741 lit.
3368 4663 3528 4741 ligni
3570 4683 3585 4720 :
3612 4693 3681 4705 —
3712 4663 3822 4715 Οὐ·

2229 4735 2359 4812 κοῦν
2390 4741 2579 4812 ἐπειδὴ
2612 4735 2850 4812 Ἔλληνᾲ
2876 4735 2936 4793 τέ
2963 4738 3112 4812 δντα,
3147 4739 3240 4790 καὶ
3270 4736 3338 4812 τᾲ
3380 4735 3651 4812 Ἑλλήνιον
3683 4749 3822 4802 πρε-

2231 4811 2511 4876 σϐεύοντα,
2543 4805 2647 4882 im
2674 4811 2739 4863 ὲκ
2769 4805 2887 4863 ’τῶν
2925 4809 3033 4862 σῶν
3075 4826 3134 4862 σε
3173 4805 3562 4879 χειρώσασθαι,
3598 4806 3821 4857 ἀντιτα-

2231 4882 2409 4944 κτέον,
2449 4899 2505 4935 κ.
2535 4898 2585 4934 τ.
2621 4882 2670 4934 λ.

2307 4950 2372 5024 (f)
2576 4966 2640 5024 11,
2669 4966 2755 5020 ep.
2791 4948 2861 5004 46
2899 4942 3081 5024 εμΕἷπε
3118 4947 3196 5020 τῷ
3229 4945 3562 5024 διενεχθέντι
3590 4972 3659 4984 -
3692 4943 3818 4998 cod.

2231 5016 2364 5078 Bav.
2398 5016 2730 5092 διαλεχθέντί
2753 5019 2986 5092 -τᾲπρδς
3019 5020 3115 5092 es,
3155 5016 3251 5092 ita).
3277 5018 3345 5070 τὰ
3385 5016 3652 5092 Ἑλλήνων
3683 5030 3824 5092 στρε-

2235 5092 2503 5156 σϐεύοντι,
2537 5084 2609 5131 -Ξ-
2637 5092 2759 5146 cod.
2792 5084 2906 5147 Alt.
2932 5084 3349 5162 πρεσϐεύσαντι,
3379 5116 3449 5128 --
3476 5084 3820 5162 φήσοιντζυτε,

2233 5163 2316 5232 ὅτι
2339 5153 2552 5232 καινήν,
2571 5178 2693 5214 τινα
2724 5162 2820 5214 καὶ
2849 5153 3000 5231 παρᾶ
3025 5161 3125 5231 τὴν
3152 5158 3384 5229 ἀρχαίαν
3422 5153 3498 5197 -ί
3526 5156 3663 5232 ςιιιιΙ.¹
3697 5153 3819 5232 Vat_.

2235 5231 2358 5288 649.
2389 5223 2634 5301 apio.le
2672 5260 2736 5271 —
2761 5223 3424 5301 συνήθειαν,ἐὶσήγήσατο
3445 5223 3824 5301 ⁸τιςολιιιείαν-ἰ-ὲι

2236 5296 2587 5370 Εὐαγγέλίον,
2632 5303 2745 5364 ὅτι,
2776 5299 2822 5355 ὦ
2871 5296 3171 5371 σοφώτατε,
3201 5296 3543 5371 ’κινδυνεύεις
3580 5296 3819 5371 ἀγνοεῖν,

2236 5374 2318 5445 ὅτι
2357 5365 2458 5441 τήν
2506 5372 2750 5445 πονηρὰν
2791 5365 3078 5445 συνήθειαν
3123 5370 3381 5441 καινότης
3432 5370 3567 5441 μόνη
3622 5365 3823 5419 παύειν

2240 5442 2478 5511 πέφυκε.
2506 5442 2618 5507 Διὸ,
2632 5442 2700 5499 ’κ.
2734 5458 2787 5497 τ.
2813 5442 2864 5495 λ.

2312 5512 2869 5585 (aluit-".6945:
3044 5583 3077 5585 μ
3191 5580 3202 5585 -
3287 5580 3298 5585 -
3442 5580 3511 5585 --
3663 5571 3781 5585 .-

2336 5575 2541 5655 Ῐιᾘιὶι).
2571 5575 2629 5648 ιι,
2657 5575 2745 5655 ep.
2772 5582 2880 5638 228
2911 5600 2924 5637 :
2955 5613 3019 5625 —
3039 5580 3221 5655 Σεμνὴ
3240 5580 3350 5652 γὰρ
3369 5581 3464 5633 καὶ
3488 5575 3689 5655 ἡπαρ-ἆι
3711 5575 3825 5629 τῶν

2309 5590 2390 5707 ἑή)
2422 5590 2541 5638 Lib.
2571 5598 2629 5648 ιι,
2657 5599 2745 5652 ep.
2772 5590 2880 5638 228
2911 5600 2924 5637 :
2955 5613 3019 5625 —
3039 5590 3221 5653 Σεμνὴ
3240 5590 3350 5652 γὰρ
3369 5590 3464 5633 καὶ
3488 5590 3520 5650 η
3538 5590 3689 5655 παρα
3711 5590 3822 5629 των

2241 5654 2305 5725 εχ
2343 5653 2467 5725 ρῶνί
2491 5653 2790 5725 μαρτυρία·
2826 5669 3049 5725 -—;,qna
3080 5653 3246 5725 verba
3293 5658 3579 5709 recurrunt
3605 5647 3702 5704 ιιι).
3734 5658 3822 5711 ιιι,

2242 5722 2502 5797 εβαίδξὸς
2531 5722 2625 5780 lib.
2655 5722 2728 5790 ιν,
2754 5740 2845 5797 ep.
2862 5722 2992 5797 :223,
3022 5733 3080 5781 et
3105 5722 3258 5780 alibi.

2319 5796 2381 5867 (ἱ)
2421 5794 2628 5864 Lib.’n,
2664 5810 2751 5866 ep.
2787 5792 2907 5851 “6.
