4118 6402
551 286 624 348 95
1656 289 2331 358 COMMENTATIONIS
2367 300 2558 362 PARS
2591 302 2704 364 III.
3765 300 3839 364 96

554 400 942 468 interpretatus
975 407 1077 454 est.
1109 399 1298 469 itaque
1339 397 1567 454 Paulum
1603 400 1693 454 τὸν
1723 401 1850 454 Υῑὸν
1879 403 1973 456 τοῦ
2003 403 2138 458 Θεοῦ

2254 427 2388 477 mus,
2423 415 2568 483 quod
2609 415 2663 469 in
2695 414 2886 471 eadem
2921 415 3176 486 epistola,
3213 414 3267 469 in
3299 429 3405 486 qua
3439 430 3668 472 aureum
3713 413 3842 470 illud

556 505 668 547 non
723 490 1065 562 πρωτότοκον
1121 491 1297 560 primo
1356 498 1624 554 creatum.
1667 491 1763 546 sed
1795 494 2144 563 πρωτοτόκον

557 585 794 653 primum
844 591 1120 638 creantem
1164 582 1470 654 appellasse
1511 583 1700 639 statuit
1732 584 1833 655 (a),
1863 595 1919 640 et
1957 584 2144 641 Jesum

560 676 840 730 Christum
907 675 1122 729 Patrem
1177 691 1234 730 se
1269 676 1531 744 majorem
1587 676 1709 731 ideo
1758 678 2144 746 pronuntiasse

555 767 805 822 allirmat.
843 775 901 820 ut
935 767 1210 833 apostolos
1262 775 1411 822 metu
1452 765 1730 822 confectos
1775 777 1830 824 et
1866 784 2011 840 pene
2043 786 2143 826 ex-

556 861 783 912 stinctos
817 857 1191 912 consolaretur
1228 857 1322 928 (b).

1153 969 1386 1026 CAPUT
1437 971 1529 1028 ΙΙΙ.

753 1101 991 1141 ISIDORUS
1030 1102 1294 1141 ιιιιιιοιιωι
1321 1102 1593 1142 εΑοιιοιιωι
1626 1103 1944 1144 ιΝτειιιιιιεε.

627 1218 892 1273 lsidorum
919 1219 987 1273 de
1028 1235 1140 1274 uno
1179 1228 1234 1274 et
1267 1219 1439 1274 altero
1472 1219 1770 1274 Bibliorum
1799 1219 1939 1275 libro
1985 1234 2140 1275 com-

556 1309 884 1363 mentarium
907 1325 1016 1363 non
1033 1309 1354 1376 confecisse,
1375 1320 1589 1366 constat
1627 1327 1692 1366 ex
1716 1313 1804 1375 iis,
1825 1328 1944 1382 quae
1963 1312 2030 1367 de
2054 1312 2144 1368 de-

556 1397 781 1469 perditis
805 1409 860 1454 et
882 1401 1264 1470 superstitibus
1285 1402 1530 1472 ejusdem
1553 1403 1770 1473 scriptis
1795 1413 1949 1474 parte
1979 1404 2143 1474 hujus

557 1493 1036 1547 commentationis
1066 1495 1303 1548 secunda
1333 1494 1601 1558 diximus;
1624 1495 1878 1550 eumdem
1902 1510 2033 1550 vero
2054 1495 2139 1550 in-

561 1585 893 1653 terpretandi
925 1601 1126 1639 munus
1157 1585 1341 1640 multis
1369 1587 1426 1640 in
1457 1586 1704 1657 epistolis
1730 1587 2033 1657 suscepisse
2055 1588 2140 1643 vel

559 1689 624 1730 ex
673 1675 790 1745 ipso
835 1676 1282 1732 RitterShUsianze
1328 1677 1585 1733 editionis
1638 1679 1794 1732 titulo
1841 1687 1997 1749 potes
2049 1694 2141 1734 co-

2255 505 2510 574 repetivit
2557 518 2913 578 praeceptum,
2952 509 3008 562 in
3066 508 3258 563 vitium
3310 508 3472 563 modo
3520 510 3719 565 acriter
3771 512 3843 567 ab

2253 597 2373 667 ipso
2403 599 2791 669 vituperatum,
2839 601 2955 671 ipse
3002 601 3318 656 incurrerit.
3357 599 3573 656 Etenim
3619 603 3839 671 lsaiam,

2251 690 2319 746 de
2364 693 2703 759 cauponibus
2737 694 2921 749 vinum
2972 710 3112 764 aqua
3164 694 3519 749 miscentibus
3561 705 3838 764 agentem,

2249 780 2319 836 de
2371 782 2527 837 malis
2560 783 2951 854 interpretibus
2997 796 3054 841 et
3095 785 3372 856 Evangelii
3425 788 3842 856 corruptoribus

2249 873 2491 930 locutum
2545 892 2666 932 esse
2706 878 2940 934 aliirmat
2984 879 3072 949 (Γ).
3115 908 3183 920 --
3230 877 3419 948 Neque
3473 879 3576 933 sibi
3625 880 3843 934 videtur

2249 978 2521 1033 constare,
2555 983 2680 1023 cum
2722 978 2910 1024 contra
2958 969 3196 1033 Iudaeos,
3234 979 3295 1025 ut
3338 969 3575 1024 secunda
3612 969 3840 1024 secundi

2249 1058 2445 1128 capitis
2472 1062 2813 1132 paragrapho
2869 1062 3124 1126 vidimus,
3167 1061 3512 1132 allegoricam
3565 1061 3842 1131 interpre-

2249 1150 2400 1204 tandi
2442 1152 2710 1208 rationem
2743 1153 3054 1209 defenderit
3111 1168 3342 1223 eamque
3383 1153 3500 1223 ipse
3526 1152 3842 1208 adhibuerit

2249 1252 2646 1309 saepenumero.

2319 1328 2476 1396 Quod
2523 1337 2812 1401 antequam
2849 1333 3224 1402 compluribus
3259 1331 3505 1402 ejusdem
3537 1331 3638 1385 viri
3681 1330 3841 1388 dictis

2249 1421 2688 1491 comprobemus,
2721 1422 2897 1492 placet
2944 1411 3103 1477 nobis
3150 1421 3473 1493 gravissima
3522 1420 3842 1476 examinare

2248 1515 2517 1584 exempla,
2543 1515 2741 1584 quibus
2771 1513 3078 1569 Richardus
3113 1514 3302 1568 Simon
3332 1511 3433 1583 (g),
3469 1510 3736 1580 Dupinius
3759 1512 3838 1584 (Ii)

2248 1615 2306 1660 et
2331 1605 2815 1660 Rosenmuellerus
2846 1607 2931 1676 (ἱ),
2970 1621 3094 1660 eum
3122 1608 3474 1676 interpretem
3508 1604 3675 1659 fuisse
3705 1604 3840 1660 satis

2247 1709 2464 1754 acutum
2497 1699 2726 1769 probare
2763 1699 2941 1753 conati
2982 1706 3127 1753 sunt.

561 1781 841 1836 gnoscere.
904 1765 1004 1822 Cui
1061 1783 1169 1838 quo
1237 1768 1401 1823 modo
1457 1769 1788 1825 satisfecerit
1847 1768 2140 1826 videndum

2315 1790 2485 1856 Quam
2524 1789 2713 1844 Simon
2744 1792 2924 1860 primo
2971 1790 3092 1843 loco
3144 1786 3371 1859 protulit
3429 1786 3736 1857 epistolam,
3779 1769 3878 1841 in.

562 1864 667 1912 est.

634 1972 756 2043 Ipse
795 1983 978 2029 autem
1021 1975 1076 2029 in
1118 1975 1314 2031 litteris
1343 1977 1409 2031 ad
1439 1976 1717 2033 Danielem
1769 1981 2150 2053 presbyterum

563 2061 704 2117 datis
757 2064 826 2133 (ε)
878 2066 1138 2120 librorum
1193 2082 1475 2122 sacrorum
1527 2069 1817 2139 interpreti
1884 2071 2152 2141 imprimis

563 2157 864 2212 cavendum
898 2171 1019 2215 esse
1062 2168 1268 2224 censet,
1317 2175 1388 2214 ne
1418 2176 1571 2214 suam
1619 2161 1888 2217 sentiendi
1921 2173 1976 2218 et
2004 2165 2151 2236 cogi-

567 2246 714 2300 tandi
752 2247 1018 2303 rationem
1049 2251 1332 2320 prophetis
1361 2260 1416 2306 et
1443 2253 1706 2322 apostolis
1737 2255 1960 2321 tribuat,
1990 2270 2147 2321 neve,

567 2345 625 2390 ut
661 2336 714 2388 in
755 2337 983 2406 epistola
1026 2341 1090 2394 ad
1122 2341 1378 2395 Urionem
1415 2343 1624 2404 scribit,
1661 2343 1872 2415 singula
1919 2346 2153 2416 explicet

566 2427 754 2486 verba.
794 2430 889 2483 sed
938 2431 1328 2501 cogitationum
1385 2433 1642 2502 respiciat
1688 2451 1888 2490 nexum
1939 2438 2036 2507 (Δ).
2085 2463 2154 2478 -

567 2519 712 2585 Quas
742 2521 1139 2592 interpretandi
1191 2525 1426 2596 regulas,
1454 2527 1578 2594 quis
1611 2536 1697 2581 est
1747 2527 1840 2596 qui
1882 2543 1992 2581 non
2025 2543 2153 2598 pro-

566 2615 692 2669 bet?
733 2632 912 2687 neque
965 2627 1144 2672 tamen
1192 2627 1302 2672 tam
1366 2619 1546 2689 magni
1599 2621 1856 2689 ponderis
1909 2636 2000 2675 eas
2054 2621 2153 2674 ha-

566 2708 798 2774 buerim,
827 2726 988 2780 quam
1027 2712 1143 2781 ipse
1195 2711 1454 2775 Isidorus,
1501 2712 1594 2782 qui
1641 2705 1988 2783 interpretés,
2022 2728 2152 2782 pro-

567 2802 743 2871 priam
793 2819 946 2856 suam
1001 2804 1201 2872 cuique
1252 2803 1621 2873 apostolorum
1670 2812 1728 2858 et
1766 2804 2154 2874 prophetarum

569 2894 716 2949 dicto
766 2894 1120 2964 subjicientes
1174 2895 1530 2959 sententiam,
1571 2894 1763 2949 vitium
1814 2895 2155 2950 committere

569 2987 887 3054 arbitratur,
919 2988 1063 3057 quod
1097 3003 1260 3042 nemo
1302 3003 1558 3057 umquam
1592 2987 1697 3041 illis
1744 2987 2028 3058 ignoscere
2055 2986 2155 3040 de-

570 3079 696 3133 beat
741 3080 832 3148 (e).
881 3079 1066 3150 Itaque
1112 3095 1216 3135 nos
1268 3090 1457 3135 sancto
1487 3080 1604 3134 viro
1635 3080 1888 3134 lubenter
1921 3080 2154 3152 ignosci-

647 3275 720 3348 (a)
747 3275 865 3330 Lib.
903 3291 986 3348 tu.
1015 3291 1104 3348 ep.
1126 3276 1214 3332 5i.
1240 3275 1419 3332 Verbo
1441 3277 1782 3347 πρωτοτόκος
1801 3279 1941 3348 hanc
1970 3276 2148 3331 inesse
2175 3281 2220 3339 C

573 3346 850 3402 notionem
882 3355 937 3400 et
958 3346 1152 3400 Suidas
1172 3358 1225 3400 et
1255 3355 1410 3401 vetus
1437 3346 1502 3402 ad
1533 3348 1824 3402 Homerum
1860 3347 2150 3402 scholiasta

580 3419 840 3479 tradidit,
892 3427 1028 3470 teste
1075 3419 1320 3472 Suicero.
1357 3419 1424 3472 Et
1476 3429 1624 3473 recte
1671 3419 1910 3487 quidem.
1948 3418 2151 3471 Eadem

573 3489 718 3544 enim
767 3489 976 3558 ratione
1012 3487 1379 3558 μητρόκτονος
1421 3501 1568 3543 recte
1614 3489 1938 3558 appellatur,
1993 3489 2084 3547 aui
2122 3503 2154 3541 a

577 3568 755 3630 matre
802 3557 1255 3630 interfectusest,
1294 3561 1659 3630 μητροκτόνος
1690 3557 1821 3612 vero
1852 3558 1896 3611 is
1928 3559 2150 3630 dicitur,

575 3629 668 3698 qui
704 3638 932 3682 matrem
979 3629 1270 3682 interfecit.
1315 3628 1419 3683 Sed
1475 3631 1592 3684 haec
1631 3638 1890 3683 accentus
1925 3629 2153 3698 mutatio

577 3697 630 3752 in
667 3698 760 3752 illo
806 3698 949 3750 Pauli
1001 3698 1148 3752 dicto
1199 3698 1374 3752 locum
1416 3700 1617 3753 habere
1648 3699 1855 3766 nequit.
1891 3697 2026 3752 Nam
2058 3698 2151 3766 qui

577 3769 645 3822 de
677 3769 854 3838 primo
885 3768 1068 3820 mundi
1095 3779 1339 3822 creatore
1367 3771 1497 3839 agit,
1525 3785 1648 3822 eum
1677 3769 1913 3839 cogitare
1938 3777 2154 3837 oportet

578 3839 646 3893 de
698 3839 938 3892 secundo
988 3839 1220 3891 universi
1256 3849 1533 3902 creatore;
1565 3855 1687 3892 cum
1734 3839 1824 3908 qui
1870 3839 2065 3894 unicus
2096 3839 2151 3892 in

580 3924 680 3963 suo
705 3918 783 3961 est
817 3924 1033 3977 genere.
1066 3908 1269 3976 primus
1299 3910 1402 3964 dici
1439 3926 1544 3963 non
1577 3909 1765 3976 possit.

654 3981 726 4047 (ὁ)
764 3978 881 4033 Lib.
919 3995 994 4040 ιιι,
1030 3995 1098 4046 ep
1157 3979 1276 4034 554.
1323 3996 1375 4048 p.
1409 3981 1540 4035 586.
1571 3981 1652 4034 lit.
1683 3979 1744 4042 Α,
1771 3979 1865 4032 lin.
1903 3978 1956 4032 8.
1985 4009 2056 4019 —
2087 3977 2148 4032 οὺ

578 4049 688 4120 γὰρ
715 4047 1082 4110 διδασκαλίας,
1107 4047 1614 4120 ἁλλὰᾉῖταραμυθίας
1641 4079 1708 4120 -έ-
1735 4050 1823 4120 Sic
1851 4059 1994 4120 auct.
2027 4049 2150 4102 cod.

581 4119 712 4172 Bav.
745 4120 1088 4191 scribendum
1117 4128 1218 4172 est.
1247 4118 1401 4187 Vulg.
1424 4118 1781 4191 ’παραμυθίας
1800 4119 1848 4191 δ’
1870 4119 2153 4191 -Αένεκεν

588 4191 765 4260 μόνης
801 4189 959 4260 τοῦτο
988 4192 1200 4259 εἴρηται
1231 4193 1343 4253 τοῖς
1386 4188 1704 4252 ἀποστόλοις
1731 4188 2020 4260 τεθνηκρσι
2069 4188 2147 4256 τῷ

581 4259 710 4330 ῥέει.
740 4259 814 4330 ὡς
838 4259 1037 4312 αὐτίκα
1074 4260 1216 4329 μάλα
1246 4261 1655 4330 ἀλασσομένοις.
1684 4290 1754 4300 —-
1781 4259 1901 4330 cod.
1930 4259 2057 4312 Bav.
2089 4267 2146 4330 et

583 4327 860 4406 Υιιιικϐὗο.
894 4327 1254 4406 ᾁὶωσοξιένοις
1277 4361 1346 4372 -
1363 4327 1465 4385 ἵνα
1480 4332 1755 4406 θαῤῥοῖεν,
1796 4329 1872 4406 ως
1890 4329 2040 4406 ’πρὸς
2059 4328 2150 4381 τὸν

582 4398 841 4470 δοκοῦντα
871 4401 1052 4462 αὐτοῖς
1082 4401 1321 4470 μείζονα,
1354 4398 1719 4470 πορευομένου
1751 4398 1939 4454 αὑτοῦ.

657 4474 752 4551 (ε).
781 4469 900 4529 Lib.
945 4469 1148 4551 Itt,_ep.
1180 4474 1291 4551 ‘29'.’1
1328 4490 1340 4524 ε
1393 4469 1792 4551 reliquae:
1845 4469 2151 4551 {md-pavor;

587 4540 900 4603 ὑποθέσεως
920 4583 934 4604 ,
967 4543 1060 4594 καὶ
1085 4539 1175 4594 ’ἐὸν
1204 4543 1327 4595 νοῦν
1356 4543 1463 4595 τῶν
1499 4539 1661 4611 ἱερῶν
1688 4539 1935 4611 *Γραφῶν
1979 4540 2152 4610 ἑρμηο

586 4611 774 4664 νεῦσαι
820 4611 1176 4720 πειξώμενον,
1211 4614 1315 4683 χρὴ
1355 4614 1454 4681 τὴν
1481 4609 1578 4682 μὲν
1607 4609 1853 4678 γλῶτταν
1888 4609 2031 4680 ἔχειν
2062 4609 2151 4662 σε·
2186 4629 2231 4687 ι)
2328 4613 2389 4679 (i)

592 4685 729 4720 ιιυσῖιυ
764 4698 821 4720 τε
854 4699 917 4720 νη
975 4683 1175 4720 ﬁrm-nmini
1231 4683 1327 4720 vim
1372 4681 1427 4720 δὲ
1479 4681 1706 4720 νυιῖιητιυ
1743 4681 1938 4720 εἴληςηῆ
1969 4697 2026 4720 τε
2060 4682 2148 4720 νηὶ
2263 4681 2365 4720 ΙΩᾹ

592 4685 742 4753 μνήν
764 4698 824 4734 τε
854 4681 946 4753 καὶ
975 4681 1327 4753 spumae»
1372 4681 1429 4734 δὲ
1479 4681 1706 4753 γνώμην
1733 4681 1940 4753 εὐσεβῆ
1969 4697 2028 4733 τε
2060 4682 2154 4753 καὶ

589 4751 760 4820 εὐαγῆ
828 4751 1143 4806 ἀκολουθεῖν
1166 4770 1222 4804 τε
1247 4751 1458 4814 αὖταῖς,
1492 4751 1692 4822 καὶμὴ
1716 4751 1984 4822 ἡγεῖσθαι,
2019 4751 2156 4820 μηδὲ

590 4822 728 4892 προς
779 4822 840 4874 τὸ
869 4823 1064 4876 οἰκεῖον
1105 4823 1351 4892 βούλημα
1376 4863 1389 4883 .
1423 4824 1512 4876 τὸν
1542 4820 1766 4875 ἐκείνων
1799 4820 1924 4874 νοῦν
1967 4822 2156 4892 ἐκϐιά-

590 4884 799 4963 ζεσθαι.
839 4892 962 4955 Τοῖς
1018 4884 1124 4961 γὰρ
1175 4884 1504 4963 παριβτοιεῖν
1567 4895 1662 4945 καὶ
1708 4891 2155 4962 παρερμηνεύειν

589 4961 850 5034 τολμῶσι,
880 4963 1121 5034 κίνδυνος
1152 4961 1458 5034 ἐπήρτηται
1489 4963 1744 5034 μέγιστος
1764 4961 2035 5034 εἰςαὺτὴν
2063 4964 2162 5033 τὴν

589 5031 660 5101 tim
668 5033 766 5102 χὴν
799 5032 1030 5100 βλέπων.

665 5101 739 5168 (d)
775 5103 890 5175 Lib.
928 5120 1006 5167 ιιι,
1038 5118 1124 5175 ep.
1158 5102 1259 5156 156
1449 5102 1660 5175 ’ἁπλῶς
1682 5105 1976 5175 προφέρων
2008 5101 2162 5166 τινὰς

599 5173 786 5245 ῥήσεις
813 5173 919 5245 τῶν
965 5173 1123 5245 ἱερῶν
1154 5172 1418 5244 χρησμῶν
1445 5172 1533 5245 eis
1572 5172 1834 5245 σςόματος
1864 5172 2162 5245 σπάραττε.

699 5243 834 5296 ἀλλὰ
868 5243 964 5305 τὰς
994 5241 1276 5313 ὕποθέσειζ
1304 5241 1549 5312 ἀκριϐῶς
1595 5241 1857 5313 ζητήσας,
1893 5241 2033 5308 ἕξεις
2066 5245 2164 5306 τὰς

595 5312 799 5375 λύσεις.
838 5312 1220 5382 Τυφλώττουσι
1244 5313 1452 5386 γὰρ-αἱ
1501 5312 1788 5386 ἑρμηνεῖαι
1828 5315 1936 5367 τῶν
1967 5314 2162 5368 ὑποθέ-

599 5401 736 5437 σεων
771 5386 1120 5452 χηρεύουσαι.
1157 5413 1226 5423 -
1257 5383 1511 5446 ὑπόθεσις
1535 5383 1720 5439 autem
1759 5397 1879 5452 est,
1924 5394 1982 5440 ut
2007 5402 2164 5450 περιρ

599 5453 974 5524 κοξιήηιιΙὶιιιιιι
1004 5454 1122 5507 libri
1144 5453 1430 5524 cujusdam
1454 5454 1643 5509 sectio.

672 5521 741 5594 (ε)
765 5522 890 5596 Lib.
919 5539 976 5577 ιι.
1007 5538 1091 5593 ep.
1133 5522 1284 5589 2%.,
1333 5539 1453 5594 qua:
1493 5525 1577 5578 his
1599 5526 1786 5596 verbis
1835 5525 2026 5596 incipit
2056 5543 2071 5582 :
2100 5523 2171 5578 Οἱ

599 5593 728 5667 τοὺς
759 5593 1248 5667 θείουςλχρησμοίές
1292 5593 1875 5667 -παραποιοΰντεςᾲκαὶ
1917 5593 2053 5667 ripe;
2105 5599 2166 5667 ἰδ

601 5663 799 5715 οἰκεῖον
841 5663 1087 5734 βούλήιια
1119 5663 1522 5737 ὶκσιαζόμενοι,
1555 5665 1884 5737 συγγνώμης
1909 5663 2165 5739 ἁμαρτά-

603 5746 752 5786 νουσι
783 5734 1023 5798 μείζονα.
1625 5740 1628 5743 ”

603 5746 752 5786 roum.
783 5746 1023 5802 μειςονα.

2253 1900 2359 1954 qua
2385 1883 2642 1948 Isidorus,
2668 1882 2905 1937 Matthaei
2941 1883 3104 1937 verba
3151 1901 3163 1936 :
3197 1882 3298 1935 οὐκ
3336 1880 3634 1948 ἐγίνωσκεν
3665 1880 3840 1951 αὐτὴν

2253 1979 2357 2041 ἕως
2401 1971 2463 2030 οὗ
2500 1977 2656 2030 ἔτεκε
2705 1977 2796 2030 τὸν
2828 1977 2941 2030 υἱὸν
2985 1975 3174 2044 αὐτῆς,
3212 1973 3599 2044 explicaturus,
3633 1973 3701 2027 de
3730 1973 3840 2037 ἕως

2253 2068 2532 2138 particulae
2567 2083 2669 2122 usu
2715 2067 2852 2137 agit,
2897 2067 3058 2125 illam,
3093 2081 3194 2120 nos
3231 2065 3358 2118 alibi
3393 2064 3456 2134 (j)
3509 2064 3620 2132 jam
3653 2063 3839 2134 tetigi-

2254 2175 2394 2216 mus.
2430 2190 2499 2203 --
2542 2160 2689 2215 Bene
2729 2167 2911 2213 autem
2963 2140 3037 2212 ini
3083 2159 3312 2227 epistola
3363 2157 3431 2210 ad
3483 2155 3839 2210 Timotheum

2253 2251 2509 2306 lectorem
2547 2251 2618 2322 (lt)
2657 2251 2788 2306 Jesu
2837 2249 3041 2305 Christi
3084 2249 3251 2305 verba
3285 2249 3354 2302 τὸ
3410 2247 3731 2318 μικρότερος
3780 2248 3843 2301 ὲν

2251 2347 2318 2414 τῇ
2375 2343 2623 2414 βασιλείᾳ
2679 2343 2787 2397 τῶν
2843 2342 3122 2415 οὐρανῶν,
3178 2343 3382 2413 μείζων
3443 2341 3591 2394 ἐστὶν
3651 2340 3842 2394 Ἰωάν-

2225 2496 2230 2502 ,
2253 2455 2342 2491 νου
2359 2437 2442 2507 (ι),
2469 2437 2754 2507 exposuit;
2784 2437 2925 2492 bene
2950 2437 3004 2490 in
3029 2435 3226 2489 litteris
3249 2435 3315 2488 ad
3338 2433 3706 2503 Pansophium
3737 2435 3838 2505 (ηε)

2253 2539 2309 2584 et
2338 2530 2726 2600 Aphrodisium
2752 2530 3127 2600 presbyterum
3153 2526 3229 2599 (η)
3261 2537 3449 2583 contra
3503 2525 3838 2581 Marcionem

2254 2622 2364 2691 egit
2388 2629 2443 2674 et
2469 2619 2718 2686 .Iudmos;
2743 2630 2967 2690 optume
2996 2619 3231 2688 denique
3264 2617 3571 2671 Servatoris
3593 2617 3838 2671 dictum:

2255 2713 2476 2766 Γίνεσθε
2510 2713 2764 2784 φρόνιμοι
2817 2713 2892 2775 ὡς
2922 2713 2972 2764 οἱ
3007 2711 3181 2780 ὄφεις,
3211 2711 3307 2764 καὶ
3351 2709 3599 2782 ἀκέραιοι
3655 2708 3730 2772 ὡς
3779 2709 3844 2763 αἱ

2256 2805 2574 2877 περιστεραί
2602 2803 2673 2876 (ο)
2703 2805 2770 2859 ab
2791 2803 3000 2859 Isidoro
3047 2803 3376 2873 explicatum
3424 2817 3567 2863 esse,
3622 2800 3707 2855 vel
3769 2814 3846 2854 ex

2241 2893 2500 2968 epistola:
2555 2897 2622 2952 ad
2679 2897 3062 2951 Martinianum
3125 2895 3496 2966 presbyterum
3531 2893 3604 2965 (p)
3661 2891 3845 2958 initio,

2255 2991 2399 3061 quod
2424 2990 2510 3044 his
2539 2989 2717 3044 verbis
2754 2987 3066 3042 continetur
3097 3004 3110 3040 :
3153 2986 3219 3039 'H
3277 2986 3538 3057 φρόνησις
3576 2988 3640 3056 τῇ
3671 2981 3846 3036 ἁπλό-

2256 3096 2378 3151 τητι
2403 3079 2715 3151 κιρνωμένη
2750 3078 2826 3148 (q)
2858 3075 3001 3130 θεῖόν
3033 3093 3086 3128 τι
3118 3074 3308 3146 χρῆμα
3348 3103 3414 3115 -
3441 3083 3626 3145 potest
3677 3072 3843 3126 intcl‘

2325 3275 2387 3347 (Γ)
2417 3275 2534 3330 Lib.
2578 3292 2655 3338 ιιι,
2695 3291 2783 3345 ep.
2819 3277 2958 3331 liii:
2989 3276 3254 3347 Πολλάκις
3285 3273 3574 3347 ἐθαυμασα
3606 3273 3713 3347 τῶν
3741 3275 3845 3343 τὰς

2258 3344 2409 3410 θείας
2458 3344 2986 3416 παρερμηνευόντων
3050 3346 3314 3415 Γραφὰς,
3355 3345 3466 3416 καὶ
3527 3344 3588 3396 τὸ
3638 3346 3846 3400 οἰκεῖον

2257 3419 2456 3486 μᾶλλον
2487 3413 2755 3488 βούληεα,
2886 3417 2946 3488 τὸ
2976 3418 3034 3468 ἐν
3063 3413 3246 3488 αὐτοῖς
3278 3413 3532 3488 κείμενον
3558 3419 3842 3488 nupta-trix;

2254 3485 2630 3558 πειρωμένων.
2666 3485 2738 3558 Τὸ
2765 3485 2874 3558 γὰρ
2905 3485 3358 3558 ἄκρα-εονῖαὺτῷν
3389 3485 3484 3558 καὶ
3523 3485 3842 3558 εἰλικρινὲς,

2253 3555 2644 3627 καὶέὺφρᾶναι
2669 3555 2866 3627 ψυχὴν.
2894 3589 2960 3598 -
2984 3555 3109 3611 cod.
3144 3557 3271 3610 Bav.
3300 3555 3478 3624 ψυχὰς
3505 3586 3572 3596 —
3606 3555 3845 3627 δυνάμε-

2252 3646 2342 3681 νον
2371 3625 2617 3698 βούλημα
2643 3625 2721 3698 τῷ
2749 3625 2940 3698 φύλῳ
2967 3629 3058 3698 καὶ
3086 3627 3312 3698 ὲξιτήλῳ
3343 3627 3448 3698 τῶν
3477 3625 3690 3698 οἰκείων
3718 3627 3848 3698 δογ-

2265 3679 2454 3768 μὰέων
2515 3679 2962 3769 ⁸ἷξαραιέιρνιὶξντὲς
3009 3679 3195 3769 sagi}.
3221 3679 3311 3749 ’τὰ
3353 3679 3847 3769 θεῖαςκατεηλεύεὶν

2258 3765 2520 3836 σιολμῶσι.
2551 3765 2620 3806 -ἓ
2652 3770 2773 3822 cod.
2817 3766 2941 3820 Bav.
2976 3767 3287 3837 τολμῶντες
3312 3795 3377 3837 -_-
3416 3767 3512 3837 καὶ
3540 3765 3696 3837 τοῦτο
3723 3769 3849 3821 ἐστι

2252 3839 2313 3890 τὸ
2339 3835 2445 3906 ,Οί
2477 3837 2714 3906 κάπηλοί
2756 3855 2848 3890 σου
2881 3835 3138 3904 μίσγουσι
3161 3866 3231 3878 ——-
3257 3835 3378 3890 cod.
3418 3836 3546 3889 Bav.
3580 3835 3844 3906 σμίγουσι

2254 3909 2348 3961 τὸν
2389 3905 2529 3960 οἶνον
2557 3907 2732 3969 ὕδατι,
2761 3925 2810 3960 κ.
2844 3925 2896 3960 τ.
2928 3907 2977 3962 λ.

2325 3979 2400 4050 (gi
2437 3979 2595 4050 Richﬁ.
2633 3978 2818 4050 Simon
2851 3979 2970 4050 hist.
3007 3979 3145 4050 crit.
3179 3976 3268 4050 de;
3296 3977 3465 4050 princ.
3511 3988 3848 4050 commenta-

2253 4046 2399 4102 teurs
2429 4050 2500 4102 du
2535 4049 2605 4102 N.
2651 4047 2711 4101 Τ.
2739 4066 2791 4116 p.
2825 4049 2949 4103 306.
2978 4050 3082 4102 col.
3123 4049 3176 4102 2.
3211 4046 3443 4116 Quoique
3475 4063 3604 4100 nous
3627 4048 3852 4117 n‘ayons

2264 4135 2439 4171 aucun
2469 4120 2844 4173 commentaire
2875 4136 2938 4172 en
2988 4119 3297 4187 particulier
3343 4117 3598 4171 d‘Isidore
3642 4120 3704 4171 de
3742 4119 3854 4172 Da-

2256 4189 2414 4242 miéte
2454 4206 2546 4243 sur
2589 4190 2874 4247 l‘écriture,
2926 4189 2966 4241 il
3001 4190 3180 4242 πιέν-ἤιε
3227 4191 3514 4256 cependant
3548 4188 3713 4242 d’étre
3747 4190 3850 4242 mis

2252 4275 2324 4311 au
2363 4275 2496 4330 rang
2527 4261 2615 4314 dea
2640 4259 2754 4325 plus
2775 4259 2975 4330 habiles
2999 4269 3433 4312 commentaleurs
3463 4268 3576 4311 tant
3593 4260 3660 4312 du
3688 4258 3850 4313 Vieux

2254 4345 2355 4400 que
2383 4330 2454 4400 du
2480 4330 2735 4400 Nouvequ
2771 4329 3088 4383 Testament.

2326 4400 2398 4469 ιΙι)
2433 4399 2508 4453 Du
2543 4401 2637 4454 Pin
2669 4399 2838 4453 Noua.
2867 4400 2984 4452 bibl.
3016 4401 3104 4453 des
3133 4409 3242 4452 aut.
3273 4399 3394 4452 eccl.
3421 4407 3552 4453 tom.
3575 4399 3659 4458 IV.
3689 4413 3745 4466 p.
3774 4399 3832 4463 8,

2255 4470 2356 4524 col.
2395 4471 2444 4524 l.
2479 4471 2664 4526 laudat
2706 4469 2950 4540 ejusdem
2992 4469 3254 4523 l‘habileté
3285 4471 3420 4523 dans
3473 4470 3838 4537 l'interpréta-

2271 4542 2402 4594 lion.
3068 4582 3074 4586 .

2425 4609 2682 4666 Rosenm.
2719 4609 2856 4665 Hist.
2896 4611 3115 4680 interpr.
3143 4611 3267 4664 libb.
3297 4628 3433 4664 sacr.
3455 4625 3581 4680 pars
3613 4626 3684 4672 tv,
3714 4624 3848 4678 pag.

2263 4681 2386 4736 184,
2419 4682 2482 4736 In
2517 4683 2744 4736 eruenda
2791 4698 2943 4735 sensu
2990 4683 3338 4751 grammatico
3379 4682 3520 4734 haud
3564 4680 3855 4749 infeliciter

2261 4762 2497 4806 versatus
2541 4763 2614 4806 est
2636 4795 2650 4814 ,
2699 4761 2746 4805 et
2784 4767 2921 4821 stupe
2953 4752 3327 4818 explicationes
3359 4753 3624 4821 proposuit
3657 4758 3856 4804 natatu

2264 4833 2314 4878 et
2348 4824 2590 4876 examine
2614 4823 2907 4875 etiamnum
2935 4821 3142 4891 dignas.

2340 4894 2404 4964 (j)
2437 4892 2518 4964 ει.
2544 4909 2598 4962 ρ.
2626 4893 2750 4946 ’200.
2778 4922 2845 4964 +—
2877 4893 3062 4946 Restat
3097 4903 3299 4958 autem,
3354 4901 3415 4947 ut
3458 4892 3563 4964 hoc
3581 4891 3703 4946 loco
3731 4906 3858 4964 mo-

2266 4962 2448 5026 neam,
2483 4962 2909 5017 Rittershusium
2941 4978 3156 5031 quoque
3191 4969 3243 5018 in
3284 4971 3410 5017 nota
3441 4963 3507 5016 ad
3540 4963 3684 5016 hanc
3728 4963 3858 5030 epi-

2274 5035 2467 5104 stolam
2525 5034 2771 5104 attulisse
2805 5034 2948 5087 dicta
2982 5033 3226 5104 Gregorii
3266 5033 3616 5095 Nazianzeni,
3671 5031 3859 5085 Basilii

2275 5103 2474 5172 Magni,
2507 5103 2878 5175 Chrysostomi
2901 5145 2913 5164 ,
2947 5103 3210 5175 aliorum,
3237 5105 3326 5174 qui
3367 5119 3558 5158 omnes
3603 5103 3860 5158 eamdem

2271 5175 2592 5245 particulam
2626 5173 2830 5245 eodem;
2851 5174 3011 5245 modo
3043 5173 3407 5245 explicarunt.

2346 5243 2421 5312 (Ic)
2456 5243 2575 5298 Lib.
2613 5260 2649 5309 ι,
2683 5259 2770 5311 ep.
2805 5242 2894 5298 68.

2343 5315 2425 5386 (ιι
2447 5315 2650 5386 Evang.
2677 5315 2868 5386 Matth.
2899 5330 2973 5380 ιιι,
3015 5315 3101 5369 Η.

2341 5385 2434 5452 (m)
2465 5385 2584 5439 Lib.
2610 5385 2754 5455 μορ.
2775 5385 2901 5439 571.

2341 5455 2417 5524 (η)
2452 5455 2568 5508 Lib.
2605 5471 2664 5520 ll,
2698 5471 2784 5525 ep.
2809 5454 3088 5510 99.—Cf.
3124 5471 3175 5525 p.
3213 5454 3338 5516 201,
3369 5463 3486 5510 ιιοι.
3517 5456 3570 5511 1.

2343 5525 2418 5592 ιο)
2453 5526 2654 5596 Ενιιιιε.
2686 5525 2873 5580 Matth.
2905 5542 2955 5587 Χ,
2989 5526 3072 5579 16.

2351 5596 2425 5667 (p)
2454 5595 2574 5667 Lib.
2609 5594 2681 5667 ιι,
2717 5612 2794 5667 ep.
2833 5596 2956 5650 175.
2991 5625 3052 5667 τ-
3082 5594 3164 5650 Cf.
3202 5595 3297 5650 lib.
3333 5613 3406 5661 tv,
3435 5610 3526 5666 cp.
3561 5595 3685 5650 157.

2353 5659 2427 5735 (ᾖ)
2456 5665 2590 5722 Cod.
2623 5659 2764 5722 liav:
2814 5667 2877 5720 Ἦ
2918 5666 3178 5737 φρόνησις
3227 5659 3542 5738 κιρνωμένη
3579 5667 3652 5737 τῇ
3689 5659 3868 5717 ἁπλό-

2287 5753 2426 5806 τητι,
2462 5753 2514 5790 κ.
2546 5754 2594 5789 τ.
2634 5737 2679 5789 λ.
