4118 6434
480 353 555 420 99
1524 354 2199 421 COMMENTATIONIS
2235 355 2428 418 PARS
2464 354 2577 419 III.

3627 345 3725 414 100

465 477 754 541 mansisse.
789 474 1081 532 ostendere
1136 480 1365 529 conatur
1413 470 1649 528 diversis
1704 471 1903 527 modis.
1950 470 2047 525 Et-
2077 476 2117 531 Α
2147 468 2260 524 cies
2285 484 2394 524 non
2430 466 2779 540 explicaverit
2804 508 2819 532 ,
2847 465 2942 523 sed
2985 466 3171 523 decem
3196 461 3534 537 argumentis
3574 463 3723 535 Apo-

468 570 613 626 enim
647 568 804 641 ἓκτῃ,
833 566 1032 637 inquit,
1065 564 1185 637 ὥρᾳ
1211 565 1314 634 τῆς
1344 563 1699 635 παρασκευῆς
1729 561 2047 635 ἐσταυρώθη

468 666 498 719 0
531 661 734 733 Κύριος
762 700 777 726 ,
807 659 916 715 ἀπὸ
942 660 1149 728 ταύτης
1178 656 1286 721 ἕως
1313 655 1542 726 ὲννάτης
1572 656 1763 720 σκότος
1808 656 2051 724 ἐγένετο,

470 750 628 805 τοῦτο
656 749 825 802 νύκτα
870 765 959 818 μοι
994 748 1187 818 νόησον
1208 760 1222 775 °
1255 746 1418 799 πάλιν
1452 745 1560 798 ἀπὸ
1586 745 1686 816 τῆς
1718 745 1797 816 (q)
1825 744 2053 815 ἐννάτης

473 843 588 911 est;
607 880 622 905 ,
653 840 813 894 τοῦτο
841 839 999 894 πάλιν
1030 841 1246 912 ἡμέραν
1267 855 1283 872 ο
1329 840 1364 909 ἠ
1396 837 1495 902 νὺξ
1522 832 1680 901 αὖθις
1715 838 1830 906 ,τῆς
1874 853 2053 908 παρα-

474 933 705 1000 σκευῆς·
739 930 800 984 τὸ
832 930 1105 984 σάϐϐατον
1137 930 1301 986 πάλιν
1332 930 1521 1001 ἡμέρα
1545 945 1561 962 ο
1596 930 1630 1001 ἡ
1656 929 1753 996 νὺξ
1785 927 1880 982 τοῦ
1919 927 2053 981 σαϐ-

473 1025 638 1079 ϐάτου
660 1025 687 1076 0
708 1025 806 1096 τῆς
836 1024 1120 1096 Κυριακῆς
1143 1024 1358 1097 ὅρθρος,
1381 1024 1523 1078 κατὰ
1546 1024 1637 1079 τὸν
1665 1024 2055 1096 εὐαγγελιστὴν

475 1116 706 1184 λέγοντα
733 1155 748 1180 ,
782 1118 850 1187 τῇ
908 1114 1296 1186 ἐπιφωσκούσῃ
1331 1117 1411 1178 είς
1446 1116 1575 1186 μίαν
1599 1116 1708 1169 τῶν
1745 1115 2050 1171 σαϐϐάτων.

473 1207 659 1277 Itaque
676 1208 908 1276 primam
936 1215 1153 1261 noctem
1176 1222 1207 1261 e
1233 1208 1405 1262 tribus
1435 1208 1747 1271 constitisse
1776 1208 1957 1273 horis,
1987 1208 2054 1264 ad

473 1314 611 1366 quas
639 1297 823 1352 Marco
850 1308 989 1353 teste
1021 1297 1094 1367 (ὁ)
1124 1297 1243 1353 ista:
1278 1299 1617 1354 duraverunt
1656 1300 1910 1365 tenebraz,
1946 1309 2057 1354 sta-

477 1389 579 1442 luit
611 1398 803 1444 acutus
841 1389 943 1444 iste
973 1390 1265 1459 interpres.
1299 1389 1451 1456 Quod
1491 1405 1651 1460 quam
1682 1390 1752 1445 sit
1791 1390 2054 1446 insulsum

475 1481 592 1551 ipse
618 1482 838 1537 videtur
864 1482 1119 1547 sensisse,
1141 1497 1264 1536 cum
1282 1482 1444 1536 aliam
1464 1482 1593 1537 dicti
1621 1483 1767 1537 illius
1787 1491 2057 1553 proponat

475 1574 915 1643 explicationem.
977 1573 1138 1630 Jesus
1172 1574 1315 1628 enim
1342 1615 1356 1639 ,
1410 1575 1627 1644 inquit,
1659 1575 1717 1629 ὲν
1757 1577 1821 1647 τῇ
1872 1592 2054 1644 παρα-

478 1666 644 1734 σκευῇ
669 1665 817 1719 cruci
835 1663 1048 1728 aliixus,
1076 1672 1347 1726 mortuus.
1373 1664 1678 1734 eodemque
1696 1665 1786 1720 die
1808 1665 2056 1736 sepultus

476 1766 578 1811 est.
612 1755 793 1822 Quare
826 1757 916 1811 hic
947 1756 1155 1825 pt-imus
1182 1794 1196 1820 ,
1227 1755 1517 1810 sabbatum
1564 1771 1720 1819 vero,
1757 1757 1905 1827 quod
1935 1757 2055 1810 ὅλον

477 1847 736 1917 ἐποίησεν
772 1846 831 1899 ἐν
860 1845 938 1917 τῷ
961 1847 1118 1916 τάφῳ
1145 1847 1175 1898 0
1212 1845 1418 1917 Κύριος
1437 1886 1451 1907 ,
1477 1847 1772 1913 secundus,
1792 1857 1849 1902 ct
1879 1845 2055 1902 domi-
2087 1831 2128 1886 Β

476 1936 620 2001 nica,
659 1952 766 2006 qua
804 1937 1117 1992 lucescente
1146 1936 1490 2001 resurrexit,
1528 1936 1649 1993 dies
1678 1939 1875 1993 tertius
1909 1948 2057 1995 recte

478 2037 810 2082 numeratur.
851 2026 1203 2097 Κακομάχοις
1232 2041 1397 2090 vero,
1433 2028 1507 2082 ita
1537 2029 1684 2084 enim
1735 2030 1939 2101 pergit,
1977 2046 2058 2084 me

478 2133 640 2186 neque
660 2126 791 2170 totos
821 2117 930 2170 dies
955 2158 972 2183 ,
1004 2132 1096 2169 nec
1126 2125 1230 2171 tres
1259 2125 1430 2171 noctes
1468 2133 1803 2173 enumerasse
1835 2119 2060 2173 dicenti-

476 2206 570 2262 bus
591 2247 606 2272 ,
641 2209 694 2260 in
728 2208 877 2263 hunc
905 2208 1263 2278 respondens
1293 2209 1516 2264 modum
1551 2225 1563 2259 :
1596 2209 1918 2281 imperator,
1964 2211 2056 2283 qui

474 2299 580 2355 etsi
603 2300 853 2369 captivis,
889 2315 948 2355 se
980 2317 1078 2356 eos
1110 2310 1235 2372 post
1274 2310 1386 2358 tres
1415 2303 1533 2359 dies
1558 2316 1588 2357 e
1615 2304 1865 2360 custodia
1895 2304 2060 2359 emis-

476 2403 661 2444 surum
689 2405 834 2453 esse,
869 2391 1139 2461 promisit,
1163 2408 1258 2447 eos
1282 2401 1461 2448 tamen
1488 2403 1615 2448 ante
1642 2394 1864 2459 emittit,
1894 2410 2058 2465 quam

475 2480 594 2537 dies
622 2481 755 2535 abiit
787 2482 1160 2549 constitutus,
1212 2500 1323 2539 non
1371 2485 1547 2539 solum
1586 2486 1859 2540 mendacii
1905 2485 2059 2554 argui

475 2574 707 2644 nequit,
742 2589 933 2630 verum
973 2590 1329 2646 summopere
1368 2578 1678 2634 laudandus
1722 2588 1806 2634 est
1832 2617 1848 2643 ,
1879 2579 2062 2649 itaque

480 2662 742 2722 Dominus
777 2676 967 2721 noster
993 2666 1154 2723 Jesus
1186 2669 1442 2725 Christus
1459 2672 1636 2736 citius,
1673 2687 1835 2741 quam
1861 2673 2063 2741 promie

475 2765 644 2824 serat,
680 2771 978 2827 resurgens
1006 2758 1076 2812 ab
1114 2759 1373 2815 omnibus
1394 2760 1590 2815 merito
1626 2761 1904 2818 adoratur.
1936 2762 2063 2828 Qui-

477 2846 582 2900 bus
614 2847 794 2901 verbis
828 2862 953 2902 cum
1000 2858 1193 2904 auctor
1215 2890 1231 2914 ,
1264 2849 1614 2906 Servatorem
1650 2856 1802 2923 τρεῖς
1846 2854 2063 2924 ἡμέρας

477 2937 573 2989 καὶ
599 2939 748 3008 τρεῖς
778 2936 980 3003 νύκτας
1018 2940 1073 2994 in
1117 2942 1369 3011 sepulcro
1399 2957 1509 2999 nou
1547 2945 1894 3014 remansisse,
1925 2961 2062 3002 con-

478 3030 673 3095 cedat,
704 3045 829 3084 eum
855 3031 1039 3086 omnia
1065 3071 1079 3098 ,
1109 3032 1179 3087 ab
1204 3033 1325 3103 ipso
1354 3035 1421 3090 ad
1446 3035 1814 3092 diﬂicultatem
1844 3040 2062 3094 solven-

478 3120 791 3191 dam‘paulo
820 3129 945 3177 ante
975 3122 1160 3191 allata,
1192 3140 1408 3181 rursum
1442 3127 1650 3193 tollere,
1679 3128 1801 3197 quis
1832 3137 1936 3195 est,
1968 3128 2059 3200 qui

480 3231 590 3271 non
639 3215 857 3271 videat?
885 3246 953 3256 ——
985 3213 1216 3271 Omnem
1260 3234 1391 3274 vero
1429 3235 1648 3289 operam
1688 3220 1924 3290 perdidit
1948 3262 1964 3283 .
2003 3228 2064 3275 ut

479 3306 642 3360 etiam
678 3322 708 3360 a
740 3304 1195 3362 Rosenmuellero
1230 3309 1303 3379 (ο)
1336 3310 1684 3365 observatum
1707 3321 1792 3367 est
1813 3353 1829 3378 ,
1869 3329 1934 3368 ea
1966 3328 2064 3367 ex-

479 3397 798 3469 plicaturus,
824 3413 946 3467 qum
977 3398 1044 3452 dc
1060 3398 1286 3455 Joannis
1308 3399 1564 3471 Baptistae
1580 3403 1702 3458 cibo
1725 3404 2066 3459 tradiderunt

479 3490 845 3560 evangelistxe.
900 3492 1155 3564 Ἀκρίδας
1189 3491 1334 3547 enim
1381 3508 1491 3547 non
1536 3493 1776 3549 locustas
1814 3510 1936 3549 esse
1961 3537 1974 3560 ,
2010 3494 2063 3549 in

478 3581 705 3649 epistola
735 3582 801 3635 ad
836 3580 1013 3636 Nilum
1048 3583 1126 3654 (ά)
1160 3582 1286 3637 data
1318 3583 1606 3653 Opinatur,
1636 3586 1733 3640 sed
1756 3586 2065 3656 plantarum

479 3680 752 3727 extremas
781 3684 992 3742 partes;
1018 3674 1201 3743 itaque
1224 3676 1449 3728 verbum
1476 3675 1638 3747 ἄκρις
1665 3688 2063 3748 paroxytonon,

483 3769 540 3817 et
572 3763 732 3833 ἀκρίς
766 3773 1044 3835 oxytonon
1085 3766 1444 3819 commutavit
1482 3766 1623 3822 inter
1672 3783 1816 3822 sese.
1850 3800 1921 3809 —
1958 3768 2068 3824 Ne-

481 3866 588 3920 que
608 3892 622 3917 ,
650 3854 704 3906 si
727 3869 916 3907 verum
948 3863 1128 3917 esset,
1160 3855 1302 3923 quod
1341 3864 1498 3925 putat
1521 3856 1793 3926 Dupinius
1827 3857 1922 3930 (e),
1961 3858 2065 3913 lsi-

480 3946 674 4001 dorum
700 3946 755 3999 in
792 3962 899 3999 una
927 3946 1234 4017 eademque
1268 3948 1498 4017 epistola
1545 3948 1608 4020 (Ῑ)
1642 3949 1862 4020 aliquod
1910 3949 2062 4006 Pauli

483 4039 710 4109 apostoli
742 4037 946 4093 dictum
983 4037 1202 4094 diverso
1239 4041 1400 4094 modo
1428 4039 1610 4096 decies
1642 4042 1964 4112 explicasse,
1999 4058 2067 4099 eo

481 4132 727 4203 ejusdem
767 4131 994 4201 probari
1042 4139 1230 4201 posset
1274 4132 1329 4186 in
1368 4130 1647 4203 Scriptura
1693 4149 1847 4191 sacra
1879 4136 2068 4206 expla~

481 4226 665 4279 nanda
692 4223 913 4277 solertia
936 4265 950 4291 ,
982 4223 1112 4293 quin
1163 4224 1345 4293 potius
1373 4238 1473 4278 nos
1508 4225 1610 4280 boc
1646 4225 1696 4281 ei
1729 4236 2068 4282 verteremus

481 4314 637 4377 vitio,
669 4313 754 4369 cui
784 4324 967 4369 tamen
997 4311 1212 4370 nonest
1237 4315 1525 4382 obnoxius,
1552 4331 1676 4372 cum
1707 4317 1765 4372 in
1821 4318 1908 4373 illa
1947 4318 2067 4389 cpio

495 4407 635 4461 stola
669 4404 822 4461 Pauli
866 4407 1032 4463 verba
1069 4425 1082 4461 :
1134 4407 1249 4461 Πᾶν
1280 4409 1619 4481 ἁμάρτημα,
1657 4410 1687 4463 ὃ
1730 4410 1828 4463 ἐὰν
1862 4413 2065 4485 ποιήσῃ

2152 560 2353 616 stolum
2378 575 2502 616 vera
2533 559 2824 631 scripsisse
2847 559 3179 631 probaverit.

2218 652 2461 722 Apparet
2484 652 2652 723 igitur
2672 667 2738 707 ex
2760 651 3016 707 omnibus
3044 651 3130 706 his
3156 651 3439 723 exemplis,
3462 649 3728 706 tsidorum

2150 743 2540 814 interpretandi
2560 760 2788 799 munere
2809 744 3083 799 interdum
3097 745 3238 799 bene
3260 743 3505 798 functum
3530 741 3727 807 fuisse;

2152 836 2405 892 eumdem
2456 852 2590 892 vero
2642 835 2946 892 diliiciliora
2994 836 3199 891 Christi
3247 845 3303 891 et
3355 835 3729 906 apostolorum

2152 927 2294 982 dicta
2343 928 2772 997 explicaturum,
2815 937 2912 982 aut
2950 928 3180 982 aliorum
3225 925 3450 981 Patrum
3499 924 3730 995 vestigia

2152 1027 2401 1074 secutum
2433 1034 2575 1085 esse,
2608 1029 2702 1074 aut
2733 1035 2923 1089 parum
2951 1028 3225 1083 accurate,
3258 1033 3511 1089 quamam
3547 1017 3733 1074 verbis

2155 1111 2284 1165 insit
2310 1110 2581 1165 sententia
2598 1152 2612 1175 ,
2635 1110 2971 1181 exposuisse.
2993 1108 3355 1165 Nihilominus
3386 1115 3568 1163 tamen
3591 1107 3736 1163 inter

2156 1203 2414 1273 optimos,
2439 1202 2530 1272 qui
2549 1202 2640 1257 illo
2657 1210 2901 1273 tempore
2925 1201 3244 1265 ﬂoruerunt,
3273 1201 3604 1270 interpretes
3628 1215 3736 1256 nos

2154 1308 2373 1363 quoque
2404 1308 2528 1347 eum
2568 1309 3015 1359 numeraremus,
3064 1294 3108 1348 si
3148 1301 3264 1347 arte
3311 1292 3499 1346 critica
3539 1291 3740 1347 melius

2157 1394 2425 1449 uteretur,
2470 1392 2525 1439 et
2568 1385 2777 1439 insanis
2808 1386 2991 1442 minus
3024 1386 3391 1442 delectaretur
3435 1383 3733 1455 allegoriis.

2158 1478 2372 1534 Etenim
2412 1495 2441 1534 a
2482 1477 2726 1548 partibus
2762 1478 3197 1535 Ruseumuelleri
3222 1521 3237 1545 ,
3270 1477 3363 1548 qui
3401 1492 3594 1532 omnes
3617 1517 3633 1543 ,
3674 1475 3731 1530 in

2156 1571 2355 1640 quibus
2387 1569 2600 1626 Veteris
2633 1572 2877 1640 Novique
2906 1570 3239 1626 Testamenti
3289 1570 3406 1626 loca
3436 1569 3504 1624 ab
3532 1567 3740 1623 Isidoro

2162 1662 2448 1733 allegorice
2478 1664 2740 1734 explicata
2771 1672 2929 1731 sunt,
2964 1679 3071 1718 non
3101 1679 3225 1717 esse
3249 1663 3319 1717 ab
3358 1662 3477 1733 ipso
3502 1661 3741 1728 scriptas

2159 1755 2469 1825 suspicatur
2485 1764 2629 1810 stare
2642 1771 2752 1810 non
2774 1771 3065 1826 possumus
3084 1772 3100 1819 ;
3126 1755 3250 1825 quia
3266 1755 3320 1810 in
3347 1762 3599 1825 promptu
3616 1769 3678 1815 es
3695 1768 3737 1818 ί.

2159 1845 2330 1910 illum,
2354 1845 2702 1917 alioquisatis
2717 1854 2960 1911 cautum,
2984 1856 3231 1915 aut,qute
3251 1843 3555 1899 lleumanni
3577 1842 3746 1897 fuerit

2158 1934 2449 1998 sententia,
2484 1952 2592 1990 non
2622 1935 2972 2002 intellexisse,
3020 1943 3115 1988 aut
3145 1934 3390 2004 ejusdem
3426 1934 3494 1987 de
3531 1931 3746 1986 Isidoro

2159 2027 2386 2098 ejusque
2414 2027 2631 2098 scriptis
2653 2026 3171 2082 commentationem
3197 2041 3266 2080 ne
3281 2025 3478 2096 legisse
3500 2023 3755 2094 quidem.

2158 2116 2359 2173 Scribit
2390 2118 2537 2172 enim
2570 2134 2582 2170 :
2617 2115 3087 2187 Interpretationes
3118 2115 3434 2187 allegoricus
3463 2128 3742 2184 gramma-

2160 2210 2275 2265 ticre
2304 2210 2756 2280 interpretationis
2782 2209 3175 2263 studiosissimo
3206 2207 3339 2260 adeo
3373 2206 3607 2275 indigam
3632 2219 3746 2258 esse

2159 2301 2425 2367 videntur,
2456 2310 2512 2354 ut
2551 2317 2654 2354 non
2681 2317 2820 2354 vana
2866 2300 2935 2354 sit
2963 2300 3217 2370 suspicio,
3253 2314 3353 2352 non
3384 2297 3591 2368 quidem
3625 2292 3747 2365 ple-

2160 2408 2372 2462 rasque,
2406 2401 2461 2445 ut
2488 2393 2657 2445 visum
2687 2400 2763 2445 est
2797 2390 2885 2445 Jo.
2910 2391 3049 2462 Aug.
3081 2395 3419 2451 Heumamto,
3444 2387 3640 2442 multas
3667 2394 3746 2439 ta-

2160 2498 2298 2547 men,
2338 2497 2454 2552 qute
2487 2482 2534 2535 ei
2568 2483 2890 2547 tribuuntur,
2918 2481 3162 2551 epistolas
3194 2478 3436 2535 sublesta:
3454 2495 3566 2534 esse
3594 2477 3741 2549 ﬁdei.

2160 2606 2230 2616 —
2264 2574 2452 2645 Neque
2484 2583 2687 2638 tamen,
2716 2575 2938 2644 quinam
2978 2574 3164 2641 fuerit,
3206 2574 3317 2639 illo,
3349 2589 3459 2644 quo
3497 2572 3746 2627 Isidorus

2161 2666 2325 2732 vixit,
2353 2682 2468 2721 aevo
2509 2667 2642 2722 artis
2682 2667 3104 2722 hermeneuticae
3133 2665 3421 2735 omnisque
3453 2663 3743 2736 theologia

2162 2768 2357 2825 status,
2402 2757 2459 2812 in
2490 2759 2808 2813 memoriam
2849 2767 3171 2814 revocantes
3200 2757 3523 2815 Heumanno
3545 2770 3743 2827 possu-

2163 2866 2287 2905 mus
2315 2851 2605 2917 assentiri,
2639 2851 2732 2920 qui
2783 2849 2940 2907 malis
2977 2849 3241 2906 lsidorum
3270 2848 3746 2904 annumerandum

2162 2957 2281 2997 esse
2304 2926 2603 2996 arbitratur
2634 2942 3050 3012 interpretibus,
3078 2941 3174 2997 sed
3201 2955 3322 3012 quae
3344 2940 3398 2995 in
3426 2940 3607 2994 medio
3641 2939 3746 2994 sita

2162 3040 2250 3087 est
2290 3034 2603 3098 sententia,
2646 3048 2770 3087 eam
2818 3040 3086 3088 tenemus.
3125 3031 3199 3086 De
3238 3033 3397 3104 cujus
3428 3033 3658 3085 veritate
3689 3038 3751 3085 ut

2168 3121 2356 3177 lectori
2390 3125 2589 3193 cuique
2613 3118 3063 3194 persuadeamus,
3087 3134 3276 3189 restat,
3305 3125 3542 3196 primum
3572 3131 3631 3177 ut
3657 3138 3749 3177 ar-

2116 3218 2130 3231 ‘
2167 3223 2277 3268 tem
2307 3214 2550 3269 criticam
2577 3215 2646 3270 ab
2676 3215 2882 3271 Isidoro
2906 3216 3098 3272 leviter
3126 3231 3247 3273 esse
3290 3216 3587 3272 factitatam
3616 3229 3749 3286 pro-

2167 3306 2351 3369 betur,
2390 3306 2590 3361 deinde
2646 3316 2707 3362 ut
2744 3308 3007 3379 exemplis
3052 3308 3380 3381 quibusdam
3430 3307 3752 3365 ostendatur

2166 3395 2519 3478 Pelusiotam,
2545 3405 2605 3451 ut
2636 3399 2772 3454 alios
2788 3400 3037 3471 ejusdem
3067 3400 3168 3456 aevi
3200 3400 3547 3472 interpretes,
3565 3402 3753 3473 inepto

2166 3490 2551 3560 allegoriarum
2586 3491 2767 3546 studio
2797 3491 2962 3548 nimis
2990 3493 3161 3549 fuisse
3198 3492 3463 3550 deditum.

2239 3579 2561 3649 Etprimum
2589 3580 2811 3650 quidem
2834 3587 3028 3636 notatu
3057 3581 3192 3637 satis
3217 3582 3441 3653 dignum
3470 3590 3573 3647 est,
3604 3579 3751 3652 quod

2168 3668 2296 3725 alibi
2329 3671 2440 3740 jam
2471 3671 2754 3741 tetigimus
2801 3671 2899 3743 (It),
2932 3688 3056 3728 eum
3098 3673 3366 3743 statuisse:
3380 3673 3469 3727 τὸν
3504 3673 3633 3727 Υίδν
3654 3672 3754 3727 τοῦ

2168 3760 2302 3814 Θεοῦ
2349 3776 2380 3815 a
2428 3760 2597 3818 Paulo
2645 3778 2756 3818 non
2824 3766 3192 3836 πρωτότοκον,
3250 3767 3346 3823 sed
3406 3765 3759 3838 πρωτοτόκον

2167 3854 2499 3924 appellatum
2559 3870 2703 3911 esse.
2743 3887 2815 3899 --
2864 3857 3067 3914 Deinde
3116 3859 3170 3914 in
3218 3860 3459 3914 medium
3505 3857 3756 3930 proferre

2167 3946 2347 4016 placet
2389 3946 2676 4016 epistolam
2726 3948 2931 4005 Uranio
2976 3950 3209 4007 diacono
3252 3952 3508 4023 scriptam
3552 3952 3640 4024 (i),
3691 3950 3753 4006 in

2168 4055 2272 4109 qua
2300 4039 2391 4093 illc
2441 4039 2593 4094 Pauli
2622 4042 2788 4097 verba
2821 4043 2887 4113 υ)
2936 4061 2949 4097 :
2991 4043 3234 4116 Διαθήκη
3263 4044 3371 4117 γὰρ
3410 4044 3502 4098 snt
3534 4045 3753 4115 νεκροῖς

2171 4129 2365 4200 βεϐαία
2395 4169 2410 4195 ,
2446 4131 2573 4184 ἐπεὶ
2604 4134 2814 4204 μήποτε
2872 4135 3046 4206 ἰσχύει
3079 4138 3168 4190 ὅτε
3201 4135 3266 4208 ζῇ
3314 4139 3344 4190 0
3385 4136 3703 4208 διαθίμενος
3732 4174 3750 4201 ,

2168 4222 2425 4293 explicari
2455 4224 2676 4295 quidem
2703 4241 2860 4296 posse
2883 4228 3152 4296 concedit,
3184 4230 3277 4284 sed
3302 4229 3506 4284 rectius
3528 4229 3604 4300 μὴ
3627 4226 3753 4282 τότε

2169 4328 2267 4384 pro
2297 4315 2508 4386 μήποτε
2537 4317 2698 4372 scribi
2720 4318 2969 4383 alﬁrmat,
2988 4320 3042 4374 in
3064 4320 3209 4377 hunc
3234 4320 3455 4376 modum
3481 4340 3494 4375 :
3531 4316 3754 4392 Ἐπεὶδὴ

2167 4405 2449 4475 γέγραφας
2480 4408 2717 4478 νομίζων
2760 4410 2834 4479 (Ir)
2869 4412 2949 4474 είς
3010 4411 3319 4466 τούναντίον
3364 4404 3426 4466 οὗ
3469 4413 3755 4484 προῄρητο

493 4497 805 4570 ἄνθρωπος,
833 4501 992 4564 tua;
1017 4497 1111 4553 τοῦ
1149 4499 1399 4571 σώματός
1431 4503 1611 4554 ἐστιν·
1642 4502 1670 4555 0
1696 4499 1755 4553 δὲ
1789 4501 2065 4572 πορνεύων
2098 4514 2142 4570 ι)
2171 4498 2346 4550 εἰπεῖν
2374 4497 2434 4571 (ι)
2476 4501 2908 4576 περιτετράφθαι
2936 4502 3029 4556 τὸν
3067 4504 3299 4571 Παῦλον,
3331 4505 3385 4558 τί
3435 4505 3571 4561 ἐστι.
3626 4506 3756 4559 Δια-

480 4586 564 4651 εἰς
592 4587 652 4641 τδ
687 4586 816 4641 ἴδιον
860 4588 1020 4659 σῶμα
1052 4587 1357 4660 ἁμαρτάνει
1395 4588 1470 4660 (g)
1506 4589 1723 4644 diverso
1762 4590 1925 4645 modo
1965 4590 2061 4647 de-

557 4807 635 4879 (a)
667 4807 778 4878 Τῆς
810 4806 953 4877 quod
980 4808 1139 4881 vulgo
1163 4809 1458 4877 omittitur,
1480 4824 1512 4864 e
1540 4810 1659 4870 cod.
1698 4811 1825 4870 Bav.
1861 4814 2069 4870 adden-

486 4880 617 4935 dum
650 4881 770 4932 es‘se
799 4893 1015 4933 censeo.

555 4949 631 5017 (ὁ)
654 4947 871 5019 βνυηε.
907 4946 1073 5004 Marc.
1103 4966 1193 5011 xv,
1230 4950 1322 5006 55.

559 5019 628 5094 (ᾳ)
653 5017 1124 5094 Roseumuellerl.
1159 5035 1239 5094 c.,
1262 5036 1320 5091 p.
1353 5019 1480 5094 21!,
1505 5018 1586 5076 Cf.
1624 5021 1893 5094 Dupinius
1919 5026 1957 5079 ι.
1992 5040 2067 5093 c.,

482 5108 542 5164 ι),
572 5087 636 5155 ’6,
673 5089 774 5169 col.
809 5087 864 5155 2,
899 5098 954 5143 et
983 5090 1143 5145 Rich.
1186 5087 1397 5145 Simon.
1433 5089 1469 5145 l.
1511 5107 1585 5156 c.,
1710 5087 1839 5159 '508,
1874 5096 1981 5149 col.
2018 5087 2067 5151 ιζ

559 5160 637 5214 (ἀ)
669 5159 786 5213 le.
837 5174 875 5214 ι.
907 5175 993 5214 en.
1041 5162 1097 5214 5.
1153 5191 1224 5200 —
1261 5163 1310 5212 εἰ
1342 5160 1521 5214 τοίνυν
1552 5179 1624 5214 κα
1683 5162 1947 5214 Βοὼιιατα
1977 5167 2067 5214 καὶ

487 5159 503 5246 ξ
669 5159 786 5213 Lib.
823 5174 875 5239 _t,
907 5175 993 5229 ep.
1041 5162 1097 5215 5.
1153 5191 1224 5200 —
1261 5163 1310 5212 εἰ
1342 5160 1521 5214 τοίνυν
1552 5159 1646 5216 καῖ
1683 5162 1947 5234 βρώματα
1977 5167 2071 5219 καὶ

487 5249 550 5283 eo
589 5245 776 5283 ηαατα
790 5246 889 5283 της
910 5234 1051 5283 κατὰ
1076 5230 1209 5283 Θεὸν
1222 5230 1431 5283 τελείας
1457 5233 1740 5283 ἀσκήσεως
1761 5235 1819 5283 ὲν
1851 5233 2069 5283 Ἰωάννη

485 5230 776 5307 ἒςθίλματα
790 5230 889 5307 τῆς
910 5234 1051 5307 κατὰ
1071 5230 1209 5307 βεον
1222 5230 1431 5307 τελείας
1457 5230 1740 5307 ἀςκήᾳεως
1761 5230 1819 5307 to
1851 5233 2072 5307 Ἰωάννῃ

486 5301 566 5372 τῷ
610 5300 887 5372 Βαπτιστῇ
937 5300 1355 5372 ἐπαιδεύθημεν,
1389 5300 1535 5372 θριξὶ
1567 5300 1685 5370 μὲν,
1736 5304 1786 5356 εἰ
1828 5301 1938 5358 οἷόν
1988 5300 2069 5367 “re,

492 5370 629 5442 πρὸς
661 5370 883 5451 σκέπην
908 5371 1112 5441 ἀρκεσο
1159 5370 1365 5440 σόμεΘα
1390 5389 1403 5402 ο
1430 5370 1717 5443 ακρέμοσι
1742 5373 1797 5436 δὲ
1835 5372 2072 5443 βοτανῶν

492 5443 584 5496 καὶ
629 5456 812 5509 φυτων
859 5442 995 5511 πρὸς
1045 5389 1198 5511 λιτᾌιν
1245 5442 1452 5511 τροφὴν
1484 5444 1579 5497 καὶ
1613 5443 1925 5511 ἀπέριττον.
1975 5444 2066 5503 Sic

488 5457 584 5496 καὶ
629 5457 812 5509 φυτων
859 5457 995 5512 προς
1048 5457 1198 5511 Λιτην
1245 5457 1452 5512 τροφην
1484 5457 1579 5497 και
1613 5457 1925 5512 απεριττον.
1975 5457 2066 5503 δίο

488 5511 837 5589 scribendum
850 5511 1036 5589 cepsui
1050 5511 1374 5589 auctoritate
1390 5511 1511 5589 cod.
1538 5512 1648 5589 Alt.
1664 5512 1836 5585 Vulgo
1861 5514 2067 5589 :ﬁxpéf

492 5598 622 5667 μρσι
653 5579 709 5632 δὲ
739 5580 979 5651 βοτανῶν
1008 5583 1104 5662 καὶ
1127 5580 1338 5661 φύλλων
1370 5581 1503 5648 πρὸς
1530 5584 1719 5652 ὀλίγην
1740 5579 1945 5655 τροφὴν
1973 5579 2066 5639 καὶ

492 5667 723 5710 ουναμιν
754 5682 820 5692 -—
850 5666 973 5710 quae
1007 5661 1169 5706 etiam
1216 5668 1267 5705 tn
1309 5651 1430 5705 cod.
1472 5651 1602 5709 Bav.
1636 5653 1837 5710 desunt
1865 5684 1935 5696 -—
1967 5657 2062 5709 καὶ

486 5666 723 5720 ουναμιν
754 5682 820 5692 --
850 5666 973 5723 qua:
1007 5666 1169 5706 etiam
1216 5668 1267 5705 In
1309 5666 1430 5705 eoa.
1472 5666 1602 5709 δον.
1636 5666 1837 5710 desunt
1865 5684 1935 5696 -—
1967 5666 2062 5709 καὶ

490 5720 800 5802 ᾁπὲριττον.
824 5720 993 5776 -—Cf.
1023 5735 1186 5802 porro
1218 5721 1470 5802 ejusdem
1491 5723 1612 5779 libri
1651 5726 1881 5802 epistola
1917 5726 2062 5802 ἰδῇ..

492 5792 547 5843 in
576 5804 680 5859 qua
706 5792 848 5847 hanc
871 5807 1026 5847 suam
1065 5792 1388 5847 sententiam
1419 5793 1577 5863 plane
1609 5804 1663 5850 et
1687 5792 1940 5852 distincte
1963 5798 2061 5851 de-

2171 4589 2313 4660 Θήκη
2337 4591 2560 4664 γὰρ’ὲπὶ
2586 4595 2800 4667 νεκροῖς
2828 4592 3041 4665 βεϐαία,
3066 4597 3189 4650 ἐπεὶ
3220 4598 3429 4668 μήποτε
3464 4597 3638 4669 ίσχύει
3660 4597 3753 4653 ὅτε

2176 4820 2400 4947 (ἐιειιὲἓξίι
2434 4822 2692 4880 Isidorus.
2726 4856 2793 4868 —
2819 4822 2903 4881 Cf.
2947 4824 3258 4881 Comment.
3304 4840 3360 4895 p.
3398 4839 3473 4889 ιι,
3509 4823 3651 4896 App.
3698 4825 3755 4890 1,

2177 4906 2560 5034 1λίῗῗιὴψίη.
2600 4964 2634 5018 l.
2673 4980 2748 5027 c.,
2779 4980 2835 5034 p.
2867 4964 2920 5030 8,
2953 4966 3059 5020 col.
3104 4965 3153 5020 l.
3190 4964 3334 5019 Pour
3368 4978 3572 5034 preuve
3603 4965 3671 5021 de
3695 4980 3754 5022 sa

2179 5030 2518 5104 penetration
2537 5043 2595 5089 et
2624 5035 2692 5089 de
2722 5030 2821 5090 son
2857 5035 3095 5091 habileté
3130 5034 3266 5089 dans
3299 5030 3755 5104 l‘interprétation

2177 5102 2246 5177 de
2276 5102 2560 5177 l'Ecriture
2599 5105 2775 5177 sainte
2800 5146 2815 5168 ,
2852 5106 2888 5177 il
2928 5106 3077 5161 sulIit
3134 5106 3203 5160 de
3247 5102 3583 5177 remarq‘uer
3614 5104 3749 5177 qu’il

2168 5172 2365 5246 donne_
2383 5174 2474 5246 dix
2495 5175 2851 5245 explications
2875 5176 2905 5230 a
2933 5193 3004 5241 un
3028 5189 3257 5246 passage
3282 5174 3353 5230 de
3374 5176 3431 5231 S.
3448 5172 3609 5231 Paul.

2243 5244 2308 5314 if)
2346 5242 2464 5314 Lib.
2499 5242 2582 5314 Iv;
2609 5259 2697 5314 ep.
2728 5246 2850 5302 129.

2241 5312 2316 5383 (9)
2350 5312 2500 5369 Paul.
2532 5312 2552 5367 1
2584 5312 2676 5383 ep.
2706 5317 2775 5371 ad
2797 5317 2922 5373 Cor.
2957 5333 3033 5381 ιιι,
3065 5314 3154 5371 ts.

2247 5385 2322 5453 (lt)
2346 5384 2440 5454 α.
2470 5402 2521 5454 p.
2558 5385 2685 5440 906.

2248 5452 2308 5526 (ἢ)
2343 5452 2564 5526 ζιίὺζιν.
2600 5472 2690 5526 ep.
2716 5454 2840 5526 ης).

2243 5522 2311 5593 (j)
2342 5525 2498 5582 Paul.
2535 5522 2725 5594 ep.‘ad
2758 5525 2923 5581 Hebr.
2958 5542 3032 5591 Ix,
3064 5526 3151 5580 17.

2245 5595 2320 5667 (lt)
2355 5595 2505 5650 Hanc
2542 5595 2899 5667 Rittershusii
2944 5597 3315 5667 conjecturam
3348 5604 3578 5661 tutatur,
3621 5605 3760 5652 teste

2171 5664 2420 5740 Possint),
2445 5667 2566 5740 cod.
2597 5665 2724 5740 Vat.
2755 5668 2879 5740 659.
2915 5664 3082 5740 Vulg_'._
3100 5668 3329 5740 νομίζω.

2242 5735 2303 5806 (ί)
2338 5734 2430 5790 Sic
2466 5738 2586 5793 cod.
2618 5737 2740 5793 Vat.
2783 5738 2908 5794 650.
2941 5731 3197 5810 —-—'Vulg'.
3231 5736 3555 5810 προείρηται
3580 5731 3784 5801 εἷπονο,
