4118 6396
509 306 613 377 103
1598 301 2163 363 PROLEGOMENA
2205 299 2407 361 EDI’I‘.
2446 297 2690 359 PARIS.
3682 294 3786 360 1M

553 446 3769 474 NW

1560 606 2743 749 PROLEGOMENA

1071 885 1452 969 PREFIXA
1512 882 1880 947 EDITIONI
1937 879 2335 943 PARISINE
2390 879 2587 942 ANNI
2642 879 3148 944 MDCXXXVHI
3186 889 3232 944 '.

1356 1219 1938 1314 EPISTULA
2013 1216 2962 1311 NUNCUPATORIA

1859 1429 2242 1475 Αυιιιιεειιιο
2289 1428 2440 1475 νικο

1150 1600 1400 1647 ὨΟΜΙΝΟ
1442 1598 1507 1645 ι).
1550 1595 1755 1640 ΡΕἸἮΟ
1806 1594 2076 1639 εεῡυιειι
2118 1592 2341 1637 MAGNO
2383 1591 2680 1635 FRANCIE
2716 1591 2776 1634 CA

1550 1595 1755 1640 ητιιο
1806 1594 2076 1639 εεῦυιειι
2118 1592 2341 1637 MAGNO
2383 1591 2680 1635 FRANCIE
2716 1591 3169 1636 CANCELLABIO.

591 1794 669 1848 Ea
702 1805 922 1860 semper
941 1788 1185 1844 virorum
1217 1786 1417 1841 animis
1438 1784 1652 1858 egregia
1680 1783 1862 1840 indole
1895 1781 2252 1855 praeditorum
2286 1779 2485 1860 insedit
2509 1778 2694 1850 opinio
2714 1821 2729 1846 ,
2758 1780 2839 1834 vir
2863 1779 3208 1850 amplissime,
3249 1789 3308 1836 ut
3335 1781 3473 1838 nihil
3497 1784 3804 1856 pulchrius,

523 1913 704 1968 neque
725 1896 792 1950 ad
817 1894 1042 1967 gloriam
1074 1891 1340 1947 illustrius
1363 1905 1487 1945 esse
1514 1888 1896 1944 existimarent
1917 1929 1934 1953 ,
1968 1902 2130 1957 quam
2166 1886 2209 1942 si
2237 1886 2504 1957 majorum
2551 1900 2776 1941 suorum
2807 1884 3057 1953 virtutes,
3094 1900 3396 1958 eorumque
3424 1892 3687 1959 praeclara
3716 1892 3806 1948 fa-

522 2003 711 2058 cinora
746 1999 859 2054 suis
885 1997 1249 2052 imitarentur.
1275 1994 1335 2049 In
1371 2010 1478 2064 qua
1503 1992 1722 2063 quidem
1754 1992 2025 2047 sententia
2049 2007 2174 2046 cum
2204 2007 2306 2064 ego
2327 1992 2440 2062 jam
2470 1990 2598 2047 inde
2621 1992 2689 2047 ab
2714 1991 2942 2047 ineunte
2965 1999 3126 2048 aetate
3151 1990 3370 2060 fuerim,
3409 2011 3645 2067 cumque
3683 2014 3807 2054 ma-

521 2107 696 2161 ximos
728 2103 974 2175 parentis
1004 2102 1112 2156 mei
1154 2101 1374 2156 labores
1417 2109 1583 2170 atque
1611 2098 1868 2154 eximiam
1902 2098 2143 2152 melioris
2169 2107 2314 2153 notre
2356 2098 2673 2154 auctoribus
2700 2098 2927 2154 edendis
2969 2108 3223 2154 navatam
3255 2116 3501 2171 operam,
3529 2119 3811 2176 quamque

525 2210 652 2266 inde
682 2208 921 2263 nominis
951 2206 1149 2261 famam
1177 2213 1232 2259 et
1261 2205 1478 2260 laudem
1511 2204 1627 2276 ipse
1659 2212 1744 2259 est
1773 2211 2121 2269 consecutus,
2150 2204 2333 2260 animo
2363 2204 2783 2276 perpenderem,
2809 2214 2961 2261 tanto
2991 2205 3194 2274 studio,
3224 2214 3485 2279 tantaque
3505 2211 3813 2282 cupiditate

525 2318 591 2373 ad
629 2317 861 2371 similem
892 2316 1153 2371 virtutem
1195 2313 1537 2384 similemque
1580 2313 1805 2386 gloriam
1836 2327 1956 2367 sum
1990 2312 2283 2378 incitatus,
2316 2318 2376 2366 ut
2401 2326 2511 2381 quo
2546 2310 2660 2381 jam
2701 2310 2914 2381 pridem
2943 2311 3011 2367 de
3055 2311 3333 2383 republica
3359 2315 3626 2373 litteraria
3663 2318 3813 2376 bene

524 2422 769 2478 merendi
801 2422 1073 2477 desiderio
1100 2420 1405 2492 flagrarem,
1442 2419 1574 2475 illud
1614 2419 1817 2474 diutius
1840 2419 1893 2473 in
1926 2425 2149 2489 pectore
2187 2434 2310 2474 meo
2350 2418 2620 2474 inclusum
2665 2418 2949 2474 continere
2976 2435 3084 2474 non
3116 2421 3408 2491 potuerim,
3437 2424 3533 2479 sed
3564 2425 3692 2481 totis
3720 2427 3812 2483 vi-

522 2528 676 2583 ribus
731 2526 786 2579 in
841 2526 893 2581 id
950 2527 1085 2581 mihi
1145 2523 1573 2580 incumbendum
1609 2532 1858 2594 putarem
1883 2562 1898 2589 ,
1938 2530 2001 2577 ut
2043 2537 2365 2594 quacunque
2394 2523 2609 2579 ratione
2638 2538 2879 2594 possem,
2917 2523 3160 2580 animum
3192 2542 3374 2582 meum
3415 2528 3809 2599 patefacerent.

464 2658 493 2671 ν
521 2641 657 2696 Cum
690 2647 877 2694 autem
910 2636 966 2690 in
993 2650 1056 2690 ea
1089 2630 1420 2703 cogitatione
1448 2638 1598 2684 totus
1624 2645 1891 2695 versarer,
1924 2638 2089 2691 atque
2116 2628 2175 2683 in
2229 2629 2412 2701 aliquo
2465 2630 2752 2701 deligendo
2777 2646 2942 2701 opere
2967 2631 3310 2701 potissimum
3359 2633 3572 2691 deﬁxus
3600 2652 3809 2707 essem,

520 2748 661 2806 nihil
693 2744 925 2802 eruditis
958 2742 1091 2798 viris
1108 2739 1324 2811 gratius
1353 2745 1521 2808 atque
1546 2737 1825 2808 acceptius
1854 2736 1972 2792 fore
1993 2736 2229 2808 judicavi
2252 2779 2267 2804 ,
2298 2751 2463 2807 quam
2493 2735 2539 2791 si
2567 2740 2822 2808 Magnam
2857 2735 3084 2791 Patrum
3126 2747 3175 2792 et
3203 2740 3521 2809 scriptorum
3560 2742 3816 2798 ecclesia-

522 2856 774 2911 sticorum
807 2849 1188 2905 Bibliothecam
1224 2844 1367 2916 typis
1391 2843 1728 2898 mandarem.
1757 2843 1922 2913 Atqui
1950 2858 2018 2898 eo
2041 2841 2305 2899 libentius
2334 2851 2497 2912 atque
2525 2841 2759 2897 alacrius
2792 2841 2860 2897 ad
2908 2841 3042 2897 illud
3097 2858 3235 2913 opus
3291 2844 3536 2911 animum
3589 2846 3768 2917 adjeci
3792 2891 3809 2917 ,

523 2959 667 3032 quod
707 2958 952 3012 futurum
979 2966 1258 3024 sperarem
1291 2960 1350 3005 ut
1377 2949 1557 3020 ipsum
1582 2964 1776 3004 omnes
1804 2957 2073 3019 quotquot
2101 2957 2231 3003 sunt
2257 2948 2313 3003 in
2340 2940 2454 3003 toto
2481 2948 2615 3004 orbe
2654 2947 2970 3004 Christiano
3006 2948 3265 3005 Ecclesiae
3301 2952 3525 3007 Patrum
3553 2952 3813 3009 lectionis

522 3076 773 3123 amantes
824 3073 1174 3131 summepere
1220 3056 1735 3128 complecterentur,
1772 3071 1896 3111 cum
1929 3056 2233 3127 praesertim
2265 3071 2328 3110 ea
2358 3070 2518 3126 quam
2552 3054 2859 3111 meditabar
2897 3054 3065 3110 editio
3108 3056 3375 3121 omnium,
3403 3067 3671 3129 quotquot
3698 3076 3814 3116 un-

523 3187 687 3243 quam
724 3171 780 3225 in
807 3170 986 3224 lucem
1016 3166 1365 3238 prodierunt,
1397 3163 1713 3219 auctissima
1748 3171 1911 3233 atque
1941 3160 2345 3217 absolutissima
2375 3159 2558 3215 futura
2601 3169 2765 3216 esset.
2794 3158 3077 3230 Siquidem
3107 3161 3450 3217 Coloniensis
3477 3163 3665 3230 editio,
3697 3180 3813 3235 qua

523 3293 625 3349 pro
653 3273 952 3344 exemplari
985 3271 1065 3327 uti
1116 3270 1354 3335 decrevi,
1388 3269 1519 3326 licet
1546 3268 1661 3340 ipsa
1691 3269 1876 3340 plures
1904 3277 2155 3324 auctores
2184 3282 2347 3338 quam
2398 3276 2611 3322 caetera:
2660 3264 2964 3328 contineat.
2993 3275 3181 3321 nostra
3217 3278 3401 3322 tamen
3425 3270 3531 3324 erit
3556 3268 3808 3338 inferior,

524 3382 668 3455 quod
698 3382 750 3435 in
781 3395 844 3434 ea
876 3376 1190 3435 Graecorum
1222 3384 1508 3432 auctorum
1539 3390 1649 3430 non
1678 3374 1863 3430 nativa
1892 3383 1950 3430 et
1970 3389 2224 3445 germana
2254 3373 2457 3445 lingua,
2488 3373 2586 3428 sed
2617 3371 2811 3427 Latina
2833 3372 3099 3427 duntaxat
3128 3374 3312 3429 versio
3339 3376 3665 3446 reperiatur.
3692 3377 3813 3450 Ego

525 3504 656 3544 vero
681 3494 886 3542 textum
918 3483 1166 3540 Graecum
1198 3482 1251 3537 in
1280 3482 1425 3537 dicta
1451 3480 1767 3537 Coloniensi
1795 3480 2038 3536 editione
2069 3480 2438 3536 desideratum
2471 3495 2579 3535 una
2617 3495 2741 3535 cum
2776 3480 3232 3551 interpretatione
3252 3482 3445 3538 Latina
3473 3484 3812 3557 conjungere

525 3594 579 3650 in
612 3594 794 3649 animo
825 3592 1022 3657 habeo,
1059 3598 1119 3644 ut
1143 3588 1237 3660 qui
1269 3588 1501 3659 hujusce
1533 3587 1781 3642 omnium
1808 3585 2229 3658 elegantissima:
2260 3583 2459 3654 linguae
2510 3583 2734 3649 Graecae,
2786 3584 3028 3654 inquam,
3065 3586 3250 3641 studio
3304 3596 3581 3655 tenentur,
3618 3588 3723 3644 sibi
3778 3605 3813 3645 δ

525 3698 687 3753 nobis
710 3698 811 3751 hac
835 3696 890 3749 in
918 3703 1070 3765 parte
1098 3707 1425 3765 magnopere
1454 3692 1764 3748 consultum
1797 3706 1918 3747 esse
1948 3689 2270 3762 intelligant.
2300 3689 2572 3745 Praeterea
2603 3690 2805 3746 multos
2833 3699 3086 3747 auctores
3108 3691 3327 3750 Graecos
3360 3710 3638 3766 nunquam
3671 3696 3816 3754 hac-

531 3814 692 3859 tenus
737 3819 835 3858 sua
882 3802 1067 3875 lingua
1093 3801 1150 3855 in
1178 3801 1358 3856 lucem
1391 3800 1569 3856 editos
1597 3814 1663 3855 ex
1689 3798 1876 3854 multis
1908 3795 2253 3853 bibliothecis
2282 3795 2519 3851 maximo
2549 3795 2736 3852 labore
2783 3796 3142 3868 maximisque
3174 3798 3439 3871 impensis
3469 3801 3815 3871 conquisitos

526 3918 691 3981 atque
713 3909 972 3965 collectos
1002 3907 1057 3962 in
1084 3906 1283 3962 dictam
1311 3903 1532 3961 Patrum
1557 3904 1951 3961 Bibliotliecam
1982 3902 2255 3974 congessi,
2291 3919 2400 3975 quo
2433 3903 2525 3958 flet
2558 3912 2618 3959 ut
2642 3903 2830 3976 viginti
2870 3906 3113 3976 quinque
3143 3905 3422 3961 volumina
3451 3906 3517 3979 (si
3540 3906 3685 3963 Deus
3704 3923 3817 3964 no-

526 4015 655 4071 stris
680 4015 970 4071 conatibus
1010 4013 1223 4083 faverit)
1259 4014 1378 4084 ipsa
1415 4012 1488 4067 sit
1516 4012 1890 4082 complexum.
1925 4010 2158 4077 Quantae
2181 4015 2381 4062 autem
2429 4006 2588 4064 molis
2612 4023 2678 4063 ac
2701 4007 3036 4065 difficultatis
3071 4025 3160 4066 res
3186 4010 3276 4066 illa
3301 4010 3485 4068 futura
3515 4012 3606 4079 sit,
3630 4027 3815 4084 quan-

531 4131 758 4191 tumque
782 4119 989 4174 laboris
1014 4127 1178 4190 atque
1208 4120 1396 4175 oneris
1424 4118 1480 4172 in
1509 4118 1617 4173 hoc
1646 4132 1815 4188 opere
1847 4113 2182 4170 elaborando
2209 4121 2267 4168 et
2302 4112 2369 4169 ad
2408 4111 2574 4169 ﬁnem
2616 4129 2790 4185 usque
2819 4115 3172 4186 perducendo
3198 4117 3481 4173 subiturus
3507 4118 3632 4185 sim,
3659 4118 3817 4189 quis-

526 4227 651 4297 quis
681 4241 865 4281 rerum
894 4240 995 4279 usu
1024 4235 1187 4295 atque
1212 4223 1548 4296 experientia
1570 4222 1655 4279 vel
1681 4221 2035 4277 mediocriter
2056 4220 2319 4292 praeditus
2346 4230 2450 4287 est,
2482 4220 2738 4278 facillime
2762 4222 3012 4294 judicare
3040 4231 3240 4294 potest.
3275 4224 3431 4292 Quod
3459 4240 3588 4281 cum
3614 4226 3687 4281 ita
3712 4227 3810 4295 sit,

528 4348 598 4387 ne
636 4347 782 4386 ca~co
815 4330 1048 4401 quodam
1078 4345 1143 4386 ac
1187 4329 1479 4384 temerario
1508 4326 1679 4382 animi
1714 4327 1921 4395 impetu
1962 4341 2077 4380 rem
2110 4326 2246 4381 tanti
2277 4326 2539 4383 momenti
2589 4328 2808 4401 aggredi
2842 4328 3047 4397 videar,
3088 4331 3555 4402 sapientissimum
3582 4348 3646 4389 ac
3675 4349 3814 4405 pru-

528 4439 908 4496 dentissimum
934 4439 1171 4509 aliquem
1206 4438 1399 4493 ducem
1436 4418 1570 4490 mihi
1596 4432 1948 4504 deligendum
1987 4447 2111 4488 esse
2146 4434 2367 4504 putavi,
2401 4434 2557 4505 cujus
2597 4435 2858 4506 auspiciis
2885 4435 2952 4491 ad
2976 4434 3215 4492 faustum
3246 4436 3575 4510 felicemque
3601 4441 3812 4495 exitum

528 4553 775 4598 nostrum
829 4558 970 4614 opus
1015 4541 1301 4613 pervenire
1348 4544 1540 4612 possit.
1575 4538 1713 4593 Nam
1761 4537 1805 4593 si
1856 4536 1932 4592 illi
1982 4537 2074 4609 qui
2111 4537 2461 4611 longinquam
2493 4539 2898 4612 navigationem
2934 4542 3228 4609 adornant,
3262 4559 3370 4599 non
3404 4545 3558 4617 prius
3591 4561 3651 4601 se
3672 4547 3814 4603 mari

527 4652 895 4716 committunt,
927 4666 1089 4721 quam
1117 4649 1506 4720 peritissimum
1544 4648 1783 4718 aliquem
1832 4648 2253 4719 gubernatorem
2288 4647 2601 4713 habuerint,
2632 4648 2791 4719 cujus
2817 4649 3105 4719 prudentia
3135 4650 3271 4705 salvi
3304 4660 3468 4722 atque
3498 4652 3816 4710 incolumes

528 4759 711 4813 omnia
742 4758 909 4812 maris
937 4755 1178 4827 pericula
1210 4756 1417 4810 evitare
1454 4755 1669 4825 possint
1703 4773 1716 4808 :
1743 4754 1919 4809 multo
1946 4752 2115 4824 magis
2142 4752 2198 4807 id
2228 4751 2360 4807 mihi
2397 4751 2707 4807 faciendum
2736 4761 2840 4817 est,
2865 4752 2956 4822 qui
2981 4767 3093 4808 non
3121 4753 3260 4809 viles
3289 4754 3504 4826 aliquas
3542 4772 3607 4812 ac
3638 4766 3818 4812 terre-

528 4879 628 4920 nas
655 4878 886 4930 merces,
916 4862 1009 4917 sed
1041 4860 1463 4932 pretiosissimas
1489 4860 1731 4917 caelestis
1762 4861 2030 4917 doctrinae
2056 4859 2343 4914 thesauros
2372 4856 2439 4912 ad
2480 4866 2696 4927 portum
2728 4857 2931 4912 vehere
2960 4857 3253 4914 contendo.
3289 4858 3596 4926 Quemnam
3626 4871 3816 4918 autem

527 4967 964 5041 praestantiorem
999 4976 1106 5021 tam
1152 4964 1470 5034 periculosae
1504 4965 1867 5036 navigationis
1893 4964 2297 5019 moderatorem
2347 4978 2510 5034 quam
2564 4970 2617 5018 te
2642 5001 2657 5028 ,
2689 4962 2781 5033 qui
2815 4963 3117 5019 litterarum
3147 4965 3320 5022 decus
3344 4980 3405 5022 es
3432 4974 3490 5022 et
3517 4982 3817 5024 ornamen-

529 5088 667 5144 tum,
699 5077 830 5132 mibi
860 5077 1063 5148 eligere
1096 5076 1501 5132 conveniebat?
1546 5076 1809 5147 Equidem
1842 5091 2170 5149 quocunque
2193 5075 2383 5132 oculos
2414 5083 2698 5134 converto.
2727 5089 2891 5145 quem
2936 5084 3118 5131 tecum
3165 5046 3418 5133 conferre
3448 5080 3677 5149 possim,
3709 5095 3818 5136 ne-

530 5182 734 5237 minem
790 5181 970 5235 video.
1000 5179 1133 5236 Nam
1191 5196 1314 5236 cum
1363 5196 1557 5237 omnes
1604 5181 1835 5237 virtutes
1884 5182 1940 5237 in
1971 5193 2025 5238 te
2056 5198 2211 5238 suam
2242 5180 2427 5237 sedem
2460 5180 2803 5247 collocarint,
2830 5189 2945 5237 tum
2978 5198 3111 5238 vero
3139 5183 3417 5255 praecipue
3440 5185 3675 5256 justitia,
3723 5186 3816 5243 cui

529 5285 974 5342 administrandae
1009 5286 1301 5357 praefectus
1322 5302 1402 5353 es,
1432 5302 1649 5342 necnon
1680 5294 1735 5343 et
1767 5288 1963 5359 pietas,
1998 5303 2162 5360 quam
2195 5303 2227 5343 e
2249 5295 2561 5343 sanctorum
2594 5286 2816 5343 Patrum
2846 5289 3063 5346 assidua
3098 5290 3337 5346 lectione
3366 5291 3622 5358 hausisti,
3654 5292 3727 5348 ita
3757 5292 3815 5348 in

531 5398 586 5448 te
612 5391 851 5454 elucent.
878 5401 939 5447 ut
960 5391 1143 5448 nullus
1173 5392 1229 5447 in
1263 5400 1376 5447 toto
1404 5391 1703 5449 Christiani
1732 5395 1972 5451 nominis
1996 5396 2127 5451 orbe
2158 5397 2312 5453 locus
2344 5396 2433 5463 sit,
2456 5410 2567 5467 quo
2590 5412 2699 5452 non
2732 5397 2948 5453 illarum
2979 5398 3240 5470 splendor
3259 5401 3583 5471 pervaserit.
3606 5398 3816 5468 Quam-

592 5593 609 5615 ‘
645 5595 707 5667 S._
728 5589 1204 5667 {sitfoﬁ'f’glusioup
1223 5592 1284 5644 de
1307 5591 1908 5667 interpretationgdivinge
1936 5594 2226 5667 geripturq
2260 5594 2591 5667 Epistolarum
2618 5596 2736 5652 libri
2760 5601 2825 5667 V_,
2847 5612 3056 5667 quorum
3089 5605 3188 5653 tres
3210 5600 3404 5665 priores
3423 5600 3820 5667 ⁸εειλὶιιεοηπῖεαει-
3884 5618 3887 5619 '

532 5653 786 5735 arma
818 5653 1197 5735 tib'iéf'reeiy
1213 5653 1603 5735 ,ςηατίυεῖαιιεειη
1621 5659 1916 5735 acerque,
1933 5653 2251 5735 ιείιρςξςειιαρεο
2288 5653 2382 5735 ια
2430 5660 2513 5735 qui
2535 5668 2582 5713 ει
2602 5670 2742 5718 nam
2764 5653 3010 5735 meam
3032 5668 3078 5734 ςι
3347 5669 3395 5715 σε
3411 5653 3820 5735 inda-meai-

532 5674 705 5725 υοησμ
714 5674 786 5727 ac.
818 5674 954 5727 βιιιιξ
978 5674 1197 5729 ι-νιιηωρ,
1220 5674 1423 5721 quartus
1440 5674 1603 5711 autem
1621 5674 1653 5709 a
1674 5674 1906 5710 uunraao
1933 5674 2251 5730 ιειιιειςδηωιο
2288 5674 2382 5711 δυ.
2430 5674 2512 5769 «Ιω
2535 5674 2582 5713 et
2602 5674 2742 5718 notas
2764 5674 3010 5714 uocrrores
3032 5674 3078 5713 et
3103 5676 3319 5715 summas
3347 5674 3395 5715 et
3417 5674 3607 5716 marces
3630 5676 3813 5734 priora-

532 5716 619 5768 bus
636 5715 774 5788 lteris
794 5718 971 5830 argent!
983 5758 1013 5796 λ
1025 5722 1070 5768 et
1089 5727 1282 5792 quimus
1316 5719 1376 5770 ab
1414 5721 1609 5773 Andrea
1634 5721 1846 5793 Scirona,
1870 5727 2111 5792 sectantis
2154 5724 2277 5773 Iesu
2289 5734 2430 5833 ιρι-οε
2447 5729 2617 5784 tutere,
2650 5738 2776 5779 nunc
2795 5724 3011 5797 primum
3034 5723 3085 5777 in
3107 5724 3269 5795 Gallia
3296 5725 3554 5789 prodeunt.
3580 5724 3813 5788 Parium,

532 5778 799 5833 sunmttbus
890 5779 1011 5833 atdn
1038 5780 1251 5833 Morem.
1274 5781 1355 5833 via
1375 5781 1607 5833 Jacoben
1628 5783 1694 5832 ad
1716 5794 1905 5833 msume
1935 5783 2116 5833 Fontis.
2148 5784 2286 5833 MDC
2335 5785 2420 5833 XX
2431 5777 2585 5833 VIII-
2616 5791 2733 5833 Cum
2754 5788 3018 5833 nrrmleam
3044 5800 3194 5833 ηοω.

532 5777 799 5843 sumptibus
825 5777 1013 5847 ιθςὶάῆ
1038 5777 1251 5846 Morem,
1274 5781 1355 5833 via
1375 5781 1607 5835 Jacobea
1628 5783 1694 5832 ad
1716 5777 1905 5848 insigne
1935 5783 2116 5834 Fontis.
2148 5777 2420 5836 "DCXXX
2431 5777 2501 5835 1⁷⁸1
2511 5788 2535 5835 1
2545 5787 2569 5835 ι
2576 5830 2585 5839 .
2605 5777 2742 5840 ’σιὼ
2753 5777 3018 5853 privilegio
3044 5787 3194 5854 regis.
