4118 6394
283 376 390 448 105
1410 397 1974 464 PROLEGOMENA
2009 403 2212 466 EDlT.
2250 407 2497 470 PARIS.
3483 421 3586 490 106

281 495 474 550 obrem
503 493 552 550 si
585 502 642 552 te
666 495 838 570 hujus
868 499 1056 572 operis
1079 501 1277 560 ducem
1305 515 1468 578 atque
1493 505 1772 582 auspicum
1800 513 2046 582 praebere
2077 514 2336 584 volueris,
2393 533 2504 574 non
2543 521 2770 578 dubium
2810 533 2896 580 est
2929 526 3060 597 quin
3108 542 3236 586 eum
3263 545 3426 602 quem
3454 545 3586 608 opto

281 609 606 653 successum
638 609 1050 662 consecuturus
1076 606 1202 662 sim.
1230 607 1348 676 Quo
1377 622 1558 668 autem
1590 624 1740 670 tuam
1777 613 1912 672 mihi
1943 617 2384 676 benevolentiam
2415 623 2587 696 magis
2613 625 2920 694 demerear,
2951 631 3184 704 hujusce
3222 634 3427 692 laboris
3469 641 3584 720 prj-

279 701 467 757 mitias
497 703 596 759 tibi
642 705 845 763 dedico
883 717 1054 782 atque
1097 711 1294 782 oﬂ'ero,
1340 715 1627 785 Isidorum,
1672 719 1917 791 inquam,
1951 720 2301 792 Pelusiotam,
2345 741 2508 797 quem
2534 727 2738 788 ideirco
2768 733 3004 804 primum
3037 739 3283 795 omnium
3315 741 3370 798 in
3403 703 3582 802 lucem

277 806 502 875 prodire
535 807 708 877 volui,
737 813 888 882 quod
911 829 1039 870 eum
1077 826 1359 876 auctorem
1388 837 1503 892 prae
1527 823 1744 880 caeteris
1777 825 2015 884 maxime
2057 830 2126 886 ab
2159 831 2418 890 omnibus
2441 837 2622 907 expeti
2653 843 3026 912 cognoverim.
3061 842 3218 912 Quod
3253 849 3300 904 si
3329 851 3436 907 hoc
3460 868 3587 908 mu-

276 923 386 966 nus
415 927 448 966 a
477 921 538 968 te
564 913 811 988 benigne
837 928 1136 991 exceptum
1163 922 1629 996 animadvertero,
1659 929 1980 987 alacriorem
2007 949 2098 989 me
2120 937 2190 994 ad
2217 939 2488 1010 reliquum
2512 958 2651 1012 opus
2696 949 3131 1018 persequendum
3156 954 3477 1014 reddideris.
3508 959 3586 1014 Te

273 1024 462 1073 autem
477 1017 539 1074 id
557 1035 684 1078 esse
709 1021 1012 1095 facturum,
1041 1041 1108 1082 ea
1137 1043 1262 1099 quae
1281 1029 1338 1085 in
1367 1039 1424 1087 te
1452 1042 1540 1090 est
1569 1033 1906 1104 humanitas,
1931 1046 1993 1094 ιιι
2015 1038 2306 1109 confidam,
2337 1042 2519 1100 ellicit.
2548 1045 2696 1102 Vale.

757 1156 884 1210 Tua:
913 1155 1300 1226 Amplitudinis

2669 1309 3000 1366 humillimus
3031 1330 3229 1378 servus,

2805 1413 3057 1473 Esubios
3095 1418 3353 1476 MOREL.

319 1599 3578 1666 Mm“

351 1771 454 1841 Cl.
513 1773 668 1839 viro
729 1777 894 1840 Juno
946 1779 1264 1843 Gaurano
1317 1785 1423 1847 JC.
1486 1795 1547 1848 et
1607 1788 1936 1869 philologo
2004 1796 2531 1871 praestantissimo
2588 1801 2816 1866 histor.
2876 1806 3226 1884 professori
3291 1810 3516 1889 elect.,

1431 1889 1769 1956 Cunradus
1825 1897 2357 1978 Rrr'rensnusms,
2409 1907 2472 1969 S.

363 2069 658 2144 Olympius
685 2073 912 2145 quidem
952 2075 1046 2132 ille
1077 2075 1290 2144 doctor,
1319 2093 1486 2150 quem
1516 2087 1643 2148 tuae,
1676 2080 1772 2136 Vir
1799 2081 1892 2150 (τι,
1921 2082 2117 2142 litterae
2141 2087 2300 2144 nobis
2319 2093 2807 2162 commendabant,
2839 2099 2908 2156 ad
2937 2117 3040 2158 nos
3066 2105 3249 2166 nullus
3277 2110 3448 2167 venit.
3476 2106 3585 2166 Sed

273 2163 604 2220 fasciculum
637 2175 829 2224 tamen
855 2177 1007 2226 recte
1032 2171 1252 2226 curavit
1270 2169 1628 2245 Norimberga
1653 2189 1752 2244 per
1776 2185 1893 2245 opt.
1925 2184 1984 2232 et
1998 2177 2454 2239 ofﬁciosissimum
2484 2197 2732 2244 nostrum
2763 2191 2924 2248 Bern.
2945 2198 3260 2264 pratorium
3293 2217 3439 2272 :quo
3459 2201 3587 2258 resi-

272 2265 436 2328 gnato
487 2265 547 2313 et
595 2273 858 2324 excusso.
889 2261 1136 2320 libenter
1175 2263 1290 2320 vidi
1339 2265 1620 2338 specimen
1672 2271 2121 2342 typographicum
2171 2274 2368 2332 Isidori
2398 2279 2688 2338 Pelusiotae
2721 2287 2850 2353 mei,
2885 2261 3032 2360 quod
3062 2293 3282 2360 misisti,
3313 2261 3426 2351 non
3467 2297 3586 2352 sine

275 2349 590 2407 ostensione
621 2354 770 2424 spei,
803 2353 944 2421 fore,
977 2371 1042 2411 ut
1071 2358 1220 2428 quod
1245 2359 1482 2430 proximi
1511 2361 1744 2434 catalogi
1773 2363 2147 2434 minabantur,
2189 2369 2296 2425 hoc
2337 2371 2560 2428 demum
2613 2349 2920 2434 autumnali
2943 2393 3186 2440 mercatu
3227 2387 3465 2459 scriptor
3493 2389 3585 2443 ille

289 2441 856 2504 Commelinianorum
886 2453 1148 2509 comitate
1177 2453 1232 2508 in
1259 2454 1437 2511 lucem
1465 2458 1879 2528 reproducatur.
1911 2461 2127 2519 Bonum
2177 2465 2404 2536 factum,
2434 2479 2491 2525 et
2521 2469 2774 2542 feliciter,
2805 2491 2836 2530 a
2861 2477 3046 2536 multis
3079 2479 3239 2538 bonis
3268 2441 3584 2554 superdicc-

309 2541 419 2602 tur,
449 2538 554 2594 imo
577 2540 697 2611 jam
730 2556 884 2598 nunc
909 2545 1277 2614 superdicitur
1304 2547 1434 2604 huic
1461 2548 1714 2606 editioni.
1743 2551 1830 2608 Me
1857 2553 2081 2625 quidem
2109 2557 2254 2613 bona
2294 2575 2422 2630 spes
2449 2560 2634 2630 habet,
2669 2538 2790 2620 eam
2820 2583 2933 2622 non
2985 2569 3104 2627 fore
3136 2572 3312 2628 fraudi
3489 2538 3584 2646 qui

295 2627 355 2685 in
385 2631 526 2686 illam
555 2643 824 2706 sumptus
865 2634 1142 2692 fecerunt.
1175 2635 1292 2694 Etsi
1335 2639 1484 2694 enim
1521 2655 1634 2696 non
1661 2650 1746 2697 est
1777 2644 2012 2714 amplius
2065 2646 2122 2701 in
2160 2627 2348 2704 multis
2375 2658 2560 2707 tantus
2585 2627 2892 2712 animorum
2922 2659 3087 2716 ardor
3110 2662 3178 2718 ad
3207 2627 3584 2734 cognoscenda

272 2729 756 2801 conparandaque
780 2732 1075 2788 vetustatis
1103 2733 1334 2790 eruditae
1364 2746 1743 2805 monumenta,
1779 2737 1972 2796 Graeca
2000 2745 2310 2813 praesertim
2351 2745 2496 2819 (sine
2539 2751 2741 2820 quibus
2773 2761 2955 2810 tamen
2988 2757 3161 2814 solide
3187 2729 3384 2817 doetus
3416 2777 3582 2818 nemo

269 2817 429 2878 facile
481 2840 734 2895 unquam
772 2827 1032 2898 exstitit),
1089 2836 1328 2899 quantus
1389 2830 1446 2884 in
1503 2832 1712 2887 nostris
1770 2833 2090 2894 hominibus
2128 2837 2234 2895 fuit
2285 2817 2514 2899 avorum
2556 2817 2653 2901 aut
2693 2861 3023 2916 proavorum
3071 2863 3396 2912 nostrorum
3443 2873 3584 2920 aevo.

266 2928 392 2973 cum
427 2919 747 2976 litterarum
801 2931 861 2978 et
903 2923 1218 2996 linguarum
1243 2926 1424 2982 studia
1451 2926 1695 2998 primum
1734 2928 1790 2983 in
1820 2929 2114 2989 Germania
2153 2934 2524 2995 excitarentur
2571 2951 2628 2997 et
2677 2941 2938 3020 illustrari
2995 2945 3304 3019 inciperent
3356 2967 3588 3024 magno-

264 3027 385 3068 rum
421 3021 593 3084 atque
617 3015 1016 3072 excellentium
1043 3017 1288 3073 virorum
1315 3033 1422 3088 qua
1446 3033 1602 3086 voce,
1639 3037 1744 3092 qua
1772 3025 1992 3094 scriptis
2027 3044 2040 3079 :
2074 3035 2254 3082 tamen
2283 3045 2355 3085 ne
2393 3031 2498 3087 hoc
2538 3033 2758 3104 quidem
2782 3015 3046 3094 sarculum
3081 3015 3585 3120 (ἐπευφημεϊννγάρ

265 3107 368 3180 χρὴ
403 3109 636 3180 μᾶλλον)
673 3125 852 3180 usque
878 3111 1018 3166 adeo
1047 3118 1132 3167 est
1161 3110 1351 3168 infelix
1391 3123 1488 3168 aut
1526 3115 1776 3185 efletum,
1841 3119 1974 3189 quin
2010 3121 2175 3177 etiam
2205 3139 2354 3180 nunc
2379 3126 2578 3182 habeat
2609 3127 2928 3186 Graecorum
2958 3107 3290 3205 scriptorum
3306 3107 3586 3194 amatores

266 3203 554 3268 maximos,
621 3203 896 3274 quidquid
926 3203 1089 3275 vulgo
1110 3204 1179 3260 de
1199 3205 1287 3260 his
1317 3205 1586 3274 videatur,
1617 3209 1712 3279 qui
1742 3210 1828 3266 vel
1861 3211 1929 3266 ad
1968 3212 2204 3281 lucrum,
2235 3217 2322 3272 vel
2353 3217 2421 3273 ad
2443 3219 2790 3276 ambitiosam
2823 3203 3253 3283 ostentationem
3287 3244 3385 3284 sua
3417 3229 3587 3287 refert

265 3295 472 3360 ornnia,
501 3310 742 3366 quaeque
763 3295 836 3350 ad
870 3297 1070 3352 horum
1091 3297 1417 3353 alterutrum
1441 3301 1764 3358 conducunt
1785 3319 2000 3374 parum,
2026 3306 2081 3360 in
2113 3306 2219 3364 illis
2249 3310 2414 3366 studii
2445 3312 2601 3382 ponit
2632 3313 2794 3368 nihil.
2827 3313 3315 3374 Verumenimvero
3338 3322 3472 3376 tales
3493 3338 3586 3396 qui

266 3402 411 3460 sunt,
427 3395 659 3464 quando
689 3394 770 3449 illi
790 3409 896 3450 nos
910 3409 1037 3450 cum
1063 3395 1262 3450 talibus
1284 3395 1480 3452 studiis
1501 3413 1691 3468 parum
1711 3409 1904 3454 curant
1922 3411 2016 3458 aut
2031 3411 2333 3472 morantur,
2352 3421 2454 3461 nos
2469 3399 2685 3478 quoque
2711 3409 2860 3479 ipsos
2881 3427 3075 3482 parum
3097 3415 3455 3481 morabimur,
3472 3394 3586 3472 ἀλὶέ

263 3489 422 3560 ἡμεῖς
447 3491 645 3555 αὐτοῖς
691 3491 755 3544 οὐ
803 3489 1216 3563 διαμειψόμεθα
1267 3492 1362 3562 τῆς
1415 3492 1618 3564 ἀρετῆς
1666 3494 1759 3548 τὸν
1799 3495 1889 3552 πλε

1958 3513 2054 3562 εον,
2113 3507 2174 3553 ut
2204 3498 2372 3555 Solon
2400 3501 2603 3556 cecinit
2629 3521 2641 3556 :
2673 3517 2736 3560 ac
2766 3504 2948 3575 potius
2980 3515 3096 3562 tum
3129 3509 3198 3564 ad
3241 3511 3584 3566 honestatem

265 3583 710 3654 dignitatemque
746 3583 982 3640 istarum
1005 3583 1336 3649 litterarum,
1370 3594 1484 3640 tum
1514 3586 1581 3641 ad
1617 3587 1888 3659 majorum
1927 3591 2176 3662 exempla
2203 3633 2217 3656 ,
2247 3601 2305 3648 et
2335 3593 2578 3662 priscum
2613 3594 2784 3661 illum,
2819 3612 2984 3667 quem
3013 3598 3146 3666 dixi,
3177 3601 3426 3658 ardorem
3465 3605 3587 3658 ani-

263 3695 504 3745 orum,
536 3695 654 3751 quo
691 3679 801 3750 ipsi
833 3694 965 3750 erga
1005 3694 1102 3734 eas
1137 3678 1454 3750 flagraruut,
1482 3689 1716 3752 utroque
1743 3684 1904 3740 oculo
1939 3685 2318 3756 respiciemus.
2353 3685 2566 3743 Recens
2595 3686 2706 3776 jam
2748 3705 2871 3746 sum
2903 3707 2934 3746 a
2964 3692 3198 3749 lectione
3231 3695 3583 3766 cpistolarum

263 3775 495 3833 Joannis
519 3772 854 3841 Beuchlini,
883 3787 1024 3844 quas
1052 3773 1108 3826 in
1134 3771 1468 3828 bibliotheca
1498 3771 1750 3830 Bilibaldi
1790 3775 2153 3848 Pirckeymeri
2197 3794 2291 3850 per
2323 3779 2487 3835 hasce
2514 3771 2681 3837 ferias
2711 3780 3083 3854 Norimbergze
3108 3785 3251 3856 apud
3293 3789 3582 3856 patricium

264 3868 442 3924 virum
475 3865 757 3921 Joannem
807 3862 912 3918 Im.
945 3861 1189 3926 Hoﬁum,
1223 3862 1368 3917 illius
1403 3873 1790 3936 pronepotem,
1832 3867 2018 3922 inveni
2063 3869 2394 3940 complures.
2427 3871 2672 3927 Narrabo
2717 3873 2833 3940 tibi,
2868 3875 2941 3928 mi
2975 3874 3209 3932 Grutere
3231 3919 3245 3944 ,
3280 3881 3368 3934 vel
3401 3885 3582 3951 potius

261 3956 740 4018 adolescentibus,
765 3955 816 4010 si
849 3954 944 4024 qui
974 3954 1092 4008 haec
1123 3961 1218 4009 tuo
1245 3953 1520 4011 beneficio
1549 3965 1816 4026 praeterea
1856 3957 1998 4013 forte
2030 3959 2226 4016 lecturi
2255 3971 2418 4028 sunt,
2459 3972 2521 4018 ut
2549 3965 2858 4036 exemplum
2897 3966 3024 4021 inde
3055 3969 3273 4038 capiant
3298 4011 3313 4033 ,
3344 3973 3474 4042 quid
3524 3975 3580 4030 in

259 4071 455 4115 earum
494 4069 609 4109 una
643 4063 812 4123 atque
841 4051 1016 4106 altera
1045 4061 1328 4123 repertum
1379 4053 1453 4107 sit
1503 4053 1660 4108 mihi.
1697 4053 1902 4110 Scribit
1947 4055 2289 4113 Reuchlinus
2346 4060 2628 4131 Anglopoli
2687 4063 2788 4132 (sic
2818 4071 2976 4117 vocat
3033 4062 3438 4135 lngolstadium,
3472 4087 3580 4140 quo

261 4147 586 4220 Stutgardia
621 4145 696 4200 ob
727 4153 914 4199 motus
946 4143 1214 4200 Suevicos
1241 4159 1271 4198 a
1308 4145 1542 4201 summis
1589 4146 1896 4202 honoribus
1925 4148 2115 4203 aulicis
2161 4159 2357 4220 sponte
2388 4153 2696 4208 exsulatum
2739 4154 2978 4224 juverat)
3005 4171 3152 4210 anno
3181 4174 3322 4213 unxx
3351 4162 3418 4214 ad
3453 4162 3580 4216 Bili-

259 4241 487 4298 baldum
525 4239 686 4294 illum
707 4279 724 4301 ,
755 4253 921 4308 quem
947 4237 1062 4293 dixi
1084 4279 1098 4298 ,
1125 4237 1430 4308 principem
1460 4237 1640 4294 virum
1671 4247 1728 4294 et
1753 4239 1806 4292 in
1834 4240 2144 4297 litterarum
2172 4245 2580 4300 reconditarum
2609 4247 2840 4302 scientia
2861 4290 2876 4314 ,
2907 4248 3244 4333 omninoque
3272 4251 3576 4308 multorum

259 4338 526 4409 opinione
551 4335 828 4406 majorem
849 4375 864 4398 ,
895 4333 966 4390 de
991 4349 1093 4389 sua
1114 4334 1426 4406 linguarum
1461 4334 1838 4406 professione,
1875 4353 2036 4408 quam
2072 4339 2127 4393 in
2173 4339 2260 4396 illa
2289 4343 2645 4399 celeberrima
2680 4344 2832 4400 acad.
2859 4344 3014 4400 ducis
3044 4345 3286 4403 Bavarite
3325 4347 3576 4404 Gulielmi

261 4429 528 4500 auspiciis
569 4440 628 4484 et
659 4428 900 4482 honesto
935 4427 1216 4498 stipendio
1246 4428 1470 4498 publico
1499 4429 1816 4485 instituerat
1843 4431 2141 4503 geminam,
2172 4449 2335 4504 quam
2369 4435 2627 4506 frequens
2661 4437 2860 4506 habeat
2893 4437 3244 4494 auditorium.
3289 4437 3394 4496 Sed
3419 4443 3576 4512 juvat

261 4521 366 4579 hoc
395 4522 700 4592 ipsiusmet
730 4520 917 4576 verbis
949 4535 1304 4594 cognoscere,
1341 4537 1465 4593 quae
1494 4523 1726 4594 proinde
1763 4539 1827 4580 ex
1858 4527 2200 4597 autographo
2231 4527 2355 4582 fidei
2396 4543 2562 4586 causa
2607 4529 2893 4600 subjiciam
2918 4569 2933 4592 ,
2967 4538 3238 4598 quatenus
3265 4531 3372 4588 huc
3401 4535 3574 4604 perti-

259 4625 416 4671 nent.
457 4614 724 4683 Quando,
756 4613 960 4684 inquit,
987 4629 1077 4670 me
1101 4631 1253 4670 nunc
1289 4616 1396 4672 isto
1429 4633 1576 4672 anno
1616 4617 2036 4673 elementarium
2073 4619 2260 4676 effecit
2293 4621 2556 4675 δέσποινα
2585 4620 2720 4692 τύχη
2743 4663 2756 4682 ,
2789 4622 3034 4691 quotidie
3062 4623 3129 4679 de
3156 4626 3356 4680 throno
3383 4627 3575 4682 doctu-

261 4723 406 4770 rum,
441 4706 730 4778 frequenti
754 4705 1057 4767 auditorio,
1095 4707 1314 4776 publice
1345 4708 1730 4778 prmlegendus
1751 4717 1836 4764 est
1869 4724 1898 4764 a
1927 4725 2013 4765 me
2037 4711 2090 4764 in
2119 4711 2301 4784 lingua
2329 4709 2591 4766 Hebraica
2621 4727 2782 4768 mane
2811 4712 2948 4768 Rabi
2983 4712 3132 4772 Mose
3165 4715 3367 4778 Kimhi,
3399 4728 3456 4773 et
3479 4735 3576 4773 ve-

262 4802 408 4875 speri
438 4801 500 4855 in
527 4800 723 4869 lingua
751 4797 941 4854 Graeca
967 4795 1160 4852 Plutus
1185 4797 1572 4870 Aristophanis
1597 4797 1886 4868 discipulis
1917 4802 2181 4856 trecentis
2207 4809 2263 4857 et
2287 4801 2480 4867 multo,
2519 4801 2766 4872 inquam,
2799 4802 2942 4873 plus.
2976 4803 3130 4870 Quod
3155 4805 3304 4872 felix,
3335 4805 3574 4864 faustum

261 4896 734 4964 fortunatumque
783 4891 924 4948 fuat.
951 4890 1070 4958 Tu,
1107 4892 1230 4948 vale
1277 4892 1533 4959 feliciter,
1559 4902 1617 4949 et
1659 4909 1748 4948 me
1800 4894 2108 4965 principem
2152 4893 2358 4952 Siciliae
2392 4896 2713 4970 Dionysium
2744 4897 2994 4955 Corinthi
3023 4901 3254 4972 puerilia
3284 4902 3575 4960 docentem

260 4999 538 5063 spectato.
567 4989 703 5044 Haec
729 4987 841 5054 ille,
869 4987 1094 5042 biennio
1121 4998 1249 5044 ante
1283 4989 1505 5044 beatum
1539 4988 1666 5044 vitae
1711 5005 2038 5047 aerumnosa:
2095 4991 2256 5046 simul
2319 5001 2376 5048 et
2427 4992 2676 5064 gloriosae
2709 4993 2936 5060 exitum,
2971 5002 3130 5051 aetate
3161 4995 3246 5050 vir
3271 4997 3474 5068 gravis,
3520 4999 3574 5052 in

257 5087 430 5142 rebus
470 5084 667 5140 arduis
702 5092 968 5154 spectatae
1003 5083 1126 5139 fidei
1154 5125 1170 5149 ,
1206 5085 1645 5156 auctoritateque
1687 5097 1990 5157 praestans,
2022 5088 2086 5142 ad
2119 5089 2358 5145 amicum
2383 5129 2398 5156 ,
2442 5105 2550 5161 quo
2582 5091 2843 5162 majorem
2882 5098 3012 5146 tunc
3044 5091 3417 5164 Norimbcrga:
3464 5110 3578 5148 non

257 5184 528 5246 habebat,
557 5181 650 5235 cui
675 5180 864 5236 omnia
893 5196 993 5235 sua
1019 5180 1248 5236 minima
1272 5180 1508 5236 maxima
1538 5182 1927 5248 concredehat,
1948 5199 2166 5255 quoque
2187 5184 2480 5256 plurimum
2507 5186 2782 5251 utebatur,
2809 5183 2878 5240 de
2913 5184 3186 5242 auditorio
3211 5201 3333 5254 suo,
3367 5197 3421 5244 et
3454 5190 3578 5260 qui‘

255 5279 384 5336 dem
413 5278 638 5334 calamo
671 5276 922 5342 minime,
957 5275 1101 5332 sicut
1127 5276 1430 5344 credimus,
1466 5291 1607 5334 vano
1633 5286 1690 5334 et
1718 5279 1975 5350 glorioso,
2010 5281 2365 5353 praedicabat.
2393 5279 2528 5348 Quis
2555 5298 2686 5338 vero
2726 5283 2828 5337 hac
2872 5291 3218 5354 tempestate,
3254 5301 3360 5338 non
3397 5285 3574 5339 dicam

257 5388 314 5427 ιιι
359 5371 473 5427 ulla
528 5357 846 5426 Germaniae
897 5368 1056 5424 acad.
1092 5369 1186 5424 sed
1223 5369 1392 5426 totius
1423 5369 1658 5442 Europae
1687 5373 1772 5428 vel
1798 5373 2160 5430 celeberrimo
2202 5373 2534 5446 Gymnasio,
2562 5375 2679 5446 ipse
2723 5375 2850 5430 licet
2885 5374 3212 5440 Reuchlino,
3242 5375 3328 5430 cui
3361 5391 3573 5430 summa

257 5466 448 5522 omnia
481 5463 808 5527 tribuimus,
840 5471 901 5518 ut
927 5462 1144 5534 parenti
1171 5473 1285 5534 apt.
1311 5465 1619 5520 studiorum
1646 5505 1660 5527 ,
1686 5466 1938 5522 doctrina
1977 5467 2152 5523 nihilo
2181 5466 2426 5535 inferior,
2459 5476 2611 5523 tanto
2651 5467 2964 5523 auditorum
3003 5477 3170 5532 coetu,
3207 5468 3318 5521 imo
3345 5465 3428 5521 vel
3473 5465 3571 5570 de-

260 5565 407 5618 cima
439 5563 568 5632 ejus
595 5569 754 5632 parte
783 5559 1118 5616 circumfluit
1137 5599 1150 5624 ,
1181 5559 1417 5616 maxime
1443 5561 1536 5632 qui
1571 5561 1642 5617 sit
1673 5562 1729 5616 in
1768 5562 1957 5619 talium
1987 5563 2354 5654 explicatione
2397 5572 2685 5667 auctorum
2717 5573 2774 5618 et
2805 5561 3008 5667 Graecae
3046 5558 3573 5667 litteraturrt‘rad‘i-

261 5659 414 5714 tione
443 5655 796 5728 occupatus?
834 5654 880 5710 Ο
912 5655 1242 5720 mirandam,
1270 5671 1341 5710 ne
1377 5655 1554 5711 dicam
1595 5657 1986 5724 miserandam,
2029 5666 2361 5730 temporum,
2393 5656 2702 5712 animorum
2754 5667 2809 5712 et
2837 5655 3145 5761 studiorum
3187 5655 3572 5761 commilitio”-

260 5756 425 5808 ueml
455 5750 633 5824 Cujus
655 5765 854 5808 causas
883 5751 1014 5806 alibi
1053 5750 1383 5822 investigare
1410 5749 1598 5806 licebit
1619 5753 1987 5824 opportunius
2014 5767 2078 5808 ac
2096 5750 2517 5808 liberius.Nunc
2541 5759 2722 5807 autem
2743 5747 3036 5852 segnitiem
3067 5754 3229 5852 atque

261 5854 510 5902 nostram
539 5853 754 5900 tantum
789 5843 1085 5914 deplorare
1118 5843 1297 5906 liceat,
1332 5843 1376 5897 si
1411 5842 1494 5897 vel
1539 5843 1645 5900 hac
1687 5845 1896 5901 ratione
1935 5845 1988 5899 in
2021 5845 2310 5916 juventute
2335 5853 2544 5910 nostra,
2601 5857 2716 5911 qua
2743 5842 2794 5896 iu
2825 5840 3020 5895 litteris
3047 5838 3113 5894 ad
3149 5851 3300 5907 ερθηι
3332 5833 3570 5906 διίιιυιιω

511 5941 792 6004 Ριτιιοι.
837 5939 959 6000 Gn.
1008 5936 1342 5998 LXXVIII.

3159 5931 3193 5994 '4
