4118 6398
571 367 674 432 107
1668 348 2231 414 PROLEGOMENA
2270 347 2474 408 EDlT.
2505 345 2748 406 PARIS.
3745 338 3847 406 108

571 480 782 551 reipub.
816 487 870 534 et
909 475 1159 532 Ecclesia:
1205 472 1488 534 educatur,
1516 469 1727 538 aliquos
1769 464 1984 536 pristini
2031 461 2241 518 ardoris
2275 460 2543 532 igniculos
2580 457 2929 522 resuscitare,
2961 455 3076 513 sive
3108 469 3170 514 ut
3201 457 3516 514 Crtecorum
3544 457 3847 528 elegantis-

571 578 712 632 simo
748 585 868 630 utar
898 574 1085 636 verbo,
1119 565 1790 639 ἁναζωπυρεῖνροεεὶιηυε.
1823 561 1896 616 De
1944 574 2067 613 meo
2110 574 2197 630 erg

2219 574 2236 611 ι
2278 558 2410 612 istas
2437 556 2670 620 litteras,
2701 554 2901 624 quibus
2930 553 3241 608 humanitas
3280 553 3462 608 omnis
3510 561 3845 617 continetur,

573 681 759 724 amore
804 675 1068 739 perpetuo
1117 664 1296 719 dicam
1344 661 1582 732 parcius.
1629 655 1858 710 Multum
1891 651 2066 716 volui;
2121 664 2312 721 parum
2347 648 2499 720 potui
2527 647 2593 701 ad
2621 647 2834 702 illarum
2871 645 3311 716 propagationem
3343 645 3615 700 conferre.
3646 645 3848 698 Partim

583 765 729 820 enim
763 761 964 834 ingenii
998 769 1053 816 et
1081 757 1408 814 valetudinis
1432 753 1803 817 mediocritas,
1839 749 1924 806 vel
1958 748 2141 820 potius
2173 746 2454 814 utriusque
2487 744 2745 806 tenuitas,
2773 743 3062 797 conatibus
3100 741 3346 798 honestis
3389 741 3622 804 obstitit,
3654 741 3851 810 partim

584 831 902 914 cccasion—es
928 852 1243 912 defuerunt,
1273 847 1471 920 partim
1507 845 1740 914 denique
1759 843 1862 896 alia
1895 841 2097 905 studia,
2131 840 2198 893 ab
2245 837 2350 892 illis
2379 853 2490 892 non
2517 851 2709 907 parum
2737 843 2944 889 remota
2972 844 3135 904 atque
3181 850 3368 887 aversa
3417 848 3506 888 me
3540 831 3687 886 velut
3726 832 3856 886 abs-

575 956 881 1007 traxerunt.
906 945 974 1001 Et
997 945 1074 1000 vel
1106 945 1187 999 sic
1215 952 1396 996 tamen
1415 955 1525 994 non
1545 938 1774 1009 pmnitet
1799 941 2321 1006 prorsus,quantum
2355 931 2444 986 hic
2474 945 2657 1000 Operae
2686 929 2868 999 posui,
2892 928 2934 982 si
2956 945 3062 983 non
3097 937 3149 982 et
3171 943 3350 997 operae
3367 927 3602 996 pretium
3636 927 3854 997 aliquod

575 1043 697 1099 ieci.
718 1041 964 1097 Isidorus
993 1037 1294 1092 Pelusiotes
1329 1032 1548 1104 quidem
1577 1030 1707 1100 quid
1730 1036 2065 1099 quantumve
2105 1027 2266 1082 nobis
2289 1025 2503 1087 debeat,
2529 1023 2645 1092 ipse
2682 1021 2864 1094 potius
2893 1023 3169 1093 loquatur.
3199 1023 3264 1076 Et
3294 1021 3548 1090 loquetur
3577 1036 3710 1077 sane
3753 1023 3857 1076 hoc

574 1134 753 1203 ipsum
805 1130 1029 1192 diserte,
1061 1128 1105 1183 si
1138 1127 1255 1181 lucc
1283 1134 1467 1178 nostra
1499 1121 1666 1176 editio
1700 1136 1822 1176 cum
1859 1119 2103 1173 Parisina
2135 1117 2423 1174 clarissimi
2450 1115 2586 1168 Billii
2619 1114 2950 1170 conferatur.
2985 1116 3140 1170 Dicet
3174 1115 3342 1180 enim,
3375 1129 3436 1168 se
3462 1131 3579 1168 mea
3612 1113 3854 1183 primum

577 1224 913 1296 benignitate
942 1221 1065 1292 plus
1090 1235 1252 1290 quam
1283 1215 1537 1272 ducentis
1565 1214 1754 1284 viginti
1785 1214 2029 1282 epistolis
2056 1213 2272 1281 prodire
2300 1209 2629 1274 auctiorem;
2666 1208 2828 1274 dicet,
2857 1207 3104 1278 plurimis
3131 1207 3374 1278 priorum
3397 1205 3558 1260 etiam
3592 1204 3858 1258 librorum

575 1295 724 1371 locis,
747 1317 949 1371 factum
982 1310 1410 1368 emendatiorem
1459 1318 1618 1377 atque
1650 1305 2032 1375 integriorem;
2063 1304 2225 1366 dicet,
2255 1301 2710 1373 interpretatione
2745 1301 2938 1357 Latina
2972 1309 3027 1356 et
3072 1299 3219 1355 notis
3253 1314 3470 1370 quoque
3513 1313 3576 1352 ac
3603 1295 3859 1366 perochis

577 1413 849 1469 redditum
875 1411 1178 1482 planiorem
1212 1407 1276 1462 ad
1299 1401 1740 1474 intelligendmn;
1769 1399 1933 1464 dicet,
1964 1398 2237 1454 indicilms
2268 1399 2471 1453 nostris
2503 1398 2623 1452 usui
2655 1398 2857 1452 factum
2899 1397 3163 1468 aptiorem
3200 1404 3256 1449 et
3294 1393 3636 1448 habiliorem.
3671 1391 3747 1444 Ac
3787 1403 3860 1442 ne

575 1507 699 1572 quis
735 1521 832 1575 per
857 1519 959 1558 nos
985 1519 1079 1558 sua
1103 1502 1263 1556 laude
1299 1510 1352 1553 et
1382 1496 1548 1568 gloria
1583 1494 1956 1556 del‘raudetur,
1994 1507 2096 1546 nec
2126 1491 2199 1546 illi
2244 1492 2330 1546 hic
2372 1493 2633 1547 reticendi
2678 1503 2828 1556 sunt,
2880 1507 3111 1562 quorum
3155 1488 3420 1544 beneﬁcio
3455 1482 3861 1550 manuscriptus

579 1599 668 1656 ille
719 1598 890 1652 codex
937 1593 1282 1650 bibliotheca:
1314 1587 1544 1660 princip.
1583 1585 1777 1640 Bavar.
1826 1583 2028 1638 nostris
2060 1583 2249 1636 usibus
2297 1583 2618 1652 inqtclratus
2666 1594 2767 1638 est.
2801 1585 2852 1639 Id
2895 1596 2951 1638 tu
2987 1583 3226 1653 quidem,
3256 1583 3487 1634 Grntcre
3535 1575 3858 1633 clartssime,

577 1691 688 1760 jam
715 1687 878 1752 nosti,
929 1693 1133 1740 norunt
1168 1683 1330 1737 etiam
1361 1679 1671 1749 complures
1701 1676 1859 1731 amici
1899 1675 2009 1729 alii.
2039 1674 2143 1729 Sed
2187 1676 2405 1744 quando
2450 1676 2562 1730 lure
2593 1676 2842 1746 epistola,
2875 1692 2996 1745 qua:
3023 1685 3078 1729 et
3123 1673 3376 1728 amicitia:
3407 1679 3608 1724 nostra:
3638 1676 3693 1721 et
3722 1665 3864 1736 grati

583 1759 710 1850 erga
740 1778 1026 1848 εὐεργέται
1065 1773 1236 1829 animi
1268 1771 1372 1826 mei
1411 1770 1562 1825 testis
1589 1784 1710 1824 esse
1732 1768 1914 1829 debet,
1953 1783 1983 1822 a
2017 1767 2286 1838 pluribus,
2318 1768 2779 1836 quemadmodum
2833 1784 3013 1838 spero,
3047 1769 3255 1837 legetur
3299 1781 3406 1819 una
3439 1779 3561 1820 cum
3595 1762 3714 1832 ipso
3759 1759 3862 1814 lsi-

575 1873 744 1937 doro;
775 1871 951 1923 sciant
987 1867 1060 1921 illi
1096 1881 1331 1936 quoque,
1362 1861 1453 1932 qui
1479 1871 1639 1916 antea
1682 1861 2022 1927 nesciebant,
2059 1860 2203 1930 quod
2231 1876 2326 1917 eos
2357 1863 2498 1917 scire
2533 1863 2762 1917 interest
2797 1878 2932 1917 meae
2959 1863 3081 1916 ﬁdei
3105 1869 3162 1938 tu,
3185 1856 3634 1928 εὐγνιιῳοσύνης,
3672 1851 3863 1907 deberi

579 1966 738 2020 istius
771 1963 1022 2019 beneﬁcii
1048 1963 1276 2034 gratiam
1310 1960 1440 2014 viris
1471 1959 1776 2030 magniﬁcis
1803 1966 1965 2026 atque
1993 1958 2374 2028 amplissimis,
2407 1957 2588 2013 Marco
2623 1959 2865 2022 Vclsero,
2898 1960 3032 2029 reip.
3059 1958 3289 2028 August.
3322 1956 3387 2019 ll,
3421 1954 3559 2014 viro.
3589 1963 3641 2006 et
3663 1948 3864 2006 Joanni

577 2058 810 2129 Georgio
838 2055 1143 2110 llervuarto
1177 2053 1246 2108 ab
1277 2052 1639 2124 llohenburg,
1671 2051 1999 2106 cancellario
2025 2050 2304 2118 Bavarico,
2339 2055 2432 2123 qui
2464 2062 2519 2110 et
2549 2069 2646 2124 per
2688 2053 2897 2106 litteras
2925 2061 2981 2107 et
3016 2068 3112 2120 per
3143 2051 3500 2119 interpretem
3550 2061 3614 2100 ac
3663 2057 3868 2114 proxe-

569 2159 760 2206 netam
790 2157 902 2219 opt.
936 2163 1000 2203 ac
1031 2147 1335 2218 gratiosiss.
1363 2145 1624 2200 Davidem
1679 2145 2054 2200 lloesehelium
2115 2156 2360 2200 nostrum
2415 2161 2446 2200 a
2503 2162 2588 2201 me
2641 2145 2810 2215 rogati
2857 2161 3012 2198 usum
3065 2141 3421 2214 pulcherrimi
3455 2139 3600 2193 illius
3632 2134 3864 2198 codicis,

567 2260 738 2315 quem
775 2241 984 2297 Monaci
1040 2247 1254 2295 exstare
1315 2238 1713 2304 inaudiveram,
1763 2254 1872 2292 non
1904 2237 2150 2292 diﬂiciles
2176 2252 2295 2290 sese
2328 2237 2459 2291 mihi
2495 2236 2868 2304 przebuerunt,
2908 2234 3038 2303 quin
3081 2248 3206 2286 eum
3242 2230 3374 2284 mihi
3406 2230 3475 2283 ab
3507 2228 3766 2282 sereniss.
3813 2233 3871 2280 et

573 2337 786 2390 celsiss.
821 2334 1014 2388 Bavar.
1053 2331 1289 2402 princip.
1323 2331 1702 2399 impetrarent,
1753 2328 1962 2397 μεγάλη
2011 2328 2170 2397 χάρις

2237 2329 2425 2392 ιὺτοῖς,
2457 2335 2515 2380 ut
2545 2326 2822 2381 Theocriti
2857 2326 3020 2380 verba
3062 2327 3153 2380 hic
3187 2324 3380 2378 faciam
3417 2336 3556 2376 mea.
3595 2319 3742 2374 Idem
3775 2316 3863 2371 di-

577 2438 726 2484 ctum
754 2426 874 2480 volo
899 2435 955 2480 et
990 2423 1316 2494 prothymim
1349 2421 1556 2476 clariss.
1596 2431 1650 2474 et
1675 2421 1920 2475 nobiliss.
1956 2421 2060 2475 viri
2093 2420 2263 2490 Marq.
2299 2419 2522 2474 Frehcri
2556 2437 2568 2474 :
2603 2419 2694 2489 qui
2726 2435 2850 2474 cum
2878 2419 3254 2482 intellexisset,
3284 2433 3314 2470 a
3343 2430 3430 2470 me
3447 2415 3678 2468 alterum
3701 2411 3870 2466 etiam

575 2520 876 2578 desiderari
907 2519 1186 2589 exemplar
1219 2515 1476 2572 editionis
1496 2514 1781 2580 Parisinus,
1810 2515 2326 2584 quod'variantibus
2371 2515 2700 2570 lectionibus
2729 2531 2759 2568 a
2802 2530 2889 2568 me
2940 2514 3404 2569 conscribillatum
3444 2527 3600 2565 novre
3635 2509 3872 2578 impres-

577 2613 715 2671 sieni
752 2611 1065 2669 subservire
1101 2610 1390 2680 juberem,
1426 2607 1570 2662 ultro
1605 2606 1680 2671 id,
1712 2623 1818 2676 qua
1855 2616 1938 2662 est
1964 2607 2047 2661 vir
2073 2605 2270 2660 eximia
2301 2606 2664 2676 benignitate,
2697 2605 3011 2676 prolixeque
3045 2605 3178 2660 mihi
3211 2604 3411 2660 obtulit
3447 2613 3612 2672 atque
3640 2615 3872 2656 conces-

578 2709 647 2762 sit
682 2708 872 2762 usibus
902 2704 1060 2759 meis.
1089 2703 1230 2756 Sunt
1259 2701 1424 2755 etiam
1461 2700 1551 2769 qui
1589 2698 1803 2770 signum
1849 2698 2011 2753 nobis
2041 2707 2230 2768 postea
2259 2697 2608 2752 subtulerunt
2641 2697 2708 2751 ad
2738 2697 2881 2752 bene
2907 2698 3240 2767 sperandum
3268 2697 3334 2751 de
3369 2695 3526 2750 novis
3557 2693 3774 2750 auxiliis
3806 2708 3874 2747 ex

577 2801 836 2854 Vaticana
873 2795 1201 2852 bibliotheca
1237 2791 1742 2847 subministrandis.
1775 2789 1852 2845 lbi
1879 2790 2024 2845 enim
2052 2790 2316 2854 plurimas
2360 2790 2524 2843 etiam
2568 2789 2893 2855 ἀνεκδότους
2927 2790 3099 2845 nostri
3131 2789 3372 2845 auctoris
3401 2789 3662 2858 epistolas
3703 2788 3876 2845 latere

578 2895 873 2965 perhibent
899 2891 1192 2955 αὐτόπται,
1215 2903 1320 2943 nec
1349 2903 1544 2943 vanam
1578 2886 1786 2944 faciunt
1815 2886 1997 2940 ﬁdem.
2029 2883 2148 2940 Jam
2172 2885 2317 2940 enim
2353 2885 2707 2954 quarumdam
2733 2885 2966 2940 vidimus
2992 2885 3170 2948 initia,
3201 2901 3322 2955 qua:
3348 2885 3476 2938 inde
3497 2883 3637 2938 And.
3669 2883 3874 2940 Sebet-

581 2997 690 3046 tus,
727 2986 808 3040 vir
837 2982 1090 3045 doctiss.,
1123 2981 1191 3035 de
1215 2980 1542 3050 antiquitate
1579 2980 1727 3034 omni
1764 2989 1820 3035 et
1853 2980 1921 3034 de
1953 2980 2116 3035 rectis
2147 2979 2342 3034 studiis
2377 2989 2492 3049 opt.
2525 2995 2664 3033 mer.
2726 2979 3034 3050 (notissima
3073 2979 3167 3033 tibi
3201 2979 3456 3049 prmdico)
3490 2978 3876 3047 exscripserat.

579 3078 662 3131 llli
693 3092 930 3146 quoque,
965 3074 1056 3127 ubi
1097 3073 1362 3142 promissa
1394 3072 1769 3142 impleverim,
1807 3073 1884 3126 uti
1918 3087 2202 3142 speramus
2231 3071 2548 3141 propediem
2583 3070 2844 3134 facturos,
2878 3081 2934 3126 et
2970 3087 3101 3125 vero
3134 3087 3257 3126 cum
3291 3071 3413 3126 ﬁdei
3445 3087 3558 3126 sum
3583 3078 3694 3123 tum
3745 3069 3876 3124 boni

581 3172 783 3242 publici
818 3187 982 3225 causa
1015 3170 1196 3224 facere
1233 3167 1456 3232 debent,
1493 3167 1676 3223 debita
1719 3168 1875 3223 laude
1906 3168 2189 3238 gratiaque
2225 3167 2451 3222 minime
2480 3166 2899 3222 l‘raudabuntur.
2935 3167 3122 3238 Neque
3170 3167 3317 3238 ipsos
3347 3167 3464 3223 haec
3487 3166 3676 3230 editio,
3709 3180 3877 3236 quam

576 3263 997 3319 Commeliniani
1028 3262 1145 3316 sine
1175 3277 1372 3334 magno
1397 3277 1498 3316 suo
1529 3261 1895 3327 incommodo,
1929 3271 1990 3316 ut
2028 3264 2153 3322 seis,
2187 3263 2398 3316 diutius
2442 3261 2668 3316 diﬂ‘erre
2715 3278 2824 3316 non
2869 3270 3186 3332 potuerunt.
3218 3263 3514 3326 retardare,
3551 3261 3645 3316 sed
3690 3262 3879 3330 potius

584 3361 814 3416 imitare
845 3361 1026 3418 debet,
1060 3367 1117 3412 ut
1149 3374 1270 3428 qure
1299 3357 1443 3412 ultro
1474 3358 1808 3430 perbeuigne
1845 3366 1975 3414 sunt
2018 3359 2269 3428 polliciti,
2297 3375 2406 3413 non
2440 3367 2547 3412 tam
2593 3357 2752 3412 nobis
2782 3373 2946 3428 quam
2980 3357 3191 3427 reipnb.
3219 3357 3545 3412 Christianae
3573 3369 3880 3425 repraesen—

584 3464 722 3509 tent.
751 3454 1000 3523 Accipies
1033 3469 1156 3507 cum
1197 3452 1281 3506 his
1303 3451 1502 3506 litteris
1521 3459 1578 3505 et
1601 3452 1782 3521 operis
1812 3451 2054 3505 universi
2101 3451 2316 3504 titulum
2341 3489 2354 3511 ,
2391 3460 2445 3505 et
2475 3451 2683 3522 aliquot
2718 3450 3107 3505 encomiastica
3143 3452 3340 3521 partim
3368 3449 3608 3504 carmina
3634 3489 3648 3514 ,
3678 3447 3879 3518 partim

581 3543 834 3616 cpistolia
869 3543 1139 3598 clarorum
1171 3542 1436 3607 virorum,
1468 3557 1590 3612 quae
1617 3557 1776 3597 suum
1811 3542 1864 3596 in
1893 3542 2070 3596 locum
2109 3543 2178 3596 ab
2201 3542 2382 3611 operis
2408 3543 2811 3614 typographicis
2841 3543 3032 3597 referri
3055 3543 3301 3613 jubchis.
3691 3586 3710 3609 ,,

655 3636 864 3692 Caetera
894 3652 1014 3706 qua:
1045 3636 1110 3690 ad
1145 3635 1410 3689 lsidorum
1446 3635 1646 3692 idoneo
1674 3636 2146 3692 cohonestandum
2183 3638 2450 3708 prommio
2477 3637 2788 3708 pertinent,
2815 3638 2969 3691 vobis
2997 3654 3144 3692 cura:
3173 3647 3355 3693 erunt.
3392 3641 3684 3695 Meministi
3715 3657 3880 3696 nam-

585 3750 696 3805 que
733 3749 898 3788 omne
953 3732 1298 3802 pontiﬁcium
1327 3733 1774 3803 προσφωνήσεως
1809 3731 2260 3788 Commelinianis
2299 3750 2328 3787 a
2361 3749 2449 3787 me
2483 3733 2878 3802 transcriptum
2915 3749 3057 3787 esse.
3087 3733 3275 3788 Errata
3313 3735 3566 3806 colligere
3605 3745 3661 3790 et
3703 3736 3883 3790 corri-

588 3847 716 3902 gere
747 3832 799 3884 in
825 3829 969 3884 l'uliis
1004 3828 1360 3894 transmissis,
1393 3844 1705 3900 quanquam
1743 3829 1924 3884 statim
1958 3830 2138 3899 aliqua
2167 3829 2382 3900 agnovi,
2425 3845 2533 3882 non
2561 3827 2798 3893 libebat,
2829 3844 2952 3884 cum
2977 3831 3278 3899 prtesertim
3311 3846 3420 3885 non
3455 3833 3637 3886 omnia
3667 3833 3734 3888 ad
3764 3849 3882 3888 ma-

589 3941 721 3980 num
767 3923 1048 3978 haberem.
1089 3921 1275 3991 Itaque
1323 3921 1680 3994 ἁναγνὼστης
1713 3934 1766 3978 et
1795 3923 2215 3994 ἐπανορθωτὴςί

2255 3931 2305 3978 ta
2339 3922 2578 3977 viderint
2605 3938 2714 3992 quo
2749 3932 2908 3992 pacto
2938 3928 3305 3979 emendentur
3329 3968 3342 3988 ,
3377 3935 3432 3980 et
3463 3942 3615 3983 more
3647 3929 3880 3985 solemni

589 4017 658 4070 ad
689 4016 894 4070 calcem
927 4015 1108 4084 operis
1137 4013 1472 4084 rejiciantur.
1497 4015 1608 4073 Nec
1628 4015 1803 4085 plura,
1841 4030 1990 4070 nunc
2014 4015 2236 4084 quidem
2262 4055 2276 4076 ,
2306 4015 2374 4068 de
2401 4014 2607 4069 Isidoro
2637 4022 2846 4070 nostro.
2881 4015 3118 4072 Tantum
3148 4017 3308 4072 bonis
3329 4018 3522 4073 avibus
3547 4019 3797 4087 prodeat,
3828 4029 3884 4076 et

584 4109 738 4164 bono
771 4109 990 4180 publico
1019 4109 1223 4178 pariter
1253 4123 1317 4162 ac
1364 4108 1608 4164 Bonutiis
1637 4109 1889 4179 privatim
1927 4109 2100 4179 prosit
2141 4108 2456 4178 plurimum.
2489 4109 2787 4177 Exspectas
2815 4109 3003 4178 procul
3031 4110 3198 4164 dubio
3229 4110 3358 4164 dum
3390 4111 3624 4166 scribam
3659 4114 3880 4166 tandem

592 4201 757 4254 etiam
783 4201 850 4254 de
882 4199 1170 4270 suppetiis,
1206 4216 1344 4270 quas
1375 4201 1441 4255 ad
1473 4211 1658 4257 vetera
1688 4201 2018 4256 numismata
2053 4211 2256 4262 vestra,
2283 4201 2481 4271 quibus
2507 4201 2699 4272 ingens
2724 4201 2856 4256 illud
2885 4213 2939 4257 et
2988 4204 3294 4258 immortale
3347 4221 3486 4274 opus
3522 4206 3880 4274 Antiquarum

595 4295 994 4363 inscriptionum
1035 4295 1368 4365 locupletare
1419 4297 1662 4367 cogitas,
1695 4297 1987 4365 aliquando
2029 4312 2116 4351 me
2159 4297 2256 4351 tibi
2300 4296 2673 4367 Norimberga:
2712 4307 3131 4366 procuraturum
3161 4299 3405 4368 promisi.
3447 4300 3563 4366 Qua
3609 4300 3678 4354 de
3708 4315 3769 4354 re
3801 4301 3880 4356 sic

597 4388 796 4442 habeto
823 4387 985 4453 serio,
1020 4397 1234 4442 exstare
1275 4388 1379 4442 sibi
1414 4387 1555 4458 apud
1593 4386 1742 4440 illum
1777 4403 1940 4456 quem
1975 4403 2140 4457 supra
2179 4387 2393 4442 laudavi
2440 4385 2728 4457 patricium
2772 4389 2948 4440 virum
2983 4388 3302 4442 thesaurum
3337 4389 3564 4444 minime
3597 4390 3878 4460 vulgarem

594 4480 991 4534 numismatum
1045 4491 1295 4536 veterum
1349 4481 1531 4536 omnis
1587 4479 1804 4552 generis
1860 4479 2235 4544 Hebraeorum,
2277 4478 2612 4544 Graecorum,
2641 4479 2979 4542 Latinorum,
3006 4480 3316 4546 consulum,
3343 4497 3654 4548 censorum,
3689 4482 3883 4536 trimu-

594 4573 859 4640 virorum,
895 4574 1310 4644 imperatorum,
1343 4574 1657 4638 Caesarum;
1689 4573 1925 4642 denique
1960 4588 2249 4626 aureorum
2273 4615 2285 4635 .
2315 4584 2695 4644 argenteorum
2719 4615 2731 4636 ,
2765 4587 3061 4627 amcorum.
3095 4571 3342 4640 Cumque
3383 4575 3760 4644 superioribus
3800 4576 3882 4630 l‘e-

597 4665 692 4720 riis
721 4664 928 4720 nostris
959 4665 1027 4720 ad
1053 4665 1220 4722 ﬁnem
1251 4666 1608 4738 vergentibus
1639 4665 2051 4736 Norimbergam
2085 4681 2172 4719 me
2211 4667 2563 4719 contulissem
2589 4706 2603 4728 ,
2647 4674 2702 4721 et
2732 4667 2878 4721 ultro
2906 4667 3113 4736 aliquot
3141 4667 3335 4721 diebus
3363 4667 3593 4738 (decem,
3627 4667 3728 4722 nisi
3771 4667 3877 4721 fal-

597 4755 699 4824 lor)
735 4771 821 4811 me
845 4757 997 4826 quasi
1040 4759 1317 4828 captivmn
1350 4759 1404 4811 in
1433 4757 1577 4810 illam
1614 4757 2096 4812 instructissimam
2153 4756 2541 4812 bibliothecam
2575 4758 2870 4829 benigniss.
2896 4759 3014 4813 heri
3045 4758 3164 4828 eius
3193 4762 3465 4828 permissu
3511 4760 3881 4824 inclusissent,

598 4859 724 4919 post
760 4849 901 4903 hanc
935 4850 1354 4922 perlustratam,
1379 4849 1469 4904 illa
1501 4848 1662 4902 etiam
1695 4849 1953 4919 pleraque
1981 4849 2164 4904 omnia
2197 4849 2250 4903 in
2279 4865 2475 4903 manus
2501 4849 2705 4918 sumpsi
2737 4860 2792 4904 et
2815 4850 3058 4919 inspexi;
3106 4850 3409 4920 periculum
3443 4868 3660 4922 quoque.
3689 4851 3792 4906 feci
3827 4851 3883 4907 in

601 4942 974 4997 deseribcndis
1019 4920 1412 4997 numismatum
1465 4940 1804 5010 singulorum
1841 4942 2178 5012 epigraphis,
2209 4942 2275 4996 ad
2307 4958 2430 4996 eum
2460 4941 2572 4995 fere
2599 4942 2842 5003 modum,
2871 4958 3034 5012 quem
3065 4943 3134 4998 cl.
3162 4942 3228 4997 ν.
3259 4944 3541 5014 Adolphus
3567 4943 3711 4999 Occo
3727 4936 3880 5000 Med.

605 5037 740 5105 Aug.
774 5035 980 5090 amicus
1012 5044 1202 5090 noster
1245 5035 1300 5087 in
1340 5049 1439 5088 suo
1472 5032 1562 5086 illo
1604 5033 1938 5086 cclcbratiss.
1970 5049 2136 5105 Opere
2184 5035 2441 5088 servavit.
2470 5034 2814 5103 Deprehendi
2857 5045 3038 5089 autem
3077 5035 3315 5091 laborem
3356 5037 3521 5101 hunc,
3569 5037 3614 5091 si
3637 5038 3759 5108 quis
3796 5048 3884 5093 to-

603 5138 738 5192 tum,
767 5137 827 5182 ut
851 5143 949 5198 par
973 5133 1077 5190 est,
1117 5125 1406 5180 absolvere
1443 5124 1590 5189 velit,
1621 5139 1730 5176 non
1762 5139 2057 5192 paucorum
2090 5124 2324 5190 dierum,
2363 5123 2458 5178 sed
2486 5125 2692 5194 aliquot
2719 5125 2990 5179 mensium
3020 5125 3156 5181 fore.
3186 5126 3298 5181 Nec
3323 5127 3514 5182 inutile
3542 5128 3726 5194 fuerit,
3754 5144 3884 5182 meo

602 5223 830 5298 judicio,
861 5222 1097 5292 aliquem
1129 5217 1388 5290 pingendi
1425 5217 1688 5271 artiﬁcem
1716 5217 1995 5282 adbibere,
2017 5220 2109 5289 qui
2141 5219 2472 5274 numismata
2496 5219 2704 5292 singula
2742 5219 2882 5290 (qua:
2915 5220 3134 5290 quidem
3181 5221 3420 5275 nondum
3443 5221 3510 5275 ab
3531 5222 3653 5277 aliis
3683 5239 3883 5280 excusa

604 5315 754 5384 sunt)
789 5314 856 5370 ad
889 5314 1094 5378 vivum,
1131 5318 1542 5380 quantaquanta
1574 5319 1723 5374 sunt,
1754 5311 2053 5367 delinearet
2077 5323 2241 5383 atque
2285 5313 2636 5382 exprimeret.
2676 5312 2848 5379 Quam
2883 5312 3102 5382 quidem
3134 5313 3200 5367 ad
3242 5327 3357 5367 rem
3389 5321 3443 5368 et
3478 5324 3730 5385 sumptus
3770 5331 3886 5369 non

620 5424 842 5480 parvus,
869 5416 925 5461 et
955 5416 1172 5474 tempus
1201 5418 1309 5456 non
1339 5403 1618 5475 exiguum,
1650 5411 1705 5458 et
1737 5414 1900 5472 totus,
1927 5414 1988 5459 ut
2019 5406 2097 5460 sic
2138 5406 2314 5461 dicam
2340 5446 2354 5470 ,
2382 5407 2544 5461 homo
2570 5406 2959 5474 requireretur.
2995 5403 3122 5458 Mihi
3163 5420 3294 5460 vero
3321 5421 3424 5460 nec
3465 5407 3772 5461 consultum
3801 5406 3888 5459 vi-

625 5503 856 5558 debatur
881 5541 896 5565 ,
934 5499 1056 5553 sine
1078 5496 1335 5552 mandato
1359 5507 1543 5552 vestro
1571 5498 1624 5551 in
1665 5498 1719 5553 id
1750 5509 2024 5570 sumptum
2052 5499 2253 5570 facere,
2290 5511 2344 5558 et
2371 5501 2436 5556 ad
2457 5501 2711 5555 familiam
2733 5509 2896 5571 atque
2922 5516 3118 5572 operas
3137 5501 3476 5555 academicas
3501 5501 3887 5557 revertendum

610 5603 748 5650 erat.
781 5591 838 5645 Si
862 5589 990 5659 quid
1020 5597 1200 5644 tamen
1232 5588 1286 5641 in
1315 5598 1595 5658 posterum
1629 5590 1713 5644 vel
1743 5591 1886 5661 apud
1923 5591 2073 5646 illum
2106 5592 2380 5664 hospitem
2412 5608 2592 5647 meum
2637 5591 2952 5654 lmhoﬁum,
2976 5592 3063 5647 vel
3095 5593 3237 5663 apud
3261 5591 3463 5647 Bened.
3493 5591 3886 5658 Ammannum,

613 5691 816 5744 aliosve
845 5685 993 5759 (sunt
1019 5684 1164 5739 enim
1205 5685 1388 5754 plures
1422 5685 1476 5740 in
1515 5666 2194 5758 locupletissimaeivitate
2227 5688 2416 5743 talium
2449 5688 2749 5759 κειμηλίων
2776 5703 3141 5758 possessores,
3177 5688 3430 5758 quamvis
3459 5689 3602 5744 alius
3631 5688 3735 5742 alio
3786 5703 3883 5757 pe.-

613 5779 932 5851 euniosior),
960 5789 1052 5834 tuo
1073 5780 1322 5836 instituto
1345 5780 1656 5838 subservire
1689 5789 1882 5853 potero
1911 5781 2074 5838 etiam
2104 5784 2324 5851 absens,
2353 5799 2461 5839 non
2488 5798 2710 5855 parcam
2740 5797 2922 5854 operae
2952 5797 3116 5846 mete;
3144 5796 3246 5836 nec
3269 5796 3442 5852 suam,
3475 5781 3691 5852 Opinor,
3719 5780 3893 5833 dene-
