  <div class='ocr_page' id='page_1' title='image "/cluster/home/n/w/nwhite01/storage/ocr_20150623/78/coo.31924054869791/062.png"; bbox 0 0 4118 6432; ppageno 0'>
   <div class='ocr_carea' id='block_1_1' title="bbox 329 399 3633 476">
    <p class='ocr_par' dir='ltr' id='par_1_1' title="bbox 329 399 3633 476">
     <span class='ocr_line' id='line_1_1' title="bbox 329 399 3633 476; baseline 0.003 -11"><span class='ocrx_word' id='word_1_1' title='bbox 329 399 430 466; x_wconf 81' lang='lat'><strong>109</strong></span> <span class='ocrx_word' id='word_1_2' title='bbox 1465 408 2027 470; x_wconf 74' lang='lat' dir='ltr'><strong>PROLEGOMENA</strong></span> <span class='ocrx_word' id='word_1_3' title='bbox 2067 408 2268 468; x_wconf 88' lang='lat' dir='ltr'><strong>EDIT.</strong></span> <span class='ocrx_word' id='word_1_4' title='bbox 2309 407 2556 469; x_wconf 78' lang='lat' dir='ltr'><strong>PARIS.</strong></span> <span class='ocrx_word' id='word_1_5' title='bbox 3527 409 3633 476; x_wconf 80' lang='grc'><strong>110</strong></span> 
     </span>
    </p>
   </div>
   <div class='ocr_carea' id='block_1_2' title="bbox 325 512 3629 590">
    <p class='ocr_par' dir='ltr' id='par_1_2' title="bbox 325 512 3629 590">
     <span class='ocr_line' id='line_1_2' title="bbox 325 512 3629 590; baseline 0.003 -22"><span class='ocrx_word' id='word_1_6' title='bbox 325 512 470 585; x_wconf 72' lang='lat' dir='ltr'><strong>gsbit</strong></span> <span class='ocrx_word' id='word_1_7' title='bbox 521 512 826 582; x_wconf 74' lang='lat' dir='ltr'><strong>pra-torius</strong></span> <span class='ocrx_word' id='word_1_8' title='bbox 877 521 1096 580; x_wconf 75' lang='lat' dir='ltr'><strong>noster,</strong></span> <span class='ocrx_word' id='word_1_9' title='bbox 1143 531 1306 585; x_wconf 85' lang='lat' dir='ltr'><strong>quem</strong></span> <span class='ocrx_word' id='word_1_10' title='bbox 1342 516 1516 572; x_wconf 80' lang='lat' dir='ltr'><strong>virum</strong></span> <span class='ocrx_word' id='word_1_11' title='bbox 1561 528 1616 573; x_wconf 88' lang='lat' dir='ltr'><strong>et</strong></span> <span class='ocrx_word' id='word_1_12' title='bbox 1665 519 1743 574; x_wconf 89' lang='lat' dir='ltr'><strong>tui</strong></span> <span class='ocrx_word' id='word_1_13' title='bbox 1782 534 1907 573; x_wconf 90' lang='lat' dir='ltr'><strong>cum</strong></span> <span class='ocrx_word' id='word_1_14' title='bbox 1952 517 2146 588; x_wconf 85' lang='lat' dir='ltr'><strong>primis</strong></span> <span class='ocrx_word' id='word_1_15' title='bbox 2181 517 2486 572; x_wconf 87' lang='lat' dir='ltr'><strong>studiosum</strong></span> <span class='ocrx_word' id='word_1_16' title='bbox 2525 523 2688 586; x_wconf 83' lang='lat' dir='ltr'><strong>atque</strong></span> <span class='ocrx_word' id='word_1_17' title='bbox 2734 524 3032 580; x_wconf 84' lang='lat' dir='ltr'><strong>amantem,</strong></span> <span class='ocrx_word' id='word_1_18' title='bbox 3066 523 3122 573; x_wconf 90' lang='lat' dir='ltr'><strong>et</strong></span> <span class='ocrx_word' id='word_1_19' title='bbox 3165 517 3405 590; x_wconf 84' lang='lat' dir='ltr'><strong>alioquin</strong></span> <span class='ocrx_word' id='word_1_20' title='bbox 3447 521 3629 578; x_wconf 85' lang='lat' dir='ltr'><strong>omnis</strong></span> 
     </span>
    </p>
   </div>
   <div class='ocr_carea' id='block_1_3' title="bbox 323 599 3629 684">
    <p class='ocr_par' dir='ltr' id='par_1_3' title="bbox 323 599 3629 684">
     <span class='ocr_line' id='line_1_3' title="bbox 323 599 3629 684; baseline 0.002 -23"><span class='ocrx_word' id='word_1_21' title='bbox 323 605 486 661; x_wconf 77' lang='lat' dir='ltr'><strong>cilicii</strong></span> <span class='ocrx_word' id='word_1_22' title='bbox 527 604 774 676; x_wconf 76' lang='lat' dir='ltr'><strong>ﬁdeique</strong></span> <span class='ocrx_word' id='word_1_23' title='bbox 808 607 1040 679; x_wconf 82' lang='lat' dir='ltr'><strong>plenum</strong></span> <span class='ocrx_word' id='word_1_24' title='bbox 1061 609 1312 682; x_wconf 77' lang='lat' dir='ltr'><strong>cognovi.</strong></span> <span class='ocrx_word' id='word_1_25' title='bbox 1347 611 1514 675; x_wconf 83' lang='lat' dir='ltr'><strong>Vale,</strong></span> <span class='ocrx_word' id='word_1_26' title='bbox 1545 619 1601 666; x_wconf 87' lang='lat' dir='ltr'><strong>et</strong></span> <span class='ocrx_word' id='word_1_27' title='bbox 1631 613 1804 666; x_wconf 86' lang='lat' dir='ltr'><strong>saluta</strong></span> <span class='ocrx_word' id='word_1_28' title='bbox 1834 612 2015 667; x_wconf 79' lang='lat' dir='ltr'><strong>verbis</strong></span> <span class='ocrx_word' id='word_1_29' title='bbox 2062 611 2200 666; x_wconf 88' lang='lat' dir='ltr'><strong>meis</strong></span> <span class='ocrx_word' id='word_1_30' title='bbox 2243 609 2535 666; x_wconf 88' lang='lat' dir='ltr'><strong>Bonutium</strong></span> <span class='ocrx_word' id='word_1_31' title='bbox 2567 617 2623 664; x_wconf 88' lang='lat' dir='ltr'><strong>et</strong></span> <span class='ocrx_word' id='word_1_32' title='bbox 2648 608 3140 679; x_wconf 80' lang='lat' dir='ltr'><strong>Commelinianos,</strong></span> <span class='ocrx_word' id='word_1_33' title='bbox 3170 611 3485 684; x_wconf 87' lang='lat' dir='ltr'><strong>amicosque</strong></span> <span class='ocrx_word' id='word_1_34' title='bbox 3519 599 3629 669; x_wconf 56' lang='lat' dir='ltr'><strong>Eze-</strong></span> 
     </span>
    </p>
   </div>
   <div class='ocr_carea' id='block_1_4' title="bbox 324 706 490 752">
    <p class='ocr_par' dir='ltr' id='par_1_4' title="bbox 324 706 490 752">
     <span class='ocr_line' id='line_1_4' title="bbox 324 706 490 752; baseline 0 -1"><span class='ocrx_word' id='word_1_35' title='bbox 324 706 490 752; x_wconf 79' lang='lat' dir='ltr'><strong>teras.</strong></span> 
     </span>
    </p>
   </div>
   <div class='ocr_carea' id='block_1_5' title="bbox 394 788 2201 866">
    <p class='ocr_par' dir='ltr' id='par_1_5' title="bbox 394 788 2201 866">
     <span class='ocr_line' id='line_1_5' title="bbox 394 788 2201 866; baseline 0.006 -25"><span class='ocrx_word' id='word_1_36' title='bbox 394 788 609 844; x_wconf 71' lang='lat' dir='ltr'><strong>Altorﬂi</strong></span> <span class='ocrx_word' id='word_1_37' title='bbox 637 789 694 844; x_wconf 91' lang='lat' dir='ltr'><strong>in</strong></span> <span class='ocrx_word' id='word_1_38' title='bbox 711 789 868 846; x_wconf 85' lang='lat' dir='ltr'><strong>acad.</strong></span> <span class='ocrx_word' id='word_1_39' title='bbox 899 791 1374 863; x_wconf 77' lang='lat' dir='ltr'><strong>Norimbergensi,</strong></span> <span class='ocrx_word' id='word_1_40' title='bbox 1405 808 1596 850; x_wconf 87' lang='lat' dir='ltr'><strong>mense</strong></span> <span class='ocrx_word' id='word_1_41' title='bbox 1614 795 1858 866; x_wconf 81' lang='lat' dir='ltr'><strong>Augusto</strong></span> <span class='ocrx_word' id='word_1_42' title='bbox 1891 796 2020 852; x_wconf 87' lang='lat' dir='ltr'><strong>anni</strong></span> <span class='ocrx_word' id='word_1_43' title='bbox 2043 812 2201 852; x_wconf 65' lang='grc' dir='ltr'><strong>κυεῖν.</strong></span> 
     </span>
    </p>
   </div>
   <div class='ocr_carea' id='block_1_6' title="bbox 335 993 1187 1003">
    <p class='ocr_par' dir='ltr' id='par_1_6' title="bbox 335 993 1187 1003">
     <span class='ocr_line' id='line_1_6' title="bbox 335 993 1187 1003; baseline -0.004 -1"><span class='ocrx_word' id='word_1_44' title='bbox 335 993 1187 1003; x_wconf 41' lang='grc' dir='ltr'><strong>ε-φῇ-ο-κνε--ο--μ--αυ-</strong></span> 
     </span>
    </p>
   </div>
   <div class='ocr_carea' id='block_1_7' title="bbox 316 1131 3625 1212">
    <p class='ocr_par' dir='ltr' id='par_1_7' title="bbox 316 1131 3625 1212">
     <span class='ocr_line' id='line_1_7' title="bbox 316 1131 3625 1212; baseline 0.004 -18"><span class='ocrx_word' id='word_1_45' title='bbox 316 1133 785 1206; x_wconf 76' lang='lat' dir='ltr'><strong>lllustr&#39;issimo,</strong></span> <span class='ocrx_word' id='word_1_46' title='bbox 845 1132 1474 1212; x_wconf 83' lang='lat' dir='ltr'><strong>clementissimoque</strong></span> <span class='ocrx_word' id='word_1_47' title='bbox 1530 1131 1678 1194; x_wconf 88' lang='lat' dir='ltr'><strong>duci</strong></span> <span class='ocrx_word' id='word_1_48' title='bbox 1723 1149 1796 1195; x_wconf 82' lang='lat' dir='ltr'><strong>ac</strong></span> <span class='ocrx_word' id='word_1_49' title='bbox 1868 1133 2152 1208; x_wconf 87' lang='lat' dir='ltr'><strong>domino,</strong></span> <span class='ocrx_word' id='word_1_50' title='bbox 2206 1137 2549 1198; x_wconf 73' lang='lat' dir='ltr'><strong>annmco</strong></span> <span class='ocrx_word' id='word_1_51' title='bbox 2597 1136 2868 1212; x_wconf 86' lang='lat' dir='ltr'><strong>Juniori,</strong></span> <span class='ocrx_word' id='word_1_52' title='bbox 2927 1139 3144 1201; x_wconf 86' lang='lat' dir='ltr'><strong>comiti</strong></span> <span class='ocrx_word' id='word_1_53' title='bbox 3197 1141 3480 1206; x_wconf 81' lang='lat' dir='ltr'><strong>Palatino</strong></span> <span class='ocrx_word' id='word_1_54' title='bbox 3543 1143 3625 1209; x_wconf 76' lang='lat' dir='ltr'><strong>ad</strong></span> 
     </span>
    </p>
   </div>
   <div class='ocr_carea' id='block_1_8' title="bbox 1020 1231 2965 1314">
    <p class='ocr_par' dir='ltr' id='par_1_8' title="bbox 1020 1231 2965 1314">
     <span class='ocr_line' id='line_1_8' title="bbox 1020 1231 2965 1314; baseline 0.002 -22"><span class='ocrx_word' id='word_1_55' title='bbox 1020 1231 1342 1306; x_wconf 84' lang='lat' dir='ltr'><strong>Rhenum,</strong></span> <span class='ocrx_word' id='word_1_56' title='bbox 1371 1231 1544 1294; x_wconf 89' lang='lat' dir='ltr'><strong>bono</strong></span> <span class='ocrx_word' id='word_1_57' title='bbox 1573 1231 1849 1311; x_wconf 89' lang='lat' dir='ltr'><strong>reipubl.</strong></span> <span class='ocrx_word' id='word_1_58' title='bbox 1883 1237 2053 1305; x_wconf 84' lang='lat' dir='ltr'><strong>nato,</strong></span> <span class='ocrx_word' id='word_1_59' title='bbox 2077 1232 2428 1312; x_wconf 82' lang='lat' dir='ltr'><strong>juventutis</strong></span> <span class='ocrx_word' id='word_1_60' title='bbox 2456 1233 2730 1314; x_wconf 88' lang='lat' dir='ltr'><strong>principi</strong></span> <span class='ocrx_word' id='word_1_61' title='bbox 2751 1234 2965 1299; x_wconf 89' lang='lat' dir='ltr'><strong>unico.</strong></span> 
     </span>
    </p>
   </div>
   <div class='ocr_carea' id='block_1_9' title="bbox 386 1397 3622 1470">
    <p class='ocr_par' dir='ltr' id='par_1_9' title="bbox 386 1397 3622 1470">
     <span class='ocr_line' id='line_1_9' title="bbox 386 1397 3622 1470; baseline 0.002 -18"><span class='ocrx_word' id='word_1_62' title='bbox 386 1397 711 1467; x_wconf 72' lang='lat' dir='ltr'><strong>Opportune</strong></span> <span class='ocrx_word' id='word_1_63' title='bbox 749 1397 955 1451; x_wconf 78' lang='lat' dir='ltr'><strong>Isidoro</strong></span> <span class='ocrx_word' id='word_1_64' title='bbox 1000 1397 1248 1450; x_wconf 80' lang='lat' dir='ltr'><strong>ultimam</strong></span> <span class='ocrx_word' id='word_1_65' title='bbox 1302 1397 1578 1464; x_wconf 90' lang='lat' dir='ltr'><strong>imponunt</strong></span> <span class='ocrx_word' id='word_1_66' title='bbox 1610 1412 1829 1450; x_wconf 89' lang='lat' dir='ltr'><strong>manum</strong></span> <span class='ocrx_word' id='word_1_67' title='bbox 1858 1397 2192 1468; x_wconf 82' lang='lat' dir='ltr'><strong>tqpographi,</strong></span> <span class='ocrx_word' id='word_1_68' title='bbox 2226 1412 2328 1465; x_wconf 89' lang='lat' dir='ltr'><strong>quo</strong></span> <span class='ocrx_word' id='word_1_69' title='bbox 2374 1405 2488 1462; x_wconf 87' lang='lat' dir='ltr'><strong>post</strong></span> <span class='ocrx_word' id='word_1_70' title='bbox 2527 1397 2724 1470; x_wconf 75' lang='lat' dir='ltr'><strong>biennii</strong></span> <span class='ocrx_word' id='word_1_71' title='bbox 2759 1415 3033 1464; x_wconf 76' lang='lat' dir='ltr'><strong>secessum,</strong></span> <span class='ocrx_word' id='word_1_72' title='bbox 3064 1416 3092 1454; x_wconf 91' lang='lat' dir='ltr'><strong><em>e</em></strong></span> <span class='ocrx_word' id='word_1_73' title='bbox 3114 1400 3306 1470; x_wconf 75' lang='lat' dir='ltr'><strong>finibus</strong></span> <span class='ocrx_word' id='word_1_74' title='bbox 3334 1401 3524 1459; x_wconf 78' lang='lat' dir='ltr'><strong>Gallice</strong></span> <span class='ocrx_word' id='word_1_75' title='bbox 3554 1407 3622 1460; x_wconf 82' lang='lat' dir='ltr'><strong>ad</strong></span> 
     </span>
    </p>
   </div>
   <div class='ocr_carea' id='block_1_10' title="bbox 316 1485 3626 1565">
    <p class='ocr_par' dir='ltr' id='par_1_10' title="bbox 316 1485 3626 1565">
     <span class='ocr_line' id='line_1_10' title="bbox 316 1485 3626 1565; baseline 0.002 -20"><span class='ocrx_word' id='word_1_76' title='bbox 316 1499 432 1546; x_wconf 83' lang='lat' dir='ltr'><strong>tuos</strong></span> <span class='ocrx_word' id='word_1_77' title='bbox 479 1493 652 1556; x_wconf 83' lang='lat' dir='ltr'><strong>redis,</strong></span> <span class='ocrx_word' id='word_1_78' title='bbox 702 1491 1157 1546; x_wconf 82' lang='lat' dir='ltr'><strong>desideratissime</strong></span> <span class='ocrx_word' id='word_1_79' title='bbox 1203 1488 1521 1558; x_wconf 79' lang='lat' dir='ltr'><strong>principum.</strong></span> <span class='ocrx_word' id='word_1_80' title='bbox 1576 1485 1780 1558; x_wconf 85' lang='lat' dir='ltr'><strong>Nempe</strong></span> <span class='ocrx_word' id='word_1_81' title='bbox 1825 1505 1946 1542; x_wconf 84' lang='lat' dir='ltr'><strong>cum</strong></span> <span class='ocrx_word' id='word_1_82' title='bbox 1981 1489 2150 1542; x_wconf 89' lang='lat' dir='ltr'><strong>omnis</strong></span> <span class='ocrx_word' id='word_1_83' title='bbox 2178 1498 2331 1554; x_wconf 73' lang='lat' dir='ltr'><strong>tetas,</strong></span> <span class='ocrx_word' id='word_1_84' title='bbox 2355 1491 2525 1544; x_wconf 89' lang='lat' dir='ltr'><strong>omnis</strong></span> <span class='ocrx_word' id='word_1_85' title='bbox 2551 1491 2680 1545; x_wconf 82' lang='lat' dir='ltr'><strong>ordo</strong></span> <span class='ocrx_word' id='word_1_86' title='bbox 2710 1493 2765 1546; x_wconf 90' lang='lat' dir='ltr'><strong>in</strong></span> <span class='ocrx_word' id='word_1_87' title='bbox 2813 1492 3077 1562; x_wconf 89' lang='lat' dir='ltr'><strong>publicum</strong></span> <span class='ocrx_word' id='word_1_88' title='bbox 3104 1495 3313 1565; x_wconf 74' lang='lat' dir='ltr'><strong>eﬂ&#39;usus,</strong></span> <span class='ocrx_word' id='word_1_89' title='bbox 3343 1497 3626 1553; x_wconf 81' lang='lat' dir='ltr'><strong>adventum</strong></span> 
     </span>
    </p>
   </div>
   <div class='ocr_carea' id='block_1_11' title="bbox 314 1581 3627 1660">
    <p class='ocr_par' dir='ltr' id='par_1_11' title="bbox 314 1581 3627 1660">
     <span class='ocr_line' id='line_1_11' title="bbox 314 1581 3627 1660; baseline 0.003 -24"><span class='ocrx_word' id='word_1_90' title='bbox 314 1594 486 1648; x_wconf 77' lang='lat' dir='ltr'><strong>tuum,</strong></span> <span class='ocrx_word' id='word_1_91' title='bbox 520 1595 790 1656; x_wconf 84' lang='lat' dir='ltr'><strong>tanquam</strong></span> <span class='ocrx_word' id='word_1_92' title='bbox 822 1584 956 1638; x_wconf 83' lang='lat' dir='ltr'><strong>clari</strong></span> <span class='ocrx_word' id='word_1_93' title='bbox 989 1601 1055 1637; x_wconf 89' lang='lat' dir='ltr'><strong>ac</strong></span> <span class='ocrx_word' id='word_1_94' title='bbox 1095 1581 1352 1637; x_wconf 88' lang='lat' dir='ltr'><strong>salutaris</strong></span> <span class='ocrx_word' id='word_1_95' title='bbox 1369 1582 1579 1646; x_wconf 86' lang='lat' dir='ltr'><strong>sideris,</strong></span> <span class='ocrx_word' id='word_1_96' title='bbox 1611 1581 1736 1635; x_wconf 82' lang='lat' dir='ltr'><strong>bene</strong></span> <span class='ocrx_word' id='word_1_97' title='bbox 1765 1581 2016 1635; x_wconf 89' lang='lat' dir='ltr'><strong>ominatis</strong></span> <span class='ocrx_word' id='word_1_98' title='bbox 2039 1581 2486 1651; x_wconf 75' lang='lat' dir='ltr'><strong>gratulationibus</strong></span> <span class='ocrx_word' id='word_1_99' title='bbox 2518 1591 2678 1654; x_wconf 83' lang='lat' dir='ltr'><strong>atque</strong></span> <span class='ocrx_word' id='word_1_100' title='bbox 2700 1585 3174 1642; x_wconf 89' lang='lat' dir='ltr'><strong>declamationibus</strong></span> <span class='ocrx_word' id='word_1_101' title='bbox 3208 1591 3469 1659; x_wconf 63' lang='lat' dir='ltr'><strong>excipiat,</strong></span> <span class='ocrx_word' id='word_1_102' title='bbox 3497 1592 3627 1660; x_wconf 84' lang='lat' dir='ltr'><strong>jure</strong></span> 
     </span>
    </p>
   </div>
   <div class='ocr_carea' id='block_1_12' title="bbox 309 1674 3626 1758">
    <p class='ocr_par' dir='ltr' id='par_1_12' title="bbox 309 1674 3626 1758">
     <span class='ocr_line' id='line_1_12' title="bbox 309 1674 3626 1758; baseline 0.003 -28"><span class='ocrx_word' id='word_1_103' title='bbox 309 1685 359 1730; x_wconf 89' lang='lat' dir='ltr'><strong>et</strong></span> <span class='ocrx_word' id='word_1_104' title='bbox 386 1693 482 1730; x_wconf 85' lang='lat' dir='ltr'><strong>nos</strong></span> <span class='ocrx_word' id='word_1_105' title='bbox 503 1694 721 1748; x_wconf 83' lang='lat' dir='ltr'><strong>quoque</strong></span> <span class='ocrx_word' id='word_1_106' title='bbox 743 1676 1106 1732; x_wconf 86' lang='lat' dir='ltr'><strong>submittimus</strong></span> <span class='ocrx_word' id='word_1_107' title='bbox 1135 1675 1304 1729; x_wconf 88' lang='lat' dir='ltr'><strong>animi</strong></span> <span class='ocrx_word' id='word_1_108' title='bbox 1323 1676 1489 1730; x_wconf 82' lang='lat' dir='ltr'><strong>nostri</strong></span> <span class='ocrx_word' id='word_1_109' title='bbox 1519 1674 1818 1746; x_wconf 78' lang='lat' dir='ltr'><strong>lcetitiwque</strong></span> <span class='ocrx_word' id='word_1_110' title='bbox 1853 1676 2100 1741; x_wconf 83' lang='lat' dir='ltr'><strong>indicem,</strong></span> <span class='ocrx_word' id='word_1_111' title='bbox 2133 1675 2455 1732; x_wconf 87' lang='lat' dir='ltr'><strong>Pelusiotam</strong></span> <span class='ocrx_word' id='word_1_112' title='bbox 2487 1679 2626 1734; x_wconf 90' lang='lat' dir='ltr'><strong>hunc</strong></span> <span class='ocrx_word' id='word_1_113' title='bbox 2655 1681 2988 1752; x_wconf 75' lang='lat' dir='ltr'><strong>episcopum;</strong></span> <span class='ocrx_word' id='word_1_114' title='bbox 3031 1683 3122 1754; x_wconf 96' lang='lat' dir='ltr'><strong>qui</strong></span> <span class='ocrx_word' id='word_1_115' title='bbox 3157 1683 3279 1753; x_wconf 88' lang='lat' dir='ltr'><strong>jam</strong></span> <span class='ocrx_word' id='word_1_116' title='bbox 3326 1701 3463 1739; x_wconf 89' lang='lat' dir='ltr'><strong>nunc</strong></span> <span class='ocrx_word' id='word_1_117' title='bbox 3509 1685 3626 1758; x_wconf 82' lang='lat' dir='ltr'><strong>pri-</strong></span> 
     </span>
    </p>
   </div>
   <div class='ocr_carea' id='block_1_13' title="bbox 311 1768 3625 1848">
    <p class='ocr_par' dir='ltr' id='par_1_13' title="bbox 311 1768 3625 1848">
     <span class='ocr_line' id='line_1_13' title="bbox 311 1768 3625 1848; baseline 0.002 -22"><span class='ocrx_word' id='word_1_118' title='bbox 311 1788 456 1826; x_wconf 68' lang='lat' dir='ltr'><strong>mum</strong></span> <span class='ocrx_word' id='word_1_119' title='bbox 495 1780 660 1839; x_wconf 89' lang='lat' dir='ltr'><strong>parte</strong></span> <span class='ocrx_word' id='word_1_120' title='bbox 705 1773 790 1825; x_wconf 86' lang='lat' dir='ltr'><strong>sui</strong></span> <span class='ocrx_word' id='word_1_121' title='bbox 835 1780 1032 1843; x_wconf 87' lang='lat' dir='ltr'><strong>quarta</strong></span> <span class='ocrx_word' id='word_1_122' title='bbox 1063 1771 1339 1842; x_wconf 85' lang='lat' dir='ltr'><strong>integrior,</strong></span> <span class='ocrx_word' id='word_1_123' title='bbox 1367 1777 1578 1823; x_wconf 88' lang='lat' dir='ltr'><strong>tantum</strong></span> <span class='ocrx_word' id='word_1_124' title='bbox 1608 1783 1711 1821; x_wconf 88' lang='lat' dir='ltr'><strong>non</strong></span> <span class='ocrx_word' id='word_1_125' title='bbox 1737 1768 2011 1831; x_wconf 75' lang='lat' dir='ltr'><strong>vocaliter,</strong></span> <span class='ocrx_word' id='word_1_126' title='bbox 2047 1778 2096 1823; x_wconf 90' lang='lat' dir='ltr'><strong>et</strong></span> <span class='ocrx_word' id='word_1_127' title='bbox 2127 1771 2564 1840; x_wconf 85' lang='lat' dir='ltr'><strong>ﬂorentissimum</strong></span> <span class='ocrx_word' id='word_1_128' title='bbox 2587 1773 2883 1843; x_wconf 87' lang='lat' dir='ltr'><strong>juventutis</strong></span> <span class='ocrx_word' id='word_1_129' title='bbox 2908 1776 3198 1846; x_wconf 80' lang='lat' dir='ltr'><strong>principem</strong></span> <span class='ocrx_word' id='word_1_130' title='bbox 3225 1778 3418 1848; x_wconf 84' lang='lat' dir='ltr'><strong>faustis</strong></span> <span class='ocrx_word' id='word_1_131' title='bbox 3442 1795 3625 1846; x_wconf 86' lang='lat' dir='ltr'><strong>prose-</strong></span> 
     </span>
    </p>
   </div>
   <div class='ocr_carea' id='block_1_14' title="bbox 309 1863 3627 1943">
    <p class='ocr_par' dir='ltr' id='par_1_14' title="bbox 309 1863 3627 1943">
     <span class='ocr_line' id='line_1_14' title="bbox 309 1863 3627 1943; baseline 0.002 -23"><span class='ocrx_word' id='word_1_132' title='bbox 309 1876 511 1937; x_wconf 79' lang='lat' dir='ltr'><strong>quatur</strong></span> <span class='ocrx_word' id='word_1_133' title='bbox 539 1867 836 1932; x_wconf 81' lang='lat' dir='ltr'><strong>ominibus,</strong></span> <span class='ocrx_word' id='word_1_134' title='bbox 877 1877 928 1921; x_wconf 88' lang='lat' dir='ltr'><strong>et</strong></span> <span class='ocrx_word' id='word_1_135' title='bbox 959 1866 1145 1923; x_wconf 79' lang='lat' dir='ltr'><strong>Crteca</strong></span> <span class='ocrx_word' id='word_1_136' title='bbox 1197 1877 1454 1936; x_wconf 68' lang='lat' dir='ltr'><strong>praeterea</strong></span> <span class='ocrx_word' id='word_1_137' title='bbox 1485 1863 1804 1928; x_wconf 76' lang='lat' dir='ltr'><strong>vernilitate,</strong></span> <span class='ocrx_word' id='word_1_138' title='bbox 1841 1863 2064 1933; x_wconf 87' lang='lat' dir='ltr'><strong>desuper</strong></span> <span class='ocrx_word' id='word_1_139' title='bbox 2091 1866 2148 1918; x_wconf 89' lang='lat' dir='ltr'><strong>in</strong></span> <span class='ocrx_word' id='word_1_140' title='bbox 2194 1865 2425 1934; x_wconf 89' lang='lat' dir='ltr'><strong>lepidum</strong></span> <span class='ocrx_word' id='word_1_141' title='bbox 2478 1876 2639 1936; x_wconf 90' lang='lat' dir='ltr'><strong>caput</strong></span> <span class='ocrx_word' id='word_1_142' title='bbox 2682 1867 2798 1937; x_wconf 86' lang='lat' dir='ltr'><strong>ejus</strong></span> <span class='ocrx_word' id='word_1_143' title='bbox 2827 1885 2892 1922; x_wconf 90' lang='lat' dir='ltr'><strong>ac</strong></span> <span class='ocrx_word' id='word_1_144' title='bbox 2931 1870 3107 1925; x_wconf 89' lang='lat' dir='ltr'><strong>sinum</strong></span> <span class='ocrx_word' id='word_1_145' title='bbox 3134 1873 3372 1943; x_wconf 90' lang='lat' dir='ltr'><strong>invergat</strong></span> <span class='ocrx_word' id='word_1_146' title='bbox 3414 1873 3627 1928; x_wconf 79' lang='lat' dir='ltr'><strong>uberem</strong></span> 
     </span>
    </p>
   </div>
   <div class='ocr_carea' id='block_1_15' title="bbox 307 1956 3624 2034">
    <p class='ocr_par' dir='ltr' id='par_1_15' title="bbox 307 1956 3624 2034">
     <span class='ocr_line' id='line_1_15' title="bbox 307 1956 3624 2034; baseline 0.002 -19"><span class='ocrx_word' id='word_1_147' title='bbox 307 1971 818 2015; x_wconf 69' lang='lat' dir='ltr'><strong>ceronamcntorum</strong></span> <span class='ocrx_word' id='word_1_148' title='bbox 852 1959 1085 2028; x_wconf 87' lang='lat' dir='ltr'><strong>copiam.</strong></span> <span class='ocrx_word' id='word_1_149' title='bbox 1117 1957 1386 2012; x_wconf 80' lang='lat' dir='ltr'><strong>Nimirum</strong></span> <span class='ocrx_word' id='word_1_150' title='bbox 1417 1956 1526 2010; x_wconf 87' lang='lat' dir='ltr'><strong>viso</strong></span> <span class='ocrx_word' id='word_1_151' title='bbox 1559 1963 1774 2009; x_wconf 69' lang='lat' dir='ltr'><strong>caeteros</strong></span> <span class='ocrx_word' id='word_1_152' title='bbox 1806 1956 2100 2025; x_wconf 89' lang='lat' dir='ltr'><strong>(occasione</strong></span> <span class='ocrx_word' id='word_1_153' title='bbox 2124 1959 2272 2013; x_wconf 90' lang='lat' dir='ltr'><strong>verni</strong></span> <span class='ocrx_word' id='word_1_154' title='bbox 2301 1959 2548 2031; x_wconf 85' lang='lat' dir='ltr'><strong>auspicii)</strong></span> <span class='ocrx_word' id='word_1_155' title='bbox 2585 1962 2723 2016; x_wconf 88' lang='lat' dir='ltr'><strong>inter</strong></span> <span class='ocrx_word' id='word_1_156' title='bbox 2761 1962 2874 2018; x_wconf 90' lang='lat' dir='ltr'><strong>alia</strong></span> <span class='ocrx_word' id='word_1_157' title='bbox 2915 1970 3114 2020; x_wconf 80' lang='lat' dir='ltr'><strong>devotce</strong></span> <span class='ocrx_word' id='word_1_158' title='bbox 3143 1967 3334 2020; x_wconf 88' lang='lat' dir='ltr'><strong>mentis</strong></span> <span class='ocrx_word' id='word_1_159' title='bbox 3379 1983 3624 2034; x_wconf 86' lang='lat' dir='ltr'><strong>munera,</strong></span> 
     </span>
    </p>
   </div>
   <div class='ocr_carea' id='block_1_16' title="bbox 307 2051 3628 2130">
    <p class='ocr_par' dir='ltr' id='par_1_16' title="bbox 307 2051 3628 2130">
     <span class='ocr_line' id='line_1_16' title="bbox 307 2051 3628 2130; baseline 0.002 -20"><span class='ocrx_word' id='word_1_160' title='bbox 307 2073 562 2127; x_wconf 73' lang='lat' dir='ltr'><strong>oggerere</strong></span> <span class='ocrx_word' id='word_1_161' title='bbox 591 2057 764 2109; x_wconf 85' lang='lat' dir='ltr'><strong>etiam</strong></span> <span class='ocrx_word' id='word_1_162' title='bbox 793 2054 1103 2123; x_wconf 87' lang='lat' dir='ltr'><strong>ephemeras</strong></span> <span class='ocrx_word' id='word_1_163' title='bbox 1129 2054 1321 2122; x_wconf 80' lang='lat' dir='ltr'><strong>florum</strong></span> <span class='ocrx_word' id='word_1_164' title='bbox 1347 2051 1590 2114; x_wconf 86' lang='lat' dir='ltr'><strong>delicias,</strong></span> <span class='ocrx_word' id='word_1_165' title='bbox 1652 2051 1842 2104; x_wconf 88' lang='lat' dir='ltr'><strong>merito</strong></span> <span class='ocrx_word' id='word_1_166' title='bbox 1870 2051 2166 2106; x_wconf 82' lang='lat' dir='ltr'><strong>arbitratur</strong></span> <span class='ocrx_word' id='word_1_167' title='bbox 2197 2062 2374 2123; x_wconf 87' lang='lat' dir='ltr'><strong>gratos</strong></span> <span class='ocrx_word' id='word_1_168' title='bbox 2412 2055 2505 2109; x_wconf 92' lang='lat' dir='ltr'><strong>tibi</strong></span> <span class='ocrx_word' id='word_1_169' title='bbox 2545 2056 2667 2110; x_wconf 84' lang='lat' dir='ltr'><strong>item</strong></span> <span class='ocrx_word' id='word_1_170' title='bbox 2696 2068 3036 2128; x_wconf 82' lang='lat' dir='ltr'><strong>acceptosque</strong></span> <span class='ocrx_word' id='word_1_171' title='bbox 3055 2059 3167 2130; x_wconf 88' lang='lat' dir='ltr'><strong>fore</strong></span> <span class='ocrx_word' id='word_1_172' title='bbox 3198 2059 3394 2113; x_wconf 89' lang='lat' dir='ltr'><strong>colores</strong></span> <span class='ocrx_word' id='word_1_173' title='bbox 3412 2059 3628 2115; x_wconf 88' lang='lat' dir='ltr'><strong>odores-</strong></span> 
     </span>
    </p>
   </div>
   <div class='ocr_carea' id='block_1_17' title="bbox 308 2143 3627 2221">
    <p class='ocr_par' dir='ltr' id='par_1_17' title="bbox 308 2143 3627 2221">
     <span class='ocr_line' id='line_1_17' title="bbox 308 2143 3627 2221; baseline 0.002 -22"><span class='ocrx_word' id='word_1_174' title='bbox 308 2164 410 2217; x_wconf 76' lang='grc' dir='ltr'><strong>ιιι-ιε</strong></span> <span class='ocrx_word' id='word_1_175' title='bbox 457 2151 806 2216; x_wconf 79' lang='lat' dir='ltr'><strong>depromptos</strong></span> <span class='ocrx_word' id='word_1_176' title='bbox 852 2163 880 2198; x_wconf 90' lang='lat' dir='ltr'><strong>e</strong></span> <span class='ocrx_word' id='word_1_177' title='bbox 903 2162 1074 2200; x_wconf 74' lang='lat' dir='ltr'><strong>sacra:</strong></span> <span class='ocrx_word' id='word_1_178' title='bbox 1109 2145 1386 2214; x_wconf 77' lang='lat' dir='ltr'><strong>sapientia:</strong></span> <span class='ocrx_word' id='word_1_179' title='bbox 1415 2143 1581 2198; x_wconf 83' lang='lat' dir='ltr'><strong>hortis</strong></span> <span class='ocrx_word' id='word_1_180' title='bbox 1607 2185 1621 2210; x_wconf 92' lang='lat'><strong>,</strong></span> <span class='ocrx_word' id='word_1_181' title='bbox 1655 2146 1950 2212; x_wconf 65' lang='lat' dir='ltr'><strong>praesertim</strong></span> <span class='ocrx_word' id='word_1_182' title='bbox 1985 2162 2104 2200; x_wconf 88' lang='lat' dir='ltr'><strong>cum</strong></span> <span class='ocrx_word' id='word_1_183' title='bbox 2139 2148 2252 2216; x_wconf 87' lang='lat' dir='ltr'><strong>ejus</strong></span> <span class='ocrx_word' id='word_1_184' title='bbox 2277 2149 2383 2202; x_wconf 88' lang='lat' dir='ltr'><strong>sint</strong></span> <span class='ocrx_word' id='word_1_185' title='bbox 2410 2150 2572 2220; x_wconf 87' lang='lat' dir='ltr'><strong>genii,</strong></span> <span class='ocrx_word' id='word_1_186' title='bbox 2604 2159 2660 2204; x_wconf 92' lang='lat' dir='ltr'><strong>ut</strong></span> <span class='ocrx_word' id='word_1_187' title='bbox 2701 2167 2805 2206; x_wconf 87' lang='lat' dir='ltr'><strong>non</strong></span> <span class='ocrx_word' id='word_1_188' title='bbox 2831 2152 2987 2206; x_wconf 90' lang='lat' dir='ltr'><strong>modo</strong></span> <span class='ocrx_word' id='word_1_189' title='bbox 3020 2167 3124 2206; x_wconf 90' lang='lat' dir='ltr'><strong>non</strong></span> <span class='ocrx_word' id='word_1_190' title='bbox 3153 2151 3480 2221; x_wconf 78' lang='lat' dir='ltr'><strong>obsoleﬁant,</strong></span> <span class='ocrx_word' id='word_1_191' title='bbox 3521 2169 3627 2206; x_wconf 87' lang='lat' dir='ltr'><strong>non</strong></span> 
     </span>
    </p>
   </div>
   <div class='ocr_carea' id='block_1_18' title="bbox 311 2236 3625 2317">
    <p class='ocr_par' dir='ltr' id='par_1_18' title="bbox 311 2236 3625 2317">
     <span class='ocr_line' id='line_1_18' title="bbox 311 2236 3625 2317; baseline 0.003 -26"><span class='ocrx_word' id='word_1_192' title='bbox 311 2247 667 2303; x_wconf 75' lang='lat' dir='ltr'><strong>marcescant,</strong></span> <span class='ocrx_word' id='word_1_193' title='bbox 704 2247 802 2291; x_wconf 86' lang='lat' dir='ltr'><strong>aut</strong></span> <span class='ocrx_word' id='word_1_194' title='bbox 834 2254 931 2291; x_wconf 89' lang='lat' dir='ltr'><strong>usu</strong></span> <span class='ocrx_word' id='word_1_195' title='bbox 963 2246 1058 2291; x_wconf 89' lang='lat' dir='ltr'><strong>aut</strong></span> <span class='ocrx_word' id='word_1_196' title='bbox 1084 2245 1335 2306; x_wconf 88' lang='lat' dir='ltr'><strong>tempore.</strong></span> <span class='ocrx_word' id='word_1_197' title='bbox 1367 2237 1459 2290; x_wconf 88' lang='lat' dir='ltr'><strong>sed</strong></span> <span class='ocrx_word' id='word_1_198' title='bbox 1487 2236 1610 2290; x_wconf 88' lang='lat' dir='ltr'><strong>inde</strong></span> <span class='ocrx_word' id='word_1_199' title='bbox 1635 2236 1968 2306; x_wconf 87' lang='lat' dir='ltr'><strong>potissimum</strong></span> <span class='ocrx_word' id='word_1_200' title='bbox 2015 2247 2230 2293; x_wconf 80' lang='lat' dir='ltr'><strong>sumant</strong></span> <span class='ocrx_word' id='word_1_201' title='bbox 2281 2240 2470 2296; x_wconf 89' lang='lat' dir='ltr'><strong>coloris</strong></span> <span class='ocrx_word' id='word_1_202' title='bbox 2519 2243 2797 2314; x_wconf 88' lang='lat' dir='ltr'><strong>odorisque</strong></span> <span class='ocrx_word' id='word_1_203' title='bbox 2837 2245 3215 2315; x_wconf 87' lang='lat' dir='ltr'><strong>fragrantioris</strong></span> <span class='ocrx_word' id='word_1_204' title='bbox 3245 2256 3625 2317; x_wconf 82' lang='lat' dir='ltr'><strong>augmentum;</strong></span> 
     </span>
    </p>
   </div>
   <div class='ocr_carea' id='block_1_19' title="bbox 311 2328 3626 2411">
    <p class='ocr_par' dir='ltr' id='par_1_19' title="bbox 311 2328 3626 2411">
     <span class='ocr_line' id='line_1_19' title="bbox 311 2328 3626 2411; baseline 0.003 -28"><span class='ocrx_word' id='word_1_205' title='bbox 311 2329 523 2401; x_wconf 81' lang='lat' dir='ltr'><strong>ejusque</strong></span> <span class='ocrx_word' id='word_1_206' title='bbox 561 2342 830 2401; x_wconf 69' lang='lat' dir='ltr'><strong>p-mterea</strong></span> <span class='ocrx_word' id='word_1_207' title='bbox 873 2331 1094 2402; x_wconf 81' lang='lat' dir='ltr'><strong>ingenii,</strong></span> <span class='ocrx_word' id='word_1_208' title='bbox 1145 2339 1199 2384; x_wconf 90' lang='lat' dir='ltr'><strong>ut</strong></span> <span class='ocrx_word' id='word_1_209' title='bbox 1246 2345 1350 2383; x_wconf 88' lang='lat' dir='ltr'><strong>non</strong></span> <span class='ocrx_word' id='word_1_210' title='bbox 1401 2328 1713 2398; x_wconf 84' lang='lat' dir='ltr'><strong>simpliciter</strong></span> <span class='ocrx_word' id='word_1_211' title='bbox 1744 2339 1956 2385; x_wconf 88' lang='lat' dir='ltr'><strong>tantum</strong></span> <span class='ocrx_word' id='word_1_212' title='bbox 1985 2331 2334 2386; x_wconf 83' lang='lat' dir='ltr'><strong>blandiantur</strong></span> <span class='ocrx_word' id='word_1_213' title='bbox 2363 2335 2548 2401; x_wconf 87' lang='lat' dir='ltr'><strong>oculis,</strong></span> <span class='ocrx_word' id='word_1_214' title='bbox 2582 2335 2944 2392; x_wconf 89' lang='lat' dir='ltr'><strong>lenocinentur</strong></span> <span class='ocrx_word' id='word_1_215' title='bbox 2971 2339 3211 2406; x_wconf 86' lang='lat' dir='ltr'><strong>naribus,</strong></span> <span class='ocrx_word' id='word_1_216' title='bbox 3235 2356 3412 2394; x_wconf 89' lang='lat' dir='ltr'><strong>verum</strong></span> <span class='ocrx_word' id='word_1_217' title='bbox 3435 2349 3485 2394; x_wconf 90' lang='lat' dir='ltr'><strong>et</strong></span> <span class='ocrx_word' id='word_1_218' title='bbox 3523 2335 3626 2411; x_wconf 74' lang='lat' dir='ltr'><strong>ipsi</strong></span> 
     </span>
    </p>
   </div>
   <div class='ocr_carea' id='block_1_20' title="bbox 315 2422 3624 2504">
    <p class='ocr_par' dir='ltr' id='par_1_20' title="bbox 315 2422 3624 2504">
     <span class='ocr_line' id='line_1_20' title="bbox 315 2422 3624 2504; baseline 0.002 -27"><span class='ocrx_word' id='word_1_219' title='bbox 315 2425 493 2477; x_wconf 72' lang='lat' dir='ltr'><strong>animo</strong></span> <span class='ocrx_word' id='word_1_220' title='bbox 523 2433 572 2476; x_wconf 83' lang='lat' dir='ltr'><strong>et</strong></span> <span class='ocrx_word' id='word_1_221' title='bbox 603 2423 712 2491; x_wconf 87' lang='lat' dir='ltr'><strong>ipsi</strong></span> <span class='ocrx_word' id='word_1_222' title='bbox 738 2423 941 2492; x_wconf 81' lang='lat' dir='ltr'><strong>pectori</strong></span> <span class='ocrx_word' id='word_1_223' title='bbox 966 2422 1266 2477; x_wconf 85' lang='lat' dir='ltr'><strong>salutarem</strong></span> <span class='ocrx_word' id='word_1_224' title='bbox 1297 2423 1400 2476; x_wconf 85' lang='lat' dir='ltr'><strong>vim</strong></span> <span class='ocrx_word' id='word_1_225' title='bbox 1434 2423 1823 2476; x_wconf 87' lang='lat' dir='ltr'><strong>communicent</strong></span> <span class='ocrx_word' id='word_1_226' title='bbox 1848 2463 1863 2488; x_wconf 90' lang='lat'><strong>,</strong></span> <span class='ocrx_word' id='word_1_227' title='bbox 1888 2439 1994 2492; x_wconf 91' lang='lat' dir='ltr'><strong>quo</strong></span> <span class='ocrx_word' id='word_1_228' title='bbox 2025 2424 2179 2478; x_wconf 87' lang='lat' dir='ltr'><strong>citius</strong></span> <span class='ocrx_word' id='word_1_229' title='bbox 2205 2427 2322 2495; x_wconf 85' lang='lat' dir='ltr'><strong>quis</strong></span> <span class='ocrx_word' id='word_1_230' title='bbox 2357 2443 2421 2480; x_wconf 87' lang='lat' dir='ltr'><strong>ac</strong></span> <span class='ocrx_word' id='word_1_231' title='bbox 2461 2429 2626 2482; x_wconf 84' lang='lat' dir='ltr'><strong>tutius</strong></span> <span class='ocrx_word' id='word_1_232' title='bbox 2659 2439 2946 2500; x_wconf 82' lang='lat' dir='ltr'><strong>grassetur,</strong></span> <span class='ocrx_word' id='word_1_233' title='bbox 2977 2447 3071 2498; x_wconf 88' lang='lat' dir='ltr'><strong>per</strong></span> <span class='ocrx_word' id='word_1_234' title='bbox 3098 2431 3310 2486; x_wconf 88' lang='lat' dir='ltr'><strong>virtutis</strong></span> <span class='ocrx_word' id='word_1_235' title='bbox 3340 2441 3500 2504; x_wconf 87' lang='lat' dir='ltr'><strong>atque</strong></span> <span class='ocrx_word' id='word_1_236' title='bbox 3526 2433 3624 2484; x_wconf 79' lang='lat' dir='ltr'><strong>ho-</strong></span> 
     </span>
    </p>
   </div>
   <div class='ocr_carea' id='block_1_21' title="bbox 323 2515 3622 2596">
    <p class='ocr_par' dir='ltr' id='par_1_21' title="bbox 323 2515 3622 2596">
     <span class='ocr_line' id='line_1_21' title="bbox 323 2515 3622 2596; baseline 0.002 -24"><span class='ocrx_word' id='word_1_237' title='bbox 323 2520 462 2572; x_wconf 86' lang='lat' dir='ltr'><strong>noris</strong></span> <span class='ocrx_word' id='word_1_238' title='bbox 486 2519 699 2588; x_wconf 85' lang='lat' dir='ltr'><strong>templa,</strong></span> <span class='ocrx_word' id='word_1_239' title='bbox 720 2525 796 2573; x_wconf 87' lang='lat' dir='ltr'><strong>ad</strong></span> <span class='ocrx_word' id='word_1_240' title='bbox 821 2519 1178 2574; x_wconf 74' lang='lat' dir='ltr'><strong>(eternitatem</strong></span> <span class='ocrx_word' id='word_1_241' title='bbox 1209 2533 1226 2571; x_wconf 94' lang='lat'><em>:</em></span> <span class='ocrx_word' id='word_1_242' title='bbox 1257 2534 1374 2587; x_wconf 71' lang='lat' dir='ltr'><strong>qua:</strong></span> <span class='ocrx_word' id='word_1_243' title='bbox 1394 2518 1533 2588; x_wconf 89' lang='lat' dir='ltr'><strong>ipsa,</strong></span> <span class='ocrx_word' id='word_1_244' title='bbox 1559 2517 1814 2587; x_wconf 85' lang='lat' dir='ltr'><strong>quoniam</strong></span> <span class='ocrx_word' id='word_1_245' title='bbox 1839 2515 1973 2572; x_wconf 86' lang='lat' dir='ltr'><strong>nulli</strong></span> <span class='ocrx_word' id='word_1_246' title='bbox 1994 2533 2096 2571; x_wconf 90' lang='lat' dir='ltr'><strong>non</strong></span> <span class='ocrx_word' id='word_1_247' title='bbox 2113 2520 2258 2573; x_wconf 62' lang='lat' dir='ltr'><strong>aetati</strong></span> <span class='ocrx_word' id='word_1_248' title='bbox 2274 2530 2523 2588; x_wconf 88' lang='lat' dir='ltr'><strong>perpetuo</strong></span> <span class='ocrx_word' id='word_1_249' title='bbox 2543 2538 2654 2576; x_wconf 84' lang='lat' dir='ltr'><strong>esse</strong></span> <span class='ocrx_word' id='word_1_250' title='bbox 2681 2521 2828 2576; x_wconf 82' lang='lat' dir='ltr'><strong>debet</strong></span> <span class='ocrx_word' id='word_1_251' title='bbox 2848 2532 2973 2576; x_wconf 88' lang='lat' dir='ltr'><strong>ante</strong></span> <span class='ocrx_word' id='word_1_252' title='bbox 2993 2523 3198 2590; x_wconf 87' lang='lat' dir='ltr'><strong>oculos;</strong></span> <span class='ocrx_word' id='word_1_253' title='bbox 3227 2525 3424 2596; x_wconf 77' lang='lat' dir='ltr'><strong>fecerit,</strong></span> <span class='ocrx_word' id='word_1_254' title='bbox 3449 2542 3622 2596; x_wconf 89' lang='lat' dir='ltr'><strong>spero,</strong></span> 
     </span>
    </p>
   </div>
   <div class='ocr_carea' id='block_1_22' title="bbox 317 2605 3622 2684">
    <p class='ocr_par' dir='ltr' id='par_1_22' title="bbox 317 2605 3622 2684">
     <span class='ocr_line' id='line_1_22' title="bbox 317 2605 3622 2684; baseline 0 -18"><span class='ocrx_word' id='word_1_255' title='bbox 317 2613 583 2667; x_wconf 71' lang='lat' dir='ltr'><strong>senexiste</strong></span> <span class='ocrx_word' id='word_1_256' title='bbox 607 2620 796 2664; x_wconf 86' lang='lat' dir='ltr'><strong>noster</strong></span> <span class='ocrx_word' id='word_1_257' title='bbox 826 2610 1063 2680; x_wconf 84' lang='lat' dir='ltr'><strong>pretium</strong></span> <span class='ocrx_word' id='word_1_258' title='bbox 1081 2623 1194 2662; x_wconf 73' lang='lat' dir='ltr'><strong>sua:</strong></span> <span class='ocrx_word' id='word_1_259' title='bbox 1219 2623 1390 2675; x_wconf 75' lang='lat' dir='ltr'><strong>operte</strong></span> <span class='ocrx_word' id='word_1_260' title='bbox 1421 2623 1439 2660; x_wconf 92' lang='lat'><strong><em>:</em></strong></span> <span class='ocrx_word' id='word_1_261' title='bbox 1471 2615 1620 2660; x_wconf 88' lang='lat' dir='ltr'><strong>tanto</strong></span> <span class='ocrx_word' id='word_1_262' title='bbox 1655 2605 1865 2676; x_wconf 85' lang='lat' dir='ltr'><strong>quidem</strong></span> <span class='ocrx_word' id='word_1_263' title='bbox 1895 2607 2084 2677; x_wconf 87' lang='lat' dir='ltr'><strong>magis,</strong></span> <span class='ocrx_word' id='word_1_264' title='bbox 2121 2608 2262 2677; x_wconf 91' lang='lat' dir='ltr'><strong>quod</strong></span> <span class='ocrx_word' id='word_1_265' title='bbox 2283 2617 2332 2661; x_wconf 89' lang='lat' dir='ltr'><strong>et</strong></span> <span class='ocrx_word' id='word_1_266' title='bbox 2371 2609 2415 2660; x_wconf 89' lang='lat' dir='ltr'><strong>is</strong></span> <span class='ocrx_word' id='word_1_267' title='bbox 2443 2609 2658 2677; x_wconf 83' lang='lat' dir='ltr'><strong>insuper</strong></span> <span class='ocrx_word' id='word_1_268' title='bbox 2687 2625 2743 2663; x_wconf 89' lang='lat' dir='ltr'><strong>se</strong></span> <span class='ocrx_word' id='word_1_269' title='bbox 2765 2617 2933 2664; x_wconf 87' lang='lat' dir='ltr'><strong>totum</strong></span> <span class='ocrx_word' id='word_1_270' title='bbox 2963 2611 3056 2664; x_wconf 90' lang='lat' dir='ltr'><strong>tibi</strong></span> <span class='ocrx_word' id='word_1_271' title='bbox 3087 2619 3268 2666; x_wconf 90' lang='lat' dir='ltr'><strong>voveat</strong></span> <span class='ocrx_word' id='word_1_272' title='bbox 3294 2612 3622 2684; x_wconf 85' lang='lat' dir='ltr'><strong>dedicetque,</strong></span> 
     </span>
    </p>
   </div>
   <div class='ocr_carea' id='block_1_23' title="bbox 314 2701 3626 2778">
    <p class='ocr_par' dir='ltr' id='par_1_23' title="bbox 314 2701 3626 2778">
     <span class='ocr_line' id='line_1_23' title="bbox 314 2701 3626 2778; baseline 0.001 -17"><span class='ocrx_word' id='word_1_273' title='bbox 314 2709 468 2762; x_wconf 78' lang='lat' dir='ltr'><strong>unius</strong></span> <span class='ocrx_word' id='word_1_274' title='bbox 497 2709 574 2762; x_wconf 87' lang='lat' dir='ltr'><strong>tui</strong></span> <span class='ocrx_word' id='word_1_275' title='bbox 600 2705 956 2761; x_wconf 83' lang='lat' dir='ltr'><strong>contubernio</strong></span> <span class='ocrx_word' id='word_1_276' title='bbox 1005 2705 1362 2758; x_wconf 67' lang='lat' dir='ltr'><strong>adhaerescere</strong></span> <span class='ocrx_word' id='word_1_277' title='bbox 1404 2702 1648 2772; x_wconf 89' lang='lat' dir='ltr'><strong>deinceps</strong></span> <span class='ocrx_word' id='word_1_278' title='bbox 1686 2701 2078 2770; x_wconf 83' lang='lat' dir='ltr'><strong>cupidissimus.</strong></span> <span class='ocrx_word' id='word_1_279' title='bbox 2112 2701 2280 2772; x_wconf 89' lang='lat' dir='ltr'><strong>quue</strong></span> <span class='ocrx_word' id='word_1_280' title='bbox 2332 2719 2391 2756; x_wconf 89' lang='lat' dir='ltr'><strong>eo</strong></span> <span class='ocrx_word' id='word_1_281' title='bbox 2437 2704 2565 2774; x_wconf 80' lang='lat' dir='ltr'><strong>facit</strong></span> <span class='ocrx_word' id='word_1_282' title='bbox 2598 2705 2960 2774; x_wconf 78' lang='lat' dir='ltr'><strong>conﬁdentius,</strong></span> <span class='ocrx_word' id='word_1_283' title='bbox 2999 2707 3138 2778; x_wconf 87' lang='lat' dir='ltr'><strong>quod</strong></span> <span class='ocrx_word' id='word_1_284' title='bbox 3173 2709 3470 2764; x_wconf 80' lang='lat' dir='ltr'><strong>meminerit</strong></span> <span class='ocrx_word' id='word_1_285' title='bbox 3503 2721 3626 2765; x_wconf 75' lang='lat' dir='ltr'><strong>ante</strong></span> 
     </span>
    </p>
   </div>
   <div class='ocr_carea' id='block_1_24' title="bbox 304 2797 3626 2874">
    <p class='ocr_par' dir='ltr' id='par_1_24' title="bbox 304 2797 3626 2874">
     <span class='ocr_line' id='line_1_24' title="bbox 304 2797 3626 2874; baseline 0 -15"><span class='ocrx_word' id='word_1_286' title='bbox 304 2821 508 2874; x_wconf 77' lang='lat' dir='ltr'><strong>paucas</strong></span> <span class='ocrx_word' id='word_1_287' title='bbox 535 2819 812 2858; x_wconf 86' lang='lat' dir='ltr'><strong>annorum</strong></span> <span class='ocrx_word' id='word_1_288' title='bbox 837 2797 1390 2865; x_wconf 88' lang='lat' dir='ltr'><strong>hebdomadas,_haud</strong></span> <span class='ocrx_word' id='word_1_289' title='bbox 1411 2798 1613 2868; x_wconf 83' lang='lat' dir='ltr'><strong>frustra</strong></span> <span class='ocrx_word' id='word_1_290' title='bbox 1645 2798 2070 2851; x_wconf 89' lang='lat' dir='ltr'><strong>commendatum</strong></span> <span class='ocrx_word' id='word_1_291' title='bbox 2092 2797 2255 2868; x_wconf 87' lang='lat' dir='ltr'><strong>fuisse</strong></span> <span class='ocrx_word' id='word_1_292' title='bbox 2286 2799 2584 2865; x_wconf 87' lang='lat' dir='ltr'><strong>patrocinio</strong></span> <span class='ocrx_word' id='word_1_293' title='bbox 2611 2801 2792 2871; x_wconf 88' lang='lat' dir='ltr'><strong>magni</strong></span> <span class='ocrx_word' id='word_1_294' title='bbox 2826 2801 2974 2856; x_wconf 89' lang='lat' dir='ltr'><strong>illius</strong></span> <span class='ocrx_word' id='word_1_295' title='bbox 3007 2805 3290 2874; x_wconf 86' lang='lat' dir='ltr'><strong>propatrui</strong></span> <span class='ocrx_word' id='word_1_296' title='bbox 3345 2806 3425 2860; x_wconf 89' lang='lat' dir='ltr'><strong>tui</strong></span> <span class='ocrx_word' id='word_1_297' title='bbox 3463 2805 3626 2862; x_wconf 85' lang='lat' dir='ltr'><strong>Joan-</strong></span> 
     </span>
    </p>
   </div>
   <div class='ocr_carea' id='block_1_25' title="bbox 304 2891 3624 2966">
    <p class='ocr_par' dir='ltr' id='par_1_25' title="bbox 304 2891 3624 2966">
     <span class='ocr_line' id='line_1_25' title="bbox 304 2891 3624 2966; baseline 0.001 -13"><span class='ocrx_word' id='word_1_298' title='bbox 304 2903 388 2954; x_wconf 80' lang='lat' dir='ltr'><strong>nis</strong></span> <span class='ocrx_word' id='word_1_299' title='bbox 414 2897 696 2958; x_wconf 86' lang='lat' dir='ltr'><strong>Casimiri,</strong></span> <span class='ocrx_word' id='word_1_300' title='bbox 729 2894 989 2966; x_wconf 86' lang='lat' dir='ltr'><strong>principis</strong></span> <span class='ocrx_word' id='word_1_301' title='bbox 1020 2892 1288 2947; x_wconf 71' lang='lat' dir='ltr'><strong>memoria:</strong></span> <span class='ocrx_word' id='word_1_302' title='bbox 1313 2907 1586 2962; x_wconf 84' lang='lat' dir='ltr'><strong>nunquam</strong></span> <span class='ocrx_word' id='word_1_303' title='bbox 1621 2891 1954 2956; x_wconf 82' lang='lat' dir='ltr'><strong>interiturce,</strong></span> <span class='ocrx_word' id='word_1_304' title='bbox 1986 2901 2366 2958; x_wconf 72' lang='lat' dir='ltr'><strong>pt&#39;wceptorem</strong></span> <span class='ocrx_word' id='word_1_305' title='bbox 2405 2907 2562 2946; x_wconf 86' lang='lat' dir='ltr'><strong>suum</strong></span> <span class='ocrx_word' id='word_1_306' title='bbox 2599 2891 2667 2947; x_wconf 85' lang='grc' dir='ltr'><strong>Ι).</strong></span> <span class='ocrx_word' id='word_1_307' title='bbox 2702 2895 3148 2965; x_wconf 77' lang='lat' dir='ltr'><strong>Chrysostomum.</strong></span> <span class='ocrx_word' id='word_1_308' title='bbox 3179 2895 3402 2966; x_wconf 80' lang='lat' dir='ltr'><strong>Quippe,</strong></span> <span class='ocrx_word' id='word_1_309' title='bbox 3433 2900 3480 2954; x_wconf 91' lang='lat' dir='ltr'><strong>si</strong></span> <span class='ocrx_word' id='word_1_310' title='bbox 3519 2916 3624 2955; x_wconf 79' lang='lat' dir='ltr'><strong>non</strong></span> 
     </span>
    </p>
   </div>
   <div class='ocr_carea' id='block_1_26' title="bbox 301 2981 3624 3058">
    <p class='ocr_par' dir='ltr' id='par_1_26' title="bbox 301 2981 3624 3058">
     <span class='ocr_line' id='line_1_26' title="bbox 301 2981 3624 3058; baseline 0.001 -16"><span class='ocrx_word' id='word_1_311' title='bbox 301 2990 607 3044; x_wconf 71' lang='lat' dir='ltr'><strong>indecenter</strong></span> <span class='ocrx_word' id='word_1_312' title='bbox 635 2997 853 3058; x_wconf 81' lang='lat' dir='ltr'><strong>patrem</strong></span> <span class='ocrx_word' id='word_1_313' title='bbox 897 2985 1149 3054; x_wconf 86' lang='lat' dir='ltr'><strong>sequitur</strong></span> <span class='ocrx_word' id='word_1_314' title='bbox 1185 2998 1280 3036; x_wconf 83' lang='lat' dir='ltr'><strong>sua</strong></span> <span class='ocrx_word' id='word_1_315' title='bbox 1320 2982 1520 3051; x_wconf 82' lang='lat' dir='ltr'><strong>proles,</strong></span> <span class='ocrx_word' id='word_1_316' title='bbox 1555 2981 1739 3035; x_wconf 86' lang='lat' dir='ltr'><strong>decore</strong></span> <span class='ocrx_word' id='word_1_317' title='bbox 1771 2982 1933 3036; x_wconf 87' lang='lat' dir='ltr'><strong>etiam</strong></span> <span class='ocrx_word' id='word_1_318' title='bbox 1975 2981 2250 3038; x_wconf 88' lang='lat' dir='ltr'><strong>allubescit</strong></span> <span class='ocrx_word' id='word_1_319' title='bbox 2297 2983 2520 3054; x_wconf 68' lang='lat' dir='ltr'><strong>familiae</strong></span> <span class='ocrx_word' id='word_1_320' title='bbox 2565 2985 2614 3038; x_wconf 89' lang='lat' dir='ltr'><strong>ei</strong></span> <span class='ocrx_word' id='word_1_321' title='bbox 2647 2987 2956 3056; x_wconf 85' lang='lat' dir='ltr'><strong>discipulus,</strong></span> <span class='ocrx_word' id='word_1_322' title='bbox 2989 2988 3044 3041; x_wconf 88' lang='lat' dir='ltr'><strong>in</strong></span> <span class='ocrx_word' id='word_1_323' title='bbox 3073 3005 3178 3058; x_wconf 89' lang='lat' dir='ltr'><strong>qua</strong></span> <span class='ocrx_word' id='word_1_324' title='bbox 3209 2999 3258 3044; x_wconf 92' lang='lat' dir='ltr'><strong>et</strong></span> <span class='ocrx_word' id='word_1_325' title='bbox 3289 2989 3624 3058; x_wconf 87' lang='lat' dir='ltr'><strong>splendorem</strong></span> 
     </span>
    </p>
   </div>
   <div class='ocr_carea' id='block_1_27' title="bbox 297 3070 3621 3152">
    <p class='ocr_par' dir='ltr' id='par_1_27' title="bbox 297 3070 3621 3152">
     <span class='ocr_line' id='line_1_27' title="bbox 297 3070 3621 3152; baseline 0 -19"><span class='ocrx_word' id='word_1_326' title='bbox 297 3081 496 3136; x_wconf 75' lang='lat' dir='ltr'><strong>invenit</strong></span> <span class='ocrx_word' id='word_1_327' title='bbox 526 3089 580 3134; x_wconf 90' lang='lat' dir='ltr'><strong>et</strong></span> <span class='ocrx_word' id='word_1_328' title='bbox 609 3077 840 3133; x_wconf 86' lang='lat' dir='ltr'><strong>tutelam</strong></span> <span class='ocrx_word' id='word_1_329' title='bbox 877 3077 1132 3147; x_wconf 86' lang='lat' dir='ltr'><strong>magister</strong></span> <span class='ocrx_word' id='word_1_330' title='bbox 1157 3089 1302 3128; x_wconf 86' lang='lat' dir='ltr'><strong>suus.</strong></span> <span class='ocrx_word' id='word_1_331' title='bbox 1327 3071 1494 3138; x_wconf 84' lang='lat' dir='ltr'><strong>Quem</strong></span> <span class='ocrx_word' id='word_1_332' title='bbox 1527 3079 1583 3124; x_wconf 88' lang='lat' dir='ltr'><strong>ut</strong></span> <span class='ocrx_word' id='word_1_333' title='bbox 1614 3081 1662 3125; x_wconf 89' lang='lat' dir='ltr'><strong>et</strong></span> <span class='ocrx_word' id='word_1_334' title='bbox 1693 3072 1804 3141; x_wconf 87' lang='lat' dir='ltr'><strong>ipse</strong></span> <span class='ocrx_word' id='word_1_335' title='bbox 1853 3070 2085 3142; x_wconf 86' lang='lat' dir='ltr'><strong>alicujus</strong></span> <span class='ocrx_word' id='word_1_336' title='bbox 2130 3072 2326 3127; x_wconf 87' lang='lat' dir='ltr'><strong>habeas</strong></span> <span class='ocrx_word' id='word_1_337' title='bbox 2348 3075 2620 3137; x_wconf 90' lang='lat' dir='ltr'><strong>momenti,</strong></span> <span class='ocrx_word' id='word_1_338' title='bbox 2647 3075 2888 3145; x_wconf 84' lang='lat' dir='ltr'><strong>princeps</strong></span> <span class='ocrx_word' id='word_1_339' title='bbox 2917 3076 3296 3146; x_wconf 88' lang='lat' dir='ltr'><strong>illustrissime,</strong></span> <span class='ocrx_word' id='word_1_340' title='bbox 3326 3081 3466 3136; x_wconf 86' lang='lat' dir='ltr'><strong>scias</strong></span> <span class='ocrx_word' id='word_1_341' title='bbox 3493 3098 3621 3152; x_wconf 82' lang='lat' dir='ltr'><strong>pro—</strong></span> 
     </span>
    </p>
   </div>
   <div class='ocr_carea' id='block_1_28' title="bbox 299 3159 3620 3250">
    <p class='ocr_par' dir='ltr' id='par_1_28' title="bbox 299 3159 3620 3250">
     <span class='ocr_line' id='line_1_28' title="bbox 299 3159 3620 3250; baseline -0.001 -22"><span class='ocrx_word' id='word_1_342' title='bbox 299 3172 384 3228; x_wconf 72' lang='lat' dir='ltr'><strong>cul</strong></span> <span class='ocrx_word' id='word_1_343' title='bbox 403 3173 589 3228; x_wconf 80' lang='lat' dir='ltr'><strong>abesse</strong></span> <span class='ocrx_word' id='word_1_344' title='bbox 610 3186 648 3223; x_wconf 81' lang='grc' dir='ltr'><em>α</em></span> <span class='ocrx_word' id='word_1_345' title='bbox 681 3179 908 3240; x_wconf 86' lang='lat' dir='ltr'><strong>contage</strong></span> <span class='ocrx_word' id='word_1_346' title='bbox 939 3174 988 3221; x_wconf 87' lang='lat' dir='ltr'><strong>et</strong></span> <span class='ocrx_word' id='word_1_347' title='bbox 1025 3165 1109 3220; x_wconf 91' lang='lat' dir='ltr'><strong>sui</strong></span> <span class='ocrx_word' id='word_1_348' title='bbox 1137 3163 1265 3218; x_wconf 89' lang='lat' dir='ltr'><strong>olim</strong></span> <span class='ocrx_word' id='word_1_349' title='bbox 1293 3161 1494 3226; x_wconf 66' lang='lat' dir='ltr'><strong>saeculi,</strong></span> <span class='ocrx_word' id='word_1_350' title='bbox 1523 3170 1574 3215; x_wconf 91' lang='lat' dir='ltr'><strong>et</strong></span> <span class='ocrx_word' id='word_1_351' title='bbox 1604 3161 1754 3214; x_wconf 86' lang='lat' dir='ltr'><strong>istius</strong></span> <span class='ocrx_word' id='word_1_352' title='bbox 1785 3161 1980 3222; x_wconf 84' lang='lat' dir='ltr'><strong>nostri;</strong></span> <span class='ocrx_word' id='word_1_353' title='bbox 2021 3159 2182 3215; x_wconf 91' lang='lat' dir='ltr'><strong>talem</strong></span> <span class='ocrx_word' id='word_1_354' title='bbox 2231 3161 2429 3217; x_wconf 89' lang='lat' dir='ltr'><strong>scilicet</strong></span> <span class='ocrx_word' id='word_1_355' title='bbox 2468 3163 2558 3233; x_wconf 89' lang='lat' dir='ltr'><strong>qui</strong></span> <span class='ocrx_word' id='word_1_356' title='bbox 2605 3164 2746 3218; x_wconf 88' lang='lat' dir='ltr'><strong>dicta</strong></span> <span class='ocrx_word' id='word_1_357' title='bbox 2773 3181 2872 3219; x_wconf 88' lang='lat' dir='ltr'><strong>sua</strong></span> <span class='ocrx_word' id='word_1_358' title='bbox 2903 3168 3082 3222; x_wconf 90' lang='lat' dir='ltr'><strong>omnia</strong></span> <span class='ocrx_word' id='word_1_359' title='bbox 3111 3169 3267 3238; x_wconf 87' lang='lat' dir='ltr'><strong>factis</strong></span> <span class='ocrx_word' id='word_1_360' title='bbox 3298 3170 3620 3250; x_wconf 60' lang='lat' dir='ltr'><strong>cohonestet,</strong></span> 
     </span>
    </p>
   </div>
   <div class='ocr_carea' id='block_1_29' title="bbox 299 3254 3622 3338">
    <p class='ocr_par' dir='ltr' id='par_1_29' title="bbox 299 3254 3622 3338">
     <span class='ocr_line' id='line_1_29' title="bbox 299 3254 3622 3338; baseline 0.001 -18"><span class='ocrx_word' id='word_1_361' title='bbox 299 3283 462 3338; x_wconf 74' lang='lat' dir='ltr'><strong>neque</strong></span> <span class='ocrx_word' id='word_1_362' title='bbox 496 3265 670 3318; x_wconf 75' lang='lat' dir='ltr'><strong>aliter</strong></span> <span class='ocrx_word' id='word_1_363' title='bbox 689 3264 835 3317; x_wconf 82' lang='lat' dir='ltr'><strong>vivat</strong></span> <span class='ocrx_word' id='word_1_364' title='bbox 865 3277 1030 3328; x_wconf 89' lang='lat' dir='ltr'><strong>quam</strong></span> <span class='ocrx_word' id='word_1_365' title='bbox 1057 3259 1334 3331; x_wconf 83' lang='lat' dir='ltr'><strong>loquatur;</strong></span> <span class='ocrx_word' id='word_1_366' title='bbox 1366 3256 1456 3328; x_wconf 89' lang='lat' dir='ltr'><strong>qui</strong></span> <span class='ocrx_word' id='word_1_367' title='bbox 1490 3264 1764 3310; x_wconf 87' lang='lat' dir='ltr'><strong>aversatus</strong></span> <span class='ocrx_word' id='word_1_368' title='bbox 1794 3254 2008 3309; x_wconf 87' lang='lat' dir='ltr'><strong>inutiles</strong></span> <span class='ocrx_word' id='word_1_369' title='bbox 2036 3270 2214 3310; x_wconf 89' lang='lat' dir='ltr'><strong>omnes</strong></span> <span class='ocrx_word' id='word_1_370' title='bbox 2247 3273 2405 3326; x_wconf 89' lang='lat' dir='ltr'><strong>super</strong></span> <span class='ocrx_word' id='word_1_371' title='bbox 2425 3257 2678 3329; x_wconf 86' lang='lat' dir='ltr'><strong>religione</strong></span> <span class='ocrx_word' id='word_1_372' title='bbox 2699 3260 3132 3330; x_wconf 75' lang='lat' dir='ltr'><strong>quazstiunculas,</strong></span> <span class='ocrx_word' id='word_1_373' title='bbox 3160 3263 3233 3318; x_wconf 89' lang='lat' dir='ltr'><strong>ad</strong></span> <span class='ocrx_word' id='word_1_374' title='bbox 3273 3263 3443 3320; x_wconf 88' lang='lat' dir='ltr'><strong>solam</strong></span> <span class='ocrx_word' id='word_1_375' title='bbox 3469 3269 3622 3322; x_wconf 83' lang='lat' dir='ltr'><strong>auri-</strong></span> 
     </span>
    </p>
   </div>
   <div class='ocr_carea' id='block_1_30' title="bbox 298 3350 3619 3436">
    <p class='ocr_par' dir='ltr' id='par_1_30' title="bbox 298 3350 3619 3436">
     <span class='ocr_line' id='line_1_30' title="bbox 298 3350 3619 3436; baseline -0.001 -16"><span class='ocrx_word' id='word_1_376' title='bbox 298 3375 447 3436; x_wconf 84' lang='lat' dir='ltr'><strong>getur</strong></span> <span class='ocrx_word' id='word_1_377' title='bbox 470 3364 740 3434; x_wconf 86' lang='lat' dir='ltr'><strong>pietatem</strong></span> <span class='ocrx_word' id='word_1_378' title='bbox 761 3375 828 3412; x_wconf 90' lang='lat' dir='ltr'><strong>ac</strong></span> <span class='ocrx_word' id='word_1_379' title='bbox 850 3359 1130 3421; x_wconf 85' lang='lat' dir='ltr'><strong>virtutem;</strong></span> <span class='ocrx_word' id='word_1_380' title='bbox 1161 3355 1252 3426; x_wconf 90' lang='lat' dir='ltr'><strong>qui</strong></span> <span class='ocrx_word' id='word_1_381' title='bbox 1281 3369 1559 3408; x_wconf 87' lang='lat' dir='ltr'><strong>sacrarum</strong></span> <span class='ocrx_word' id='word_1_382' title='bbox 1595 3351 1922 3433; x_wconf 79' lang='lat' dir='ltr'><strong>Litterarum</strong></span> <span class='ocrx_word' id='word_1_383' title='bbox 1973 3350 2088 3406; x_wconf 88' lang='lat' dir='ltr'><strong>loca</strong></span> <span class='ocrx_word' id='word_1_384' title='bbox 2119 3352 2421 3406; x_wconf 89' lang='lat' dir='ltr'><strong>obscuriora</strong></span> <span class='ocrx_word' id='word_1_385' title='bbox 2455 3353 2691 3423; x_wconf 84' lang='lat' dir='ltr'><strong>inﬁnita,</strong></span> <span class='ocrx_word' id='word_1_386' title='bbox 2722 3355 2896 3410; x_wconf 87' lang='lat' dir='ltr'><strong>sobria</strong></span> <span class='ocrx_word' id='word_1_387' title='bbox 2927 3356 3076 3410; x_wconf 71' lang='lat' dir='ltr'><strong>bona:</strong></span> <span class='ocrx_word' id='word_1_388' title='bbox 3106 3360 3295 3414; x_wconf 85' lang='lat' dir='ltr'><strong>mentis</strong></span> <span class='ocrx_word' id='word_1_389' title='bbox 3323 3371 3372 3414; x_wconf 88' lang='lat' dir='ltr'><strong>et</strong></span> <span class='ocrx_word' id='word_1_390' title='bbox 3395 3363 3619 3420; x_wconf 85' lang='lat' dir='ltr'><strong>rationis</strong></span> 
     </span>
    </p>
   </div>
   <div class='ocr_carea' id='block_1_31' title="bbox 297 3447 3618 3526">
    <p class='ocr_par' dir='ltr' id='par_1_31' title="bbox 297 3447 3618 3526">
     <span class='ocr_line' id='line_1_31' title="bbox 297 3447 3618 3526; baseline 0 -12"><span class='ocrx_word' id='word_1_391' title='bbox 297 3458 410 3514; x_wconf 76' lang='lat' dir='ltr'><strong>luce</strong></span> <span class='ocrx_word' id='word_1_392' title='bbox 437 3459 715 3513; x_wconf 83' lang='lat' dir='ltr'><strong>uberrime</strong></span> <span class='ocrx_word' id='word_1_393' title='bbox 740 3453 1066 3524; x_wconf 83' lang='lat' dir='ltr'><strong>perfundat;</strong></span> <span class='ocrx_word' id='word_1_394' title='bbox 1095 3451 1289 3522; x_wconf 88' lang='lat' dir='ltr'><strong>quique</strong></span> <span class='ocrx_word' id='word_1_395' title='bbox 1321 3450 1438 3505; x_wconf 86' lang='lat' dir='ltr'><strong>ideo</strong></span> <span class='ocrx_word' id='word_1_396' title='bbox 1469 3447 1772 3520; x_wconf 79' lang='lat' dir='ltr'><strong>longissime</strong></span> <span class='ocrx_word' id='word_1_397' title='bbox 1801 3449 2055 3502; x_wconf 85' lang='lat' dir='ltr'><strong>dissideat</strong></span> <span class='ocrx_word' id='word_1_398' title='bbox 2091 3447 2157 3502; x_wconf 88' lang='lat' dir='ltr'><strong>ab</strong></span> <span class='ocrx_word' id='word_1_399' title='bbox 2183 3447 2282 3513; x_wconf 88' lang='lat' dir='ltr'><strong>eis,</strong></span> <span class='ocrx_word' id='word_1_400' title='bbox 2313 3449 2404 3516; x_wconf 82' lang='lat' dir='ltr'><strong>qui</strong></span> <span class='ocrx_word' id='word_1_401' title='bbox 2437 3449 2610 3504; x_wconf 87' lang='lat' dir='ltr'><strong>nescio</strong></span> <span class='ocrx_word' id='word_1_402' title='bbox 2639 3449 2826 3520; x_wconf 87' lang='lat' dir='ltr'><strong>quibus</strong></span> <span class='ocrx_word' id='word_1_403' title='bbox 2849 3453 3242 3508; x_wconf 87' lang='lat' dir='ltr'><strong>contentionum</strong></span> <span class='ocrx_word' id='word_1_404' title='bbox 3266 3458 3494 3526; x_wconf 88' lang='lat' dir='ltr'><strong>strophis</strong></span> <span class='ocrx_word' id='word_1_405' title='bbox 3521 3459 3618 3514; x_wconf 85' lang='lat' dir='ltr'><strong>de-</strong></span> 
     </span>
    </p>
   </div>
   <div class='ocr_carea' id='block_1_32' title="bbox 296 3539 3616 3621">
    <p class='ocr_par' dir='ltr' id='par_1_32' title="bbox 296 3539 3616 3621">
     <span class='ocr_line' id='line_1_32' title="bbox 296 3539 3616 3621; baseline -0.001 -16"><span class='ocrx_word' id='word_1_406' title='bbox 296 3551 415 3617; x_wconf 77' lang='lat' dir='ltr'><strong>diti,</strong></span> <span class='ocrx_word' id='word_1_407' title='bbox 438 3566 615 3621; x_wconf 85' lang='lat' dir='ltr'><strong>neque</strong></span> <span class='ocrx_word' id='word_1_408' title='bbox 649 3546 888 3601; x_wconf 79' lang='lat' dir='ltr'><strong>contenti</strong></span> <span class='ocrx_word' id='word_1_409' title='bbox 917 3543 1100 3598; x_wconf 86' lang='lat' dir='ltr'><strong>ludere</strong></span> <span class='ocrx_word' id='word_1_410' title='bbox 1126 3543 1190 3596; x_wconf 89' lang='lat' dir='ltr'><strong>de</strong></span> <span class='ocrx_word' id='word_1_411' title='bbox 1217 3557 1311 3596; x_wconf 88' lang='lat' dir='ltr'><strong>suo</strong></span> <span class='ocrx_word' id='word_1_412' title='bbox 1338 3541 1498 3605; x_wconf 90' lang='lat' dir='ltr'><strong>corio,</strong></span> <span class='ocrx_word' id='word_1_413' title='bbox 1539 3541 1616 3593; x_wconf 89' lang='lat' dir='ltr'><strong>ita</strong></span> <span class='ocrx_word' id='word_1_414' title='bbox 1653 3555 1797 3611; x_wconf 87' lang='lat' dir='ltr'><strong>reges</strong></span> <span class='ocrx_word' id='word_1_415' title='bbox 1822 3552 1868 3594; x_wconf 83' lang='lat' dir='ltr'><strong>et</strong></span> <span class='ocrx_word' id='word_1_416' title='bbox 1891 3539 2156 3610; x_wconf 88' lang='lat' dir='ltr'><strong>principes</strong></span> <span class='ocrx_word' id='word_1_417' title='bbox 2176 3539 2315 3592; x_wconf 88' lang='lat' dir='ltr'><strong>inter</strong></span> <span class='ocrx_word' id='word_1_418' title='bbox 2330 3555 2384 3593; x_wconf 90' lang='lat' dir='ltr'><strong>se</strong></span> <span class='ocrx_word' id='word_1_419' title='bbox 2417 3539 2770 3606; x_wconf 88' lang='lat' dir='ltr'><strong>committunt,</strong></span> <span class='ocrx_word' id='word_1_420' title='bbox 2804 3543 3044 3596; x_wconf 89' lang='lat' dir='ltr'><strong>nationes</strong></span> <span class='ocrx_word' id='word_1_421' title='bbox 3079 3551 3128 3596; x_wconf 89' lang='lat' dir='ltr'><strong>et</strong></span> <span class='ocrx_word' id='word_1_422' title='bbox 3157 3545 3476 3612; x_wconf 84' lang='lat' dir='ltr'><strong>respublicas</strong></span> <span class='ocrx_word' id='word_1_423' title='bbox 3494 3564 3616 3618; x_wconf 90' lang='lat' dir='ltr'><strong>per-</strong></span> 
     </span>
    </p>
   </div>
   <div class='ocr_carea' id='block_1_33' title="bbox 295 3631 3615 3710">
    <p class='ocr_par' dir='ltr' id='par_1_33' title="bbox 295 3631 3615 3710">
     <span class='ocr_line' id='line_1_33' title="bbox 295 3631 3615 3710; baseline -0.001 -12"><span class='ocrx_word' id='word_1_424' title='bbox 295 3654 529 3710; x_wconf 65' lang='lat' dir='ltr'><strong>vertunt,</strong></span> <span class='ocrx_word' id='word_1_425' title='bbox 554 3655 618 3696; x_wconf 84' lang='lat' dir='ltr'><strong>ut</strong></span> <span class='ocrx_word' id='word_1_426' title='bbox 650 3641 721 3696; x_wconf 85' lang='lat' dir='ltr'><strong>de</strong></span> <span class='ocrx_word' id='word_1_427' title='bbox 744 3656 851 3694; x_wconf 88' lang='lat' dir='ltr'><strong>uno</strong></span> <span class='ocrx_word' id='word_1_428' title='bbox 887 3637 1081 3707; x_wconf 88' lang='lat' dir='ltr'><strong>populo</strong></span> <span class='ocrx_word' id='word_1_429' title='bbox 1115 3651 1237 3689; x_wconf 76' lang='lat' dir='ltr'><strong>mox</strong></span> <span class='ocrx_word' id='word_1_430' title='bbox 1267 3635 1372 3688; x_wconf 87' lang='lat' dir='ltr'><strong>duo</strong></span> <span class='ocrx_word' id='word_1_431' title='bbox 1405 3642 1500 3688; x_wconf 89' lang='lat' dir='ltr'><strong>aut</strong></span> <span class='ocrx_word' id='word_1_432' title='bbox 1531 3635 1664 3688; x_wconf 89' lang='lat' dir='ltr'><strong>adeo</strong></span> <span class='ocrx_word' id='word_1_433' title='bbox 1691 3632 1849 3702; x_wconf 87' lang='lat' dir='ltr'><strong>plura</strong></span> <span class='ocrx_word' id='word_1_434' title='bbox 1870 3633 2262 3702; x_wconf 80' lang='lat' dir='ltr'><strong>ﬁantcorpora,</strong></span> <span class='ocrx_word' id='word_1_435' title='bbox 2293 3640 2344 3686; x_wconf 85' lang='lat' dir='ltr'><strong>et</strong></span> <span class='ocrx_word' id='word_1_436' title='bbox 2375 3631 2440 3686; x_wconf 89' lang='lat' dir='ltr'><strong>ab</strong></span> <span class='ocrx_word' id='word_1_437' title='bbox 2474 3633 2703 3687; x_wconf 76' lang='lat' dir='ltr'><strong>externis</strong></span> <span class='ocrx_word' id='word_1_438' title='bbox 2747 3633 2804 3687; x_wconf 90' lang='lat' dir='ltr'><strong>in</strong></span> <span class='ocrx_word' id='word_1_439' title='bbox 2831 3641 3088 3690; x_wconf 66' lang='lat' dir='ltr'><strong>aeternum</strong></span> <span class='ocrx_word' id='word_1_440' title='bbox 3117 3635 3410 3693; x_wconf 84' lang='lat' dir='ltr'><strong>Christiani</strong></span> <span class='ocrx_word' id='word_1_441' title='bbox 3440 3643 3615 3696; x_wconf 85' lang='lat' dir='ltr'><strong>nomi-</strong></span> 
     </span>
    </p>
   </div>
   <div class='ocr_carea' id='block_1_34' title="bbox 296 3725 3616 3799">
    <p class='ocr_par' dir='ltr' id='par_1_34' title="bbox 296 3725 3616 3799">
     <span class='ocr_line' id='line_1_34' title="bbox 296 3725 3616 3799; baseline -0.002 -5"><span class='ocrx_word' id='word_1_442' title='bbox 296 3741 376 3794; x_wconf 68' lang='lat' dir='ltr'><strong>nis</strong></span> <span class='ocrx_word' id='word_1_443' title='bbox 419 3739 634 3793; x_wconf 85' lang='lat' dir='ltr'><strong>hostem</strong></span> <span class='ocrx_word' id='word_1_444' title='bbox 687 3733 861 3794; x_wconf 84' lang='lat' dir='ltr'><strong>bellis,</strong></span> <span class='ocrx_word' id='word_1_445' title='bbox 894 3733 952 3786; x_wconf 88' lang='lat' dir='ltr'><strong>in</strong></span> <span class='ocrx_word' id='word_1_446' title='bbox 1001 3747 1102 3784; x_wconf 88' lang='lat' dir='ltr'><strong>sua</strong></span> <span class='ocrx_word' id='word_1_447' title='bbox 1135 3729 1332 3785; x_wconf 79' lang='lat' dir='ltr'><strong>viscera</strong></span> <span class='ocrx_word' id='word_1_448' title='bbox 1363 3737 1660 3793; x_wconf 88' lang='lat' dir='ltr'><strong>armentur,</strong></span> <span class='ocrx_word' id='word_1_449' title='bbox 1692 3727 2083 3799; x_wconf 83' lang='lat' dir='ltr'><strong>furentiumque</strong></span> <span class='ocrx_word' id='word_1_450' title='bbox 2126 3725 2364 3796; x_wconf 71' lang='lat' dir='ltr'><strong>exemplo</strong></span> <span class='ocrx_word' id='word_1_451' title='bbox 2405 3741 2595 3780; x_wconf 87' lang='lat' dir='ltr'><strong>manus</strong></span> <span class='ocrx_word' id='word_1_452' title='bbox 2644 3735 2695 3779; x_wconf 89' lang='lat' dir='ltr'><strong>et</strong></span> <span class='ocrx_word' id='word_1_453' title='bbox 2749 3727 2986 3783; x_wconf 87' lang='lat' dir='ltr'><strong>membra</strong></span> <span class='ocrx_word' id='word_1_454' title='bbox 3014 3744 3114 3783; x_wconf 88' lang='lat' dir='ltr'><strong>sua</strong></span> <span class='ocrx_word' id='word_1_455' title='bbox 3152 3729 3256 3798; x_wconf 86' lang='lat' dir='ltr'><strong>ipsi</strong></span> <span class='ocrx_word' id='word_1_456' title='bbox 3283 3731 3490 3785; x_wconf 73' lang='lat' dir='ltr'><strong>credant</strong></span> <span class='ocrx_word' id='word_1_457' title='bbox 3514 3749 3532 3786; x_wconf 89' lang='lat'><em>:</em></span> <span class='ocrx_word' id='word_1_458' title='bbox 3557 3735 3616 3789; x_wconf 90' lang='lat' dir='ltr'><strong>in</strong></span> 
     </span>
    </p>
   </div>
   <div class='ocr_carea' id='block_1_35' title="bbox 295 3818 3615 3902">
    <p class='ocr_par' dir='ltr' id='par_1_35' title="bbox 295 3818 3615 3902">
     <span class='ocr_line' id='line_1_35' title="bbox 295 3818 3615 3902; baseline -0.003 -12"><span class='ocrx_word' id='word_1_459' title='bbox 295 3850 532 3896; x_wconf 64' lang='lat' dir='ltr'><strong>annua,</strong></span> <span class='ocrx_word' id='word_1_460' title='bbox 575 3829 676 3902; x_wconf 88' lang='lat' dir='ltr'><strong>qui</strong></span> <span class='ocrx_word' id='word_1_461' title='bbox 699 3826 834 3882; x_wconf 85' lang='lat' dir='ltr'><strong>nihil</strong></span> <span class='ocrx_word' id='word_1_462' title='bbox 855 3841 1134 3880; x_wconf 88' lang='lat' dir='ltr'><strong>commune</strong></span> <span class='ocrx_word' id='word_1_463' title='bbox 1172 3839 1326 3896; x_wconf 89' lang='lat' dir='ltr'><strong>geras</strong></span> <span class='ocrx_word' id='word_1_464' title='bbox 1358 3837 1476 3876; x_wconf 89' lang='lat' dir='ltr'><strong>cum</strong></span> <span class='ocrx_word' id='word_1_465' title='bbox 1507 3819 1642 3885; x_wconf 88' lang='lat' dir='ltr'><strong>istis,</strong></span> <span class='ocrx_word' id='word_1_466' title='bbox 1675 3821 1766 3891; x_wconf 89' lang='lat' dir='ltr'><strong>qui</strong></span> <span class='ocrx_word' id='word_1_467' title='bbox 1794 3821 1870 3874; x_wconf 88' lang='lat' dir='ltr'><strong>sic</strong></span> <span class='ocrx_word' id='word_1_468' title='bbox 1903 3836 1936 3874; x_wconf 88' lang='lat' dir='ltr'><strong>a</strong></span> <span class='ocrx_word' id='word_1_469' title='bbox 1964 3835 2022 3874; x_wconf 85' lang='lat' dir='ltr'><strong>se</strong></span> <span class='ocrx_word' id='word_1_470' title='bbox 2049 3829 2381 3889; x_wconf 84' lang='lat' dir='ltr'><strong>segregatum</strong></span> <span class='ocrx_word' id='word_1_471' title='bbox 2405 3818 2598 3874; x_wconf 86' lang='lat' dir='ltr'><strong>habent</strong></span> <span class='ocrx_word' id='word_1_472' title='bbox 2633 3821 2936 3885; x_wconf 86' lang='lat' dir='ltr'><strong>candorem,</strong></span> <span class='ocrx_word' id='word_1_473' title='bbox 2967 3821 3147 3892; x_wconf 77' lang='lat' dir='ltr'><strong>fidem,</strong></span> <span class='ocrx_word' id='word_1_474' title='bbox 3184 3827 3517 3894; x_wconf 85' lang='lat' dir='ltr'><strong>modestiam,</strong></span> <span class='ocrx_word' id='word_1_475' title='bbox 3554 3838 3615 3884; x_wconf 83' lang='lat' dir='ltr'><strong>ut</strong></span> 
     </span>
    </p>
   </div>
   <div class='ocr_carea' id='block_1_36' title="bbox 295 3914 3616 3994">
    <p class='ocr_par' dir='ltr' id='par_1_36' title="bbox 295 3914 3616 3994">
     <span class='ocr_line' id='line_1_36' title="bbox 295 3914 3616 3994; baseline -0.003 -7"><span class='ocrx_word' id='word_1_476' title='bbox 295 3932 340 3987; x_wconf 87' lang='lat' dir='ltr'><strong>si</strong></span> <span class='ocrx_word' id='word_1_477' title='bbox 379 3947 408 3985; x_wconf 90' lang='lat' dir='ltr'><strong>e</strong></span> <span class='ocrx_word' id='word_1_478' title='bbox 461 3937 578 3983; x_wconf 89' lang='lat' dir='ltr'><strong>toto</strong></span> <span class='ocrx_word' id='word_1_479' title='bbox 621 3924 751 3979; x_wconf 90' lang='lat' dir='ltr'><strong>orbe</strong></span> <span class='ocrx_word' id='word_1_480' title='bbox 795 3922 1065 3992; x_wconf 85' lang='lat' dir='ltr'><strong>diligenda</strong></span> <span class='ocrx_word' id='word_1_481' title='bbox 1102 3921 1337 3994; x_wconf 66' lang='lat' dir='ltr'><strong>venirent</strong></span> <span class='ocrx_word' id='word_1_482' title='bbox 1366 3925 1600 3972; x_wconf 88' lang='lat' dir='ltr'><strong>monstra</strong></span> <span class='ocrx_word' id='word_1_483' title='bbox 1630 3915 1904 3970; x_wconf 86' lang='lat' dir='ltr'><strong>hominum</strong></span> <span class='ocrx_word' id='word_1_484' title='bbox 1943 3914 2176 3984; x_wconf 81' lang='lat' dir='ltr'><strong>conﬂata</strong></span> <span class='ocrx_word' id='word_1_485' title='bbox 2219 3929 2246 3968; x_wconf 94' lang='lat' dir='ltr'><strong>e</strong></span> <span class='ocrx_word' id='word_1_486' title='bbox 2281 3914 2627 3980; x_wconf 88' lang='lat' dir='ltr'><strong>contentione,</strong></span> <span class='ocrx_word' id='word_1_487' title='bbox 2669 3914 2987 3984; x_wconf 85' lang='lat' dir='ltr'><strong>pervicacia,</strong></span> <span class='ocrx_word' id='word_1_488' title='bbox 3023 3914 3416 3982; x_wconf 82' lang='lat' dir='ltr'><strong>maledicentia,</strong></span> <span class='ocrx_word' id='word_1_489' title='bbox 3439 3923 3616 3990; x_wconf 84' lang='lat' dir='ltr'><strong>suspi—</strong></span> 
     </span>
    </p>
   </div>
   <div class='ocr_carea' id='block_1_37' title="bbox 295 4011 3612 4088">
    <p class='ocr_par' dir='ltr' id='par_1_37' title="bbox 295 4011 3612 4088">
     <span class='ocr_line' id='line_1_37' title="bbox 295 4011 3612 4088; baseline -0.002 -8"><span class='ocrx_word' id='word_1_490' title='bbox 295 4027 466 4088; x_wconf 78' lang='lat' dir='ltr'><strong>cione,</strong></span> <span class='ocrx_word' id='word_1_491' title='bbox 498 4019 766 4085; x_wconf 79' lang='lat' dir='ltr'><strong>avaritia,</strong></span> <span class='ocrx_word' id='word_1_492' title='bbox 792 4019 974 4077; x_wconf 87' lang='lat' dir='ltr'><strong>livore,</strong></span> <span class='ocrx_word' id='word_1_493' title='bbox 1005 4014 1272 4084; x_wconf 88' lang='lat' dir='ltr'><strong>superbia,</strong></span> <span class='ocrx_word' id='word_1_494' title='bbox 1305 4013 1546 4078; x_wconf 86' lang='lat' dir='ltr'><strong>lascivia,</strong></span> <span class='ocrx_word' id='word_1_495' title='bbox 1593 4028 1657 4068; x_wconf 70' lang='lat' dir='ltr'><strong>ea:</strong></span> <span class='ocrx_word' id='word_1_496' title='bbox 1691 4011 1881 4066; x_wconf 87' lang='lat' dir='ltr'><strong>horum</strong></span> <span class='ocrx_word' id='word_1_497' title='bbox 1930 4012 2263 4082; x_wconf 83' lang='lat' dir='ltr'><strong>potissimum</strong></span> <span class='ocrx_word' id='word_1_498' title='bbox 2285 4013 2470 4067; x_wconf 88' lang='lat' dir='ltr'><strong>ordine</strong></span> <span class='ocrx_word' id='word_1_499' title='bbox 2516 4020 2684 4067; x_wconf 86' lang='lat' dir='ltr'><strong>essent</strong></span> <span class='ocrx_word' id='word_1_500' title='bbox 2727 4013 3020 4081; x_wconf 90' lang='lat' dir='ltr'><strong>promenda</strong></span> <span class='ocrx_word' id='word_1_501' title='bbox 3054 4029 3119 4068; x_wconf 91' lang='lat' dir='ltr'><strong>ac</strong></span> <span class='ocrx_word' id='word_1_502' title='bbox 3161 4015 3520 4084; x_wconf 82' lang='lat' dir='ltr'><strong>producenda.</strong></span> <span class='ocrx_word' id='word_1_503' title='bbox 3567 4018 3612 4074; x_wconf 83' lang='lat'><strong><em>0</em></strong></span> 
     </span>
    </p>
   </div>
   <div class='ocr_carea' id='block_1_38' title="bbox 295 4105 3613 4178">
    <p class='ocr_par' dir='ltr' id='par_1_38' title="bbox 295 4105 3613 4178">
     <span class='ocr_line' id='line_1_38' title="bbox 295 4105 3613 4178; baseline -0.002 -4"><span class='ocrx_word' id='word_1_504' title='bbox 295 4119 505 4174; x_wconf 75' lang='lat' dir='ltr'><strong>mm!</strong></span> <span class='ocrx_word' id='word_1_505' title='bbox 533 4114 581 4171; x_wconf 89' lang='lat'><em>0</em></span> <span class='ocrx_word' id='word_1_506' title='bbox 606 4111 819 4168; x_wconf 84' lang='lat' dir='ltr'><strong>mores!</strong></span> <span class='ocrx_word' id='word_1_507' title='bbox 843 4108 902 4164; x_wconf 85' lang='lat' dir='ltr'><strong>Si</strong></span> <span class='ocrx_word' id='word_1_508' title='bbox 935 4109 1078 4163; x_wconf 87' lang='lat' dir='ltr'><strong>enim</strong></span> <span class='ocrx_word' id='word_1_509' title='bbox 1107 4108 1230 4162; x_wconf 86' lang='lat' dir='ltr'><strong>huic</strong></span> <span class='ocrx_word' id='word_1_510' title='bbox 1263 4117 1439 4162; x_wconf 90' lang='lat' dir='ltr'><strong>nostro</strong></span> <span class='ocrx_word' id='word_1_511' title='bbox 1467 4105 1598 4176; x_wconf 80' lang='lat' dir='ltr'><strong>ﬁdes</strong></span> <span class='ocrx_word' id='word_1_512' title='bbox 1620 4143 1633 4167; x_wconf 87' lang='lat'><strong>,</strong></span> <span class='ocrx_word' id='word_1_513' title='bbox 1667 4113 1879 4161; x_wconf 83' lang='lat' dir='ltr'><strong>tantum</strong></span> <span class='ocrx_word' id='word_1_514' title='bbox 1911 4105 2424 4166; x_wconf 80' lang='lat' dir='ltr'><strong>intersacerdotem</strong></span> <span class='ocrx_word' id='word_1_515' title='bbox 2457 4113 2513 4162; x_wconf 86' lang='lat' dir='ltr'><strong>et</strong></span> <span class='ocrx_word' id='word_1_516' title='bbox 2541 4106 2839 4176; x_wconf 85' lang='lat' dir='ltr'><strong>quemlibet</strong></span> <span class='ocrx_word' id='word_1_517' title='bbox 2866 4107 3098 4178; x_wconf 88' lang='lat' dir='ltr'><strong>probum</strong></span> <span class='ocrx_word' id='word_1_518' title='bbox 3129 4109 3309 4165; x_wconf 82' lang='lat' dir='ltr'><strong>virum</strong></span> <span class='ocrx_word' id='word_1_519' title='bbox 3339 4109 3613 4168; x_wconf 76' lang='lat' dir='ltr'><strong>interesse</strong></span> 
     </span>
    </p>
   </div>
   <div class='ocr_carea' id='block_1_39' title="bbox 295 4201 3612 4283">
    <p class='ocr_par' dir='ltr' id='par_1_39' title="bbox 295 4201 3612 4283">
     <span class='ocr_line' id='line_1_39' title="bbox 295 4201 3612 4283; baseline -0.004 -10"><span class='ocrx_word' id='word_1_520' title='bbox 295 4215 480 4278; x_wconf 84' lang='lat' dir='ltr'><strong>debet,</strong></span> <span class='ocrx_word' id='word_1_521' title='bbox 504 4218 786 4283; x_wconf 84' lang='lat' dir='ltr'><strong>quantum</strong></span> <span class='ocrx_word' id='word_1_522' title='bbox 813 4207 960 4261; x_wconf 87' lang='lat' dir='ltr'><strong>inter</strong></span> <span class='ocrx_word' id='word_1_523' title='bbox 996 4204 1196 4262; x_wconf 67' lang='lat' dir='ltr'><strong>caelum</strong></span> <span class='ocrx_word' id='word_1_524' title='bbox 1223 4212 1279 4259; x_wconf 90' lang='lat' dir='ltr'><strong>et</strong></span> <span class='ocrx_word' id='word_1_525' title='bbox 1312 4211 1512 4259; x_wconf 84' lang='lat' dir='ltr'><strong>terram</strong></span> <span class='ocrx_word' id='word_1_526' title='bbox 1542 4201 1878 4259; x_wconf 84' lang='lat' dir='ltr'><strong>discriminis</strong></span> <span class='ocrx_word' id='word_1_527' title='bbox 1919 4210 2024 4267; x_wconf 84' lang='lat' dir='ltr'><strong>est,</strong></span> <span class='ocrx_word' id='word_1_528' title='bbox 2063 4203 2221 4272; x_wconf 86' lang='lat' dir='ltr'><strong>plura</strong></span> <span class='ocrx_word' id='word_1_529' title='bbox 2252 4218 2520 4272; x_wconf 88' lang='lat' dir='ltr'><strong>possemus</strong></span> <span class='ocrx_word' id='word_1_530' title='bbox 2553 4217 2649 4272; x_wconf 89' lang='lat' dir='ltr'><strong>pro</strong></span> <span class='ocrx_word' id='word_1_531' title='bbox 2696 4202 2836 4269; x_wconf 89' lang='lat' dir='ltr'><strong>ista;</strong></span> <span class='ocrx_word' id='word_1_532' title='bbox 2873 4203 2964 4258; x_wconf 84' lang='lat' dir='ltr'><strong>sed</strong></span> <span class='ocrx_word' id='word_1_533' title='bbox 3009 4220 3074 4258; x_wconf 78' lang='lat' dir='ltr'><strong>ea:</strong></span> <span class='ocrx_word' id='word_1_534' title='bbox 3110 4220 3460 4274; x_wconf 86' lang='lat' dir='ltr'><strong>supervacuo,</strong></span> <span class='ocrx_word' id='word_1_535' title='bbox 3481 4206 3612 4261; x_wconf 79' lang='lat' dir='ltr'><strong>illa-</strong></span> 
     </span>
    </p>
   </div>
   <div class='ocr_carea' id='block_1_40' title="bbox 295 4295 3610 4376">
    <p class='ocr_par' dir='ltr' id='par_1_40' title="bbox 295 4295 3610 4376">
     <span class='ocr_line' id='line_1_40' title="bbox 295 4295 3610 4376; baseline -0.004 -11"><span class='ocrx_word' id='word_1_536' title='bbox 295 4311 554 4367; x_wconf 85' lang='lat' dir='ltr'><strong>strissime</strong></span> <span class='ocrx_word' id='word_1_537' title='bbox 578 4305 848 4376; x_wconf 86' lang='lat' dir='ltr'><strong>princeps,</strong></span> <span class='ocrx_word' id='word_1_538' title='bbox 883 4299 1020 4354; x_wconf 88' lang='lat' dir='ltr'><strong>adeo</strong></span> <span class='ocrx_word' id='word_1_539' title='bbox 1067 4298 1252 4352; x_wconf 87' lang='lat' dir='ltr'><strong>statim</strong></span> <span class='ocrx_word' id='word_1_540' title='bbox 1275 4298 1534 4367; x_wconf 86' lang='lat' dir='ltr'><strong>optimum</strong></span> <span class='ocrx_word' id='word_1_541' title='bbox 1560 4313 1734 4352; x_wconf 86' lang='lat' dir='ltr'><strong>senem</strong></span> <span class='ocrx_word' id='word_1_542' title='bbox 1765 4305 1990 4366; x_wconf 85' lang='lat' dir='ltr'><strong>utraque</strong></span> <span class='ocrx_word' id='word_1_543' title='bbox 2036 4296 2280 4351; x_wconf 89' lang='lat' dir='ltr'><strong>invasisti</strong></span> <span class='ocrx_word' id='word_1_544' title='bbox 2305 4311 2490 4360; x_wconf 85' lang='lat' dir='ltr'><strong>manu,</strong></span> <span class='ocrx_word' id='word_1_545' title='bbox 2523 4311 2589 4349; x_wconf 93' lang='lat' dir='ltr'><strong>ac</strong></span> <span class='ocrx_word' id='word_1_546' title='bbox 2624 4295 2761 4350; x_wconf 87' lang='lat' dir='ltr'><strong>serio</strong></span> <span class='ocrx_word' id='word_1_547' title='bbox 2793 4295 3076 4366; x_wconf 86' lang='lat' dir='ltr'><strong>polliceris,</strong></span> <span class='ocrx_word' id='word_1_548' title='bbox 3103 4297 3193 4351; x_wconf 86' lang='lat' dir='ltr'><strong>ubi</strong></span> <span class='ocrx_word' id='word_1_549' title='bbox 3239 4307 3400 4352; x_wconf 66' lang='lat' dir='ltr'><strong>atate</strong></span> <span class='ocrx_word' id='word_1_550' title='bbox 3444 4300 3610 4369; x_wconf 84' lang='lat' dir='ltr'><strong>fueris</strong></span> 
     </span>
    </p>
   </div>
   <div class='ocr_carea' id='block_1_41' title="bbox 297 4389 3608 4466">
    <p class='ocr_par' dir='ltr' id='par_1_41' title="bbox 297 4389 3608 4466">
     <span class='ocr_line' id='line_1_41' title="bbox 297 4389 3608 4466; baseline -0.004 -4"><span class='ocrx_word' id='word_1_551' title='bbox 297 4407 554 4466; x_wconf 80' lang='lat' dir='ltr'><strong>adultior,</strong></span> <span class='ocrx_word' id='word_1_552' title='bbox 587 4400 905 4456; x_wconf 86' lang='lat' dir='ltr'><strong>habiturum</strong></span> <span class='ocrx_word' id='word_1_553' title='bbox 931 4396 986 4448; x_wconf 89' lang='lat' dir='ltr'><strong>in</strong></span> <span class='ocrx_word' id='word_1_554' title='bbox 1011 4394 1306 4448; x_wconf 86' lang='lat' dir='ltr'><strong>amicorum</strong></span> <span class='ocrx_word' id='word_1_555' title='bbox 1329 4394 1536 4448; x_wconf 87' lang='lat' dir='ltr'><strong>cohorte</strong></span> <span class='ocrx_word' id='word_1_556' title='bbox 1561 4393 1737 4462; x_wconf 86' lang='lat' dir='ltr'><strong>prima</strong></span> <span class='ocrx_word' id='word_1_557' title='bbox 1760 4393 2013 4462; x_wconf 87' lang='lat' dir='ltr'><strong>primum,</strong></span> <span class='ocrx_word' id='word_1_558' title='bbox 2044 4392 2278 4464; x_wconf 86' lang='lat' dir='ltr'><strong>nihilque</strong></span> <span class='ocrx_word' id='word_1_559' title='bbox 2310 4408 2415 4446; x_wconf 88' lang='lat' dir='ltr'><strong>non</strong></span> <span class='ocrx_word' id='word_1_560' title='bbox 2443 4389 2510 4446; x_wconf 88' lang='lat' dir='ltr'><strong>de</strong></span> <span class='ocrx_word' id='word_1_561' title='bbox 2538 4391 2654 4461; x_wconf 86' lang='lat' dir='ltr'><strong>ejus</strong></span> <span class='ocrx_word' id='word_1_562' title='bbox 2679 4392 2940 4446; x_wconf 87' lang='lat' dir='ltr'><strong>sententia</strong></span> <span class='ocrx_word' id='word_1_563' title='bbox 2967 4393 3235 4460; x_wconf 87' lang='lat' dir='ltr'><strong>facturum</strong></span> <span class='ocrx_word' id='word_1_564' title='bbox 3262 4394 3466 4464; x_wconf 86' lang='lat' dir='ltr'><strong>publice</strong></span> <span class='ocrx_word' id='word_1_565' title='bbox 3493 4398 3608 4464; x_wconf 90' lang='lat' dir='ltr'><strong>pri-</strong></span> 
     </span>
    </p>
   </div>
   <div class='ocr_carea' id='block_1_42' title="bbox 294 4468 3609 4570">
    <p class='ocr_par' dir='ltr' id='par_1_42' title="bbox 294 4468 3609 4570">
     <span class='ocr_line' id='line_1_42' title="bbox 294 4468 3609 4570; baseline -0.004 -16"><span class='ocrx_word' id='word_1_566' title='bbox 294 4501 590 4570; x_wconf 68' lang='lat' dir='ltr'><strong>vatimque.</strong></span> <span class='ocrx_word' id='word_1_567' title='bbox 628 4492 812 4548; x_wconf 73' lang='lat' dir='ltr'><strong>Macte</strong></span> <span class='ocrx_word' id='word_1_568' title='bbox 834 4491 934 4545; x_wconf 91' lang='lat' dir='ltr'><strong>hac</strong></span> <span class='ocrx_word' id='word_1_569' title='bbox 963 4487 1158 4552; x_wconf 87' lang='lat' dir='ltr'><strong>indole,</strong></span> <span class='ocrx_word' id='word_1_570' title='bbox 1195 4489 1290 4541; x_wconf 92' lang='lat' dir='ltr'><strong>hoc</strong></span> <span class='ocrx_word' id='word_1_571' title='bbox 1316 4487 1603 4557; x_wconf 85' lang='lat' dir='ltr'><strong>proposito.</strong></span> <span class='ocrx_word' id='word_1_572' title='bbox 1636 4486 1886 4540; x_wconf 74' lang='lat' dir='ltr'><strong>niaxima:</strong></span> <span class='ocrx_word' id='word_1_573' title='bbox 1914 4468 2318 4556; x_wconf 73' lang='lat' dir='ltr'><strong>exspectationis</strong></span> <span class='ocrx_word' id='word_1_574' title='bbox 2350 4485 2622 4556; x_wconf 74' lang='lat' dir='ltr'><strong>princeps,</strong></span> <span class='ocrx_word' id='word_1_575' title='bbox 2651 4491 2822 4538; x_wconf 85' lang='lat' dir='ltr'><strong>certus</strong></span> <span class='ocrx_word' id='word_1_576' title='bbox 2865 4482 2920 4536; x_wconf 88' lang='lat' dir='ltr'><strong>id</strong></span> <span class='ocrx_word' id='word_1_577' title='bbox 2946 4483 3120 4554; x_wconf 86' lang='lat' dir='ltr'><strong>ipsum</strong></span> <span class='ocrx_word' id='word_1_578' title='bbox 3143 4499 3476 4539; x_wconf 86' lang='lat' dir='ltr'><strong>accessurum</strong></span> <span class='ocrx_word' id='word_1_579' title='bbox 3503 4501 3609 4541; x_wconf 87' lang='lat' dir='ltr'><strong>non</strong></span> 
     </span>
    </p>
   </div>
   <div class='ocr_carea' id='block_1_43' title="bbox 293 4578 3608 4658">
    <p class='ocr_par' dir='ltr' id='par_1_43' title="bbox 293 4578 3608 4658">
     <span class='ocr_line' id='line_1_43' title="bbox 293 4578 3608 4658; baseline -0.003 -10"><span class='ocrx_word' id='word_1_580' title='bbox 293 4595 462 4649; x_wconf 74' lang='lat' dir='ltr'><strong>solum</strong></span> <span class='ocrx_word' id='word_1_581' title='bbox 492 4587 806 4647; x_wconf 83' lang='lat' dir='ltr'><strong>incredibili</strong></span> <span class='ocrx_word' id='word_1_582' title='bbox 833 4585 1060 4658; x_wconf 69' lang='lat' dir='ltr'><strong>familiai</strong></span> <span class='ocrx_word' id='word_1_583' title='bbox 1083 4583 1355 4638; x_wconf 72' lang='lat' dir='ltr'><strong>Palatinae</strong></span> <span class='ocrx_word' id='word_1_584' title='bbox 1383 4583 1727 4647; x_wconf 88' lang='lat' dir='ltr'><strong>incremento,</strong></span> <span class='ocrx_word' id='word_1_585' title='bbox 1751 4593 1800 4636; x_wconf 89' lang='lat' dir='ltr'><strong>et</strong></span> <span class='ocrx_word' id='word_1_586' title='bbox 1828 4598 2036 4636; x_wconf 85' lang='lat' dir='ltr'><strong>summo</strong></span> <span class='ocrx_word' id='word_1_587' title='bbox 2065 4580 2190 4651; x_wconf 88' lang='lat' dir='ltr'><strong>Opt.</strong></span> <span class='ocrx_word' id='word_1_588' title='bbox 2229 4582 2382 4638; x_wconf 68' lang='lat' dir='ltr'><strong>Max.</strong></span> <span class='ocrx_word' id='word_1_589' title='bbox 2425 4589 2712 4650; x_wconf 86' lang='lat' dir='ltr'><strong>parentum</strong></span> <span class='ocrx_word' id='word_1_590' title='bbox 2737 4578 2932 4650; x_wconf 86' lang='lat' dir='ltr'><strong>gaudio</strong></span> <span class='ocrx_word' id='word_1_591' title='bbox 2951 4617 2966 4642; x_wconf 97' lang='lat'><strong>,</strong></span> <span class='ocrx_word' id='word_1_592' title='bbox 2997 4581 3090 4633; x_wconf 84' lang='lat' dir='ltr'><strong>sed</strong></span> <span class='ocrx_word' id='word_1_593' title='bbox 3112 4587 3164 4634; x_wconf 88' lang='lat' dir='ltr'><strong>et</strong></span> <span class='ocrx_word' id='word_1_594' title='bbox 3202 4579 3608 4651; x_wconf 82' lang='lat' dir='ltr'><strong>incomparabili</strong></span> 
     </span>
    </p>
   </div>
   <div class='ocr_carea' id='block_1_44' title="bbox 294 4671 3605 4759">
    <p class='ocr_par' dir='ltr' id='par_1_44' title="bbox 294 4671 3605 4759">
     <span class='ocr_line' id='line_1_44' title="bbox 294 4671 3605 4759; baseline -0.005 -16"><span class='ocrx_word' id='word_1_595' title='bbox 294 4687 602 4759; x_wconf 64' lang='lat' dir='ltr'><strong>reipublicae</strong></span> <span class='ocrx_word' id='word_1_596' title='bbox 627 4682 958 4739; x_wconf 68' lang='lat' dir='ltr'><strong>Christianae</strong></span> <span class='ocrx_word' id='word_1_597' title='bbox 981 4680 1137 4744; x_wconf 90' lang='lat' dir='ltr'><strong>bona,</strong></span> <span class='ocrx_word' id='word_1_598' title='bbox 1179 4687 1372 4748; x_wconf 86' lang='lat' dir='ltr'><strong>tuoque</strong></span> <span class='ocrx_word' id='word_1_599' title='bbox 1398 4677 1584 4731; x_wconf 83' lang='lat' dir='ltr'><strong>honori</strong></span> <span class='ocrx_word' id='word_1_600' title='bbox 1624 4693 1689 4731; x_wconf 90' lang='lat' dir='ltr'><strong>ac</strong></span> <span class='ocrx_word' id='word_1_601' title='bbox 1719 4677 1902 4748; x_wconf 74' lang='lat' dir='ltr'><strong>gloria:</strong></span> <span class='ocrx_word' id='word_1_602' title='bbox 1938 4676 2295 4746; x_wconf 72' lang='lat' dir='ltr'><strong>sempiternae.</strong></span> <span class='ocrx_word' id='word_1_603' title='bbox 2325 4671 2456 4738; x_wconf 69' lang='lat' dir='ltr'><strong>Quis</strong></span> <span class='ocrx_word' id='word_1_604' title='bbox 2490 4681 2549 4726; x_wconf 88' lang='lat' dir='ltr'><strong>ut</strong></span> <span class='ocrx_word' id='word_1_605' title='bbox 2593 4671 2734 4726; x_wconf 90' lang='lat' dir='ltr'><strong>brevi</strong></span> <span class='ocrx_word' id='word_1_606' title='bbox 2765 4671 3122 4742; x_wconf 85' lang='lat' dir='ltr'><strong>consequaris,</strong></span> <span class='ocrx_word' id='word_1_607' title='bbox 3151 4689 3457 4744; x_wconf 87' lang='lat' dir='ltr'><strong>supremum</strong></span> <span class='ocrx_word' id='word_1_608' title='bbox 3486 4673 3605 4728; x_wconf 78' lang='lat' dir='ltr'><strong>Nu—</strong></span> 
     </span>
    </p>
   </div>
   <div class='ocr_carea' id='block_1_45' title="bbox 297 4765 3605 4854">
    <p class='ocr_par' dir='ltr' id='par_1_45' title="bbox 297 4765 3605 4854">
     <span class='ocr_line' id='line_1_45' title="bbox 297 4765 3605 4854; baseline -0.005 -15"><span class='ocrx_word' id='word_1_609' title='bbox 297 4800 411 4838; x_wconf 72' lang='lat' dir='ltr'><strong>men</strong></span> <span class='ocrx_word' id='word_1_610' title='bbox 434 4781 709 4854; x_wconf 80' lang='lat' dir='ltr'><strong>supplices</strong></span> <span class='ocrx_word' id='word_1_611' title='bbox 737 4793 1078 4841; x_wconf 80' lang='lat' dir='ltr'><strong>veneramur,</strong></span> <span class='ocrx_word' id='word_1_612' title='bbox 1108 4773 1398 4830; x_wconf 76' lang='lat' dir='ltr'><strong>clementia:</strong></span> <span class='ocrx_word' id='word_1_613' title='bbox 1427 4789 1536 4828; x_wconf 75' lang='lat' dir='ltr'><strong>sua:</strong></span> <span class='ocrx_word' id='word_1_614' title='bbox 1566 4773 1668 4827; x_wconf 89' lang='lat' dir='ltr'><strong>alis</strong></span> <span class='ocrx_word' id='word_1_615' title='bbox 1699 4781 1746 4826; x_wconf 91' lang='lat' dir='ltr'><strong>te</strong></span> <span class='ocrx_word' id='word_1_616' title='bbox 1775 4781 2045 4843; x_wconf 71' lang='lat' dir='ltr'><strong>perpetuo,</strong></span> <span class='ocrx_word' id='word_1_617' title='bbox 2075 4789 2166 4826; x_wconf 89' lang='lat' dir='ltr'><strong>ceu</strong></span> <span class='ocrx_word' id='word_1_618' title='bbox 2199 4769 2502 4827; x_wconf 75' lang='lat' dir='ltr'><strong>Germanice</strong></span> <span class='ocrx_word' id='word_1_619' title='bbox 2539 4768 2698 4822; x_wconf 87' lang='lat' dir='ltr'><strong>totius</strong></span> <span class='ocrx_word' id='word_1_620' title='bbox 2720 4765 2968 4822; x_wconf 88' lang='lat' dir='ltr'><strong>delicium</strong></span> <span class='ocrx_word' id='word_1_621' title='bbox 2999 4775 3046 4821; x_wconf 92' lang='lat' dir='ltr'><strong>et</strong></span> <span class='ocrx_word' id='word_1_622' title='bbox 3067 4783 3272 4822; x_wconf 86' lang='lat' dir='ltr'><strong>amores</strong></span> <span class='ocrx_word' id='word_1_623' title='bbox 3324 4782 3481 4836; x_wconf 89' lang='lat' dir='ltr'><strong>porro</strong></span> <span class='ocrx_word' id='word_1_624' title='bbox 3511 4767 3605 4822; x_wconf 73' lang='grc' dir='ltr'><strong>οὑ·-</strong></span> 
     </span>
    </p>
   </div>
   <div class='ocr_carea' id='block_1_46' title="bbox 296 4874 846 4944">
    <p class='ocr_par' dir='ltr' id='par_1_46' title="bbox 296 4874 846 4944">
     <span class='ocr_line' id='line_1_46' title="bbox 296 4874 846 4944; baseline -0.011 -13"><span class='ocrx_word' id='word_1_625' title='bbox 296 4877 543 4931; x_wconf 71' lang='lat' dir='ltr'><strong>umbrare</strong></span> <span class='ocrx_word' id='word_1_626' title='bbox 571 4874 846 4944; x_wconf 84' lang='lat' dir='ltr'><strong>dignetur.</strong></span> 
     </span>
    </p>
   </div>
   <div class='ocr_carea' id='block_1_47' title="bbox 507 4961 2052 5032">
    <p class='ocr_par' dir='ltr' id='par_1_47' title="bbox 507 4961 2052 5032">
     <span class='ocr_line' id='line_1_47' title="bbox 507 4961 2052 5032; baseline -0.006 -7"><span class='ocrx_word' id='word_1_627' title='bbox 507 4966 799 5026; x_wconf 87' lang='lat' dir='ltr'><strong>Neostadii</strong></span> <span class='ocrx_word' id='word_1_628' title='bbox 827 4978 944 5019; x_wconf 68' lang='grc' dir='ltr'><strong>χιιι</strong></span> <span class='ocrx_word' id='word_1_629' title='bbox 981 4961 1280 5024; x_wconf 84' lang='lat' dir='ltr'><strong>Februarii,</strong></span> <span class='ocrx_word' id='word_1_630' title='bbox 1304 4961 1440 5016; x_wconf 86' lang='lat' dir='ltr'><strong>veris</strong></span> <span class='ocrx_word' id='word_1_631' title='bbox 1463 4962 1630 5032; x_wconf 89' lang='lat' dir='ltr'><strong>ipsius</strong></span> <span class='ocrx_word' id='word_1_632' title='bbox 1661 4963 1746 5016; x_wconf 88' lang='lat' dir='ltr'><strong>die</strong></span> <span class='ocrx_word' id='word_1_633' title='bbox 1771 4961 2052 5031; x_wconf 81' lang='lat' dir='ltr'><strong>auspicali.</strong></span> 
     </span>
    </p>
   </div>
   <div class='ocr_carea' id='block_1_48' title="bbox 2229 5051 3352 5109">
    <p class='ocr_par' dir='ltr' id='par_1_48' title="bbox 2229 5051 3352 5109">
     <span class='ocr_line' id='line_1_48' title="bbox 2229 5051 3352 5109; baseline -0.003 0"><span class='ocrx_word' id='word_1_634' title='bbox 2229 5053 2506 5109; x_wconf 83' lang='lat' dir='ltr'><strong>Illustriss.</strong></span> <span class='ocrx_word' id='word_1_635' title='bbox 2536 5052 2729 5108; x_wconf 65' lang='lat' dir='ltr'><strong>Vestrae</strong></span> <span class='ocrx_word' id='word_1_636' title='bbox 2751 5051 3056 5108; x_wconf 75' lang='lat' dir='ltr'><strong>Clementia:</strong></span> <span class='ocrx_word' id='word_1_637' title='bbox 3081 5053 3352 5108; x_wconf 86' lang='lat' dir='ltr'><strong>addictiss.</strong></span> 
     </span>
    </p>
   </div>
   <div class='ocr_carea' id='block_1_49' title="bbox 2408 5144 3211 5202">
    <p class='ocr_par' dir='ltr' id='par_1_49' title="bbox 2408 5144 3211 5202">
     <span class='ocr_line' id='line_1_49' title="bbox 2408 5144 3211 5202; baseline -0.002 -2"><span class='ocrx_word' id='word_1_638' title='bbox 2408 5145 2787 5201; x_wconf 73' lang='lat' dir='ltr'><strong>COIMELINIANI</strong></span> <span class='ocrx_word' id='word_1_639' title='bbox 2819 5153 2874 5200; x_wconf 90' lang='lat' dir='ltr'><strong>et</strong></span> <span class='ocrx_word' id='word_1_640' title='bbox 2897 5144 3211 5202; x_wconf 70' lang='lat' dir='ltr'><strong>Bonorum.</strong></span> 
     </span>
    </p>
   </div>
   <div class='ocr_carea' id='block_1_50' title="bbox 301 5350 2507 5380">
    <p class='ocr_par' dir='ltr' id='par_1_50' title="bbox 301 5350 2507 5380">
     <span class='ocr_line' id='line_1_50' title="bbox 301 5350 2507 5380; baseline 0.002 -22"><span class='ocrx_word' id='word_1_641' title='bbox 301 5350 2507 5380; x_wconf 83' lang='lat'><strong>______________________________._________________</strong></span> 
     </span>
    </p>
   </div>
   <div class='ocr_carea' id='block_1_51' title="bbox 296 5470 3598 5561">
    <p class='ocr_par' dir='ltr' id='par_1_51' title="bbox 296 5470 3598 5561">
     <span class='ocr_line' id='line_1_51' title="bbox 296 5470 3598 5561; baseline -0.008 -2"><span class='ocrx_word' id='word_1_642' title='bbox 296 5489 872 5561; x_wconf 81' lang='lat' dir='ltr'><strong>Reverendissimis</strong></span> <span class='ocrx_word' id='word_1_643' title='bbox 909 5484 1205 5548; x_wconf 81' lang='lat' dir='ltr'><strong>Patribus</strong></span> <span class='ocrx_word' id='word_1_644' title='bbox 1251 5483 1326 5546; x_wconf 93' lang='lat' dir='ltr'><strong>P.</strong></span> <span class='ocrx_word' id='word_1_645' title='bbox 1364 5479 1631 5544; x_wconf 81' lang='lat' dir='ltr'><strong>Andreae</strong></span> <span class='ocrx_word' id='word_1_646' title='bbox 1683 5479 2006 5546; x_wconf 76' lang='lat' dir='ltr'><strong>Scno&#39;rro,</strong></span> <span class='ocrx_word' id='word_1_647' title='bbox 2063 5481 2127 5536; x_wconf 88' lang='lat' dir='ltr'><strong>et</strong></span> <span class='ocrx_word' id='word_1_648' title='bbox 2181 5475 2252 5536; x_wconf 92' lang='lat' dir='ltr'><strong>P.</strong></span> <span class='ocrx_word' id='word_1_649' title='bbox 2301 5472 2640 5536; x_wconf 85' lang='lat' dir='ltr'><strong>Heriberto</strong></span> <span class='ocrx_word' id='word_1_650' title='bbox 2673 5473 3036 5548; x_wconf 77' lang='lat' dir='ltr'><strong>Roswumo,</strong></span> <span class='ocrx_word' id='word_1_651' title='bbox 3080 5470 3394 5536; x_wconf 83' lang='lat' dir='ltr'><strong>societatis</strong></span> <span class='ocrx_word' id='word_1_652' title='bbox 3443 5471 3598 5532; x_wconf 86' lang='lat' dir='ltr'><strong>Jesu</strong></span> 
     </span>
    </p>
   </div>
   <div class='ocr_carea' id='block_1_52' title="bbox 1148 5575 2751 5665">
    <p class='ocr_par' dir='ltr' id='par_1_52' title="bbox 1148 5575 2751 5665">
     <span class='ocr_line' id='line_1_52' title="bbox 1148 5575 2751 5665; baseline -0.007 -18"><span class='ocrx_word' id='word_1_653' title='bbox 1148 5581 1536 5665; x_wconf 84' lang='lat' dir='ltr'><strong>presbyteris</strong></span> <span class='ocrx_word' id='word_1_654' title='bbox 1571 5581 1636 5642; x_wconf 89' lang='lat' dir='ltr'><strong>in</strong></span> <span class='ocrx_word' id='word_1_655' title='bbox 1669 5577 1942 5658; x_wconf 83' lang='lat' dir='ltr'><strong>collegio</strong></span> <span class='ocrx_word' id='word_1_656' title='bbox 1974 5575 2440 5657; x_wconf 84' lang='lat' dir='ltr'><strong>Antwerpiano,</strong></span> <span class='ocrx_word' id='word_1_657' title='bbox 2468 5577 2532 5638; x_wconf 93' lang='lat' dir='ltr'><strong>S.</strong></span> <span class='ocrx_word' id='word_1_658' title='bbox 2577 5577 2646 5636; x_wconf 93' lang='lat' dir='ltr'><strong>P.</strong></span> <span class='ocrx_word' id='word_1_659' title='bbox 2679 5576 2751 5637; x_wconf 93' lang='lat' dir='ltr'><strong>D.</strong></span> 
     </span>
    </p>
   </div>
   <div class='ocr_carea' id='block_1_53' title="bbox 360 5733 3596 5826">
    <p class='ocr_par' dir='ltr' id='par_1_53' title="bbox 360 5733 3596 5826">
     <span class='ocr_line' id='line_1_53' title="bbox 360 5733 3596 5826; baseline -0.009 -7"><span class='ocrx_word' id='word_1_660' title='bbox 360 5761 517 5819; x_wconf 71' lang='lat' dir='ltr'><strong>Redit</strong></span> <span class='ocrx_word' id='word_1_661' title='bbox 547 5763 617 5818; x_wconf 84' lang='lat' dir='ltr'><strong>ad</strong></span> <span class='ocrx_word' id='word_1_662' title='bbox 645 5771 722 5826; x_wconf 73' lang='lat' dir='ltr'><strong>te,</strong></span> <span class='ocrx_word' id='word_1_663' title='bbox 750 5757 918 5814; x_wconf 86' lang='lat' dir='ltr'><strong>Pater</strong></span> <span class='ocrx_word' id='word_1_664' title='bbox 941 5754 1201 5818; x_wconf 85' lang='lat' dir='ltr'><strong>Schottc,</strong></span> <span class='ocrx_word' id='word_1_665' title='bbox 1223 5749 1468 5806; x_wconf 85' lang='lat' dir='ltr'><strong>Isidorus</strong></span> <span class='ocrx_word' id='word_1_666' title='bbox 1503 5757 1629 5803; x_wconf 85' lang='lat' dir='ltr'><strong>tuus</strong></span> <span class='ocrx_word' id='word_1_667' title='bbox 1659 5753 1783 5816; x_wconf 83' lang='lat' dir='ltr'><strong>post</strong></span> <span class='ocrx_word' id='word_1_668' title='bbox 1825 5744 1968 5798; x_wconf 82' lang='lat' dir='ltr'><strong>bene</strong></span> <span class='ocrx_word' id='word_1_669' title='bbox 2010 5741 2228 5814; x_wconf 82' lang='lat' dir='ltr'><strong>longam</strong></span> <span class='ocrx_word' id='word_1_670' title='bbox 2271 5741 2672 5812; x_wconf 83' lang='lat' dir='ltr'><strong>captivitatem,</strong></span> <span class='ocrx_word' id='word_1_671' title='bbox 2707 5739 2762 5796; x_wconf 87' lang='lat' dir='ltr'><strong>in</strong></span> <span class='ocrx_word' id='word_1_672' title='bbox 2793 5754 2898 5812; x_wconf 89' lang='lat' dir='ltr'><strong>qua</strong></span> <span class='ocrx_word' id='word_1_673' title='bbox 2928 5753 3052 5794; x_wconf 88' lang='lat' dir='ltr'><strong>eum</strong></span> <span class='ocrx_word' id='word_1_674' title='bbox 3085 5749 3269 5793; x_wconf 83' lang='lat' dir='ltr'><strong>carcer</strong></span> <span class='ocrx_word' id='word_1_675' title='bbox 3303 5733 3425 5790; x_wconf 80' lang='lat' dir='ltr'><strong>Jaui</strong></span> <span class='ocrx_word' id='word_1_676' title='bbox 3457 5734 3596 5790; x_wconf 79' lang='lat' dir='ltr'><strong>Gru-</strong></span> 
     </span>
    </p>
   </div>
   <div class='ocr_carea' id='block_1_54' title="bbox 293 5829 3595 5927">
    <p class='ocr_par' dir='ltr' id='par_1_54' title="bbox 293 5829 3595 5927">
     <span class='ocr_line' id='line_1_54' title="bbox 293 5829 3595 5927; baseline -0.008 -13"><span class='ocrx_word' id='word_1_677' title='bbox 293 5859 604 5927; x_wconf 45' lang='lat' dir='ltr'><strong>terus-elati</strong></span> <span class='ocrx_word' id='word_1_678' title='bbox 635 5853 988 5927; x_wconf 76' lang='lat' dir='ltr'><strong>mancipium</strong></span> <span class='ocrx_word' id='word_1_679' title='bbox 1023 5847 1324 5922; x_wconf 84' lang='lat' dir='ltr'><strong>quoddam,</strong></span> <span class='ocrx_word' id='word_1_680' title='bbox 1357 5862 1481 5902; x_wconf 86' lang='lat' dir='ltr'><strong>cum</strong></span> <span class='ocrx_word' id='word_1_681' title='bbox 1517 5844 1638 5900; x_wconf 88' lang='lat' dir='ltr'><strong>aliis</strong></span> <span class='ocrx_word' id='word_1_682' title='bbox 1667 5842 1720 5896; x_wconf 89' lang='lat' dir='ltr'><strong>id</strong></span> <span class='ocrx_word' id='word_1_683' title='bbox 1751 5855 1924 5913; x_wconf 77' lang='lat' dir='ltr'><strong>genus</strong></span> <span class='ocrx_word' id='word_1_684' title='bbox 1954 5838 2194 5894; x_wconf 83' lang='lat' dir='ltr'><strong>liberalis</strong></span> <span class='ocrx_word' id='word_1_685' title='bbox 2239 5845 2382 5893; x_wconf 65' lang='lat' dir='ltr'><strong>nota:</strong></span> <span class='ocrx_word' id='word_1_686' title='bbox 2406 5835 2798 5903; x_wconf 87' lang='lat' dir='ltr'><strong>monumentis,</strong></span> <span class='ocrx_word' id='word_1_687' title='bbox 2832 5840 3030 5904; x_wconf 84' lang='lat' dir='ltr'><strong>praeter</strong></span> <span class='ocrx_word' id='word_1_688' title='bbox 3066 5839 3247 5888; x_wconf 79' lang='lat' dir='ltr'><strong>votum</strong></span> <span class='ocrx_word' id='word_1_689' title='bbox 3283 5838 3432 5885; x_wconf 88' lang='lat' dir='ltr'><strong>tuum</strong></span> <span class='ocrx_word' id='word_1_690' title='bbox 3463 5829 3595 5886; x_wconf 83' lang='lat' dir='ltr'><strong>hac-</strong></span> 
     </span>
    </p>
   </div>
  </div>
