4118 6426
554 376 650 442 ῙΗ
1672 373 2236 436 PROLEGOMENA
2273 375 2472 436 EDIT.
2514 377 2758 436 PARIS.
3719 378 3824 440 112

551 502 711 549 tenus
746 493 1070 548 detinuerat.
1119 493 1315 548 Verum
1347 491 1618 548 Suﬁ'ridus
1647 492 1893 546 Sixlinus
1923 490 2526 556 Atttbstclrodamensis,
2560 494 2650 564 qui
2687 494 2947 562 optimam
2983 493 3299 550 Gruteranae
3330 486 3676 546 bibliotheca:
3698 501 3824 555 par-

549 591 659 641 tem
697 586 753 640 in
791 601 946 642 nsum
979 601 1042 640 ac
1070 586 1472 656 possessionem
1496 600 1650 640 suam
1686 585 1911 655 redegit,
1941 601 2049 638 non
2086 593 2168 638 est
2203 598 2396 654 passus
2423 595 2528 640 tam
2566 595 2834 651 sanctum,
2865 595 2973 641 tam
3003 587 3172 654 pium,
3213 597 3320 640 tam
3349 583 3672 652 sapientem,
3708 587 3822 632 tam

548 681 810 736 disertum
841 681 1163 750 scriptorem
1193 680 1399 736 diutius
1433 680 1486 734 in
1519 681 1694 736 isthoc
1723 681 2012 736 tenebroso
2042 694 2257 735 carcere
2285 681 2636 743 (lclitcsr'ere;
2688 683 2781 737 sed
2811 683 2936 737 inde
2965 693 3266 738 extractum
3298 678 3506 735 liberali
3543 691 3706 730 manu
3735 688 3822 728 as-

548 761 738 835 seruit,
763 769 1016 838 haudque
1049 769 1308 840 gravatim
1339 769 1645 834 consensit,
1693 779 1754 824 ut
1787 769 1841 823 in
1877 769 1994 824 dias
2038 769 2260 824 luminis
2301 785 2445 836 oras,
2480 781 2572 826 tuo
2611 773 2838 828 vestitus
2887 789 2952 829 ac
2980 773 3274 843 splendens
3301 777 3520 834 ornattt,
3555 784 3584 821 a
3611 765 3823 820 Fitzcto

548 873 739 920 nostro
765 865 1180 934 produceretur,
1212 865 1394 919 ethoc
1424 873 1582 935 pacto
1604 863 1658 918 in
1690 863 1995 918 libertatem
2025 879 2176 918 suam
2207 865 2518 921 restitutum
2551 869 2627 922 ire
2653 869 2873 938 juberet
2901 885 3010 940 quo
3041 869 3223 924 vellet.
3257 867 3372 934 Qua
3404 867 3458 920 in
3510 880 3569 918 re
3622 871 3678 916 et
3720 859 3819 916 tibi

549 965 607 1010 ttt
632 955 1028 1027 gratiﬁcaretur
1052 955 1270 1025 sategit,
1299 963 1356 1010 et
1377 955 1558 1018 simul,
1590 970 1659 1010 ne
1691 964 1797 1009 tant
1836 955 2092 1025 praeclara
2121 970 2282 1024 opera
2312 959 2519 1012 auctori
2554 976 2654 1014 suo
2697 961 2990 1031 deperiret,
3017 976 3324 1030 praecavere
3350 958 3536 1013 voluit.
3573 957 3714 1009 Sane
3761 959 3822 1005 ut

545 1049 692 1103 bono
719 1048 1044 1104 Christianae
1074 1048 1403 1118 reipublicae,
1449 1049 1536 1103 cui
1586 1049 1829 1118 juvando
1876 1048 2372 1120 promovendoque,
2421 1052 2472 1106 in
2530 1053 2854 1110 exulceratis
2887 1053 3174 1108 hominum
3207 1051 3568 1121 quorumdam
3600 1043 3821 1116 judiciis

546 1143 908 1212 persanandis
953 1152 1010 1198 et
1042 1143 1172 1198 feris
1209 1143 1450 1198 moribus
1501 1142 1830 1212 mitigandis,
1864 1144 2022 1198 unice
2069 1143 2246 1198 facere
2304 1145 2392 1198 hic
2447 1147 2680 1216 scriptor
2707 1159 2764 1204 et
2806 1156 2985 1219 potest
3019 1155 3071 1201 et
3111 1146 3294 1210 debet,
3327 1143 3410 1196 vel
3445 1143 3546 1196 hac
3578 1141 3631 1193 in
3662 1146 3819 1206 parte

547 1235 859 1289 consultum
888 1235 1003 1289 ivit.
1033 1234 1222 1305 Neque
1257 1249 1358 1305 ego
1409 1235 1627 1289 interim
1659 1233 1834 1288 otﬁcio
1883 1249 2008 1288 meo
2042 1234 2210 1299 defui,
2245 1236 2450 1291 veritus
2479 1253 2546 1292 ne
2580 1248 2674 1294 aut
2706 1239 3140 1308 manuscriptum
3172 1237 3225 1290 in
3266 1233 3586 1289 aemulorum
3622 1243 3820 1284 manus

547 1328 762 1384 invidas
789 1327 1089 1392 deveniret,
1119 1334 1213 1382 aut
1241 1342 1328 1380 res
1360 1342 1572 1382 rursum
1605 1325 1999 1395 procrastinata
2044 1341 2246 1380 novum
2279 1327 2332 1381 in
2381 1329 2683 1398 periculum
2735 1346 2799 1385 ex
2856 1340 3166 1386 transverso
3213 1327 3498 1382 incideret.
3527 1323 3644 1377 Non
3693 1335 3817 1374 sum

547 1428 787 1492 ignarus,
831 1419 924 1474 sed
969 1419 1116 1474 domi
1147 1419 1340 1474 doctus
1383 1427 1599 1486 meopte
1633 1417 1880 1488 exemplo
1913 1418 2100 1485 didici,
2143 1429 2360 1490 quantae
2387 1420 2543 1475 molis
2590 1421 2660 1476 sit
2709 1423 2869 1476 talem
2903 1431 3119 1493 partum
3149 1419 3492 1491 progignere,
3543 1422 3820 1485 quantave

547 1511 748 1567 dividia
781 1518 1018 1566 mentem
1049 1516 1257 1579 premat
1288 1515 1342 1562 et
1379 1506 1632 1562 conﬁciat
1658 1507 1728 1561 ob
1761 1507 2072 1576 deperditas
2118 1507 2255 1564 forte
2291 1517 2386 1562 aut
2428 1509 2810 1565 manticulatas
2851 1511 3156 1582 vigiliarum
3209 1517 3520 1562 nostrarum
3553 1503 3815 1558 lucubraa

536 1602 748 1656 ‘tiones.
778 1599 888 1654 Nec
917 1599 1105 1654 dubito
1155 1597 1286 1667 quin
1341 1596 1496 1666 plura
1542 1595 1596 1650 id
1643 1611 1816 1667 genus
1866 1606 2218 1651 monuntenta
2247 1612 2416 1667 penes
2448 1605 2500 1652 te
2527 1607 2762 1668 exstent,
2795 1601 2882 1654 vel
2923 1601 3020 1655 abs
3062 1609 3119 1655 te
3155 1599 3274 1670 ipso
3313 1599 3508 1652 aﬂecta
3551 1606 3607 1650 et
3633 1594 3818 1664 profe-

540 1703 636 1749 cta
661 1735 676 1759 ,
710 1693 796 1748 vel
829 1693 896 1747 ab
926 1691 1114 1746 amicis
1157 1699 1260 1744 tuae
1285 1688 1410 1744 fidei
1459 1688 1838 1743 commendata
1866 1729 1880 1752 ,
1915 1705 2036 1759 quae
2063 1689 2255 1760 cupias
2291 1705 2413 1744 cum
2457 1689 2740 1746 industriis
2777 1701 2830 1748 et
2875 1692 3110 1748 assiduis
3153 1691 3462 1760 bibliopolis
3508 1687 3819 1742 communi-

551 1801 696 1842 care.
725 1786 804 1840 Ad
849 1799 968 1839 eam
1003 1797 1116 1837 rem
1163 1781 1208 1837 si
1258 1781 1353 1836 tibi
1399 1795 1563 1850 opera
1592 1795 1710 1836 mea
1751 1781 1902 1836 utilis
1927 1791 1982 1837 et
2023 1782 2262 1852 proﬁcua
2297 1797 2418 1838 esse
2446 1783 2664 1853 poterit,
2703 1785 3004 1851 mandabis,
3031 1785 3162 1856 quid
3192 1784 3307 1841 ﬁeri
3336 1785 3490 1850 velis,
3523 1795 3577 1838 et
3610 1783 3816 1836 factum

546 1887 764 1950 putato.

618 1973 702 2028 Ad
738 1982 789 2026 te
818 1986 1054 2042 quoque,
1086 1969 1245 2026 Pater
1275 1970 1595 2042 Rosweyde,
1622 1986 1730 2026 non
1765 1971 1944 2025 minus
1981 1972 2190 2026 curatio
2232 1973 2396 2043 hujus
2422 1972 2754 2028 sanctissimi
2801 1973 2980 2029 Patris
3013 1974 3204 2030 lsidori
3235 1983 3483 2044 spectare
3517 1973 3717 2034 debet,
3753 1983 3814 2027 ut

548 2083 709 2136 qttetn
741 2066 900 2124 Pater
916 2066 1190 2121 'Schottus
1224 2066 1458 2138 eleganti
1489 2065 1791 2136 festivoque
1833 2067 2109 2121 schemate
2139 2075 2248 2121 tam
2289 2067 2584 2122 liberaliter
2609 2068 2916 2124 honestavit
2938 2112 2951 2134 ,
2985 2069 3035 2124 ei
3057 2076 3122 2125 tu
3151 2068 3313 2124 vitam
3346 2068 3515 2138 ipsam
3547 2067 3814 2122 redonare

549 2179 656 2217 non
689 2163 1034 2233 neglecturus
1063 2163 1139 2216 sis
1170 2161 1225 2215 in
1252 2161 1358 2216 illis
1383 2161 1451 2216 de
1493 2160 1812 2216 Sanctorum
1855 2163 2091 2216 historiis
2136 2163 2652 2217 commentariorum
2687 2164 2862 2219 libris.
2893 2165 2968 2218 Ita
2993 2180 3118 2234 spes
3148 2181 3251 2222 nos
3273 2165 3414 2219 bona
3445 2165 3613 2229 fovet,
3643 2178 3808 2232 quam

547 2260 616 2315 de
646 2267 699 2314 te
722 2274 913 2313 omnes
935 2257 1136 2313 eruditi
1161 2265 1216 2312 et
1247 2259 1509 2312 bonarum
1535 2258 1839 2312 litterarum
1880 2259 2109 2314 studiosi
2150 2269 2538 2328 conceperunt.
2577 2259 2766 2328 Neque
2800 2275 2900 2315 nos
2927 2259 3037 2314 falli
3069 2271 3163 2315 aut
3189 2276 3285 2330 spe
3313 2268 3498 2314 nostra
3527 2259 3636 2328 jam
3660 2257 3814 2312 diur-

547 2361 711 2407 nante
741 2351 988 2406 frustrari
1021 2350 1263 2421 patieris,
1292 2352 1336 2406 si
1383 2350 1678 2421 ingenuum
1708 2349 1984 2420 ingenium
2020 2359 2170 2405 tuum
2207 2360 2352 2405 recte
2381 2351 2652 2415 novimus,
2689 2360 2745 2407 et
2773 2360 3220 2422 perseverantem
3250 2351 3414 2406 animi
3455 2352 3811 2414 voluntatem,

546 2461 708 2516 quam
742 2442 1021 2513 sapientes
1048 2443 1408 2497 constantiam
1441 2441 1496 2494 in
1523 2441 1804 2512 promissis
1833 2442 2137 2513 appellant,
2172 2441 2274 2496 rite
2299 2441 2696 2512 perspeximus.

618 2540 754 2594 Cum
782 2553 911 2608 ergo
941 2544 1234 2606 utrumque
1255 2543 1502 2591 chtrum
1524 2533 1806 2591 'Pelusiota
1844 2546 2044 2600 vester,
2089 2535 2203 2590 imo
2231 2553 2293 2591 ex
2328 2546 2481 2607 parte
2507 2545 2562 2592 et
2591 2546 2796 2602 noster,
2825 2545 3012 2609 tangat
3037 2579 3051 2602 ,
3084 2545 3229 2593 recte
3267 2547 3430 2608 atque
3459 2537 3647 2592 ordine
3679 2536 3811 2590 mihi

547 2630 794 2686 facturus
821 2629 1066 2691 videbar,
1098 2627 1142 2682 si
1179 2642 1306 2683 eum
1337 2627 1404 2683 ad
1435 2635 1731 2698 utrumque
1757 2628 1964 2697 pariter
1992 2627 2344 2694 destinarem,
2377 2628 2469 2698 qui
2498 2643 2686 2683 aurem
2716 2629 2872 2683 vobis
2910 2630 3152 2696 vellerct,
3189 2639 3246 2684 ut
3279 2630 3588 2700 conjunctis
3618 2630 3815 2699 Opibus

547 2735 714 2798 atque
754 2725 1041 2781 industriis
1081 2724 1348 2794 integram
1378 2723 1669 2792 aliquando
1692 2731 1747 2777 et
1775 2723 2030 2778 omnibus
2058 2723 2302 2778 numeris
2333 2723 2635 2778 absolutam
2670 2723 2861 2778 lsidori
2893 2739 3120 2793 operum
3145 2725 3442 2779 editionem
3473 2725 3818 2790 adornaretis

546 2832 604 2878 et
635 2821 1020 2894 procuraretis.
1049 2819 1412 2892 Dignissimus
1438 2833 1569 2873 sane
1601 2819 1852 2888 scriptor,
1888 2817 1943 2872 in
1974 2832 2082 2887 quo
2115 2833 2336 2888 operam
2393 2819 2534 2874 hanc
2584 2825 2838 2874 cunctam
2868 2819 3229 2885 eolloearetis,
3262 2819 3347 2875 vel
3378 2819 3596 2890 egregio
3633 2819 3814 2886 reipu-

547 2912 724 2979 blicae,
761 2914 954 2982 inqua
985 2919 1040 2966 et
1071 2911 1174 2966 sub
1223 2926 1329 2980 qua
1375 2911 1539 2966 vitam
1584 2923 1928 2964 communem
1973 2907 2178 2980 degunt
2203 2908 2442 2980 religiosi
2481 2923 2606 2964 eum
2639 2909 2902 2978 profanis,
2955 2909 3210 2964 catholici
3259 2923 3384 2965 cum
3419 2907 3809 2966 scltismatiris.

535 3003 677 3059 boni
709 3017 832 3056 eum
868 3000 1043 3056 malis.
1075 2998 1264 3068 Neque
1285 2998 1430 3054 enim
1465 2999 1810 3054 sanctissimo
1833 2989 1962 3054 huic
1991 2995 2135 3053 Patri
2174 2999 2402 3064 lsidoro,
2441 2999 2525 3054 vel
2549 2998 2808 3071 magistro
2842 3001 2961 3070 ejus
3003 3001 3063 3054 Β.
3094 3002 3498 3072 (Iltrysostomo,
3531 3008 3620 3054 aut
3651 3007 3811 3053 caete-

541 3097 623 3151 ris
643 3096 768 3164 ejus
789 3095 886 3148 aevi
909 3093 1111 3148 sanctis
1138 3101 1190 3146 et
1212 3092 1493 3148 catholicis
1521 3092 1792 3158 Patribus,
1827 3090 2021 3147 Basilio
2046 3092 2258 3164 Magno,
2279 3090 2541 3162 Gregorio
2575 3091 2944 3158 Nazianzeno,
2976 3091 3236 3158 Caesarie,
3271 3103 3404 3155 etc.,
3441 3107 3559 3146 mos
3590 3091 3680 3144 ille
3704 3105 3814 3159 quo

545 3201 706 3241 .nunc
722 3186 884 3258 vulgo
898 3187 1109 3242 vivitur
1133 3187 1382 3259 cognitus
1401 3195 1536 3252 erat,
1569 3193 1625 3241 at
1648 3185 1898 3242 homines
1931 3200 2106 3256 teque,
2137 3199 2201 3240 ac
2224 3186 2341 3256 ipsa
2371 3184 2523 3249 vitia,
2552 3185 2858 3240 odissemus
2887 3192 2942 3240 et
2974 3185 3294 3240 vitat-emus.
3318 3185 3520 3240 Contra
3555 3199 3615 3238 ea
3639 3183 3810 3237 sancti

545 3277 626 3332 illi
662 3277 994 3334 Patresvitia
1018 3279 1302 3335 hominum
1325 3278 1510 3350 fugere
1547 3293 1610 3334 ac
1638 3279 1897 3334 detestari
1925 3293 2026 3334 nos
2051 3278 2336 3350 iubebant.
2363 3290 2476 3331 non
2504 3277 2921 3348 hominesipsos
2943 3277 3034 3333 Dei
3069 3277 3358 3348 imaginem
3386 3287 3657 3347 gerentes,
3675 3290 3813 3343 quos

547 3370 813 3427 Dominus
838 3381 1025 3428 noster
1041 3373 1487 3430 HJesnS‘Christus
1521 3372 1798 3444 proximos
1829 3382 2045 3430 nostros
2070 3389 2192 3431 esse
2222 3373 2427 3440 docuit,
2461 3381 2517 3428 et
2542 3372 2767 3445 diligere
2797 3374 3075 3444 przecepit.
3104 3374 3210 3428 Sed
3241 3373 3358 3428 haec
3387 3381 3470 3427 est
3493 3371 3674 3427 saeculi
3712 3385 3812 3423 no-

546 3461 644 3516 stri
674 3463 816 3518 haud
860 3463 974 3519 scio
1003 3464 1312 3530 infelicitas,
1348 3464 1545 3530 dicam,
1579 3480 1647 3519 an
1675 3463 1928 3529 fatalitas,
1960 3481 2030 3519 an
2057 3465 2239 3535 potius
2270 3463 2604 3529 immanitas,
2638 3479 2801 3534 quam
2834 3473 3115 3534 tantopere
3155 3463 3428 3534 quondam
3461 3461 3813 3517 illustrissimi

545 3553 852 3611 cardinales
869 3556 1184 3612 Bembus'et
1206 3555 1493 3611 Sado‘letus
1521 3555 1894 3625 deplorabant.
1932 3554 2104 3611 Dicite
2133 3555 2300 3621 mibi,
2323 3556 2417 3610 sed
2444 3564 2622 3610 vestra
2657 3554 2794 3620 ﬁde,
2831 3554 2876 3610 si
2918 3555 3076 3610 istam
3125 3569 3338 3609 morum
3388 3546 3712 3622 rigiditatem
3756 3551 3812 3604 itt

547 3644 920 3712 expungendis
949 3644 1389 3699 dissentientium
1437 3643 1751 3698 nominibus
1797 3659 1907 3698 non
1949 3645 2110 3700 modo
2140 3660 2206 3700 ex
2236 3644 2510 3716 diptychis
2551 3642 2826 3710 Ecclesiae,
2860 3660 3052 3700 verum
3083 3659 3151 3700 ex
3187 3645 3320 3715 ipso
3357 3645 3522 3700 etiam
3563 3643 3686 3698 albo
3711 3646 3815 3714 τῆς

550 3730 656 3797 ιξω
686 3735 868 3803 φιλίας
892 3737 988 3790 καὶ
1009 3736 1228 3808 ὁμιλίας
1257 3735 1639 3791 indiﬁ‘erenter
1671 3736 2022 3792 admittemus
2042 3777 2058 3801 ,
2083 3753 2176 3792 nut

2189 3753 2367 3808 tquam
2394 3737 2482 3792 vel
2527 3736 2994 3792 sanctissimorum
3042 3736 3266 3792 Patrum
3299 3743 3570 3792 exsortem
3598 3734 3668 3790 ab
3710 3735 3815 3789 hac

549 3822 753 3880 invidia
782 3827 1205 3897 praestabimus?
1253 3827 1372 3882 Non
1405 3837 1552 3883 certe
1583 3843 1676 3884 vos
1711 3828 1876 3884 istum
1912 3829 2090 3900 ipsum
2145 3829 2411 3885 lsidorum
2439 3837 2719 3894 vestrum,
2753 3844 2864 3884 non
2907 3829 3038 3900 'ejus
3087 3829 3402 3900 magistrum
3451 3827 3510 3882 B.
3544 3827 3817 3884 Joannem

548 3917 999 3992 Chrysostomum
1021 3959 1037 3986 ,
1071 3936 1180 3978 non
1211 3921 1467 3993 Magnum
1508 3919 1764 3976 Basilium
1789 3962 1804 3987 ,
1829 3935 1943 3976 non
1969 3921 2437 3992 Thaumaturgum
2493 3921 2919 3987 Nazianzenum,
2955 3935 3066 3977 non
3097 3920 3430 3994 Theologum
3486 3920 3814 3992 Nyssenum,

553 4029 668 4070 non
703 4012 955 4083 Ephraam
981 4013 1436 4094 Theodidactum,
1459 4027 1567 4067 non
1603 4012 1908 4086 Synesium,
1934 4029 2046 4068 non
2086 4013 2476 4085 Epiphaniam,
2501 4013 2928 4082 Theoderetum,
2977 4031 3086 4070 non
3121 4015 3289 4070 ullum
3344 4015 3464 4084 ejus
3492 4014 3669 4070 aetatis
3698 4024 3813 4069 tra-

549 4114 818 4162 etatorem
866 4116 1117 4162 sanctum
1161 4108 1228 4162 ab
1279 4105 1496 4177 injuria:
1543 4106 1710 4177 hujus
1751 4123 1892 4162 nexu
1937 4106 2233 4163 defendere
2263 4108 2395 4162 mihi
2427 4123 2667 4178 unquam
2702 4107 2976 4178 poteritis,
3007 4117 3104 4162 aut
3135 4107 3189 4161 in
3227 4117 3342 4162 tuto
3370 4107 3660 4190 collocare.
3697 4105 3812 4160 Viri

551 4200 759 4256 cordati
802 4201 994 4256 beatos
1038 4217 1134 4257 vos
1175 4215 1296 4256 esse
1335 4203 1659 4273 praedicant,
1705 4201 1906 4271 quibus
1950 4201 2136 4256 datum
2169 4212 2335 4272 atque
2377 4216 2702 4257 concessum
2733 4201 2867 4256 site
2899 4211 3007 4255 tam
3040 4199 3212 4272 rigido
3247 4215 3458 4266 eorum,
3499 4215 3638 4270 quos
3675 4199 3810 4261 dixi,

551 4289 805 4346 instituto
844 4290 1081 4346 seorsim
1119 4290 1344 4346 sentire.
1395 4291 1486 4346 Sic
1529 4291 1676 4346 enim
1721 4289 1954 4344 alienam
1995 4290 2333 4362 religionem,
2365 4299 2420 4346 et
2446 4291 2719 4345 humanos
2749 4290 3065 4345 mortalium
3110 4291 3272 4345 laesus
3321 4291 3446 4345 odio
3488 4290 3722 4352 habetis,
3756 4300 3820 4342 ιιι

549 4389 735 4436 tamen
765 4382 924 4438 dotes
952 4383 1295 4452 ingeniorum
1329 4383 1716 4447 humanorum,
1748 4397 1951 4452 easque
1980 4393 2146 4449 artes,
2182 4399 2317 4454 quas
2339 4385 2418 4440 eis
2437 4384 2673 4455 praebuit
2700 4381 2942 4439 Phoebus
2967 4385 3180 4454 Apollo,
3214 4393 3275 4438 ut
3299 4384 3601 4438 Homericis
3633 4383 3820 4437 verbis

547 4475 868 4544 exprimam,
902 4476 1167 4530 aestimare
1195 4487 1246 4528 et
1275 4474 1530 4530 admirari
1565 4473 1885 4528 didiceritis.
1917 4455 2222 4530 Macte’hac
2254 4475 2459 4530 virtute
2479 4515 2494 4538 ,
2536 4492 2570 4530 o
2604 4474 2907 4531 venerandi
2945 4476 3193 4530 seniores
3216 4513 3230 4537 ,
3260 4491 3366 4544 qua
3400 4474 3455 4528 in
3489 4475 3622 4528 orbe
3650 4474 3817 4529 Chri-

551 4563 728 4619 stiano
777 4561 1000 4617 nomina
1031 4571 1212 4617 vestra
1266 4561 1585 4632 praeclivent
1617 4575 1682 4614 ac
1729 4561 2099 4617 celebrantur.
2141 4563 2305 4620 Vobis
2332 4566 2433 4636 ipsi
2462 4567 2628 4622 etiam
2675 4565 2974 4622 adversarii
3021 4565 3162 4620 hanc
3184 4565 3548 4635 justissimam
3597 4565 3819 4620 laudent

548 4640 694 4711 veris
723 4653 945 4708 calculis
981 4654 1280 4726 assignant,
1309 4651 1455 4721 quod
1501 4651 1624 4722 plus
1655 4651 2045 4707 moderatione
2076 4663 2254 4710 vestra
2293 4657 2437 4726 apud
2469 4657 2860 4712 dissentientes
2885 4655 3198 4726 proﬁciatis,
3233 4672 3396 4726 quam
3422 4655 3518 4721 illi,
3545 4671 3683 4726 quos
3715 4659 3823 4712 mi-

549 4759 655 4798 nus
677 4742 880 4797 dudum
914 4743 1232 4807 memoravi,
1274 4756 1397 4795 cum
1425 4742 1682 4797 omnibus
1731 4743 1844 4797 suis
1879 4745 2106 4799 armatis
2139 4747 2312 4816 copiis
2339 4747 2404 4803 ad
2455 4748 2648 4819 rigoris
2677 4757 2857 4804 cotem
2887 4748 3177 4812 sanciatis,
3205 4747 3404 4817 quibus
3441 4748 3703 4819 saepeﬁeri
3735 4753 3822 4806 af-

549 4835 788 4902 ﬁrmant,
812 4843 872 4889 ut
909 4834 1082 4902 magis
1107 4835 1428 4898 destruant,
1459 4849 1622 4904 quam
1653 4835 1942 4900 tediﬁcent,
1969 4837 2207 4902 cadant,
2231 4855 2395 4908 quam
2423 4840 2670 4896 vincant.
2697 4839 2887 4894 Valete
2907 4881 2922 4904 ,
2955 4847 3011 4894 et
3042 4840 3356 4895 comitatem
3389 4856 3598 4906 meam,
3647 4858 3822 4910 quam

549 4925 758 4982 Isidoro
774 4934 955 4982 vestro
988 4923 1278 4986 servando,
1306 4933 1361 4977 et
1387 4923 1542 4978 vobis
1566 4925 1621 4978 in
1653 4925 1758 4980 hoc
1782 4929 2060 4983 schemate
2091 4930 2536 4998 repraesentanda
2565 4931 2800 4986 libenter
2829 4931 3092 5000 impendi,
3123 4932 3253 4987 boni
3283 4933 3580 5000 consulite;
3607 4937 3821 5004 majora

547 5033 580 5074 a
601 5033 696 5074 me
725 5017 1108 5088 praestolaturi,
1139 5017 1184 5072 si
1203 5015 1358 5070 vobis
1385 5017 1626 5072 studium
1675 5027 1838 5088 atque
1881 5021 2116 5075 oﬂieium
2153 5038 2336 5078 meum
2386 5023 2440 5076 in
2468 5022 2630 5078 rebus
2661 5023 2861 5078 vestris
2887 5023 3166 5080 litterariis
3191 5025 3464 5096 iuvandis,
3498 5036 3554 5082 et
3589 5042 3689 5098 pro
3727 5043 3819 5096 ea,

547 5127 654 5184 qua
677 5112 858 5169 valere
889 5121 1050 5181 atque
1077 5123 1237 5178 posse
1265 5109 1568 5176 existimor,
1602 5113 1928 5168 auctoritate
1957 5115 2363 5184 promovendis.
2396 5114 2614 5184 placere
2647 5115 2984 5172 intellexero.

625 5206 943 5262 Scribebam
978 5202 1382 5258 Francofordite
1415 5219 1445 5258 a
1474 5203 1529 5260 (Ι.
1558 5221 1644 5259 xvt
1669 5203 1792 5259 Kal.
1835 5205 2072 5260 lliartiar.
2107 5208 2171 5260 A.
2201 5208 2267 5264 C.
2297 5207 2361 5262 N.
2400 5227 2461 5261 oo
2499 5223 2728 5264 tocxxtx.

1241 5385 3800 5421 *Μ

1355 5506 1867 5565 TYPOG‘RAPHUS
1914 5509 2254 5577 ΑΝΤΙΩΠΑΞ
2304 5511 2674 5572 EDITIONIS
2725 5517 2922 5574 LIBRI
2951 5519 2988 5574 V

1976 5603 2274 5660 LECTORI
2319 5605 2378 5662 S.

623 5754 768 5813 Duos
793 5741 995 5830 quidem
1025 5757 1252 5816 Isidoro:
1285 5761 1420 5818 locis.
1442 5765 1860 5835 temporibusque
1892 5765 2123 5836 dissitas,
2165 5771 2343 5837 patria
2371 5787 2573 5846 quoque
2609 5776 2853 5844 diversos,
2885 5777 2975 5834 sed
3000 5779 3350 5836 sanctimonia
3387 5779 3552 5838 socios
3581 5779 3806 5852 junctim
