4118 6426
493 290 596 356 119
1629 297 2119 358 PROLEGOM

2139 301 2185 358 Α
2224 301 2421 360 EDIT.
2461 302 2701 362 PARIS.
3659 295 3760 361 120

497 509 1969 528 ~.———.——————ﬁ——————-————————_—
1978 520 2257 527 _———-———_

1087 672 1376 730 ISAACUS
1408 673 1856 733 CASAUBONUS
1891 676 2221 734 CUNRADO
2318 672 2817 736 RITTEBSHUSIO
2844 679 2930 736 IC.
2976 679 3034 736 S.
3082 681 3151 734 D.

563 853 802 910 Avebam
843 852 1006 919 scire,
1041 863 1105 910 ut
1151 855 1384 922 valeres,
1431 863 1487 910 et
1527 855 1658 926 quid
1687 871 1896 926 ageres.
1939 857 2240 912 clarissime
2277 857 2628 922 Iiittersliusi,
2661 857 3008 928 mirabarque
3030 857 3177 913 binis
3203 857 3339 912 meis
3377 855 3756 926 superioribus
3849 851 3856 856 ’

489 945 696 1000 nullum
716 960 747 999 a
777 952 832 1000 te
861 959 1183 1014 responsum
1214 961 1336 1000 esse
1361 945 1566 1011 datum,
1600 955 1660 1000 ut
1704 962 1805 1002 nec
1832 961 1863 1001 a
1894 947 2149 1018 Scipione
2195 947 2395 1003 Gentili
2417 989 2432 1012 ,
2484 949 2777 1004 academia:
2817 959 3016 1006 vestrae
3045 950 3250 1005 lumine
3282 948 3576 1020 quidquam
3607 947 3758 1002 litte-

490 1051 671 1090 rarum
699 1037 905 1106 accepi,
931 1044 1220 1106 postquam
1251 1052 1318 1092 ex
1342 1037 1538 1094 itinere
1568 1037 1776 1093 Gallico
1808 1037 1990 1094 isthuc
2020 1049 2106 1094 est
2139 1055 2414 1104 reversus,
2447 1055 2706 1112 eramque
2739 1041 2875 1097 adeo
2915 1041 2983 1098 de
3022 1042 3306 1110 utriusque
3335 1050 3575 1097 vestrum
3607 1038 3757 1094 vale-

490 1127 677 1183 tudine
706 1144 771 1184 ac
799 1139 946 1185 statu
975 1130 1258 1197 sollicitus,
1282 1143 1408 1185 cum
1448 1130 1602 1184 misit
1643 1129 1707 1184 ad
1755 1145 1843 1186 me
1873 1129 2112 1203 Bongars

2129 1147 2224 1198 us,
2248 1135 2278 1188 ὁ
2315 1133 2425 1186 τῶν
2451 1132 2600 1204 ἐμῶν
2639 1132 2810 1203 φίλων
2845 1133 3040 1198 ἄωτος,
3087 1134 3376 1204 epistolam
3423 1131 3571 1186 illam
3606 1138 3755 1184 tuam

488 1233 651 1288 quam
682 1220 901 1290 utrique
927 1227 1175 1276 nostrum
1205 1235 1550 1277 communem
1569 1219 1702 1290 tesse
1731 1221 1968 1277 voluisti.
2021 1222 2256 1279 Gavisus
2283 1238 2403 1278 sum
2435 1239 2546 1278 non
2591 1223 2968 1288 mediocriter,
2999 1231 3057 1277 et
3089 1223 3234 1292 quod
3269 1221 3544 1278 valentem
3591 1228 3644 1273 te
3673 1219 3760 1272 in-

489 1311 692 1378 tellexi,
720 1321 776 1368 et
811 1313 955 1384 quod
987 1313 1061 1369 ita
1093 1314 1149 1369 in
1183 1312 1733 1379 litterasanimatum,
1774 1321 1833 1368 ut
1863 1315 2005 1370 bene
2033 1315 2102 1371 de
2123 1315 2228 1370 illis
2270 1315 2514 1370 merendi
2564 1315 2726 1371 linem
2758 1315 2971 1371 nullum
3009 1315 3195 1370 facias.
3226 1313 3361 1368 Nam
3390 1311 3536 1383 quod
3561 1309 3762 1366 scribis

489 1406 559 1460 de
591 1407 824 1477 repertis
853 1406 914 1460 Β.
940 1407 1118 1464 Patris
1142 1407 1335 1464 Isidori
1362 1406 1652 1464 Pelusiota:
1673 1408 1939 1480 epistolis,
1981 1418 2039 1466 et
2071 1419 2162 1466 tua
2199 1426 2329 1466 cura
2352 1411 2642 1482 descriptis
2679 1420 2844 1480 atque
2880 1409 2948 1465 ad
2986 1409 3258 1466 edendum
3299 1407 3501 1480 paratis
3527 1424 3542 1462 :
3571 1401 3754 1460 beasti

492 1517 600 1567 me,
644 1502 718 1556 mi
765 1503 1115 1573 Rittershusi,
1161 1505 1266 1561 hoc
1313 1505 1614 1578 evangelio.
1649 1506 1822 1563 Macte
1856 1507 1963 1564 hoc
2013 1508 2194 1564 studio
2239 1518 2402 1579 atque
2441 1509 2682 1564 bermzeo
2710 1508 2836 1564 isto.
2869 1507 3033 1563 Multa
3066 1507 3287 1578 quidem
3321 1506 3415 1562 tibi
3453 1507 3568 1576 jam
3608 1519 3756 1574 resp.

491 1593 752 1650 litteraria
783 1598 966 1664 debet,
989 1609 1213 1670 propter
1232 1600 1444 1672 egregia
1461 1600 1666 1672 ingenii
1693 1603 1771 1657 tui
1811 1601 2169 1671 monimenta,
2203 1603 2402 1675 quibus
2439 1605 2582 1659 illam
2610 1603 2832 1670 auxisti,
2869 1603 3112 1668 ornasti;
3151 1603 3248 1658 sed
3279 1616 3535 1673 magnum
3561 1615 3761 1654 cumu-

494 1688 608 1745 lum
650 1693 918 1762 prioribus
946 1695 1055 1752 tuis
1075 1696 1286 1752 meritis
1308 1695 1594 1767 adieceris,
1619 1697 1666 1752 si
1700 1705 1810 1752 tam
1845 1699 1996 1769 pium
2027 1710 2084 1756 et
2120 1700 2394 1756 eruditum
2433 1699 2754 1770 scriptorem
2787 1697 2847 1762 ἐξ
2883 1697 3009 1769 ᾅδου
3049 1696 3376 1767 παλίνορσον
3402 1694 3562 1750 nobis
3593 1693 3764 1749 dede-

493 1787 588 1850 ris,
617 1786 760 1856 quod
797 1787 1016 1857 quidem
1037 1797 1099 1844 ut
1133 1789 1320 1854 facias,
1357 1804 1466 1844 non
1500 1789 1689 1844 hortor
1725 1799 1776 1845 te
1805 1791 2006 1857 solum,
2051 1792 2144 1848 sed
2175 1793 2339 1848 etiam
2387 1807 2520 1863 rogo
2567 1799 2730 1860 atque
2777 1790 3058 1845 obtestor:
3091 1804 3159 1844 eo
3196 1787 3418 1858 quidem
3458 1785 3760 1841 vehemen-

493 1877 622 1942 tius,
656 1894 764 1948 quo
792 1879 1076 1949 pauciores
1106 1879 1272 1936 hodie
1316 1890 1444 1936 sunt
1477 1896 1711 1951 quorum
1752 1881 1934 1950 palato
1967 1881 2137 1952 dapes
2181 1882 2301 1937 ista:
2350 1881 2583 1952 sapiant.
2629 1879 2738 1936 Sed
2789 1879 2930 1934 male
2979 1894 3240 1934 sanorum
3281 1877 3568 1933 hominum
3597 1891 3763 1930 voces

501 1977 739 2040 insanas,
771 1979 864 2046 qui
915 1977 1125 2036 litteras
1175 1977 1394 2036 Graecas
1423 1979 1632 2035 faciunt
1663 1994 1774 2035 non
1804 1979 1986 2050 pauci,
2023 1995 2125 2050 pro
2177 1989 2269 2035 tua
2299 1979 2589 2050 prudentia
2637 1978 2795 2033 facile
2843 1975 3101 2046 intelligis
3130 1987 3252 2029 esse
3291 1967 3758 2036 contemnendas;

492 2081 655 2142 atque
713 2073 843 2129 illud
908 2074 1090 2145 potius
1150 2075 1328 2137 nobis,
1383 2075 1476 2146 qui
1532 2075 1751 2131 illarum
1807 2076 2178 2146 praestantiam
2234 2091 2298 2130 ac
2341 2083 2727 2130 necessrtatem
2777 2070 3167 2142 intelligimus,
3235 2081 3358 2124 esse
3408 2063 3754 2130 enitendum,

493 2179 552 2224 ut
572 2169 909 2240 fugientibus
943 2183 1168 2224 manum
1195 2169 1530 2240 injiciamus,
1560 2179 1637 2235 et,
1669 2171 1713 2226 si
1747 2185 2045 2240 possumus
2064 2209 2080 2235 ,
2113 2185 2268 2224 suam
2301 2167 2720 2226 aestimationem
2747 2181 2812 2222 ac
2835 2167 3072 2237 pretium
3097 2165 3206 2220 illis
3222 2164 3368 2235 apud
3385 2167 3515 2232 τοὺς
3535 2168 3758 2237 εὐφυεῖς

491 2265 622 2334 γοῦν
649 2265 758 2318 τῶν
781 2265 916 2319 νέων
953 2264 1312 2322 vindieemus.
1339 2264 1498 2332 Quod
1526 2273 1711 2322 autem
1733 2265 1821 2322 edi
1859 2265 2018 2336 cupis
2044 2264 2275 2320 Lutetiae
2307 2279 2446 2335 opus
2478 2271 2631 2318 tuum
2673 2261 2826 2333 (vere
2846 2259 2994 2316 enim
3026 2269 3180 2314 tuum
3209 2258 3488 2331 dixerim),
3511 2261 3581 2316 de
3604 2276 3668 2316 ea
3697 2275 3760 2316 re

491 2357 622 2428 quid
665 2357 801 2412 certi
831 2356 1129 2426 spondeam
1161 2356 1283 2424 tibi,
1314 2371 1427 2412 non
1455 2357 1630 2413 habeo
1667 2375 1682 2413 :
1727 2372 1854 2411 nam
1895 2356 2046 2411 lente
2075 2355 2164 2412 hic
2200 2353 2514 2411 Graecorum
2543 2351 2710 2408 editio
2755 2350 3002 2422 procedit
3027 2368 3044 2406 :
3074 2349 3179 2405 etsi
3205 2365 3316 2404 non
3346 2349 3502 2405 deest
3528 2351 3762 2420 quibus-

491 2457 617 2512 dam
647 2463 958 2510 nostrorum
979 2454 1438 2526 typographorum
1467 2454 1683 2509 animus
1708 2463 1765 2508 et
1782 2453 2052 2510 Isidorum
2071 2461 2129 2508 et
2156 2451 2400 2522 reliquos
2431 2449 2622 2504 Patres
2649 2447 2870 2504 Graecos
2909 2445 3130 2502 edendi.
3158 2445 3346 2516 Itaque
3372 2461 3500 2502 cum
3519 2446 3704 2502 omnia
3727 2461 3760 2502 a

493 2561 548 2606 te
574 2551 777 2606 fuerint
801 2557 1009 2622 parata,
1049 2549 1136 2606 fac
1175 2565 1264 2606 me
1306 2559 1365 2606 ut
1393 2550 1598 2617 sciam;
1645 2559 1701 2605 et
1727 2549 1963 2614 conﬁde,
1991 2549 2108 2620 pari
2149 2548 2429 2620 diligentia
2467 2547 2524 2601 in
2558 2561 2625 2602 eo
2653 2545 2873 2618 negotio
2915 2551 3260 2600 versaturum
3287 2585 3300 2609 ,
3337 2557 3402 2599 ac
3431 2541 3476 2597 si
3505 2556 3626 2597 mea
3672 2555 3762 2597 res

493 2652 766 2716 ageretur.
807 2643 955 2701 Vale.
999 2643 1225 2700 Madridi
1257 2645 1326 2701 ad
1353 2645 1566 2711 urbem,
1600 2662 1660 2700 ιη
1699 2643 1884 2700 Nonas
1917 2643 2200 2716 Septemb.
2234 2628 2488 2717 Clgflg.
2518 2640 2676 2698 CIIII.

517 2879 3050 2902 “mm—-
3079 2875 3738 2895 —_—-———--_—.‘

1525 3028 1686 3090 Phil.
1720 3029 2058 3092 Scherbius
2097 3047 2174 3092 ex
2203 3028 2415 3091 animo
2448 3034 2618 3090 tuus.
2660 3029 2724 3089 S.

570 3147 831 3205 Libenter
854 3150 956 3222 legi
986 3151 1255 3207 Isidorum
1283 3159 1458 3217 tuum,
1489 3161 1565 3219 et,
1597 3161 1659 3208 ut
1686 3161 1839 3224 puto,
1869 3169 1978 3209 non
2009 3153 2128 3210 sine
2153 3153 2355 3209 fructu.
2387 3152 2615 3210 Miratus
2649 3168 2770 3208 sum
2810 3149 3210 3207 immanitatem
3244 3149 3341 3222 (ita
3365 3151 3515 3206 enim
3544 3159 3763 3221 oportet

499 3243 672 3313 loqui)
701 3243 948 3301 laborum
983 3255 1221 3302 tuorum.
1252 3246 1418 3302 Feres
1443 3247 1702 3303 fructum.
1724 3247 1898 3314 Quem
1922 3249 2072 3304 illum
2091 3249 2116 3302 ?
2135 3249 2380 3306 Placebis
2399 3247 2735 3304 melioribus.
2762 3246 2872 3302 Sed
2900 3255 2958 3301 et
2981 3243 3232 3301 fortassis
3259 3243 3475 3300 auferes
3501 3243 3763 3299 invidiam

499 3334 645 3404 apud
671 3349 788 3402 eos,
823 3336 1022 3406 quibus
1053 3339 1337 3394 molestum
1364 3339 1488 3404 erit,
1515 3347 1568 3395 te
1603 3339 1671 3394 ad
1699 3353 1971 3395 summam
2008 3340 2149 3411 juris
2177 3339 2354 3396 civilis
2408 3339 2665 3412 peritiam
2701 3347 2910 3394 tantam
2949 3351 3136 3393 rerum
3175 3349 3452 3392 sacrarum
3495 3333 3764 3406 cognitio-

502 3440 625 3483 nem
653 3428 982 3501 adjunxissc.
1017 3431 1170 3488 Nosti
1201 3432 1482 3506 ingenium
1509 3433 1834 3491 humanum.
1871 3433 1934 3490 Β.
1964 3433 2032 3492 γ.

506 3652 3733 3682 W

1669 3797 2557 3913 ARGUMENTA

953 4046 1799 4138 EPISTOLARUM
1877 4048 1968 4136 S.
2055 4045 2513 4139 ISIDOBI
2593 4041 3309 4138 PELUSIOTIE

1183 4237 1474 4299 Breviter
1507 4237 1948 4316 comprehensa
1994 4235 2430 4317 descriptaque
2474 4256 2512 4296 a
2551 4238 2620 4300 C.
2657 4237 3105 4300 Rittershusio.

830 4557 1264 4614 AUGUMENTA
1303 4556 1488 4612 “Bm
1532 4553 1745 4648 PR'ML
2255 4579 2321 4632 10
2349 4578 2650 4635 Charitatis
2697 4579 2990 4632 encomium
3019 4619 3034 4644 ,
3085 4595 3217 4648 qua,
3251 4577 3386 4633 nihil
3435 4586 3513 4632 est
3566 4579 3763 4647 majus.

575 4651 756 4705 EPIS'I‘.
798 4651 845 4704 1.
889 4651 1086 4705 Vocum
1108 4649 1520 4704 monasticarum
1552 4647 1838 4721 ἅποταγὴς
1862 4657 1910 4705 et
1943 4651 2079 4704 ὑποο
2182 4649 2201 4702 ί

575 4721 671 4791 γῆς
697 4721 1018 4789 explanatio.
1449 4789 1472 4791 _7
1520 4789 1528 4791 ᾗ
2182 4736 2201 4770 τ

2182 4648 2377 4718 Confer
2437 4650 2589 4705 Beati
2652 4649 2880 4704 Maximi
2934 4647 3296 4712 ἑκατοντάδας
3353 4649 3396 4702 δ’
3445 4648 3571 4720 περὶ
3619 4649 3763 4718 ἁγά-

2182 4735 2309 4791 πηῖτ
2368 4788 2386 4791 _
2438 4789 2444 4791 Α
3001 4790 3005 4791 ν
3430 4789 3440 4791 Α
3506 4789 3513 4791 ξ
3667 4790 3674 4791 ,

500 4733 671 4790 ταγης
697 4733 1018 4789 explanatio.
1450 4789 1456 4790 γ
1522 4789 1525 4790 ν
2182 4735 2289 4788 πης

573 4788 822 4845 2⁷8αηὲιὶ
845 4800 966 4846 sunt
992 4793 1245 4847 carbones
1278 4791 1395 4858 igne
1423 4789 1600 4843 divino
1625 4793 1882 4846 succensi.
2254 4789 2311 4841 11
2359 4788 2596 4858 Injurias
2639 4798 2688 4842 et
2743 4790 3092 4845 contumelias
3124 4805 3228 4844 non
3251 4803 3363 4846 esse
3392 4789 3762 4855 vindicandas,

574 4864 608 4914 ’5
653 4860 846 4932 Opinio
891 4880 923 4916 a
969 4879 1022 4916 re
1073 4865 1306 4917 immane
1351 4871 1610 4928 quantum
1660 4860 1926 4932 discrepat
1967 4879 1984 4915 :
2031 4870 2082 4916 et
2182 4859 2275 4932 sed
2295 4861 2560 4932 patientia
2595 4860 2942 4932 superandus.

503 4931 657 4986 verba
687 4931 840 4992 factis
871 4934 1179 4987 concedunt.
1365 4927 1371 4928 ⁷
1834 4927 1845 4932 ⁷
2254 4929 2324 4982 η
2351 4927 2498 4982 Elati
2523 4931 2691 4982 animi
2721 4931 3072 4999 reprehensio.

575 5002 608 5054 1i
662 5000 781 5055 Vita
823 5005 1099 5070 prementis
1147 5009 1244 5061 crvi
1269 5019 1343 5062 est
1375 5003 1632 5067 stadium,
1685 5000 1740 5054 in
1780 5017 1880 5070 quo
1924 5001 2071 5057 nobis
2257 4999 2325 5071 15
2350 4999 2655 5071 ᾼάηιοηὲιίο
2683 5000 2747 5052 de
2772 4999 2944 5071 reditu
2970 5002 3039 5054 ad
3071 5002 3294 5071 ofﬁcium
3322 5002 3611 5055 desertum.

503 5084 712 5124 strenue
740 5069 1128 5144 decertandum
1175 5087 1282 5144 est,
1334 5076 1380 5130 si
1413 5073 1581 5144 futuri
1622 5069 1803 5126 δίκαιιὶ
1852 5072 2074 5138 prtemia
2259 5070 2326 5124 M
2360 5069 2590 5144 fi'wstat
2625 5070 2749 5124 bene
2771 5069 2938 5124 vivere
2963 5079 3012 5124 et
3048 5069 3220 5142 agere,
3249 5087 3411 5141 quam
3439 5071 3562 5124 bene
3590 5079 3639 5124 et
3673 5085 3762 5122 or-

505 5142 749 5208 consequi
787 5142 1025 5198 uolumus
1037 5184 1050 5197 .
1269 5139 1280 5144 ⁷
1413 5139 1423 5144 ⁷
2181 5151 2304 5194 nate
2335 5139 2525 5193 dicere.

573 5212 607 5263 5
647 5211 718 5282 ρο
765 5215 1053 5282 asperitate
1097 5226 1145 5270 et
1171 5215 1493 5270 continentia
1526 5211 1648 5266 vitae
1673 5212 1998 5265 monasticaz.
2209 5281 2215 5282 γ
2255 5211 2324 5263 15
2351 5208 2661 5282 Cohortatio
2692 5211 2762 5282 ad
2784 5208 3026 5264 studium
3047 5211 3366 5282 humilitatis
3393 5219 3442 5265 et
3469 5210 3762 5276 modestia,

571 5283 608 5356 ρ
639 5279 798 5356 galia:
826 5279 984 5356 iapud
1031 5287 1286 5340 Davidem
1309 5284 1434 5356 quid
1466 5283 1746 5356 signiﬁcet.
2182 5279 2422 5356 deposita
2441 5281 2762 5356 arrogantia
2790 5291 2946 5348 atque
2976 5281 3244 5350 superbia.

568 5351 608 5403 .7
623 5351 840 5424 AChristi
864 5348 1208 5424 ggenealogia
1268 5348 1711 5410 materna'simul
1750 5369 1811 5406 ac
1851 5361 2072 5424 paterna
2257 5348 2456 5424 16_Sal_
2480 5349 2768 5417 fecundans
2823 5367 2988 5420 aquas
3036 5348 3252 5420 sparsus
3292 5351 3358 5405 ab
3393 5349 3594 5418 Eliseo,
3631 5349 3762 5420 quid

502 5435 567 5474 ea:
605 5421 813 5490 familia
853 5419 1070 5479 Doridis
1108 5419 1409 5480 deducitur.
1851 5419 1860 5424 ⁷
2182 5420 2399 5490 mystice
2423 5419 2655 5490 denotet.

574 5488 614 5564 Si
645 5491 718 5564 9e
754 5507 884 5546 cura
911 5495 1116 5564 corpori
1147 5504 1195 5549 et
1213 5498 1404 5551 animae
1424 5493 1790 5564 impendenda.
2240 5488 2329 5564 ⁷17,
2355 5488 2530 5564 Quare
2575 5489 2814 5546 Christus
2864 5492 2917 5544 in
2964 5488 3249 5561 Evangelia
3287 5491 3570 5563 quemdam
3603 5491 3667 5546 ab
3705 5506 3761 5544 se

575 5561 608 5614 9
639 5560 732 5634 De
757 5559 1140 5634 somniis,'qute
1162 5581 1226 5620 ex
1259 5559 1524 5620 diuturnis
1553 5563 1850 5634 actionibus
1869 5579 2075 5616 mrum-
2181 5559 2447 5634 repuleijt.

505 5647 604 5706 que
637 5633 882 5706 reliquiis
901 5629 1054 5706 noctu
1094 5653 1184 5706 per
1221 5639 1441 5706 quietem
1481 5636 1629 5692 nobis
1663 5633 1958 5702 oﬁ'eruntur
1982 5648 1998 5692 ;
2026 5642 2073 5686 et
2206 5629 2324 5706 _'18
2353 5629 2561 5706 Contra
2597 5629 2910 5706 Judtrornm
2936 5631 3244 5706 calumnias
3268 5630 3330 5686 de
3361 5641 3482 5686 ortu
3511 5631 3719 5706 Christi
3741 5643 3760 5680 ε

505 5703 567 5756 de
605 5700 782 5759 studio
804 5700 1119 5763 sobrietatis.
1233 5700 1240 5706 ’
1699 5700 1719 5702 “
2183 5701 2346 5772 deque
2387 5701 2773 5771 signiﬁcatione
2804 5702 3081 5772 particula:
3104 5703 3298 5768 donec,
3335 5719 3492 5773 quam
3523 5703 3674 5757 habet
3702 5700 3759 5755 in
