4118 6400
353 300 444 365 121

352 417 513 469 sacris
547 415 820 495 Litteris”
841 418 998 495 Virgo
1047 428 1216 495 mater
1251 420 1438 491 virgini
1476 423 1738 494 discipulo
1773 425 1923 495 quasi

355 495 658 541 testamento
687 487 893 542 Christi
928 487 1319 545 commendata.

423 556 486 609 l9
515 555 726 611 Salutio
752 561 1066 626 quwstionis
1092 575 1112 614 .'
1143 559 1252 616 Cur
1278 577 1379 615 non
1399 563 1560 616 etiam
1599 563 1786 618 Daniel
1812 580 1930 618 cum

352 626 518 700 tribus
538 629 711 700 sociis
728 631 910 700 simul
933 631 992 682 in
1023 630 1292 698 fornacem
1317 633 1384 685 sit
1412 633 1698 700 conjectus.

417 695 491 748 20
525 695 632 760 Qui
670 697 890 770 Christo
922 695 1031 753 non
1064 701 1248 764 credit,
1274 703 1320 754 ei
1347 717 1439 754 nos
1467 695 1671 770 frustra
1711 701 1930 756 conabi-

349 781 470 817 mur
502 769 824 832 persuadere
854 784 934 823 res
963 785 1194 823 arcanas
1215 780 1262 824 et
1287 769 1540 824 caelestes.

418 835 486 888 2|
533 834 738 890 Veteris
767 849 817 892 et
851 837 992 893 Novi
1031 839 1349 894 Testamenti
1388 841 1602 895 collatio
1638 858 1759 894 cum
1792 843 1930 895 scri—

341 905 798 978 pti§_gentilium,
830 925 950 978 quce
979 915 1044 962 de
1068 920 1262 963 natura
1293 912 1506 964 deorum
1533 923 1764 965 exstant.

411 973 889 1048 Qg‘Dehortatioa
918 979 1204 1032 sacerdotii
1233 981 1540 1048 cupiditate.

407 1046 486 1120 ξᾷ
514 1043 903 1120 interpretatio
936 1048 1128 1120 locide
1160 1043 1517 1120 Priniogenito
1545 1063 1750 1105 sancto.

404 1115 483 1188 ἓξ
509 1113 700 1188 S_acra:
733 1119 952 1172 Litterte
979 1119 1224 1188 religiose
1247 1113 1367 1172 sun?
1403 1123 1714 1174 tractandae.

408 1183 487 1237 25
521 1185 1038 1260 ςοιι-ιναᾉδυιὶιανὶω
1084 1183 1214 1260 trita:
1256 1200 1586 1255 sectatorem,
1637 1192 1726 1260 qui
1754 1201 1929 1242 tamen

337 1257 835 1320 perturbationibus
860 1257 1174 1311 succumbit.

408 1323 482 1377 26
513 1325 826 1380 Admonitio
856 1329 919 1380 de
948 1329 1168 1380 crimine
1199 1325 1450 1383 Simouice
1479 1328 1712 1383 vitando.

406 1393 482 1446 27
513 1392 839 1469 0bjurga_t‘o
867 1398 1289 1469 hominisavari.
1316 1399 1438 1453 bene
1470 1399 1708 1469 alioquin
1735 1399 1928 1452 versati

335 1465 390 1515 in
415 1480 701 1517 sacrarum
737 1465 1065 1520 Litterarum
1095 1466 1331 1524 lectione.

405 1533 482 1606 :28
511 1533 897 1589 Sacerdotium
939 1546 1180 1604 appetere
1215 1553 1317 1590 non
1345 1547 1422 1590 est
1458 1537 1712 1606 cujusvis.

401 1603 476 1656 ‘29
504 1606 822 1658 Admonitio
852 1605 916 1659 de
945 1603 1180 1659 cavenda
1210 1607 1472 1662 Simonia.

405 1673 481 1747 ξς)
516 1675 836 1747 Αιζηιηηὶιὶο
861 1676 926 1747 de
959 1676 1124 1744 officio
1155 1677 1464 1747 episcopali.

404 1743 468 1816 5|
513 1745 937 1816 Admonitiode
969 1743 1225 1800 brevitate
1272 1743 1642 1816 magistratus,
1689 1747 1920 1814 adeoque

333 1814 498 1866 totius
529 1816 788 1868 humana:
810 1815 955 1880 vitae,
983 1816 1217 1868 honestis
1241 1814 1535 1870 actionibus
1571 1821 1922 1870 extendenda.

400 1882 474 1934 32
501 1881 753 1938 Lucerna
781 1886 836 1937 in
860 1883 1180 1938 candelabro
1206 1895 1279 1939 est
1306 1887 1553 1940 sacerdos
1571 1889 1626 1940 in
1647 1887 1924 1940 cathedra.

399 1951 471 2005 3';
497 1953 746 2025 Joannes
772 1953 1022 2022 Baptista
1055 1955 1243 2024 quibus
1274 1957 1426 2010 rebus
1449 1961 1792 2025 prrestantior
1809 1955 1925 2024 fue-

332 2024 402 2074 rit
443 2024 744 2092 prophetis.

397 2093 740 2168 Siloannes
783 2093 1034 2168 Baptista
1082 2111 1185 2164 quo
1237 2095 1465 2151 consilio
1506 2095 1819 2168 legationem
1853 2093 1924 2147 ad

329 2161 610 2216 Christum
642 2161 873 2218 miserit.

402 2233 474 2287 ὃς
505 2234 827 2304 Αιιηιοηὶιὶο
865 2235 1205 2304 imperatoris
1247 2234 1528 2290 Theodosii
1567 2236 1632 2291 de
1673 2252 1917 2292 mansue-

333 2305 512 2374 tudine
546 2316 598 2358 et
629 2303 982 2374 eleemosgnis
1010 2306 1332 2358 exercendis.

405 2373 476 2444 {)6
514 2374 838 2427 Admonitio
870 2373 937 2427 de
959 2375 1126 2444 ofﬁcio
1160 2375 1344 2430 aulici.

404 2443 472 2498 37
502 2444 824 2498 Orator-ium
849 2459 914 2498 ea:
945 2443 1149 2510 rapinis
1175 2461 1275 2497 non
1309 2445 1710 2512 aedificandum.

411 2513 480 2585 33
509 2514 824 2566 Admonitio
861 2514 924 2568 de
963 2515 1196 2585 cavenda
1231 2513 1629 2585 abjicieudaque
1654 2514 1920 2570 sacerdoti

341 2583 556 2651 feritate.
589 2594 642 2636 et
680 2585 1009 2638 assumenda
1033 2583 1362 2639 humanitate
1401 2595 1453 2640 et
1492 2583 1916 2639 mansuetudine.

400 2654 468 2706 59
497 2653 680 2706 Etiam
709 2663 862 2718 tunc,
897 2654 1112 2725 quando
1136 2655 1198 2725 ob
1227 2671 1389 2707 unum
1418 2656 1641 2725 impium
1661 2665 1774 2710 tota
1803 2655 1917 2723 ple-

327 2724 491 2803 ctitur
515 2725 734 2796 civitas,
773 2739 877 2804 non
912 2723 976 2791 fit
1016 2723 1217 2792 injuria
1256 2723 1671 2796 cwteris,’quasi
1702 2727 1916 2780 omnino

326 2806 630 2847 innocentes
669 2803 1011 2861 punirentur.

397 2863 467 2916 10
495 2863 562 2933 In
588 2864 861 2916 hominem
891 2861 1260 2933 θρασύδειλον.

398 2933 462 3008 41
503 2932 830 3008 Obiurgatio
860 2932 1107 3008 monachi
1143 2935 1456 3008 vagiuatque
1466 2934 1760 3008 instabilis,
1785 2954 1900 3008 pro-

319 3005 730 3073 positaleporis
765 3013 816 3057 et
836 3004 944 3056 veri
972 3004 1213 3056 monachi
1246 3004 1698 3058 dissimilitudine.

397 3073 469 3126 Ω
497 3072 809 3143 Ine/rabilis
834 3075 961 3128 unio
985 3074 1316 3142 hypostatica
1345 3075 1576 3127 duarum
1601 3075 1658 3127 in
1691 3073 1906 3130 Christo

319 3153 650 3198 naturarum
711 3144 1062 3214 preﬁgurata
1103 3144 1238 3214 _viso
1297 3143 1600 3214 prophetico
1663 3145 1907 3200 carbonis

319 3216 482 3284 igniti
515 3212 720 3284 forcipe
751 3212 1134 3282 comprehensi.

403 3285 477 3338 43
520 3284 704 3349 Quare
728 3284 1068 3338 Abrahamus
1105 3299 1312 3354 servum
1344 3299 1499 3337 suum
1525 3285 1745 3338 voluerit
1768 3285 1917 3354 jure-

318 3354 559 3425 jurando
587 3355 692 3408 sibi
714 3355 1010 3422 astringere
1029 3369 1192 3425 manu
1218 3353 1406 3421 femori
1431 3355 1699 3424 imposita.

396 3426 468 3479 Η
509 3424 881 3494 Eleemosgnar
904 3439 1025 3494 cum
1050 3423 1258 3492 judicio
1286 3423 1586 3494 erogandaz.

398 3496 469 3548 45
500 3496 815 3550 Admonitio
847 3493 911 3547 de
949 3493 1116 3564 ofﬁcio
1137 3493 1442 3562 episcopali,
1469 3505 1518 3549 et
1541 3494 1666 3564 quid
1695 3493 1917 3548 denota-

322 3567 392 3620 rit
417 3565 652 3636 abjectio
681 3566 958 3636 laneorum
986 3563 1430 3636 uestimentorum.

393 3633 746 3691 Mil-ﬁctiones
776 3633 1010 3689 orationi
1035 3633 1345 3703 copulanda:
1379 3649 1441 3687 ac
1472 3633 1612 3690 velut
1647 3633 1914 3688 maritan-

317 3708 408 3762 ἄιε
425 3716 576 3760 sunt.

389 3779 462 3831 47
491 3776 809 3829 Admonitio
839 3774 904 3828 de
927 3782 1165 3844 prcetura
1195 3781 1334 3844 recte
1373 3774 1624 3843 gerenda.

393 3847 468 3900 48
501 3845 792 3900 Tributum
850 3842 936 3899 ne'
965 3842 1148 3898 clerici
1193 3842 1403 3913 quidem
1465 3847 1688 3914 pendere
1747 3851 1918 3905 detre—

323 3927 530 3970 Itanto.

389 3991 464 4043 49
499 3985 758 4060 Monachi
785 3987 898 4060 s_uis
922 3982 1186 4060 inanibus
1229 3994 1510 4060 operantes
1550 3989 1746 4060 victum
1773 4006 1917 4060 qua:-

317 4068 483 4112 runto
514 4055 760 4124 exemplo
788 4054 956 4109 Pauli
985 4065 1034 4109 et
1059 4069 1126 4108 ex
1151 4065 1411 4125 prcecepto
1446 4056 1670 4113 Christi.

393 4129 465 4185 50
507 4127 678 4197 Virga
711 4141 878 4197 nucea
901 4126 1037 4197 quid
1065 4127 1274 4197 denotet
1294 4124 1434 4197 apud
1467 4124 1778 4184 Jeremiam.

389 4199 457 4252 51
497 4199 576 4252 De
599 4194 725 4266 typo
765 4194 1226 4269 ficus'maledictw
1250 4212 1282 4248 a
1305 4194 1518 4269 Christo
1543 4208 1592 4251 et
1636 4201 1912 4269 arefactaz.

389 4271 462 4325 52
497 4265 852 4322 Abstinentia:
874 4282 908 4317 a
937 4265 1069 4318 cibis
1095 4281 1272 4318 causa:
1293 4265 1613 4334 complures.

391 4340 466 4395 53
497 4337 763 4408 Mundam
781 4336 959 4408 fugere
981 4335 1110 4404 quid
1123 4335 1379 4408 sit,_apud
1400 4336 1561 4408 Amos
1581 4339 1908 4408 prophetam.

389 4410 465 4465 54
501 4407 658 4462 Inter
689 4402 921 4458 Mariam
950 4402 1415 4479 matrem_Domini
1443 4415 1492 4460 et
1525 4402 1768 4479 (igbelent
1797 4427 1913 4463 ma-

315 4492 452 4534 trem
477 4483 707 4534 dcorum
744 4484 1005 4546 quantum
1024 4475 1104 4546 sit
1129 4475 1440 4546 discrimen.

383 4551 459 4606 55
490 4550 570 4603 De
601 4543 798 4600 honore
825 4544 1065 4598 habendo
1096 4543 1331 4616 reliquiis
1363 4555 1691 4616 sanctorum,
1733 4557 1790 4601 ut
1818 4563 1909 4616 per

314 4637 455 4689 quas
490 4619 638 4672 Deus
669 4616 838 4671 multa
871 4612 1378 4684 admirandaopera
1417 4625 1612 4686 patret.
1639 4615 1798 4687 Conf.
1818 4612 1905 4688 cp.

318 4695 415 4746 lib.
455 4707 518 4744 ιι.

381 4761 455 4816 ἑϐ
479 4759 648 4813 Iuda:
683 4755 952 4827 proditio,
973 4753 1097 4808 licet
1139 4753 1382 4827 prwvisa
1409 4756 1792 4827 prtrdictaque,
1831 4757 1901 4810 li-

318 4833 449 4886 bera
479 4824 835 4896 tamen‘fuit.
901 4824 1044 4878 Nunt
1084 4824 1420 4896 prtescientia
1473 4825 1573 4880 Dei
1628 4824 1908 4896 nona/fert

314 4903 601 4956 hominum
635 4895 936 4952 actionibus
967 4895 1351 4949 necessitatem.

393 4973 464 5026 57
493 4969 655 5024 Utres
690 4965 1147 5037 veteres‘quinam
1178 4965 1304 5037 sint.
1355 4963 1573 5037 Piorum
1615 4975 1665 5020 et
1717 4967 1910 5037 impio-

315 5061 439 5096 rum
470 5040 766 5094 discrimen
798 5037 853 5090 in
884 5032 1093 5102 Cizipha
1116 5043 1166 5105 et
1200 5033 1360 5088 Petro
1389 5036 1752 5105 conspicuum.

387 5113 462 5166 .58
486 5107 871 5180 Frugalitatis
887 5103 1295 5180 commendatio.

389 5185 464 5237 59
502 5181 580 5234 De
601 5173 818 5241 peccato
853 5177 907 5230 in
952 5173 1214 5244 Spiritum
1252 5184 1496 5228 sanctum
1529 5173 1904 5232 irremissibili.

388 5255 462 5308 60
487 5252 731 5320 Spiritus
763 5241 1086 5303 sanctus'est
1117 5241 1256 5298 Deus
1285 5260 1302 5297 :
1333 5245 1472 5298 unde
1498 5255 1546 5298 et
1573 5244 1673 5302 Dei
1705 5246 1909 5319 digitus

453 5332 563 5376 tur.

315 5341 824 5461 Mlamabjurgatio
870 5381 1480 5461 nominis_ebriosi._E_Jt
1520 5387 1662 5461 quod
1705 5403 1808 5440 non
1840 5388 1909 5442 sit

315 5467 476 5525 satis,
517 5452 720 5532 scripta
760 5466 1074 5514 sanctorum
1113 5452 1301 5532 legere,
1338 5457 1445 5508 nisi
1485 5452 1591 5510 vita
1619 5472 1822 5528 queque
1856 5468 1904 5512 et

317 5523 560 5589 moribus
584 5523 965 5602 eiprimantur
989 5541 1109 5602 qua:
1139 5523 1439 5602 legerimus.

387 5607 460 5661 0?.
498 5594 857 5658 Inter-verant
901 5607 953 5652 et
1006 5594 1202 5664 falsam
1257 5594 1608 5665 eloquentiam
1652 5607 1908 5666 quantum

317 5684 692 5802 'Mggsgontra
737 5743 963 5798 nimium
1018 5736 1256 5790 studium
1299 5735 1572 5806 gentilium
1619 5736 1896 5792 historico-

1498 310 2063 372 PROLEGUMENA
2101 311 2302 373 EDIT.
2342 313 2584 372 PARIS.

3518 308 3620 374 122

2038 442 2153 479 rum
2219 440 2269 483 et
2318 435 2622 496 poetarum,
2692 423 2995 496 Christiano
3053 423 3261 478 homine
3320 424 3613 496 indignum.

2106 496 2176 550 64
2217 499 2291 550 De
2337 495 2667 618 infrugiferis
2691 495 2968 548 arboribus
3011 496 3184 548 securi
3225 495 3611 548 exscindendis.

2108 565 2181 618 65
2211 569 2369 618 Area.
2394 565 2532 618 venti
2557 565 2766 618 abrum.
2810 565 3132 618 frumentum
3171 575 3218 618 et
3250 565 3492 617 horreum
3520 565 3604 618 al-

2108 565 2181 620 65
2211 569 2369 629 Area,
2394 565 2766 631 ventilabrum,
2807 565 3132 635 frumentum
3171 575 3218 618 et
3250 565 3492 617 horreum
3520 565 3604 618 al-

2035 634 2256 703 legorice
2286 636 2412 705 quid
2438 635 2707 705 denotant.
2809 634 2814 635 ⁷
3226 666 3231 672 ·

2105 704 2175 759 66
2206 705 2280 758 De
2297 701 2517 760 'Christo
2545 721 2576 757 a
2597 701 2805 758 Joanne
2843 705 3137 774 baptizata.

2109 775 2174 828 67
2210 773 2288 845 De
2331 774 2530 828 illustri
2579 773 2932 844 patefactione
2970 773 3253 830 Trinitatis
3317 775 3372 826 in
3439 775 3614 845 bapti-

2032 853 2199 898 smate
2223 843 2440 898 Christi.

2099 914 2168 968 68
2223 913 2356 968 Vera
2390 913 2649 976 expositio
2689 913 2821 968 dicti
2868 911 3068 968 Christi
3124 915 3185 967 de

2031 986 2216 1051 ptista.

2099 1054 2168 1108 69
2203 1053 2507 1127 Dehortatio
2537 1071 2569 1107 a
2605 1054 2754 1127 gula,
2798 1062 2861 1127 et‘
2891 1053 3195 1127 adhortatio
3240 1053 3308 1106 ad
3343 1053 3609 1127 jejunium

2030 1124 2320 1194 propositis
2348 1123 2628 1194 utriusque
2661 1124 2737 1177 rei
2759 1133 2819 1194 et,
2834 1123 3092 1194 fructibus
3127 1133 3175 1176 et
3195 1124 3468 1194 exemplis.

2031 1263 2064 1314 ά
2107 1193 2173 1247 70
2205 1192 2276 1247 Et
2322 1195 2487 1248 ventri
2527 1192 2575 1248 et
2617 1193 3100 1266 perturbationibus
3132 1192 3297 1244 animi
3338 1193 3606 1260 imperan-

2071 1279 2180 1314 um.

2071 1279 2180 1315 um.

2106 1333 2162 1384 ‘1
2203 1331 2279 1386 De
2316 1333 2738 1399 sanctiﬁcatione
2787 1331 3046 1394 Sabbati,
3097 1339 3146 1384 et
3191 1347 3306 1399 quae
3347 1345 3506 1398 opera
3551 1331 3603 1382 in

2032 1401 2267 1456 Sabbato
2314 1401 2421 1456 sint
2469 1401 2740 1474 facienda,
2773 1419 2952 1471 nempe
2989 1417 3106 1471 qua:
3151 1401 3344 1453 animae
3383 1401 3489 1452 sint
3520 1400 3603 1452 lu-

2031 1488 2202 1525 ενοεα.

2204 1540 2276 1596 De
2302 1557 2454 1611 opere
2485 1557 2761 1606 manuum,
2785 1551 3041 1612 quatenus
3087 1555 3178 1608 per
3205 1538 3257 1592 id
3307 1536 3599 1592 Sabbatum

2068 1623 2356 1664 rotanetur.

2029 1615 2356 1680 profanetur.

2096 1682 2164 1734 75
2192 1679 2303 1734 Cur
2355 1679 2491 1734 Deus
2547 1681 2710 1733 etiam
2756 1677 2952 1748 templa
2996 1695 3093 1732 sua
3145 1677 3366 1746 fulmine
3415 1677 3596 1746 feriat.

2107 1750 2178 1803 ἠ
2212 1750 2287 1803 De
2309 1749 2730 1804 indumentorum
2767 1749 2988 1802 vilitate.

2106 1820 2176 1875 75
2199 1819 2507 1874 Consolatio
2539 1820 2915 1874 tentationibus
2955 1821 3285 1887 opponenda.

2099 1890 2164 1944 76
2197 1889 2306 1944 Cur
2349 1889 2590 1946 Christus
2627 1889 2826 1959 lapides
2858 1889 2916 1942 in
2955 1905 3116 1958 panes
3167 1894 3465 1942 convertere
3499 1901 3600 1940 no-

2029 1961 2207 2014 luerit.

2099 2031 2168 2084 77
2205 2029 2276 2082 De
2303 2028 2608 2082 solitudinis
2639 2029 2794 2082 bono.

2097 2101 2165 2153 78
2193 2097 2270 2151 De
2297 2109 2507 2152 terrena
2531 2099 2722 2152 militia
2749 2113 2865 2151 cum
2897 2096 3164 2165 spirituali
3192 2095 3594 2150 commutanda.

2096 2169 2166 2226 79
2196 2167 2334 2222 Mali
2370 2169 2666 2222 sacerdotes
2703 2168 3091 2222 Pharisaeorum
3113 2167 3334 2219 similes.

2088 2239 2158 2294 80
2197 2237 2342 2292 Dicti
2383 2237 2670 2307 evangelici
2714 2237 2779 2292 de
2810 2236 3115 2290 adversario
3143 2248 3190 2290 et
3220 2237 3326 2302 via,
3353 2245 3402 2290 et
3435 2253 3600 2306 expo-

2022 2309 2146 2363 sitio
2181 2325 2314 2361 nova
2348 2316 2399 2360 et
2427 2308 2582 2361 mira.

2094 2381 2156 2434 81
2195 2377 2471 2446 Expositio
2511 2377 2642 2430 dicti
2673 2391 2739 2430 ea:
2773 2373 2978 2445 psalmo
3021 2389 3148 2446 scut
3192 2393 3206 2430 :
3239 2393 3258 2427 ι
3303 2372 3386 2446 Ne
3415 2375 3599 2431 adhae-

2022 2457 2135 2502 reat
2177 2444 2286 2502 tibi
2316 2447 2462 2502 sedes
2495 2444 2794 2516 iniquitatis
2833 2445 3032 2516 fingens
3084 2444 3320 2498 laborent
3363 2445 3420 2498 in
3457 2460 3599 2513 prte-

2021 2527 2188 2572 cento.
2233 2536 2252 2569 ι

2079 2535 2383 2643 ςέοίςιῖιηιίο
2433 2585 2789 2640 dubitationis
2834 2601 2930 2637 cur
2961 2583 3232 2654 Israelita
3262 2583 3600 2654 Benjamini-

2021 2665 2196 2796 {qru'm
2223 2657 2598 2796 scqrtationem
2625 2655 2799 2708 ultum
2821 2663 3002 2708 euntes
3025 2655 3081 2708 in
3123 2652 3308 2708 Gabaa
3328 2652 3432 2708 sint
3465 2655 3596 2710 ccesi

2076 2745 2130 2781 Ut.
2153 2769 2166 2782 .
2206 2744 2272 2780 xx
2307 2767 2320 2779 .

2076 2728 2166 2782 υιΙ.
2206 2728 2320 2782 xx).

2020 2730 2166 2852 (“335.
2192 2730 2468 2864 Digentia
2499 2793 2767 2864 allegoriae
2793 2794 2858 2847 de
2881 2793 3034 2847 oculo
3071 2792 3300 2848 eruenda
3343 2804 3395 2847 et
3435 2809 3598 2848 manu

2017 2867 2206 2922 dextra
2233 2863 2587 2920 abscindenda
2610 2863 3040 2934 ’abjiciendaque.

2085 2938 2156 2992 84
2201 2936 2475 3006 Expositio
2494 3005 2497 3006 ν
2523 2931 2768 3003 praecepti
2797 2931 3098 3006 evangelici
3138 2933 3202 2987 de
3248 2932 3397 2986 inani
3423 2931 3598 3002 gloria

2015 3023 2073 3062 sn
2105 3007 2254 3060 bonis
2281 3004 2576 3059 actionibus
2611 3004 2861 3058 cavenda.

2083 3076 2154 3132 85
2186 3076 2468 3145 Expositio
2509 3074 2678 3128 tertiae
2705 3073 2972 3143 petitionis
3015 3075 3068 3127 in
3108 3075 3346 3126 oratione
3397 3071 3588 3126 Domi-

2015 3163 2154 3201 mea.

2081 3217 2150 3271 86
2189 3215 2322 3270 Vera
2361 3216 2610 3270 nobilitas
2653 3223 2704 3268 et
2755 3214 2983 3283 felicitas
3015 3214 3066 3267 in
3100 3213 3294 3267 virtute
3319 3215 3592 3270 consistit.

2088 3287 2156 3342 87
2193 3286 2460 3355 Exemplis
2501 3286 2736 3348 docetur,
2791 3287 2954 3355 etiam
2987 3284 3229 3355 feminas
3266 3301 3418 3351 posse
3459 3283 3596 3355 affe-e

2017 3367 2133 3410 ctus
2171 3373 2293 3410 suos
2340 3353 2557 3409 uincere.
2603 3355 2782 3418 Quare
2815 3353 3084 3407 muliebris
3130 3367 3284 3406 sexus
3313 3353 3596 3407 imbecilli-

2021 3437 2102 3480 tas
2137 3427 2361 3496 fentinas
2393 3425 2506 3496 illis
2532 3423 2926 3496 succumbentes
2958 3439 3060 3476 non
3087 3433 3327 3476 excusat.

2089 3494 2158 3550 88
2185 3495 2384 3550 Contra
2403 3494 2686 3560 jactantiw
2709 3494 3016 3546 vanitatem.

2089 3565 2158 3620 89
2187 3565 2258 3619 De
2295 3563 2577 3618 mulierum
2601 3561 2988 3632 congressibus,
3021 3571 3114 3616 aut
3147 3561 3590 3632 contemplatione

2019 3645 2156 3690 certe
2179 3635 2416 3689 vitanda.

2095 3706 2165 3762 90
2199 3705 2400 3762 Cantus
2425 3703 2748 3774 feminarum
2778 3703 2835 3756 in
2861 3701 3084 3758 ecclesia
3111 3718 3180 3756 an
3207 3701 3588 3772 permittendus

2017 3786 2088 3830 Sil

3251 911 3459 968 Joanne
3505 912 3612 965 Ba-

2089 3845 2151 3901 91
2182 3844 2524 3900 Collaudatio
2554 3844 2782 3898 hominis
2831 3843 3172 3908 continentis,
3204 3853 3253 3898 et
3298 3843 3369 3896 ad
3416 3857 3589 3910 perse-

2018 3917 2307 3970 verantiam
2340 3915 2663 3970 exhortatio.

2089 3985 2159 4040 9'2.
2193 3985 2265 4040 De
2294 3988 2426 4039 veris
2452 3995 2500 4038 et
2535 3985 2687 4056 falsis
2722 3985 3018 4056 _monachis_.

2083 4056 2152 4110 95
2175 4055 2494 4109 Admonitio
2523 4052 2929 4120 monachorum,
2982 4052 3064 4108 Ne
3105 4053 3259 4108 multi
3295 4053 3429 4122 fiant
3474 4069 3592 4106 ma—

2053 4127 2193 4182 istri.

2019 4144 2193 4250 9³δῦῗο
2219 4194 2494 4264 Expositio
2549 4195 2676 4248 dicti
2729 4193 3042 4264 Scriptum,
3127 4190 3290 4248 Hebr.
3343 4208 3414 4260 ιγ,
3473 4191 3588 4247 15ε

2029 4285 2046 4318 α
2089 4265 2282 4320 Omnia
2303 4263 2450 4318 nuda
2471 4274 2518 4318 et
2543 4274 2721 4330 aperta
2751 4265 2916 4318 oculis
2942 4263 3073 4332 ejus.
3115 4283 3134 4315 ι

2194 4335 2266 4416 _De
2288 4337 2467 4416 spinea
2498 4351 2842 4416 corona,'quo
2865 4335 3134 4416 spectarit.

2091 4406 2160 4461 96
2183 4399 2439 4458 lnviiatio
2470 4399 2765 4473 philosophi
2799 4399 3030 4472 gentilis,
3057 4412 3315 4473 ntveram
3356 4399 3592 4473 philoso-

2021 4478 2222 4545 phiam,
2263 4476 2318 4528 id
2365 4485 2443 4528 est
2470 4468 2960 4528 'Clu'istianis'mum
2985 4509 2999 4535 ,
3033 4470 3252 4540 abiectis
3301 4468 3590 4533 erroribus,

2015 4545 2388 4615 amplectatur.

2085 4607 2156 4672 97
2183 4615 2260 4668 De
2307 4615 2540 4682 Spiritus
2569 4611 2744 4666 sancti
2779 4627 2898 4682 cum
2943 4609 3107 4682 Patre
3135 4619 3184 4663 et
3221 4607 3366 4663 Filio
3403 4611 3594 4662 arctis-

2013 4686 2152 4740 sima
2183 4679 2570 4753 conjunctione,
2607 4697 2724 4753 qua:
2758 4681 2838 4735 vel
2873 4695 2938 4734 ea:
2979 4679 3146 4734 verbis
3173 4695 3434 4735 concessae
3465 4696 3594 4750 apo-

2012 4755 2164 4810 stolis
2193 4752 2422 4808 clavium
2460 4752 2733 4822 potestatis
2762 4761 2982 4822 apparet
3013 4753 3168 4806 satis.

2085 4827 2156 4880 98
2179 4823 2256 4878 De
2287 4823 2499 4891 injuriis
2531 4819 2840 4878 Christiano
2867 4823 3126 4892 patienter
3157 4819 3414 4892 ferendis.

2083 4896 2152 4950 99
2181 4889 2382 4950 Contra
2427 4908 2546 4946 eum
2597 4893 2688 4962 qui
2722 4889 2978 4958 superbit,
3013 4909 3130 4946 cum
3159 4889 3370 4945 nullam
3401 4889 3593 4944 habeat

2012 4963 2346 5034 superbiendi
2375 4963 2676 5034 materiam.

2085 5033 2192 5090 100
2223 5033 2498 5102 Refutatio
2527 5032 2780 5090 hcereseos
2822 5031 3038 5088 Novati.

2083 5105 2177 5160 101
2238 5101 2578 5158 COllaudatio
2615 5103 2842 5157 hominis
2879 5105 2970 5173 qui
3008 5103 3131 5156 bene
3180 5102 3382 5172 ccepit;
3435 5111 3485 5156 et
3526 5101 3596 5154 ad

2013 5175 2462 5245 perseverantiam
2493 5175 2546 5226 in
2579 5175 2710 5245 bono
2742 5175 3060 5245 cohortatio.

2084 5245 2187 5299 102
2218 5243 2421 5299 Contra
2464 5244 2689 5298 hteresin
2733 5244 2960 5296 Manetis
2993 5254 3040 5296 et
3073 5241 3304 5312 aliorum
3334 5241 3427 5312 qui
3456 5237 3594 5292 male

2011 5319 2074 5371 de
2099 5314 2305 5368 duabus
2340 5315 2395 5366 in
2425 5313 2640 5368 Christo
2679 5315 2884 5366 naturis
2917 5314 3170 5367 sentiunt.
3208 5311 3594 5365 [hereticorum

2011 5403 2132 5439 cum
2159 5383 2512 5456 piscatoribus
2541 5384 2888 5456 comparatio.

2083 5443 2188 5510 {03
2221 5453 2399 5508 Trina.’
2437 5443 2772 5523 abnegat'ioni
2813 5452 2960 5506 Petri
3005 5451 3249 5520 opposita
3287 5449 3430 5502 trina
3487 5443 3596 5498 Do—

2014 5527 2141 5597 mini
2170 5525 2513 5597 interrogatio
2535 5534 2584 5578 et
2615 5523 2768 5576 Petri
2806 5523 3065 5576 assensio.
3225 5587 3236 5597 ο
3341 5585 3353 5597 _

2085 5595 2186 5649 104
2217 5587 2598 5663 Episcopatum
2631 5604 2873 5662 appetere
2912 5608 3013 5646 non
3043 5600 3119 5663 est
3151 5587 3401 5663 cujusvis.
3500 5651 3510 5661 ι

2082 5667 2182 5720 105
2235 5653 2307 5716 De
2358 5653 2514 5730 partu
2565 5653 2818 5730 viperino,
2858 5663 2940 5715 cui
3023 5677 3052 5711 a
3087 5653 3293 5712 Joanne
3351 5653 3599 5722 Baptista

2012 5735 2184 5790 Iudici
2217 5744 2609 5803 comparantur.
