4118 6392
551 323 650 390 12⁸7

617 435 742 491 271.
778 435 920 491 Vitia
943 435 1143 490 homini
1165 451 1265 488 non
1295 435 1464 505 inesse
1483 449 1572 505 per
1603 443 1873 491 naturam.
1925 435 2120 505 Confer

549 506 695 576 infra
729 523 808 576 ep.
854 506 980 576 505,
1023 522 1140 576 qute
1177 506 1274 576 hac
1309 513 1384 558 est
1412 503 1615 570 plenior
1644 506 1820 576 :_sicut
1853 503 2123 559 etiamin

554 573 653 630 ms.
689 573 806 628 cod.
841 573 1043 629 Bavar.
1065 576 1174 628 haec
1201 575 1371 627 altera
1396 583 1543 644 tanto
1563 584 1638 644 est
1669 573 1897 644 longior.

621 646 728 699 272
763 645 916 711 Quod
953 646 1152 714 primus
1189 644 1362 698 Adam
1393 643 1646 713 perdidit,
1681 643 1941 698 secundus
1969 646 2123 700 resti-

552 717 675 772 luit.

621 785 728 841 275
759 785 835 839 De
861 802 979 840 vero
1009 783 1104 838 Dei
1137 781 1304 836 cultu.

619 856 724 910 274
756 855 954 910 Contra
979 871 1162 908 vanam
1193 852 1462 922 fugacium
1484 867 1641 920 opum
1670 850 1941 922 ﬁduciam.

621 925 726 979 275
760 925 960 979 Contra
991 920 1268 995 ingratum
1295 937 1357 975 ac
1373 923 1676 991 degenerem
1695 920 1894 991 reipub.
1935 921 2117 975 alatn-

552 1012 696 1052 num.

619 1065 724 1120 276
750 1066 950 1120 Contra
987 1080 1144 1134 opum
1173 1071 1223 1116 et
1257 1060 1428 1115 inanis
1459 1059 1641 1134 gloriae
1661 1059 1917 1114 studium.

619 1136 726 1190 277
757 1134 957 1190 Contra
989 1130 1294 1188 ebrietatem
1321 1140 1370 1183 et
1395 1130 1695 1199 crapulam.

619 1206 726 1260 278
752 1204 894 1258 Laus
914 1205 1030 1258 vitat
1057 1202 1376 1256 monasticae.

619 1277 724 1330 279
753 1274 948 1330 Contra
979 1274 1301 1326 ebrietatem.

617 1345 723 1398 280
753 1345 948 1398 Contra
974 1342 1326 1396 iracundiam.

617 1415 716 1470 28l
752 1413 826 1468 De
847 1412 1221 1483 Cappadocum
1249 1409 1476 1480 pessima
1510 1411 2006 1482 perversissimaqne
2036 1411 2117 1464 in-

549 1485 684 1539 dole.

623 1555 730 1609 282
755 1553 831 1608 De
867 1553 1172 1622 expulsione
1197 1567 1262 1622 ex
1289 1551 1564 1622 paradiso,
1597 1561 1644 1604 et
1683 1551 2012 1622 in_eumdetn
2038 1567 2118 1604 re-

547 1625 838 1680 stitutione.
891 1618 1263 1690 Interpretatio
1297 1620 1425 1672 dicti
1475 1618 1694 1684 Christi,
1737 1619 1933 1673 Matth.
1985 1636 2112 1673 xxv.

618 1696 724 1748 285
756 1693 828 1747 De
861 1693 1178 1763 disparitate
1211 1691 1562 1743 humanorum
1589 1691 1907 1763 studiorum.

615 1764 721 1818 284
756 1765 827 1818 De
852 1759 1224 1817 resurrectione
1245 1769 1569 1812 mortuarum
1603 1761 1838 1814 etiamin
1865 1759 2112 1827 stirpibus

563 1834 761 1890 ortv/ian
772 1843 908 1887 rata.

548 1851 908 1903 prtvngurata.

619 1905 726 1958 285
755 1903 1028 1973 Expositio
1060 1903 1187 1956 dicti
1221 1899 1418 1954 Christi
1445 1898 1509 1952 de
1530 1899 1734 1955 duabus
1773 1898 2108 1952 malentibus.

561 1973 678 2027 Vita
700 1975 807 2028 htvc
840 1983 914 2028 est
942 1974 1242 2041 pistrinum.

618 2045 722 2097 286
755 2039 952 2098 Contra
982 2059 1088 2108 eos,
1125 2042 1214 2111 qui
1245 2039 1369 2111 sola
1393 2039 2112 2111 virginitatisobservatione

546 2114 864 2182 gloriantur,
913 2129 1029 2166 cum
1079 2109 1278 2166 interea
1324 2110 1574 2182 virtutum
1625 2110 1918 2172 variarunt,
1951 2119 2002 2162 et
2056 2109 2111 2162 in

545 2180 730 2252 primis
755 2184 1071 2236 humilitatis
1101 2182 1278 2252 studio
1310 2180 1688 2252 destituuntur.

613 2253 719 2305 287
755 2253 959 2306 Talenti
985 2253 1108 2306 bene
1129 2250 1371 2304 collocati
1403 2249 1674 2318 prtvmium
1705 2248 1929 2304 cteleste.

607 2324 712 2376 288
743 2321 930 2376 Ovinm
956 2333 1004 2376 et
1033 2324 1300 2375 hircorum
1343 2320 1397 2372 in
1440 2327 1671 2373 extremo
1705 2321 1789 2372 die
1819 2319 2106 2387 separatio.

613 2393 718 2445 289
743 2391 816 2446 De
853 2393 1052 2447 Christi
1084 2407 1205 2444 vera
1228 2390 1556 2443 humanitate
1577 2429 1590 2450 ,
1621 2391 1852 2443 etiamin
1881 2388 2111 2458 inﬁrmi-

545 2472 718 2515 talum
751 2472 1052 2516 nostrarum
1086 2461 1412 2529 susceptione
1438 2458 1736 2513 declarata.

545 2600 590 2652 Ι)
613 2533 720 2587 290
755 2531 1174 2586 Firmamentum
1203 2527 1541 2597 imperiorum
1589 2538 1665 2580 est
1716 2527 1958 2582 amicitia
1991 2542 2111 2581 cum

593 2618 670 2652 ea.

567 2605 670 2655 )eo.

611 2672 704 2726 291
749 2671 936 2724 Petrus
981 2685 1127 2724 servo
1165 2667 1359 2721 summi
1399 2666 1688 2722 sacerdotis
1720 2665 1933 2721 Malcho
1961 2666 2110 2720 auri-

540 2744 718 2810 culam
744 2739 1199 2810 amputans,quid
1228 2739 1446 2810 mystice
1474 2737 1706 2810 denotet.

539 2880 574 2934 ά
609 2809 714 2866 2J2
742 2805 1014 2864 Bai-mbas
1044 2805 1171 2863 liber
1202 2805 1515 2874 dimittitur,
1540 2805 1782 2862 Christus
1810 2807 1882 2860 ad
1903 2821 2108 2860 crucem

576 2891 846 2934 umnatur.

576 2891 846 2934 umnatur.

539 3019 574 3072 ά
604 2950 712 3072 295
747 2950 925 3072 Jluda’i
959 2947 1230 3006 Christum
1275 2945 1399 3018 felle
1445 2954 1690 3017 potantes
1737 2945 1866 3016 quid
1892 2945 2108 3015 mystice

579 3036 672 3072 ma
699 3036 761 3072 en
793 3059 806 3072 .

579 3029 806 3074 malent.

609 3089 716 3142 294
745 3089 1048 3142 Admonitio
1089 3086 1152 3140 de
1200 3085 1476 3140 virtutibus
1501 3085 1626 3138 duci
1654 3085 1914 3139 exercitus
1937 3100 2110 3138 neces-

539 3161 722 3220 sariis,
747 3167 887 3212 metu
911 3158 1004 3211 Dei
1031 3167 1077 3210 et
1095 3156 1315 3226 justitia
1338 3177 1350 3210 ;
1375 3156 1561 3225 quibus
1591 3156 1802 3210 remotis
1831 3155 2110 3224 infeliciter

541 3244 658 3298 cum
686 3229 1128 3298 hostepugnatur.

604 3296 712 3351 295
750 3319 770 3350 ι
810 3293 1044 3352 Oderunt
1073 3311 1288 3364 peccare
1307 3295 1437 3349 mali
1458 3293 1742 3364 formidine
1762 3309 1945 3365 poenas.
1981 3313 1998 3346 ι

606 3367 714 3422 296
738 3368 940 3423 Contra
965 3367 1230 3420 libidines.

610 3438 716 3492 297
750 3438 1044 3506 Increpatio
1064 3436 1340 3491 homicidcv
1367 3436 1593 3503 superbi.

608 3507 715 3564 298
754 3507 831 3563 De
871 3505 1050 3562 inutili
1087 3513 1138 3560 et
1181 3508 1354 3561 otiosa
1391 3505 1766 3558 monachorum
1811 3505 1965 3559 turba
2009 3507 2111 3559 mi-

541 3579 769 3632 tenenda.

604 3648 710 3717 299
735 3648 1046 3714 Deprecatio
1068 3663 1163 3717 pro
1198 3645 1459 3717 naufrago
1495 3644 1827 3714 reliqualore.

609 3716 717 3786 500
759 3716 1183 3786 l)eprrcatiopro
1212 3716 1496 3784 naufrago.

605 3785 703 3840 501
759 3782 1128 3856 Interpretatia
1164 3787 1294 3840 dicti
1323 3782 1649 3854 ex‘psalma
1688 3799 1850 3850 unt,
1885 3801 1904 3836 ι
1953 3782 2111 3856 Virga

481 3917 484 3921 ,
541 3865 634 3910 tua
655 3867 705 3910 et
731 3857 949 3911 baculus
985 3865 1129 3920 tuus,
1172 3875 1192 3908 ι
1226 3864 1332 3910 etc.

611 3926 718 3981 502
767 3925 1098 3996 Praeceptum
1148 3925 1498 3996 monasticum
1543 3924 1606 3978 de
1645 3924 2022 3978 exercitatione
2061 3933 2110 3978 et

541 3999 824 4051 certamine
857 3995 980 4050 ante
1009 4012 1228 4050 coronas
1251 3995 1600 4063 suscipienda.

611 4066 718 4122 505
752 4065 893 4122 Vitia
922 4067 1120 4120 homini
1150 4069 1316 4120 inesse
1341 4059 1433 4134 per
1455 4073 1700 4118 naturam
1721 4079 1738 4117 :
1763 4079 1920 4134 quam
1953 4059 2110 4134 Chri-

538 4143 654 4190 stus
684 4137 737 4191 in
761 4139 1019 4191 unitatem
1062 4152 1298 4206 personat
1334 4132 1662 4206 assumptum
1698 4132 1864 4206 saluti
1892 4132 2112 4206 integri-

543 4207 740 4276 tatique
771 4207 1016 4261 asseruit.
1062 4202 1308 4263 Christus
1346 4205 1486 4260 Deus
1518 4202 1566 4258 et
1601 4203 1755 4257 homo
1794 4204 1850 4257 in
1903 4202 2111 4255 unitate

538 4291 776 4344 persona
803 4277 1267 4332 incommutabilis.

607 4344 733 4402 504.
765 4347 1038 4417 Impuram
1062 4357 1282 4402 mentem
1315 4361 1421 4417 non
1451 4357 1562 4397 esse
1587 4341 1810 4417 ctelestis
1837 4340 2110 4417 sapientiae

537 4429 787 4484 capacem
818 4411 912 4474 aut
949 4418 1208 4482 docilem,
1245 4427 1300 4470 ut
1341 4415 1517 4484 lippus
1567 4413 1748 4466 oculus
1783 4411 2109 4479 splendorem

539 4486 670 4557 solis
689 4490 889 4557 intueri
919 4489 1116 4557 nequit.

608 4554 717 4628 505
746 4557 897 4612 Nova
925 4549 1288 4628 inierpretatio
1322 4549 1488 4626 ῥητοῦ
1522 4549 1716 4620 psalmi
1741 4564 1868 4605 CXIX
1898 4568 1910 4604 :
1948 4569 1966 4602 ι
1997 4549 2104 4602 Ad-

539 4625 692 4682 htzsit
719 4629 1010 4694 pavimento
1039 4625 1218 4682 anima
1244 4625 1380 4679 mea.
1423 4642 1442 4676 ι

613 4688 728 4750 506⁷
749 4696 927 4751 Etiam
971 4701 1025 4751 in
1062 4697 1242 4752 servili
1277 4692 1576 4748 conditione
1615 4698 1796 4761 potest;
1819 4691 1937 4761 quis
1977 4688 2107 4761 libe-

539 4781 658 4838 rum
699 4776 852 4838 atque
901 4769 1181 4838 ingenuum
1228 4766 1474 4838 animum
1505 4759 1708 4838 gerere.
1769 4759 1839 4814 In
1893 4759 2104 4838 Christo

537 4836 678 4906 enim
711 4831 856 4891 nulla
887 4831 1289 4906 est'differentia
1321 4832 1474 4886 liberi
1495 4832 1722 4906 hominis
1751 4841 1800 4886 et
1821 4831 1979 4884 servi.

609 4905 712 4974 507
747 4901 1320 4974 Cratulatio'episcopo
1345 4901 1669 4974 expericulo
1702 4910 1928 4954 servato.

611 4973 716 5032 508
748 4976 872 5032 Vita
904 4971 1197 5031 manust-ica
1222 4971 1298 5027 est
1327 4971 1545 5026 militia.

611 5047 714 5100 509
748 5047 1062 5100 Exhortatio
1084 5046 1151 5098 ad
1168 5044 1364 5112 lingua:
1378 5039 1729 5112 petulantiam
1745 5039 2102 5112 coercendam.

604 5114 708 5169 510
738 5117 1041 5170 Admonitio
1086 5107 1385 5168 necessaria
1411 5111 1475 5164 de
1513 5107 1790 5178 affectibus
1827 5119 1874 5161 et
1906 5110 2108 5178 prazju-

539 5185 696 5254 diciis
748 5186 1012 5241 cavendis.
1071 5185 1241 5254 Deque
1296 5177 1578 5254 Theophila
1619 5177 1810 5248 Cyrilli
1849 5177 2108 5234 avunculo

539 5251 764 5310 Joannis
793 5251 1165 5324 Chrysostonti
1184 5253 1507 5324 adversario.

605 5324 704 5379 511
743 5325 816 5379 De
843 5318 1066 5378 concilio
1093 5323 1280 5392 Ephes.
1315 5329 1449 5377 recte
1472 5318 1793 5375 instituendo
1817 5321 1888 5376 ad
1921 5323 2108 5392 imper.

543 5391 918 5448 Theodosium.

611 5465 714 5519 512
751 5463 916 5517 Ficus
942 5464 1132 5518 sterilis
1162 5462 1534 5520 exsrimlenda.

610 5534 716 5588 515
742 5533 1049 5586 Dehortatio
1076 5535 1138 5586 ab
1165 5537 1412 5590 ebrietate
1443 5543 1490 5586 et
1521 5531 1690 5584 abnsu
1725 5534 1851 5595 vini,
1879 5548 1942 5586 ex
1963 5548 2114 5601 cujus

541 5603 790 5672 primitiis
837 5601 1068 5672 Spiritus
1115 5607 1322 5660 divinus
1365 5602 1674 5672 sanguinem
1709 5603 1905 5657 Christi
1938 5603 2111 5670 efﬁcit.

569 5741 578 5750 _
614 5673 717 5726 514
747 5671 1063 5754 Objurgatio
1107 5679 1344 5732 monachi
1385 5671 1554 5746 gulosi
1593 5687 1653 5723 ac
1701 5675 1835 5742 vagi,
1879 5675 2113 5740 quamvis

548 5757 667 5809 Jﬂlil
704 5758 855 5797 annis
884 5761 1077 5814 gravis.

1678 323 2189 384 PROLEGOMEN
2199 325 2244 382 Α
2280 321 2480 381 EDlT.
2521 320 2764 380 PARIS.

3700 312 3800 378 128

2302 432 2410 487 515
2441 430 2640 486 Contra
2670 432 2969 500 episcopum
3003 426 3388 500 Simoniacum.

2295 503 2400 557 516
2441 500 2514 554 De
2537 496 3005 556 recta‘liber'orum
3029 499 3342 552 educatione
3363 505 3412 548 et
3447 496 3799 552 institutione.

2295 583 2398 638 517
2435 579 2776 635 Collaudatio
2841 578 3088 634 solventis
3149 577 3421 646 primitias
3466 586 3517 629 et
3565 575 3797 632 decimas

2251 662 2516 705 "ructuum.

2225 653 2740 787 fngig'mprecatia
2771 735 2864 787 pro
2903 717 3157 771 monacho
3186 715 3430 786 fugitiva.

2295 791 2400 846 519
2429 783 2779 854 Αάίιιοιιίεἱο,’
2818 798 2872 843 ut
2932 783 3195 842 sacerdos
3233 783 3416 855 typum
3468 799 3522 837 se
3569 783 3804 852 praebeat

2259 877 2414 914 νεσιδ.

2220 878 2564 986 Ψῗόςςῧϐιιια
2584 941 2658 984 est
2688 945 2838 984 soror
2865 929 2941 983 vel
2980 929 3154 996 potius
3182 935 3352 978 mater
3372 923 3631 996 libidinis.

2294 1001 2390 1056 521
2439 1003 2653 1056 Dictum
2719 999 2912 1070 psalmi
2943 990 2991 1052 ci
3039 997 3406 1068 exponituru
3459 990 3526 1046 In
3569 995 3804 1048 matuti-

2223 1087 2310 1136 no,
2346 1091 2364 1122 ι
2398 1082 2504 1128 etc.

2292 1147 2400 1202 522
2434 1149 2506 1204 De
2531 1147 2828 1202 hominibus
2882 1145 3132 1208 indoctis,
3163 1143 3380 1198 insulsis
3405 1153 3450 1194 et
3483 1142 3803 1207 temerariis,

2219 1219 2308 1288 qui
2324 1220 2511 1288 omnia
2549 1223 2604 1272 in
2660 1217 2914 1288 Ecclesia,
2947 1218 3124 1288 repub.
3167 1226 3216 1270 et
3254 1211 3460 1281 imperii
3496 1219 3640 1264 statu
3667 1228 3790 1280 per-

2224 1287 2536 1351 turbarunt,
2572 1289 2834 1356 patienter
2861 1287 3112 1355 ferendis.

2287 1367 2392 1419 525
2420 1367 2492 1418 De
2531 1365 2685 1420 Verbi
2729 1365 2825 1418 Dei
2872 1365 3255 1417 incarnatione.
3305 1359 3447 1413 Laus
3493 1361 3800 1415 Athanasii.

2287 1435 2394 1489 524
2426 1435 2795 1489 Inconstantia
2817 1444 2864 1487 et
2899 1432 3170 1497 κενοδθξία
3198 1431 3388 1501 Cyrilli
3421 1441 3659 1486 taxatur.

2292 1505 2398 1558 525
2425 1505 2634 1574 Lingua
2666 1504 3006 1574 refrenanda.

2286 1575 2392 1628 526
2421 1570 2672 1629 Militaris
2699 1570 2983 1627 insolentia
3007 1574 3060 1624 in
3092 1573 3329 1625 ordinem
3358 1570 3642 1640 redigitur.

2286 1645 2391 1698 527
2422 1644 2500 1698 De
2519 1645 2862 1698 concussione
2888 1642 3135 1695 militari.

2291 1713 2398 1784 528
2426 1713 2520 1768 Ira
2547 1716 2759 1784 gravior
2783 1711 3128 1784 blasphemia.

2289 1783 2393 1838 529
2430 1784 2503 1837 De
2529 1779 2938 1854 intemperantia
2968 1781 3162 1854 linguae
3192 1779 3499 1854 coercenda.

2285 1854 2391 1907 550
2425 1854 2562 1906 Dicti
2587 1850 2721 1921 psal.
2773 1867 2920 1917 cxlx,
2951 1869 2970 1902 ι
3005 1850 3125 1904 Non
3143 1860 3219 1904 est
3252 1850 3630 1916 occultatum,»
3659 1860 3798 1915 etc.,

2213 1924 2476 1992 expositio
2509 1940 2642 1977 nova
2675 1934 2724 1977 et
2757 1923 2912 1976 mira.

2283 2004 2383 2059 551
2417 2003 2696 2072 Expositio
2724 2004 2857 2057 dicti
2884 2001 3116 2072 ejusdem
3145 1999 3364 2072 psalmi.

2284 2074 2390 2128 552
2419 2069 2722 2144 Increpatio
2745 2069 2954 2143 imperii
2989 2069 3376 2141 perturbataris
3412 2069 3684 2124 Ecclesiae.

2281 2153 2388 2208 555
2413 2153 2714 2207 Admonitio
2743 2152 2805 2206 de
2829 2149 3250 2222 futurOJudicia,
3281 2149 3332 2222 in
3360 2165 3463 2220 quo
3483 2220 3492 2222 ᾼ
3513 2147 3810 2222 reddendae

2217 2233 2340 2276 sunt
2395 2225 2629 2277 rationes
2665 2217 2846 2277 coram
2879 2217 3121 2275 omnibus
3161 2217 3440 2288 angelis'et
3474 2217 3798 2272 hominibus.

2278 2301 2382 2354 554
2405 2300 2634 2365 Quinam
2675 2302 2870 2355 mortui
2900 2301 3004 2354 sint
3046 2299 3281 2368 lugendi.
3322 2296 3476 2352 Nova
3528 2297 3814 2366 expositio-

2212 2371 2340 2423 dicti
2367 2387 2383 2424 :
2420 2391 2438 2420 ι
2465 2369 2636 2440 Super
2663 2381 2924 2425 mortuum
2953 2369 3128 2438 plora,
3171 2388 3188 2420 ι
3223 2377 3329 2440 etc.

2283 2441 2388 2494 555
2443 2436 2682 2495 Consilia
2730 2457 2834 2496 non
2882 2436 3006 2494 sunt
3055 2455 3120 2493 ex
3157 2438 3349 2492 eventis
3402 2436 3664 2491 metienda
3699 2444 3808 2490 aut

2212 2511 2574 2578 ponderanda.

2281 2579 2384 2633 556
2406 2580 2709 2634 Admonitia
2737 2579 2965 2633 hominis
2993 2577 3166 2648 gulosi
3187 2589 3415 2632 ventrem
3445 2593 3541 2646 pro
3566 2577 3790 2632 numine

2212 2658 2450 2720 calentis,
2477 2667 2534 2711 ut
2560 2659 2852 2726 resipiscat.

2281 2728 2384 2782 557
2424 2725 2700 2796 Expositio
2748 2727 3116 2798 grammatica:
3144 2726 3272 2798 loci
3303 2741 3368 2798 ex
3411 2725 3559 2779 Actis
3621 2737 3798 2792 apost.

2212 2812 2330 2865 cap.
2383 2795 2576 2860 xxvi",
2629 2799 2716 2865 15,
2750 2795 2918 2867 usque
2950 2797 3020 2850 ad
3056 2815 3073 2847 ι
3119 2797 3275 2866 Appii
3334 2795 3532 2866 forum,
3581 2805 3631 2850 et
3685 2805 3799 2851 tres

2214 2867 2478 2922 tabernas.
2523 2888 2541 2920 ι

2279 2945 2384 3000 558
2422 2947 2494 3000 De
2522 2947 2828 3002 remissione
2855 2953 3190 3010 peccatorum
3213 2951 3398 2998 contra
3435 2942 3795 3000 Novatianos.

2287 3015 2391 3072 559
2428 3016 2631 3082 Rursus
2661 3018 2726 3071 de
2753 3016 2952 3071 eadem.

2287 3085 2394 3208 5516
2422 3085 2498 3169 De
2533 3096 2729 3140 (eterna
2776 3101 3056 3140 avarorum
3097 3097 3146 3141 et
3191 3084 3485 3140 crudelium
3522 3083 3799 3139 hominum

2287 3171 2352 3208 tm
2377 3173 2500 3208 icto.

2221 3171 2500 3224 supplicio.

2293 3226 2390 3280 5M
2428 3225 2730 3294 Increpatio
2765 3223 2992 3279 hominis
3023 3227 3238 3295 perditi.

2285 3295 2392 3350 542
2416 3295 2488 3366 lie
2507 3292 2684 3366 potius
2711 3312 2870 3366 quam
2892 3292 3127 3349 sermone
3151 3292 3649 3362 philosophandum.

2283 3365 2388 3436 545
2419 3365 2492 3436 De
2519 3366 2825 3436 angelorum
2855 3367 3140 3436 creatione,
3176 3376 3283 3419 etc.

2287 3435 2394 3490 5M
2427 3435 2498 3490 De
2529 3433 2981 3490 animadversione
3003 3435 3204 3501 divina,
3235 3433 3375 3504 quod
3396 3435 3464 3487 sit
3498 3433 3805 3488 admonitio

2213 3505 2390 3570 potius
2423 3506 2735 3560 emendandi
2783 3506 2951 3559 nostri
2991 3521 3156 3558 causa
3191 3513 3457 3572 suscepta,
3501 3520 3657 3574 quam
3697 3505 3799 3559 ira:

2214 3577 2290 3628 vel
2324 3575 2702 3644 indignationis
2727 3575 3069 3644 signiﬁcatio.
3301 3635 3308 3642 ,

2285 3645 2390 3699 545
2417 3633 2732 3715 Objurgatia
2759 3633 2984 3698 lioniinis
3015 3645 3204 3714 gulosi.

2285 3715 2390 3770 546
2419 3715 2494 3768 De
2525 3714 2688 3767 Pauli
2711 3715 3059 3767 conversione.

2287 3785 2392 3840 547
2420 3787 2727 3840 Admonilio
2761 3784 3032 3838 hominum
3057 3783 3472 3854 flagitiosorutn,
3499 3795 3555 3840 ut
3585 3784 3653 3838 ad
3683 3785 3799 3854 afﬁ-

2213 3856 2352 3908 cium
2380 3856 2621 3910 redeant.

2286 3925 2392 3996 5i8
2426 3924 2659 3996 Donat-ia
2691 3925 2803 3978 sine
2829 3925 3023 3994 pietate
3058 3924 3240 3996 oblata
3273 3925 3406 3980 nihil
3440 3931 3681 3996 prosunt.

2279 3995 2384 4066 549
2415 3991 2674 4049 Sacerdos
2695 3991 2854 4066 etiam
2884 3995 3152 4063 improbus
3183 4013 3284 4049 non
3303 4006 3381 4050 est
3404 3991 3795 4066 aspernandus,

2216 4065 2347 4136 quia
2364 4074 2445 4136 est
2476 4066 2694 4136 angelus
2725 4064 2823 4136 Dei
2853 4066 3246 4136 omnipotentis.

2279 4135 2388 4189 550
2422 4135 2724 4188 Adtnonitio
2750 4135 2976 4187 hominis
3007 4135 3350 4204 voluptuarii,
3397 4145 3452 4189 ut
3493 4135 3794 4204 resipiscat.

2279 4205 2382 4279 551
2420 4204 2734 4279 ijurgatio
2757 4205 2984 4279 hominis
3012 4205 3456 4279 prava_soda_litia
3489 4207 3794 4279 gaudentis.

2283 4274 2389 4329 552
2417 4272 2500 4328 De
2532 4272 2732 4328 sanctis
2781 4272 3052 4339 Patribus,
3094 4275 3186 4344 qui
3209 4291 3273 4329 ex
3313 4272 3652 4344 Cappadocia
3674 4274 3797 4343 fue-

2213 4345 2320 4397 rint
2343 4345 2576 4398 oriundi.
2617 4345 3081 4414 thuodvitium
3132 4354 3290 4414 atque
3332 4345 3642 4414 improbitas
3687 4361 3797 4398 non

2211 4415 2282 4469 sit
2311 4432 2343 4467 a
2374 4425 2588 4478 natura,
2621 4413 2710 4468 sed
2739 4431 2768 4465 a
2797 4413 3062 4467 voluntate
3097 4425 3142 4468 et
3175 4413 3342 4468 animi
3369 4413 3635 4469 instituto.

2275 4485 2388 4608 I555
2419 4483 2596 4539 Patris
2637 4493 2686 4538 et
2717 4480 2850 4536 Filii
2887 4484 3024 4538 sicut
3062 4499 3168 4536 una
3197 4493 3274 4538 est
3324 4484 3573 4552 essentia,
3619 4484 3694 4539 sic
3743 4495 3798 4539 et

2299 4565 2476 4608 untas.
3321 4560 3332 4570 ‘

2213 4560 2476 4610 voluntas.
3321 4560 3332 4570 '

2285 4625 2392 4678 554
2420 4625 2535 4690 Quo
2564 4625 2668 4694 ﬁne
2690 4639 2909 4692 magnus
2951 4622 3156 4679 Elimas
3179 4625 3235 4678 in
3259 4623 3409 4680 Actis
3431 4623 3799 4695 apostolorum

2211 4697 2450 4750 ctvcitate
2485 4696 2646 4762 fuerit
2677 4696 2914 4762 punitus.

2282 4765 2388 4820 555
2449 4764 2752 4834 Allegorica
2800 4765 3166 4831 interpretatio
3216 4765 3362 4834 dicti
3421 4763 3600 4818 Exod.
3670 4779 3797 4830 nx,

2213 4835 2278 4890 10
2308 4853 2320 4888 :
2363 4855 2381 4886 ι
2421 4833 2649 4888 Abluanl
2675 4835 2980 4887 vestimenta
2999 4850 3097 4886 sua
3119 4833 3293 4900 hodie,
3339 4852 3357 4886 ι
3388 4843 3496 4889 etc.

2279 4905 2385 4960 556
2421 4903 2500 4973 De
2521 4903 2661 4956 trina
2687 4905 3028 4973 abnegatione
3083 4902 3252 4972 Petri,
3275 4913 3325 4958 et
3351 4907 3493 4958 trina
3519 4903 3643 4958 item
3666 4917 3798 4958 con-

2211 4977 2436 5044 fessione
2471 4971 2695 5044 Christi.

2212 5042 2250 5167 ὲ.
2424 5044 2500 5096 De
2531 5042 2680 5097 Petri
2706 5043 3038 5096 conversione
3063 5052 3115 5098 et
3154 5044 3522 5115 resipiscentia
3564 5043 3636 5098 ad
3669 5043 3796 5114 gal-

2235 5131 2476 5167 mutum.

2235 5131 2476 5168 ιειιιιιιιη.

2284 5185 2388 5258 558
2444 5182 2521 5258 De
2573 5183 2747 5258 ﬁcu‘a
2787 5181 3000 5238 Christo
3053 5182 3363 5252 maledicta,
3399 5183 3530 5258 quid
3565 5183 3804 5254 mystica

2215 5255 2420 5308 ratione
2448 5253 2734 5306 denotarit.

2285 5324 2390 5379 559
2428 5321 2592 5376 Trina
2627 5323 2860 5392 rejectio,
2906 5338 3012 5392 qua
3051 5339 3172 5391 gens
3215 5323 3472 5390 Iudaica,
3523 5331 3794 5392 totumque

2217 5395 2346 5447 adeo
2373 5408 2533 5464 genus
2557 5393 2844 5464 humanum
2868 5392 3161 5461 repudiavit
3183 5395 3430 5449 salutem.

2289 5461 2394 5534 560
2429 5461 2539 5534 Cur
2567 5461 2808 5534 Christus
2842 5479 2950 5534 sese
2970 5479 3157 5534 panem
3183 5464 3486 5534 appellarit.

2291 5533 2388 5586 561
2423 5532 2726 5586 Dehortatio
2757 5549 2790 5586 a
2817 5531 3120 5601 gulositate.

2285 5602 2391 5658 562
2421 5601 2614 5670 Typica
2647 5603 2932 5656 benedictio
2975 5601 3227 5670 Ephraim
3255 5613 3302 5656 et
3329 5604 3597 5663 Manasse.

2289 5674 2394 5727 565
2427 5673 2499 5744 De
2527 5674 2772 5726 vaticinia
2828 5671 3170 5744 Eltrzttbel/tw,
3217 5677 3404 5730 matris
3447 5675 3788 5744 Joan.Bapt.

2289 5744 2386 5799 561
2427 5740 2576 5796 Nova
2619 5752 2666 5797 et
2702 5743 2983 5812 allegorica
3019 5745 3276 5812 expositio
3309 5745 3652 5819 dictipsalmi
3686 5740 3790 5802 (Ξιε
