4118 6406
367 377 473 443 129

399 485 676 540 ιισαάαιε
705 499 823 536 eum
857 481 910 534 in
936 489 1187 550 tympano
1217 490 1264 550 et
1296 480 1475 542 choro,
1519 501 1535 533 ι
1569 491 1674 536 etc.

437 556 546 611 565
577 554 654 608 De
675 553 930 606 vaticinio
958 547 1170 612 Jacobi,
1197 547 1382 605 Cenes.
1419 567 1566 605 XLIX.

432 626 540 682 566
568 624 711 677 Dicti
739 622 923 687 lsaim,
964 619 1078 674 «Ne
1115 620 1480 692 dicas,i.lacob
1513 637 1531 674 :
1558 621 1623 674 Et
1653 623 1780 692 quid
1806 622 1953 674 locu-

367 707 449 751 tus
476 695 698 757 Israel,»
735 705 839 745 etc.
859 731 874 753 ,
910 707 1044 744 nova
1076 691 1352 758 cxpesdio.
1377 701 1428 744 et
1451 691 1866 746 accommodatio
1890 699 1957 746 ull

363 767 708 837 questionem
737 763 790 814 in
817 761 1390 837 prteccdenticpistola
1419 763 1672 815 decisam.

437 833 544 891 567
582 833 894 886 Dehortatio
939 849 971 884 a
997 830 1280 884 crebritate
1322 847 1696 900 congressuum
1747 833 1956 884 urbico-

365 923 505 959 rum.

427 974 536 1030 568
555 973 869 1027 Αάηιοηὶιὶο
905 971 1170 1036 monachi,
1231 981 1288 1026 nt
1339 970 1463 1024 vitet
1505 973 1726 1039 fastum,
1770 972 1956 1040 quippe

363 1063 396 1098 a
422 1062 529 1116 quo
583 1045 760 1113 ipsius
796 1042 1059 1112 professio
1079 1051 1130 1095 et
1173 1045 1294 1097 vita:
1340 1042 1646 1094 institutum
1687 1040 1838 1110 longe
1887 1043 1957 1094 sit

365 1117 784 1168 alienissimum.

428 1185 540 1238 369
568 1183 996 1237 Commendatio
1029 1199 1197 1238 sacra:
1237 1181 1538 1251 Scriptum
1569 1197 1681 1248 pra:
1714 1180 1955 1234 omnibus

359 1255 560 1308 litteris
589 1253 963 1307 sa’cularibns.

434 1325 544 1378 5Ἱο
569 1324 880 1376 .tdmonitio
913 1324 978 1377 de
1005 1325 1182 1376 studio
1207 1321 1594 1376 contentionum
1619 1329 1666 1373 et
1695 1319 1954 1374 dissidia-

371 1411 490 1446 rum
532 1410 591 1446 ca
599 1410 690 1446 ven
699 1397 787 1444 do.

429 1464 532 1518 57]
576 1463 658 1516 De
706 1463 932 1516 crimine
989 1462 1141 1530 falsi,
1191 1477 1294 1531 quo
1347 1459 1682 1514 Marcionita:
1744 1457 1954 1512 Novum

360 1532 762 1588 Testamentum
793 1542 1164 1600 corruperunt.

423 1603 536 1656 572
558 1602 638 1655 De
670 1603 1066 1670 perseverantia
1085 1605 1141 1654 in
1166 1603 1317 1654 bono.

427 1673 540 1727 575
574 1668 984 1725 'l'entationibus
1007 1673 1236 1740 ﬁrmiter
1269 1668 1639 1724 resistendum.

425 1743 536 1796 574
573 1741 730 1795 Verte
756 1758 820 1795 ac
845 1741 1033 1794 solidae
1060 1741 1246 1811 gloria:
1272 1741 1619 1811 studendum.

421 1813 532 1866 573
570 1811 879 1878 Paupertas
913 1809 1072 1876 requa
1095 1812 1272 1863 animo
1303 1809 1543 1878 ferenda.

421 1883 532 1936 5⁵16
560 1882 635 1934 De
657 1883 869 1950 dispari
903 1883 1110 1950 piorum
1157 1889 1204 1934 et
1239 1879 1519 1949 impiorum
1566 1878 1865 1932 conditione
1895 1879 1950 1932 in

353 1955 456 2006 hac
475 1962 526 2006 et
557 1951 736 2005 altera
763 1953 892 2006 vita.

423 2023 528 2076 577
567 2021 644 2074 De
673 2021 998 2074 miraculosa
1021 2019 1224 2074 Christi
1253 2019 1548 2076 nativitate.

425 2091 534 2145 578
565 2089 644 2144 De
665 2091 838 2146 stellis
866 2091 1042 2160 Magis
1069 2091 1194 2146 visat
1219 2106 1281 2143 ac
1307 2092 1522 2155 prterire
1542 2093 1742 2144 insueto
1765 2105 1947 2144 cursu.

427 2162 538 2227 379
576 2161 652 2214 De
685 2171 922 2214 extremo
941 2161 1172 2226 judicio,
1193 2169 1242 2214 et
1274 2161 1482 2214 cateruis
1519 2162 1800 2228 impiorum
1823 2177 1949 2228 sup-

353 2231 556 2292 pliciis,
585 2247 706 2301 qua:
729 2233 894 2284 etiam
925 2233 1152 2284 ethnicis
1193 2247 1296 2284 non
1327 2230 1541 2298 fuerunt
1566 2232 1766 2300 ignota.
1811 2229 1951 2284 Con-

356 2303 454 2370 fer.
481 2301 713 2371 ep._ult.
744 2302 841 2354 tib.
877 2316 958 2354 III.

429 2369 535 2426 580
560 2369 810 2424 Peccatis
833 2371 1115 2435 irascitur,
1151 2382 1200 2426 et
1225 2387 1406 2439 poenas
1438 2371 1636 2439 inﬂigit
1666 2369 1825 2424 Deus.

431 2441 528 2494 581
565 2442 892 2494 Exhortatio
915 2451 964 2494 et
993 2443 1256 2497 revocatio
1286 2441 1354 2494 ad
1381 2441 1768 2510 pcenitentiam.

433 2510 537 2582 582
581 2511 692 2582 Qui
735 2512 1049 2582 improbum
1103 2513 1354 2582 castigat,
1383 2509 1489 2564 72st
1515 2511 1562 2564 ei
1614 2511 1750 2564 idem
1807 2509 1946 2580 quod

371 2580 626 2651 speculum
649 2580 886 2651 deformi
911 2592 959 2632 et
987 2583 1223 2636 medicus
1249 2580 1474 2651 aegroto.

431 2651 534 2703 585
557 2650 764 2720 Contra
798 2649 1165 2720 gulositatem.

429 2720 534 2791 584
566 2719 643 2791 _De
669 2719 1058 2791 gastrimargia
1082 2723 1188 2775 sive
1207 2721 1396 2774 insano
1419 2719 1616 2791 ventris
1639 2719 1838 2774 studio.

427 2790 536 2844 585
560 2789 638 2844 De
668 2789 1083 2858 intemperantia
1110 2793 1165 2844 in
1187 2792 1304 2844 vino
1331 2790 1571 2844 vitanda.

426 2859 535 2915 586
561 2859 752 2930 Oratio
789 2860 980 2930 quibus
1009 2862 1163 2915 rebus
1193 2862 1263 2914 sit
1289 2859 1614 2929 adjuvanda.

427 2931 530 3000 38?
561 2929 768 2984 Rursus
798 2928 861 2983 de
883 2928 1067 2984 eodem
1095 2928 1424 3000 argumento.

422 2999 532 3053 588
564 3002 768 3054 Contra
803 2999 1192 3068 persecutorem
1221 2999 1536 3054 sacerdotis.

418 3071 528 3124 589
566 3066 818 3125 Ostendit
848 3080 984 3124 recte
1013 3071 1080 3124 ab
1104 3087 1160 3125 se
1186 3070 1408 3140 factum,
1429 3066 1642 3139 quando
1657 3067 1870 3124 Arionis
1885 3083 1940 3123 se

349 3143 618 3208 opposuit.

424 3211 536 3264 590
565 3209 968 3266 Adolescentem
992 3211 1296 3266 litterarum
1321 3210 1518 3265 studiis
1543 3218 1725 3266 aptum
1753 3215 1937 3260 natum

424 3224 536 3264 690
565 3224 968 3266 aaotescerttem
992 3224 1296 3266 tuterarum
1321 3224 1518 3265 stuam
1543 3227 1575 3262 a
1615 3224 1725 3262 tum
1753 3224 1932 3260 natum

353 3297 462 3334 non
519 3289 728 3348 oportet
782 3283 853 3335 ad
919 3283 1170 3335 militiam
1229 3279 1524 3334 traducere.
1563 3224 1705 3344 Quin
1757 3278 1932 3346 potius

348 3359 571 3404 uatum
597 3349 682 3405 l'as
716 3362 802 3405 est
836 3353 1047 3406 semina
1078 3365 1352 3420 quemque
1373 3349 1552 3418 sequi.

419 3421 522 3475 591
555 3421 697 3474 Aliis
722 3421 1036 3474 medicinam
1075 3416 1246 3487 facere
1264 3416 1476 3485 volens,
1518 3419 1744 3488 seipsum
1788 3416 1938 3487 prius

347 3502 500 3544 curet
508 3531 523 3544 .

422 3559 534 3614 592
567 3560 796 3616 Occasio
823 3561 996 3630 furem
1025 3560 1180 3630 facit.

424 3631 538 3684 595
564 3627 932 3687 ϐΙιι-ἰδιαδέιιν
952 3627 1145 3700 aquam
1169 3630 1224 3682 in
1252 3629 1431 3700 uinum
1463 3627 1794 3700 genverterit.

419 3700 532 3771 594
554 3701 869 3771 Objurgatio
903 3698 1156 3769 discipuli
1189 3699 1323 3752 nihil
1348 3698 1695 3771 proﬁcientis.

415 3770 528 3825 595
572 3767 846 3826 Praeclara
889 3767 1134 3840 facinora
1175 3767 1384 3824 manent
1433 3767 1590 3834 hujus
1631 3777 1680 3820 et
1725 3773 1938 3820 aeternae

351 3841 486 3910 vitae
518 3857 684 3910 prtem
693 3843 768 3895 ia.

423 3909 533 3965 596
563 3911 966 3966 Commendatio
995 3909 1176 3964 amict.

346 3979 526 4104 4.397
552 3979 803 4036 Humana
827 3983 1036 4035 inventu
1061 3979 1253 4048 absque
1275 3976 1454 4031 divina
1480 3978 1657 4048 gratia
1681 3992 1785 4029 non
1813 3985 1937 4030 sunt

389 4065 446 4102 tu
475 4069 635 4104 urna.

389 4060 635 4106 Iuturna.

427 4123 539 4176 598
568 4122 642 4176 De
670 4119 1001 4175 Philostrato
1033 4117 1314 4189 Thganazo.

425 4192 536 4246 599
559 4192 665 4257 Qui
703 4191 892 4244 multos
945 4185 1298 4244 bonos—libros
1324 4185 1574 4256 possidet,
1603 4201 1663 4239 ne
1694 4187 1758 4240 sit
1789 4187 1935 4241 canis

351 4279 409 4315 ΙΙΙ
443 4278 692 4316 ντωεευι.

416 4278 820 4400 αῶιόεὲἒῗδδίιὶο
838 4329 966 4382 dicti
988 4329 1180 4398 psalmi
1200 4341 1364 4382 LXVIII
1385 4323 1715 4392 “Captivam
1733 4325 1935 4380 duxisti

345 4402 742 4472 captivitatem.
781 4420 800 4452 ι

418 4467 522 4526 401
588 4471 860 4542 Refutatio
919 4467 1120 4532 Juda'i,
1183 4467 1272 4520 aui
1333 4473 1724 4522 sacramentum
1779 4479 1938 4518 ciente

349 4541 576 4596 Domini
601 4541 892 4608 ca’rpserat.

423 4613 536 4666 402
555 4611 698 4665 Laus
716 4613 836 4664 vita:
867 4608 1146 4662 solitarire.

422 4684 533 4736 405
578 4680 658 4735 De
688 4696 807 4735 vero
831 4680 1062 4748 jejunio,
1103 4677 1242 4746 quod
1262 4677 1501 4731 omnibus
1546 4672 1783 4728 sensibus
1820 4673 1931 4728 suis

351 4751 512 4807 homo
543 4752 758 4806 indicit.

424 4823 535 4875 404
570 4822 644 4874 Ite
672 4819 1036 4890 penetratione
1065 4816 1300 4882 corporis
1328 4815 1529 4890 Christi
1548 4829 1660 4890 _per
1693 4811 1932 4866 clausura

353 4891 596 4962 virginal
618 4885 916 4962 maternum
944 4896 1410 4962 etimonumentum
1447 4885 1802 4962 obsignatum.

424 4953 536 5017 405
571 4961 638 5014 In
661 4960 815 5015 rebus
845 4959 1040 5012 divinis
1072 4969 1230 5009 cesset
1264 4958 1533 5010 rationum
1563 4953 1854 5022 indagatio.

431 5032 542 5085 406
565 5032 639 5085 De
663 5029 838 5099 angeli
861 5028 1188 5098 apparitione
1209 5027 1261 5078 in
1294 5025 1672 5099 resurrectione
1698 5022 1933 5099 Domini.

425 5103 530 5156 4οἳ
561 5101 722 5154 Pauli
740 5093 1165 5168 ’συγκα’τὰ6ασις
1199 5108 1249 5150 et
1289 5093 1705 5150 accomnwdatio
1737 5093 1804 5146 ad
1851 5107 1938 5144 ca-

351 5183 506 5244 ptum
533 5172 921 5244 infirmorum._
1039 5239 1050 5244 _
1257 5237 1268 5244 _
1313 5238 1324 5244 _
1481 5234 1491 5244 _

411 5242 523 5297 408
556 5237 816 5296 limitatio
851 5241 921 5292 ad
945 5239 1142 5293 seriam
1167 5237 1604 5304 resipiscentiam.

425 5312 536 5367 409
567 5312 681 5366 Cur
721 5309 966 5367 Christus
1019 5309 1242 5362 Paulum
1271 5303 1576 5376 apostolum
1621 5319 1648 5356 e
1685 5303 1812 5356 coelo
1865 5303 1936 5354 sit

353 5383 649 5437 allocutus.

429 5455 538 5507 410
585 5454 668 5506 Ad
715 5458 936 5522 peccata
998 5463 1179 5522 eorum
1237 5448 1328 5522 qui
1378 5448 1504 5516 ﬁdei
1563 5455 1757 5501 nostra:
1815 5452 1935 5497 sunt

353 5525 626 5592 commissi
649 5518 985 5592 nequaquam
1013 5518 1412 5592 connivendum.

425 5595 524 5648 411
561 5585 889 5647 Exhortatio
912 5589 982 5643 ad
1010 5587 1460 5655 eleemosynarum
1489 5585 1836 5656 largitionem.

425 5664 533 5718 412
561 5662 765 5720 Contra
807 5677 896 5714 eos
941 5662 1032 5729 qui
1086 5659 1388 5729 litterarum
1437 5655 1618 5729 studia
1666 5655 1722 5708 in
1766 5667 1939 5729 meras

355 5736 713 5788 contentiones
743 5723 1075 5795 concertant,
1107 5728 1246 5787 quod
1283 5743 1464 5800 graves
1495 5726 1600 5782 Deo
1633 5741 1750 5780 vero
1777 5723 1942 5777 ratio-

357 5819 447 5860 nes
479 5804 696 5860 reddere
732 5810 1029 5858 teneantur.

1522 369 2080 434 PROLEGOMENA
2115 375 2316 439 EDIT.
2356 377 2610 438 PARIS.

3540 383 3638 450 130
3681 453 3689 460 ,

2135 487 2239 539 415
2273 485 2572 556 Erplitatio
2603 489 2731 542 dicti
2765 487 2982 543 Paulini
3008 490 3070 542 de
3107 488 3339 559 legitimo
3371 507 3468 546 usu
3508 513 3636 548 con-

2059 555 2242 624 jugum
2277 567 2324 626 et
2358 555 2666 610 casta-rarum
2699 575 2872 612 rerum
2903 559 3059 626 hujus
3093 555 3230 613 vitat.

2133 626 2235 680 414
2265 625 2544 695 Exposiuo
2575 627 2706 702 dicti
2739 629 2932 702 psalmi
2955 625 3192 683 éxxvm:
3225 649 3243 680 ι
3272 629 3498 685 Labores
3520 634 3636 702 fru-

2061 703 2237 747 ctuum
2261 705 2471 748 tuorum
2502 697 2868 752 manducabis.
2903 716 2923 749 ι

2132 765 2237 816 415
2271 764 2493 836 Recnsat
2527 768 2835 834 respondere
2863 767 2934 820 ad
2966 769 3192 836 quaesita
3222 769 3286 822 de
3306 769 3446 824 dicto
3475 771 3634 828 Salo-

2070 835 2262 907 monis,
2281 835 2494 907 _quibus
2517 845 2689 907 tamen
2719 854 2826 906 seq.
2851 835 3002 907 epist.
3027 839 3315 907 satisfecit.

2135 903 2240 987 416
2271 903 2421 958 Nova
2459 906 2716 974 eapositio
2745 903 3126 976 arith’mologia:
3155 903 3431 977 cujusdam
3475 909 3644 965 Salo-

2059 989 2296 1028 illOlllCd’.

2125 1045 2229 1114 417
2273 1043 2420 1097 Nova
2461 1045 2718 1114 expositio
2771 1045 2904 1098 dicti
2951 1045 3250 1100 Salomonis
3282 1063 3300 1100 :
3335 1066 3353 1099 ι
3406 1047 3494 1102 Sic
3535 1049 3624 1102 via

2057 1113 2297 1188 mulieris
2329 1113 2825 1188 adultei'm,_etc._s
2858 1116 3194 1170 Adulterium
3238 1119 3364 1187 quid
3415 1120 3634 1188 mystice

2056 1185 2314 1253 significet
2349 1185 2402 1236 in
2419 1187 2585 1238 sacris
2609 1183 2840 1238 Litteris.

2128 1253 2233 1308 418
2257 1253 2415 1307 Zelus
2439 1271 2532 1322 pro
2560 1254 2733 1322 gloria
2763 1253 2862 1307 Dei
2877 1254 3149 1308 decertans
3173 1255 3228 1306 in
3251 1255 3378 1308 viris
3409 1259 3628 1311 sanctis.

2132 1323 2238 1378 419
2279 1324 2615 1394 Arundineus
2651 1323 3164 1394 jaculusido'ggpti
3213 1325 3339 1392 quid
3370 1326 3631 1394 signiﬁcet

2055 1395 2198 1462 apud
2245 1393 2551 1462 prophetam
2593 1409 2612 1445 :
2641 1389 2844 1446 Filium
2893 1393 2988 1446 Dei
3020 1389 3158 1461 post
3214 1389 3629 1448 incarmitioizem

2057 1465 2314 1518 mansisse
2339 1464 2802 1525 incommutatum,
2831 1463 3189 1530 inconfusum,
3240 1473 3287 1514 et
3324 1465 3627 1518 indivisum.

2055 1532 2250 1602 Confer
2294 1533 2496 1600 scripta
2548 1533 2852 1598 Athanasii,
2919 1533 3158 1602 dialogos
3212 1531 3536 1599 Theodore:i,
3577 1544 3629 1587 et

2057 1604 2304 1656 aliorum.

2125 1674 2232 1792 4qu
2267 1671 2586 1729 Exhortatio
2617 1673 2683 1726 ad
2710 1671 3080 1726 liberalitatem
3106 1673 3160 1726 in
3189 1689 3441 1742 pauperes
3481 1688 3630 1726 ea'er-

2125 1758 2164 1792 νιι
2187 1759 2293 1792 am.

2056 1757 2293 1795 centiam.

2138 1813 2232 1882 421
2278 1813 2512 1867 Ea'cttsat
2539 1813 2912 1869 vehementiam
2944 1814 3233 1882 superioris
3259 1815 3413 1877 epist.

2117 1880 2224 1934 422
2240 1883 2440 1952 Contra
2457 1885 2710 1948 Arianos,
2728 1880 3194 1938 dicentes.Patrem
3214 1882 3352 1936 Filio
3371 1883 3627 1952 majorem

2052 1967 2181 2026 esse:
2191 1951 2557 2026 _Comparatio
2573 1957 2712 2010 inter
2731 1970 2960 2026 quasi-es
2979 1953 3150 2005 locum
3173 1956 3379 2026 habeat.
3403 1951 3478 2026 uel
3499 1969 3620 2008 non.

2248 2022 2559 2096 D_ehortatio
2589 2044 2619 2077 a
2649 2021 2798 2096 gula,
2827 2023 3040 2096 ejusque
3063 2024 3249 2075 comite
3281 2023 3518 2074 libuline.

2108 2089 2214 2160 424
2260 2093 2337 2146 De
2391 2089 2750 2149 moderatione
2783 2089 2992 2147 in'cib'o
3041 2101 3088 2145 et
3128 2102 3254 2160 potu
3293 2108 3325 2144 a
3371 2093 3625 2145 monacho

2051 2159 2368 2222 adhibenda.

2119 2229 2224 2302 425
2250 2231 2550 2302 [ησνεραιὶο
2573 2233 2806 2302 episcopi
2833 2231 3150 2286 Simoniact.

2115 2299 2219 2354 426
2246 2299 2487 2356 Christus
2511 2299 2623 2356 vere
2645 2299 2843 2356 dicitur
2871 2317 3042 2353 semen
3070 2299 3328 2352 mulieris.

2125 2369 2230 2422 427
2261 2370 2462 2426 Contra
2503 2387 2588 2426 eos
2615 2375 2704 2442 qui
2729 2372 2840 2425 solo
2867 2369 3052 2442 habitu
3079 2370 3458 2438 professionem
3484 2387 3624 2424 men-

2053 2439 2284 2511 tiuntur,
2310 2451 2560 2511 tanquam
2587 2439 2870 2511 histriones
2892 2441 2946 2492 in
2983 2456 3157 2511 scena.

2121 2509 2228 2580 428
2257 2509 2530 2576 Quomodo
2554 2513 2719 2564 uirtus
2743 2510 2924 2580 Deiiin
2945 2509 3260 2580 infirmitate
3291 2511 3620 2580 perficiatur.

2118 2577 2222 2636 429
2249 2582 2524 2649 Quomodo
2570 2583 2708 2636 Deus
2739 2579 3054 2649 sapientiam
3079 2579 3238 2647 hujus
3275 2577 3459 2634 mundi
3485 2583 3626 2635 stul-

2049 2655 2157 2702 tam
2188 2647 2495 2705 reddiderit.

2111 2718 2216 2792 450
2235 2721 2545 2792 Admonitio
2564 2719 2936 2792 quorumdam,
2961 2734 3021 2771 ne
3044 2717 3278 2788 patriam
3304 2719 3535 2786 diripere
3559 2737 3624 2775 ac

2051 2787 2263 2842 turbare
2297 2791 2472 2844 uelint.

2127 2857 2228 2912 451
2257 2857 2485 2914 Pietatis
2510 2861 2713 2916 semina
2732 2861 2788 2914 in
2815 2867 3008 2913 natura
3031 2873 3216 2927 sparsa
3243 2867 3388 2910 sunt.

2122 2927 2230 2982 452
2262 2929 2579 2984 Exhortatio
2607 2932 2676 2984 ad
2705 2931 3044 2997 exstirpanda
3083 2929 3234 2980 vitia.

2117 2999 2223 3052 453
2249 2999 2509 3054 Adversus
2537 3001 2777 3054 incendia
2797 2996 3073 3053 libidinum
3103 2996 3445 3050 utilissimum
3465 2999 3623 3066 phar-

2047 3082 2275 3150 macum,
2311 3079 2368 3124 ut
2398 3071 2596 3125 scilicet
2644 3069 3004 3124 recordatione
3041 3067 3344 3136 sempiterni
3383 3069 3516 3137 ignis
3557 3087 3620 3124 ea

2047 3150 2458 3209 resttnguamus.

2117 3209 2224 3263 454
2254 3209 2553 3263 Amuletum
2585 3220 2771 3265 contra
2801 3210 3099 3263 avaritiam.

2116 3278 2222 3332 455
2251 3277 2326 3332 De
2357 3279 2732 3334 monachorum
2757 3281 3040 3333 institutis.

2251 3347 2552 3419 Increpatio
2579 3351 2805 3402 hominis
2837 3347 3118 3416 deplorati.

2111 3418 2216 3487 457
2255 3437 2273 3469 ε
2312 3417 2530 3485 Μεᾶἱσε,
2563 3435 2691 3472 cura
2723 3421 2964 3487 teipsum.
3004 3437 3021 3468 ο

2112 3486 2218 3558 458
2270 3487 2381 3558 Par
2441 3497 2707 3558 turturum
2748 3485 2800 3540 et
2834 3504 2933 3556 par
2985 3485 3346 3545 columbarum
3400 3503 3464 3542 ea:
3511 3485 3620 3558 lege

2044 3557 2366 3627 oﬁ'erendum
2393 3557 2518 3627 quid
2545 3559 2716 3626 tgpice
2744 3559 2966 3610 notarit.

2114 3626 2220 3682 459
2251 3626 2526 3692 Quomodo
2548 3627 2942 3696 intelligendum
2979 3627 3048 3680 sit
3078 3631 3216 3696 quod
3261 3631 3397 3686 Deus
3426 3631 3490 3685 de
3520 3647 3617 3684 sua

2043 3697 2344 3768 pernitendo
2367 3713 2524 3766 super
2552 3699 2797 3768 unctione
2828 3696 3009 3768 Saulis
3041 3701 3190 3753 tltt'll.

2111 3767 2532 3839 MOHExpositio
2561 3769 2686 3821 dicti
2713 3766 2934 3830 Christi,
2963 3768 3100 3836 quod
3133 3774 3308 3839 pueris
3339 3771 3614 3826 debeamus

2043 3837 2359 3904 assimilari,
2401 3837 2588 3890 Matth.
2630 3851 2783 3891 κγιιι.

2113 3907 2213 3960 441
2248 3905 2533 3976 Responsio
2564 3907 2631 3960 ad
2666 3907 2978 3961 instantiam
3003 3923 3069 3962 ex
3097 3913 3364 3978 superiore
3391 3913 3614 3982 epistola

2043 3984 2240 4031 natam.

2123 4046 2230 4100 442
2261 4045 2540 4116 Responsio
2562 4047 2631 4100 ad
2663 4045 2825 4099 aliam
2858 4047 3190 4102 instantiam.

2113 4117 2222 4170 445
2253 4115 2466 4186 Dictum
2488 4117 2648 4171 Pauli
2681 4117 2937 4185 quomodo
2964 4119 3346 4186 accipiendum.

2113 4187 2218 4240 444
2253 4185 2319 4258 In
2364 4187 2475 4256 lege
2506 4187 2693 4240 umbra
2725 4187 2828 4255 fuit
2869 4185 3202 4254 futurorum;
3233 4189 3287 4241 in
3319 4186 3610 4258 Evangelia

2044 4257 2159 4326 ipsa
2181 4264 2256 4326 est
2287 4257 2448 4325 facies
2475 4271 2668 4310 rerum.

2112 4325 2218 4379 445
2250 4326 2325 4380 De
2352 4326 2542 4394 puerili
2594 4325 2925 4379 institutione
2967 4333 3076 4378 tam
3107 4326 3162 4378 in
3214 4327 3323 4396 lege
3359 4341 3517 4396 quam
3555 4327 3612 4379 in

2046 4395 2350 4480 Evangelii).
2365 4408 2642 4480 usurpata.

2114 4462 2218 4519 446
2247 4462 2558 4536 objurgalio
2601 4463 2826 4518 hominis
2862 4462 3128 4532 maledici,
3163 4480 3268 4518 non
3305 4473 3364 4518 ut
3409 4474 3610 4534 oportet

2051 4535 2348 4590 ieiunantis.

2035 4553 2771 4659 Jewf'lugtesocontentionibus
2823 4613 2872 4674 et
2923 4603 3291 4674 controversiis
3345 4603 3611 4674 theologo-

2037 4690 2174 4739 rum,
2203 4675 2272 4727 ad
2299 4674 2558 4743 stipendia
2590 4683 2793 4726 tantum
2829 4672 3177 4743 luculontiora
3201 4672 3608 4742 respicientium.

2035 4743 2321 4815 Responsio
2352 4740 2422 4815 ad
2475 4743 2812 4815 quaestionem
2850 4742 2914 4794 de
2959 4740 3227 4815 Philippo,
3265 4740 3434 4815 quiin
3465 4745 3612 4798 Actis

2037 4812 2210 4884 apost.
2248 4813 2544 4884 baptizasse
2570 4812 2822 4884 scribitur
2838 4812 3157 4884 eunuchum.

2110 4883 2214 4936 448
2229 4879 2439 4954 Probat
2474 4882 2717 4954 ulterius;
2746 4879 3047 4954 Philippum
3081 4883 3268 4954 illum,
3313 4883 3404 4954 qui
3447 4899 3614 4938 eunu-

2038 4953 2527 5022 chumibaptizavit,
2561 4969 2664 5007 non
2690 4951 2854 5022 fuisse
2883 4953 3200 5021 apostolum.

2111 5021 2220 5076 449
2253 5020 2457 5076 Rursus
2489 5024 2551 5076 de
2579 5028 2754 5076 eodem
2791 5020 3037 5091 Philippo
3065 5023 3398 5077 Cresariensi.

2109 5091 2216 5163 450
2246 5094 2370 5145 Alia
2412 5092 2676 5163 probatio,
2722 5093 2860 5162 quod
2910 5092 3186 5162 Philippus
3231 5092 3320 5146 ille
3357 5093 3611 5163 baptistes

2039 5179 2142 5216 non
2175 5162 2332 5230 fuerit
2370 5162 2658 5231 apostolus.

2108 5232 2207 5286 451
2245 5231 2366 5286 Non
2388 5247 2588 5298 semper
2621 5231 2906 5286 cedendum
2935 5235 3098 5287 ventis
3122 5243 3170 5289 et
3193 5233 3609 5303 tempestatibus,

2039 5303 2128 5357 sed
2154 5318 2290 5372 saepe
2319 5303 2480 5355 etiam
2513 5303 2879 5356 resistendum.

2112 5369 2433 5442 452Υοιιυη
2457 5373 2626 5440 pacis,
2643 5373 2780 5442 quod
2797 5372 2922 5442 fecit
2945 5371 3222 5436 Ezechias,
3247 5370 3400 5442 quale
3429 5369 3609 5437 fuerit.

2111 5441 2218 5512 455
2242 5441 2339 5512 Ι)Θί
2360 5457 2545 5494 nomen
2577 5440 2988 5512 nullum.Jesus
3021 5444 3146 5512 quid
3176 5440 3454 5512 signiﬁcet.

2113 5511 2217 5567 454
2245 5511 2430 5565 Patris
2456 5512 2725 5565 accusatio
2753 5511 2910 5564 etiam
2935 5505 3053 5566 vera
3079 5505 3362 5582 parricidae
3384 5505 3611 5560 exitiosa

2042 5590 2142 5636 est.

2107 5650 2214 5706 455
2241 5650 2441 5716 Quales
2471 5649 2591 5720 opes
2616 5651 2720 5704 sint
2753 5649 3070 5706 Christianis
3097 5650 3288 5720 noscite.

2107 5721 2217 5776 456
2237 5714 2566 5776 CoiItessatio
2587 5722 2737 5790 quid,
2759 5729 2807 5772 et
2835 5735 2992 5788 quam
3018 5722 3119 5772 vim
3149 5716 3336 5770 habeat
3359 5715 3408 5770 in
3433 5715 3500 5770 iis
3519 5714 3609 5788 qui

2043 5801 2318 5863 usurpant.
