4118 6396
309 351 404 417 133

304 468 373 521 do
399 463 620 520 velimus
671 461 908 520 nolimus
963 464 1322 535 relinquenda
1363 477 1508 528 sum,
1563 461 1785 518 libenter
1831 484 1908 519 re-

305 537 607 604 linquamus
651 546 875 604 propter
941 536 1130 601 Denar,
1174 546 1221 589 et
1288 537 1343 587 in
1398 551 1647 603 pauperes
1725 553 1906 605 eroge-

306 622 438 660 usus.

372 678 443 798 1:70
475 675 550 730 De
608 685 918 744 contemptu
969 693 1147 732 rerum
1203 676 1558 731 humanarum
1605 697 1714 746 pra:
1748 692 1904 747 regno

372 762 571 798 'orum.

303 762 571 801 ca'torum.

370 819 432 870 51
472 816 742 870 Desiderii
775 818 943 871 amici
969 818 1127 888 plena
1171 816 1414 884 epistola,
1439 821 1593 888 cujus
1623 821 1909 874 adventum

300 897 510 956 exoptat
521 925 534 936 .

363 960 437 1080 is:
471 959 515 1008 Α
547 959 795 1011 monitio
817 957 884 1010 ti.—
915 976 1042 1012 cura
1087 970 1138 1013 et
1189 961 1476 1016 sedulitate
1511 961 1666 1033 officii
1706 962 1910 1030 episco-

388 1046 455 1080 is-

296 1046 455 1098 potis.
859 1081 888 1098 ,

361 1099 432 1170 .53
457 1098 816 1170 Collaudatio
849 1110 987 1154 recte
1011 1100 1298 1170 factorum.

359 1169 432 1222 ⁸54
458 1169 694 1224 Virtutis
721 1172 966 1226 studium
1004 1169 1109 1225 non
1151 1183 1229 1228 est
1273 1172 1528 1226 oblivioni
1565 1171 1900 1225 tradendum.

366 1240 438 1294 53
473 1241 856 1295 Calamitosus
892 1259 954 1295 ac
985 1243 1148 1296 miser
1191 1244 1382 1296 desinit
1419 1259 1529 1298 esse
1559 1243 1900 1306 miserabilis,

293 1321 342 1366 et
367 1314 588 1364 odiosus
630 1329 751 1366 esse
798 1314 1011 1379 incipit,
1039 1315 1085 1366 si
1116 1313 1168 1366 in
1203 1314 1332 1382 ipsis
1381 1315 1609 1367 miseriis
1656 1315 1766 1367 suis
1801 1329 1904 1366 non

293 1382 561 1435 abstineat
595 1401 629 1435 a
667 1383 1074 1436 calumniandis
1097 1384 1240 1436 aliis.

358 1453 428 1506 56
459 1453 754 1524 Expositio
787 1453 918 1506 dicti
940 1454 1232 1524 prophetici
1265 1455 1326 1508 de
1349 1455 1398 1508 vi
1426 1463 1474 1508 et
1518 1455 1745 1524 e/ﬁcacia
1775 1470 1901 1524 prte-

292 1523 588 1577 dicationis
612 1523 847 1578 Christi.

361 1594 430 1648 57
459 1593 783 1663 lndignitas
835 1594 1132 1649 sacerdotis
1190 1593 1324 1649 nihil
1383 1595 1604 1666 derogat
1655 1596 1900 1665 efficacia

291 1667 676 1733 mysteriorum
735 1668 1062 1731 divinorum,
1111 1666 1217 1722 sive
1266 1667 1626 1734 symbolarum
1683 1669 1894 1720 salutis.

293 1735 430 1807 Deus
456 1739 608 1790 enim
648 1738 1175 1807 etiaminttignorum
1207 1742 1573 1802 malorumque
1598 1737 1894 1791 ministerio

292 1805 347 1858 in
377 1806 574 1860 bonum
605 1811 688 1859 uti
735 1819 926 1875 potest,
948 1805 996 1860 et
1020 1809 1178 1875 perid
1194 1807 1246 1858 in
1265 1809 1458 1859 animis
1487 1825 1667 1860 eorum
1695 1809 1785 1878 qui
1811 1825 1898 1858 sa-

288 1891 378 1948 cra
403 1879 750 1947 participant
787 1880 1074 1948 efficaciter
1113 1887 1380 1947 operatur.
1419 1878 1616 1948 Confer
1648 1895 1731 1948 ep.
1767 1879 1894 1943 120,

288 1946 380 2000 lib.
414 1961 527 2012 |,et
555 1946 643 2017 ep.
663 1946 888 2003 5i01ib.
917 1965 997 2002 ιιι.

356 2019 426 2090 ξ8
447 2019 788 2090 Objurgatio
811 2020 942 2074 mali
961 2019 1258 2074 sacerdotis
1280 2017 1596 2072 scandalose
1613 2019 1851 2073 viventis.

358 2089 428 2143 59
473 2090 604 2144 Non
638 2089 875 2144 tantum
915 2091 1316 2159 reprehensione
1367 2105 1569 2154 carere,
1602 2091 1692 2144 sed
1738 2090 1898 2144 laude

288 2174 490 2230 quoque
523 2163 813 2215 abundare
834 2171 1064 2228 oportet.

352 2231 424 2286 40
453 2231 647 2286 Ventri
675 2249 784 2301 quo
801 2243 959 2301 pacto
984 2230 1374 2295 imperandum.

358 2303 420 2374 4!
456 2303 643 2374 Pieria:
666 2305 905 2374 tarditas
923 2304 1186 2374 gravitate
1207 2311 1484 2370 pensatur.

362 2373 430 2428 42
441 2372 678 2428 Joannis
696 2371 1066 2443 Chrysos'tomi
1089 2373 1336 2441 elogium,
1355 2371 1674 2426 auctoritate
1688 2371 1899 2427 Libanii

300 2449 542 2518 sophistae
595 2446 1034 2518 comprobatum.
1063 2443 1141 2498 De
1185 2443 1500 2510 differentiis
1542 2459 1790 2514 generum
1811 2446 1896 2498 di-

301 2515 467 2573 crudi.
491 2517 688 2584 Confer
715 2515 815 2570 lib.
851 2532 905 2570 ιν
947 2530 1029 2579 ep.
1071 2553 1087 2568 .
1130 2553 1146 2568 .
1195 2551 1210 2566 .

370 2588 439 2643 43
461 2585 562 2640 Pro
598 2587 996 2640 resurrectione
1039 2599 1321 2654 corporum
1357 2585 1794 2643 ratiocinationes
1845 2597 1897 2642 et

292 2659 771 2714 demonstrationes
791 2657 1112 2727 philosophit
1129 2673 1194 2711 ar.

351 2730 423 2784 44
459 2728 794 2782 Exhortatio
818 2728 890 2780 ad
919 2729 1306 2797 eleemosynas,
1345 2739 1395 2783 et
1426 2729 1724 2784 dehortatio
1759 2746 1792 2783 a
1813 2747 1898 2784 ra-

283 2802 425 2869 pinis
454 2809 504 2854 et
533 2799 866 2869 spoliatione
909 2813 1224 2868 pauperum.
1246 2799 1411 2870 Rape,
1445 2816 1686 2870 congere,
1719 2800 1894 2870 aufer,

282 2869 518 2940 posside,
555 2870 970 2939 relinquendum
1007 2877 1107 2922 est.

345 2941 419 2998 45
445 2939 632 2995 Etiam
666 2941 724 2993 in
751 2941 970 3006 virtutis
1012 2940 1283 2994 exercitiis
1325 2941 1513 2995 modus
1560 2940 1892 2995 adhibendus

278 3022 380 3077 est,
404 3013 468 3065 τὸ
500 3013 637 3081 γὰρ,
670 3011 844 3079 μηδὲν
886 3011 1049 3077 ἄγαν,
1075 3011 1162 3082 Δμὲ
1182 3011 1398 3082 τέρπει.

354 3083 425 3138 ιθ
467 3079 618 3148 Quid
646 3083 720 3136 sit
749 3079 1174 3150 respondendum
1210 3079 1300 3147 iis,
1325 3083 1416 3152 qui
1436 3082 1724 3136 novitatem
1755 3083 1894 3152 obji-

277 3156 428 3210 ciunt
491 3152 946 3220 reformatoribus
1007 3152 1305 3221 religionis.
1337 3151 1612 3206 Notabilis
1650 3151 1894 3221 epistola,

276 3241 399 3280 eum
429 3241 542 3295 qua
599 3223 840 3295 conferri
876 3230 1098 3295 possunt
1139 3223 1282 3295 dicta
1328 3221 1388 3278 S.
1421 3222 1678 3295 Cgpriani
1709 3233 1758 3277 et
1775 3225 1898 3295 Au-

276 3292 486 3366 gustini
535 3295 594 3347 in
637 3293 734 3362 jus
788 3293 1107 3366 canonicum
1145 3292 1317 3366 relata
1369 3311 1402 3347 a
1450 3293 1739 3366 Gratiano.
1766 3293 1896 3366 _Vid.

279 3361 424 3420 bist.
453 3366 512 3427 8,
552 3369 612 3417 in
644 3361 819 3433 part.
879 3363 1142 3433 Decreti._
1170 3361 1328 3432 Conf.
1388 3365 1552 3418 etiam
1609 3362 1903 3417 Arnobium

277 3435 376 3490 lib.
413 3453 430 3491 ι
462 3431 754 3491 Adversus
781 3443 1079 3504 gentes._et
1107 3431 1427 3489 Clementem
1460 3433 1899 3504 Aleuandrinum.

349 3508 422 3563 47
452 3506 746 3574 Quomodo
792 3503 1208 3576 intelligendum
1226 3506 1326 3576 sit,
1358 3506 1500 3576 quod
1547 3503 1698 3576 Esau
1731 3504 1901 3559 Jacob

277 3579 447 3648 fratri
480 3576 952 3648 iprimogenituraf
967 3575 1061 3648 jus
1103 3575 1720 3648 vendidissescribitur.

349 3651 424 3708 48
466 3645 831 3718 Primogeniti
863 3647 1081 3716 quidam
1113 3645 1317 3714 rejecti,
1348 3646 1474 3701 aliis
1525 3647 1584 3700 in
1605 3661 1790 3700 eorum
1815 3645 1900 3699 lo-

276 3738 402 3774 cum
437 3719 710 3787 suffectis.

351 3792 424 3848 49
449 3786 680 3858 Iosephi
703 3789 925 3842 virtutes
951 3795 1308 3852 recensentur,
1323 3786 1387 3842 ob
1411 3803 1545 3858 quas
1567 3794 1617 3841 et
1637 3786 1781 3856 patri
1802 3802 1897 3840 suo

275 3875 326 3917 et
367 3857 777 3933 regi__/Eggptio
801 3859 995 3911 chorus
1028 3859 1156 3933 fuit.

352 3926 917 3988 50'1Voii"debeinus
977 3928 1177 3998 offendi
1229 3927 1593 3998 improborum
1641 3926 1898 3984 Ecclesia:

272 4005 594 4058 antistitum
635 4015 884 4070 perversa
915 3999 1119 4053 vivendi
1147 3999 1370 4070 ratione.

347 4077 414 4130 5|
456 4068 813 4134 Adhortatio,
857 4081 916 4123 ut
948 4069 1038 4140 qui
1079 4071 1270 4140 virtuti
1311 4068 1526 4124 studere
1569 4071 1745 4140 coepit,
1777 4085 1896 4140 per-

272 4156 372 4217 gat
420 4147 693 4199 bonorum
738 4139 967 4196 morum
1003 4141 1202 4195 retibus
1235 4139 1509 4194 hominum
1563 4139 1894 4196 amores’ve-

272 4233 423 4270 nan.

346 4288 423 4340 52
455 4282 788 4339 Sacerdotio
822 4281 970 4336 salva
1010 4289 1188 4334 manet
1223 4298 1322 4336 sua
1352 4283 1611 4352 dignitas,
1637 4291 1695 4336 ut
1718 4283 1896 4336 maxi-

272 4374 358 4412 me
392 4355 700 4428 aliquando
755 4354 810 4406 in
844 4353 1092 4422 indignos
1124 4352 1368 4428 inciderit
1425 4352 1744 4428 sacerdotes.
1779 4352 1894 4407 Ne-

271 4444 377 4498 que
405 4423 556 4482 enim
588 4425 726 4481 vitia
758 4439 1110 4493 personarum
1162 4423 1266 4492 ipsi
1299 4432 1424 4478 sunt
1484 4423 1664 4478 ordini
1717 4425 1892 4494 impii-

273 4502 468 4552 tanda.

349 4569 425 4624 53
455 4567 667 4624 Contra
712 4565 941 4619 nimium
975 4563 1181 4618 cultum
1233 4573 1284 4619 et
1312 4567 1510 4634 fucum
1545 4563 1888 4634 feminarum,

272 4657 382 4710 quo
411 4639 634 4710 libidini
659 4635 896 4710 prtebent
915 4635 1238 4710 incendium.
1267 4633 1892 4710 Notabilis'historiame

272 4705 402 4764 adu
427 4721 480 4764 et
509 4709 638 4762 dolo
662 4705 665 4706 ⁷
691 4707 828 4760 bono
880 4706 1165 4774 cujusdam
1211 4705 1421 4774 puellm,
1448 4721 1566 4774 qua:
1601 4719 1893 4760 amatorem

274 4797 395 4836 suc
426 4779 715 4849 pudicitia:
734 4778 974 4849 insidias
999 4785 1290 4849 struentem
1332 4775 1606 4849 eleganter
1635 4777 1790 4849 elusit
1823 4793 1892 4849 _ac

273 4845 511 4920 decepit.
551 4849 754 4918 Confer
789 4865 910 4900 cum
954 4847 1055 4900 hac
1115 4847 1274 4915 epist.
1330 4845 1644 4900 Tertullian.
1680 4847 1772 4900 lib.
1819 4847 1895 4903 De

273 4925 433 4977 cultu
475 4921 676 4975 feinin.

352 4994 428 5048 ενι
455 4990 588 5046 Non
643 4987 1095 5044 succumbendum
1127 4987 1185 5041 in
1240 4987 1476 5042 adversis
1530 5002 1646 5055 (μιαν
1669 5003 1764 5056 pro
1800 4986 1892 5041 Dei

277 5064 462 5134 gloria
500 5063 866 5134 sustinemus;
891 5061 983 5113 sed
1024 5059 1237 5113 animus
1267 5062 1506 5128 exemplo
1527 5058 1893 5126 apostolorum

274 5133 338 5188 ob
344 5133 679 5204 ﬁrmandus.

349 5199 426 5259 55
471 5202 779 5258 Detestatio
828 5199 1169 5256 crudelitatis
1219 5201 1472 5252 adversus
1525 5199 1809 5269 supplices,
1842 5209 1892 5252 et

276 5275 687 5330 commendatio
716 5273 1074 5326 humanitatis
1108 5286 1172 5322 ac
1209 5271 1608 5324 misericordite.

352 5345 428 5401 56
469 5345 584 5402 Cur
615 5342 762 5398 Deus
789 5359 896 5398 non
929 5344 1110 5397 omnia
1139 5340 1288 5410 plene
1318 5341 1372 5394 in
1415 5343 1514 5394 hac
1545 5342 1652 5394 vita
1679 5356 1774 5394 nos
1797 5356 1892 5394 co-

275 5433 536 5487 gnoscere
561 5415 784 5470 voluerit
811 5456 827 5472 .

362 5487 433 5542 57
493 5485 904 5543 Commendatio
953 5482 1264 5538 sobrietatis
1319 5481 1374 5536 in
1435 5481 1595 5547 victu,
1630 5490 1681 5535 et
1731 5481 1891 5535 luxus

281 5568 738 5684 miratam
761 5623 1005 5698 apostolo
1032 5623 1424 5698 cupiente/icti
1451 5621 1736 5676 anathema
1784 5620 1893 5675 sive

284 5701 424 5772 diris
449 5700 638 5772 deﬁgi,
672 5693 805 5772 dum
833 5697 1035 5772 fratres
1064 5693 1151 5748 sui
1184 5693 1366 5772 J‘udwi
1387 5703 1745 5772 servarentur.

358 5771 430 5827 59
458 5763 772 5825 Admonitio
805 5763 1042 5825 hominis
1097 5764 1318 5834 perditi,
1351 5781 1484 5818 sana
1537 5763 1765 5819 consilia
1810 5779 1894 5818 re-

291 5843 548 5913 tpuentis.

1452 354 2014 418 PROLEGOMENA
2055 358 2254 418 EDIT.
2297 358 2539 418 PARIS.

3491 353 3602 417 13's

2086 469 2154 540 ϐυ
2201 467 2546 540 Sacerdotum
2583 485 2864 540 avarorum
2891 469 3212 540 objurgatio.

2085 539 2147 590 (il
2192 537 2272 590 Ad
2305 543 2536 607 gratiam
2573 537 2772 594 Christi
2811 537 3109 596 Saluatoris
3169 547 3416 597 accedere
3445 543 3594 599 debet

2013 607 2279 662 industria
2315 610 2572 663 humana.

2099 677 2168 754 (-2
2197 679 2498 754 Admonitio
2524 681 2586 735 de
2616 681 2878 734 servanda
2924 683 3250 754 continentia
3296 689 3592 754 oculorum,

2012 757 2060 824 ent
2092 749 2302 824 vitando
2315 766 2596 824 congressu
2620 760 2668 804 et
2701 765 2910 824 aspectu
2935 753 3219 806 libidinoso
3252 749 3592 824 feminarum;

2013 817 2210 888 Confer
2242 837 2324 888 cp.
2357 817 2431 892 89
2455 820 2550 892 lib.
2587 837 2625 888 ι,
2657 830 2706 874 et
2733 817 2812 890 ep.
2851 821 2956 875 ‘278
2986 841 3048 876 ac
3083 825 3207 892 284,
3250 817 3378 890 infr.
3407 832 3458 886 h.
3497 835 3591 888 lib.

2010 903 2075 954 ιι,
2101 899 2150 942 et
2171 907 2252 959 ep.
2277 892 2365 956 63,
2399 891 2492 948 lib.
2532 908 2613 946 ιιι.
2651 931 2665 944 .
2707 931 2721 946 .
2762 931 2775 944 .
2816 930 2831 946 .

2082 960 2154 1014 65
2189 963 2263 1014 De
2294 961 2775 1037 divinisoraculis,
2811 975 2858 1015 et
2911 964 3076 1032 officio
3134 968 3432 1037 interpretis
3470 973 3598 1026 illo-

2011 1047 2151 1096 rum,
2184 1048 2246 1086 ne
2272 1033 2372 1085 vim
2407 1033 2532 1100 ipsis
2570 1036 2781 1100 afferat.

2081 1104 2150 1153 64
2183 1102 2386 1182 Contra
2410 1119 2497 1156 eos
2519 1106 2610 1173 qui
2632 1104 2954 1173 professione
2984 1102 3290 1162 Christiana
3317 1111 3590 1182 indignum

2008 1171 2200 1240 degunt
2227 1175 2408 1225 vitam.

2180 1243 2496 1312 Objurgatio
2555 1244 2844 1320 sacerdotis
2903 1245 3266 1314 imprcbi,sua
3323 1251 3592 1320 impietate

2007 1311 2206 1383 inultos
2233 1311 2637 1383 corrumpentis.

2081 1384 2150 1434 6ἔὶ
2185 1381 2648 1454 Ιίηιοιιίιιιινιιιειιε
2669 1383 3066 1452 psalmiuuu,
3091 1404 3136 1441 γ.
3167 1389 3262 1443 15;
3283 1409 3300 1440 ι
3331 1389 3593 1446 'l'usicca-

2007 1453 2074 1503 sti
2105 1453 2297 1519 ﬂuvios
2349 1454 2564 1507 lftham.
2610 1477 2626 1504 ι
2660 1464 2662 1467 ’

2077 1527 2142 1578 (ιῗ
2184 1525 2382 1578 Contra
2411 1525 2652 1579 vindictae
2681 1526 3046 1594 cupiditatem.

2078 1601 2146 1674 0'8
2180 1594 2500 1674 Exhortatio
2536 1599 2602 1648 ad
2619 1600 2856 1674 Ascipsum
2887 1600 2937 1651 in
2986 1600 3194 1674 virtutis
3230 1603 3407 1656 studio
3435 1621 3592 1674 supc-

2003 1671 2252 1730 raurmm,
2277 1679 2322 1718 et
2362 1667 2430 1718 ad
2473 1683 2591 1719 vera
2611 1669 2745 1720 bona
2771 1672 3200 1724 consectandum.

2073 1740 2140 1812 ἓξ)
2171 1739 2244 1812 De
2276 1737 2482 1790 duobus
2541 1739 2854 1812 vitiosarum
2891 1741 3240 1812 sacerdotum
3292 1747 3585 1812 generibus.

2075 1807 2686 1884 7Ql1epra3paratione
2733 1809 2899 1861 animi
2949 1809 3017 1862 ad
3073 1807 3311 1866 divinam
3357 1827 3590 1884 gratiam

1998 1877 2406 1947 suscipiendam.

2073 1951 2134 2003 71
2173 1949 2448 2025 ltefutatio
2470 1949 2674 2018 frivola:
2693 1951 3080 2025 excusationis,
3113 1969 3217 2022 qua
3243 1955 3511 2025 improbus
3539 1966 3588 2012 et

2001 2019 2340 2076 Simoniacus
2368 2021 2642 2090 episcopus
2678 2023 2854 2090 fuerat
2887 2039 3033 2075 usus.

2065 2092 2135 2146 72
2167 2091 2345 2151 Docet,
2381 2092 2564 2143 vitium
2593 2109 2696 2144 non
2727 2109 2837 2146 esse
2879 2092 3079 2145 homini
3101 2107 3196 2160 per
3225 2105 3478 2150 naturam
3506 2098 3588 2150 in-

1999 2163 2181 2227 situm,
2210 2160 2300 2213 sed
2351 2163 2595 2233 contrahi
2641 2163 3066 2232 assuefactione;
3112 2165 3330 2233 ideoque
3369 2182 3434 2219 eo;
3485 2169 3587 2220 im-

1999 2233 2161 2305 probo
2191 2233 2361 2284 virum
2387 2231 2580 2284 bonum
2608 2233 2726 2302 fieri
2747 2231 2907 2302 posse
2932 2247 2952 2285 :
2981 2233 3122 2302 quod
3157 2231 3410 2305 exetnplis
3435 2252 3582 2290 cont-

2036 2304 2205 2357 robat.

1997 2322 2232 2429 prggalie
2258 2373 2493 2427 utilitate
2523 2371 2768 2426 lectionis
2802 2390 3080 2427 sarrarum
3110 2373 3460 2431 Litterarum.

2061 2446 2128 2499 74
2172 2442 2392 2498 Utilitas
2444 2445 2768 2515 morborum,
2825 2446 3162 2515 aliarumque
3217 2447 3587 2502 calamitatum

2000 2533 2100 2570 non
2131 2525 2400 2584 postrema
2417 2523 2513 2580 est,
2535 2514 2672 2588 quod
2697 2515 2932 2588 reprimit
2963 2514 3116 2584 atque
3143 2519 3369 2587 castigat
3397 2535 3587 2588 super-

1999 2588 2161 2651 biam,
2193 2601 2369 2639 rerum
2401 2584 2756 2638 secundarum
2786 2585 3048 2638 comitem.

2060 2657 2130 2712 75
2149 2655 2470 2726 Objurgatio
2498 2654 2724 2726 improbi
2761 2663 2810 2707 et
2842 2653 3090 2722 Epicurei
3119 2657 3438 2712 sacerdotis.

2048 2727 2118 2782 76
2151 2725 2676 2798 Decalamitatibus,
2707 2741 2839 2798 quas
2865 2741 3012 2778 nemo
3040 2725 3313 2798 hominum
3357 2729 3586 2798 effugere

1997 2807 2189 2868 potest,
2219 2797 2429 2866 fortiter
2449 2797 2795 2866 perferendis,
2826 2810 2890 2848 ne
2931 2796 3310 2850 tentationibus
3347 2796 3590 2854 succum-

2000 2871 2208 2922 bamus.

2056 2939 2122 2992 77
2167 2937 2538 3007 Swpenumero
2592 2939 2768 3008 fatum
2811 2951 2874 2989 ne
2923 2936 3134 3006 quidem
3163 2938 3587 3006 prtvnuntiatum

2001 3009 2228 3080 effugere
2255 3010 2488 3063 homines
2517 3019 2755 3078 possunt.

2057 3079 2128 3134 78
2163 3079 2450 3135 Extraneis
2481 3089 2638 3150 atque
2693 3082 2890 3150 ignotis
2941 3079 3241 3150 benefacere
3279 3079 3458 3150 major
3507 3092 3587 3136 est

2003 3151 2360 3222 virtusiquam
2389 3152 2447 3204 in
2475 3150 2797 3222 propinquos
2824 3166 2873 3208 et
2918 3158 3072 3208 notos
3125 3166 3255 3222 esse
3277 3150 3578 3206 liberalem.

2062 3221 2129 3275 79
2161 3219 2337 3275 Monet
2379 3219 2698 3290 episcopum,
2735 3239 2800 3278 ne
2847 3232 3007 3278 cesset
3063 3219 3360 3290 improbum
3397 3223 3586 3292 objur-

2005 3307 2131 3363 gare
2164 3301 2214 3363 et
2245 3292 2314 3344 ad
2345 3292 2610 3363 meliorem
2642 3291 2848 3362 frugem
2875 3307 3138 3363 revocare.

2066 3362 2135 3416 80
2156 3361 2464 3416 Admonitio
2493 3370 2543 3415 et
2571 3361 2866 3428 increpatio
2903 3362 3128 3430 improbi
3182 3377 3246 3414 ac
3269 3363 3467 3429 perditi
3493 3363 3588 3419 lto-

2004 3431 2280 3504 minisLne
2312 3447 2556 3504 unacum
2575 3433 2688 3504 ipso
2712 3433 2810 3504 alii
2839 3448 3042 3504 quoque
3058 3431 3370 3504 perdantur.

2067 3503 2128 3557 8|
2163 3502 2276 3556 Cur
2311 3502 2531 3571 quidam
2578 3503 2740 3556 etiam
2778 3501 3154 3556 involantariis
3204 3501 3396 3556 morbis
3432 3501 3556 3558 laba

2003 3582 2182 3696 rqntes
2224 3587 2258 3626 a
2308 3572 2502 3643 templo
2549 3586 2641 3640 per
2694 3571 3191 3642 interdictumlegis
3237 3571 3435 3642 fuerint
3489 3591 3587 3629 ea:-

2003 3659 2029 3696 c
2056 3654 2158 3696 usi.

2001 3654 2158 3697 ctus't.

2057 3714 2128 3786 82
2161 3711 2362 3786 ϐριιινα
2389 3712 2604 3786 specula
2620 3713 3086 3786 androgynorum.

2185 3782 2428 3839 Conatur
2495 3782 2854 3840 dissidentes"
2887 3787 3086 3840 amicos
3131 3782 3188 3836 in
3247 3786 3588 3844 concordiam

2096 3870 2256 3908 mere.

2001 3870 2256 3924 redigere.

2067 3926 2136 3981 84
2164 3924 2354 3980 Hostes
2387 3942 2493 3980 non
2513 3934 2638 3980 sunt
2671 3928 3016 3983 concludendi
3071 3929 3126 3982 in
3183 3941 3448 3984 extremas
3486 3945 3588 3984 an-

1998 3997 2204 4072 gustias
2236 4012 2301 4050 ne
2329 3996 2536 4072 irritati
2590 3999 2872 4054 consilium
2895 4016 2928 4054 a
2961 4000 3265 4056 necessitate
3301 4010 3505 4072 petant,
3534 4009 3586 4054 et

1997 4066 2287 4136 plurimum
2321 4068 2470 4122 nobis
2503 4079 2743 4124 noceant.

2053 4139 2123 4193 85
2138 4137 2211 4192 Β(
2255 4136 2486 4211 duorum
2516 4141 2828 4211 angelorum
2849 4155 3005 4209 super
3029 4139 3239 4197 Juda'is
3257 4157 3321 4196 ea:
3353 4138 3592 4211 Babylo-

1997 4209 2120 4262 nica
2142 4209 2442 4276 captivitate
2465 4209 2778 4266 redu’cendis
2813 4213 3168 4276 contentione,
3203 4215 3253 4266 in
3287 4209 3512 4266 historia
3532 4221 3584 4266 et

1996 4281 2197 4352 visione
2219 4277 2461 4352 Danielis
2489 4282 2777 4352 prophetae.

2057 4350 2128 4406 86
2160 4349 2352 4422 Quare
2381 4349 2518 4406 Deus
2547 4349 2653 4407 non
2691 4353 2872 4408 omnia
2921 4364 3138 4422 peccata
3192 4353 3376 4406 iisdem
3421 4351 3584 4418 plenis

1994 4436 2202 4491 semper
2225 4421 2478 4491 punierit.
2566 4456 2578 4472 κ

2051 4492 2122 4548 87
2145 4490 2472 4546 Exhortatio
2500 4491 2770 4548 Laconica
2825 4492 2895 4545 ad
2933 4492 3178 4561 pietatem
3209 4501 3256 4546 et
3285 4491 3581 4562 justitiam.

2049 4563 2120 4617 88
2147 4563 2258 4616 Cur
2289 4562 2536 4617 Christus
2567 4563 2806 4617 laudarit
2834 4561 3084 4630 feminam
3115 4561 3438 4632 unguentum
3467 4582 3587 4632 pre-

1999 4633 2192 4686 tiosum
2221 4632 2598 4704 effundentem,
2621 4643 2670 4688 et
2709 4633 2771 4688 ob
2807 4633 2864 4686 id
2899 4632 2964 4686 ab
2999 4633 3252 4702 apostolis
3307 4632 3585 4704 reprehen-

1995 4719 2133 4758 sam.

2046 4774 2116 4828 89
2152 4773 2469 4828 Exhortatio
2505 4774 2592 4845 ad
2644 4773 2846 4828 cultum
2909 4773 3288 4844 capessendum
3346 4776 3583 4845 virtutis,

1996 4852 2221 4926 ostensa.
2233 4845 2347 4914 ejus
2359 4844 2786 4926 pulchritudine,
2810 4861 2927 4926 qua:
2951 4845 3108 4926 vincit
3135 4847 3338 4926 omnia.

2051 4914 2121 4969 90
2137 4914 2450 4968 Admonitio
2473 4917 2535 4969 de
2567 4916 2812 4970 cavendis
2839 4915 3125 4970 hceresibus
3143 4933 3174 4968 a
3203 4915 3418 4971 diabolo
3446 4919 3585 4974 exci-

1997 4987 2124 5056 tatis
2149 4985 2203 5056 in
2228 4986 2516 5056 perniciem
2538 4987 2750 5041 invicta:
2779 4988 3040 5041 veritatis.

2059 5055 2124 5127 9i
2152 5055 2236 5127 De
2260 5055 2557 5127 Areopago,
2577 5057 2717 5111 unde
2745 5073 2933 5127 nomen
2963 5057 3268 5127 acceperit”

2056 5125 2126 5180 9‘2
2160 5125 2305 5180 Mars
2329 5125 2740 5194 obint‘erfectum
2777 5126 3202 5181 llatirrhothium
3229 5125 3586 5196 stupratorem

1995 5197 2126 5269 filice
2152 5197 2420 5267 Alcippes.
2449 5214 2613 5268 quant
2658 5212 2724 5252 ea:
2760 5199 3000 5269 Agraula
3043 5197 3290 5269 Cecropis
3335 5198 3450 5267 ﬁlia
3491 5215 3586 5269 per

1995 5267 2100 5339 vim
2149 5266 2469 5339 compressa
2505 5266 2888 5339 susceperat,a
2933 5267 3179 5336 Neptuno
3223 5266 3586 5339 Halirrhothii

1995 5337 2110 5408 ﬁlio
2131 5338 2322 5408 capitis
2364 5336 2668 5402 accusatus,
2695 5336 2759 5391 ab
2808 5339 3172 5408 Areopagitisi
3203 5338 3582 5408 condemnatus

1995 5407 2093 5462 est.
2133 5407 2370 5481 Indeque
2410 5411 2629 5481 ’Ἄρειος
2658 5408 2832 5481 πὰγρς
2847 5407 3000 5480 quasi
3021 5407 3218 5481 martis
3242 5407 3582 5481 vicnsdictus

1995 5489 2075 5534 est
2119 5473 2294 5549 Conff
2315 5473 2648 5534 Pausaniam
2679 5479 2734 5533 in
2750 5473 2980 5546 'Att'icis,
3001 5489 3048 5534 et
3077 5477 3306 5534 Suidam
3333 5477 3390 5529 in
3432 5477 3583 5532 verba

2001 5551 2222 5620 ’Ἄρειος
2252 5552 2448 5620 πάγος.

2067 5617 2139 5676 95
2171 5617 2370 5675 Contra
2398 5621 2636 5676 curiosas
2666 5621 2982 5693 quastiones
2999 5617 3238 5693 derebus
3255 5629 3468 5693 captum
3487 5617 3583 5670 hu-

1997 5707 2218 5746 manum
2270 5688 2688 5759 superantibusI
2709 5690 2909 5759 Confer
2939 5706 3022 5759 ep.
3055 5688 3180 5759 [00,
3213 5688 3340 5759 infr‘.
3369 5730 3386 5754 ,
3416 5701 3464 5744 et
3496 5705 3578 5756 ep.

1996 5762 2104 5817 275
2131 5761 2251 5816 eod.
2285 5755 2378 5816 lib.
2414 5778 2474 5828 ιι,
2501 5772 2551 5817 et
2576 5777 2658 5831 ep.
2707 5762 2775 5817 37
2819 5755 2914 5818 lib.
2947 5755 3028 5816 ιιι.
3064 5755 3280 5814 SimJes
3310 5755 3582 5818 sonantia:

2000 5841 2122 5888 sunt
2152 5833 2294 5907 apud
2329 5831 2649 5888 Siracidem.
