4118 6416
517 383 620 452 155

575 494 643 549 19
673 488 854 559 Turpe
903 499 1120 544 orauere
1169 483 1261 540 diu
1307 493 1534 552 peregre
1572 479 1686 543 'esl,
1733 491 2073 620 νῦσῗὲπςιυθ

1812 563 1872 600 c'
1964 565 1999 600 I.

1812 563 1999 600 CVBI'II.

577 674 748 726 Amici
771 673 940 739 patria
975 671 1156 734 procul
1187 684 1294 723 rem
1322 663 1577 738 protelare
1621 662 1846 734 gerentis
1879 659 2079 714 deside.

503 748 638 796 riunt
662 755 804 796 tanto
831 741 1042 810 [acilius
1071 739 1263 809 fertur.

575 856 644 909 ‘20
681 855 942 908 Dominae
973 854 1179 909 veritati
1214 849 1548 920 adjungenda
1582 857 1656 901 est
1687 845 1926 916 probitas
1954 845 2078 900 vita:

503 944 564 979 ac
589 942 814 987 merum,
845 929 958 978 sine
991 941 1091 989 qua
1121 923 1201 976 illi
1229 923 1358 992 ﬁdes
1388 920 1690 992 derogatur.

570 995 630 1046 21
672 995 922 1049 Orationi
945 987 1048 1048 vita
1069 987 1347 1046 debet'esse
1367 1005 1481 1058 par.
1512 987 1660 1058 Nihil
1682 987 1897 1057 facilius
1920 1001 2076 1058 quam

504 1067 602 1116 sibi
640 1067 736 1118 insi
777 1067 1062 1134 imponere.
1110 1062 1178 1117 Se
1199 1063 1331 1116 scire
1368 1057 1602 1130 ’opinari,
1635 1057 1854 1125 impedit
1907 1057 2078 1110 scien-

503 1147 650 1187 Natu.

574 1205 644 1274 fit!
695 1201 948 1274 Exemplo
989 1202 1210 1264 Christi,
1249 1201 1338 1270 qui
1371 1199 1524 1274 ultro.
1564 1213 1618 1274 se
1661 1194 1958 1250 humiliavit
2007 1211 2071 1248 ac

504 1271 739 1326 submisit
777 1267 948 1338 Pairi,
970 1273 1234 1327 modestia:
1259 1267 1466 1324 studere
1491 1267 1751 1338 debemus.

574 1342 646 1395 93
688 1341 859 1394 M‘ulta
899 1335 1040 1396 noris
1081 1352 1300 1408 Oportet,
1341 1337 1598 1408 utfallas
1617 1335 1994 1408 providentiam
2024 1341 2073 1385 et

506 1411 1011 1466 animadversionem
1063 1403 1320 1466 divinam.
1367 1403 1532 1463 Multi
1573 1403 1822 1475 fugiendo
1876 1403 2071 1472 fatum,

507 1482 565 1534 in
598 1483 768 1543 ipsum
794 1483 1053 1536 incidunt.

577 1541 647 1602 Ἡ
701 1548 1026 1604 Precationis
1073 1550 1362 1604 Dominicce
1401 1541 2072 1617 sapientissime__brevitas

507 1620 801 1682 explicatur
838 1631 886 1673 et
922 1622 1237 1674 ostenditur.
1273 1612 1546 1684 Quomodo
1577 1626 1625 1670 et
1659 1630 1694 1668 a
1719 1612 1908 1682 quibus
1937 1620 2074 1666 recte

508 1689 780 1759 reticetur,
820 1708 854 1745 a
885 1691 1072 1754 quibus
1094 1705 1385 1759 perperam.

580 1757 650 1812 25
691 1757 982 1814 Precantcs
1027 1757 1162 1814 alios
1195 1769 1380 1812 taxare
1413 1765 1470 1811 et
1501 1769 1726 1826 carpere
1766 1758 2071 1826 promptus.

771 1827 828 1884 In
864 1829 1276 1902 culpishvenian)
1316 1827 1410 1902 dat
1450 1826 1552 1881 sibi
1587 1821 1813 1902 cinisque
1839 1821 1970 1902 suis.

576 1897 648 1952 26
687 1897 831 1952 Esau
880 1889 1084 1953 inutilis
1131 1898 1430 1966 panitentia
1473 1889 1838 1966 post'venditct
1869 1889 2071 1944 Jacobo

509 1967 668 2034 fratri
709 1962 1138 2036 primogeniturm
1167 1969 1319 2038 jura,
1355 1983 1472 2036 qua:
1514 1963 1693 2018 virtuti
1731 1962 1902 2038 potius
1948 1967 2069 2011 tan-

509 2033 664 2104 quam
701 2033 912 2101 privatio
943 2033 1210 2099 debentur,
1241 2033 1400 2107 quam
1426 2039 1557 2088 sorti
1587 2033 1855 2087 nascendi.

579 2107 646 2160 27
695 2107 904 2160 Ethnici
945 2109 1203 2175 sapientes
1249 2102 1378 2159 dum
1419 2110 1704 2158 extenuant
1741 2112 1790 2156 et
1831 2102 2072 2159 derident

505 2174 864 2231 Christianam
909 2174 1209 2246 religionem
1259 2191 1369 2246 prce
1413 2191 1534 2237 sua,
1590 2175 2072 2246 nonanimadver—

504 2256 620 2300 tunt
662 2247 800 2314 quod
853 2241 1152 2314 semetipsos
1196 2241 1436 2316 refellant
1488 2260 1552 2298 ac
1597 2243 1906 2316 deridendos
1938 2241 2073 2316 aliis

503 2311 798 2385 propitiant,
824 2332 974 2388 suam
1003 2311 1302 2388 religionem
1337 2324 1642 2380 evertentes,
1673 2323 1720 2368 et
1752 2311 2074 2367 Christiani-

501 2401 672 2440 smum
697 2386 1016 2440 extollentes.
1101 2386 1110 2388 ἡ
1683 2407 1708 2426 ”

572 2456 644 2510 28
686 2455 936 2524 Ejusdem
979 2472 1097 2510 eum
1143 2455 1410 2524 superiore
1441 2453 1754 2522 argumenti.
1781 2453 2074 2524 Scriptura:

572 2472 644 2510 ιδ
686 2472 936 2524 ujusaem
979 2472 1097 2510 cum
1143 2472 1202 2509 su
1241 2472 1410 2510 errore
1441 2472 1754 2522 argumenti.
1781 2472 2070 2521 amplum:

504 2541 674 2578 sacra:
705 2525 925 2596 simplex
950 2535 997 2578 et
1022 2527 1170 2580 rudis
1195 2472 1271 2596 (in
1294 2525 1612 2596 sapientibus
1636 2523 1816 2596 mundi
1846 2521 2070 2590 videtur)

504 2597 698 2648 veritas
735 2595 992 2659 potentior
1021 2592 1224 2650 exsistit
1255 2595 1438 2664 quavis
1473 2593 1730 2662 sapientia
1760 2592 1992 2646 humana
2022 2598 2074 2645 et

503 2665 678 2734 Attica
707 2664 1021 2734 eloquentia.
1840 2680 1850 2688 °

573 2733 644 2788 29
693 2731 890 2788 Christi
932 2735 1145 2801 passio,
1195 2747 1330 2786 crux
1373 2739 1422 2786 et
1472 2747 1616 2785 mors
1663 2744 1726 2783 ac
1777 2731 2073 2800 sepulcrum

503 2813 753 2872 quantum
785 2805 884 2855 vim
909 2803 1172 2857 habuerit.

573 2873 646 2928 50
680 2870 758 2926 De
769 2871 945 2944 divina
962 2875 1008 2926 vi
1021 2884 1066 2926 et
1081 2872 1309 2944 efﬁcacia
1323 2871 1572 2944 prteconii
1585 2867 1876 2944 Evangelii,
1893 2883 2075 2944 quam-

504 2943 578 2995 ris
605 2939 1167 3011 calamistriscompt'le
1184 2951 1235 2996 et
1263 2939 1514 3011 elegantis
1537 2939 1790 3011 orationis
1815 2939 2070 2992 destituti.

509 3011 889 3065 Testimonium
922 3007 1173 3065 laudatur
1205 3007 1448 3066 Platonis
1478 3020 1524 3064 et
1561 3007 1800 3062 Homeri.

578 3082 641 3134 51
687 3078 956 3146 Refutatio
977 3083 1168 3134 ethnici
1195 3081 1418 3135 hominis
1441 3095 1646 3133 crucem
1668 3076 1865 3132 Christi
1889 3077 2069 3148 exagi-

508 3152 672 3204 tuntis
718 3149 917 3220 omissa
961 3165 1026 3203 ac
1071 3161 1243 3220 spreta
1275 3152 1536 3220 mentione
1575 3149 1973 3220 resurrectionis
2019 3156 2068 3220 et

507 3222 826 3291 ascensionis
871 3217 1127 3291 ejusdem,
1165 3237 1283 3291 quia
1312 3232 1483 3274 tamen
1501 3219 1692 3291 iisdem
1723 3217 2068 3270 monumentis

507 3289 821 3357 euangelicis
867 3288 1185 3344 continetur.
1233 3289 1340 3355 Qui
1381 3289 1619 3358 producit
1668 3288 2074 3358 instrumentum

506 3374 602 3428 pro
634 3355 689 3412 se
718 3361 770 3412 in
805 3374 908 3412 uno
935 3361 1121 3428 capite,
1153 3362 1299 3415 debet
1327 3355 1464 3414 idem
1492 3360 1651 3411 etiaat
1682 3356 1737 3410 in
1767 3355 1888 3409 aliis
1923 3357 2070 3424 capi-

507 3427 647 3483 tibus
681 3443 950 3498 contraAse
977 3427 1254 3485 admittere
1283 3438 1332 3483 et
1365 3443 1664 3498 agnoscere.

577 3500 648 3552 52
683 3498 831 3554 Crux
853 3495 1048 3568 Christi
1073 3501 1297 3568 fulcrum
1321 3511 1368 3553 et
1393 3493 1569 3568 fulgor
1591 3507 1663 3549 est
1688 3493 1804 3548 caeli
1825 3505 1872 3548 et
1895 3505 2073 3568 terrea.

576 3571 646 3622 55
683 3569 859 3624 Sacrae
903 3566 1192 3636 Scriptura:
1250 3566 1459 3623 lectioni
1496 3567 1705 3621 deditus
1747 3570 1904 3618 etiam
1947 3567 2074 3618 ctelo
2133 3577 2138 3582 '

505 3639 716 3704 dignam
751 3639 906 3692 vitam
944 3654 1096 3706 agere
1127 3641 1298 3692 debet.

579 3709 648 3761 55
691 3707 762 3760 De
797 3703 1264 3775 pravis'sodalitiis
1290 3707 1536 3769 vitandis,
1574 3715 1630 3759 ut
1669 3719 1786 3774 qua:
1815 3703 2075 3774 pernicio-

507 3779 720 3834 sissima
755 3780 878 3830 sint.
910 3777 988 3830 De
1014 3779 1291 3830 interdicto
1325 3793 1442 3831 cum
1475 3777 1644 3830 brutis
1672 3776 1836 3829 coitu.

579 3849 649 3901 56
685 3841 807 3900 de
851 3862 953 3899 non
980 3847 1150 3901 ubivis
1189 3862 1279 3900 nec
1322 3862 1413 3915 per
1442 3849 1618 3900 omnia
1662 3853 1738 3899 est
1771 3846 1944 3915 bona,
1966 3843 2073 3898 Pro

509 3919 722 3971 veritate
780 3932 958 3986 pugna
1011 3933 1169 3987 quam
1219 3913 1335 3986 quis
1383 3918 1622 3985 suscipit,
1672 3916 1789 3984 paci
1842 3913 2074 3970 scelestce

509 3989 686 4039 multis
719 3987 930 4040 antistat
966 3987 1160 4040 modis:

580 4058 645 4110 57
693 4055 808 4110 Pax
834 4057 1180 4125 estcolenda,
1207 4055 1332 4110 dum
1370 4056 1553 4119 pietati
1583 4055 1726 4110 haud
1751 4055 1926 4125 officit.

583 4127 651 4181 58
693 4124 982 4180 Iracundia
1009 4126 1296 4181 cohibenda
1333 4125 1480 4195 freno
1520 4127 1741 4180 rationis
1777 4124 1824 4179 et
1853 4125 2076 4194 pruden-

510 4199 598 4249 tiw
624 4211 642 4249 :
670 4199 944 4264 omniaque
972 4211 1089 4250 cum
1119 4196 1335 4251 consilio
1360 4197 1564 4266 agenda
1594 4205 1735 4266 sunt.

581 4267 651 4322 59
693 4266 832 4330 Quia
859 4263 1002 4319 dicta
1030 4267 1269 4336 factaque
1291 4263 1490 4320 indicta
1517 4265 1812 4334 infectaque
1837 4263 1956 4336 fieri
1985 4279 2074 4318 ne-t

511 4348 738 4406 queunt,
777 4337 907 4390 nihil
952 4339 1062 4390 sine
1095 4335 1290 4405 praevia
1335 4337 1732 4398 deliberatione,
1782 4335 2076 4406 vel‘dicen-

510 4404 653 4464 dum.
692 4406 770 4461 vel
795 4407 1054 4475 agendum
1089 4404 1184 4471 est,
1221 4423 1284 4460 ne
1315 4407 1514 4476 alioqui
1539 4405 1839 4472 paenitentia
1868 4404 2075 4472 impru-

510 4477 701 4530 dentia:
731 4487 776 4530 et
811 4477 1205 4544 pra'cipitantiat
1237 4477 1304 4530 sit
1338 4477 1636 4544 pedisequa.

582 4547 652 4600 40
692 4546 992 4602 Salomonis
1033 4548 1154 4601 libri
1199 4550 1294 4600 hoc
1342 4547 1527 4599 ordine
1573 4544 1776 4612 legendi
1809 4551 1964 4608 sunt,
2016 4553 2072 4596 ut

513 4618 722 4670 iuitiunt
751 4617 844 4683 ﬁat
870 4635 902 4670 a
937 4615 1255 4680 Proverbiis,
1291 4617 1409 4669 inde
1431 4615 1499 4666 ad
1533 4613 1905 4678 Ecclesiasten,
1936 4623 1984 4666 et
2009 4614 2074 4666 ab

515 4689 610 4738 hoc
643 4687 711 4738 ad
757 4684 1034 4740 Canticum
1067 4688 1392 4739 canticorum
1428 4686 1762 4751 procedatur.
1815 4684 1882 4736 In
1918 4685 2078 4752 adyta

514 4767 782 4825 penetrare
820 4772 921 4808 non
956 4753 1141 4825 debet,
1161 4756 1249 4824 qui
1282 4755 1514 4807 nondum
1543 4755 1677 4825 atrii
1710 4770 1802 4807 seu
1835 4753 2077 4825 vestibuli

515 4821 751 4894 ingressu
772 4828 958 4894 dignus
977 4834 1073 4878 est.
1101 4821 1379 4877 Tlt'eoriam
1405 4823 1580 4892 praxis
1597 4826 1886 4890 prcecedere
1909 4821 2078 4876 debet.

585 4895 646 4949 41
705 4893 868 4948 Varia
893 4896 1163 4948 hominum
1197 4909 1386 4963 genera
1419 4893 1792 4963 eleemosynas,
1835 4908 2081 4947 exercen-

517 4967 648 5019 tium
674 4967 875 5019 diverso
897 4966 1021 5033 fine.
1047 4959 1270 5017 l’rtestat
1292 4964 1478 5016 bonum
1507 4959 1701 5033 facere,
1726 4963 1964 5031 quamvis
1989 4977 2082 5033 per

517 5037 873 5099 ambitionem,
899 5032 1064 5104 quam
1096 5034 1150 5086 id
1179 5033 1335 5100 plane
1366 5032 1778 5104 prcetermittere.

588 5105 658 5158 4'2
698 5100 1076 5174 Ebriosi’azque
1107 5118 1170 5155 ac
1205 5103 1444 5174 maledici
1475 5113 1520 5153 et
1551 5100 1798 5174 adulteri
1811 5111 1858 5154 et
1882 5112 2084 5154 scorta-

520 5187 654 5230 tores
683 5171 1030 5228 excludantur
1065 5191 1096 5226 a
1125 5187 1280 5241 regno
1306 5171 1574 5232 caelorum,
1607 5179 1733 5241 teste
1767 5172 1932 5224 Paulo
1959 5188 2086 5241 apo-

521 5247 676 5305 stolo,
701 5246 933 5314 quamvis
948 5239 1195 5314 diversis
1209 5243 1419 5314 interim
1448 5239 1914 5314 pwnis_a/ﬁciendi.

585 5316 660 5369 45
700 5309 899 5369 Corvus
927 5312 1210 5383 ἅστοργος,
1249 5311 1366 5363 licet
1397 5313 1527 5374 avis,
1564 5309 1734 5362 Etiam
1767 5327 1981 5380 pascens
2007 5321 2113 5379 ta-_

521 5386 621 5440 cite
653 5387 824 5450 ipsum
851 5384 916 5436 de
943 5385 1238 5451 mitiganda
1271 5383 1350 5434 ira
1381 5383 1676 5451 admonuit.

592 5455 664 5509 Η
703 5454 932 5521 Quisque
954 5467 1050 5504 sua
1069 5450 1251 5520 ponus
1279 5450 1462 5502 merito
1491 5457 1646 5519 quam
1672 5451 1930 5521 ntajorum
1955 5452 2090 5506 deli-

527 5537 606 5577 cta
632 5523 918 5578 immeritus
945 5523 1040 5574 luit
1058 5539 1076 5586 ;
1094 5521 1367 5588 ἀνασκευὴ
1398 5522 1584 5573 veteris
1609 5521 1825 5574 diverbii
1851 5523 2090 5576 .ludaici.

533 5594 714 5647 Patres
741 5595 1077 5646 comederunt
1107 5607 1259 5644 uvam
1287 5591 1546 5656 acerbam,
1572 5602 1618 5643 et
1649 5593 1882 5660 ﬁliorum
1913 5593 2090 5646 dentes

526 5665 920 5733 obstupuerunt.

596 5729 780 5786 45'De
821 5729 1083 5786 Susanna:
1124 5731 1421 5785 innocentia
1465 5747 1496 5782 a
1529 5731 1776 5784 senilibus
1816 5731 2094 5785 calumniis

529 5804 812 5870 vindicata,
849 5811 895 5855 et
925 5817 1074 5871 paena
1106 5801 1306 5864 iustiss.
1343 5803 1551 5855 senibus
1587 5805 1834 5870 irrogata.

1542 431 1548 436 ,
1645 368 2206 432 PROLEGOMENA
2253 365 2454 427 EDIT.
2492 362 2735 424 PARIS.

3659 347 3767 419 156

2496 471 2718 524 Christo
2743 461 3076 536 propinquos
3099 461 3263 536 allicit

2499 541 2614 595 Non
2649 535 2927 608 sanguinis
2953 535 3240 608 cognatio,

2503 611 2608 665 Sed
2649 605 2886 676 Spiritus
2916 605 3184 676 imitatio;

2497 681 2564 735 Et
2593 673 2705 734 vita
2731 678 2984 732 virtutem
3016 673 3223 730 colens.

2249 475 2330 529 ιϐι

2247 799 2316 853 47
2359 797 2524 852 Deum
2561 793 2712 862 cujus
2755 791 3009 846 vindicem
3052 785 3268 842 oculum
3313 785 3448 862 nihil
3487 785 3615 862 latet
3666 795 3771 862 aut

2178 870 2360 938 e/fugit
2409 855 2934 938 animadversionem,
2977 868 3026 938 et
3059 867 3115 912 ut
3151 872 3388 938 severum
3408 855 3646 938 judicent
3691 855 3762 908 ti-

2176 926 2334 1004 nxere,
2368 949 2417 993 et
2455 945 2509 988 ut
2539 926 2928 1004 benefactorem’
2951 928 3413 985 clementissimum
3457 942 3521 981 ac
3551 926 3758 980 libera-

2178 1002 2438 1064 lissimum
2465 1020 2646 1058 amare
2668 1002 2939 1057 debemus.

2247 1078 2316 1134 48
2354 1077 2592 1130 Christus
2637 1082 2668 1125 tt
2715 1071 2936 1126 terrenis
2983 1067 3052 1123 ad
3103 1068 3334 1124 caelestia
3379 1082 3476 1123 nos
3523 1080 3752 1130 vocans,

2177 1149 2278 1202 vim
2312 1149 2544 1202 divinam
2579 1143 2688 1198 suis
2717 1141 2886 1216 verbis
2915 1140 3181 1211 adjungit.

2244 1248 2316 1304 49
2354 1247 2583 1303 Gusmm
2611 1259 2708 1301 nec
2737 1245 2904 1298 ullum
2934 1242 3102 1298 verba
3133 1241 3334 1298 habent
3365 1242 3550 1296 inania

2349 1316 2586 1386 Quisque
2609 1313 3323 1386 ergo‘sermohcondiendus
3350 1321 3434 1386 est
3463 1311 3600 1378 sale,

2356 1382 2526 1454 Quem
2559 1382 2909 1454 suppeditant
2932 1383 3133 1454 divina;
3151 1383 3482 1454 testimonia,

2355 1451 2422 1512 Et
2445 1451 2723 1527 praemium
2758 1452 3000 1519 caeleste,
3033 1460 3088 1508 et
3118 1451 3311 1522 iudicii
3343 1459 3541 1508 metus.

2243 1555 2314 1612 50
2356 1544 2590 1611 llero'des
2644 1564 2760 1622 post
2817 1553 2967 1608 illam
3023 1552 3212 1624 populi
3267 1551 3756 1624 acclamationem:

2176 1644 2199 1680 s
2237 1625 2351 1682 Vox
2373 1626 2468 1680 Dei
2495 1637 2541 1679 et
2568 1621 2670 1679 non
2700 1625 2946 1689 hominis,
2975 1642 2999 1676 s
3023 1621 3282 1676 divinitus
3308 1621 3542 1691 punitus,
3577 1634 3758 1674 exem-

2169 1697 2258 1769 plo
2286 1713 2392 1769 suo;
2412 1696 2582 1762 docet,
2623 1695 2976 1769 pcenas_dare
3011 1709 3120 1756 eos,
3153 1692 3250 1769 qui
3279 1691 3612 1769 adulationes
3653 1691 3758 1742 im-

2154 1761 2550 1844 .piasalioru‘m
2579 1763 2913 1843 admiserint,
2956 1778 3048 1844 nec
3081 1761 3533 1842 reprehenderint.

2247 1836 2312 1891 51
2361 1835 2588 1896 Paulus,
2620 1849 2740 1887 cum
2767 1833 2844 1886 ait
2873 1846 2891 1885 :
2927 1849 2946 1881 ι
2981 1829 3312 1900 Coeperatur
3349 1831 3417 1884 iis
3456 1831 3546 1892 qui
3571 1846 3756 1892 εεειιη.

2175 1907 2300 1959 dum
2334 1905 2657 1975 propositum
2698 1903 2867 1956 vocati
2900 1913 3040 1975 sunt,
3073 1900 3419 1975 s_signiﬁcat,
3457 1915 3558 1975 non
3603 1901 3754 1975 sagi:

2173 1991 2289 2030 cere
2333 1969 2400 2028 ad
2430 1969 2694 2034 salutem,
2742 1981 2795 2025 ut
2846 1972 2960 2040 quis
3003 1987 3035 2022 α
3087 1969 3190 2040 Deo
3235 1970 3592 2040 vocatussit,
3646 1971 3756 2021 nisi

2172 2045 2329 2100 etiam
2371 2043 2591 2098 accedat
2637 2057 2704 2095 ex
2744 2038 2895 2110 parte
2943 2039 3110 2095 vocati
3145 2040 3382 2093 studiunt
3427 2038 3748 2105 obsequendi

2173 2115 2431 2170 vocationi
2463 2113 2677 2166 divinat.

2244 2183 2316 2238 52
2363 2183 2646 2238 Peccatum
2690 2190 2856 2234 morte
2899 2180 3108 2252 gravius
3149 2185 3249 2233 est.
3310 2174 3543 2230 Prtestat
3588 2177 3755 2248 igitur

2171 2256 2307 2308 mori
2344 2254 2602 2322 integrum
2623 2259 2670 2304 et
2702 2251 3171 2322 incontaminatum
3198 2257 3620 2322 peccatp,_qu_am
3652 2253 3753 2322 ad-

2169 2323 2374 2376 mittere
2400 2315 2691 2389 pe'ccatum,
2739 2331 2794 2372 ut
2827 2319 3308 2380 immortalitatem,
3337 2315 3385 2370 si
3415 2315 3532 2384 fieri
3560 2319 3753 2386 possit,

2171 2407 2490 2447 assequarts.

2244 2408 2677 2536 ggugidngelica
2727 2467 2988 2536 p-rcecepta
3028 2455 3347 2536 perfectione
3389 2471 3489 2510 sua
3513 2457 3754 2536 _vincunt

2171 2540 2220 2584 et
2249 2531 2358 2652 just
2387 2527 2614 2596 naturai,
2656 2527 2914 2600 et’legem
2963 2527 3232 2595 scriptam,
3281 2535 3329 2578 et
3372 2527 3752 2595 prophetarum

2172 2615 2332 2652 oracu
2360 2617 2414 2652 a.

2172 2615 2393 2654 oracuta

2242 2643 2569 2725 auworma
2610 2685 2672 2722 ac
2702 2668 2954 2738 deﬁnitio
2993 2664 3331 2738 exactissima
3371 2665 3579 2738 virtutis
3630 2663 3746 2720 htec

2170 2747 2270 2806 est,
2296 2755 2450 2810 quam
2474 2743 2689 2810 quisque
2723 2733 2993 2810 ἰήιε-ἱμξο
3030 2737 3328 2810 possid_et._t
3358 2733 3572 2810 omnia,
3603 2750 3752 2802 qua:—

2171 2804 2380 2948 fun'q'ue
2418 2804 2706 2888 volueritis,
2747 2817 2802 2860 ut
2848 2807 3048 2874 faciant
3101 2806 3240 2860 vobis
3282 2804 3540 2868 homines,
3569 2813 3618 2862 υ
3663 2819 3760 2858 vos

2196 2889 2332 2932 actte
2364 2895 2508 2941 ipsis.
2547 2898 2567 2931 ι

2196 2879 2332 2932 'acite
2364 2879 2508 2941 ipsis.
2547 2898 2567 2931 ι

2243 2949 2311 3003 55
2351 2946 2530 3002 Causa
2556 2947 2790 3002 omnium
2832 2944 3093 2999 malorum
3123 2943 3597 3012 dissidentiumquc
3627 2945 3750 3009 api-

2175 3017 2390 3072 nionum
2437 3029 2509 3069 est
2571 3019 2806 3081 ambitio,
2861 3033 2964 3070 non
3014 3013 3186 3068 solum
3243 3014 3298 3067 in
3350 3011 3608 3073 Ecclesia,
3659 3015 3752 3065 sed

2173 3089 2332 3142 etiam
2364 3091 2417 3141 in
2455 3087 2787 3156 philosophia
2826 3085 3092 3139 steculari.
3132 3082 3278 3156 Tolle
3309 3082 3476 3153 igitur
3505 3083 3752 3135 ambitio-

2172 3171 2312 3220 nem,
2347 3167 2392 3210 et
2420 3157 2674 3210 hatresum
2706 3155 2903 3224 fontem
2932 3155 3284 3209 obstruxeris.

2247 3226 2317 3281 56
2355 3227 2581 3280 Ambitio
2629 3235 2680 3279 et
2707 3222 3022 3292 anticipata
3062 3224 3238 3292 opinio
3275 3222 3499 3275 ltazreses
3544 3235 3758 3292 pepere-

2175 3305 2319 3350 runt.

2245 3365 2312 3420 57
2353 3364 2483 3417 Cum
2525 3366 2685 3420 etiam
2716 3372 2836 3418 ante
2871 3372 3051 3416 natum
3095 3359 3364 3416 Christum
3401 3357 3538 3414 inter
3579 3360 3756 3413 homi-

2177 3451 2264 3488 nes
2295 3437 2532 3488 omnibus
2567 3435 2778 3489 steculis
2813 3433 3165 3489 contentiones
3193 3430 3511 3494 exstiterint,
3541 3445 3644 3483 non
3674 3439 3754 3482 est

2179 3507 2371 3557 mirum
2425 3505 2564 3572 quod
2607 3505 2849 3557 diabolus
2883 3507 3040 3557 etiam
3085 3511 3200 3571 post
3249 3498 3514 3556 Christum
3565 3510 3755 3552 nutum

2175 3576 2352 3628 varias
2381 3575 2621 3627 excitarit
2658 3577 2902 3626 horreses.

2246 3643 2315 3697 58
2370 3643 2503 3708 Qua!
2539 3643 2646 3696 sint
2705 3643 2844 3708 apud
2895 3639 3186 3710 apostolum
3227 3636 3428 3692 ludant
3469 3636 3637 3710 stellae
3676 3654 3755 3691 er-

2176 3721 2376 3779 rantes,
2405 3713 2591 3782 quibus
2621 3713 2791 3781 caligo
2814 3708 3144 3766 tenebrarum
3171 3718 3378 3762 servata
3409 3717 3482 3761 est
3509 3708 3563 3760 in
3598 3717 3758 3761 atter-

2175 3797 2322 3836 num.

2248 3851 2317 3906 59
2360 3851 2500 3916 Quid
2529 3853 2597 3904 sit
2629 3850 2768 3920 apud
2796 3847 3043 3912 Paulum,
3068 3845 3268 3920 Κορης-ι
3294 3863 3308 3899 :
3332 3863 3362 3920 _(
3397 3843 3640 3899 Tradidit
3665 3861 3760 3920 eos

2179 3921 2318 3975 Deus
2345 3914 2399 3974 in
2429 3914 2701 3989 reprobum
2734 3935 2965 3982 sensum,
2999 3938 3016 3969 s
3055 3926 3161 3970 etc.
3199 3914 3430 3989 Tradere
3457 3924 3531 3968 est
3578 3914 3756 3969 nuda-

2177 3997 2287 4044 tum
2328 3985 2531 4044 auxilio
2571 3991 2744 4045 divino
2775 3990 3058 4052 dimittere,
3087 3994 3137 4038 et
3181 3985 3473 4052 relinquere
3517 3997 3754 4040 ruentem

2175 4063 2388 4130 proprio
2417 4063 2629 4128 impetu,
2660 4075 2761 4130 non
2797 4069 2972 4130 autem
3003 4055 3264 4130 impellere
3289 4058 3343 4107 in
3373 4055 3604 4130 facinus.

2247 4120 2317 4183 60
2356 4120 2653 4193 ρηοὶωιεὶι
2675 4128 2864 4182 dixerit
2907 4120 3132 4190 Paulus,
3159 4124 3313 4178 Rom.
3343 4120 3402 4178 t':
3435 4141 3453 4174 ι
3488 4120 3611 4193 Non
3653 4140 3747 4178 so-

2177 4198 2286 4252 lum
2317 4192 2403 4268 qui
2429 4215 2494 4268 ea
2524 4201 2747 4268 faciunt,
2778 4202 2866 4251 sed
2897 4199 3051 4248 etiam
3073 4195 3162 4268 qui
3183 4196 3518 4268 consentiunt
3545 4192 3759 4268 facien-

2179 4263 2340 4322 tibus;
2367 4287 2386 4319 ι
2411 4263 2636 4322 Gravius
2661 4281 2732 4320 est
2751 4273 3047 4338 peccantem
3066 4263 3311 4338 laudare,
3331 4272 3379 4316 et
3402 4264 3616 4316 alterius
3645 4263 3747 4316 im-

2176 4338 2396 4408 probum
2450 4338 2649 4408 factum
2678 4334 3032 4401 comprobare,
3087 4349 3245 4402 quam
3293 4334 3463 4401 ipsum
3508 4347 3748 4400 peccare.

2177 4404 2376 4476 Confer
2433 4404 2513 4475 ep.
2543 4409 2611 4461 84
2637 4409 2803 4475 infra.

2247 4471 2311 4530 δί
2366 4471 2624 4532 Βε’άὶειο
2675 4471 2856 4538 Pauli,
2905 4471 3055 4526 Rom.
3100 4487 3138 4527 tl
3170 4493 3183 4528 :
3221 4490 3239 4524 s
3270 4471 3454 4529 Gloria
3487 4483 3534 4526 et
3587 4472 3758 4526 honor

2181 4554 2364 4668 ἔραξε
2411 4549 2548 4602 omni
2599 4546 2836 4616 aperanti
2879 4544 3070 4596 bonum
3096 4580 3112 4607 ,
3161 4541 3356 4597 Judwo
3400 4545 3662 4611 primum,
3703 4553 3756 4596 et

2232 4632 2384 4668 ra'co.
2418 4636 2436 4668 s

2232 4632 2384 4670 νίτιεο.
2418 4636 2436 4669 ι

2251 4684 2320 4739 62
2365 4685 2647 4742 Peccatum
2695 4687 2807 4740 sine
2855 4685 2964 4752 lege
3013 4689 3276 4734 mortuum
3333 4689 3429 4752 est.
3485 4680 3590 4752 Qui
3633 4682 3750 4735 sine

2180 4754 2291 4826 lege
2313 4769 2548 4826 peccant,
2581 4757 2758 4826 mitius
2783 4751 3090 4826 puniuntur,
3113 4751 3390 4826 quam__q’ui
3415 4752 3512 4804 sub
3540 4751 3670 4819 lege.

2253 4818 2324 4880 6'5
2364 4827 2438 4881 De
2460 4818 2598 4879 dicto
2637 4818 2811 4889 Pauli,
2847 4823 2996 4876 Rom.
3023 4818 3163 4872 vni:
3197 4837 3218 4889 ς
3254 4818 3378 4872 Νοη
3410 4830 3532 4874 sunt
3573 4818 3761 4874 condi-

2183 4909 2300 4964 gnat
2341 4899 2608 4962 passiones
2655 4888 2814 4962 hujus
2859 4890 3106 4961 temporis
3150 4888 3218 4942 ad
3255 4892 3494 4959 futuram
3528 4890 3754 4959 gloriam

2184 4967 2240 5019 in
2267 4966 2414 5018 nobis
2455 4964 2808 5018 revelandam.
2845 4980 2864 5014 s

2256 5035 2326 5088 64
2365 5033 2563 5090 Christi
2594 5038 2654 5086 in
2693 5048 2903 5087 carnem
2936 5032 3189 5086 adventus
3231 5041 3485 5098 quantum
3520 5030 3640 5091 boni
3674 5037 3760 5081 ct-

2188 5103 2364 5158 tulerit
2413 5105 2562 5157 rebus
2611 5103 2874 5156 ltumanis.
2920 5101 3022 5168 Qui
3063 5103 3216 5170 perit,
3266 5116 3362 5153 sua
3407 5099 3564 5170 culpa
3601 5099 3757 5167 perit,

2185 5175 2326 5244 quod
2357 5175 2628 5244 victoriam
2653 5171 3049 5244 laboreparare
3081 5170 3388 5244 neglexerit.

2259 5242 2330 5296 65
2364 5242 2552 5297 Gratia
2585 5243 2676 5295 Dei
2705 5257 2800 5311 per
2829 5241 2986 5310 ﬁdem
3019 5236 3483 5311 justifieatibonis
3519 5236 3762 5311 aperibus

2190 5313 2422 5376 studere,
2451 5325 2496 5366 et
2533 5307 2916 5381 ﬁdem'altoqui
2950 5307 3209 5364 mortuam
3239 5310 3498 5381 animare,
3533 5317 3584 5361 et
3609 5307 3761 5360 salu-

2191 5393 2291 5436 tem
2327 5375 2476 5435 suam
2508 5375 2714 5450 operari
2745 5375 2950 5435 debent.
3212 5448 3218 5450 _

2228 5523 2238 5532 .
2263 5451 2332 5533 (ili
2375 5443 2575 5533 Divinas
2603 5467 2682 5504 res
2706 5466 2882 5504 omnes
2908 5451 3046 5521 ignis
3081 5448 3288 5503 nomine
3318 5449 3371 5500 in
3407 5447 3572 5500 sacris
3603 5443 3765 5498 Litte-

2193 5523 2267 5576 ris
2294 5523 2484 5587 insigni
2492 5532 2670 5574 untur.

2267 5591 2332 5644 67
2383 5585 2724 5645 Ethnicorum
2751 5591 2946 5660 scripta
2975 5603 3089 5643 cum
3115 5589 3284 5640 sacris
3307 5585 3526 5660 Litteris
3552 5601 3766 5660 compao_

2197 5673 2402 5714 rantur.
2436 5661 2542 5714 Illa
2570 5662 2761 5714 nonad
2796 5656 3030 5714 omnium
3057 5661 3310 5712 lectorum
3339 5657 3639 5716 utilitatem,
3673 5656 3764 5706 sed

2198 5732 2266 5785 ad
2315 5740 2588 5784 auctorum
2636 5732 2857 5799 gloriam
2905 5730 3249 5799 diriguntur;
3292 5736 3338 5780 et
3393 5739 3640 5799 pompose
3670 5725 3760 5799 di-

2201 5801 2350 5854 cemli
2373 5818 2555 5870 genere
2596 5794 2832 5853 utuntur.
2870 5799 2966 5852 lla:
3009 5794 3076 5851 ad
3112 5797 3363 5860 omnium,
3418 5797 3577 5848 etiam
3624 5794 3766 5846 idio-
