4118 6458
442 406 545 473 159

436 520 680 568 borantes
708 523 858 569 extra
913 522 1090 569 castra
1137 512 1414 565 consistere
1458 512 1598 580 jussi
1643 508 1857 577 fuerint.
1914 509 2019 559 1³η-

438 593 614 639 rentes
648 587 864 653 stepe-in
904 584 1030 652 filiis
1060 583 1362 652 plectuntur
1395 584 1609 652 gravius
1640 598 1797 649 quant
1829 581 1881 631 in
1928 596 2013 632 se-

438 657 697 724 metipsis.
733 654 887 724 Conf.
921 670 1002 723 ep.
1038 653 1134 707 HI
1172 653 1226 706 lt.
1267 653 1361 707 lib.
1505 722 1512 724 Α
1596 722 1602 724 Α
1645 722 1653 724 4
1822 706 1827 711 ,

512 722 616 778 118
674 722 1019 793 Ειεεηίοεῃὴα
1078 726 1216 777 unde
1256 722 1514 794 (Μίνωιτὶ
1571 722 1790 794 debeat,
1839 735 2021 794 nempe

441 811 542 848 non
580 804 687 847 tam
718 815 747 847 a
783 796 895 847 dati
941 796 1326 863 magnitudine,
1370 793 1525 861 quam
1576 808 1638 863 ex
1679 793 1853 844 animo
1893 793 2021 863 dan-

445 866 530 919 'is.
570 864 835 918 Probatur
874 862 1111 933 exemplo
1159 866 1331 918 vidure
1374 862 1703 933 evangelictr,
1760 864 1865 933 duo
1914 862 2019 914 nti-

441 946 570 987 nuta
593 935 858 1004 offerentis
880 936 934 987 in
958 930 1413 1004 gtzaophylttciunt.
1433 931 1601 1004 Marc.
1624 948 1720 1004 xit,
1755 930 1884 984 an.
1903 946 2016 1004 !_Xi.

513 1000 647 1058 H9“
667 1003 780 1058 Viri
821 1000 1131 1058 υιαιὲἑνίὁιᾶε
1165 1000 1420 1074 tanquam
1452 1003 1563 1057 vasi
1598 1003 1878 1071 infirmiori
1922 1000 2018 1054 lto-

440 1091 617 1126 norem
651 1076 915 1128 tribuunt.
946 1074 972 1128 1
1014 1074 1165 1129 Petr.
1198 1088 1281 1129 III.

513 1144 618 1197 120
657 1138 1004 1201 Contumelite
1030 1152 1290 1214 quomodo
1317 1144 1590 1197 sanandae.

514 1214 612 1267 121
668 1214 876 1286 Lazaro
931 1230 1056 1286 sure
1102 1215 1327 1268 miserita
1372 1214 1772 1281 fundamentum
1826 1217 2017 1286 sempi-

439 1294 606 1338 ternae
627 1285 810 1353 gloria:
839 1284 1184 1353 et.felicitatis
1217 1286 1548 1337 exstiterunt.

514 1352 734 1409 12200
757 1352 1034 1409 libidinoso
1078 1364 1291 1421 aspectu
1342 1356 1619 1405 mulierum
1650 1353 1886 1407 vitanda.
1921 1352 2018 1410 Le—

441 1424 649 1496 gitima
674 1426 817 1496 lucta
860 1438 931 1480 est
966 1441 1123 1496 quam
1150 1422 1417 1479 constituit
1458 1422 1635 1486 Deus;
1662 1440 1766 1478 non
1796 1426 2017 1496 quisque

440 1493 543 1546 sibi
568 1494 828 1557 opinionis
859 1511 1036 1550 errore
1072 1494 1246 1561 ﬁnxit.

643 1562 938 1686 fraxinus
956 1566 1073 1634 quis
1102 1565 1192 1629 sit,
1221 1580 1401 1635 nempe
1437 1563 1608 1636 quivis
1633 1561 1786 1617 homo
1818 1573 2016 1620 nostrae

516 1650 559 1686 Is
588 1650 639 1686 tn
682 1650 816 1686 rans.

442 1650 559 1701 opis
588 1650 816 1703 tnasgus.

517 1702 620 1757 124
656 1702 849 1759 Anima
883 1706 1115 1759 humana
1146 1714 1220 1759 est
1247 1706 1458 1774 quidem
1485 1706 1686 1769 divina,
1717 1712 1765 1757 et
1791 1702 2013 1757 immor-

441 1773 568 1827 talis
607 1774 710 1854 sed.
741 1790 871 1854 non“
899 1775 1057 1839 Deus,
1108 1773 1272 1846 neque
1304 1775 1567 1844 particula
1616 1774 1710 1828 Dei
1746 1777 2006 1840 essentite,

441 1860 606 1912 neque
631 1847 871 1911 principii
896 1860 1100 1911 expers.

516 1910 620 1968 HS
656 1912 731 1968 De
773 1910 968 1969 animae
998 1915 1392 1969 immortalitate
1433 1926 1614 1969 contra
1655 1910 1840 1968 Ga’eni
1889 1914 2018 1967 har-

440 1985 702 2037 monicam
731 1984 898 2055 lyram
919 1995 967 2038 et
990 1995 1446 2055 temperamentum
1470 1986 1736 2055 corporis;
1760 1985 2020 2055 praeclara

439 2064 493 2107 et
525 2055 729 2108 erudita
755 2053 1068 2121 disputatio,
1105 2053 1416 2117 Homericis,
1466 2053 1768 2123 Euripideis
1806 2066 1851 2106 et
1895 2053 2021 2107 Pta-

443 2125 631 2194 ionicis
654 2123 1053 2179 auctoritatibus
1076 2125 1335 2189 stabilita,
1367 2128 1677 2194 tandemque
1698 2125 1873 2179 divino
1900 2141 2023 2179 ora-

440 2193 571 2265 cula
597 2195 983 2265 _et#testitnonio
1017 2195 1309 2265 obsignata.
1378 2210 1386 2217 ‘

517 2263 619 2317 126
659 2263 1072 2330 Reprehensione
1097 2263 1147 2320 et
1170 2266 1292 2318 odio
1322 2265 1467 2333 digni
1499 2273 1641 2327 sunt,
1676 2265 1765 2333 qui
1790 2267 2022 2333 neglecta

443 2334 568 2388 bene
602 2335 799 2389 vivendi
823 2352 951 2389 cura
982 2337 1045 2389 de
1065 2336 1392 2406 dogmatibus
1423 2351 1694 2403 perpetuas
1730 2335 2021 2406 contentio-

443 2420 531 2475 nes
555 2407 873 2473 suscipiunt,
894 2404 1166 2475 ipsamque
1195 2407 1325 2459 adeo
1351 2407 1579 2460 divinmn
1604 2406 1879 2458 essentiam
1908 2404 2022 2458 suis

441 2474 882 2540 disputationibus
910 2474 1214 2529 scrutantur
1243 2492 1304 2528 ac
1330 2476 1638 2529 sollicitant.

516 2543 619 2598 127
658 2543 974 2611 Spirituaies
1014 2544 1245 2598 homines
1260 2547 1475 2612 quinam
1495 2546 1739 2598 dicantur
1753 2562 1783 2596 a
1809 2543 2024 2601 Paulo?

443 2616 532 2681 qui
561 2616 856 2685 animales?
884 2618 976 2683 qui
1013 2617 1234 2683 denique
1270 2615 1510 2669 carnales
1541 2617 1565 2670 ?
1620 2615 1666 2667 A
1698 2615 1900 2685 potiore
1933 2630 2027 2668 θαι

442 2685 606 2736 mitur
635 2684 1012 2745 denominatio.

518 2754 621 2825 128
660 2753 901 2809 Christus
936 2770 1033 2808 sua
1077 2764 1258 2823 sponte
1288 2755 1447 2808 morti
1481 2763 1639 2825 caput
1662 2754 1873 2819 obtulit,
1905 2771 2024 2808 cum

445 2824 606 2891 facile
626 2840 765 2887 eam,
794 2826 838 2877 si
869 2825 1133 2887 voluisset,
1156 2825 1421 2878 declinare
1442 2824 1717 2895 potuisset,
1749 2824 1825 2878 vel
1848 2826 2025 2895 divina

444 2912 543 2946 sna
572 2896 806 2962 potentia
836 2910 940 2963 qua
980 2896 1113 2948 alios
1152 2895 1308 2948 etiam
1341 2910 1405 2948 ex
1444 2893 1609 2948 morte
1640 2896 1905 2959 excitavit,
1947 2893 2026 2948 vel

445 2964 784 3035 innocentin
813 2964 1129 3033 atlegatione
1177 2981 1240 3019 ac
1290 2964 1621 3034 defensione,
1673 2965 1751 3019 vel
1780 2965 2024 3035 beneﬁcio

445 3033 834 3099 appellationis.
1360 3033 1364 3034 ν
1814 3096 1817 3099 η

521 3102 624 3157 1ἓ9
654 3101 838 3175 Decem
860 3104 1311 3172 interpretationes
1329 3105 1457 3159 dicti
1476 3102 1729 3159 Paulini:
1757 3104 1896 3171 «Qui
1911 3104 2023 3175 for-

449 3173 768 3243 nicatur,4'in
801 3188 988 3243 corpus
1010 3191 1163 3228 suum
1195 3183 1429 3240 peccat.»

522 3244 626 3296 150
657 3241 931 3307 Quomodo
965 3260 1075 3298 sese
1102 3259 1279 3314 gerere
1314 3245 1531 3314 debeant
1557 3259 1677 3298 cum
1722 3244 1760 3298 ii
1807 3245 1897 3314 qui
1932 3260 2031 3299 aud

448 3313 626 3385 diluti,
664 3323 773 3385 tum
825 3314 906 3366 illi
951 3316 1043 3385 qui
1073 3313 1467 3385 dicuntsﬂuid
1497 3316 1702 3369 intersit
1749 3313 1890 3368 inter
1920 3332 2033 3385 upi-

450 3383 540 3467 γὸγ
713 3378 1055 3467 θῖσονηὶιξςεν
1094 3378 1461 3467 apertisque...st
1519 3386 1629 3467 uel.
1666 3378 1988 3467 (pilovstueiv
2019 3401 2034 3453 ;

450 3454 470 3505 i
511 3461 591 3525 ter
642 3452 1067 3523 sbboxtpe'laiixt,
1096 3451 1204 3508 sive
1257 3451 1546 3525 εὐδόκιμον
1578 3451 1742 3517 vivat,
1775 3464 1824 3509 et
1873 3451 2036 3525 ὲπςκιιὲ

448 3522 676 3598 vetabat,
713 3522 841 3598 sive
874 3525 1355 3598 iyuwpta'tCsaﬂat;
1397 3522 1622 3597 denique
1649 3524 2031 3598 ίηεενήδεσθαι

449 3593 544 3645 καὶ
571 3592 978 3661 εὐφραίνεσθαι.

524 3662 629 3743 152
676 3662 893 3719 Inutilis
936 3675 984 3720 et
1019 3664 1313 3735 periculosa
1342 3665 1489 3720 nobis
1518 3675 1649 3721 esset
1698 3665 2039 3737 prazcogn'itia

451 3749 687 3786 omnium
719 3748 896 3787 rerum
934 3745 1090 3805 atque
1121 3744 1419 3789 eventuum.

526 3826 630 3880 155
678 3824 822 3899 Fons
854 3830 1023 3883 omnis
1074 3830 1130 3883 in
1172 3830 1280 3884 vita
1326 3828 1652 3899 confusionis
1695 3841 1741 3884 et
1773 3831 1912 3884 inter
1941 3831 2039 3886 ha-

452 3899 618 3968 mines
652 3898 948 3951 animorum
977 3899 1403 3968 exacerbationis
1430 3898 1499 3953 et
1543 3902 1891 3955 contentionis
1937 3910 2038 3968 est,

452 3966 596 4030 quod
641 3982 916 4041 sacrarum
958 3967 1283 4023 Litterarum
1332 3971 1566 4023 studium
1609 3970 1930 4041 negligitur,
1991 3966 2039 4025 et

451 4037 809 4110 unusquisque
839 4054 960 4092 suos
993 4041 1212 4109 affectus
1243 4041 1432 4094 divinis
1461 4037 1689 4110 oraculis
1717 4037 2008 4110 anteponit.

665 4106 775 4161 Lex
804 4119 849 4162 et
876 4106 1137 4180 prophetae
1162 4111 1479 4179 pra'paratio
1507 4109 1717 4181 fuerunt
1754 4113 1821 4164 ad
1843 4106 2043 4165 'Evan-

536 4194 552 4226 ι
653 4216 666 4226 .

450 4190 666 4245 gentem.

529 4247 632 4302 155
668 4245 942 4317 Expositio
972 4249 1102 4302 dicti
1142 4248 1338 4304 Christi
1368 4246 1560 4305 Matth.
1610 4264 1681 4317 x,
1720 4249 1783 4304 M
1824 4266 1838 4304 :
1881 4267 1900 4301 ί
1941 4246 2045 4315 Qui

453 4319 639 4386 recipit
663 4320 969 4387 prophetam
996 4321 1049 4372 in
1079 4333 1262 4373 nomen
1285 4323 1572 4386 prophetat,
1598 4322 1885 4374 mercedem
1916 4337 2044 4387 pro-

452 4389 621 4456 phette
651 4390 920 4458 accipiet.»
966 4388 1256 4444 Honestum
1289 4391 1453 4458 ipsius
1483 4392 1706 4454 honesti,
1748 4406 1851 4444 non
1876 4388 2045 4443 alicu-

447 4459 541 4530 jus
595 4458 729 4530 lucri
777 4460 1121 4530 utilitatisque
1165 4468 1258 4514 aut
1304 4461 1551 4515 humana:
1605 4459 1788 4530 gloria:
1857 4477 2042 4529 causa,

454 4528 729 4581 colendum
765 4541 860 4583 est.

528 4598 632 4653 156
676 4598 940 4722 «Πῗηωη
968 4599 1216 4655 caelorum
1250 4600 1349 4655 vim
1380 4598 1602 4669 patitur,
1633 4605 1682 4651 et
1708 4597 1919 4654 violenti
1954 4617 2042 4654 ra-

528 4677 610 4722 rmt
660 4670 754 4722 illu
800 4710 816 4722 .
854 4688 874 4722 ι
920 4669 1116 4722 Matth.
1153 4687 1231 4722 xI.
1283 4669 1413 4722 Luc.
1451 4685 1562 4722 xw.
1595 4670 1856 4722 auomodo
1885 4672 2039 4722 intel-

454 4667 610 4737 piunt
660 4667 817 4737 illud,
854 4688 874 4723 s
920 4669 1116 4725 Matth.
1153 4687 1231 4738 χι,
1283 4667 1413 4725 Luc.
1451 4685 1563 4737 xw,
1595 4670 1856 4739 quomodo
1885 4672 2039 4726 intel-

454 4737 742 4791 liaendum.
1506 4756 1509 4759 '

479 4754 742 4807 rgenaum.
1506 4756 1509 4759 '

534 4810 632 4864 157
667 4807 943 4880 Expositio
999 4809 1130 4865 dicti
1179 4808 1375 4866 Christi
1418 4808 1618 4880 Matth.
1666 4825 1743 4866 ιι
1806 4830 1825 4864 t
1859 4810 2041 4869 Estote

456 4881 738 4952 prudentes
754 4879 891 4934 sicut
913 4891 1194 4952 serpentes,
1224 4892 1268 4952 et
1297 4880 1555 4947 simplices
1577 4879 1708 4934 sicut
1728 4881 2034 4938 columbam

458 4945 716 5023 Exempla
751 4945 1007 5023 quatenus"
1040 4945 1294 5017 capienda
1337 4945 1464 5023 sint.

532 5018 635 5074 158
669 5018 921 5076 Tristitia:
962 5024 1219 5076 assultum
1259 5020 1473 5089 repellat
1498 5037 1559 5074 ac
1588 5020 1796 5092 subigat
1831 5023 2042 5077 animus

457 5092 699 5158 precibus
734 5109 795 5145 ac
822 5093 1164 5146 meditatione
1188 5092 1471 5144 (mlestium
1504 5093 1864 5154 prtcmiorum.

531 5159 631 5214 159
660 5162 1053 5216 Admonitiones
1085 5172 1130 5215 et
1164 5161 1586 5230 reprehensiones
1622 5164 1923 5216 vitiosarum
1952 5162 2046 5215 ho-

459 5231 664 5303 minum
722 5235 899 5303 quales
952 5249 1063 5286 esse
1110 5241 1157 5284 et
1202 5230 1471 5303 quomoda
1522 5233 1757 5287 adhiberi
1801 5230 2044 5288 debeant.

461 5298 745 5373 Quomodo
762 5303 884 5357 item
919 5303 1135 5369 ferenda
1165 5298 1234 5353 sit
1276 5300 1394 5353 boni
1427 5313 1635 5356 eventus
1672 5303 1971 5373 frustratio.

535 5372 638 5425 140
670 5371 962 5441 Scripturte
990 5386 1158 5444 sacrtB
1201 5386 1320 5444 cum
1345 5384 1525 5422 eorum
1565 5371 1833 5444 quiiextrtt
1865 5371 2049 5428 Eccle-

462 5440 599 5493 sium
631 5453 750 5495 sunt
789 5439 997 5510 scriptis
1031 5439 1265 5495 collatio.

542 5512 632 5565 141
673 5512 781 5566 Cur
819 5513 1050 5581 leprosos
1078 5519 1126 5562 et
1169 5510 1288 5581 aliis
1324 5515 1522 5571 morbis
1554 5514 1926 5570 involuntariis
1961 5515 2015 5569 la

465 5578 706 5636 borantes
735 5583 819 5636 lex
833 5578 1157 5651 prohibuerit
1188 5580 1424 5650 ingressu
1450 5600 1764 5641 castrorum.
1796 5586 2049 5641 Parentes

463 5664 607 5726 sirpe
630 5652 682 5706 in
717 5653 891 5726 liberis
916 5651 1124 5726 gravius
1153 5666 1312 5721 quam
1342 5654 1393 5706 in
1415 5659 1711 5726 semetipsis
1726 5656 2047 5725 plectuntur.

463 5716 657 5790 Confer
684 5739 765 5790 ep.
795 5722 890 5775 117
921 5716 976 5776 it.
1009 5721 1048 5778 l.

541 5789 646 5873 με
683 5789 756 5871 [ξε
785 5807 979 5873 egeant}
1007 5802 1290 5873 etiazterna
1318 5799 1650 5873 generatione
1692 5796 1823 5853 Filii
1862 5795 1958 5851 Dei
1987 5812 2050 5851 ex

467 5861 762 5918 substantia
797 5861 889 5918 Dei
924 5861 1123 5923 Patris.

1576 402 2139 464 PROLEGOMENA
2182 405 2382 465 EDIT.
2426 405 2672 466 PARIS.

3610 407 3711 474 160

2196 511 2297 565 115
2350 512 2428 587 De
2455 512 2765 587 diﬂ'erentia
2779 510 3010 587 legitimi
3028 583 3037 587 _
3056 511 3335 587 imperiiet
3363 517 3661 587 tyrannidis
3687 537 3709 574 :

2121 597 2343 651 quorum
2372 585 2502 635 illntl
2540 586 2608 636 a'l
2635 584 2986 647 subditorum,
3016 583 3126 637 haec
3165 585 3233 637 ad
3268 583 3568 653 imperantis
3599 592 3705 641 uti-

2122 655 2322 706 litatem
2366 654 2633 718 prapriam
2680 655 2928 713 refertur.
3382 665 3411 694 θ

2194 723 2296 777 144
2352 721 2505 777 Ratio
2562 724 2909 777 concilianda:
2978 726 3124 791 pacis
3197 724 3371 777 minus
3431 724 3708 792 probanda

2157 809 2236 846 utv
2290 795 2379 845 sit.

2120 808 2640 918 quiL‘iSHSat-erdotii
2686 880 2875 918 munus
2924 862 3221 933 perdifficile
3283 880 3397 918 esse
3446 876 3583 919 recte
3608 871 3708 920 ad-

2119 935 2425 987 ministrare
2455 938 2623 995 docet,
2664 937 2803 1003 quod
2836 935 2967 988 varii
2991 934 3097 987 sint
3138 950 3200 986 ac
3241 934 3554 1001 multiplices
3589 939 3709 990 ani—

2121 1020 2323 1058 morum
2372 1007 2575 1074 morbi,
2622 1006 2708 1074 qui
2761 1021 2864 1057 non
2896 1020 3000 1057 uno
3048 1020 3226 1057 omnes
3272 1006 3501 1074 remedio
3529 1008 3711 1059 curari

2119 1077 2340 1142 possint.
2379 1073 2526 1128 Unde
2554 1082 2605 1128 et
2635 1073 2873 1128 Christus
2903 1074 3232 1139 exclamavit,
3262 1073 3451 1128 Matth.
3490 1090 3614 1130 xxiv
3659 1086 3710 1131 et

2119 1144 2247 1201 Luc.
2286 1160 2356 1197 χιι
2386 1163 2400 1201 '.
2441 1164 2459 1196 «
2488 1147 2641 1214 Quis,
2675 1156 2849 1213 putas,
2875 1155 2948 1196 est
2978 1142 3155 1214 ﬁdelis
3184 1156 3360 1214 servus
3380 1156 3426 1201 et
3456 1149 3712 1214 prudens,

2117 1231 2265 1283 quem
2297 1217 2573 1268 constituet
2614 1213 2870 1268 Dominus
2921 1229 3079 1282 super
3127 1212 3390 1283 familiam
3418 1212 3573 1270 suam
3596 1256 3614 1282 ,
3645 1229 3705 1271 ut

2118 1287 2203 1338 det
2239 1284 2344 1337 illis
2389 1285 2769 1339 demensum?»

2190 1353 2295 1408 146
2345 1354 2588 1409 Christus
2634 1356 2856 1408 adventu
2900 1369 2995 1407 suo
3037 1353 3214 1408 docuit
3253 1353 3488 1409 homines
3517 1355 3714 1412 anima

2116 1425 2586 1489 immortalitatem,
2605 1439 2651 1478 et
2678 1425 3104 1478 resurrectionem
3131 1425 3330 1487 carnis,
3358 1432 3407 1479 et
3439 1424 3709 1494 judicium

2118 1495 2360 1565 futurum
2389 1504 2586 1565 ,_atque
2618 1495 2691 1547 ita
2740 1496 2810 1547 ad
2844 1494 3050 1547 virtutis
3083 1494 3327 1565 studium,
3347 1510 3433 1547 eos
3462 1497 3712 1550 excitavit

2116 1562 2167 1619 et
2205 1567 2367 1617 acuit.
2402 1562 2687 1634 Peccatum
2714 1565 3140 1634 _morte__gravius
3162 1604 3177 1630 ,
3208 1572 3265 1634 et
3308 1564 3420 1618 lucc
3458 1580 3568 1634 prae
3615 1566 3712 1620 illo

2115 1633 2384 1705 eligenda.
2423 1632 2857 1705 DeqdictohPauli
2895 1631 3056 1705 Hebr.
3085 1650 3141 1701 II,
3201 1633 3292 1705 15.

2190 1701 2290 1759 147
2332 1703 2454 1758 Non
2484 1703 2639 1757 Iesus
2655 1701 2803 1758 Nave
2831 1720 2919 1758 seu
2944 1701 3133 1768 Josua,
3164 1704 3255 1757 sed
3276 1701 3434 1758 Iesus
3468 1702 3712 1759 Christus

2119 1792 2291 1897 verat;
2319 1784 2368 1897 ett
2394 1774 2620 1901 sgolidam
2646 1775 2872 1844 requiem
2887 1774 3104 1844 peperit.
3139 1773 3211 1829 De
3232 1774 3346 1828 loco
3364 1771 3526 1828 Pauli
3544 1770 3710 1830 Hebr.

2128 1860 2198 1901 Iv.
2317 1861 2343 1898 e
2435 1885 2448 1899 .
3706 1886 3710 1894 .

2128 1860 2198 1903 ιν,
2251 1857 2284 1897 δ
2317 1857 2363 1898 et
2394 1857 2448 1901 9.
3706 1886 3713 1894 .

2200 1914 2303 1969 118
2326 1913 2526 1985 inique
2551 1924 2596 1969 et
2637 1913 2868 1982 improbe
2894 1923 3105 1985 agentes
3149 1932 3254 1970 non
3282 1923 3405 1972 sunt
3439 1912 3712 1969 laudando

2127 1996 2173 2040 et
2203 1984 2473 2039 adulando
2506 1985 2857 2055 conﬁrmandi
2884 1986 2937 2055 in
2965 2000 3063 2039 sua
3093 1988 3425 2055 improbitate
3447 2022 3462 2048 ,
3504 1986 3595 2039 sed
3633 1985 3711 2039 vel

2127 2057 2337 2110 silentio
2371 2055 2443 2109 cel
2475 2055 2599 2125 fuga
2640 2054 2821 2107 sensus
2861 2054 3053 2177 alitgtis
3094 2054 3446 2123 improbitatis
3475 2056 3549 2120 eis
3584 2056 3715 2124 inji-

2129 2128 2341 2177 ciendus
2367 2166 2382 2177 .
2429 2138 2484 2177 ut
2536 2125 2893 2177 corriaantur.
2996 2127 3123 2177 tiam
3157 2126 3398 2177 voluntas
3425 2134 3579 2177 atoue
3608 2126 3713 2177 im-

2129 2128 2341 2180 cientlus
2367 2166 2382 2189 ,
2429 2138 2484 2180 ut
2536 2125 2893 2192 corrigantur.
2948 2125 3123 2178 Etiam
3157 2126 3398 2179 voluntas
3425 2134 3579 2192 atque
3608 2126 3713 2178 im-

2127 2196 2301 2265 pulsio
2335 2197 2386 2249 in
2410 2205 2685 2263 utramque
2710 2203 2911 2263 partem
2947 2210 3050 2247 non
3089 2205 3231 2248 caret
3275 2194 3351 2249 vel
3392 2196 3607 2264 prtemio
3635 2195 3713 2248 vel

2127 2281 2300 2336 plena,
2333 2268 2567 2333 quamvis
2597 2277 2804 2336 eventus
2844 2281 2946 2336 non
2987 2266 3333 2336 responderit.

2202 2337 2305 2391 H9
2338 2336 2612 2405 Expositio
2640 2335 2764 2386 dicti
2794 2334 2982 2400 psalmi
3017 2350 3102 2405 Litt
3124 2351 3140 2384 :
3176 2333 3379 2389 «Semel
3401 2332 3604 2388 locutus
3634 2341 3713 2387 est

2131 2405 2273 2460 Deus
2300 2422 2318 2460 :
2349 2403 2454 2460 duo
2489 2409 2599 2459 htrc
2625 2405 2824 2469 audivi,
2853 2422 2871 2456 ι
2898 2414 3002 2458 etc.
3035 2403 3479 2459 Comminationes
3518 2406 3713 2458 divina:

2129 2493 2400 2548 poenarum
2442 2478 2658 2529 tacitam
2700 2474 2888 2528 habent
2921 2490 3181 2529 annexam
3219 2476 3573 2528 conditionem
3602 2491 3711 2545 pa:-

2132 2548 2386 2604 nitentitc.

2202 2617 2304 2671 150
2342 2616 2457 2682 Quo
2503 2614 2779 2669 vilioribus
2835 2623 2883 2668 et
2942 2614 3485 2669 contumeliosioribus
3548 2617 3715 2667 armis

2132 2685 2370 2742 Christus
2393 2686 2665 2740 diabolum
2697 2685 2847 2750 vicit,
2877 2701 2936 2738 eo
2964 2684 3163 2737 clarior
3207 2696 3253 2738 et
3297 2684 3556 2738 illustrior
3600 2684 3713 2752 ejus

2130 2758 2345 2813 victoria
2380 2767 2480 2820 est,
2514 2755 2893 2825 quasiiathleta
2942 2755 3178 2825 vinctus,
3219 2764 3267 2809 et
3307 2764 3479 2809 tamen
3531 2757 3711 2809 victor.

2135 2828 2210 2882 De
2235 2828 2372 2881 dicto
2404 2822 2558 2880 Pauli
2588 2822 2615 2878 1
2658 2824 2897 2880 Corinth.
2926 2839 2984 2890 II,
3021 2824 3075 2877 2.

2205 2897 2297 2951 151
2362 2898 2436 2952 De
2485 2895 2818 2968 providentia
2847 2894 2941 2950 Dei
2985 2895 3163 2949 omnia
3209 2893 3264 2947 in
3302 2894 3430 2949 caelo
3475 2903 3717 2965 terraque

2131 2969 2375 3023 videntis.

2205 3036 2310 3091 15‘2
2346 3037 2419 3090 De
2452 3037 2592 3090 dicto
2625 3033 2965 3090 Salomonis:
3002 3053 3021 3087 «
3052 3031 3391 3104 Longanirnis
3414 3034 3492 3089 vir
3519 3035 3717 3090 multus

2132 3107 2184 3161 in
2208 3110 2482 3174 prudentia
2502 3149 2516 3171 ,
2553 3106 2920 3175 pusillanimus
2937 3103 3283 3175 autemvalde
3309 3105 3558 3175 insipiens
3579 3115 3676 3159 est.
3693 3124 3713 3158 ι

2209 3173 2313 3231 155
2341 3177 2456 3243 Quo
2481 3173 2633 3246 parto
2661 3176 3053 3246 intelligendum
3078 3174 3147 3246 sit
3184 3174 3317 3228 illud
3339 3173 3462 3229 Jobi
3479 3190 3498 3227 :
3531 3178 3719 3230 «Astra

2140 3263 2242 3301 non
2277 3257 2397 3300 sunt
2432 3243 2628 3298 munda
2665 3247 2719 3299 in
2756 3243 3032 3313 conspectu
3064 3243 3197 3310 eius.
3223 3261 3242 3295 ι

2212 3318 2315 3371 151
2343 3316 2540 3371 Christi
2567 3317 2792 3369 adventu
2823 3330 3150 3384 compressus
3181 3324 3438 3383 tyrannus
3476 3314 3721 3370 diabolus

2140 3390 2188 3443 vi
2218 3386 2443 3448 amplius
2470 3401 2571 3439 non
2601 3395 2765 3455 potest
2811 3401 2995 3439 nocere
3017 3385 3152 3455 ,sed
3185 3394 3390 3438 tantum
3417 3385 3721 3455 deceptione

2139 3470 2185 3512 ct
2243 3456 2450 3527 fraude.
2506 3454 2705 3510 Eorum
2756 3454 2919 3524 igitur
2967 3454 3262 3527 culpteesl
3322 3454 3717 3527 ascribendum,

2139 3524 2279 3597 quod
2330 3529 2394 3579 ab
2438 3542 2497 3580 eo
2536 3535 2885 3595 superentur,
2927 3526 3018 3594 qui
3052 3540 3108 3579 se
3157 3524 3296 3593 ipsas
3325 3525 3374 3578 ei
3402 3541 3501 3578 sua
3540 3535 3726 3595 sponte

2140 3598 2447 3651 subiiciunt.

2213 3614 2508 3730 i’éis’uii'im
2553 3668 2618 3721 sit
2667 3666 2807 3735 apud
2851 3658 3073 3731 Isaiam,
3114 3681 3230 3735 cap.
3278 3680 3368 3719 LI:
3428 3661 3726 3719 «Paculam

2143 3740 2310 3790 ruintc
2348 3744 2397 3789 et
2428 3736 2569 3788 calix
2602 3736 2861 3803 furoris.s

2216 3806 2316 3860 157
2357 3804 2433 3860 De
2457 3822 2612 3859 sensu
2644 3808 2769 3859 dicti
2793 3805 2959 3861 Levit.
2989 3820 3109 3863 XXI:
3148 3803 3348 3873 «Super
3373 3804 3515 3859 omni
3542 3804 3725 3857 anima

2143 3887 2355 3931 mortua
2387 3893 2488 3929 non
2518 3878 2893 3946 ingredietur.»
2926 3874 3126 3942 Corpus
3158 3882 3419 3929 mortuum
3453 3891 3541 3928 seu
3564 3874 3727 3946 cada-

2146 3962 2233 4002 ver
2281 3948 2450 4014 ipsum
2499 3943 2590 4017 per
2639 3961 2693 3999 se
2724 3963 2825 4000 non
2862 3956 2936 4017 est
2969 3947 3236 4015 impurum
3257 3983 3273 4008 ,
3303 3960 3464 4012 neque
3493 3943 3679 4012 polluit
3704 3960 3731 4017 ς

2144 4017 2270 4087 quia
2301 4014 2570 4069 naturalia
2608 4023 2759 4069 extra
2788 4016 2998 4083 culpam
3035 4025 3089 4087 et_
3131 4016 3330 4087 crimen
3374 4026 3494 4087 sunt
3519 4028 3538 4067 :
3582 4015 3727 4084 quod

2145 4083 2492 4156 probaturﬂex
2526 4087 2639 4139 loco
2671 4087 3011 4156 reliquiarum
3058 4084 3278 4153 Iosephi
3313 4083 3726 4149 translatarum,

2145 4168 2190 4210 et
2227 4154 2367 4209 dicto
2397 4153 2598 4210 Saloni.

2221 4224 2321 4279 158
2352 4225 2428 4279 De
2456 4227 2594 4279 dicto
2631 4224 2835 4280 Saloni.
2869 4223 3158 4280 Proverb.:
3213 4222 3449 4292 «Septies
3478 4223 3617 4278 cadit
3634 4223 3729 4293 ju-

2146 4304 2341 4376 stusuet
2361 4305 2616 4376 resurget.
2643 4315 2662 4347 s
2685 4368 2695 4376 _
2830 4300 2863 4376 "

2224 4364 2323 4420 159
2355 4361 2557 4420 Salutio
2588 4365 2890 4424 antinomia:
2917 4363 3217 4432 apparentis
3246 4364 3381 4416 inter
3400 4361 3544 4416 dicta
3568 4362 3726 4418 Citri-

2148 4437 2217 4491 sti
2235 4450 2253 4488 :
2290 4434 2515 4491 «Luceat
2535 4435 2628 4488 lux
2653 4448 2823 4490 vestra
2847 4431 3025 4489 coram
3059 4431 3386 4490 hominibus.
3422 4440 3478 4485 ut
3516 4434 3727 4487 videant

2149 4515 2320 4561 vestra
2354 4508 2486 4560 bona
2550 4521 2727 4574 opera,
2754 4525 2772 4557 ι
2811 4516 2916 4560 etc.
2966 4504 3185 4558 «Cavete
3241 4518 3304 4557 ne
3350 4501 3729 4572 eleemOsynam

2150 4589 2371 4631 vestram
2407 4576 2621 4647 faciatis
2661 4592 2836 4630 coram
2883 4574 3233 4628 hominibus.s

2211 4690 2295 4744 Ab
2339 4700 2486 4745 recte
2519 4688 2676 4744 factis
2724 4687 2866 4742 absit
2903 4688 3219 4742 ostentatio.

2212 4760 2365 4815 Mens
2393 4760 2679 4816 ambitiosa
2711 4758 2879 4827 pestis
2902 4771 2987 4813 εει
3021 4759 3205 4826 opm-is
3236 4757 3382 4811 boni.

2215 4830 2286 4885 Ut
2323 4831 2565 4886 noete'in
2593 4833 2823 4883 obscura
2856 4830 3059 4882 micare
3089 4828 3175 4881 fax
3220 4829 3377 4892 solet.

2216 4901 2311 4955 Sic
2340 4901 2507 4970 tuiget
2532 4911 2589 4970 et
2607 4900 2799 4970 virtus
2825 4899 2995 4970 latere
3024 4898 3231 4954 nescia.

2215 4966 2519 5040 Confer'ep.
2561 4968 2665 5022 227
2695 4968 2795 5038 inf.
2824 4969 2878 5021 h.
2914 4966 2953 5022 l.

2217 5084 2321 5142 160
2359 5083 2633 5152 Expositio
2659 5082 2786 5138 dicti
2820 5079 3064 5155 Ezechiel
3097 5097 3192 5139 ιιι
3235 5083 3519 5155 «Auferam
3550 5084 3616 5138 ab
3651 5086 3732 5155 ip-

2145 5154 2218 5214 sis
2253 5173 2342 5211 cor
2374 5156 2662 5226 lapideum,
2692 5164 2739 5206 et
2770 5153 3072 5226 dabo_ipsis
3106 5169 3198 5209 cor
3226 5153 3502 5212 corneum:
3540 5176 3559 5210 ι
3592 5153 3733 5226 quod

2147 5236 2369 5296 utraque
2398 5225 2463 5279 de
2501 5224 2685 5278 habitu
2708 5232 2758 5277 et
2790 5223 3062 5293 qualitate,
3101 5239 3205 5278 non
3235 5228 3298 5280 de
3325 5223 3622 5281 substantia
3650 5227 3731 5288 in;

2148 5297 2431 5366 telligenda
2470 5297 2596 5351 sint.
2674 5363 2698 5366 ᾧ
3238 5330 3244 5336 -

2226 5363 2323 5422 161
2379 5366 2452 5420 De
2477 5368 2618 5419 dicto
2663 5363 2910 5420 l’roverb.
2940 5382 2958 5420 :
3010 5366 3222 5420 sAstitit
3254 5367 3307 5421 in
3339 5368 3479 5420 omni
3516 5368 3598 5420 via
3630 5381 3735 5421 non

2152 5441 2286 5493 bona
2307 5452 2326 5499 ;
2349 5449 2430 5489 set
2454 5435 2764 5506 illoApsalmi
2795 5452 2993 5490 XLVIII:
3025 5436 3250 5492 (Anima
3277 5437 3391 5506 ejus
3420 5439 3478 5491 in
3502 5437 3609 5490 vita
3638 5452 3737 5489 sua

2151 5509 2503 5564 benedicetur.
2537 5503 2871 5577 Ingredietur
2885 5510 3024 5562 enim
3043 5509 3097 5560 in
3116 5503 3503 5577 generationem
3521 5515 3736 5571 patrum

2151 5594 2389 5642 suorum,
2415 5596 2433 5628 ι
2469 5588 2574 5631 etc.
2599 5576 2859 5645 Corrupto
2882 5576 3152 5632 hominum
3165 5576 3372 5646 judicia
3398 5591 3532 5644 stepe
3562 5577 3738 5629 beatos

2151 5650 2441 5719 prwtlicant
2473 5649 2562 5717 qui
2612 5663 2786 5719 revera
2828 5658 2948 5701 sunt
2988 5648 3197 5719 miseri,
3236 5655 3287 5719 et
3314 5655 3520 5701 contra.

2232 5717 2332 5773 162
2393 5715 2572 5788 Agnus
2600 5715 2880 5771 Paschalis
2924 5717 3063 5788 μετὰ
3091 5717 3330 5787 σπουδῆς
3363 5716 3730 5771 comedendus.

2156 5790 2405 5846 Studium
2430 5798 2506 5842 est
2530 5789 2666 5841 actio
2698 5798 2821 5842 ante
2856 5788 3133 5843 actionem.
3375 5794 3410 5820 "

2233 5859 2332 5913 165
2376 5857 2681 5930 Disputatio
2716 5858 2936 5930 insignis
2964 5868 3147 5914 contra
3180 5857 3421 5929 Origenis
3455 5856 3642 5927 dogma
3674 5853 3740 5908 ds
