4118 6396
529 350 641 412 ῚΤΙ

1633 345 2194 406 PROLEGOMENA
2228 345 2427 408 EDIT.
2455 345 2550 407 PA
2565 345 2712 405 BIS.

3703 337 3807 408 472

611 455 782 532 3777s
814 461 914 526 Qui
946 462 1113 528 potuit
1145 459 1459 532 transgredi.
1494 468 1540 516 et
1576 476 1680 515 non
1717 473 1794 516 est
1829 477 2122 532 transgres-
2153 468 2198 524 Α
2295 461 2400 516 428
2426 461 2624 532 Contra
2651 459 2900 530 superbos
2934 457 3387 532 fastuqueelatos.

546 548 654 587 sus.
682 549 699 581 ι
738 531 901 584 Eccti.
937 548 1086 594 sui,
1113 533 1198 586 40.

616 601 724 656 378
761 600 896 654 Boni
949 602 1233 655 sacerdotis
1285 600 1626 668 Hermogenis
1673 602 1904 670 episcopi
1967 601 2121 664 laus,

553 670 768 724 Eusebii
803 673 1133 738 vituperatio.
1171 670 1302 738 Sup.
1330 689 1410 737 ep.
1443 671 1568 724 358.

615 741 724 797 379
765 741 866 804 Qui
915 742 1142 794 ornandi
1171 743 1485 793 sacerdotes.

617 811 724 866 380
761 807 869 864 Uni
913 813 1210 864 vacandum
1239 813 1344 863 arti
1370 819 1426 862 ut
1452 808 1698 865 excellas.

620 882 718 936 384
761 879 1038 948 Cupientes
1062 896 1200 948 sa'pe
1223 881 1381 946 capti.

615 951 725 1006 382
763 947 969 1003 Humili
995 947 1274 1019 emergenti
1300 949 1470 1018 fastus
1493 949 1713 1002 accedit.
1741 947 1998 1019 Secundis
2023 963 2128 1019 non

524 1021 1082 1143 'totlintzuissanimus,
1129 1017 1221 1072 nec
1269 1017 1502 1072 adversis
1542 1021 1873 1088 mergendus.
1928 1017 2126 1086 Confer

524 1107 654 1143 ιρυιε
684 1128 697 1142 .
842 1130 856 1143 .

520 1094 697 1146 -e‘vin.
732 1092 856 1143 115.

967 1159 1105 1227 iuste
1167 1173 1391 1229 praeesse
1425 1198 1439 1225 ,
1476 1175 1495 1209 s
1541 1156 1658 1212 Tibi
1691 1159 1792 1214 soli
1840 1157 2065 1228 peccavi,
2102 1173 2118 1207 ι

599 1249 657 1284 sa
686 1270 699 1283 .
726 1245 789 1284 ι..
1411 1257 1421 1268 -

599 1245 699 1285 sat.
726 1245 789 1284 4..
1411 1257 1421 1268 ο

620 1301 727 1355 584
759 1297 968 1366 Corpus
1019 1308 1226 1367 pareat,
1274 1316 1414 1353 mens
1464 1301 1697 1367 imperet.
1735 1295 1929 1367 Confer
1971 1294 2122 1367 epist.

531 1371 676 1432 329,
705 1379 756 1423 et
783 1364 904 1438 lib.
942 1384 956 1422 I
993 1364 1144 1436 epist.
1168 1369 1254 1432 45,
1291 1371 1378 1423 lib.
1414 1386 1466 1422 tv
1491 1364 1642 1438 epist.
1675 1369 1729 1433 4,
1768 1364 1892 1431 426,
1928 1364 2051 1438 446.

621 1441 728 1495 385
768 1435 1128 1492 Fortitudinis
1155 1449 1390 1493 extrema
1420 1435 1650 1492 audacia
1683 1449 1731 1492 et
1764 1435 2051 1491 timiditas.

619 1511 725 1565 586
765 1509 843 1562 De
864 1509 990 1577 jure
1013 1509 1132 1560 belli
1153 1526 1216 1561 ac
1249 1511 1514 1563 vindictae.

619 1581 724 1635 387
765 1573 878 1634 Sui
895 1579 1121 1646 cognitio
1162 1580 1333 1646 prima
1359 1582 1427 1632 ad
1461 1577 1727 1632 scientiam
1757 1577 1863 1644 via,
1903 1590 1966 1629 ea:
1996 1573 2127 1628 Pla-

621 1595 721 1635 364
765 1595 864 1634 ous
895 1595 952 1632 co
992 1595 1121 1632 nmo
1162 1595 1223 1646 pr

545 1653 700 1706 .ronis
734 1595 1006 1703 Alcibiadqe
1030 1649 1224 1716 priore.

633 1719 737 1774 388
775 1717 819 1770 Τ
823 1713 1037 1771 imodiei
1067 1718 1168 1770 vita
1197 1716 1363 1786 functi
1405 1717 1646 1770 laudatio
1674 1757 1689 1778 ,
1753 1714 1907 1770 veluti
1956 1713 2112 1780 {une-

535 1788 660 1844 diris
685 1789 880 1852 oratio,
903 1789 967 1841 de
993 1802 1095 1857 quo
1118 1798 1164 1839 et
1198 1791 1236 1840 l.
1270 1803 1306 1840 ιι
1344 1787 1494 1856 epist.
1533 1787 1658 1842 455.

621 1858 726 1916 389
757 1857 840 1912 .De
863 1856 1110 1926 improbis
1135 1857 1342 1910 treviris
1378 1873 1589 1910 rursum
1618 1856 1942 1923 expostulat.

621 1929 727 1986 390
765 1927 924 1980 Lucri
946 1935 1296 1996 contemptus,
1335 1926 1567 1996 bonaque
1595 1927 1940 1982 existimatio.

622 1999 723 2052 394
771 1998 832 2049 In
855 1997 1016 2049 nimio
1041 1995 1223 2048 dolore
1251 2011 1387 2064 saepe
1415 1992 1602 2064 stupor
1644 2007 1692 2050 et
1731 1997 2001 2049 silentium
2029 1992 2120 2048 ob-

537 2071 717 2126 wenit.
746 2065 904 2120 VIRG.
933 2065 1218 2134 Obstnpni,
1249 2076 1625 2133 steteruntque
1652 2081 1841 2120 coitus.

621 2139 727 2192 392
778 2135 950 2205 Virtus
975 2137 1148 2188 claros
1185 2149 1509 2203 teternosque
1530 2136 1700 2205 eﬁicit.

621 2208 728 2262 393
761 2204 1012 2261 Simonia:
1061 2204 1971 2276 nundinationisquebeneﬁciorum
2028 2217 2120 2256 ac-

538 2287 723 2331 cusat.
759 2276 918 2342 Supr.
947 2278 1098 2342 epist.
1134 2274 1261 2338 266,
1297 2285 1343 2328 et
1379 2274 1511 2328 alias
1540 2275 1630 2328 lib.
1659 2290 1676 2329 ι
1701 2286 1748 2329 et
1774 2276 1863 2328 lib.
1895 2290 1977 2328 ιιι.

623 2347 729 2402 594
773 2346 1012 2399 Prudens
1051 2347 1168 2413 quis
1211 2347 1613 2398 existimandus.

625 2417 733 2472 395
775 2416 903 2479 Quis
932 2431 1044 2468 vere
1065 2412 1189 2478 rem,
1217 2417 1335 2484 quis
1378 2425 1660 2484 tyrannus.
1684 2412 1846 2484 Supr.
1882 2430 1964 2484 ep.
1991 2412 2120 2468 255.

627 2487 736 2541 396
775 2485 914 2539 Bene
942 2485 1187 2538 morienti
1227 2487 1626 2552 gratulandum.

611 2557 729 2611 .397
770 2555 871 2620 Qui
899 2558 952 2608 ist
983 2556 1088 2608 vita
1117 2553 1382 2623 fugiendi.

625 2626 730 2683 398
765 2626 844 2679 De
867 2628 1004 2677 bono
1029 2622 1313 2691 patientiae.
1348 2622 1370 2676 1
1380 2639 1411 2676 ιι
1431 2623 1793 2691 persecutione
1817 2623 1943 2693 quid
1965 2637 2123 2692 agen-

543 2701 700 2751 dum.
731 2693 925 2763 Confer
953 2695 1104 2762 epist.
1140 2693 1230 2756 39,
1265 2693 1354 2746 74.

629 2766 732 2821 399
773 2761 1038 2832 Temporis
1069 2767 1206 2832 ratio
1232 2763 1496 2832 habenda.
1533 2761 1757 2817 Occasio
1806 2779 1909 2818 non
1958 2761 2126 2832 negli-

550 2838 743 2912 gentia.
778 2831 988 2912 ροιιῙειι,
1007 2834 1157 2902 epist.
1183 2831 1310 2912 296.

622 2905 730 2960 400
769 2903 834 2957 In
883 2900 1049 2957 malos
1101 2911 1338 2971 pastores
1386 2917 1543 2969 pecus
1583 2901 1956 2972 deglutientes.
1988 2900 2124 2956 Esca

549 2976 710 3030 diiel.
746 2989 932 3028 xxxiv.

623 3046 723 3100 401
773 3043 1025 3098 Veritatis
1055 3052 1102 3096 et
1135 3041 1382 3094 candoris
1409 3040 1502 3094 vis.

623 3116 749 3169 402.
795 3112 996 3166 Suadet
1027 3129 1058 3164 a
1098 3110 1318 3165 libidine
1345 3119 1656 3176 temperare.

623 3185 730 3240 463
764 3183 958 3236 Luctus
993 3182 1346 3250 gaudiumque
1377 3182 1733 3244 temperanda.

626 3255 731 3310 404
773 3249 1095 3306 Valetudinis
1128 3260 1203 3304 est
1243 3252 1380 3303 ratio
1424 3250 1683 3304 habenda.
1707 3249 1906 3320 Confer
1941 3250 2038 3304 lib.
2069 3267 2131 3317 ιι,

543 3325 795 3395 φ.258;
827 3323 1054 3395 laici'ero
1089 3324 1240 3389 epist.
1277 3321 1426 3375 528..

624 3393 834 3449 405M
855 3393 1168 3446 delictorum
1207 3402 1516 3445 metanaeam
1549 3389 1760 3445 invitat.
1802 3389 1934 3460 Sup.
1977 3391 2131 3462 epist.

548 3467 730 3610 21406
762 3532 986 3610 Kirtutis
1013 3532 1349 3610 laudatio,_et
1378 3545 1485 3610 seq.
1516 3530 1669 3610 epist.

2297 532 2402 586 436
2448 531 2627 600 Iniqui
2695 529 2868 600 arguit
2913 529 3216 593 sacerdotii,
3260 536 3312 580 et
3357 529 3509 598 epist.
3567 542 3796 599 sequent.

2224 610 2270 654 et
2301 602 2425 656 440.

2293 672 2400 725 438
2426 671 2500 725 De
2529 671 2712 740 gloriae
2750 670 3053 739 cupiditate.
3090 667 3286 737 Confer
3317 669 3471 737 epist.
3512 667 3638 733 336,
3675 668 3800 730 337,

2225 739 2353 804 338,
2379 741 2505 805 440,
2532 739 2634 794 444
2666 751 2713 794 et
2743 742 2966 807 proxim.
3010 740 3164 806 epist.

2296 810 2403 864 440
2435 811 2506 864 De
2527 806 2944 864 Zosimiiterum
2968 810 3070 862 vita
3103 809 3311 862 vitiosa.
3345 806 3597 860 Precibus
3621 808 3800 875 itaque

2231 879 2336 934 Deo
2370 880 2839 935 commendandam
2863 896 2992 934 esse.
3018 876 3149 946 Sup.
3180 881 3331 943 epist.
3361 878 3466 932 437
3488 888 3534 929 et
3567 879 3720 946 epist.
3746 878 3800 930 2.

2295 949 2683 1073 ﬂuitantium
2726 966 2892 1003 mores
2933 965 3048 1002 cum
3094 944 3289 1003 nostris
3338 947 3538 1002 collati.
3586 944 3804 1015 Confer.

2295 1037 2334 1072 ts
2365 1060 2378 1073 .
2518 1061 2529 1073 .

2225 1020 2378 1084 epist.
2407 1020 2529 1073 464.

2295 1089 2400 1143 442
2424 1089 2619 1143 Orator
2641 1107 2739 1142 non
2767 1103 2967 1156 semper
2991 1087 3284 1154 persuadet.
3319 1086 3474 1156 Infra
3499 1087 3653 1154 epist.
3679 1085 3803 1140 547.

2297 1159 2403 1214 445
2429 1157 2624 1212 Gaudii
2656 1157 2957 1223 dolorisque
2989 1169 3182 1210 motus.

2300 1229 2407 1284 444
2444 1231 2516 1282 De
2543 1231 2709 1282 tribus
2740 1227 2950 1280 dicendi
2991 1229 3283 1294 generibus,
3325 1241 3553 1285 summa,
3605 1225 3804 1284 medio,

2226 1311 2272 1352 et
2309 1302 2439 1356 into.
2469 1315 2534 1353 ea:
2582 1299 2830 1350 Homero.
2890 1296 3061 1348 Vitam
3107 1297 3345 1349 oratione
3386 1300 3554 1365 magis
3587 1311 3808 1363 persua-

2227 1370 2366 1423 dere.
2400 1367 2597 1437 Confer
2622 1387 2703 1434 ep.
2738 1369 2864 1430 215,
2891 1365 3182 1437 233,265,
3210 1367 3337 1420 508.

2298 1439 2404 1492 445
2437 1433 2630 1492 Vitium
2652 1433 2766 1490 esse
2798 1439 2984 1489 virtute
3005 1436 3290 1504 difﬁcilius.
3326 1436 3408 1488 Ad
3435 1437 3624 1489 bonam
3663 1433 3805 1487 invi-

2229 1517 2304 1561 tat
2326 1511 2575 1578 mentem.
2605 1507 2919 1578 Conferlib.
2955 1521 2990 1578 ιι
3025 1514 3172 1578 epist.
3206 1504 3331 1559 240.

2303 1579 2407 1632 446
2434 1577 2663 1630 Rursum
2686 1573 2748 1629 de
2771 1573 2970 1627 Zosimi
2999 1577 3155 1628 vitiis.

2297 1648 2402 1701 447
2433 1648 2506 1701 De
2537 1648 2759 1701 divitiis.
2788 1644 2939 1711 Infra
2965 1645 3113 1711 epist.
3141 1643 3266 1697 450.

2295 1719 2401 1773 448
2437 1716 2778 1786 Hermogenis
2797 1715 3023 1782 episcOpi
3053 1715 3188 1766 laus.
3223 1711 3418 1782 Confer
3443 1712 3649 1783 epistol.
3675 1715 3808 1775 358.

2151 1823 2193 1878 Β
2225 1799 2271 1842 ει
2297 1786 2597 1878 invii:

2290 1852 2394 1912 449
2425 1857 2691 1911 Bonorum
2717 1854 3096 1924 malorumque,
3131 1855 3256 1908 dum
3284 1852 3590 1919 laudantur,
3615 1855 3810 1910 discri-

2223 1943 2362 1981 ηιειι.

2293 1997 2398 2051 450
2423 1996 2553 2062 Quir
2575 2010 2708 2050 vera:
2735 1994 2932 2048 divitiae
2957 1994 3087 2049 sint.

2291 2067 2390 2122 451
2433 2069 2507 2120 De
2547 2065 3011 2137 Eusebiiepisctpi
3059 2062 3261 2118 Pelusii
3303 2063 3564 2132 moribus,
3608 2066 3673 2120 de
3705 2082 3812 2137 quo

2222 2136 2358 2190 alias
2387 2152 2542 2201 saepe,
2574 2134 2672 2202 inf.
2697 2134 2824 2188 470.

2291 2206 2395 2260 452
2425 2205 2529 2259 Uni
2562 2201 2852 2260 vacandum
2882 2204 3007 2258 arti.
3045 2201 3240 2272 Supra.
3267 2205 3419 2272 epist.
3450 2203 3576 2259 580.

2305 2277 2410 2330 455
2443 2277 2566 2329 Non
2612 2275 3053 2338 maledicendum,
3101 2291 3192 2327 nec
3229 2274 3409 2344 lingua
3460 2275 3810 2330 abutendum.

2232 2343 2407 2424 δυηῖςι
2432 2344 2816 2424 eti-129,86.
2849 2345 2972 2397 m-
3078 2413 3090 2424 .
3159 2403 3173 2424 .

2293 2415 2400 2470 454
2429 2415 2503 2468 De
2529 2415 2840 2469 Mithridate
2875 2429 3012 2483 rege,
3040 2413 3256 2483 ejusque
3271 2428 3466 2467 venena
3493 2413 3806 2482 alexiplior—

2293 2429 2400 2470 454
2429 2429 2503 2468 ue
2529 2429 2840 2469 Mithridate
2875 2429 3012 2534 rege,
3040 2429 3256 2483 ejusque
3271 2429 3316 2467 vt

2222 2501 2396 2546 ntaca,
2433 2485 2700 2539 Martialis
2735 2485 2826 2536 lib.
2858 2498 2890 2537 v
2956 2483 3190 2554 'pigram.
3231 2483 3316 2536 79.

2294 2556 2400 2610 455
2431 2556 2534 2621 Qui
2565 2555 2741 2623 paruit
2783 2564 2936 2616 recte,
2969 2550 3093 2607 bene
3137 2557 3376 2621 insperat.
3417 2550 3616 2623 Confer
3647 2556 3806 2623 epist.

2222 2625 2352 2688 225,
2379 2625 2588 2680 Arist.et
2623 2622 2800 2686 Plato,
2825 2635 2929 2677 etc.

2293 2693 2399 2751 456
2455 2691 2520 2747 Ut
2565 2697 2619 2747 in
2670 2693 2957 2762 Olympicis
3002 2693 3390 2747 decertaturum
3453 2693 3814 2760 commendat,

2225 2765 2306 2820 vel
2340 2766 2395 2818 in
2419 2766 2658 2818 asceticis
2686 2764 2976 2833 religionis.

2295 2835 2401 2890 458
2458 2834 2787 2899 Harpocram
2837 2835 3117 2901 rhetorem,
3158 2833 3243 2886 cui
3302 2833 3461 2886 ludus
3499 2834 3818 2901 aperiendus

2226 2907 2608 2967 committatur,
2635 2905 2986 2956 commendat.

2303 2975 2408 3030 459
2440 2973 2775 3037 Laborando,
2805 2989 2907 3025 non
2944 2973 3078 3026 votis
3113 2972 3362 3037 optando,
3390 2973 3612 3027 scientia
3647 2989 3818 3042 para-

2227 3054 2338 3110 tur,
2368 3044 2652 3111 implorato
2689 3043 2786 3096 Dei
2819 3044 3046 3096 auxilio.
3087 3041 3351 3095 Virtutum
3377 3044 3519 3096 laus.

2301 3115 2408 3168 460
2433 3114 2515 3166 An
2543 3115 2704 3166 virtus
2737 3114 2984 3182 difﬁcilis,
3018 3124 3073 3166 ut
3108 3123 3154 3166 et
3193 3129 3302 3181 seq.
3339 3115 3499 3179 epist.

2305 3183 2411 3238 462
2458 3183 2899 3249 Intemperantem
2937 3185 3107 3235 amari
3145 3199 3302 3252 quam
3348 3183 3526 3235 timeri
3561 3194 3812 3252 prastat,

2309 3255 2414 3308 463
2439 3252 2717 3306 Tlieatrale
2754 3253 3022 3306 vitandum
3049 3255 3300 3307 studiunt.

2307 3326 2410 3377 464
2442 3324 2612 3376 Amici
2648 3341 2749 3375 non
2783 3324 3072 3376 deserendi.

2236 3393 2645 3519 M46.5‘41edant
2675 3410 2823 3445 arma
2856 3405 3009 3462 togae.
3037 3392 3151 3447 Cic.
3190 3408 3208 3447 ι
3242 3389 3422 3456 Ollio,
3459 3402 3506 3447 et
3542 3400 3724 3446 contra
3755 3392 3818 3449 in

2293 3480 2570 3517 llfOlllalla.

2293 3480 2570 3517 montana.

2306 3536 2411 3588 466
2458 3532 2801 3601 Hermogenis
2853 3533 3082 3602 episcopi
3135 3532 3396 3598 laudatio,
3443 3542 3500 3585 ut
3551 3541 3598 3587 et
3643 3548 3816 3601 supra

624 3607 728 3659 407
766 3603 942 3672 Magni
991 3601 1339 3675 et_angusti_
1366 3600 1530 3652 animi
1591 3600 1893 3675 discrimen.
1945 3601 2137 3675 Confer
2235 3607 2386 3675 epist.
2414 3605 2538 3664 358,
2569 3600 2692 3656 448.

542 3692 636 3744 ep.
670 3675 781 3744 152
800 3669 893 3728 lib.
918 3688 966 3725 Iv
1002 3673 1070 3744 ad
1100 3669 1268 3724 locum
1298 3669 1458 3723 Prov.
1493 3684 1604 3735 xw,
1657 3669 1745 3725 29.

627 3745 732 3799 408
756 3743 832 3796 De
861 3743 1166 3795 divitiarum
1197 3749 1517 3808 contemptu.

621 3815 725 3868 409
750 3813 826 3865 De
853 3814 1034 3880 gloria:
1059 3813 1254 3864 studio.
1289 3806 1426 3880 ευρ,
1458 3824 1540 3880 ep.
1574 3806 1698 3880 336,
1725 3811 1850 3877 557,
1884 3813 2012 3868 558.

617 3884 722 3938 410
763 3876 994 3935 Rursum
1034 3884 1097 3935 de
1145 3882 1338 3952 gloria.
1387 3876 1530 3942 Quid
1563 3879 1808 3946 dt/ferant
1855 3881 2136 3952 φιλόδοξος

552 3955 650 4008 καὶ
683 3952 976 4017 κενόδοξος.

2306 3674 2408 3728 467
2443 3675 2683 3727 Docendo
2707 3674 2822 3740 quis
2860 3673 3004 3726 utilis
3027 3675 3114 3728 sit.

2306 3745 2412 3799 468
2442 3742 2660 3809 Superbi
2685 3755 2731 3795 et
2762 3744 2886 3797 elati
2917 3743 3260 3811 deprimendi.

2313 3814 2418 3868 469
2447 3812 2714 3865 Bonorum
2743 3811 2983 3866 soliditas
3017 3825 3190 3882 grata.

2307 3884 2410 3939 470
2449 3883 2525 3935 De
2579 3882 2794 3934 Eusebii
2846 3881 3074 3950 episcopi
3128 3881 3334 3937 Pelusii
3374 3885 3586 3951 erratis,
3645 3895 3720 3951 su,
3748 3900 3818 3936 ra

2239 3955 2394 4022 epist.
2425 3952 2587 4012 455l.
2618 3965 2661 4006 et
2685 3953 2774 4005 lib.
2811 3969 2826 4006 ι
2859 3954 3009 4016 epist.
3051 3953 3181 4014 244,
3221 3958 3313 4008 tib.
3361 3968 3395 4004 ιι
3433 3950 3584 4022 epist.
3626 3950 3714 4015 50,
3760 3963 3818 4007 et

623 4024 720 4076 444
755 4023 860 4093 ADe
911 4022 1103 4076 animae
1148 4020 1392 4074 humana:
1443 4019 1666 4073 motibus
1707 4024 1898 4076 variis.
1937 4024 2136 4092 Confer
2236 4019 2373 4090 424;
2411 4023 2500 4077 lib.
2561 4037 2621 4076 ιιι
2680 4023 2887 4090 epistol.
2931 4024 3020 4090 97,
3075 4025 3196 4092 478,
3227 4034 3275 4078 et
3313 4023 3417 4077 307
3441 4019 3572 4090 ;'tib.
3614 4039 3664 4078 tv
3701 4026 3821 4093 epi-

551 4096 704 4146 enist.
744 4091 795 4146 1.

582 4111 725 4216 1,11⁸12
744 4111 826 4216 Ilie
857 4163 960 4216 vini
992 4177 1090 4214 usu
1122 4160 1467 4226 disputatum.
1505 4157 1790 4214 Ebrietatis
1827 4161 1988 4215 mala.

624 4233 728 4287 443
763 4233 832 4286 lle
860 4234 1065 4285 virtutis
1099 4231 1347 4300 utilitate.
1378 4227 1572 4297 Confer
1607 4247 1690 4300 ep.
1721 4231 1852 4295 406,
1876 4231 2004 4285 407.

623 4302 729 4356 444
753 4301 1038 4367 Epitaphia
1068 4309 1124 4352 ut
1163 4298 1458 4352 scribenda.

619 4372 728 4427 415
753 4371 1017 4440 Injurium
1048 4369 1423 4438 remittendam.

619 4442 724 4497 446
755 4437 826 4496 Ui
855 4437 1388 4512 sit_[r:_igiliortatur,
1428 4450 1482 4494 ut
1513 4449 1565 4494 et
1609 4437 1784 4494 tribus
1815 4455 1921 4508 seq.
1969 4441 2127 4512 epist.

543 4523 600 4566 et
625 4513 751 4578 3H,
779 4511 905 4572 1.55,
937 4509 1062 4562 suo.

625 4577 745 4636 447’
777 4579 1056 4634 Libertatis
1077 4577 1322 4648 loquendi
1367 4587 1416 4631 et
1456 4579 1800 4647 impudentia:
1831 4581 2129 4637 discrimen.

554 4650 666 4720 lnf.
697 4652 850 4720 epist.
882 4649 1007 4702 453.

628 4715 736 4775 418
770 4719 847 4773 De
886 4718 1165 4772 sacerdotii
1204 4717 1540 4789 praestantia1
1577 4715 1708 4782 Sup.
1739 4723 1889 4787 epist.
1917 4721 2044 4789 268,
2085 4733 2134 4775 et

551 4791 720 4863 lib._t!
750 4792 900 4863 epist.
944 4789 1070 4851 234,
1104 4789 1173 4840 lib
1215 4804 1265 4842 sv
1306 4802 1384 4854 ep.
1443 4786 1570 4863 249,
1618 4799 1665 4842 et
1701 4786 1784 4845 hic
1822 4795 1975 4861 epist.
2024 4786 2132 4863 seq.

624 4859 730 4914 419
757 4857 822 4928 In
847 4864 1032 4928 castris
1062 4873 1180 4928 qua:
1211 4859 1530 4912 necessaria.

626 4929 733 4984 420
771 4927 842 4984 De
869 4927 1086 4982 Eutinio
1121 4929 1364 4979 diacono.

619 4999 719 5054 424
763 4997 830 5054 In
856 4999 968 5068 ejus
998 4999 1124 5052 vitia
1153 4998 1253 5068 qui
1270 5006 1460 5049 temere
1482 4997 1546 5051 ab
1566 4995 1796 5052 Eusebio
1820 5011 1952 5054 esset
1980 5002 2128 5056 ordi-

547 5077 732 5123 natus.
755 5065 948 5139 Confer
973 5073 1120 5136 epist.
1157 5065 1281 5118 552.

626 5140 724 5193 421
763 5137 1021 5192 Laborem
1045 5139 1193 5204 quies
1217 5137 1516 5188 comitatur.

553 5208 729 5332 4“4522
767 5209 1156 5279 Ignoscendum
1211 5205 1436 5258 aliorum
1483 5205 1710 5264 delictis.
1755 5207 1930 5280 Supra
1972 5214 2127 5284 epist.

545 5379 554 5390 .
625 5348 734 5403 423
765 5346 958 5414 Turpis
982 5345 1102 5398 vita
1126 5343 1471 5414 reprehensio.

560 5487 574 5541 ἰ
624 5414 904 5543 424018;?“
931 5423 1007 5469 est
1033 5429 1139 5468 rem
1185 5430 1278 5482 per
1309 5431 1500 5475 causas
1535 5437 1862 5494 cognoscere.
1902 5422 2127 5476 Aristot.

580 5505 610 5542 η
691 5505 720 5540 n
841 5522 856 5538 .

554 5501 610 5542 ιη
639 5501 754 5542 Ana

621 5556 731 5611 425

552 5625 678 5683 495.

622 5695 727 5767 426
755 5693 1056 5767 {Quimals
1077 5698 1207 5767 agit,
1235 5698 1343 5754 odit
1381 5700 1566 5756 lucem.
1627 5720 1645 5753 ι
1697 5701 1854 5755 Joan.
1905 5717 1988 5767 ιιι,
2031 5701 2121 5756 20.

621 5766 722 5820 427
759 5764 1065 5835 Παράδοξον
1086 5764 1232 5836 quid.

781 5495 981 5608 gerum
1052 5556 1328 5610 metuenda
1413 5561 1739 5617 vicissitudo.
1806 5559 1895 5630 Cf.
1971 5563 2124 5629 epist.

2235 4095 2356 4147 stol.
2392 4094 2481 4148 48.

2305 4163 2402 4217 471
2435 4165 2515 4215 Ad
2549 4163 2788 4216 virtutem
2821 4162 3288 4232 fortitudinemque
3321 4165 3584 4219 hortatur.

2306 4233 2411 4286 472
2447 4233 2610 4303 Deum
2638 4235 2902 4300 oﬂendere
2925 4251 3129 4287 summa
3158 4236 3488 4303 improbitas.

2303 4303 2408 4357 475
2435 4302 2509 4356 De
2549 4305 2693 4372 fama
2725 4306 3210 4373 existiniationeque
3235 4302 3404 4358 bona.

2305 4373 2412 4427 474
2439 4373 2762 4426 Tolerandas
2789 4390 2897 4426 esse
2923 4375 3170 4442 injurias.

2306 4443 2413 4498 475
2451 4442 2582 4496 Vera
2613 4447 2783 4496 oratio
2811 4442 3004 4510 fucata:
3028 4455 3264 4510 praestat.

2168 4505 2211 4560 Β
2286 4514 2413 4584 476
2441 4515 2522 4566 Ad
2543 4516 2749 4583 frugem
2787 4505 2976 4566 bonam
3003 4505 3091 4566 eos
3133 4515 3343 4568 invitat.
3375 4512 3553 4583 Supra
3597 4515 3814 4584 epistol.

2308 4654 2410 4707 477
2455 4654 2584 4718 Quis
2635 4653 2822 4724 doctus
2865 4653 3195 4724 sapiensque
3249 4655 3558 4709 censendus.
3629 4652 3818 4710 Virtus

2236 4723 2443 4794 [ructus
2470 4734 2544 4777 est
2568 4725 2762 4788 instar,
2794 4723 3048 4791 [oliorum
3083 4723 3202 4778 vero
3235 4726 3576 4794 eloquentia;
3610 4723 3817 4793 φύλλον

2237 4795 2374 4847 unde
2401 4797 2622 4846 dictum.

2304 4863 2405 4918 478
2438 4866 2510 4917 οε
2535 4861 2732 4916 Zosimi
2767 4873 2813 4914 et
2839 4862 3102 4934 sodalium
3133 4865 3293 4918 vitiis.
3311 4863 3470 4934 Infra
3495 4864 3652 4933 epist.
3678 4865 3812 4921 482.

2248 4931 2447 4987 Veritas
2470 4935 2646 5002 quanti
2680 4933 3010 4986 wstirnanda.
3385 4931 3395 4934 ⁷
3527 4931 3536 4933 ’
3760 4971 3766 4977 .

2230 5071 2252 5126 ι
2290 5003 2406 5124 b479
2434 5004 2537 5122 (ἒυὶ
2580 5018 2694 5056 vere
2751 5002 2884 5055 clari
2927 5003 3258 5073 illustresque
3298 5004 3497 5058 invidia
3536 5005 3655 5058 boui
3691 5021 3815 5062 vere

2255 5089 2284 5124 a
2324 5089 2492 5124 oran.

2255 5084 2492 5124 αοοναιιι.

2303 5141 2409 5196 480
2447 5139 2628 5212 Yirtus
2655 5139 2852 5194 laboris
2884 5143 3186 5196 constantia
3215 5145 3454 5212 paranda
3485 5154 3584 5199 est.

2303 5212 2403 5266 481
2433 5210 2742 5265 Sacerdotio
2775 5212 2866 5279 qui
2894 5214 3145 5268 ornandi.

2303 5280 2408 5355 482
2447 5282 2520 5334 De
2547 5282 2908 5355 Aimprobitate‘
2927 5279 3131 5355 Zosimi
3167 5284 3558 5355 sociorumque.
3615 5282 3720 5339 Pro
3743 5287 3810 5340 iis

2227 5351 2508 5406 orandum.
2535 5350 2668 5418 Sup.
2701 5353 2852 5420 epist.
2883 5351 2937 5414 2,
2965 5353 3092 5419 437,
3113 5354 3240 5409 440.
3299 5385 3304 5390 ι

2309 5441 2414 5497 485
2441 5438 2510 5493 Ut
2533 5445 2665 5495 vires
2684 5441 2882 5506 desint,
2908 5443 3150 5498 voluntas
3174 5445 3464 5498 laudanda.

2301 5534 2404 5590 484
2451 5533 2809 5604 Belligerandi
2847 5544 2895 5590 et
2954 5536 3220 5591 societatis
3271 5537 3470 5594 bellicw
3507 5540 3813 5594 discrimen.

2229 5603 2424 5674 Confer
2445 5603 2604 5673 epist.
2619 5603 2745 5659 275.

2298 5697 2404 5750 485
2437 5697 2508 5750 De
2531 5696 2624 5749 illo
2665 5694 2996 5751 Ecclesiaste
3020 5715 3038 5751 :
3071 5717 3090 5749 s
3132 5696 3353 5755 Vanitas
3398 5702 3712 5765 vonitotuin,
3769 5707 3827 5756 et

2227 5769 2401 5820 omnia
2434 5770 2656 5820 vanitas.
2701 5784 2719 5815 s
2754 5766 2923 5822 Eccle.
2961 5783 2996 5831 ι,
3043 5770 3097 5821 2.
