4118 6414
539 357 638 422 183
1701 367 1765 420 5.
1806 363 2101 422 ISIDORI
2136 366 2138 370 ⁴

2247 365 2574 427 LUSIOTIE
3702 374 3801 439 lS-I

537 466 819 524 rationem
861 467 1202 538 signiﬁcant,
1261 481 1662 536 supervacanea
1715 478 1801 525 est
1840 470 2114 525 curiosior

2247 471 2447 543 περιττὴ
2481 473 2516 545 ἡ
2555 473 2846 546 περίεργος
2874 476 3102 549 ζήτησις
3131 480 3241 542 τοῖς
3286 479 3551 550 νουνεχῶς
3580 480 3802 546 τούτους

538 559 841 630 inquisitio,
870 560 937 614 iis
959 560 1050 630 qui
1095 561 1392 631 prudenter
1421 560 1475 615 itt
1514 573 1705 615 eorum
1728 559 1963 617 lectione
1995 577 2115 617 ver-

2247 564 2710 633 ιναγινώσκουσιν.
2743 568 2806 622 EI
2849 570 3030 623 τοίνυν
3075 570 3171 623 καὶ
3213 569 3476 642 βρώματα
3510 572 3603 626 καὶ
3638 574 3802 645 ἐσθή-

541 660 749 705 saritur.
790 650 1053 717 Quocirca
1106 652 1153 708 si
1205 652 1357 707 cibos
1397 660 1451 706 et
1501 652 1754 705 vestitum
1807 651 2121 707 monasticze

2247 673 2371 709 ιατα
2406 656 2505 727 τῆς
2537 659 2679 712 κατὰ
2726 660 2860 713 Θεὸν
2898 659 3111 725 τελείας
3160 662 3448 733 ἀσκήσεως
3484 666 3539 716 ὲν
3579 663 3804 738 Ἰωάννῃ

537 742 679 807 vitaz,
717 742 870 811 juxta
947 740 1115 797 Deum
1158 743 1409 813 perfectae
1459 743 1821 812 omnibusque
1888 742 2125 797 numeris

2247 744 2299 814 ’ᾧ
2332 745 2610 820 Βαπτιστῇ
2659 749 3083 824 ἐπαιδεύθημεν,
3129 752 3277 823 θριξὶ
3320 755 3441 825 μὲν,
3474 756 3522 808 εί
3561 751 3672 810 οἷόν
3708 774 3803 819 τε,

543 830 824 896 absolutae,
867 831 920 885 in
960 829 1171 886 Joanne
1204 829 1444 900 Baptista
1494 830 1840 895 didicimus',
1872 829 2018 900 pilis,
2066 831 2110 884 si

2247 835 2358 907 πρὸς
2382 839 2589 911 σκέπην
2606 842 3078 915 ἀρκεσθησόμεθα·
3098 845 3433 917 ἀκρέμοσιδὲ
3457 846 3694 918 βοτανῶν
3711 850 3808 903 καὶ

539 923 656 978 ﬁeri
685 931 882 991 potest,
944 922 1013 978 ad
1067 922 1427 989 obtegendum
1473 936 1671 991 corpus
1718 921 1969 991 contenti]
2006 921 2114 975 eri-

2247 928 2439 983 πύλλων
2474 932 2610 1003 πρὸς
2641 934 2828 1006 ὀλίγην
2879 936 3082 1007 τροφὴν
3128 939 3221 990 καὶ
3247 937 3478 1007 δύναμιν
3510 938 3604 991 καὶ
3664 939 3806 992 ἁπέ-

535 1032 704 1084 mus;
771 1017 1064 1073 herbarum
1110 1026 1289 1071 autem
1323 1030 1387 1070 ac
1420 1014 1670 1069 foliorum
1718 1012 2117 1067 summitatibus

2247 1035 2426 1073 ›ιττον.
2469 1020 2533 1073 Εἰ
2567 1021 2623 1074 δὲ
2662 1021 2836 1075 ταῦτα
2885 1023 2952 1076 δι’
2997 1024 3280 1078 ἀσθένειαν
3334 1023 3594 1096 μείζονα,
3634 1024 3807 1087 τύπος

539 1110 613 1165 ad
633 1108 889 1180 exiguam
919 1108 1250 1177 minimeque
1274 1106 1658 1160 redundantem
1690 1101 2025 1166 alimoniam,
2055 1117 2119 1156 ac

2247 1110 2357 1180 Ἆμῖν
2388 1109 2527 1164 ἔστω
2559 1113 2747 1183 χρείας
2777 1114 2996 1186 ἀπάσης
3041 1116 3135 1169 καὶ
3183 1115 3418 1185 διαίτης,
3453 1117 3547 1169 καὶ
3585 1116 3805 1170 τελειώ-

536 1202 701 1257 vires.
758 1198 854 1255 Sin
879 1208 1058 1254 autem
1085 1199 1199 1253 haec
1252 1196 1673 1252 imbecillitatem
1700 1201 1939 1249 nostram
1963 1208 2121 1249 exce-

2230 1215 2386 1266 σεως,
2415 1202 2448 1272 ή
2483 1202 2579 1257 τοῦ
2609 1205 2952 1275 προεστῶτος
2981 1207 3275 1278 δοκιμασία
3309 1208 3403 1262 καὶ
3427 1207 3697 1271 κέλευσις.

534 1293 690 1359 dunt,
727 1301 836 1347 tum
856 1293 1192 1349 necessitatis
1226 1293 1424 1355 omnis,
1455 1298 1567 1344 tum
1599 1288 1829 1344 rationis
1888 1289 2104 1346 vivendi
2161 1307 2226 1347 ac
2277 1295 2629 1363 perfectionis
2670 1300 3030 1370 adipiscendae
3072 1300 3250 1357 forma
3298 1303 3451 1358 nobis
3491 1316 3557 1358 ac
3620 1301 3809 1373 regula

537 1389 631 1458 sit,
663 1389 807 1460 quod
842 1390 1075 1444 antistes
1102 1388 1371 1442 censuerit
1404 1395 1566 1454 atque
1597 1386 1897 1455 imperarit.

994 1499 1082 1555 VI.
1112 1531 1179 1542 -—
1207 1497 1669 1555 URSENUPIIIO.

789 1590 858 1646 In
894 1591 1051 1657 illud,
1084 1609 1104 1642 ι
1144 1589 1297 1645 Calix
1321 1591 1373 1644 in
1396 1606 1556 1643 manu
1585 1589 1820 1644 Domini.
1846 1608 1864 1641 ι

611 1706 760 1762 Gali:
792 1707 845 1762 in
884 1722 1043 1762 manu
1063 1704 1296 1771 Domini,
1322 1703 1431 1759 vini
1465 1703 1599 1758 meri
1629 1703 1818 1773 plenus
1846 1703 2006 1757 misto
2026 1701 2115 1758 ⁸-⁸.

2598 1468 2605 1479 ’
2666 1510 2756 1575 (τ’.
2777 1538 2848 1548 -
2874 1507 3368 1580 mmemorem.

2420 1597 2524 1663 Είς
2550 1597 2641 1664 τὸ,
2672 1616 2693 1651 ι
2721 1599 3013 1668 Ποτήριον
3035 1602 3108 1655 ἐν
3137 1600 3287 1669 χειρί
3317 1597 3559 1689 Κυρίοιέ.
3588 1616 3606 1649 ι

2298 1704 2371 1758 Τὸ
2402 1709 2658 1780 ποτήριον
2701 1711 2761 1763 ὲν
2794 1713 2936 1784 χειρὶ
2983 1715 3187 1784 Κυρίου
3229 1713 3369 1767 οίνου
3403 1709 3812 1783 ἀκράτουπλῆ-

544 1798 658 1852 lloc
685 1797 869 1851 divino
910 1796 1128 1853 oraculo
1170 1797 1314 1863 justa
1370 1794 1738 1849 remuneratio
1780 1794 2117 1863 designatur,

2247 1815 2313 1859 ›ες
2348 1799 2713 1871 κεράσματος.
2733 1804 2844 1876 Τὴν
2876 1805 3091 1859 δικαίαν
3119 1806 3376 1875 σημαίνει
3400 1807 3429 1858 ὁ
3461 1804 3602 1867 θεῖος
3637 1818 3812 1872 χρησ-

544 1906 665 1959 qum
702 1889 1038 1948 humanitate
1060 1888 1276 1957 quidem
1319 1900 1384 1941 ac
1428 1885 1803 1941 misericordia
1851 1894 2120 1954 tempera-

547 1992 653 2044 tur,
672 1982 738 2036 ad
776 1980 1023 2036 ciendam
1083 1980 1150 2034 iis
1197 1978 1592 2048 paenitentiam,
1631 1977 1721 2047 qui
1763 1976 1998 2046 peccatis
2024 1976 2120 2032 de-

545 2070 812 2124 lectantur
841 2067 1148 2140 (inclinabit
1191 2065 1333 2121 enim
1378 2080 1445 2121 ex
1479 2068 1584 2121 hoc
1620 2065 1673 2119 in
1717 2068 1838 2132 boc,
1883 2065 1984 2120 hoc
2017 2076 2121 2130 est,

2232 1889 2331 1958 μδς
2368 1889 2744 1958 ἀνταπόδοσιν,
2785 1896 3128 1966 κιρνωμένην
3163 1894 3238 1967 (6)
3292 1894 3390 1964 μὲν
3428 1891 3813 1963 φιλανθρωπίᾳ

2230 1980 2368 2049 πρὸς
2400 1983 2762 2053 μεταμέλειαν
2790 1985 2899 2036 τῶν
2931 1985 3227 2055 χαιρόντων
3252 1987 3363 2047 τοῖς
3386 1984 3811 2055 ἁμαρτήμασιν·

2230 2070 2405 2125 ἔκλινε
2431 2073 2537 2144 γὰρ
2564 2075 2629 2128 ὲκ
2653 2074 2845 2129 τούτου
2873 2077 2953 2139 είς
2978 2075 3156 2140 τοῦτο,
3184 2078 3249 2129 ὲκ
3277 2073 3377 2144 τῆς
3402 2070 3814 2143 φιλανθρωπίας

544 2176 610 2216 ex
636 2160 988 2230 benignitate,
1034 2157 1087 2212 in
1118 2156 1245 2212 illud
1271 2156 1591 2228 supplicium
1635 2158 1777 2226 quod
1826 2157 2124 2212 sceleribus

2247 2158 2478 2227 Ξηλονότι
2533 2162 2613 2224 είς
2643 2162 2744 2233 τὴν
2772 2164 3225 2234 χρεωστουμένην
3255 2167 3368 2227 τοῖς
3396 2163 3699 2231 πταίσμασι
3734 2176 3816 2213 τι-

544 2250 826 2321 debetur).
856 2251 927 2306 At
962 2264 1035 2305 ne
1067 2264 1167 2305 nos
1205 2248 1549 2322 negligentiae
1590 2260 1755 2319 atque
1782 2251 1994 2305 inertia:
2030 2250 2123 2305 de—

546 2343 663 2412 diti,
731 2359 855 2399 eum
907 2342 1129 2411 iustitiae
1177 2357 1400 2412 prorsus
1461 2342 1728 2406 oblivisci,
1797 2342 2126 2412 cogitatione

547 2436 703 2490 nobis
734 2435 1017 2505 ﬁngamus,
1043 2433 1245 2488 idcirco
1262 2432 1530 2501 adjectum
1563 2443 1642 2488 est
1668 2452 1681 2487 :
1708 2433 2124 2491 «Verumtamen

547 2526 652 2582 faex
702 2526 818 2594 ejus
846 2540 953 2580 non
1007 2534 1090 2581 est
1126 2524 1425 2581 exinanita.
1460 2542 1477 2575 ι
1517 2524 1780 2593 Quoniam
1809 2526 1855 2581 si
1892 2526 2123 2581 salutem

547 2617 770 2672 omnino
802 2606 1183 2686 aspernentur,
1222 2615 1327 2669 vim
1354 2614 1605 2670 Numinis
1642 2615 1887 2671 ultricem
1926 2617 1996 2671 ad
2029 2631 2125 2672 ex-

553 2719 780 2764 tremum
810 2707 950 2763 baud
981 2707 1241 2762 latebunt.
1280 2724 1299 2758 ι
1324 2703 1516 2761 Bibent
1536 2704 1702 2771 enim,
1721 2706 1915 2776 inquit,
1942 2722 2128 2763 omnes

549 2805 863 2869 peccatores
891 2805 1073 2864 terrae,
1105 2816 1125 2851 ι
1157 2796 1348 2868 judicli
1389 2796 1599 2854 scilicet
1625 2796 1880 2868 poculum
1914 2816 1928 2855 :
1970 2800 2130 2870 idque

548 2888 769 2946 merito.

1008 2980 1060 3051 3
1080 2978 1188 3035 vn.
1205 3008 1277 3020 -
1294 2977 1672 3034 TlMOTHEO.

1166 3070 1242 3124 De
1274 3069 1525 3139 Deipara.

626 3185 1016 3239 Sacrosanctus
1057 3182 1470 3253 Evangeliorum
1498 3184 1688 3248 codex,
1711 3182 1910 3239 Christi
1940 3199 2134 3255 genea-
2162 3162 2206 3221 ο

555 3276 750 3344 logiam
807 3275 859 3329 in
893 3272 1205 3344 Josephum,
1246 3288 1418 3343 genus
1477 3288 1541 3329 ex
1576 3272 1779 3328 Davide
1810 3276 2133 3341 trahentem,

557 3367 829 3423 deducens
856 3365 900 3431 ⁸,
931 3365 1065 3421 satis
1097 3364 1285 3419 habuit
1314 3379 1410 3435 per
1429 3378 1552 3419 eum
1571 3363 1969 3421 demonstrasse
2009 3364 2122 3419 Vir-

556 3460 736 3531 ginem
764 3469 981 3527 quoque
1025 3470 1091 3511 ex
1142 3456 1352 3521 eadem,
1400 3471 1505 3525 qua
1546 3453 1737 3521 David,
1774 3457 1915 3511 tribu
1954 3466 2135 3511 ortum

558 3549 785 3604 duxisse
812 3566 826 3601 :
855 3555 1141 3618 propterea
1166 3549 1309 3615 quod
1343 3546 1459 3616 lege
1480 3548 1805 3613 sanciretur,
1845 3557 1904 3602 ut
1946 3548 2138 3602 matri—

559 3641 740 3696 monia
772 3654 838 3695 ex
869 3640 1057 3695 eadem
1087 3637 1229 3693 tribu
1257 3638 1641 3697 exsisterent’.
1670 3640 1737 3693 At
1769 3654 1899 3695 vero
1933 3639 2141 3694 divino.

562 3747 682 3786 rum
734 3730 1044 3802 dog-rnatum
1097 3729 1396 3799 interpres,
1451 3745 1676 3800 magnus
1723 3730 1812 3785 ille
1866 3730 2139 3800 apostolus

563 3819 802 3888 Paulus,
844 3820 1127 3873 veritatem
1193 3819 1475 3887 perSpicue
1527 3819 1805 3889 explanat,
1852 3834 1975 3875 cum
2038 3817 2142 3875 Do-

564 3912 772 3968 minum
824 3925 889 3966 ex
934 3908 1073 3965 Juda
1124 3920 1303 3965 ortum
1353 3912 1586 3966 traxisse
1641 3918 1873 3966 testatur
1923 3911 1968 3968 ⁸.
2014 3910 2142 3967 Ilaec

566 4002 732 4074 igitur
776 4002 991 4056 acutius
1040 4002 1351 4071 certiusque
1380 4001 1579 4066 sciens,
1625 4014 1694 4055 ne
1735 3999 2143 4055 dissimulanter

500 4108 505 4113 δ
566 4108 634 4149 ac
682 4092 1005 4148 veteratorie
1058 4091 1404 4162 quaestionem
1466 4091 1607 4146 hanc
1654 4090 1786 4146 mihi
1840 4105 2134 4161 proponas.

567 4184 679 4241 Nec
706 4184 852 4240 enim
895 4182 1028 4239 mihi
1058 4184 1349 4240 obscurum
1404 4190 1512 4249 est,
1545 4189 1600 4238 te
1634 4182 1901 4237 vilitatem
1934 4182 2025 4238 hic
2048 4198 2142 4237 au-

566 4274 773 4345 cupari.

1106 4364 1239 4421 VIII.
1264 4393 1337 4407 —
1368 4360 1600 4418 EIDEM.

634 4454 971 4512 Hoderatum
1004 4471 1115 4510 esse
1143 4464 1381 4523 oportere
1410 4452 1801 4508 exercitationis
1826 4453 2076 4511 laborem.

2234 2248 2445 2318 μωρίαν
2470 2251 2564 2305 καὶ
2592 2251 2807 2305 δικαίαν
2854 2254 3056 2323 κρίσιν.
3094 2253 3231 2307 Ἀλλ’
3273 2254 3359 2306 ἶνα
3401 2252 3474 2324 μὴ
3531 2250 3818 2315 παντελῶς

2233 2334 2629 2407 φαντασθῶμεν
2662 2339 3094 2412 (ὲπιλησμονείν)
3142 2343 3243 2412 τῆς
3277 2342 3432 2412 δίκης
3466 2342 3517 2393 οἱ
3553 2340 3814 2412 ῥᾴθυμοιο

2240 2444 2258 2476 ι
2278 2426 2424 2497 Πλὴν
2444 2427 2473 2479 ό
2499 2430 2908 2499 τρυγίαςαύτοῢ
2922 2430 3353 2502 οὐκὲξεκενώθη,
3367 2451 3385 2484 ι
3410 2432 3814 2503 προστέθειται.

2235 2512 2357 2566 Ὅτι
2386 2514 2435 2566 εἰ
2469 2515 2650 2571 τέλεον
2679 2518 2958 2587 σωτηρίας
2989 2523 3516 2592 καταφρονήσουσιν,
3543 2523 3623 2584 είς
3656 2521 3820 2574 ὔστε-

2236 2618 2328 2671 ρον
2353 2606 2453 2674 τὴν
2478 2603 2634 2676 δίκην
2655 2606 2717 2659 οὐ
2747 2606 3023 2678 Ibo-ouem
3050 2610 3271 2664 Πίονται
3288 2610 3416 2681 γὰρ,
3441 2610 3595 2681 φησὶ,
3615 2611 3819 2674 πάντες

2234 2693 2282 2744 οι
2312 2691 2628 2762 ἁμαρτωλοὶ
2656 2695 2755 2767 τῆς
2782 2697 2905 2767 γῆς,
2936 2717 2955 2751 ι
2989 2697 3052 2751 τὸ
3084 2698 3185 2769 τῆς
3212 2700 3446 2771 κρίσεως
3470 2699 3700 2764 εἰκότως
3721 2714 3817 2752 πο.

2233 2782 2439 2853 τήριον.

2661 2968 2737 3022 Ζν.
2787 2998 2859 3009 --
2906 2969 3209 3042 Tmoeso
3269 2971 3390 3045 (7).

2398 3132 2399 3137 η
2721 3055 2863 3124 Περὶ
2891 3055 3001 3126 τῆς
3036 3060 3350 3115 Θεοτόκου.

2324 3164 2388 3218 'H
2446 3164 2545 3236 μὲν
2603 3166 2726 3236 ιερὰ
2761 3166 2871 3220 τῶν
2916 3167 3268 3236 Εύαγγελίων
3314 3168 3516 3240 πυκτὴ.
3548 3171 3581 3240 ἡ
3616 3169 3701 3231 είς
3732 3169 3825 3222 τδν

2256 3252 2453 3325 Ἰωσὴφ
2479 3254 2577 3326 τὴν
2607 3256 2954 3325 γενεαλογίαν
2984 3257 3299 3326 κατάγουσα
3330 3260 3393 3312 ὲκ
3421 3258 3516 3311 τοῦ
3537 3257 3705 3312 Δαδὶδ
3737 3258 3824 3311 ἔλ-

2244 3361 2411 3399 κοντα
2444 3345 2544 3414 τὴν
2576 3347 2922 3415 συγγένειαν,
2970 3347 3214 3419 ἠρκέσθη
3246 3347 3313 3401 δι’
3340 3349 3507 3403 αὐτοῦ
3541 3348 3824 3414 ἀποδεῖξαι

2245 3435 2340 3488 καὶ
2363 3435 2462 3506 τὴν
2494 3436 2768 3507 Παρθένον
2799 3436 2893 3492 τοῦ
2926 3439 3090 3493 Δαδὶδ
3119 3440 3518 3512 συμφυλέτιδα·
3550 3438 3645 3494 τοῦ
3680 3438 3827 3494 θείου

2245 3524 2412 3596 νόμου
2453 3525 2553 3590 τὰς
2601 3527 2863 3597 συζυγίας
2902 3530 3238 3600 αύτοφύλους
3278 3531 3626 3597 θεσπίζοντος
3677 3531 3828 3599 γίνες

2248 3616 2395 3669 σθαι.
2436 3617 2496 3671 '0
2548 3618 2605 3671 δὲ
2652 3618 2762 3672 τῶν
2812 3619 3078 3691 οὐρανίων
3106 3622 3415 3693 ,ὑποφήτης
3460 3621 3776 3691 δογμάτων,
3817 3628 3846 3680 ό

2251 3707 2426 3777 μέγας
2471 3708 2769 3773 ἀπόστολος
2811 3709 3053 3777 Παῦλος,
3107 3711 3406 3781 ἀναφανδὸν
3439 3702 3696 3781 διασαφεί
3733 3711 3833 3777 τὴν

2248 3796 2531 3866 ἀλήθειαν,
2561 3798 2624 3852 ὲκ
2648 3797 2741 3851 τοῦ
2775 3798 2946 3852 ’ἰούδα
2978 3801 3272 3874 μαρτυρῶν
3295 3802 3569 3856 ἀνατεῖλαι
3596 3802 3690 3854 τὸν
3721 3800 3833 3854 Κύ-

2252 3903 2388 3958 ριον.
2420 3885 2608 3941 Ταῦτα
2634 3888 2692 3942 δὲ
2723 3886 3053 3959 δριμύτερον
3100 3891 3484 3961 ἐπιστάμενος,
3523 3889 3599 3961 μὴ
3648 3891 3833 3962 είρω-

2249 3977 2405 4031 νεύου
2432 3978 2531 4050 τὴν
2559 3979 2918 4052 ὲπερώτησιν.
2952 3983 3027 4036 Ού
3061 3982 3171 4055 γὰρ
3204 3982 3489 4057 λανθάνεις
3519 3982 3705 4055 θηρῶν
3735 3980 3834 4054 τὴν

2250 4069 2545 4125 εὐτέλειαν.

2800 4361 2880 4412 H’.
2907 4389 2974 4401 -—
2995 4362 3081 4419 ΤΩ
3118 4362 3317 4419 ΑΥΤΩ.

2800 4362 2880 4412 H’.
2907 4389 2974 4401 -—
2995 4362 3037 4413 T
3118 4362 3257 4414 ΑΥΤ
3303 4403 3317 4419 .

2256 4450 2377 4503 Ὅτι
2405 4450 2750 4518 σύμμετρον
2777 4450 2893 4519 χρὴ
2923 4362 3081 4505 εἷναῗ
3119 4452 3226 4505 τὸν
3259 4363 3580 4519 ἓσκήσεως
3617 4455 3833 4508 πόνον.

645 4543 1109 4614 Quemadmodum
1141 4516 1289 4610 caro,
1331 4556 1454 4598 cum
1498 4541 1701 4613 optime
1744 4543 1905 4612 valet,
1951 4546 2017 4600 ad
2063 4558 2138 4601 se-

2326 4542 2407 4612 (8)
2434 4516 2644 4612 ’ἀσπερ
2673 4516 3040 4613 ὑπωτιιασμοῦ
3072 4542 3243 4597 δεῖται
3270 4544 3302 4614 ἠ
3334 4516 3629 4597 εὐεκτοῦσα
3666 4544 3828 4618 σὰρξ,

611 4682 633 4716 ⁸
665 4680 854 4739 Matth.
885 4698 969 4748 ιιι,
999 4682 1067 4750 4;
1145 4681 1309 4736 Marc.
1340 4696 1380 4745 ι,
1403 4686 1461 4744 6.
1530 4681 1600 4714 ⁸ο⁵
1627 4683 1771 4737 Psal.
1804 4697 1989 4750 uxtv,
2019 4682 2073 4738 9.

2250 4682 2385 4736 alth.
2415 4694 2454 4747 ι,
2479 4681 2635 4736 Mli.
2709 4681 2728 4713 ⁷
2754 4679 2915 4735 Νιιω.
2944 4696 3130 4747 xxxvi,
3154 4681 3209 4737 8.
3286 4680 3307 4713 ⁸
3333 4680 3497 4737 Hebr.
3525 4699 3622 4747 vtt,
3664 4685 3751 4739 l4.

1701 4820 1937 4877 VARI/IS
1987 4817 2373 4875 LECTIONES
2414 4818 2499 4876 ET
2533 4816 2765 4873 NOTAE.

655 4933 740 5007 (6)
774 4932 935 5007 Vers.
958 4932 991 4988 5
1024 4946 1124 5002 pro
1155 4931 1500 5007 κιρνωμένην
1530 4932 1809 5007 μὲνλοοιιιι.
1844 4932 2138 5007 Sfortiantts

2262 4931 2482 5007 taentsis
2513 4915 2848 4998 συμφυλέτιν
2875 4932 3084 5007 scribit,
3123 4946 3227 5007 non
3254 4940 3313 5007 ut
3341 4928 3520 4984 editus
3550 4931 3838 5007 συμφυλέ-

583 5018 641 5060 ct
665 5001 971 5059 'A'ltaemsis
999 5001 1340 5072 sitpvajtéu'qv
1378 5001 1593 5072 tantum
1626 5004 2058 5072 ibabent._4Vers.
2097 5001 2152 5067 6,

586 5090 681 5144 pro
711 5075 775 5126 ὲκ
802 5072 900 5144 τῆς
936 5070 1340 5144 φιλανθρωπίας
1379 5071 1534 5144 codd.
1572 5070 1741 5144 Sfort.
1786 5082 1842 5125 et
1873 5070 2150 5144 Vat._6_49,

586 5140 768 5222 Iegunt
787 5141 895 5222 fit»:
922 5140 1351 5222 φιλανθρωπίαν.
1379 5140 1541 5222 _Vers.
1637 5181 1653 5206 ,
1690 5141 1809 5195 loco
1837 5141 2115 5222 παντελῶς
2136 5182 2150 5204 ,

587 5209 708 5267 ω’ό.
740 5209 1027 5281 Altaemsis
1062 5209 1308 5281 παντελῆ
1329 5251 1346 5281 ,_
1368 5210 1496 5281 loco
1527 5209 2142 5281 οιιιοιῃᾼφαντασθῶμεν

589 5281 714 5336 cod.
749 5278 918 5335 δῖοι-ι.
973 5290 1027 5335 et
1061 5279 1233 5335 Vntic.
1285 5279 1420 5345 649,
1454 5278 1837 5347 φαντασθῶσιν
1874 5278 2149 5335 exhibent.

2258 5001 2916 5071 rtﬁa,et_versu_sequettti
2943 5017 3046 5054 non
3081 5000 3440 5071 αύτοφύλους,
3470 5001 3562 5054 sed
3592 5002 3843 5071 αὐτοφυε-

2260 5017 2459 5063 uomet
2486 5017 2643 5053 versu
2672 5017 2729 5054 se
2773 5017 2916 5053 uenti
2943 5017 3046 5054 non
3081 5017 3440 5068 αυτοφυλους,
3470 5017 3562 5054 seu
3592 5017 3834 5071 αυτοφυι

2260 5070 2406 5134 λοῦς.
2442 5067 2613 5124 Versu
2643 5069 2673 5120 7
2696 5017 2839 5123 cgita
2878 5072 2942 5123 ὲκ
2976 5071 3069 5123 τού
3116 5069 3284 5126 Ἰούδα
3312 5110 3327 5136 ,
3381 5085 3513 5133 mss,
3553 5071 3611 5136 ἐξ
3657 5072 3834 5127 Ἰούδα

2255 5141 2376 5210 sine
2424 5138 2654 5192 articulo
2709 5139 2974 5210 scribunt.
3028 5140 3266 5210 Denique
3309 5154 3451 5210 vers.
3499 5140 3687 5194 ultimo
3739 5158 3840 5210 pro

2256 5208 2541 5271 λανθάνεις
2569 5210 2687 5261 cod.
2723 5209 2840 5263 Vat.
2870 5209 2994 5273 649,
3033 5208 3516 5280 legit—pavebam,
3549 5208 3837 5274 aberrat—ns,

2259 5281 2475 5347 opinor,
2509 5292 2539 5329 a
2574 5291 2732 5345 vero;
2763 5295 2884 5332 nam
2919 5281 3143 5333 editioni
3179 5281 3299 5335 cod.
3336 5281 3445 5333 Alt.
3482 5280 3837 5348 astipulatur,

596 5351 763 5405 Versu
791 5349 1083 5422 undecimo
1113 5352 1253 5422 quod
1300 5351 1354 5422 in
1394 5350 1563 5422 editis
1609 5350 1848 5403 cernitur
1878 5351 1931 5422 εί
1966 5348 2150 5422 τέλεον
2263 5359 2319 5404 et
2359 5350 2761 5422 ipsa__sententia
2791 5348 3076 5422 λανθάνεις
3105 5351 3326 5422 videtur
3354 5350 3594 5422 erigere.
3626 5349 3839 5422 Possm.

594 5419 891 5490 σωτηρίας,
917 5420 971 5491 in
1002 5436 1102 5476 ms.
1132 5419 1474 5477 emendatius
1534 5427 1755 5485 apparet
1797 5422 1844 5472 εί
1879 5419 2039 5474 πλέον
2065 5420 2161 5491 τῆς

596 5487 760 5552 enim,
775 5487 883 5543 etc.’
917 5487 1133 5547 Possm.

669 5557 745 5629 (7)
778 5558 830 5630 In
870 5560 1022 5615 titulo
1048 5568 1167 5630 post
1190 5572 1374 5614 vocem
1409 5552 1663 5630 τιμοθέῳ
1691 5558 1810 5630 cod.
1849 5558 1957 5613 Alt.
1986 5559 2154 5630 addit,

2341 5419 2419 5489 (8)
2474 5415 2624 5490 Vers.
2656 5417 2712 5482 4,
2763 5434 2863 5474 vox
2902 5420 3050 5490 ψυχὴ
3083 5421 3234 5473 deest
3276 5422 3328 5473 in
3353 5415 3489 5490 Nai.
3523 5421 3655 5490 cod.
3707 5420 3839 5484 649,

2267 5487 2369 5544 nec
2400 5487 2537 5542 Sane
2565 5487 2617 5541 in
2654 5487 2928 5544 contextu
2958 5487 3276 5557 requiritur,
3313 5488 3400 5543 ubi
3431 5488 3566 5543 satis
3592 5502 3839 5557 congrue

2266 5557 2584 5614 vocabulum
2620 5557 2760 5628 σὰρξ
2783 5559 2892 5614 ἀπὸ
2917 5558 3097 5613 κοινοῦ
3145 5561 3530 5612 resoluendum
3568 5573 3625 5628 se
3654 5557 3842 5612 offert.

595 5624 934 5702 dva'tfvo’iorn.
973 5624 1213 5702 Vera},
1237 5643 1333 5696 pro
1364 5624 1545 5702 πυκτὴ
1565 5624 1731 5702 codex
1761 5628 1907 5702 idem
1938 5629 2137 5702 exhibe

2266 5629 2432 5702 Paulo
2461 5624 2729 5702 post_viee
2762 5630 2910 5702 verbi
2948 5628 3396 5701 ὑπεραυγόαζηται
3425 5631 3545 5684 cod.
3582 5626 3703 5702 Yat.
3729 5627 3844 5702 649

596 5691 825 5767 πτυκτὴ.
860 5691 1001 5756 ιιῖιιιιί
1032 5700 1190 5767 paulo
1215 5691 1542 5768 c'ortjcctins.
1566 5691 1717 5768 V_crs.
1747 5697 1803 5760 ὁ,
1828 5714 1921 5768 pro
1944 5696 2036 5754 τοῦ
2058 5700 2160 5751 Δα-

600 5769 680 5825 6‘26
716 5763 886 5827 \‘atic.
921 5763 1065 5834 649',
1090 5779 1139 5822 et
1164 5768 1270 5822 Alt.
1318 5765 1519 5821 habent
1554 5763 1631 5834 τῷ
1670 5763 1852 5824 Δαϐίδζ
1901 5769 2023 5824 Mox
2069 5769 2160 5824 Al-

2263 5698 2540 5771 substitujt
2582 5696 2970 5771 ὑπερείδηταιο
3018 5696 3305 5756 Ᾰιιιειυεὶέ
3355 5705 3534 5754 autem
3582 5697 3841 5771 ὑπερτά-

2266 5768 2424 5839 ζηται
2439 5804 2452 5818 .
2483 5766 2687 5823 Possm.
