3986 6412
453 324 549 387 187

1611 325 1673 386 S.
1719 323 2013 384 lSIDORI
2055 318 2491 381 ΡΕιυςιΟΤλΕ

3604 315 3708 381 188

449 435 664 490 etiamsi
717 436 894 492 minus
918 435 1342 505 fcontumeliose,
1389 452 1552 508 quam
1606 453 1728 492 cum
1781 436 2025 500 Socrate,

2138 433 2278 505 βέλει
2325 435 2390 503 τῇ
2429 431 2804 505 μεγαλοψυχίᾳ
2833 425 3210 504 τρωθήσεται,
3257 433 3290 505 ἢ
3343 432 3437 487 καὶ
3480 432 3589 486 ἔσθ’
3615 435 3706 488 ὅτε

453 533 630 578 tecum
654 534 833 580 actum
858 527 971 582 sit:
1007 537 1195 582 contra
1242 537 1419 584 autem
1463 528 1553 584 ille
1586 527 1751 582 animi
1793 528 1867 582 tui
1913 540 2026 580 ma-

452 616 732 682 gnitudine
791 626 1043 687 tanquam
1101 619 1206 673 telo
1257 619 1592 674 sauciabitur
1641 637 1656 674 :
1709 629 1800 673 aut
1861 619 2025 672 etiam

455 706 744 773 aliquando
771 722 799 759 a
839 711 1094 775 peccandi
1136 710 1378 765 studiosa
1425 720 1604 764 mente
1646 725 1711 765 ac
1751 710 1928 780 lingua
1971 709 2024 762 in

456 797 646 851 tnelius
697 798 988 853 mutabitur
1024 817 1036 853 :
1081 803 1306 871 tibique,
1355 811 1415 857 ut
1451 801 1678 872 hujusce
1713 802 2026 858 mutationis

455 887 688 952 auctori,
725 891 955 958 gratiam
984 891 1226 949 habebit.

950 1001 1064 1058 XII.
1091 1035 1159 1044 —
1181 1004 1519 1061 ΑΜΜΟΝΙΟ.

521 1109 635 1164 Etsi
667 1112 855 1166 vitium
898 1114 1163 1180 occultas,
1189 1125 1366 1170 tamen
1399 1125 1620 1186 apparet
1647 1128 1697 1173 te
1725 1117 1906 1173 animo
1940 1117 2026 1172 in-

452 1201 592 1263 ﬂari,
623 1212 786 1272 atque
835 1204 974 1259 ultra
1025 1221 1186 1274 quam
1235 1217 1289 1261 et
1316 1223 1508 1276 genus,
1545 1217 1599 1262 et
1625 1209 1811 1273 robur,
1856 1219 1910 1262 et
1947 1209 2028 1263 di-

452 1292 628 1360 gnitas
661 1303 747 1346 tua
779 1292 937 1360 ferat,
985 1294 1287 1362 superbire.
1339 1297 1704 1362 Quamobrem
1756 1307 1848 1353 aut
1896 1314 2027 1354 con-

452 1392 730 1446 gruentem
773 1383 865 1436 tibi
917 1384 1158 1439 animum
1213 1386 1426 1458 collige,
1490 1401 1581 1444 aut
1645 1390 1780 1446 scito
1854 1399 1906 1445 te
1959 1389 2028 1445 ab

451 1471 702 1528 omnibus
743 1474 976 1529 irrideri.

741 1582 880 1640 Xlll.
901 1617 968 1628 —
991 1585 1340 1645 LAMPETIO
1376 1590 1728 1650 MONACHO.

521 1693 639 1760 Quo
683 1705 927 1760 tempore
971 1699 1036 1753 ad
1085 1701 1333 1757 sublimis
1363 1711 1418 1758 et
1449 1704 1679 1759 excelsa:
1719 1705 1840 1759 vitae
1871 1720 2026 1760 mo-

2127 525 2227 594 τῆς
2271 523 2752 594 φιλαμαρτήμονος
2809 524 3278 596 μεταϐληθήσεται
3345 526 3438 577 καὶ
3482 524 3706 597 γνώμης

2129 618 2222 670 καὶ
2259 615 2541 685 γλώσσης,
2581 617 2676 669 καὶ
2719 614 2882 687 χάριν
2912 633 2996 670 σοι
3038 617 3244 671 εἵσεται
3289 615 3364 679 ὡς
3405 616 3562 688 αἰτίῳ
3608 617 3705 687 τῆς

2126 705 2481 770 ἀλλοιώσεως.

2543 984 2643 1037 IB'.
2665 1013 2737 1024 —
2765 955 3085 1055 ΛΜΜΩΝΙῼ
3145 983 3280 1057 (te).

2196 1100 2259 1153 Ei
2289 1099 2385 1152 καὶ
2413 1097 2672 1170 κρύπτεις
2698 1097 2758 1151 τὸ
2783 1099 3026 1170 ἥττημα,
3069 1099 3207 1154 ἀλλὰ
3239 1099 3401 1170 φαίνῃ
3445 1099 3707 1170 φυσώμε-

2126 1208 2214 1255 νος
2248 1193 2390 1264 πέρα
2437 1191 2532 1245 καὶ
2571 1189 2665 1243 τοῦ
2699 1190 2922 1258 γένους,
2955 1191 3052 1244 καὶ
3081 1190 3183 1260 τῆς
3231 1190 3435 1260 ίσχύος,
3471 1191 3567 1244 καὶ
3604 1190 3706 1261 τῆς

2126 1282 2280 1350 ἀξίας
2306 1299 2398 1336 σου
2425 1282 2848 1352 φρυαττόμενος.
2878 1283 2948 1334 Ἢ
2977 1282 3158 1335 τοίνυν
3186 1281 3497 1354 σύμμετρον
3521 1282 3708 1352 σαυτῷ

2126 1374 2325 1445 κτῆσαι
2355 1373 2631 1445 φρόνημα,
2659 1371 2692 1443 ἢ
2727 1371 2835 1426 ῐσθι
2871 1371 3024 1444 παρά
3054 1373 3273 1427 πάντων
3303 1372 3632 1444 γελώμενος.

2449 1590 2547 1644 11".
2568 1619 2640 1632 —
2671 1589 3034 1660 ΛΑΜΠΕΊῚῼ
3073 1589 3384 1661 ΜΟΝΑΧῼ.

2201 1704 2329 1757 Ὅτε
2362 1703 2440 1773 τῷ
2485 1702 2600 1774 ὄρει
2629 1703 2730 1774 τῆς
2770 1701 2980 1772 ὑψηλῆς
3019 1701 3294 1764 πολιτείας
3327 1699 3707 1770 προσέϐαινες,

453 1793 562 1837 tem
590 1785 903 1850 accedebas,
936 1795 1096 1855 atque
1147 1789 1328 1844 abluta
1373 1801 1521 1846 veste
1561 1808 1624 1848 ac
1651 1794 1924 1859 sensibus,
1958 1793 2024 1848 ad

2138 1797 2222 1849 ιιαί
2249 1793 2585 1864 πλυνάμενος
2604 1794 2808 1864 ἐσθῆτα
2833 1793 2928 1847 καλ⁵
2948 1792 3108 1863 αίσθη
3119 1811 3222 1855 σιν,
3253 1792 3389 1862 πρὸς
3412 1791 3511 1861 τὴν
3535 1791 3708 1862 ἀκοὴν

453 1875 759 1928 divinorum
786 1876 1093 1946 dogmatum
1125 1880 1457 1935 auditionem
1483 1891 1669 1951 pectus
1696 1883 2021 1951 adornabas,

459 1974 796 2023 terrenarum
873 1985 1052 2023 rerum
1122 1973 1436 2026 memoriam
1502 1989 1724 2044 prorsus
1793 1975 2028 2046 abjicere

453 2061 803 2126 constituisti,
842 2071 900 2114 ut
927 2061 992 2114 ad
1028 2062 1281 2116 virtutum
1329 2079 1509 2120 arcem
1561 2078 1868 2136 pervectus,
1913 2079 2026 2123 tum

454 2148 620 2201 Deum
667 2150 883 2203 oracula
921 2152 1169 2206 edentem
1221 2155 1439 2210 audires
1476 2173 1490 2211 :
1530 2167 1641 2212 tum
1683 2174 1750 2212 eo
1785 2169 2026 2214 veterem

452 2238 620 2307 legem
651 2242 700 2292 in
727 2242 1036 2296 carnalibus
1072 2246 1268 2300 tabulis
1321 2247 1675 2315 inscribente,
1708 2251 1886 2305 tabula
1917 2253 2029 2319 ipse

451 2329 709 2386 divinitus
741 2333 986 2388 confeCIa
1011 2338 1327 2392 exsisteres.
1357 2341 1427 2392 At
1462 2356 1589 2394 vero
1620 2357 1762 2395 nunc
1805 2341 1937 2396 illud
1962 2342 2030 2396 de

451 2429 504 2474 te
533 2423 772 2475 omnium
805 2440 899 2478 ore
939 2426 1277 2490 decantatur,
1308 2437 1359 2482 te
1403 2430 1620 2498 quidem
1673 2431 1865 2485 salutis
1903 2447 2030 2486 ara-

451 2520 593 2566 trum
619 2525 868 2584 prompto
891 2525 1050 2584 atque
1064 2517 1227 2572 alacri
1248 2520 1428 2574 animo
1448 2520 1822 2588 arripuisse",
1842 2537 2027 2575 verum

451 2618 550 2673 per
572 2605 839 2672 ignaviam
871 2622 933 2660 ac
959 2618 1230 2676 torporem
1263 2619 1561 2664 retrorsum
1587 2627 1772 2666 rursus
1798 2628 2030 2668 conver-

452 2707 572 2747 sum
607 2710 747 2748 esse.
785 2695 1144 2760 Quamobrem
1178 2698 1224 2751 si
1259 2709 1310 2752 te
1358 2699 1597 2753 Simonis
1639 2699 1683 2731 "
1723 2702 2026 2769 exemplum

456 2799 564 2837 non
601 2795 788 2849 terret,
822 2787 912 2852 qui
938 2802 1058 2839 cum
1093 2788 1398 2854 baptizatus
1428 2789 1642 2854 fuisset,
1673 2807 1734 2845 ac
1769 2793 2032 2847 ministris

455 2873 656 2929 Christi
699 2877 952 2930 comitem
991 2891 1049 2931 se
1091 2879 1428 2946 prmbuisset,
1479 2897 1666 2936 rursus
1708 2884 1775 2935 ad
1803 2899 1886 2936 res
1913 2900 2028 2948 cas,

2125 1887 2236 1941 τῶν
2274 1887 2435 1942 θείων
2464 1887 2752 1956 δογμάτων
2794 1886 2892 1956 τὴν
2924 1885 3151 1956 καρδίαν
3192 1883 3542 1954 ηὐτρέπιζες,
3573 1883 3712 1937 πάν⁴

2125 1997 2234 2042 τως
2283 1978 2633 2033 ἐπιλαθέσθαι
2679 1979 2789 2032 τῶν
2839 1977 3196 2048 χαμαιζήλων
3231 1975 3574 2045 βεϐούλευσο,
3619 1976 3711 2030 ἵνα

2130 2072 2265 2142 πρὸς
2291 2070 2387 2140 τὴν
2416 2069 2713 2140 ἀκρόπολιν
2740 2069 2953 2137 φθάσας
2978 2067 3086 2121 τῶν
3111 2067 3342 2138 ἀρετῶν,
3373 2068 3466 2122 καὶ
3493 2084 3713 2137 χρημα-

2126 2160 2367 2224 τίζοντος
2391 2161 2628 2230 ἀκούσῃς
2650 2157 2806 2221 Θεοῦ,
2835 2159 2928 2211 καὶ
2951 2159 3073 2220 ταῖς
3105 2159 3398 2228 σαρκικαῖς
3425 2155 3590 2222 πλαξὶ
3617 2155 3712 2209 τδν

2129 2255 2354 2306 παλαιὸν
2399 2253 2562 2322 νόμον
2593 2252 2703 2321 (l3)
2745 2251 3147 2321 ὲγγράφοντος,
3196 2247 3383 2312 πυξίον
3421 2249 3557 2318 γένῃ
3589 2247 3714 2302 θεό-

2127 2365 2372 2402 τευκτον.
2403 2348 2485 2400 Τά
2511 2347 2568 2400 δὲ
2596 2345 2693 2401 νῦν
2721 2345 2849 2416 περὶ
2877 2345 2972 2398 σοῦ
3005 2344 3157 2416 παρὰ
3186 2343 3410 2397 πάντων
3444 2342 3710 2413 ᾀδόμενα,

2131 2437 2484 2492 ὲπιλασὲσθαι
2523 2436 2622 2507 μὲν
2650 2453 2707 2489 σε
2736 2435 2830 2489 τοῦ
2861 2436 3092 2506 ἀρότρου
3121 2435 3222 2503 τῆς
3248 2432 3540 2504 σωτηρίας,
3572 2449 3716 2503 προ-

2129 2530 2316 2600 θύμως
2342 2529 2798 2598 ἀπαγγέλλουσιν,
2819 2529 2899 2591 είς
2923 2528 3167 2581 τούπίσω
3189 2526 3244 2579 δὲ
3264 2525 3426 2580 πάλιν
3448 2525 3712 2595 ἀνεστρά-

2131 2620 2259 2688 φθαι
2296 2619 2666 2690 ναρκήσαντα.
2722 2619 2784 2670 Εἰ
2820 2616 3002 2669 τοίνυν
3051 2633 3110 2669 σε
3161 2617 3238 2687 μὴ
3285 2615 3441 2684 φοϐεῖ
3483 2614 3544 2668 τὸ
3576 2615 3717 2669 ὑπό-

2130 2713 2348 2781 δειγμα,
2381 2709 2473 2762 καὶ
2501 2706 2890 2779 βαπτισθέντος
2921 2707 3184 2776 Σίμωνος,
3213 2708 3307 2759 καὶ
3335 2708 3447 2770 τοῖς
3472 2705 3714 2775 Χριστοῦ

2129 2799 2396 2862 διακόνοις
2428 2796 2911 2868 ἀκολουθήσαντος,
2943 2796 3038 2848 καὶ
3073 2795 3209 2866 πρὸς
3239 2795 3337 2863 τὴν
3369 2793 3500 2864 ὓλην
3549 2793 3716 2847 πάλιν

2131 2891 2618 2960 ἀναχωρήσαντος’
2648 2887 2714 2940 δι’
2754 2889 2820 2958 ἢν
2853 2887 2949 2939 καὶ
2999 2884 3058 2950 ἐξ
3109 2884 3278 2955 ὕψους
3331 2883 3644 2955 κατηνέχθη
3689 2887 3718 2938 ό

452 2980 574 3036 qua:
605 2981 671 3020 ex
722 2969 946 3020 materia
997 2977 1273 3034 constant,
1315 2986 1564 3025 reversus
1593 2981 1678 3027 est
1724 2973 1828 3041 (ob
1871 2974 2030 3042 idque

2138 2983 2360 3045 δείλαιος
2390 2980 2522 3051 πρὸς
2550 2980 2640 3033 τὸν
2669 2978 3102 3050 πολυθρύλλητον
3131 2977 3382 3041 θάνατον,
3413 2976 3500 3029 ἴνα
3526 2974 3716 3048 δειχθῇ

455 3060 619 3110 etiam
653 3073 718 3111 ex
752 3061 860 3112 alto
887 3060 1053 3113 miser
1084 3061 1136 3126 in
1167 3071 1395 3116 mortem
1442 3065 1733 3118 multorum
1780 3080 2030 3120 sermone

2138 3071 2208 3136 ὥς
2238 3073 2296 3138 ἐξ
2328 3071 2445 3134 ἑνὸς
2472 3069 2564 3123 τοῦ
2612 3070 2731 3123 κατ’
2761 3071 2965 3122 ἐκεῖνον
2997 3067 3310 3138 πτώματος,
3345 3067 3472 3120 οἴων
3506 3068 3717 3138 τυγχά-

455 3148 936 3204 celebratissimum
997 3168 1236 3221 praeceps
1290 3157 1438 3219 ruit,
1496 3167 1554 3210 ut
1607 3171 1673 3210 ex
1712 3172 1816 3212 una
1865 3157 2030 3226 ipsius

2140 3180 2321 3216 νουσιν
2352 3160 2491 3226 ἄξιοι
2511 3203 2526 3227 ,
2571 3164 2620 3216 οἱ
2667 3161 2914 3232 οὐράνιον
2947 3160 3147 3230 δρόμον
3177 3159 3500 3230 ψευδόμενοι
3526 3174 3540 3188 ⁸
3591 3158 3718 3229 ἔχου

458 3247 614 3296 ruina
669 3246 1012 3312 perspicuum
1058 3245 1309 3300 omnibus
1362 3249 1471 3312 iiut,
1517 3249 1714 3317 quibus
1754 3250 2030 3318 suppliciis

2140 3255 2238 3323 τῆς
2290 3253 2600 3324 προθέσεως
2631 3253 2892 3322 Σίμωνος.
2927 3252 2990 3304 El
3021 3251 3078 3304 δὲ
3120 3251 3226 3313 πᾶς
3270 3250 3418 3313 ὅστις
3453 3249 3572 3312 νοὸς
3626 3249 3720 3302 καὶ

396 3362 398 3366 -
458 3329 602 3399 digni
660 3331 789 3394 sint,
825 3333 912 3399 qui
965 3333 1185 3387 cteleste
1243 3335 1571 3390 curriculum
1630 3338 2029 3405 mentiuntur),

2140 3343 2300 3410 λόγου
2341 3343 2654 3412 μετείληφε,
2677 3341 2782 3394 κᾶν
2809 3342 2919 3404 τοῖς
2951 3340 3166 3411 ἐχθροῖς
3195 3340 3294 3410 τὴν
3319 3338 3476 3408 δίκην
3500 3339 3721 3409 ἐκείνην

456 3419 698 3476 Simonis
749 3424 992 3493 vestigiis
1060 3424 1337 3492 animique
1399 3426 1644 3480 instituto
1706 3426 1870 3481 hmre.
1935 3426 2030 3481 Sin

2139 3435 2438 3504 ἀπεύχεται
2453 3450 2465 3462 ’
2495 3432 2779 3502 πλήρωσον
2803 3431 2900 3494 τὰς
2929 3430 3064 3500 πρὸς
3084 3429 3176 3482 τὸν
3197 3429 3399 3500 Κύριον
3422 3427 3722 3498 συνθήκας,

457 3523 634 3566 autem
687 3515 934 3582 quisquis
994 3515 1190 3570 mentis
1239 3531 1303 3572 ac
1358 3519 1585 3572 rationis
1645 3533 1865 3586 compos
1917 3527 2028 3584 est,

2138 3526 2234 3578 καὶ
2273 3526 2363 3577 τὸν
2409 3523 2706 3593 ἀμπελῶνα
2758 3520 2921 3576 αὑτοῦ
2973 3521 3256 3591 ἐπιμελῶς
3303 3521 3606 3590 φιλοπόνει.
3661 3521 3721 3574 '0

457 3603 597 3657 banc
628 3620 844 3673 poenam
879 3606 933 3660 in
971 3608 1220 3663 hostibus
1261 3623 1477 3677 quoque
1512 3611 1716 3674 horret,
1743 3623 1808 3663 ac
1837 3610 2030 3678 depre-

2139 3615 2328 3687 μισθὸς
2368 3615 2493 3684 μετ’
2535 3613 2720 3666 αὐτοῦ’
2747 3615 2916 3677 ἐστιν,
2968 3611 3027 3664 ὃν
3055 3611 3285 3676 ἕκαστος
3321 3611 3549 3683 λήψεται
3582 3610 3724 3683 πρὸς

457 3709 633 3760 catur,
686 3710 840 3766 pacta
889 3715 1012 3754 cum
1063 3701 1174 3756 Deo
1220 3701 1348 3756 inita
1402 3704 1581 3772 exple,
1623 3703 1904 3774 ipsiusque
1949 3706 2030 3758 vi-

2138 3705 2226 3758 τδν
2260 3703 2391 3756 ἴδιον
2421 3701 2609 3756 κόπον.

461 3801 616 3839 neam
649 3787 935 3855 diligenter
967 3805 1032 3845 ac
1065 3791 1251 3846 sedulo
1294 3792 1432 3848 cole.
1477 3791 1610 3847 Nam
1655 3807 1865 3849 merces
1905 3808 2025 3846 cum
2064 3808 2129 3850 eo
2158 3804 2262 3857 est,
2313 3810 2477 3864 quam
2525 3789 2892 3858 unusquisque
2935 3788 3231 3844 secundum
3271 3803 3430 3844 suum
3471 3788 3717 3845 laborem

461 3876 694 3946 accipiet
731 3878 796 3935 ¹⁸.

764 3968 904 4025 XIV.
929 4000 1001 4012 -—
1025 3971 1332 4030 PATlthO
1373 3973 1731 4031 MONACHO.

1081 4066 1156 4118 De
1184 4067 1436 4128 practice.

531 4151 607 4207 Ea
633 4155 872 4224 quidem,
904 4163 960 4210 ut
982 4157 1354 4224 audio,indole
1388 4167 1700 4226 naturaeque
1728 4155 1780 4226 5
1801 4156 2041 4212 bonitate

2361 3975 2456 4027 iA'.
2479 4003 2549 4015 -
2577 3973 2890 4043 nummo
2929 3971 3331 4026 MONAZONTI
3369 3971 3505 4041 (η).

2672 4064 2810 4132 Περὶ
2842 4063 3192 4134 πρακτικοῦ.

2220 4155 2404 4226 Ἔχεις
2438 4155 2538 4226 μὲν
2568 4155 2817 4225 εὐφυΐαν,
2853 4155 2929 4218 ὡς
2963 4154 3184 4226 ἔμαθον,
3222 4154 3514 4225 μανθάνειν
3553 4170 3726 4208 cum»

537 4309 579 4341 "
615 4308 739 4366 Luc.
776 4326 849 4375 Ix,
885 4310 972 4367 62.
1053 4312 1094 4343 ⁸⁸
1129 4312 1248 4365 Act.
1283 4325 1396 4375 νιιι,
1427 4327 1580 4381 seqq.
1664 4311 1709 4342 “
1736 4312 1840 4380 Ap.
1876 4326 2011 4376 xm,
2049 4309 2134 4366 12.

1596 4466 1830 4524 VARIE
1867 4466 2251 4522 LECTIONES
2291 4466 2378 4522 ET
2419 4465 2652 4522 NOTAS.

535 4600 645 4670 (12)
679 4599 886 4653 Titulus
920 4600 972 4652 in
995 4600 1116 4654 cod.
1158 4598 1380 4670 Altaliic
1411 4608 1496 4670 est
1527 4616 1539 4651 :
1571 4600 1829 4670 Ἄμμωνι
1855 4614 2022 4669 στρα-

461 4667 650 4740 τιώτῃ,
681 4672 780 4722 hoc
815 4679 898 4722 est
927 4669 1170 4740 Ammoni
1199 4668 1391 4740 militi._
1411 4667 1621 4740 Possm.

533 4737 642 4808 (l3)
679 4740 789 4792 Τὸν
814 4738 1073 4808 παλαιόν
1101 4739 1304 4806 νόμον.
1349 4738 1509 4808 Multo
1555 4737 1913 4808 prmstabilior
1943 4747 2028 4792 est

462 4808 620 4862 lectio
654 4811 772 4862 cod.
807 4808 960 4866 Bav..
986 4807 1074 4858 τὸν
1115 4807 1480 4876 πνευματικὸν
1513 4807 1695 4877 νόμον,
1731 4809 2026 4861 secundum

465 4894 624 4947 quam
678 4887 732 4930 et
761 4877 919 4929 lectio
945 4878 1270 4947 corrigenda
1291 4877 1618 4947 spiritualem
1651 4879 1831 4947 legem.
1880 4878 2029 4929 Allu-

466 4945 542 5002 dit
599 4947 663 5000 ad
705 4948 879 5000 locum
935 4948 1180 5012 prophet.
1237 4945 1532 4998 Ezechielis
1579 4956 1632 4997 et
1673 4945 1918 4999 Jereiuiae
1963 4948 2030 4999 de

467 5032 603 5070 noua
661 5019 774 5085 lege
803 5015 1024 5082 spiritus
1073 5015 1212 5075 vitze,
1241 5014 1524 5085 uthaulus
1562 5025 1740 5081 vocat,
1773 5017 2030 5070 cordibus

467 5088 680 5155 piorum
712 5084 736 5134 ιι
765 5085 872 5136 Deo
898 5085 1257 5155 inscribenda.
1304 5084 1466 5137 RtTT.

536 5183 606 5194 ——
637 5152 749 5206 Non
774 5154 1074 5223 Λαμπετίῳ
1095 5155 1402 5223 inscribitur
1427 5155 1536 5207 Inec
1553 5153 1774 5222 epistola
1802 5156 1853 5208 in
1873 5155 2028 5208 codd.

470 5225 593 5277 Vat.
631 5223 734 5276 649
769 5224 982 5294 etAlt.,
1025 5222 1116 5294 sed
1140 5222 1327 5294 Πετίῳ
1368 5223 1628 5294 μοναχῷη
1659 5224 1809 5279 Vers.
1844 5225 1897 5286 7,
1931 5240 2028 5292 pro

470 5295 759 5364 σαρκικαῖς
793 5293 896 5347 Alt.
925 5295 1038 5344 cod.
1065 5293 1223 5345 habet
1254 5293 1556 5364 σαρκίναις.
1593 5293 1760 5348 Versu
1783 5295 2027 5362 sequenti

473 5361 780 5414 θεότευκτον
810 5378 861 5414 In
897 5372 1148 5416 contextu
1194 5361 1393 5417 codicis
1424 5366 1527 5417 Alt.
1563 5374 1799 5416 mutatur
1846 5361 1900 5416 in
1931 5378 2025 5430 γε-

477 5432 759 5501 ρότευκτον
778 5434 919 5501 '“sml
949 5433 1105 5485 lectio
1131 5433 1382 5486 editionis
1410 5450 1439 5488 e
1477 5435 1692 5501 regione
1722 5433 1937 5501 ponitur
1974 5433 2027 5484 in

474 5499 740 5569 inargine.
794 5499 949 5554 Vet‘s.
983 5503 1082 5566 l5,
1115 5503 1225 5559 hanc
1264 5505 1363 5556 tria
1406 5499 1662 5558 vocabula
1699 5499 1793 5554 καὶ
1838 5500 2030 5569 βαπτι·

483 5568 704 5642 σθέντος
737 5571 1062 5642 Σίμωνοςήιι
1089 5573 1206 5642 cod.
1228 5574 1333 5627 Alt.
1369 5575 1446 5627 sic
1469 5575 1788 5642 ordinantur
1811 5568 2030 5639 ςΣὶμωε

469 5649 561 5710 νος
587 5640 680 5710 καὶ
703 5639 1101 5710 βαπτισθέντος.
1133 5639 1282 5697 Vers.
1313 5644 1399 5705 l7,
1418 5655 1535 5710 post
1555 5640 1738 5710 δειχθῇ
1767 5642 2026 5706 particula

473 5705 548 5770 ὡς
575 5705 722 5765 deest
744 5711 796 5766 in
827 5711 941 5768 Vat.
965 5721 1016 5768 et
1038 5705 1141 5769 Alt.
1168 5713 1349 5779 codd.,
1368 5705 1596 5780 qliorum
1631 5705 1857 5778 (iterque
1883 5723 2024 5764 vers.

2127 4599 2372 4668 sequenti
2401 4615 2504 4651 non
2534 4596 2829 4667 πτώματος
2862 4596 2956 4668 sed
2990 4595 3332 4666 πταίσματος
3365 4595 3514 4668 legit.
3541 4595 3708 4652 Vers.

2127 4666 2550 4739 21,ἀπεύχεται
2579 4669 2630 4721 in
2663 4666 2835 4739 editis
2903 4667 2954 4719 in
2997 4681 3126 4739 mss.
3184 4676 3265 4739 est
3300 4666 3625 4739 dﬂﬂiﬁé‘tdt'
3662 4677 3727 4739 et

2131 4755 2274 4792 vers.
2329 4735 2442 4799 25⁷.
2489 4753 2586 4806 pro
2645 4736 2955 4806 φιλοπόνει,
3009 4735 3392 4804 φιλοπόνησον.
3430 4736 3549 4790 Mox
3609 4738 3719 4806 Alt,

2132 4819 2252 4876 post
2279 4810 2306 4862 ό
2355 4805 2501 4860 addii
2534 4805 2686 4876 γὰρ,
2709 4817 2765 4876 et
2784 4821 2937 4876 vers.
2972 4807 3216 4874 sequenti
3268 4822 3366 4876 pro
3399 4808 3518 4876 μετ’
3551 4805 3721 4859 αὐτοῦ

2137 4874 2292 4931 habet
2331 4876 2468 4945 μετὰ
2493 4874 2751 4944 Χριστοῦ.
2780 4874 2992 4930 Possm.

2206 4942 2402 5015 (Milo
2433 4961 2496 4998 co
2518 4942 2786 5015 ld.Sl‘ort.
2819 4947 2880 4998 Et
2910 4945 3017 4997 Alt.
3059 4943 3172 5015 bree
3201 4944 3424 5015 epistola
3459 4942 3724 5015 inscribi-

2133 5010 2222 5070 tur
2243 5015 2456 5087 Πρίμῳ.
2498 5015 2561 5087 Et
2585 5014 3026 5087 l'nisse_homi_ues
3058 5010 3350 5087 inﬁrmem
3379 5013 3510 5087 ejus
3531 5010 3684 5087 nouli
3705 5039 3724 5051 -

2134 5087 2216 5140 nis
2252 5081 2496 5152 te'in'pore
2526 5085 2716 5138 lsidori
2758 5083 3065 5144 Pelusiotae.
3099 5083 3348 5152 discipuli
3397 5083 3456 5137 S.
3483 5081 3723 5136 Joannis

2134 5155 2513 5226 Cliry-sostomi
2535 5193 2561 5226 ι
2584 5163 2802 5226 constat
2849 5169 2918 5226 e_x_
2930 5225 2934 5226 ί
2947 5154 3198 5226 epistolis
3233 5169 3262 5205 a
3293 5166 3378 5226 me
3408 5154 3566 5204 editis
3593 5153 3722 5226 ejus

2131 5222 2482 5287 condiscipuli
2533 5224 2592 5276 S.
2629 5225 2836 5278 abbatis
2877 5223 3002 5285 Nili,
3058 5238 3288 5290 quarum
3325 5222 3722 5282 ducentesima,

2130 5295 2306 5360 qualis
2330 5295 2518 5347 visitur
2545 5309 2663 5361 pag.
2682 5292 2790 5347 202
2810 5294 2942 5347 edit.
2976 5292 3161 5362 Regia
3188 5293 3361 5362 Paris.
3392 5293 3528 5345 anni
3565 5291 3725 5356 1657,

2133 5364 2330 5434 Πρίμῳ
2385 5360 2728 5433 ὑποδιακόνῳ
2768 5363 3030 5434 inscripta
3063 5360 3262 5434 exstat.
3307 5360 3460 5414 Fieri
3500 5371 3718 5429 potest-,

2132 5432 2226 5486 eos
2277 5432 2368 5502 qui
2434 5432 2728 5486 editionem
2759 5432 2974 5502 rilsidori
3027 5433 3727 5502 adornarunt,Aassuetos

2130 5499 2348 5556 lectioni
2385 5518 2515 5558 mss.
2548 5504 2705 5557 codd.
2739 5501 3074 5566 Graecorum,
3107 5504 3158 5555 in
3189 5505 3385 5568 quibus
3424 5499 3542 5554 fere
3568 5515 3719 5552 sem-

2134 5587 2229 5640 per
2260 5587 2417 5625 casus
2460 5581 2554 5625 aut
2586 5572 2845 5627 vocabula
2875 5586 2941 5627 ex
2984 5573 3202 5626 nomine
3223 5569 3408 5640 Πατὴρ
3451 5569 3723 5624 declinata

2135 5643 2516 5714 compendiose
2555 5642 2886 5714 soribuntur_
2913 5659 3011 5714 πρι
3058 5657 3154 5710 pro
3181 5643 3369 5714 πατρὶ,
3402 5656 3568 5714 προς,
3618 5653 3729 5714 παῖ

2136 5705 2296 5780 τρὺξ,
2345 5711 2591 5783 πρικῶς,
2643 5705 2972 5782 πατρικῶς,’
3009 5705 3114 5769 etc.
3165 5705 3592 5775 Simi‘lder'hic,
3625 5705 3724 5761 tui
