3986 6432
304 389 419 455 193

1320 389 1858 454 EPISTOLARUM
1896 393 2044 454 LIB.
2088 393 2138 454 Ι.
2179 417 2251 430 ·-·
2288 392 2527 455 EPIST.
2567 395 2731 455 XIX.

3506 396 3606 463 194

299 502 454 572 πρὸς
486 497 589 554 τὸν
606 496 757 567 Νῶε,
802 495 913 562 ἕως
941 495 1037 551 τοῦ
1069 496 1402 572 ξηρανθῆναι
1432 502 1532 573 τὴν
1557 504 1681 576 γῆν,
1711 504 1807 559 καὶ
1834 507 1908 570 εἰς

2023 501 2156 573 Noe,
2211 506 2381 560 donec
2446 504 2784 561 siccarentur
2822 517 2978 574 aqua:
2997 504 3066 561 “.
3099 523 3118 557 ι
3161 503 3395 562 Prorsus
3459 507 3605 565 enim

294 593 369 647 τὸ
386 588 709 657 παντελὲς
722 589 825 644 οὐκ
837 588 1164 662 ἀνέστρεψε.
1183 593 1315 657 Καὶ,
1336 594 1482 659 Ἕως
1507 595 1574 649 ἂν
1603 596 1923 668 καταγηρά-

294 701 463 755 σητε,
498 684 616 753 ἐγώ
650 685 790 754 είμι,
833 683 1001 754 φησὶν
1031 685 1060 737 ὀ
1092 683 1245 749 Θεός.
1282 686 1393 740 Καὶ
1436 685 1574 752 ἔστι,
1605 686 1917 756 διηνεκῶς.

294 776 413 829 Καὶ
439 775 591 829 ἄλλα
611 772 845 829 τοιαῦτα
872 773 1050 830 πολλὰ
1069 816 1085 841 ,
1119 777 1398 848 σποράδην
1439 778 1495 831 ὲν
1523 780 1591 850 τῇ
1621 778 1741 850 θείᾳ
1772 778 1922 851 εὑρί-

292 883 504 920 σκεται
555 867 777 938 Γραφῇ.
822 865 883 920 '0
924 866 984 920 δὲ
1039 866 1183 931 θεῖος
1220 867 1346 932 νοῦς
1395 869 1497 942 τὴν
1543 869 1836 940 ὑμετέραν,
1873 860 1921 923 ὧ

304 957 576 1012 Ἰουδαῖοι
596 1001 612 1025 ,
646 957 942 1013 κακόνοιαν
970 958 1355 1031 διορθούμενος
1377 1001 1393 1027 ,
1429 961 1496 1015 ὲκ
1535 961 1794 1032 πορνείας
1824 961 1920 1016 καὶ

285 1052 662 1122 νομισάντων
706 1050 804 1106 καὶ
840 1052 1146 1122 εἰρηκότων
1175 1052 1536 1124 γεγεννῆσθαι
1563 1053 1655 1107 τὸν
1688 1054 1917 1126 Κύριον,

286 1144 600 1212 ἀνέπαφον
634 1141 811 1209 δεῖξαι
854 1142 947 1196 τὸν
991 1143 1367 1215 προσκυνητδν
1410 1145 1707 1199 ἐσπούδασε
1738 1145 1914 1213 τόκον,

284 1232 488 1303 πάσης
524 1232 657 1303 δίχα
686 1232 989 1303 ἐπιθυμίας
1012 1272 1026 1297 ,
1061 1233 1156 1286 καὶ
1189 1233 1480 1298 συνουσίας
1517 1235 1913 1306 γεγενημένον,

287 1322 601 1393 θεοπρεπῆ
638 1324 697 1376 δὲ
728 1324 859 1377 δντα
887 1323 985 1378 καὶ
1011 1323 1273 1395 ἄληπτον.
1313 1323 1388 1379 Τὸ
1416 1325 1527 1397 γὰρ
1559 1328 1699 1398 μετὰ
1741 1327 1916 1384 ταῦτα

290 1415 369 1487 μὴ
402 1416 709 1486 ωμσῆναι
736 1415 997 1488 ἀλλήλοις
1042 1417 1172 1481 τοὺς
1203 1417 1303 1489 τὴν
1347 1419 1610 1491 πορνείαν
1642 1436 1916 1491 συκοφαν-

285 1506 583 1577 τηθέντας
609 1548 626 1574 ,
684 1509 785 1562 καὶ
839 1511 874 1579 ἠ
923 1507 1019 1563 τοῦ
1076 1510 1310 1580 ἀγγέλου
1355 1510 1479 1582 ὄψις
1521 1512 1794 1580 ἐκώλυεν,
1849 1515 1915 1568 ὲκ

285 1598 640 1669 Πνεῦματος
708 1598 868 1669 ἁγίου
916 1600 1202 1673 εἰρηκότος
1262 1602 1531 1675 ὑπάρχειν
1589 1605 1682 1660 τὸν
1733 1606 1793 1661 ὲν
1844 1609 1910 1681 τῇ

284 1689 579 1761 Παρθένῳ
623 1692 1007 1763 σαρκούμενον
1027 1709 1042 1724 ·
1090 1694 1185 1747 καὶ
1213 1695 1246 1764 ἠ
1283 1695 1644 1768 μεγαλειότης
1675 1696 1786 1751 τῶν
1816 1696 1913 1751 τοῦ

283 1782 457 1835 τόκου
490 1781 808 1852 θαυμάτων
840 1782 943 1836 οὐκ
981 1783 1302 1855 ἐπέτρεπεν,
1340 1786 1373 1857 ἠ
1417 1787 1534 1857 μετ’
1576 1786 1738 1841 αὑτὸν
1765 1804 1910 1859 παρ-

2030 610 2137 651 non
2168 589 2385 651 reversa
2421 606 2524 651 est.
2551 596 2638 663 Et,
2680 615 2698 648 ι
2731 596 2911 652 Donec
2943 598 3254 662 senueritis,
3285 611 3385 667 ego
3407 610 3551 663 sum,
3582 600 3601 651 ὁ
3684 599 3705 619 ‘

2029 687 2107 742 ait
2134 687 2488 742 Dominus".
2553 687 2717 756 Atqui
2780 696 2864 742 est
2915 701 3203 759 perpetuo.
3263 690 3439 760 Atque
3498 690 3606 744 alia

2023 779 2291 849 permulta
2337 779 2581 850 ejusdem
2632 779 2848 848 generis
2875 780 3109 850 sparsim
3145 780 3197 835 in
3229 781 3412 836 divina
3457 780 3608 836 Scri-

2022 877 2182 940 ptura
2232 870 2600 941 reperiuntur.
2652 869 2843 924 Divina
2894 885 3058 940 porro
3104 887 3278 939 mens,
3329 887 3362 928 o
3408 871 3601 940 Judaei,

2021 974 2334 1031 perversam
2381 969 2615 1015 vestram
2652 960 2977 1016 sententiam
3023 962 3301 1031 corrigens
3337 962 3453 1032 (qui
3498 962 3603 1016 Do-

2024 1052 2238 1107 minum
2266 1066 2334 1107 ex
2378 1060 2571 1122 stupro
2598 1061 2775 1107 ortum
2809 1067 2931 1108 esse
2957 1054 3333 1121 existimastis,
3373 1069 3436 1108 ac
3470 1067 3601 1122 pro-

2021 1142 2361 1214 nuntiastis),
2391 1145 2476 1201 bis
2521 1142 2706 1200 verbis
2760 1144 2887 1200 illud
2935 1145 3312 1216 demonstrare
3353 1145 3597 1211 studuit,

2024 1237 2169 1306 quod
2226 1235 2464 1291 intactus
2513 1236 2822 1291 adorandus
2860 1245 3049 1305 partus
3076 1276 3093 1303 ,
3139 1250 3205 1290 ac
3253 1234 3496 1293 libidinis
3541 1245 3597 1294 et

2019 1329 2341 1385 concubitus
2385 1343 2581 1400 expers
2632 1327 2822 1394 fuerit,
2873 1328 3255 1398 divinitatique
3310 1337 3603 1384 consenta-

2018 1437 2177 1488 neus,
2211 1432 2375 1491 atque
2404 1421 2690 1491 ejusmodi,
2734 1420 2827 1490 qui
2857 1421 3110 1475 humanae
3138 1420 3364 1474 rationis
3386 1429 3602 1490 captum

2018 1513 2267 1569 excedat.
2300 1510 2437 1566 Nam
2482 1525 2550 1566 ne
2579 1516 2765 1580 po$tea
2807 1510 2841 1563 ii
2885 1509 3030 1564 inter
3057 1524 3116 1564 se
3140 1510 3372 1573 coirent,
3404 1508 3604 1577 quibus

2017 1603 2307 1661 fornicatio
2339 1618 2437 1673 per
2471 1601 2800 1656 calumniam
2834 1599 3050 1670 objecta
3099 1608 3205 1663 est,
3256 1598 3432 1667 angeli
3467 1611 3602 1667 quo-

2017 1710 2124 1766 que
2147 1694 2287 1749 visio
2310 1694 2660 1765 prohibebat,
2687 1693 2777 1764 qui
2801 1709 2947 1759 eum,
2980 1676 3071 1764 qui
3099 1693 3154 1748 in
3183 1674 3421 1762 Virginis
3445 1701 3601 1746 utero

2021 1798 2244 1838 carnem
2274 1784 2610 1852 assumebat,
2637 1799 2702 1839 ex
2724 1783 2928 1854 Spiritu
2948 1794 3137 1840 sancto
3150 1784 3426 1839 exstitisse
3449 1783 3601 1838 dixe-

287 1870 448 1926 θενία
466 1914 485 1935 ,
520 1874 562 1944 ἡ
591 1873 704 1927 τῶν
732 1874 985 1943 ἀγγέλων
1011 1854 1330 1945 ὑμνολογία,
1360 1854 1551 1948 ⁷ήήτῶν
1577 1879 1784 1947 Μάγων

2024 1872 2174 1926 ratn
2207 1881 2296 1940 ;et
2335 1872 2716 1928 miraculorum
2750 1873 2805 1928 in
2850 1884 3005 1943 partu
3034 1874 3302 1929 editorum
3341 1854 3600 1942 majestas

290 1965 565 2037 ροφορία,
598 1967 634 2039 ή
667 1964 769 2019 τοῦ
800 1966 1037 2037 ἀστέρος
1062 1967 1423 2037 φωταγωγία,
1457 1971 1491 2040 η
1524 1971 1604 2033 εἰς
1635 1969 1915 2039 Αἴγυπτον

284 2056 532 2128 δδηγία,
590 2060 626 2127 ἡ
662 2057 776 2111 τῶν
810 2056 1050 2112 εἰδώλων
1094 2059 1465 2131 αἰχμαλωσία,
1508 2061 1602 2115 καὶ
1646 2063 1681 2135 ἡ
1732 2063 1912 2119 αὑτῶν

289 2148 528 2203 ἐκείνων
590 2136 914 2221 δικαιοσύνη
953 2147 1064 2204 ὑπὸ
1092 2149 1195 2221 τῆς
1223 2150 1376 2216 θείας
1418 2153 1642 2224 Γραφῆς
1691 2171 1907 2227 μαρτυ-

294 2240 571 2311 ρωμένη.
602 2241 772 2313 Δηλοτ
796 2240 855 2294 δὲ
895 2243 995 2295 καὶ
1037 2243 1072 2313 ἡ
1111 2242 1400 2297 τελευταία
1429 2243 1524 2297 τοῦ
1554 2245 1761 2315 Κυρίου
1790 2246 1910 2301 διά-

294 2329 469 2395 θεσις,
512 2331 754 2403 Ἰωάννῃ
800 2331 883 2403 τῷ
940 2332 1200 2404 παρθένῳ
1242 2334 1344 2404 τὴν
1393 2334 1656 2388 Θεοτόκον
1709 2338 1911 2408 συστή-

300 2436 522 2484 σαντος,
569 2419 676 2474 καὶ
724 2421 827 2485 τὰς
860 2422 1146 2492 ἑκατέρων
1193 2422 1494 2493 παρθενίας
1548 2424 1906 2495 συνάψαντος,

304 2510 465 2580 ἡνίκα
488 2511 595 2564 ἐπὶ
636 2510 740 2565 τοῦ
778 2512 1020 2585 σταυροῦ
1049 2511 1127 2567 ὢν
1170 2511 1434 2577 ζωοποιὺν
1463 2514 1703 2586 ὑπέμενε
1745 2515 1913 2571 θάνα-

303 2617 414 2656 τον.
456 2603 522 2656 Ei
562 2601 750 2657 ταῦτα
782 2604 845 2657 οὐ
881 2602 1061 2657 πείθει
1097 2604 1190 2657 τὸν
1218 2600 1659 2677 γογγυστὴνκαὶ
1692 2608 1912 2677 φιλοπό-

302 2706 463 2761 νηρον
491 2690 635 2744 λαδν
654 2732 673 2756 ,
703 2686 768 2745 οὗ
812 2694 894 2755 εἰς
928 2692 1092 2761 φύσιν
1133 2692 1319 2748 λοιπὸν
1346 2695 1413 2749 τὸ
1442 2694 1735 2767 θεομαχεῖν
1774 2714 1911 2752 κατ-

297 2779 451 2852 έστη,
499 2784 652 2837 κατὰ
691 2787 919 2857 πετρῶν
950 2788 1219 2860 σπείρεις,
1249 2791 1347 2845 καὶ
1370 2790 1495 2845 καθ’
1531 2791 1742 2847 ὑδάτων
1773 2792 1911 2864 γρά-

298 2887 439 2940 φεις,
465 2877 573 2929 καὶ
603 2877 866 2932 πέπαυσο
899 2882 1298 2950 ματαιοπονῶν.

2023 1973 2186 2033 atque
2215 1963 2514 2036 amplitudo
2545 1965 2785 2033 vetabat,
2816 1972 2871 2021 et
2901 1965 3213 2035 virginitas,
3244 1979 3363 2033 quae
3386 1971 3598 2032 partum

2013 2065 2200 2111 secuta
2223 2066 2330 2123 est,
2364 2067 2421 2111 et.
2453 2057 2769 2127 angelorum
2790 2066 2984 2112 cantus
3011 2065 3063 2111 et
3092 2056 3334 2111 oblatum
3367 2070 3396 2109 a
3427 2053 3600 2123 Magis

2013 2164 2230 2213 munus,
2269 2157 2326 2204 et
2365 2149 2519 2204 stella
2551 2149 2852 2218 praelucens
2872 2147 2942 2212 “,
2987 2158 3041 2201 et
3067 2146 3319 2203 deductio
3347 2146 3401 2201 in
3433 2145 3602 2217 Αἰπ-

2012 2248 2186 2308 ptum,
2248 2247 2305 2294 et
2373 2238 2788 2294 simulacrorum
2857 2238 3186 2307 captivitas,
3250 2248 3308 2292 et
3380 2237 3596 2294 illorum

2014 2329 2255 2399 ipsorum
2285 2328 2497 2397 iustitia
2543 2330 2839 2399 Scripturae
2874 2338 3076 2385 sancta:
3117 2328 3434 2383 testimonio
3467 2343 3598 2383 con-

2016 2415 2250 2469 ﬁrmata.
2292 2416 2432 2483 Quin
2464 2417 2611 2472 istud
2650 2432 2868 2487 quoque
2897 2427 3228 2487 postremum
3271 2416 3487 2471 Domini
3518 2426 3599 2472 te-

2009 2512 2339 2561 stamentum
2372 2506 2577 2576 liquido
2608 2508 2968 2572 demonstrat,
3000 2508 3091 2578 qui
3119 2520 3228 2577 quo
3255 2500 3593 2578 temporeiin

2008 2611 2175 2653 cruce
2227 2606 2368 2663 erat,
2407 2612 2472 2654 ac
2517 2598 2731 2653 viviﬂca
2784 2606 2960 2654 morte
2997 2598 3346 2669 frangebatur,
3395 2598 3595 2654 Joanni

2005 2686 2203 2758 virgini
2239 2689 2554 2759 genitricem
2594 2689 2688 2745 Dei
2724 2691 3220 2757 commendavit”,
3265 2700 3428 2760 atque
3464 2705 3585 2744 am-

2006 2779 2198 2835 borum
2247 2780 2594 2851 virginitates
2634 2779 2928 2850 copulavit.
2966 2781 3024 2835 Si
3069 2781 3186 2836 haec
3230 2788 3598 2835 murmurato-

2006 2887 2143 2937 rem,
2194 2880 2359 2941 atque
2415 2872 2785 2942 improbitatis
2840 2876 3112 2928 amantem
3157 2873 3415 2943 populum
3477 2886 3589 2926 non

298 2978 549 3055 movent,
586 2970 679 3025 cui
713 2969 834 3039 Jam
866 2971 1039 3028 Deum
1080 2974 1221 3030 bello
1255 2976 1528 3034 lacessere
1564 2978 1622 3034 in
1652 2986 1904 3036 naturam
1944 2981 2223 3038 redactum
2251 2986 2362 3051 est,
2392 2978 2451 3035 in
2488 2987 2675 3049 petras
2727 2965 3068 3048 seminas,e,t
3093 2978 3147 3035 in
3175 2980 3332 3055 aquis
3358 2979 3580 3036 scribis.

299 3051 589 3113 Incassum
626 3056 821 3128 itaque
844 3059 1103 3117 laborare
1127 3063 1338 3119 desine.

590 3158 700 3229 re.
722 3206 795 3217 —
820 3177 1228 3252 summa
1260 3181 1632 3254 ΕΠῙΣΚΟΠῼ.

306 3286 405 3343 Διὰ
422 3288 481 3343 τί
502 3289 583 3344 οὐ
605 3291 1147 3364 συγκατεδικάσθη
1170 3293 1295 3364 τοῖς
1329 3294 1463 3364 περι
1490 3294 1597 3350 τὸν
1630 3295 1905 3352 Ἀνανίαν

703 3363 739 3414 ό
772 3361 1007 3430 Δανιὴλ
1038 3363 1110 3417 ἐν
1133 3361 1212 3432 τῇ
1240 3361 1509 3436 καμίῦῳρ

383 3495 480 3555 Διὰ
497 3496 570 3564 τί,
604 3496 753 3569 ἔφης
792 3496 930 3571 (20),
975 3499 1116 3569 μετὰ
1146 3499 1257 3554 τῶν
1289 3501 1459 3573 τριῶν
1504 3503 1668 3559 ὁσίων
1698 3503 1905 3561 παίδων

312 3590 410 3662 τὴν
444 3589 736 3663 πυρκαῖὰν
773 3591 838 3644 οὐ
868 3592 1236 3667 κατεδικάσθη
1266 3596 1295 3648 ὁ
1321 3594 1499 3666 μέγας
1525 3595 1725 3670 Δανιὴλ
1754 3597 1907 3670 παρὰ

304 3680 395 3736 τοῦ
458 3677 859 3748 Βαϐυλωνίου,
916 3682 1188 3756 σύμφρων
1234 3686 1421 3750 αὐτοῖς
1469 3690 1754 3760 τυγχάνων
1810 3691 1908 3747 καὶ

302 3773 687 3846 συμφυλέτης,
732 3775 832 3828 καὶ
858 3775 1189 3846 ὁμοδίαιτος,
1237 3778 1336 3834 καὶ
1378 3780 1581 3863 μᾶλλον
1619 3782 1720 3854 τῆς
1749 3784 1909 3839 εὐσε-

301 3864 453 3931 Scia;
482 3864 858 3934 διδάσκαλος;
900 3868 1145 3940 Ἐπειδὴ,
1164 3928 1169 3933 ε
1188 3870 1357 3942 φημὶ,
1386 3872 1529 3928 κατὰ
1557 3873 1709 3929 θείαν
1747 3876 1907 3932 τοῦτο

298 3955 645 4028 «pprqu
684 3955 1064 4028 προμήθειαν,
1097 3958 1184 4013 ἰνα
1215 3959 1291 4033 μὴ
1319 3961 1396 4032 τῷ
1425 3962 1650 4035 ὀνόματι
1678 3966 1773 4020 τοῦ
1800 3968 1909 4021 Βα-

295 4047 576 4102 ϐυλωνίου
604 4047 769 4115 Θεοῦ,
804 4049 907 4120 τὴν
951 4049 1301 4129 κατάκαυσιν
1343 4055 1445 4126 τῆς
1474 4054 1672 4125 φλογὸς
1699 4059 1750 4112 οἰ
1778 4059 1908 4113 ἀσε-

294 4138 411 4204 6ε¹ίς
466 4138 871 4211 ἑπιγράφωσι’
922 4140 1216 4215 Βαλτάσαρ
1257 4143 1367 4217 γὰρ
1400 4145 1585 4214 αὑτὸν,
1621 4148 1702 4211 είς
1740 4149 1907 4221 τιμὴν

290 4228 394 4298 τῆς
453 4230 574 4284 τῶν
628 4230 970 4302 ἀπορρήτων
1026 4233 1359 4304 σαφηνείας,
1421 4234 1725 4306 ὠνόμαζον.
1794 4237 1907 4293 Καὶ

290 4321 478 4393 δόγμα
524 4319 751 4375 τοιοῦτο
781 4324 915 4393 παρ’
949 4322 1182 4389 ἐκείνοις
1223 4328 1457 4398 κρατεῖ,
1488 4327 1563 4392 ὡς
1599 4330 1696 4383 καὶ
1746 4329 1906 4402 μόνον

289 4412 736 4485 ὀνομαζόμενον,
770 4412 1212 4486 θαυματουργεϊν
1254 4416 1348 4471 τὸν
1394 4417 1527 4473 Θεὸν
1556 4419 1754 4476 αὐτῶν.
1791 4423 1906 4478 Ἵνα

1934 3190 1982 3256 C

2244 3181 2296 3252 7
2323 3178 2467 3238 XIX.
2496 3211 2569 3224 —
2589 3178 2961 3267 HERACLIDI
3007 3174 3360 3236 EPISCOPO.

2076 3293 2188 3350 Cur
2220 3310 2326 3351 non
2366 3312 2487 3352 cum
2524 3298 2912 3421 ινὶιιιιεῦριιριὲίι
2953 3297 3330 3354 condemnatus
3364 3294 3523 3365 fuerit

2729 3384 2846 3421 ante
2869 3407 2887 3421 .

2729 3384 2887 3424 amet.

2077 3495 2288 3564 Quaeris
2330 3512 2432 3554 cur
2462 3513 2690 3569 magnus
2725 3498 2915 3555 Daniel
2961 3514 3070 3554 una
3118 3514 3239 3554 cum
3281 3498 3455 3555 tribus
3488 3499 3593 3570 piis

2007 3587 2445 3645 adolescentibus
2502 3604 2534 3645 a
2587 3589 2885 3661 Babylonio
2961 3604 3087 3661 rege
3136 3590 3279 3662 ignis
3324 3591 3593 3662 supplicio

2006 3681 2233 3738 minime
2268 3680 2528 3739 multatus
2579 3682 2832 3747 fuerit“,
2867 3697 2989 3737 cum
3023 3680 3265 3750 ejusdem
3304 3697 3426 3738 cum
3458 3683 3593 3753 ipsis

2007 3774 2291 3830 sententiae
2317 3784 2488 3840 esset,
2541 3774 2897 3846 ejusdemque
2941 3774 3140 3842 tribus,
3185 3775 3470 3845 victusque
3501 3791 3596 3832 so-

2006 3865 2146 3934 cius,
2184 3866 2347 3934 ,imo,
2404 3874 2465 3922 ut
2510 3866 2715 3923 rectius
2757 3866 2986 3937 loquar,
3036 3865 3254 3937 pietatis
3308 3867 3590 3936 magister.

2006 3956 2335 4028 Rc'spondeo
2378 3975 2393 4014 :
2437 3957 2553 4014 Hoc
2620 3960 2806 4015 divino
2859 3959 3092 4016 consilio
3144 3969 3201 4015 et
3246 3960 3591 4031 providentia

2007 4050 2257 4122 contigit,
2289 4064 2360 4106 ne
2408 4050 2560 4122 impii
2609 4050 2862 4107 homines
2905 4051 3140 4107 ﬂammae
3180 4053 3588 4121 oppressionem

2006 4142 2093 4199 dei
2157 4142 2469 4215 Babylonici
2524 4144 2731 4198 nomini
2800 4132 3139 4199 ascriberent
3181 4162 3196 4199 :
3245 4143 3589 4200 Baitazarum

2007 4224 2161 4290 enim
2197 4246 2347 4301 eum,
2382 4234 2436 4288 in
2483 4233 2747 4290 honorem
2780 4232 3162 4290 declarationis
3209 4248 3391 4290 rerum
3434 4248 3591 4290 arca-

2008 4342 2228 4393 narum,
2277 4327 2642 4397 appellabant.
2690 4328 2869 4397 Atque
2911 4328 3177 4399 ejusmodi
3222 4326 3407 4397 opinio
3447 4327 3589 4396 apud

2007 4420 2134 4478 illos
2184 4419 2426 4490 vigebat,
2474 4435 2669 4490 nempe
2709 4421 2947 4491 ipsorum
2992 4420 3179 4486 deum,
3228 4420 3275 4475 si
3328 4419 3415 4475 vel
3449 4419 3591 4475 dun-

286 4506 509 4576 ταύτην
551 4506 741 4562 τοίνυν
773 4510 1104 4581 καταργήσῃ
1148 4508 1248 4580 τὴν
1291 4509 1470 4581 δόξαν,
1519 4511 1579 4568 ἐν
1612 4508 1681 4584 τῇ
1722 4513 1903 4586 κρίσει

2014 4521 2163 4570 laxat
2191 4513 2310 4585 ejus
2337 4527 2537 4568 nomen
2562 4514 3034 4584 pronuntiaretur,
3074 4526 3163 4568 res
3194 4511 3363 4567 miras
3389 4525 3586 4581 perpe-

288 4594 477 4669 ταύτῃ
510 4596 611 4651 τὸν
637 4597 845 4669 Δανιὴλ
874 4597 1110 4670 ἐχώρισε
1132 4639 1150 4665 ,
1190 4599 1287 4654 καὶ
1324 4601 1523 4673 εὑρέθη
1554 4604 1759 4676 γυμνὴ⁹
1779 4605 1902 4660 καθ’

289 4688 502 4760 ἑαυτὴν
535 4690 575 4760 ἠ
608 4688 723 4744 τῶν
747 4690 885 4744 νέων
916 4691 1219 4763 ἐγκράτεια
1242 4734 1260 4761 ,
1287 4694 1384 4748 καὶ
1411 4694 1505 4749 τοῦ
1537 4695 1673 4752 Θεοῦ
1702 4699 1737 4771 ή
1771 4697 1898 4771 βοή-

292 4780 444 4850 θεια,
475 4782 585 4856 τὴν
612 4783 934 4856 βροντῶσαν
962 4784 1257 4857 μαράνασα
1288 4785 1542 4860 κάμινον.

2013 4612 2184 4662 trare.
2212 4604 2358 4662 Deus
2389 4605 2555 4676 igitur
2594 4612 2654 4659 ut
2694 4604 2833 4659 hanc
2865 4602 3174 4674 opinionem
3207 4603 3589 4673 comprimeret

2008 4705 2066 4753 et
2110 4697 2374 4762 aboleret,
2415 4695 2471 4749 in
2521 4695 2627 4751 hoc
2663 4693 2871 4767 judicio
2912 4694 3191 4751 Danielem
3236 4696 3305 4749 ab
3348 4694 3469 4750 aliis
3503 4708 3590 4750 se-

2002 4784 2232 4856 junxit:
2267 4788 2599 4857 inventaque
2638 4792 2723 4842 est
2772 4785 2889 4840 sola
2929 4785 3189 4857 juvenum
3232 4785 3588 4851 continentia,

2008 4876 2216 4948 Deique
2256 4877 2544 4947 auxilium,
2587 4892 2694 4948 quo
2728 4876 2985 4957 intonans
3014 4877 3106 4936 illa
3149 4877 3342 4935 fornax
3389 4892 3587 4935 conso-

1914 4984 1923 4995 κ
2004 4970 2120 5040 pita
2139 4978 2195 5026 et
2219 4970 2495 5028 exstincta
2520 4977 2624 5028 est.

361 5178 412 5211 ’⁸
449 5174 592 5234 Gen.
613 5190 737 5245 un,
761 5176 851 5234 12.
927 5178 1093 5236 “iss.
1125 5182 1345 5250 xsvt,9.
1421 5182 1468 5217 “
1488 5183 1681 5243 Matth.
1716 5203 1756 5256 ι,
1787 5188 1879 5246 20.
1957 5187 2004 5225 ⁸⁸
2019 5190 2212 5251 Matth.
2231 5194 2511 5266 n,‘lseqq.
2582 5195 2803 5255 “Joan.
2834 5214 2949 5267 xu,
2978 5197 3072 5255 27.
3147 5200 3194 5233 "
3209 5198 3347 5257 Dan.
3370 5210 3455 5267 tn,
3483 5199 3575 5259 20.

1442 5343 1686 5404 VARIE
1723 5345 2114 5408 LECTIONES
2152 5351 2244 5409 ET
2281 5350 2519 5413 ΝΟΤΛΕ.

365 5519 684 5605 (20)_Vers._
710 5524 759 5605 i__
769 5532 896 5605 post
934 5524 1074 5605 ἔφης
1101 5526 1271 5605 codex
1296 5526 1592 5605 Altaemsis
1612 5531 1764 5605 addit
1792 5532 1891 5605 μή.

296 5587 524 5668 verna
566 5601 691 5668 post
716 5587 1397 5668 Βᾱσυλωηῑιᾱιὶίςοάάφιι.
1428 5607 1482 5654 et
1534 5587 1887 5668 Barberin'us',

295 5661 390 5740 qui
415 5661 838 5740 nunc’primum
882 5667 1247 5740 noviaiiquid
1273 5669 1526 5740 suggerit
1551 5709 1568 5737 ,
1594 5661 1895 5740 adjungun't

297 5729 427 5816 φιτ,
453 5729 616 5816 Verg:
650 5732 712 5816 _'l,
758 5729 1240 5816 pro‘aardaguew
1273 5729 1435 5816 lon'gve
1459 5729 1736 5816 aptiugjad

302 5803 523 5859 tentiam
561 5803 665 5862 loci
708 5803 831 5864 cod.
864 5806 976 5865 Alt.
1007 5805 1168 5865 offert
1215 5803 1579 5865 κατάπαυσιν.
1616 5808 1770 5868 Vera.
1798 5811 1888 5881 l0,

1998 5541 2124 5657 post
2160 5533 2337 5607 δόγμα
2368 5536 2475 5593 duo
2521 5538 2678 5595 codd.
2727 5537 2853 5624 ξιι.⁸
2884 5547 2939 5595 et
2990 5540 3153 5596 Barb.
3196 5546 3471 5609 apponunt
3496 5539 3575 5600 δι.

2048 5618 2159 5657 ers.
2188 5605 2277 5657 Η.
2314 5607 2436 5657 cod.
2476 5605 2588 5657 Alt.
2631 5609 2812 5657 αὐτων
2838 5626 2892 5657 ιη
2936 5610 3124 5657 αὐτοῖς
3152 5617 3357 5657 mutat:
3400 5617 3575 5657 tamen

2048 5618 2159 5660 ers.
2188 5605 2277 5672 li,
2314 5607 2436 5663 cod.
2476 5605 2588 5663 Alt.
2631 5608 2812 5664 αὐτῶν
2838 5610 2892 5664 in
2936 5610 3124 5671 αὐτοῖς
3152 5605 3357 5663 mutat:
3400 5617 3582 5665 tamen

1998 5672 2144 5729 idem
2181 5675 2654 5749 in__marg._gbr&’w
2679 5690 2952 5749 tanquam
2993 5679 3277 5749 lectionem
3309 5679 3579 5749 diversam

1997 5752 2192 5868 $238;
2233 5743 2416 5805 Vers.’
2441 5746 2548 5817 15,
2593 5743 2826 5821 ἐχώρισέ
2852 5787 2867 5815 ,
2912 5748 3036 5805 cod.
3080 5748 3191 5802 Alt.
3239 5747 3577 5821 διεχώρισεν.

2041 5827 2212 5873 058111.
3568 5852 3571 5859 .
