3986 6422
391 345 494 413 195

687 457 883 514 XX.—
914 457 1194 514 ll'lERACl
1231 455 1674 514 CLARISSIMO.

392 551 590 608 Contra
638 550 1076 616 Macedonianas,
1119 561 1168 606 et
1200 568 1288 674 eo:
1329 553 1419 621 qui
1463 549 1522 608 S.
1569 550 1827 622 Spiritum
1872 552 1977 606 imo

1046 639 1260 674 nuarum
1290 661 1305 674 .

1046 639 1305 691 pugnant.

465 713 522 768 Si
557 714 851 770 haereticus
880 715 989 779 ille,
1027 716 1117 784 qui
1156 725 1359 779 tecum,
1402 722 1462 768 ut
1494 715 1714 778 scribis,
1748 724 1978 770 conten-

395 807 596 861 tionem
629 808 836 868 habuit,
870 808 964 861 Dei
1001 807 1226 873 Filium,
1258 818 1314 860 ut
1345 806 1652 876 dogmatunt
1679 818 1978 872 auctorem,

394 897 650 952 idoneum
678 898 766 951 cui
797 897 933 953 lides
959 897 1244 966 habeatur,
1273 896 1533 962 admittit,
1569 897 1682 966 ipse
1715 895 1977 952 adorandi

393 988 618 1041 unitatis
645 986 882 1056 Spiritus
906 989 1197 1042 essentiam
1231 988 1407 1052 docet,
1453 987 1650 1057 quippe
1689 988 1779 1057 qui
1813 1003 1979 1042 unum

393 1081 590 1134 divina:
633 1078 917 1134 Trinitatis
964 1094 1160 1133 nomen
1209 1093 1331 1134 esse
1375 1077 1770 1146 pronuntiarit,
1822 1078 1980 1136 unius

390 1169 646 1223 videlicet
697 1169 956 1224 essentia:
1012 1166 1450 1236 conjunctionem
1507 1177 1672 1237 atque
1717 1169 1976 1223 unionem

391 1258 733 1328 significans.
770 1259 922 1325 Quod
951 1259 994 1313 si
1033 1259 1156 1327 ipsi,
1189 1260 1404 1328 cognati
1438 1258 1672 1328 Spiritus
1699 1260 1982 1316 ccrtitudi-

393 1366 516 1404 nem
548 1350 901 1420 signiﬁcanti,
934 1361 1097 1419 atque
1132 1365 1220 1416 ea,
1249 1366 1369 1419 quae
1411 1351 1706 1406 humanam
1743 1361 1978 1406 mentem

392 1451 675 1509 superant,
706 1440 946 1505 docenti,
986 1441 1209 1494 minime
1239 1439 1400 1494 [idem
1432 1440 1676 1506 adhibet,
1719 1456 1982 1511 superva-

392 1547 557 1586 canea
594 1543 678 1586 est
705 1544 1016 1586 nostrorum
1050 1546 1362 1604 sermonum
1396 1532 1764 1588 continuatio.
1794 1533 1981 1600 Quan-

392 1625 682 1693 doquidem
737 1634 992 1678 terrestre
1039 1622 1442 1679 tabernaculum
1495 1624 1582 1678 vix
1636 1639 1719 1690 ea,
1751 1640 1870 1694 qua:
1904 1625 1974 1680 ad

395 1714 560 1782 pedes
600 1712 806 1781 jacent,
845 1714 1091 1766 invenire
1135 1721 1332 1786 potest.
1375 1711 1633 1765 Coelestia
1668 1721 1851 1766 autem
1887 1727 1978 1766 ar-

1583 344 1644 405 S.
1688 341 1980 404 ISIDORI
2018 343 2457 407 PELUSIO’I‘AE

1999 466 2054 524 Δ

3568 361 3667 428 196

2381 462 2466 514 K'.
2499 491 2568 502 .-
2594 460 2828 517 ΙΕΡΛΚΙ
2868 464 3364 540 ΔΑΜΠΡΟΤΑἸᾨ.

2153 555 2318 610 Κατὰ
2339 555 2830 624 Μακεδονιανῶν,
2865 558 2996 628 ἦτοι
3030 564 3573 635 Πνευματομάχων.

2155 711 2215 762 El
2245 709 2457 782 δέχεται
2493 712 2522 765 ό
2557 713 2694 786 πρὸς
2727 715 2784 768 σὲ
2824 715 3120 788 διενεχθεὶς
3153 720 3447 790 αίρετικδς,
3484 725 3672 792 καθὼς

2081 803 2368 874 γέγραφας
2392 844 2407 868 ,
2438 804 2528 858 τὸν
2567 804 2660 860 τοῦ
2707 806 2840 860 Θεοῦ
2890 807 3016 861 Υίὸν
3054 809 3420 884 δογματιστὴν
3454 815 3672 882 ἀξιόπιο

2082 912 2228 960 στον,
2267 896 2428 961 αὐτὸς
2475 898 2718 953 διδάσκει
2759 899 2861 970 τὴν
2909 900 3095 954 οὐσίαν
3141 903 3233 956 τοῦ
3285 908 3672 980 προσκυνητοῦ

2082 987 2185 1056 τῆς
2218 989 2468 1058 ἑνότητος
2502 989 2616 1060 (21)
2649 989 2966 1061 Πνεύματος
2992 1031 3006 1054 ,
3047 991 3104 1044 ἒν
3147 993 3318 1064 ὄνομα
3369 997 3469 1067 τῆς
3517 997 3673 1062 θείας

2081 1079 2309 1149 Τριάδος
2351 1080 2772 1151 ἀποφηνάμενος
2799 1121 2812 1146 ,
2848 1084 2946 1152 τῆς
2991 1083 3123 1152 μιᾶς
3164 1083 3355 1148 οὐσίας
3385 1087 3673 1156 σημαίνων

2079 1167 2179 1240 τὴν
2207 1169 2420 1224 ἕνωσιν.
2459 1171 2518 1222 Εἰ
2549 1171 2605 1224 δὲ
2636 1170 2784 1242 αύτῷ
2825 1171 2900 1243 μὴ
2939 1172 3207 1242 πιστεύει,
3240 1174 3338 1247 τὴν
3381 1178 3672 1248 ἀκρίϐειαν

2079 1261 2174 1314 τοῦ
2208 1261 2505 1330 συγγενοῦς
2543 1265 2861 1333 σημαίνοντι
2895 1265 3212 1338 Πνεύματος
3233 1307 3249 1332 ,
3301 1267 3490 1322 καὶτὰ
3528 1269 3673 1342 ὑπὲρ

2081 1350 2209 1406 νοῦν
2262 1351 2605 1424 ἀνθρώπινον
2657 1354 3060 1421 ἐκδιδάσκοντι,
3129 1359 3357 1430 περιττὴ
3409 1362 3672 1431 τυγχάνει

2079 1443 2188 1497 τῶν
2223 1445 2506 1516 ἡμετέρων
2540 1445 2716 1515 λόγων
2743 1448 2774 1518 ἡ
2807 1446 3066 1513 σύστασις
3089 1465 3102 1479 ·
3150 1450 3344 1523 ἐπειδὴ
3373 1451 3435 1504 τὸ
3465 1453 3670 1520 γεῶδες

2085 1537 2284 1607 σκῆνος
2313 1537 2469 1607 μόλις
2503 1537 2746 1609 εὑρίσκει
2779 1538 2848 1592 τὰ
2890 1542 2948 1594 ἐν
2981 1541 3124 1595 ποσί.
3169 1543 3248 1596 Τὰ
3279 1543 3335 1596 δὲ
3363 1547 3422 1598 ὲν
3449 1545 3671 1616 οὐρανῷ

2081 1629 2402 1701 ἀπόκρυφα,
2424 1632 2518 1685 καὶ
2547 1633 2645 1702 τὴν
2670 1634 2948 1705 ἡμετέραν
2971 1634 3222 1705 αἴσθησιν
3244 1636 3668 1708 ὑπερϐαίνοντα,

2081 1719 2244 1783 αὐτὸς
2282 1722 2375 1775 καὶ
2406 1723 2780 1778 ἀποκαλύπτει
2806 1761 2823 1788 ,
2866 1724 2961 1778 καὶ
2993 1724 3280 1779 ἐπίσταται
3326 1727 3354 1780 ὁ
3397 1728 3670 1781 κατοικῶν

390 1818 546 1868 Cana,
583 1814 638 1858 et
683 1815 928 1859 nostrum
959 1818 1176 1858 sensum
1205 1803 1543 1870 excedentia,
1584 1804 1701 1874 ipse
1752 1814 1807 1859 et
1833 1815 1975 1875 pate-

2091 1812 2173 1865 τὸν
2202 1814 2452 1884 οὐρανόν.

392 1897 524 1951 facit
559 1906 615 1950 et
671 1897 952 1966 explorate
989 1898 1159 1962 novit,
1203 1896 1294 1965 qui
1324 1894 1526 1950 coelum
1567 1911 1666 1965 pro
1701 1896 1979 1953 domicilio

390 1989 554 2045 habet
577 1991 643 2042 ’⁷.

610 2099 754 2154 XXI.
784 2129 855 2140 —
883 2097 1205 2156 AMMONIO
1249 2097 1752 2156 SCHOLASTICO.

388 2212 467 2268 De
492 2213 709 2267 lectione
731 2223 918 2268 contra
952 2211 1208 2267 Gentiles.
1231 2211 1312 2268 De
1330 2214 1502 2284 gratia
1527 2229 1802 2268 sacrarum
1830 2211 1982 2268 Scri-

737 2295 1017 2354 pturarum
1055 2293 1102 2339 et
1140 2283 1341 2339 earum
1371 2283 1622 2340 utilitate.

459 2460 717 2525 Deorum,
743 2475 880 2530 quos
908 2460 1152 2516 Gentiles
1181 2461 1389 2528 colunt,
1426 2461 1772 2528 ell'ectiones,
1813 2470 1890 2528 et,
1919 2470 1981 2518 ut

388 2561 610 2616 vocant,
646 2551 988 2619 theogonias,
1025 2551 1128 2604 hoc
1161 2559 1244 2606 est
1271 2551 1495 2606 deorum
1525 2561 1699 2617 ortus,
1732 2551 1980 2622 Orpheus

388 2648 444 2695 et
477 2638 767 2705 Homerus,
805 2647 860 2694 et
883 2639 1178 2705 Hesiodus,
1207 2641 1409 2711 aliique
1441 2658 1633 2699 omnes
1666 2644 1734 2700 iis
1773 2644 1979 2703 similes

393 2732 764 2798 tradiderunt,
794 2731 977 2785 multis
1007 2741 1065 2786 et
1107 2731 1264 2786 libris
1314 2741 1368 2787 et
1413 2735 1698 2791 sententiis
1733 2736 1978 2793 collectis

391 2835 553 2893 atque
600 2823 921 2892 compactis.
964 2821 1216 2878 Nostram
1267 2834 1449 2881 autem
1504 2827 1822 2897 religionem
1870 2831 1978 2884 duo

387 2917 626 2981 codices,
680 2931 818 2985 quos
869 2915 932 2969 ad
977 2925 1030 2970 te
1073 2917 1349 2983 misimus,
1401 2917 1673 2976 docebunt
1703 2940 1716 2976 :
1745 2936 1976 2991 quorum

388 3006 526 3059 alter
577 3005 763 3070 Vetus,
811 3004 948 3059 alter
981 3005 1187 3060 Novum
1234 3005 1644 3063 TeStamentum
1695 3025 1977 3081 nuncupa-

2277 2102 2410 2156 KA'.
2442 2067 2510 2143 4
2540 2099 2864 2174 ΛΜΜΩΝΙῼ
2900 2101 3012 2173 (22)
3049 2102 3508 2175 ΣΧΟΛΔΣΤΙΚῼ.

2079 2220 2224 2294 Περι
2296 2216 2695 2294 ἀναγιψσεως
2765 2214 2919 2294 κατὰ
2975 2215 3302 2294 Ἑμήνῳν.
3357 2216 3536 2294 Περὶ-
3557 2214 3670 2294 τῆς

2149 2285 2541 2360 ἀὰριτοςξτῶν
2570 2287 2994 2360 θεοπνεύστων
3021 2285 3300 2355 Γραφῶν,
3333 2287 3434 2341 καί
3462 2285 3572 2357 τῆς
3598 2287 3671 2356 ἐξ

2150 2358 2352 2415 αὐτῶν
2383 2358 2698 2428 ὠφελείας.

2151 2474 2262 2538 Τὰς
2309 2472 2497 2546 [μὲν]
2541 2472 2812 2542 Ἐλλήνων
2845 2469 3144 2536 θεοποιίας,
3178 2468 3275 2524 καὶ
3326 2470 3395 2532 ἃς
3445 2468 3670 2524 καλοῦσι

2081 2566 2382 2637 θεογονίας,
2433 2563 2664 2636 Ὀρφεύς
2709 2579 2768 2616 τε
2814 2563 2910 2615 καὶ
2951 2561 3203 2632 ’Όμηρος
3247 2561 3341 2616 καὶ⁵
3402 2561 3669 2627 Ἡσίοδος,

2079 2660 2175 2714 καὶ
2201 2659 2317 2713 ὅσοι
2350 2658 2472 2712 κατ’
2505 2656 2751 2719 ἐκείνους
2798 2654 3065 2721 ἐδίδαξαν,
3095 2653 3297 2718 πολλὰς
3323 2654 3418 2708 καὶ
3450 2653 3670 2724 βίόλους

2080 2754 2175 2805 καὶ
2208 2748 2366 2814 δόξας
2406 2747 2776 2818 συνείραντες.
2809 2746 2923 2816 Τὴν
2967 2744 3242 2816 ἡμετέραν
3278 2743 3338 2798 δὲ
3367 2743 3669 2815 θρησκείαν

2077 2843 2170 2896 δύο
2215 2841 2418 2895 πυκταὶ
2464 2839 2792 2905 διδάξουσιν,
2845 2837 2915 2902 ἃς
2958 2837 3311 2908 ἐπέμψαμεν,
3348 2829 3427 2893 ὧν
3477 2838 3510 2908 ἠ
3565 2836 3668 2907 μὲν

2079 2932 2456 3004 Πρεσῦυτέρα,
2488 2933 2522 3002 ὴ
2551 2931 2608 2984 δὲ
2636 2930 2749 2984 Νέα
2775 2929 3020 2999 Διαθήκη
3061 2927 3554 3000 προσαγορεύεται.
3599 2927 3666 2982 El.

2076 3026 2132 3079 δὲ
2166 3023 2522 3096 ἀληθεύουσιν
2551 3013 2712 3074 αὗται
2749 3020 2950 3092 μᾶλλον
2990 3019 3216 3074 ἐκείνων
3249 3019 3342 3073 καὶ
3385 3020 3498 3084 τοῖς
3543 3018 3667 3073 ὀνό-

389 3105 499 3151 tur.
528 3097 613 3149 An
659 3103 837 3149 autem
872 3094 927 3148 bi
974 3094 1121 3163 libri,
1148 3105 1261 3150 tum
1292 3096 1628 3164 nominibus,
1654 3107 1764 3154 tum
1787 3101 1971 3166 rebus,

389 3189 457 3214 ..Α
507 3188 790 3214 ..η-ζιηιηη.
829 3187 1207 3214 -ι-Λ-ιιιηηξη-Αη
1287 3203 1445 3214 κιαι..
1501 3189 1572 3214 τηε
1646 3191 1752 3214 ..ε-ι
1784 3209 1800 3214 -
1833 3192 1944 3214 2..--

2091 3132 2214 3188 μασι
2252 3094 2348 3168 καὶ⁵
2377 3117 2488 3178 τοῖς
2520 3113 2866 3184 πράγμασιν,
2898 3109 3145 3184 [αὐτὸς]
3195 3110 3523 3183 εὐρήσειας,
3562 3107 3668 3164 πί·

389 3189 457 3242 ad
507 3188 791 3242 veritatem
829 3187 1230 3256 propensiores,
1285 3203 1446 3258 quam
1501 3189 1596 3255 illi,
1646 3191 1967 3261 sint:ipse,

390 3289 449 3336 ut
477 3280 609 3334 mihi
643 3281 961 3350 persuadeo,
994 3280 1255 3350 reperies,
1291 3290 1456 3352 atque
1488 3282 1562 3350 id,
1598 3285 1742 3353 quod
1774 3284 1972 3340 melius

388 3372 464 3425 eri
474 3380 513 3437 t,
545 3370 916 3440 amplecteris.
1134 3417 1141 3426 .

890 3461 1051 3518 XXII.
1081 3491 1154 3504 —-
1183 3461 1460 3520 ZOSIMO.

459 3575 625 3631 Aiunt
665 3574 910 3630 nonnulli
963 3585 1018 3630 te
1061 3577 1357 3632 sacerdotii
1411 3577 1712 3646 cupiditate
1762 3581 1970 3642 teneri.

385 3668 446 3739 ε
488 3668 592 3721 hoc
641 3675 727 3720 est
772 3666 872 3731 rei,
926 3679 1090 3734 quam
1144 3666 1353 3732 multis,
1396 3681 1460 3721 ac
1503 3668 1804 3736 praesertim
1850 3669 1970 3735 tibi,

389 3759 657 3824 attingere
697 3754 856 3810 nefas
891 3764 993 3811 est.
1023 3754 1203 3822 Quare
1235 3767 1327 3810 aut
1356 3771 1538 3813 mores
1585 3767 1708 3813 tuos
1737 3759 1970 3830 corrige,

384 3855 482 3901 θυι
517 3863 546 3900 a
579 3847 932 3915 templorum,
961 3863 1082 3918 quae
1115 3849 1220 3919 ,‘tibi
1252 3850 1521 3920 attingere
1559 3849 1786 3907 minime
1824 3850 1972 3920 licet,

381 3941 687 4010 cupiditate
719 3940 943 3996 absiste.

815 4055 1006 4111 XXIII.
1036 4087 1107 4097 —
1132 4054 1546 4112 THEOPi-llLO.

390 4170 457 4226 In
484 4169 640 4233 illud,
668 4187 686 4223 t
723 4169 890 4224 Omne
912 4171 1263 4226 masculinum
1284 4171 1595 4237 adaperiens
1628 4169 1889 4234 vulvam.)
1925 4181 1973 4227 et

460 4253 638 4295 contra
672 4256 757 4312 eos
786 4241 875 4307 qui
906 4242 1088 4295 dicunt
1125 4242 1291 4295 Deum
1321 4257 1538 4312 passum
1567 4256 1699 4309 esse,
1725 4249 1776 4295 et
1808 4257 1973 4296 unam

455 4326 565 4365 esse
589 4313 644 4363 in
671 4310 880 4364 Christo
911 4321 1184 4366 naturam.

460 4420 516 4476 ιιι
567 4422 710 4490 quod
759 4421 814 4475 in
854 4436 1011 4476 sacra
1049 4420 1337 4492 Scriptura
1381 4419 1586 4477 dictum
1619 4431 1723 4489 est,
1757 4439 1776 4474 ι
1799 4419 1975 4477 Omne

2076 3224 2328 3279 πεισμαι,
2356 3207 2452 3261 καὶ
2483 3205 2813 3277 κρατήσειας
2844 3203 2897 3258 τί
2920 3204 3165 3275 ἄμεινον.

2590 3470 2720 3526 KB’.
2751 3498 2823 3511 —
2849 3469 3121 3539 ΖΩΣΙΜῼ.

2143 3583 2302 3648 Τινές
2331 3583 2390 3637 σέ
2419 3600 2581 3653 φασιν
2608 3580 2911 3654 ἱερωσύνης
2931 3581 3086 3652 ὲρᾷν,
3114 3580 3446 3653 πράγματος
3501 3582 3667 3653 ἀνεφ-

2077 3676 2224 3730 ίκτου
2251 3675 2488 3738 πολλοῖς,
2518 3675 2601 3728 σοὶ
2624 3674 2681 3726 δὲ
2706 3675 2802 3728 καὶ
2833 3672 3097 3744 μάλιστα·
3133 3672 3166 3744 ἢ
3198 3672 3380 3726 τοίνυν
3405 3673 3498 3726 τὸν
3523 3690 3665 3727 σαυ-

2071 3768 2168 3822 τοῦ
2204 3770 2318 3840 βίον
2353 3767 2670 3839 διόρθωσαι,
2702 3767 2736 3838 ἢ
2766 3767 2866 3838 τῆς
2890 3764 3188 3837 ἐπιθυμίας
3219 3765 3330 3820 τῶν
3355 3765 3665 3835 ἀψαύστων

2075 3877 2158 3916 σοι
2181 3859 2498 3931 ἀνακτόρων
2529 3857 2824 3928 ἅπόστηθι.

2567 4033 2698 4088 Kl".
2727 4061 2800 4074 --
2831 4031 3145 4103 θεοφιΑςι.

2078 4171 2186 4236 Είς
2232 4166 2331 4234 τὸ,
2379 4183 2398 4218 t
2441 4164 2572 4222 Πᾶν
2620 4165 2812 4235 ἄρσεν
2841 4162 3164 4236 διαινοο-ῒγογ·Δ
3185 4159 3458 4236 μήτραν,
3493 4180 3512 4213 ι
3561 4163 3662 4236 καί

2146 4232 2800 4306 κατὰ-Θεοπασχηξῶν,
2828 4235 2926 4288 καί
2963 4232 3078 4306 τὴν
3118 4232 3355 4306 [πτῶν]
3384 4233 3535 4302 μίαν
3558 4233 3663 4287 ἐπὶ

2140 4307 2396 4377 Χριστοῦ
2430 4302 2621 4376 φύσιν
2644 4302 2800 4360 εῖναι
2827 4302 3152 4374 λετόντωιῖ.
3237 4357 3246 4365 ,

2145 4417 2536 4490 Τὸκείρημένον
2571 4418 2628 4471 ὲν
2651 4418 2716 4488 τῇ
2750 4416 2872 4488 θείᾳ
2898 4416 3116 4487 Γραφῇ,
3148 4415 3229 4468 ὅτι
3259 4433 3280 4465 ι
3303 4413 3422 4467 Πᾶν
3442 4412 3661 4485 πρωτό-

389 4513 802 4583 primogenitum
859 4513 1183 4582 adaperiens
1244 4511 1502 4580 vulvam,
1558 4524 1804 4569 sanctum
1865 4512 1972 4568 Do-

2091 4529 2231 4568 τοκον
2275 4511 2542 4579 διανοῖγον
2589 4509 2823 4582 μήτραν,
2859 4509 3014 4577 ἆγιον
3043 4505 3119 4578 τῷ
3148 4504 3361 4576 Κυρίῳ,
3399 4521 3417 4555 ι
3438 4503 3501 4556 οὐ
3531 4503 3662 4574 περὶ

390 4605 537 4659 mino
570 4605 852 4660 vocabitur
874 4605 1017 4669 που,
1043 4623 1063 4656 ι
1087 4619 1190 4659 non
1221 4604 1288 4660 de
1322 4605 1469 4660 omni
1501 4605 1862 4674 primogenita
1893 4605 1978 4660 di-

389 4705 537 4751 ctum
589 4706 675 4752 est
715 4695 806 4768 (ne
848 4696 953 4751 hoc
1007 4695 1246 4764 imperiti
1303 4694 1551 4750 homines
1604 4696 1971 4762 existiment),

390 4803 578 4844 verum
628 4789 694 4843 de
733 4803 843 4842 uno
888 4786 977 4841 illo
1011 4801 1072 4840 ac
1121 4787 1259 4854 solo,
1301 4772 1391 4857 qui
1447 4787 1498 4842 in
1545 4798 1706 4858 partu
1752 4787 1968 4843 vulvam

387 4879 620 4949 aperuit.
646 4875 863 4931 Etenim
895 4891 1112 4931 omnem
1139 4877 1355 4946 quidem
1390 4876 1607 4933 vulvam
1647 4877 1970 4933 concubitus

387 4985 456 5025 ac
493 4983 762 5026 venereus
788 4968 1106 5040 complexus
1133 4970 1310 5041 aperit
1335 4987 1350 5024 :
1380 4978 1436 5025 at
1461 4986 1605 5037 eam,
1633 4985 1754 5042 qua!
1788 4968 1972 5026 Domi-

461 5129 511 5165 "
532 5129 576 5186 ll
599 5127 730 5184 Cor.
762 5141 818 5192 v,
857 5124 912 5180 ι.

1015 5124 1134 5158 που
1165 5123 1336 5182 Exod.
1363 5138 1486 5190 χιιι,
1527 5123 1600 5178 23
1634 5139 1652 5190 ;
1709 5121 1845 5180 Luc.
1876 5119 2048 5188 ".25.

2079 4602 2281 4667 παντὸς
2321 4601 2538 4673 εἴρηται
2586 4599 2972 4671 πρωτοτόκου·
3007 4596 3082 4669 μὴ
3119 4595 3291 4659 οὕτως
3335 4595 3386 4648 οἱ
3424 4593 3663 4665 ἀμαθεῖς

2076 4696 2482 4768 νομιζέτωσαν·
2517 4691 2656 4747 ἀλλὰ
2700 4692 2831 4764 περὶ
2869 4690 2988 4756 ἑνὸς
3027 4685 3305 4763 [ἐκείνου]
3342 4687 3439 4741 καὶ
3471 4686 3658 4757 μόνου,

2071 4789 2167 4844 τοῦ
2201 4793 2260 4844 ὲν
2288 4790 2366 4861 τῷ
2392 4788 2678 4844 τίκτεσθαι
2705 4787 2806 4861 τὴν
2842 4788 3059 4859 μήτραν
3097 4783 3433 4850 ἀνοίξαψτος.
3467 4781 3661 4834 Πᾶσαν

2072 4879 2183 4951 γὰρ
2233 4880 2446 4950 μήτραν
2479 4878 2624 4948 μίξις
2671 4877 2767 4930 καὶ
2813 4874 3073 4929 συνουσία
3117 4873 3424 4941 ἀνοίγνυσιο
3463 4867 3560 4937 τὴν
3605 4868 3662 4922 δὲ

2075 4970 2170 5024 τὸν
2215 4968 2423 5040 Κύριον
2461 4968 2621 5040 ἡμῶν
2654 4965 2862 5039 Ἰησοῦν
2893 4964 3127 5037 Χριστὸν
3158 4964 3469 5034 κυήσασαν,
3499 4959 3665 5023 αὐτὸς

1517 5273 1754 5333 νΑιιιΑε
1795 5273 2180 5332 LECTIONES
2217 5273 2306 5329 ET
2345 5273 2576 5332 NOTAE.

461 5434 579 5560 gat)
624 5432 946 5516 Cotid.”duo
976 5433 1083 5488 Alt.
1135 5441 1191 5487 et
1240 5430 1368 5486 Vat.
1421 5429 1528 5485 649
1559 5443 1669 5484 uno
1705 5443 1972 5515 consensu

491 5521 651 5560 τητος
697 5505 1006 5560 subiiciunt.
1062 5504 1216 5560 Vers.
1257 5503 1310 5560 7,
1354 5514 1454 5560 pro
1495 5515 1628 5555 voce
1658 5501 1972 5560 Πνευματος

390 5501 651 5588 ἓεότηίτος
697 5505 1006 5588 ειμδῑίίείυηι·
1036 5503 1310 5588 Fers-.7,
1351 5514 1628 5588 "039°?
1658 5501 1977 5588 Ψίιὲμετις

395 5577 506 5630 Alt.
542 5569 596 5630 in
629 5569 883 5632 conteitu
925 5575 1076 5643 ponit
1104 5571 1383 5643 Πνεύματι
1412 5609 1428 5635 ,
1459 5569 1551 5626 sed
1600 5585 1632 5625 e
1665 5569 1888 5641 regione
1922 5573 1976 5627 in

399 5646 640 5722 margine
663 5643 1276 5722 οιιιιςιιιίι-ῌνεύιίιειτος.⁸
1297 5639 1454 5722 ΥΕΙἮ.
1479 5640 1534 5722 θ,
1574 5639 1692 5722 loco
1727 5642 1975 5722 vocabuli

400 5710 660 5781 σύστάσις
687 5710 842 5774 codd.
884 5713 1002 5768 Vat.
1030 5710 1134 5766 619
1165 5719 1219 5766 et
1249 5710 1357 5764 Alt.
1407 5712 1655 5768 scribunt
1686 5710 1962 5777 σύνταξις.

401 5785 607 5843 Possm.

2154 5431 2269 5504 (22)
2304 5430 2426 5488 Non
2451 5433 2751 5504 Ἀμμωνίῳ
2784 5433 2891 5504 sed,
2915 5434 3522 5504 'Appmvtincribitur
3547 5436 3663 5491 hac

2078 5503 2306 5574 epistola
2347 5504 2402 5559 in
2442 5501 2604 5558 codd.
2637 5501 2763 5558 Vat.
2797 5503 2903 5574 649
2932 5501 3003 5560 σι’
3027 5501 3138 5558 Alt.
3175 5502 3230 5558 ιιι
3275 5517 3436 5559 versu
3476 5505 3527 5572 1,
3563 5505 3664 5574 μὲν

2078 5573 2369 5630 Altaemsis
2392 5589 2498 5628 non
2525 5574 2792 5644 agnoscit.
2813 5573 2956 5629 Idem
2981 5590 3122 5630 vers.
3155 5575 3210 5639 5,
3245 5583 3366 5644 post
3389 5575 3485 5628 δύο
3513 5573 3666 5630 addit

2079 5644 2138 5708 δὲ
2159 5685 2175 5707 ,
2207 5653 2580 5721 praetereaque
2606 5646 2664 5721 in
2692 5660 2858 5721 versu
2887 5645 3183 5714 penultimo
3231 5660 3331 5721 pro
3362 5647 3666 5721 εὑρήσειας

2079 5724 2135 5768 et
2167 5715 2981 5789 xpurﬁoamglegiteopjsm;
3009 5728 3066 5774 et
3097 5715 3659 5789 κρατήσεις,ἐὶιση·

2081 5795 2242 5853 gante
2267 5786 2484 5852 quoque
2517 5787 2634 5841 Vat.
2659 5786 2798 5843 649.
2818 5786 3034 5844 Possm.
