3986 6418
457 276 486 365 1'
491 301 561 368 99
1630 303 1689 363 s.
1739 306 2032 366 ISIDORI
2072 307 2517 368 PELUSIOTzE
3623 318 3728 383 auo

453 429 712 471 manuum
744 414 1141 484 impositionem
1177 416 1230 472 in
1266 417 1441 474 sacris
1466 417 1860 476 initiationibus
1891 435 2031 476 com-

2148 421 2428 490 Πνεύματι
2458 420 2557 486 τὰς
2587 421 2922 492 χειροθεσίας
2957 423 3054 492 τῆς
3087 426 3479 496 μυσταγωγίας
3509 429 3727 502 ἐπιτρέ-

451 508 783 564 mittentem.
811 508 888 562 Ac
906 510 954 564 si
969 509 1184 577 quidem
1213 511 1632 567 calumniatores
1662 522 1826 584 agunt
1853 554 1868 578 ,
1925 515 2031 568 vim

2145 527 2331 564 ποντα.
2368 511 2476 564 Καὶ
2519 513 2566 563 εί
2600 511 2698 581 μὲν
2732 513 3148 580 συκοφαντοῦσι,
3205 516 3326 568 καθ’
3367 516 3577 571 ἑαυτῶν
3623 521 3726 571 επ-

460 597 713 654 Numinis
756 599 1004 654 ultricem
1048 601 1102 654 in
1153 604 1362 672 seipsos
1397 605 1722 661 attrahunt:
1771 607 2031 672 siquidem

2145 599 2445 652 εσπάσαντο
2469 599 2566 670 τὴν
2589 600 2766 671 δίκην,
2797 601 2984 674 ἐπειδὴ
3014 622 3031 654 ι
3065 604 3256 656 ἀπολεῖ
3277 604 3482 675 Κύριος
3515 606 3728 672 πάντας

459 709 477 741 ι
510 689 702 745 Perdet
733 691 869 746 Deus
895 707 1085 747 omnes
1112 694 1201 762 qui
1227 693 1521 764 loquuntur
1553 696 1890 751 mendacium
1919 697 1983 749 ³⁸.
2013 714 2030 747 ι

2147 691 2272 753 τοὺς
2303 689 2597 753 λαλοῦντας
2623 691 2683 742 τὸ
2712 692 2924 761 ψεῦδος.
2962 711 2980 744 ›
3022 694 3084 745 Εἰ
3107 694 3164 747 δὲ
3193 693 3538 764 ἀληθεύουσι,
3556 698 3728 765 γνῶθι

453 781 548 837 Sin
575 792 754 836 autem
793 797 917 837 vera
968 783 1263 852 loquuntur
1294 823 1310 850 ,
1366 800 1531 840 nosce
1577 801 1736 855 quem
1775 787 1840 840 ad
1876 787 2031 842 linem

2145 776 2194 834 οἵ
2220 781 2444 853 τελευτᾷ
2469 783 2529 835 τὸ
2554 782 2744 847 κακὸν,
2785 784 2868 836 ὅτι
2909 785 3106 855 μικροῦ
3142 786 3366 856 κέρδους
3401 787 3462 840 τὸ
3489 790 3568 851 εἰς
3594 789 3730 843 Θεὸν

451 873 640 927 tendat
680 874 782 927 hoc
830 873 1030 927 malum
1061 912 1077 936 ,
1139 875 1284 943 quod
1331 875 1714 930 contumeliam
1766 875 1818 930 in
1867 875 2031 931 Deum

2145 875 2382 945 ὑϐρίζειν
2404 875 2762 946 ἀντήλλαξας.
2793 877 2904 930 Καὶ
2939 878 3022 941 τίς
3048 879 3406 948 προσεύξεται
3441 882 3566 950 περὶ
3601 881 3726 948 σοῦ,

448 965 645 1031 exiguo
685 964 838 1019 lucro
885 965 1254 1019 commutasti.
1310 965 1375 1018 Et
1427 967 1549 1031 quis
1603 981 1700 1036 pro
1747 976 1798 1021 te
1834 968 2031 1034 orabit,

2145 967 2324 1037 ιἐπειδὴ
2354 967 2489 1038 μήτε
2526 969 2652 1038 περὶ
2698 968 2860 1040 Ὀφνὴ
2888 970 2984 1022 καὶ
3011 971 3214 1035 Φινεὲς,
3247 972 3326 1035 είς
3348 971 3480 1024 Θεὸν
3513 973 3606 1026 καὶ
3627 972 3730 1042 τὴν

448 1057 882 1124 quandoquidem
916 1071 1014 1110 nec
1048 1071 1144 1125 pro
1176 1055 1350 1125 Opimi
1377 1065 1430 1110 et
1464 1057 1693 1110 Phinees
1717 1059 1807 1127 qui
1843 1060 2031 1114 adver-

2145 1057 2302 1110 αύτοῦ
2334 1059 2689 1129 ἁμαρτόντων
2726 1061 3048 1132 ἱερωσύνην,
3074 1062 3270 1136 εὑρέθη
3302 1081 3388 1127 τις
3423 1064 3729 1135 πρεσϐευό-

446 1163 539 1202 sus
574 1149 740 1203 Deum
810 1149 1092 1219 ipsiusque
1141 1149 1504 1204 sacerdotium
1581 1151 2060 1224 peccaverant'°,_

445 1239 698 1294 iuventus
745 1249 829 1294 est
870 1241 1204 1310 quisquam,
1265 1241 1355 1309 qui
1421 1241 1790 1308 deprecatoris
1851 1253 2035 1312 partes

445 1331 789 1398 susciperet,
835 1345 1024 1385 verum
1076 1331 1128 1384 in
1172 1340 1479 1386 extremum
1526 1333 1792 1398 exitium,
1838 1343 1898 1388 ut
1946 1348 2035 1389 sa-

446 1422 670 1476 cerdotii
719 1421 1034 1491 dignitatem
1069 1423 1356 1491 prodentes
1388 1463 1402 1488 ,
1456 1422 1683 1492 conjecti
1721 1425 1893 1478 sunt?

500 1531 717 1587 XXVII.
745 1564 817 1573 —
839 1532 1308 1589 PHARISMANIO
1341 1534 1670 1593 EUNUCHO
1697 1535 1992 1594 PALATII.

513 1641 688 1696 Audio
723 1652 772 1696 te
807 1643 857 1697 in
896 1645 1199 1699 divinorum
1232 1646 1492 1702 librorum
1531 1649 1880 1705 meditatione
1919 1665 2036 1705 ver-

2139 1167 2318 1220 μενος,
2343 1151 2458 1204 ἀλλ’
2481 1154 2560 1215 εἰς
2582 1151 2809 1222 ἔσχατον
2841 1153 3084 1223 ὄλεθρον,
3121 1155 3198 1218 ὡς
3228 1155 3288 1208 τὸ
3317 1155 3488 1228 γέρας
3521 1156 3728 1226 προπί-

2135 1259 2316 1306 νοντες
2340 1243 2438 1314 τῆς
2462 1244 2780 1316 ἱερωσύνης,
2811 1245 3105 1314 eodem)“;

2136 1527 2261 1580 KZ’.
2285 1556 2355 1567 —
2379 1527 2804 1600 ΦΔΡΙΣΜΔΝῘῼ
2829 1527 3157 1599 ΕΥΝΟΥΧῼ
3187 1527 3325 1580 ΤΟΥ
3346 1525 3724 1582 ΠΑΔΔΤΙΟΥ.

2208 1639 2422 1693 Ἀκούω
2445 1658 2502 1694 σε
2530 1643 2647 1705 ταῖς
2670 1641 2844 1706 θείαις
2874 1641 3086 1705 Βίϐλοις
3117 1641 3439 1713 ὲμμελετᾷν,
3476 1642 3570 1694 καὶ
3604 1643 3729 1704 ταῖς

445 1735 553 1788 sari
583 1773 598 1798 ,
648 1751 939 1804 eorumque
988 1737 1314 1792 testimoniis
1361 1741 1648 1794 commode
1694 1741 1759 1796 ad
1813 1743 2031 1813 quosvis

2145 1731 2316 1785 αὐτῶν
2342 1733 2643 1803 κεχρῆσθαι
2679 1733 3008 1814 μαρτυρίαις
3048 1733 3323 1806 ἁρμοδίως
3365 1733 3500 1804 πρὸς
3538 1734 3723 1788 ἀπαν-

445 1826 566 1879 uti:
609 1843 794 1880 verum
834 1829 1075 1883 avaritia:
1122 1830 1344 1884 studere
1369 1870 1384 1895 ,
1435 1839 1599 1901 atque
1641 1835 1692 1887 in
1730 1834 1901 1890 aliena
1935 1835 2033 1889 bo-

451 1929 518 1968 na
569 1914 762 1970 insano
816 1919 1047 1986 quodam
1103 1919 1305 1988 impetu
1363 1919 1516 1976 ferri.
1571 1923 1649 1978 Ac
1696 1924 1827 1978 mihi
1881 1925 2038 1981 valde

448 2003 635 2057 mirari
669 2005 858 2069 subit,
897 2007 984 2075 qui
1025 2005 1229 2061 factum
1260 2009 1371 2074 sit,
1429 2019 1486 2064 ut
1530 2012 1751 2068 divinus
1801 2029 1956 2068 amor
1985 2025 2037 2069 te

444 2092 668 2147 minime
695 2096 988 2160 sauciarit,
1020 2112 1118 2152 nec
1147 2112 1211 2153 ex
1243 2092 1458 2154 assid‘ua
1497 2101 1762 2168 lectione,
1794 2104 2039 2159 volunta-

445 2184 516 2239 tis
564 2196 725 2256 atque
774 2187 1007 2243 instituti
1058 2193 1418 2247 mutationem
1480 2195 1743 2262 effecerit,
1799 2199 1890 2267 qui
1931 2214 2036 2253 non

444 2278 604 2330 modo
632 2279 805 2332 aliena
843 2282 1231 2350 concupiscere
1257 2293 1445 2350 vetat,
1490 2288 1585 2341 sed
1621 2291 1785 2342 etiam
1821 2290 2036 2359 propria

443 2383 700 2438 spargere
751 2383 954 2428 monet.
1001 2373 1182 2440 Quare
1231 2386 1324 2430 aut
1379 2375 1564 2448 legens
1604 2393 1840 2450 agnosce
1869 2420 1886 2446 ,
1943 2391 2039 2438 aut

445 2475 551 2514 nou
599 2478 896 2532 agnoscens
934 2465 1069 2534 lege.

720 2553 958 2614 XXVIII.
991 2588 1060 2600 —
1089 2558 1384 2615 EUSEBIO
1433 2560 1786 2620 EPISCOPO.

500 2637 870 2698 Veneraudum
917 2655 964 2698 et
1000 2659 1312 2716 comparatu
1350 2647 1575 2718 difﬁcile
1623 2653 1996 2710 sacerdotium.

516 2755 802 2811 Multarum
846 2774 1028 2813 rerum
1067 2777 1220 2816 amor
1268 2763 1320 2816 in
1364 2764 1560 2818 animis
1603 2767 1820 2820 oritur:
1863 2779 2038 2825 atvo-

442 2847 705 2902 luntatem
754 2864 859 2903 non
923 2851 1262 2920 comitatur,
1309 2865 1405 2919 ut,
1449 2870 1570 2909 cum
1617 2857 1880 2925 ejusmodi
1930 2870 2036 2930 est,

443 2936 510 2990 ad
553 2952 711 3006 quem
747 2941 1035 3008 pervenire
1059 2943 1346 3014 quisquam
1379 2958 1633 3018 nequeat.
1676 2948 1863 3020 Neque
1892 2953 2035 3007 enim

441 3043 703 3096 regnum,
736 3031 982 3100 quisquis
1012 3035 1154 3100 vult,
1185 3040 1568 3108 consequitur;
1620 3056 1719 3096 nec
1775 3057 1904 3112 opes
1938 3059 2039 3100 nec

2137 1841 2236 1886 τας
2263 1824 2395 1896 (27),
2434 1821 2574 1877 εἶναι
2630 1825 2687 1878 δὲ
2731 1826 3082 1896 πλεονέκτην,
3131 1828 3225 1880 καὶ
3265 1828 3376 1889 τοῖς
3426 1825 3730 1896 ἀλλοτρίοις

2139 1915 2558 1986 ἐπιμαινόμενον
2590 1915 2745 1986 βίοις.
2775 1915 2886 1968 Καὶ
2917 1919 3056 1972 πάνυ
3103 1935 3192 1987 μοι
3223 1915 3528 1988 θαυμάζειν
3556 1917 3724 1987 ἐπέρ-

2139 2024 2314 2078 χεται,
2346 2009 2428 2061 ὅτι
2456 2026 2512 2061 σε
2547 2001 2576 2062 ὅ
2617 2007 2759 2072 θεῖος
2787 2008 2925 2078 ἔρως
2958 2009 3058 2062 οὐκ
3093 2009 3334 2080 ἔτρωσεν
3361 2011 3426 2062 ὲκ
3463 2009 3566 2078 τῆς
3598 2025 3725 2060 συν-

2137 2099 2293 2168 εχοῦς
2323 2099 2705 2168 ἀναγνώσεως,
2743 2100 3051 2172 μεταϐολὴν
3084 2100 3183 2170 τῆς
3213 2100 3532 2171 προθέσεως
3561 2103 3728 2170 ἔργα·

2141 2192 2394 2262 σάμενος,
2454 2193 2481 2245 ὁ
2509 2192 2582 2262 μὴ
2621 2197 2782 2263 μόνον
2806 2193 2916 2246 τῶν
2960 2192 3258 2266 ἀλλοτρίων
3300 2193 3524 2246 κωλύων
3569 2194 3724 2265 ὲνρᾷν,

2137 2284 2274 2338 ἀλλά
2308 2285 2402 2337 καὶ
2428 2284 2498 2337 τά
2523 2284 2795 2355 προσόντα
2824 2285 3141 2356 σκορπίζειν
3179 2283 3467 2338 νουθετῶν.
3510 2285 3581 2337 Ἦ
3612 2285 3724 2336 τοί-

2138 2393 2231 2429 νυν
2258 2374 2650 2444 ἀναγινώσκων
2674 2376 2958 2444 ὲπίγνωθι,
2993 2376 3024 2447 ἢ
3059 2377 3133 2447 μὴ
3169 2375 3551 2444 ἐπιγινώσκων
3583 2375 3723 2430 ἀνά-

2137 2466 2326 2536 γνωθι.

2437 2559 2574 2612 KH'.
2602 2589 2670 2597 —
2701 2557 2991 2629 ΕΥΣΕΒΙῼ
3029 2558 3398 2630 ΕΠΙΣΚΟΠῼ.

2284 2650 2414 2703 Ὅτι
2449 2650 2702 2719 φρικτὸν
2737 2650 2837 2703 καὶ
2861 2650 3228 2720 δυσέφικτον
3254 2651 3576 2718 ἱερωσύνη.

2210 2764 2428 2818 Πολλῶν
2459 2763 2671 2828 πολλοῖς
2695 2763 2835 2835 ἔρως
2859 2763 3135 2833 ἐγγίνεται
3163 2762 3298 2833 (28),
3320 2762 3380 2814 ού
3407 2761 3726 2834 συνέρχεται

2137 2857 2256 2928 ταῖς
2289 2855 2524 2925 βουλαῖς,
2555 2855 2630 2916 ὡς
2653 2857 2964 2924 ἀνέφικτος.
2997 2853 3137 2907 Οῦτε
3172 2855 3278 2925 γὰρ
3309 2853 3588 2925 βασιλείας
3616 2854 3728 2917 πᾶς

2136 2946 2165 2997 ὁ
2197 2945 2518 3015 βουλόμενος
2549 2947 2892 3014 ἐφικνεῖται,
2943 2943 3067 2997 οὔτε
3098 2944 3438 3016 περιουσίας,
3473 2942 3598 2998 οῦτε
3637 2961 3729 2996 συ-

2139 3034 2328 3103 ζυγίας
2363 3031 2429 3106 ἧς
2459 3035 2726 3105 βούλεται.
2760 3037 2822 3088 Εἰ
2849 3035 3048 3101 τοίνυν,
3077 3035 3152 3099 ὡς
3180 3034 3307 3106 φὴς,
3347 3035 3442 3088 καὶ
3469 3035 3724 3104 Ζώσιμος

442 3121 751 3190 conjugium
787 3125 946 3191 quale
990 3124 1121 3178 vult.
1168 3126 1528 3192 Quamobrem
1570 3133 1612 3184 si
1648 3131 1931 3199 Zosituus,
1978 3145 2031 3189 ut

2145 3130 2435 3200 εἰσφρῆσαι
2473 3129 2663 3182 ἑαυτὸν
2695 3127 2789 3182 τοῦ
2817 3127 2953 3182 Θεοῦ
2991 3128 3313 3200 μυστηρίοις
3349 3127 3722 3200 ἀναισχύντως

441 3212 671 3278 scribis,
709 3215 1049 3283 impudenter
1095 3220 1332 3287 seipsum
1359 3261 1374 3286 ,
1416 3237 1481 3277 ac
1524 3238 1620 3290 per
1656 3225 1793 3292 vim,
1847 3227 1900 3280 iu
1941 3227 2034 3282 Dei

442 3307 700 3376 mysteria
744 3309 1038 3366 immittere
1069 3321 1334 3380 conatur,
1374 3315 1660 3386 diligenter
1701 3332 1831 3372 cura
1871 3327 1928 3372 ut
1955 3319 2035 3373 itt-

441 3395 679 3463 telligat,
719 3395 811 3452 Dei
842 3399 1097 3470 templum
1130 3401 1359 3471 leprosis
1408 3405 1598 3459 tandiu
1627 3405 1870 3461 clausum
1891 3421 2031 3473 esse,

441 3489 616 3556 quoad
647 3499 980 3550 contractum
1021 3508 1086 3548 ex
1121 3498 1312 3550 morbo
1347 3497 1535 3551 vitium
1577 3499 1939 3554 absterserint
1963 3500 2029 3554 ³⁷.
2087 3566 2096 3574 ,

492 3601 686 3661 XXIX.
719 3634 791 3648 —
836 3605 1043 3664 LUCIO
1124 3578 1396 3664 réLusu
1427 3611 1966 3668 Attcummcouo.

1078 3700 1160 3753 Ad
1185 3717 1392 3756 avaros.

515 3803 572 3860 Si
617 3809 907 3864 venerandi
939 3809 1126 3865 altaris
1171 3813 1382 3868 diaconi
1419 3815 1659 3887 episc0pi
1686 3816 1826 3871 oculi
1886 3823 2032 3882 sunt,

441 3897 685 3966 profecto
731 3916 852 3955 cum
899 3914 950 3955 tu
990 3901 1082 3957 Dei
1125 3907 1390 3974 permissu
1445 3909 1577 3978 ipsis
1630 3911 1857 3979 praesis,
1893 3918 2037 3965 totus

441 3988 631 4043 oculus
664 4003 786 4043 esse
813 3991 1466 4060 debes,quemadmudum
1501 3993 1760 4053 animalia
1792 3999 1882 4053 illa
1909 4001 2031 4068 plu-

441 4081 594 4135 rimis
626 4082 795 4138 oculis
821 4086 1042 4152 przedita
1058 4086 1101 4118 ³⁸
1123 4086 1399 4158 (quoniam
1433 4089 1596 4144 etiam
1619 4091 2036 4160 propinquitatis

440 4173 507 4227 ad
541 4173 703 4228 Deum
736 4177 940 4232 ratione
969 4217 984 4243 ,
1017 4193 1080 4232 ea
1115 4179 1348 4233 imitaris
1377 4218 1392 4243 ,
1427 4195 1529 4236 non
1561 4181 1670 4234 vita
1693 4221 1708 4246 ,
1748 4190 1809 4234 ut
1846 4181 2026 4246 audio,

439 4265 532 4318 sed
559 4266 673 4320 sola
720 4269 959 4324 muneris
993 4269 1133 4324 sacri
1177 4268 1499 4341 iunctione),
1537 4285 1600 4324 ac
1655 4285 1759 4323 non
1828 4269 2036 4340 impro-

440 4355 523 4410 bis
571 4357 765 4412 studiis
811 4366 974 4428 atque
1018 4360 1296 4427 consiliis,
1359 4368 1412 4414 et
1459 4359 1838 4414 honorandum
1883 4359 2033 4412 illum

2139 3221 2410 3288 βιάζεται,
2443 3221 2664 3293 μαθέτω
2693 3221 2783 3275 διὰ
2810 3221 2909 3292 τῆς
2934 3220 3220 3292 ἀκριϐείας
3252 3237 3369 3286 σου,
3395 3220 3476 3273 ὅτι
3499 3219 3728 3292 λεπροῖς

2136 3313 2164 3365 ὁ
2208 3312 2302 3365 τοῦ
2342 3310 2477 3365 Θεοῦ
2523 3312 2648 3375 ναὸς
2691 3311 3064 3376 ἀποκλείεται,
3117 3311 3308 3382 μέχρις
3365 3311 3430 3366 ἂν
3479 3310 3577 3383 τὴν
3626 3309 3724 3364 τοῦ

2137 3404 2343 3467 πάθους
2383 3403 2564 3471 λώϐην
2601 3401 3048 3473 ἁποσμήξωνται.

2186 3605 2313 3660 κθν.
2350 3637 2418 3645 -
2447 3603 2710 3674 Immo
2751 3603 3225 3674 ΑΡΧιΔιΑιςοΝᾳ
3270 3603 3692 3659 mmemor.

2441 3694 2599 3763 Πρὸς
2627 3695 3028 3764 φιλαργυρίαν
3059 3695 3421 3759 νοσοῦντας.

2207 3809 2271 3862 Ei
2301 3806 2569 3878 ὀφθαλμοὶ
2599 3808 2900 3861 ἐπισκόπου
2933 3807 3292 3878 τυγχάνουσιν
3324 3809 3374 3861 οἱ
3399 3808 3492 3862 τοῦ
3520 3809 3728 3864 σεπτοῦ

2138 3901 2523 3970 θυσιαστηρίου
2551 3900 2807 3964 διάκονοι,
2839 3900 2902 3952 σὺ
2933 3900 2990 3952 δὲ
3013 3899 3220 3952 τούτων
3252 3900 3392 3952 κατὰ
3434 3901 3726 3973 συγχώρη-

2139 4009 2223 4045 σιν
2254 3991 2389 4044 Θεοῦ
2429 3993 2637 4063 ᾰρχεις,
2672 3992 2789 4055 ὅλος
2830 3991 3108 4062 ὀφθαλμὸς
3157 3991 3394 4060 ὀφείλεις
3432 3993 3726 4064 ὑπάρχειν,

2137 4083 2302 4146 ὼςτά
2327 4081 2440 4146 ζῶα
2470 4083 2833 4154 πολυόμματα
2908 4083 3118 4156 (ἐπειδὴ
3169 4084 3264 4137 καὶ
3295 4087 3361 4156 τῇ
3406 4086 3544 4156 πρὸς
3592 4085 3731 4160 [τὸν]

2137 4174 2268 4230 Θεὸν
2299 4177 2479 4226 ἐκεῖνα
2523 4177 2664 4246 μιμῇ
2697 4175 2810 4245 (29)
2850 4175 3134 4245 ἐγγύτητι,
3167 4176 3290 4245 οὐχὶ
3327 4175 3449 4246 βίῳ,
3479 4177 3555 4240 ὡς
3589 4195 3730 4246 μανα-

2137 4264 2302 4330 θάνω,
2336 4264 2472 4317 ἀλλά
2505 4266 2642 4338 μόνῃ
2673 4267 2735 4335 τῇ
2777 4264 3134 4336 λειτουργίᾳ),
3195 4267 3290 4318 καὶ
3340 4265 3414 4337 μὴ
3457 4266 3731 4331 σκοτίζειν

2136 4359 2247 4419 τοῖς
2278 4355 2503 4425 φαύλοις
2542 4355 2963 4426 ἐπιτηδεύμασι,
3009 4358 3103 4409 καὶ
3153 4356 3246 4409 τὸν
3282 4357 3465 4426 τίμιον
3515 4359 3729 4411 ἐκεῖνον

439 4446 666 4501 chorum
693 4463 756 4502 ac
788 4450 1126 4517 sodalitium,
1158 4461 1212 4505 et
1263 4451 1571 4520 episcopum
1609 4451 1714 4520 ιο
1746 4451 1841 4505 tibi
1870 4460 2031 4505 teme-

2145 4446 2324 4500 θίασον
2353 4448 2445 4500 καὶ
2498 4447 2680 4518 χορὸν,
2721 4447 2814 4501 καὶ
2854 4446 2944 4498 τὸν
2997 4445 3318 4516 πειθόμενόν
3367 4463 3450 4500 σοι
3486 4449 3732 4519 ἀκρίτως

440 4555 500 4594 re
543 4554 607 4594 ac
670 4541 789 4595 sine
852 4542 1054 4611 judicio
1119 4558 1326 4598 morem
1375 4551 1647 4612 gerentem
1703 4543 2029 4604 obscurare,

441 4632 796 4702 divinumque
831 4635 1132 4691 sacrarium
1175 4649 1271 4705 per
1304 4633 1587 4689 avaritiam
1627 4631 2026 4697 contaminare,

439 4724 566 4780 dum
611 4741 742 4794 opes
776 4727 868 4781 tibi
897 4728 997 4796 ipsi
1051 4743 1145 4798 per
1187 4727 1546 4782 nummariam
1570 4742 1829 4782 manuum
1857 4725 2029 4792 impo-

438 4818 688 4873 sitionem
731 4821 961 4889 aggeris.
1007 4818 1270 4874 Dominus
1313 4820 1456 4873 enim
1491 4833 1588 4875 eos
1617 4859 1630 4881 ,
1682 4819 1774 4888 qui
1820 4818 2030 4873 colum-

353 4941 364 4952 -
440 4909 537 4965 bas
566 4911 912 4977 vendebant,
955 4911 1136 4980 ﬂagris
1179 4925 1207 4964 a
1245 4910 1442 4979 templo
1471 4910 1765 4980 etpulit".
1833 4908 2035 4975 Quam-

438 4999 623 5054 obrem
697 5017 766 5057 ne
824 5013 880 5057 tu
916 5018 1130 5072 quoque
1187 5005 1374 5058 eodem
1421 5003 1581 5056 modo
1631 4998 2035 5065 submovearis,

2141 4539 2461 4602 ἐπίσκοπον,
2500 4541 2596 4592 καὶ
2644 4539 2887 4608 χραίνειν
2943 4538 3003 4590 τὸ
3041 4539 3186 4592 θεῖον
3225 4539 3376 4610 βῆμα
3416 4539 3726 4612 πλεονεξία,

2139 4631 2234 4685 καὶ
2260 4632 2458 4703 πόρους
2490 4631 2700 4701 σεαυτῷ
2719 4631 2828 4686 ἀπὸ
2856 4632 3022 4702 τιμῆς
3054 4631 3399 4702 χειροτονιῶν
3428 4633 3723 4702 ἀθροίζειν.

2137 4723 2277 4786 Τοὺς
2319 4722 2427 4793 γὰρ
2465 4721 2778 4786 πωλοῦντας
2820 4723 2918 4786 τὰς
2967 4723 3295 4794 περιστερὰς
3333 4723 3585 4787 ἐξέϐαλεν
3618 4725 3730 4778 ἀπὸ

2138 4813 2234 4869 τοῦ
2290 4813 2422 4867 ναοῦ
2470 4813 2734 4884 μαστίξας
2778 4815 2808 4866 ὁ
2851 4815 3074 4883 Κύριος.
3129 4815 3246 4868 ἰνα
3288 4815 3469 4868 τοίνυν
3507 4815 3582 4887 μὴ
3629 4818 3731 4870 σὺν

2143 4904 2374 4967 ἐκείνοις
2400 4903 2604 4974 ώσθῇς,
2629 4904 2836 4959 παῦσαι
2866 4904 3011 4958 οὕτω
3048 4906 3320 4972 πλουτῶν,
3363 4907 3458 4960 κα)⁸
3493 4907 3626 4977 ὓλην
3652 4908 3730 4979 τῷ

2147 4995 2395 5068 μέλλοντι
2422 4995 2722 5066 ἑτοιμάζων
2749 4996 2902 5067 πυρί.

440 5095 624 5151 desine
664 5109 792 5164 opes
829 5095 902 5150 ita
939 5108 1161 5164 augere,
1199 5109 1263 5148 ac
1293 5093 1579 5148 materiam
1605 5092 1790 5145 tuturo
1813 5091 1924 5159 igni
1948 5103 2162 5159 parare.

493 5213 537 5247 ³⁸
565 5214 708 5272 Psal.
745 5232 801 5280 v,
839 5216 894 5270 7.
970 5213 1060 5268 "l
1098 5215 1231 5286 Reg.
1265 5230 1328 5280 ιι,
1359 5215 1462 5279 Ξις
1495 5228 1570 5280 Iv,
1603 5213 1691 5266 11.
1756 5211 1798 5242 ³⁷
1829 5209 2004 5264 chit.

2145 5226 2177 5272 I.
2215 5211 2269 5266 4.
2347 5210 2390 5241 ³³
2414 5209 2614 5264 Ezech.
2653 5210 2975 5279 1,18;etx,
3006 5213 3094 5268 i2.
3172 5212 3216 5246 ³⁸
3243 5205 3400 5268 Joaii.
3429 5230 3492 5281 ιι,
3523 5213 3612 5279 14,
3641 5215 3727 5274 l5.

1554 5324 1788 5384 VABUE
1829 5325 2216 5384 LECTIONES
2255 5327 2343 5382 ET
2378 5325 2617 5383 NOTAE.

513 5454 627 5529 (27)
663 5454 833 5529 Codd.
869 5455 1028 5529 modo
1051 5452 1331 5529 memorati
1359 5453 1517 5529 ambo
1551 5449 1690 5529 πρὸς
1717 5448 1934 5529 ἅπαντα
1963 5449 2014 5529 in

439 5518 632 5581 neutro
663 5527 860 5593 legunt.
889 5527 1050 5579 Iidem
1084 5527 1135 5578 in
1172 5526 1275 5578 line
1300 5523 1538 5593 epistola:
1567 5518 1654 5575 illa
1689 5521 1851 5574 verba
1879 5518 1911 5589 ἢ
1941 5519 2016 5589 μὴ

439 5592 815 5663 ἐπιγινώσκων
836 5593 1133 5664 ἀνάγνωθι,
1160 5592 1433 5648 omittunt.
1465 5592 1683 5648 Possm.

510 5658 622 5742 (‘28)
650 5658 1128 5742 Postﬁyxlvsrau,
1148 5667 1324 5742 insere
1354 5664 1491 5742 ἀλλ’,
1520 5673 1738 5716 auctore
1769 5658 2018 5742 codLAlt.

445 5729 531 5787 cui
567 5729 992 5790 consentit'l'iat.
1031 5737 1157 5791 649.
1193 5734 1288 5788 llic
1325 5736 1486 5789 etiam
1533 5747 1676 5789 vers.
1722 5729 2021 5797 penultimo

2125 5464 2240 5526 non
2257 5448 2626 5526 ἀποκλείεται.
2642 5447 2787 5526 legit,
2808 5451 2903 5504 sed
2921 5451 3364 5520 ἀποκέκλεισται,
3391 5453 3730 5526 suffragante

2127 5521 2331 5590 pariter
2365 5519 2657 5590 Altaetnsi.
2688 5520 2895 5590 Possm.

2203 5587 2315 5658 (29)
2371 5586 2561 5658 Μιμῇ.
2619 5589 2790 5645 Codd.
2844 5588 2964 5644 Vat.
3016 5591 3142 5658 649,
3201 5603 3256 5647 et
3293 5593 3402 5646 Alt.

2131 5606 3402 5730 γεξζῗ’θ.¹’¹τέί⁴ἐέξνεὲ¹ιὲἷ¹ίὲὶ›σῗἳῑιῗσῖῗέονὲὲεοῇἓῖ
3433 5611 3720 5720 ιέῗέῒςῗὲῗ“

3475 5679 3647 5720 05811.
