3986 6380
554 368 655 428 £03

1714 360 1773 419 S.
1817 360 2105 421 lSIDORl
2147 365 2580 425 PELUSIO’I‘JS

3699 372 3790 435 Ξῦί

552 481 644 538 sit,
675 473 906 545 quaeris,
938 479 1012 533 et,
1040 469 1084 526 si
1115 470 1373 538 propheta
1410 466 1524 538 ipse
1558 477 1708 529 erat,
1742 472 1994 538 quidnam
2031 473 2114 540 ι]

2251 475 2522 546 Ἰωάννης,
2543 477 2636 528 καὶ
2658 477 2705 528 εί
2737 478 3018 546 προφήτης
3043 479 3070 529 ὁ
3095 477 3370 547 Ἰωάννης,
3395 478 3448 530 τί
3475 473 3537 548 ἦν
3577 479 3630 528 ὲν
3657 479 3795 548 αὐτῷ

552 565 865 636 prephetica
902 561 1160 632 dignitate
1205 559 1436 628 amplius
1485 567 1540 612 et
1583 560 1930 616 excellentius
1965 564 2130 620 hahe-

553 656 746 711 l:at“?
793 653 1072 724 Siquidem
1127 651 1231 706 hoc
1265 651 1529 706 Dominus
1579 651 1737 706 dixit.
1783 652 1919 706 Audi
1968 655 2129 723 igitur

550 751 737 818 paucis
776 747 957 803 verbis
998 745 1234 816 plurima
1270 762 1284 798 :
1319 744 1525 800 Idcirco
1575 745 1746 813 major
1784 747 1924 802 inter
1975 757 2128 804 natos

553 843 837 896 mulierum
871 837 1108 895 Joannes
1137 875 1152 901 ,
1203 837 1330 907 quia
1373 851 1440 892 ex
1488 837 1604 906 ipso
1641 849 1888 892 materno
1938 846 2127 894 ventre

552 934 875 988 vaticinatus
896 939 979 986 est
1002 931 1078 995 ⁸⁸,
1118 939 1279 999 atque
1309 929 1635 985 intenebris
1664 929 1876 985 abditus
1900 973 1914 998 ,
1949 940 2003 986 et
2033 945 2123 986 oc-

549 1023 815 1087 cultatus,
847 1023 1028 1077 lumen
1059 1061 1073 1085 ,
1116 1021 1259 1091 quod
1287 1030 1547 1086 venerat,
1577 1021 1795 1076 minime
1836 1021 2120 1091 ignoravit.

550 1116 662 1171 lloc
691 1125 872 1169 autem
910 1113 1128 1168 nomine
1171 1113 1462 1182 prephctas
1492 1113 1797 1178 antecellit,
1831 1114 1971 1182 quod
2001 1129 2120 1168 eum

546 1221 804 1276 quoque,
855 1207 945 1275 qui
998 1205 1438 1276 prmdicebatur,
1492 1205 1544 1258 in
1590 1219 1752 1259 carne
1801 1207 2117 1275 conSpexit:

544 1313 704 1366 quem
743 1298 1066 1368 patriarchae
1103 1311 1292 1350 omnes
1326 1311 1389 1350 ac
1442 1297 1734 1366 prephette,
1791 1312 1886 1364 per
1909 1296 2118 1351 somnia

544 1393 764 1460 quidem
799 1399 891 1446 aut
926 1389 1166 1445 visiones
1200 1402 1419 1457 quoquo
1445 1388 1602 1441 modo
1629 1387 2009 1454 informarunt,
2073 1387 2248 1459 reipsa

546 1493 784 1540 luerunt.

1024 1576 1262 1631 XXXIV.
1296 1604 1364 1616 -—
1398 1573 1625 1630 EIDEM.

547 1672 618 1724 De
645 1670 1053 1740 interrogatione
1086 1669 1474 1779 Prwcursorga:
1507 1687 1526 1720 ι
1560 1667 1637 1722 Τιι
1668 1685 1721 1723 es
1760 1669 1850 1738 qui
1878 1678 2120 1723 venturus

1287 1754 1340 1779 ρς
1449 1757 1468 1779 Ι

1287 1754 1468 1794 εθῖι

617 1872 636 1906 ι
655 1853 733 1908 Τιι
757 1853 919 1923 esqui
939 1860 1200 1907 venturus
1215 1867 1293 1915 es,
1315 1867 1380 1906 an
1407 1851 1569 1906 alium
1599 1853 2037 1921 exspectamus“
2059 1852 2111 1906 ?D

545 1947 770 2001 Domino
828 1945 1165 2015 significabat
1203 1943 1434 2000 Joannes
1461 1986 1473 2010 ,
1505 1959 1626 1998 cum
1655 1945 1902 2000 veritatis
1929 1961 2114 2008 causa,

541 2046 702 2106 caput
742 2036 792 2091 ei
823 2035 1208 2106 amputandum
1240 2044 1414 2100 esset,
1457 2049 1692 2106 suosque
1733 2036 2024 2106 discipulos
2051 2037 2116 2091 ad

537 2143 658 2181 eum
697 2127 968 2181 adducere
1008 2125 1297 2191 studeret,
1349 2126 1438 2195 qui
1479 2126 1551 2181 ob
1603 2137 1914 2182 accuratam
1957 2138 2118 2196 atque

535 2219 786 2274 numibus
837 2218 1050 2274 virtutis
1097 2219 1336 2273 numeris
1379 2219 1680 2274 absolutam
1713 2219 1882 2288 ipsius
1927 2220 2116 2285 vitam,

518 2312 600 2363 'ad
625 2309 790 2379 ipsius
810 2310 1172 2364 testimonium
1200 2350 1216 2374 ,
1247 2325 1371 2364 num
1392 2311 1646 2365 Dominus
1668 2325 1732 2365 eo
1761 2310 1931 2378 major
1951 2320 2115 2374 esset,

533 2399 903 2469 ambigebant.
943 2399 1119 2470 Atque
1159 2399 1211 2452 id
1260 2399 1519 2453 Dominus
1562 2414 1658 2467 per
1691 2413 1751 2452 ea
1781 2414 1900 2468 qua!
1930 2398 2114 2453 statim

536 2490 664 2544 fecit
685 2531 702 2558 ,
736 2491 1158 2555 demonstravit,
1197 2504 1319 2544 cum
1352 2504 1447 2558 per
1473 2489 1638 2542 multa
1671 2489 1927 2543 miracula
1952 2487 2109 2542 Joan-

539 2583 623 2637 nis
657 2581 1025 2636 testimonium
1070 2580 1480 2649 comprobavit:
1525 2594 1724 2648 eosque
1765 2580 1854 2650 qui
1895 2578 2117 2633 Joannis

535 2671 716 2727 verbis
751 2670 1098 2738 dilIidcbant,
1135 2670 1206 2724 ita
1253 2671 1458 2725 dimisit
1485 2710 1498 2735 ,
1529 2679 1587 2725 ut
1615 2670 1784 2725 oculis
1815 2679 1974 2738 atque
2001 2670 2116 2739 ipso

532 2769 755 2834 aspectu
788 2760 1168 2816 conﬁrmatum
1199 2760 1463 2816 haberent
1506 2760 1558 2815 id
1612 2760 1756 2830 quod
1785 2761 2004 2814 auribus
2030 2775 2115 2816 ac-

533 2874 580 2908 c‘
599 2865 926 3000 pergin.
955 2973 1024 2986 —-
1050 2941 1445 3000 TIIEODOSIO
1481 2943 1932 3002 IMPERATORI.

599 3060 657 3114 Si
694 3059 899 3116 Christi
950 3074 1174 3129 regnum
1220 3049 1444 3128 adipisci
1485 3059 1701 3126 studes,
1735 3061 1876 3129 quod
1915 3076 2112 3117 corru-

2230 565 2612 636 περισσότερον
2633 569 2910 636 προφήτου
2932 585 2946 633 ;
2963 569 3183 638 Ἐπειδὴ
3201 567 3358 621 τοῦτο
3374 569 3522 636 λέγει
3540 571 3568 619 ὁ
3583 570 3788 640 Κύριος.

2231 654 2428 708 Ἀκουε
2456 657 2635 711 τοίνυν
2664 658 2891 712 πλεῖστα
2916 661 2972 712 ὲν
3003 659 3205 728 ὀλίγοις
3235 678 3250 692 ο
3291 660 3494 730 μείζων
3526 664 3582 714 ὲν
3609 677 3792 732 γεννη-

2227 749 2338 811 τοῖς
2385 752 2660 816 γυναικῶν
2686 752 2714 803 ὁ
2767 752 3038 822 Ἰωάννης,
3087 753 3272 824 ἐπειδὴ
3309 751 3370 818 ἐξ
3399 753 3576 823 αὐτῆς,
3610 753 3794 824 νηδύος

2229 842 2500 912 μητρικῆς
2545 845 2944 916 προεφήτευσε,
2977 845 3070 898 καὶ
3101 846 3159 898 ὲν
3188 844 3368 898 σκότει
3405 845 3792 915 κρυπτόμενος,

2231 933 2291 985 τὸ
2315 933 2430 1002 φῶς
2457 934 2629 999 ἐλθὸν,
2655 937 2753 988 οὐκ
2784 937 3040 1007 ⁴ίιγνόησε.
3079 937 3471 1008 Περισσὸτερον
3499 937 3552 989 δὲ
3592 954 3793 1008 προφη-

2232 1024 2361 1089 τῶν,
2392 1024 2451 1078 τὸ
2473 1026 2566 1078 καὶ
2586 1025 2748 1079 αὑτὸν
2774 1027 2898 1080 ἰδεῖν
2919 1029 2976 1082 ἐν
3000 1029 3162 1099 σαρκὶ
3187 1028 3276 1080 τὸν
3301 1028 3792 1099 προφητευόμενον,

2229 1114 2288 1167 ὃν
2315 1116 2515 1180 πάντες
2548 1119 2597 1170 oi
2637 1107 2975 1190 πατριάρχαι
3015 1121 3110 1172 καὶ
3145 1123 3442 1191 προφῆται,
3482 1119 3547 1172 δι’
3579 1119 3794 1190 ὀνείρων

2231 1207 2329 1275 μὲν
2371 1208 2403 1278 ἢ
2429 1209 2701 1262 όπτασιῶν
2728 1210 3164 1280 ἐφαντὰσθησανν
3193 1210 3465 1282 θεωρῆσαι
3494 1211 3550 1264 δὲ
3579 1210 3795 1279 “iw-4’5"

2225 1299 2323 1351 ούκ
2358 1301 2642 1372 ἐπέτυχον.

2325 1402 2498 1448 autem
2567 1403 2730 1464 atque
2804 1394 2976 1451 oculis
3032 1396 3338 1465 perspicere
3421 1397 3643 1451 minime
3706 1410 3796 1464 po-

2719 1583 2838 1635 AA'.
2879 1611 2945 1622 —
2975 1582 3064 1653 To
3103 1580 3304 1652 ΑΥΤῼ.

2231 1675 2365 1742 Περὶ
2417 1673 2527 1742 τῆς
2565 1675 2908 1742 ἐρωτήσεως
2951 1675 3058 1730 τοῦ
3097 1673 3443 1744 Προδρόμου
3479 1691 3488 1701 ·
3531 1691 3548 1723 ι
3571 1670 3655 1725 Σὺ
3685 1665 3791 1724 εἶά

2803 1747 3127 1816 ἐρχόμενος
3149 1763 3168 1810 ;
3197 1763 3213 1794 ι

2301 1874 2318 1905 ι
2363 1856 2434 1909 Σὺ
2483 1852 2530 1908 εί
2569 1858 2596 1909 6
2643 1858 2973 1928 ἐρχόμενος,
3015 1858 3046 1928 ἢ
3082 1856 3266 1928 ἕτερον
3313 1853 3787 1926 προσδοκῶμενμ

2239 1946 2490 2018 Ἰωάννης
2518 1949 2597 2019 τῷ
2635 1950 2825 2021 Κυρίῳ
2869 1950 3081 2019 ἐδήλου,
3122 1948 3263 2017 ὑπὲρ
3301 1945 3556 2017 ἀληθείας
3605 1943 3793 1998 ἀποτέ-

2229 2037 2454 2105 μνεσθαι
2494 2037 2724 2108 μέλλων,
2756 2037 2849 2091 καὶ
2887 2039 3010 2101 τοὺς
3041 2036 3274 2098 οἰκείους
3298 2033 3511 2107 [αὐτοῦ]
3551 2031 3791 2104 μαθητὰς

2225 2132 2596 2200 προσαγαγεῖν
2645 2130 2980 2195 σπουδάζων,
3032 2126 3472 2199 ἀμφιϐάλλοντας
3518 2123 3658 2196 πρὸς
3703 2122 3793 2194 τὴν

2226 2219 2390 2274 αὑτοῦ
2425 2223 2752 2294 μαρτυρίαν,
2796 2223 2844 2274 εί
2883 2220 3084 2292 μείζων
3125 2220 3271 2272 ἐστὶν
3309 2219 3336 2272 6
3366 2216 3571 2287 Κύριος
3613 2215 3793 2269 Ἰωάν-

2222 2329 2314 2364 νου
2379 2313 2490 2385 [διὰ
2523 2315 2621 2386 τὴν
2652 2314 2856 2384 ἀκριϐῆ
2903 2312 3177 2367 πολιτείαν
3221 2308 3617 2382 ’1ωάννου],καὶ
3645 2306 3792 2360 τοῦτο

2221 2407 2284 2460 δι’
2310 2397 2391 2458 ὧν
2422 2405 2581 2469 εὐθὺς
2623 2405 2858 2478 ἔπραξεν
2897 2407 2924 2459 6
2967 2404 3171 2475 Κύριος
3204 2402 3394 2466 ἔδειξε,
3421 2403 3542 2462 ταῖς
3579 2399 3791 2459 πολλαῖς

2223 2494 2689 2565 θαυματουργίαις
2714 2492 3090 2562 ὲπαληθεύσας
3124 2490 3222 2562 τὴν
3271 2489 3577 2561 μαρτυρίαν
3619 2487 3790 2542 Ίωάνο

2221 2603 2334 2649 νου,
2377 2587 2471 2640 καὶ
2509 2585 2630 2656 ὄψει
2663 2584 3116 2656 πιστωσαμένους
3153 2583 3252 2653 τὴν
3282 2581 3448 2653 ἀκοὴν
3494 2580 3626 2645 τοὺς
3671 2579 3789 2632 ἀπιο

2223 2677 2480 2743 στοῦντας
2506 2677 2819 2748 ἐκπέμψας.

2556 2948 2677 3003 AE'.
2716 2977 2785 2986 —
2814 2945 3142 3017 ΘΕΟΔΟΣΙῼ
3172 2943 3460 2998 ΒΔΣΙΛΕΙ.

2291 3065 2351 3116 Εἰ
2382 3063 2479 3133 τῆς
2508 3059 2746 3132 Χριστοῦ
2781 3059 3057 3130 βασιλείας
3097 3059 3374 3128 ἀντιποιῇ,
3411 3055 3478 3126 ἢν
3518 3057 3550 3126 ἠ
3588 3054 3788 3125 ἄφθαρ-

537 3152 737 3218 ptionis
778 3151 957 3208 omnis
1005 3165 1199 3221 expers
1247 3151 1575 3222 perpetuitas
1617 3159 1872 3221 tanquam
1913 3168 2109 3208 corona

2228 3175 2305 3221 τος
2336 3155 2564 3227 διαμονὴ
2592 3155 2864 3224 στεφανοῖ,
2892 3152 2986 3206 κα)⁵
3022 3149 3258 3205 ἔπαθλον
3283 3151 3381 3219 τῆς
3415 3146 3663 3218 φθαρτῆς
3684 3147 3788 3208 τοῖς

533 3243 741 3314 cingit,
773 3243 1023 3313 quodque
1075 3241 1217 3298 Deus
1248 3257 1346 3312 pro
1405 3245 1610 3300 caduco
1651 3244 1878 3313 imperio
1926 3247 1992 3302 iis
2023 3248 2112 3316 qui

533 3335 793 3402 praeclare
837 3345 1001 3404 atque
1047 3334 1273 3390 honeste
1299 3335 1444 3389 istud
1475 3335 1935 3402 administrarint,
1978 3353 2115 3406 prae-

535 3427 626 3481 mii
658 3425 777 3482 loco
810 3424 1094 3483 constituit
1117 3465 1131 3491 ,
1174 3426 1468 3496 potentiam
1519 3436 1664 3481 tuam
1701 3431 2115 3486 mansuetudine

534 3535 596 3573 ac
629 3519 899 3574 suavitate
944 3528 1228 3588 tempera,
1277 3519 1726 3588 convenienlique
1775 3521 2115 3591 dispersione

531 3624 670 3664 onus
698 3609 1005 3664 divitiarum
1039 3610 1177 3665 leva.
1225 3610 1407 3680 Neque
1455 3611 1596 3665 enim
1625 3611 1863 3666 salvatur
1900 3628 1990 3668 rex
2020 3630 2115 3683 per

538 3698 759 3752 mtnltam
801 3700 1098 3768 potentiam
1129 3700 1212 3753 δῖε
1264 3715 1439 3769 neque
1495 3701 1642 3769 impii
1697 3702 2110 3760 simulacrorum

530 3790 714 3843 cultus
750 3789 957 3843 crimen
985 3787 1278 3860 cﬂ'ugit”,
1321 3792 1412 3860 qui
1451 3791 1606 3845 [luxis
1643 3793 1834 3862 opibus
1865 3794 2055 3863 parcit.

785 3901 1020 3956 XXXVI.
1054 3931 1108 3942 —-
1144 3901 1492 3958 ANTIOCHO
1535 3903 1851 3961 SPA‘DONI.

606 4013 799 4083 Operae
828 4014 1054 4082 pretium
1089 4023 1171 4069 est
1208 4024 1283 4081 te,
1309 4029 1427 4070 cum
1451 4030 1633 4071 sacros
1655 4015 1846 4071 Libros
1873 4015 2110 4081 evolvas,

535 4119 698 4172 atque
738 4109 790 4160 in
821 4121 1044 4170 eorum,
1072 4108 1338 4172 utaudio,
1372 4108 1604 4162 lectione
1640 4107 1852 4161 assidue
1883 4107 2109 4171 licereas,

534 4194 838 4249 admirandi
867 4194 1101 4250 Danielis
1134 4196 1414 4250 historiam
1443 4211 1602 4252 nosse
1625 4197 1704 4251 "z
1733 4210 1924 4264 nempe
1947 4197 2110 4265 quod,

2215 3249 2466 3322 χρηστῶς
2501 3249 2671 3319 αὐτὴν
2712 3247 2987 3300 διέπουσιν
3024 3244 3220 3313 ἔθηκεν
3247 3244 3274 3295 6
3311 3241 3464 3304 Θεὸς,
3490 3238 3790 3310 ἡμερότητι

2216 3345 2374 3412 κίρνα
2407 3341 2506 3412 τὴν
2536 3339 2804 3404 ἐξουσίαν,
2844 3338 2936 3390 καὶ
2973 3336 3146 3389 δέοντι
3182 3331 3505 3404 σκορπισμῷ
3537 3332 3602 3384 τὸ
3636 3329 3788 3400 βάρος

2215 3434 2438 3502 κούφιζε
2465 3431 2560 3485 τοῦ
2605 3430 2834 3484 πλούτου
2871 3445 2885 3459 ’
2939 3427 3058 3480 οὔτε
3107 3425 3214 3496 γὰρ
3260 3423 3490 3487 σώζεται
3539 3421 3787 3492 βασιλεὺς

2213 3523 2301 3578 διὰ
2344 3521 2542 3593 πολλὴν
2583 3521 2847 3590 δύναμιν,
2900 3517 3024 3572 οὔτε
3073 3514 3486 3586 εἰδωλολατρίας
3531 3509 3784 3581 ικφεύγει

2214 3614 2471 3669 ἀσέϐειαν
2518 3614 2545 3667 6
2570 3611 2665 3666 τοῦ
2692 3612 2906 3684 ῥέοντος
2937 3608 3166 3663 πλούτου
3198 3606 3533 3676 φειδόμενος.

2333 3904 2474 3970 AG’.
2501 3930 2571 3942 —-
2594 3899 2900 3969 ΑΝΤΙΟΧῼ
2928 3895 3257 3966 ΕΥΝΟΥΧῼ
3284 3891 3584 3947 ΠΑΛΑΤΙΟ
3598 3891 3659 3944 Υ.

2284 4013 2402 4085 Χρή
2431 4029 2489 4065 σε
2525 4011 2624 4075 τὰς
2661 4010 2814 4082 ἱερὰς
2860 4006 3276 4062 ἀναπτύσσοντα
3311 4004 3554 4067 Βίϐλους,
3597 4001 3695 4056 καὶ
3724 4001 3784 4070 τῇ

2212 4102 2389 4156 αὐτῶν
2431 4098 2884 4170 ἐγκαρτεροῦντα,
2937 4097 3012 4160 ὥς
3063 4112 3259 4166 φασιν,
3307 4091 3648 4162 ἁναγνώσει,’
3690 4091 3786 4160 τὴν

2212 4194 2354 4248 κατά
2403 4191 2494 4244 τὸν
2542 4190 2845 4259 θαυμάσιον
2885 4188 3081 4260 Δανιὴλ
3135 4186 3378 4258 ἱστορίαν
3431 4184 3660 4249 εἰδέναι,
3707 4183 3786 4234 ὅτι

533 4303 656 4340 cum
698 4287 749 4340 in
793 4286 983 4342 mediis
1020 4287 1225 4341 erroris
1247 4286 1498 4343 ﬂuctibus
1537 4297 1874 4351 versaretur,
1906 4287 2109 4342 nulluin

2228 4286 2380 4348 ιὲσος
2417 4283 2511 4337 τοῦ
2558 4282 2827 4343 κλύδωνος
2872 4281 2970 4350 τῆς
3018 4279 3225 4348 πλάνης
3268 4275 3584 4345 ἱστάμενος,
3639 4271 3784 4326 οὐδὲν

533 4387 712 4431 tmnen
739 4379 939 4448 captivi
984 4377 1219 4434 hominis
1249 4377 1498 4434 allectum
1526 4378 1724 4440 subiit,
1758 4392 1824 4431 ne
1858 4378 1923 4431 ad
1961 4379 2112 4434 cibos

2228 4377 2474 4445 ὅπὲμεινε
2507 4373 2678 4435 πάθος
2704 4371 3048 4441 αἰχμάλωτον
3078 4369 3213 4439 (54),
3245 4367 3366 4421 οὐδὲ
3395 4367 3561 4437 μέχρι
3604 4363 3781 4418 σιτίων

531 4469 748 4537 quidem
790 4484 1106 4525 communes
1147 4484 1318 4540 usque
1343 4509 1358 4536 ,
1400 4484 1628 4540 quorum
1671 4470 1944 4536 perceptio
1992 4482 2107 4535 eos,

2228 4467 2319 4520 τῶν
2351 4465 2546 4519 κοινῶν
2575 4466 2654 4528 είς
2688 4461 3011 4534 μετάληψιν,
3044 4462 3136 4515 καὶ
3173 4461 3249 4532 μὴ
3294 4458 3622 4513 κοινούντων
3647 4456 3785 4510 κατά

531 4560 620 4628 qui
662 4561 726 4613 iis
765 4559 1072 4614 fruerentur
1097 4599 1112 4625 ,
1141 4576 1244 4614 non
1281 4558 1706 4615 contamiuabat.
1741 4559 1816 4614 Ac
1851 4561 2104 4628 quoniam

2228 4559 2532 4630 περίστασιν
2561 4557 2687 4620 τοὺς
2721 4555 3067 4626 μετέχοντας.
3125 4553 3235 4607 Καὶ
3280 4551 3470 4622 ἐπειδὴ
3517 4551 3580 4604 ού
3626 4551 3784 4620 μόνον

532 4666 637 4704 non
671 4652 829 4703 modo
863 4651 1074 4720 imperii
1118 4651 1366 4706 minister
1409 4666 1507 4712 es.
1561 4655 1656 4705 sed
1704 4652 1876 4720 ipsum
1936 4651 2101 4704 etiam

2228 4651 2452 4712 ῑιάκονος
2492 4649 2778 4719 τυγχάνεις
2819 4648 2919 4717 τῆς
2961 4645 3271 4716 βασιλείας,
3317 4643 3455 4697 ἀλλά
3496 4645 3591 4697 καὶ
3634 4642 3786 4710 ἄγεις

531 4741 792 4794 arbitratu
836 4751 926 4796 tuo
959 4757 1022 4796 ac
1065 4742 1217 4796 libitu
1256 4743 1575 4807 moderaris,
1633 4743 1684 4797 in
1728 4743 1778 4796 id
1813 4743 1958 4796 omni
1988 4751 2103 4796 stu-

2228 4740 2374 4812 ιύτὴν
2404 4739 2588 4802 καθὼς
2619 4739 2817 4809 βούλει,
2848 4737 3082 4791 σπεῦσον
3121 4736 3437 4808 ἀναρρῶσαι
3470 4735 3533 4788 τὸ
3578 4735 3785 4790 δίκαιον

597 4892 644 4925 ⁸⁸
679 4893 808 4950 Luc.
843 4912 936 4961 VII,
970 4895 1062 4950 28.
1128 4891 1174 4926 “
1205 4893 1337 4950 an.
1368 4911 1405 4960 ι,
1437 4897 1522 4950 15.
1598 4895 1643 4926 ⁵³
1675 4893 1909 4963 Luc.vtl,
1947 4894 2033 4950 l9.
2104 4893 2114 4925 ‘

2228 4893 2319 4948 sal.
2351 4909 2522 4960 χχιιι,
2559 4892 2646 4949 16.
2741 4893 2788 4924 η
2820 4892 3015 4962 Ephes.
3055 4907 3105 4956 v,
3139 4891 3193 4946 5.
3271 4893 3315 4924 δ’
3353 4889 3487 4945 Dan.
3519 4890 3808 4982 δεθείη..

1589 5015 1824 5102 vium
1867 5043 2252 5101 LECTIONES
2290 5045 2377 5099 ET
2415 5043 2649 5100 Nona.

2203 5199 2385 5267 palatii
2421 5199 2521 5252 ista
2563 5199 2894 5266 scribuntur)
2944 5207 2998 5269 et
3040 5198 3160 5252 vide
3189 5215 3310 5269 qua:
3342 5200 3541 5254 n0tabo
3589 5218 3657 5255 ex
3710 5203 3788 5255 hi-

2201 5265 2383 5323 storiis
2409 5269 2544 5322 infra
2572 5269 2637 5322 ad
2663 5285 2751 5336 ep.
2790 5270 2916 5322 291.
2945 5265 3115 5323 ίῖιττ.

2374 5339 2428 5392 1η
2469 5339 2620 5392 titulo
2650 5349 2774 5392 ante
2801 5338 3068 5392 Παλατίου
3093 5339 3352 5394 articulus
3382 5339 3499 5395 τοῦ.
3535 5337 3690 5394 Vers.
3719 5340 3784 5402 ‘5,

604 5200 943 5273 (34)__ﬂd003
989 5199 1386 5273 αἰχμάλωτον,
1436 5209 1491 5254 et
1523 5213 1658 5273 mor
1691 5199 1784 5273 μὴ
1824 5200 2095 5273 κοιιςούν-

531 5268 664 5324 των.
693 5271 781 5326 Sic
815 5279 870 5325 et.
897 5269 1072 5324 Paris.
1104 5273 1188 5322 ed.
1224 5280 1278 5322 et
1300 5268 1493 5326 Bavar.
1524 5269 1645 5324 cod.
1690 5270 1892 5338 legunt.
1916 5269 2093 5334 Quare

531 5356 634 5394 non
663 5345 829 5408 probo
845 5344 986 5409 quod
1023 5339 1240 5408 quidam
1273 5353 1400 5409 pro_
1430 5339 1512 5392 his
1549 5341 1778 5409 reponit,
1809 5339 2092 5408 αἰχμαλώο
2268 5366 2296 5377 -

529 5427 622 5462 του
652 5407 707 5462 et
737 5411 830 5462 καὶ
863 5407 992 5479 μὴν,
1021 5407 1354 5479 q’uamvis’et
1379 5407 1562 5463 Billius
1585 5408 1656 5460 ita
1695 5407 2091 5477 legissevidea-
2199 5408 2399 5479 Δανιὴλ
2435 5407 2486 5479 in
2518 5409 2639 5463 cod.
2674 5409 2781 5464 Alt.
2819 5425 2968 5462 more
3001 5408 3191 5462 Grmco
3218 5409 3539 5473 declinatur,
3575 5420 3630 5463 ct
3676 5410 3784 5471 hic,

536 5491 622 5532 tur
655 5481 706 5532 in
752 5478 1369 5548 sua’interpretatione;
1421 5479 1511 5548 qui
1569 5495 1666 5531 nec
1712 5489 1856 5532 recte
1908 5480 2091 5533 omisit
2199 5478 2381 5546 utpote
2434 5478 2485 5530 iu
2539 5488 2731 5546 quarto
2792 5493 2959 5542 casu,
3017 5479 3254 5547 Δανιῆλα
3312 5482 3590 5534 scribitur.
3633 5479 3782 5533 νει-ε.

534 5556 748 5619 vertere
791 5547 918 5602 illud
955 5546 1098 5619 κατὰ
1149 5546 1488 5619 περίστασιν,
1534 5549 1673 5617 quod
1713 5558 1828 5619 est,
1877 5565 1970 5616 pro
2005 5565 2093 5600 ra-

2239 5549 2520 5610 ndecimo,
2555 5564 2653 5618 pro
2682 5548 2768 5619 his
2805 5566 2817 5601 :
2868 5550 3031 5602 αὐτὸν
3067 5546 3312 5619 ὑπᾷρχον
3351 5550 3460 5610 τὸν,
3493 5563 3625 5611 etc.,
3657 5549 3782 5602 cod.

533 5621 671 5670 tione
705 5615 1239 5690 ςίιοειιιηειαηιίαηιιη.
1269 5615 1386 5690 Non
1424 5615 1581 5672 modo
1609 5617 1817 5690 imperii
1847 5618 2093 5672 minister

2228 5620 2311 5690 ιιι,
2365 5615 2602 5672 scribit:
2647 5616 3094 5690 tenendumaut
3145 5615 3393 5673 θᾶνατον.
3455 5620 3617 5690 Vers.
3656 5633 3785 5684 peu.

533 5700 612 5758 cs,
642 5689 733 5758 s_e_d
763 5689 930 5755 ipsum
963 5688 1124 5758 etiam
1148 5695 1248 5758 tuo
1273 5688 1531 5742 arbitratu
1565 5703 1628 5742 ac
1656 5688 1806 5741 lihitu
1843 5691 2091 5741 modera-
2203 5689 2519 5758 ὑπέρχεται.
2541 5689 2696 5758 ᾲςοιι.
2739 5687 2853 5742 Vat.
2898 5687 3038 5754 '619,
3097 5699 3151 5743 et
3186 5691 3314 5743 Cod.
3348 5690 3458 5743 Alt.
3493 5688 3780 5751 scribunt,

537 5757 632 5808 ris.
662 5754 792 5808 Nota
823 5759 908 5811 hic
927 5757 1156 5812 eunuchi
1176 5758 1465 5826 potentiam
1498 5761 1588 5830 (ad
1615 5758 1919 5814 eunuchum
1947 5758 2090 5812 enim
2202 5754 2510 5828 ἐπέρχεται,
2537 5756 2754 5817 Possm.
