3986 6406
371 287 472 349 ΞθΊ

374 486 590 541 Davidis
622 496 861 555 tempore
885 480 1179 552 contigisse
1201 493 1307 533 non
1338 479 1640 547 ignoras".
1669 476 1801 531 Nam
1832 492 1955 530 cum

370 580 440 634 ob
476 594 655 634 rerum
695 577 904 646 cupiam
935 615 950 641 ,
999 572 1387 641 ﬂorentemque
1422 580 1636 643 statum
1662 610 1677 637 ,
1707 570 1983 639 princeps

374 671 646 726 insolescit
672 711 687 736 ,
717 670 782 721 ad
816 667 985 737 ipsius
1018 678 1312 720 numerem
1348 671 1404 717 et
1449 661 1954 717 condemnationem

372 763 573 818 subditi
601 761 998 831 deprimuntur.
1045 755 1155 812 Nec
1191 769 1319 809 vero
1358 754 1433 808 illi
1470 754 1651 823 inique
1680 752 1953 822 castigan-

371 866 492 910 tur:
524 870 708 910 verum
748 851 1124 919 unusquisque
1167 847 1397 902 actionis
1426 861 1537 900 sua:
1561 844 1781 914 pra-mia
1818 844 1953 899 rcci-

371 945 481 1013 pit;
533 958 595 997 ac
627 952 847 1010 propter
871 938 1131 1008 principis
1164 934 1397 991 calculos
1424 934 1599 989 ditius
1636 934 1953 1003 luxeganimi~

373 1046 481 1091 tate
524 1035 767 1088 orbator.
821 1030 1182 1097 Quamobrem
1237 1044 1309 1083 ne
1348 1027 1623 1098 episcopi,
1663 1037 1719 1080 ut
1765 1034 1949 1094 putat,

367 1125 590 1182 Eusebii
645 1125 792 1178 vitiis
836 1132 1121 1192 patronum
1162 1128 1215 1174 te
1261 1120 1481 1188 praebe;
1540 1117 1682 1187 quod
1734 1128 1952 1187 propter

366 1237 488 1276 eum
510 1259 525 1284 ,
576 1229 630 1272 et
665 1218 834 1272 altare
880 1212 1146 1270 ministris
1168 1251 1183 1279 ,
1220 1204 1274 1267 ἂι
1301 1213 1491 1265 civitas
1525 1211 1713 1265 incolis
1745 1220 1946 1264 careat.

366 1309 500 1362 Nam
537 1308 627 1378 qui
659 1318 862 1361 temere
890 1321 954 1359 ac
993 1301 1336 1368 sinejudicio
1372 1302 1644 1373 indignum
1677 1303 1949 1357 hominem

367 1400 685 1471 elegerunt,
713 1397 858 1467 (ligni
908 1404 1033 1451 sunt
1081 1396 1174 1465 qui
1217 1394 1462 1449 laborum
1488 1409 1707 1449 suorum
1745 1392 1950 1448 fructus

365 1492 596 1547 edant"
622 1531 637 1556 ,
672 1501 729 1544 ut
762 1491 852 1559 qui
884 1490 1133 1541 virtutem
1157 1486 1621 1555 contempserint,
1658 1495 1818 1555 atque
1849 1484 1951 1537 iu:-

366 1585 692 1657 probitatem
724 1583 797 1637 ita
833 1580 1175 1651 perspicuam
1208 1577 1497 1648 elegeriqt.

789 1692 900 1748 XL.
932 1721 1000 1732 —-
1034 1686 1244 1745 'I‘UBJE
1287 1683 1517 1743 MlLlTi.

412 1814 489 1869 -ιη
524 1828 658 1883 pace
700 1826 848 1865 arma
889 1817 1101 1877 gestare
1133 1805 1355 1860 minime
1390 1805 1586 1866 decet,
1648 1815 1750 1856 nec
1788 1800 1948 1856 belli-

367 1921 491 1961 cum
527 1903 767 1957 habitum
821 1901 872 1953 in
925 1899 1098 1952 medio
1146 1897 1266 1951 foro
1311 1893 1706 1960 circumferre,
1751 1906 1849 1946 nec
1897 1891 1948 1944 in

361 1997 581 2050 civitate
604 2008 725 2047 cum
759 2006 887 2043 Nise
931 1990 1176 2055 versari;
1208 2001 1394 2042 verum
1430 1985 1533 2056 13
1572 1993 1627 2041 et
1664 1993 1947 2048 terrorem,

361 2101 413 2142 ct
450 2082 1184 2156 ejusmodiexperimentum
1215 2080 1267 2134 in
1291 2078 1431 2136 bello
1469 2078 1729 2132 adversus
1768 2074 1951 2130 hostes

360 2194 638 2235 exercere.
695 2177 874 2243 Quare
924 2175 967 2229 si
1027 2173 1217 2253 bellico
1264 2171 1455 2227 habitu
1497 2168 1827 2235 delectaris,
1886 2182 1952 2222 ac

362 2272 626 2342 praeconis
673 2283 805 2323 voce
853 2265 1153 2330 celebrari,
1190 2274 1508 2335 statuasque
1550 2261 1813 2334 consequi
1850 2276 1949 2316 cu-

361 2367 482 2437 pis,
532 2366 598 2417 ad
633 2361 931 2416 exercitum
966 2401 979 2425 ,
1031 2359 1123 2428 qui
1161 2373 1281 2412 cum
1316 2354 1565 2410 barbaris
1612 2360 1850 2423 pugnat,
1898 2361 1949 2407 te

359 2456 587 2509 confer:
626 2469 688 2506 ac
722 2469 836 2506 .nun
899 2450 1106 2504 militia:
1152 2444 1606 2516 fugampectmiis
1653 2443 1947 2504 redimens,

360 2546 611 2614 domique
649 2543 903 2599 desidens
926 2577 943 2605 ,
995 2538 1194 2593 bellum
1248 2537 1356 2591 illic
1386 2536 1665 2598 debitum,
1702 2536 1788 2589 hic
1832 2544 1951 2588 tan-

353 2653 520 2708 quam
556 2651 656 2706 per
690 2635 888 2689 ludum
937 2632 1223 2686 adumbna.

647 2747 795 2810 XLI.
828 2778 894 2789 -—
921 2742 1238 2802 PHILIPPO
1301 2740 1660 2798 MONACHO.

608 2868 676 2925 1η
705 2864 1022 2923 monachum
1061 2860 1382 2917 instabiliter
1413 2860 1690 2915 viventem.

411 2985 721 3056 Leporem,
780 2978 1160 3036 meticulosum
1206 2973 1428 3041 animal,
1463 2981 1519 3030 et
1559 2982 1755 3028 natura
1808 2972 1950 3028 timi-

1545 274 1606 332 S.
1650 266 1938 332 ISlDORl
1980 270 2417 332 PELUSIO’l‘lE

370 410 483 449 sum
536 393 725 449 urbem
804 389 986 459 ﬂagris
1057 386 1239 441 afﬁci?
1295 385 1745 456 quemadmodum
1796 384 1941 437 ctian

2065 382 2160 454 ὅλη
2187 384 2509 453 μαστίζεται
2551 384 2701 449 πόλις
2727 404 2741 454 ;

2793 385 2927 459 ὅπερ
2955 386 3049 441 καὶ
3087 386 3182 442 ἐπὶ
3224 389 3389 443 Δαϐὶδ
3416 392 3648 464 γενόμε-

2060 493 2169 540 νον,
2195 476 2387 545 ἔγνως.
2413 478 2582 532 Ὅταν
2609 479 2718 551 γάρ
2754 479 2850 534 ιτα
2876 482 2942 553 τῇ
2975 479 3203 556 εύθηνίᾳ
3239 481 3349 537 τῶν
3384 484 3650 557 πραγμά-

2057 583 2166 620 των
2191 568 2219 621 ὁ
2255 566 2482 639 ἔξαρχος
2518 570 3022 643 ύπερηφανεύηται,
3079 573 3436 645 είςρθυμίαν
3479 577 3649 632 αὐτοῦ

2057 660 2154 713 καὶ
2196 662 2523 733 κατάκρισιν
2557 661 2616 715 τὺ
2646 664 2889 734 ὑπήκοον
2932 665 3274 732 ἐλαττοῦται,
3316 668 3417 720 οὐκ
3442 668 3649 734 ἀδίκως

2057 754 2470 825 παιδευόμενον,
2497 755 2613 808 ἀλλ’
2652 757 2885 811 ἑκάστου
2911 761 2980 812 τά
3009 759 3265 831 ἐπίχειρα
3298 761 3398 832 τῆς
3437 763 3649 826 οἰκείας

2057 846 2310 915 πράξεως
2356 847 2923 918 παραλαμϐάνοντες,
2962 849 3059 903 καὶ
3103 852 3204 920 τῆς
3254 852 3405 914 θείας
3440 871 3647 924 μακροο

2056 936 2259 1008 θυμίας
2306 938 2798 1009 ἀποτυγχάνοντος,
2829 940 2917 994 διὰ
2958 940 3060 1005 τὰς
3094 940 3191 995 τοῦ
3236 945 3497 1013 ἄρχοντος
3540 945 3649 1015 ψὴο

2056 1042 2210 1094 φους.
2253 1026 2346 1098 Μὴ
2390 1026 2573 1081 τοίνυν
2628 1028 3015 1100 ἑπισυνηγόρει
3060 1033 3179 1094 ταῖς
3230 1032 3491 1086 Εὐσεϐίου
3524 1034 3642 1097 τοῦ,

2052 1117 2127 1180 ὡς
2157 1116 2350 1181 οἴεται,
2382 1118 2680 1171 ἐπισκόπου
2710 1118 3065 1190 φαυλότησιν,
3112 1122 3164 1173 εἰ
3209 1120 3278 1173 δι’
3314 1123 3522 1176 ἐκεῖνον
3551 1126 3645 1176 καὶ

2052 1207 2113 1261 τὸ
2144 1207 2530 1280 θυσιαστήριον
2559 1208 2914 1283 λειτουργῶν,
2937 1210 3033 1263 καὶ
3071 1211 3104 1281 ἡ
3147 1210 3301 1275 πόλις
3343 1214 3646 1284 οἰκητόρων

2054 1298 2296 1369 χηρεύει.
2331 1299 2393 1351 Οί
2425 1300 2533 1369 γὰρ
2571 1298 2932 1370 ἀκρίτωςτδν
2960 1299 3177 1366 ἀνάξιον
3222 1300 3645 1373 προϐαλλόμενοι

2053 1389 2250 1442 δίκαιοί
2271 1392 2398 1455 εἰσι,
2431 1390 2527 1444 καὶ
2554 1390 2678 1455 τοὺς
2706 1390 2902 1453 πόνους
2931 1390 3042 1444 τῶν
3070 1391 3298 1463 καρπῶν
3328 1394 3507 1448 αὐτῶν
3541 1414 3646 1464 φα-

2052 1484 2191 1551 γεῖν,
2214 1485 2417 1553 ἀρετὴν
2446 1482 2835 1555 ἀτιμάσαντες,
2865 1483 2959 1537 καὶ
2984 1483 3187 1539 κακίαν
3215 1485 3359 1541 οὓτω
3385 1489 3641 1561 προφανῆ

2053 1574 2518 1646 προστησάμενοι.

2326 1688 2416 1745 Μ’.
2446 1720 2521 1733 -
2564 1689 2794 1763 Torsit
2827 1692 3219 1768 ΣΤΡΑΤΙΩΤῌ
3254 1670 3388 1766 (39).

2126 1799 2241 1853 οὐκ
2266 1798 2415 1854 ἔστιν
2446 1800 2768 1873 ὁπλοφορεῖν
2808 1801 2866 1858 ὲν
2897 1803 3112 1878 εἰρήνῃ,
3149 1805 3250 1859 οὐκ
3303 1805 3418 1860 ἔστι
3454 1806 3645 1878 σχῆμα

2054 1891 2293 1964 πολέμου
2324 1893 2415 1946 ἐπὶ
2448 1893 2621 1966 μέσης
2650 1897 2855 1969 ἀγορᾶς
2884 1898 3207 1970 περιφέρειν
3240 1915 3253 1929 ο
3286 1900 3388 1953 οὐκ
3414 1899 3532 1954 ἔστι
3562 1900 3642 1967 ξι-

2053 1986 2203 2057 φήρη
2226 1986 2433 2056 διάγειν
2461 1988 2520 2040 ὲν
2553 1987 2727 2054 πόλει,
2773 1988 2909 2043 ἀλλὰ
2943 1991 3039 2045 καὶ
3096 1991 3259 2062 φόϐον
3310 1993 3406 2046 καὶ
3448 1995 3646 2066 πεῖραν

2051 2077 2309 2150 τοιαύτην
2347 2080 2406 2133 ὲν
2433 2079 2655 2152 πολέμῳ
2683 2081 2826 2135 κατὰ
2866 2082 3177 2139 ἀντιπάλων
3214 2085 3536 2157 γυμνάζειν.
3580 2087 3645 2141 Εἰ

2052 2166 2146 2225 οὖν
2173 2172 2413 2241 σχήματι
2437 2172 2645 2242 χαίρεις
2683 2174 2983 2247 πολεμικῷ,
3015 2176 3113 2231 καὶ
3155 2179 3512 2251 άναρῤήσεων
3552 2180 3647 2234 καὶ

2055 2259 2266 2331 στηλῶν
2299 2262 2576 2332 ἐπιτυχεῖν
2604 2261 2793 2328 ἀξιοῖς,
2826 2266 2905 2329 είς
2952 2264 3012 2318 τὸ
3052 2266 3413 2338 στρατόπεδον
3438 2267 3501 2321 τὸ
3538 2285 3648 2338 μα-

2052 2353 2283 2423 χόμενον
2312 2355 2424 2417 τοῖς
2460 2352 2758 2427 βαρϐάροις
2800 2356 3095 2430 κατάϐηθι,
3129 2358 3224 2413 καὶ
3256 2359 3337 2430 μὴ
3364 2362 3645 2431 χρήμασιν

2052 2443 2421 2514 ἐξωνούμενος
2452 2445 2549 2517 τὴν
2578 2447 2787 2501 ἐκεῖθεν
2812 2448 3008 2521 φυγὴν,
3043 2452 3135 2507 καὶ
3160 2452 3297 2504 οἶκοι
3327 2452 3522 2521 μένων,
3556 2454 3646 2506 ὲν-

2053 2535 2224 2590 ταῡθα
2252 2536 2414 2601 παῖζε
2443 2538 2534 2592 τὸν
2563 2540 2680 2593 ἐκεῖ
2698 2540 3142 2613 χρεωστούμενον
3174 2543 3432 2615 πόλεμον.
3548 2536 3553 2541 ’

2402 2748 2627 2803 MA'.—
2648 2749 2932 2823 φΙΛΙΠΠῼ
2970 2753 3283 2826 ΜοΝΑΧο.

2181 2861 2286 2927 Εἰς
2317 2860 2593 2930 μοναχὸν
2630 2862 2906 2931 ἁστάτως
2946 2863 3167 2935 ἔχοντα
3201 2865 3310 2921 τὸν
3342 2866 3509 2932 βίον.

2123 2976 2227 3031 Τδν
2253 2976 2481 3047 λαγωὸν,
2511 2977 2572 3032 τὸ
2611 2979 2920 3050 κατάφοϐον
2950 2980 3088 3046 ζῶον
3130 2982 3227 3038 καὶ
3258 2982 3418 3052 φύσει
3465 2983 3641 3038 δειλὸν

355 3079 512 3143 dum,
545 3078 649 3133 hoc
683 3073 889 3145 perpeti
930 3072 1104 3137 aiunt,
1133 3077 1192 3125 ut
1222 3082 1290 3123 ex
1319 3066 1482 3123 cubili
1518 3066 1572 3122 in
1598 3064 1782 3122 cubile
1811 3066 1943 3122 sub-

2058 3067 2227 3122 ὲκεῖνό
2272 3086 2435 3139 φασιν
2480 3069 2796 3142 ὑπομένειν,
2829 3072 2891 3126 τὸ
2928 3073 3116 3143 κοίτην
3147 3075 3212 3127 ὲκ
3244 3074 3433 3146 κοίτης
3476 3076 3643 3147 ἀμεί-

368 3170 499 3226 inde
555 3169 771 3236 migret,
812 3172 1093 3235 propterea
1146 3159 1289 3230 quod
1311 3158 1377 3213 ad
1400 3172 1621 3215 omnem
1653 3166 1859 3214 motum
1889 3164 1944 3212 et

357 3266 653 3320 clamorem
711 3255 1077 3325 perturbetur.
1129 3250 1201 3304 At
1243 3263 1348 3304 non
1403 3250 1533 3304 item
1592 3249 1940 3315 monachum,

360 3352 451 3422 qui
480 3351 735 3406 ﬁduciam
775 3347 828 3402 in
867 3346 979 3400 Deo
1010 3345 1242 3414 positam
1283 3341 1503 3408 habere,
1533 3354 1599 3396 ac
1628 3339 1784 3406 Sion,
1822 3348 1944 3395 tau-

361 3456 521 3512 quam
574 3448 832 3502 montem,
889 3433 1277 3491 conscendisse
1320 3432 1500 3497 debet.
1552 3432 1692 3501 Quid
1749 3433 1940 3505 igitur,

359 3529 465 3604 pro'
497 3547 561 3587 eo
590 3531 730 3599 quod
764 3528 995 3584 Domino
1047 3534 1165 3581 tuto
1215 3523 1375 3579 inniti
1438 3539 1504 3580 ac
1555 3541 1771 3582 crucem
1820 3526 1944 3581 reli-

359 3624 677 3696 giosaevitae
706 3621 961 3676 comitem
1004 3618 1205 3672 habere
1256 3615 1515 3680 debebas,
1565 3616 1682 3672 loca
1715 3616 1944 3674 subinde

359 3727 696 3779 cununutas,
736 3713 1073 3781 pinguiorem
1101 3708 1301 3778 potius,
1325 3718 1394 3764 ut
1418 3708 1648 3776 videtur,
1676 3725 1941 3776 mensam,

360 3823 522 3878 quam
574 3805 867 3859 ﬁrmiorem
914 3816 978 3856 ac
1015 3798 1327 3854 solidiorem
1380 3800 1742 3857 eruditionem
1796 3816 1945 3872 qua:-

357 3897 526 3955 rens?
559 3898 638 3951 Ac
675 3896 791 3958 tibi,
849 3895 899 3947 ni
942 3891 1122 3959 fallor,
1174 3890 1316 3947 istud
1346 3893 1639 3960 continget,
1673 3904 1731 3947 ut
1767 3893 1944 3947 omni-

359 3989 460 4043 bus
488 3986 705 4041 lsraelis
736 3982 982 4049 urbibus,
1026 3992 1191 4051 atque
1233 3982 1488 4036 omnibus
1525 3991 1683 4036 terra:
1710 3982 1940 4037 recessi-

361 4084 482 4147 bus,
524 4093 671 4144 cum,
697 4075 1003 4145 liujusmodi
1033 4085 1225 4129 ventre
1269 4084 1434 4143 atque
1464 4074 1630 4127 animi
1668 4074 1939 4139 instituto,

360 4171 681 4241 peragratis,
716 4167 952 4238 Euripus
983 4166 1206 4238 quidam
1243 4166 1341 4231 sis,
1381 4168 1527 4222 omni
1562 4168 1768 4222 nidoris
1794 4168 1944 4224 cibo-

358 4280 476 4317 rum
506 4273 667 4317 vento
695 4260 1080 4327 circumactus,
1099 4274 1159 4314 ac
1176 4244 1435 4329 perpetua
1462 4257 1830 4314 instabilitate
1862 4258 1941 4315 la-

355 4355 573 4409 berans.

612 4464 769 4521 XLII.
800 4496 872 4507 —-
898 4461 1304 4523 ARCHONTIO
1335 4465 1688 4522 MONACHO.

616 4581 991 4651 Interpretatio
1029 4583 1083 4635 in
1118 4582 1352 4636 divinum
1388 4580 1688 4638 carbonem.

425 4696 615 4759 lsaias,
663 4695 744 4747 vir
796 4710 1006 4747 summa
1057 4694 1391 4764 perSpicacia
1443 4699 1943 4765 prazditus,carbo-

355 4809 477 4845 nem
507 4805 573 4842 ex
606 4788 762 4841 altari
808 4787 1014 4856 forcipe
1058 4789 1180 4842 tulit
1208 4789 1276 4856 “,
1307 4790 1514 4843 Domini
1561 4793 1732 4847 nostri
1762 4794 1943 4849 incar-

353 4883 633 4938 nationem
693 4880 999 4937 clarissime
1063 4883 1420 4953 perspiciens.
1488 4882 1593 4940 Per
1647 4886 1941 4944 carbonem

2047 3158 2186 3224 ϐειν,
2222 3161 2359 3231 πρὸς
2384 3162 2570 3216 πᾶσαν
2597 3162 2710 3234 (40)
2742 3163 2961 3234 κίνησιν
3000 3165 3097 3219 καὶ
3130 3164 3261 3238 βοὴν
3292 3167 3644 3239 ταρασσόμε-

2045 3270 2155 3306 νον.
2175 3252 2315 3306 ‘AD.’
2345 3253 2467 3324 οὐχὶ
2501 3254 2756 3325 μοναχὸν,
2787 3251 2926 3328 [τὸν]
2960 3256 3054 3313 ἐπὶ
3083 3259 3293 3330 Κύριον
3317 3259 3644 3313 πεποιθέναι

2045 3344 2351 3416 ὀφείλοντα,
2391 3346 2486 3400 καὶ
2531 3346 2608 3410 ὡς
2653 3347 2779 3415 ὅρος
2834 3348 2974 3404 Σιὼν
3009 3347 3320 3422 βεϐηκέναι.
3350 3351 3415 3404 Τί
3458 3350 3642 3406 τοίνυν

2045 3434 2362 3490 καταλιπὼν
2400 3436 2462 3489 τὸ
2504 3436 2809 3507 ἐρείδεσθαι
2848 3439 3110 3508 ἀσφαλῶς
3149 3440 3242 3493 ἐπὶ
3281 3440 3508 3513 Κύριον,
3541 3444 3642 3498 καὶ

2046 3526 2283 3599 σταυρὸν
2314 3527 2482 3598 ἔχειν,
2510 3528 2612 3600 τὴν
2641 3527 2936 3583 ἀκόλουθον
2969 3531 3206 3602 ἄσκησιν
3226 3548 3239 3563 ο
3273 3533 3437 3587 τόπον
3462 3552 3641 3604 μετα-

2046 3616 2264 3681 ϐάλλεις
2289 3618 2355 3671 ὲκ
2380 3618 2548 3671 τόπου
2568 3635 2582 3649 ’
2618 3618 2841 3689 μᾶλλον,
2867 3619 2944 3683 ὡς
2974 3619 3141 3687 ἔοικε,
3174 3624 3454 3694 τράπεζαν
3474 3624 3644 3697 ἁϐροο

2043 3711 2232 3783 τέραν,
2260 3710 2376 3765 ἀλλ’
2403 3712 2465 3764 ού
2519 3711 2803 3766 παίδευσιν
2850 3715 3213 3786 στερροτέραν
3263 3713 3478 3787 ζητῶν;
3529 3717 3642 3772 Καὶ

2047 3800 2386 3873 συμϐήσεταί
2435 3818 2539 3867 σοι,
2590 3801 2667 3864 ὡς
2719 3795 2895 3872 οἶμαι,
2946 3802 3127 3867 πάσας
3170 3803 3276 3868 τὰς
3317 3804 3503 3869 πόλεις
3541 3806 3640 3861 τοῦ

2059 3891 2295 3963 Ἰσραὴλ,
2325 3892 2421 3945 καὶ
2448 3893 2627 3956 πάσας
2647 3892 2745 3956 τὰς
2770 3894 3031 3963 ἐσχατιὰς
3053 3895 3152 3965 τῆς
3169 3896 3274 3966 γῆς
3298 3896 3437 3967 μετά
3457 3896 3640 3951 τοιαύο

2044 4002 2146 4056 της
2178 3983 2442 4056 γαστρὸς,
2472 3985 2568 4039 καὶ
2605 3984 2833 4057 γνώμης
2876 3987 3179 4059 περιιόντα,
3214 3987 3452 4061 Εὔριπον
3498 3985 3642 4043 εἷναί

2044 4093 2186 4139 τινα,
2207 4075 2372 4129 παντὶ
2402 4075 2592 4147 ἀνέμῳ
2613 4076 2842 4147 κνίσσης
2867 4079 3320 4151 περιφερόμενον,
3346 4081 3447 4134 καὶ
3472 4081 3642 4153 μέχρι

2046 4167 2250 4233 παντὸς
2279 4166 2642 4224 ἀστατοῦντα.

2334 4472 2470 4526 MB’.
2524 4502 2594 4513 -—
2646 4470 3002 4544 ΑΡΧΟΝΤΙῼ
3040 4476 3352 4550 ΜΟΝΑΧῼ.

2376 4588 2693 4660 Ἐρμηνεία
2716 4593 2804 4657 εις
2829 4591 2993 4646 θεῖον
3016 4592 3305 4663 ἄνθρακα.

2118 4707 2198 4778 Τῇ
2238 4706 2413 4760 λαϐίδι
2461 4706 2655 4761 ἔλαϐεν
2693 4711 2721 4762 ὁ
2770 4709 3229 4784 διορατικώτατος
3259 4713 3488 4779 Ἡσαΐας
3546 4715 3643 4770 τὸν

2047 4798 2113 4852 ὲκ
2144 4798 2236 4852 τοῦ
2266 4797 2659 4870 θυσιαστηρίου
2696 4800 2967 4873 ἄνθρακα,
2997 4802 3099 4875 τὴν
3120 4802 3214 4856 τοῦ
3244 4805 3454 4875 Κυρίου
3481 4806 3641 4877 ἡμῶν

2047 4887 2467 4961 ὲνανθρώπησιν
2516 4889 2740 4963 θεωρῶν
2776 4893 3195 4965 τηλαυγέστατα
3228 4895 3364 4969 (41).
3397 4898 3643 4970 ’Δνθραξ

425 5018 473 5051 ⁸³
503 5016 548 5071 ll
581 5016 712 5089 Reg.
756 5032 942 5083 xxxiv,
986 5016 1057 5071 15
1086 5032 1238 5090 seqq.
1318 5018 1367 5052 ⁵⁸
1405 5019 1544 5075 Psal.
1581 5036 1786 5089 cxxvu,
1816 5024 1874 5081 2.
1950 5027 1998 5060 “
2026 5026 2135 5084 lsa.
2162 5042 2249 5101 γι,
2275 5025 2328 5082 6.

1432 5136 1667 5193 VARIA'J
1710 5140 2098 5240 LECTIONFS
2137 5146 2226 5203 ET
2274 5144 2509 5202 NOTAE.

425 5296 535 5370 ('59)
566 5296 690 5371 Haec
722 5297 775 5351 in
803 5297 912 5371 Αιι.
933 5295 1269 5371 inscribitur,
1294 5309 1399 5371 rion
1423 5294 1608 5371 Τούϐᾳ
1636 5297 1743 5371 sed
1761 5298 1934 5371 Τούρ-

353 5364 752 5443 ϐαστρατιώτῃ
783 5406 798 5431 ,
828 5364 1059 5443 "Turbo"
1074 5367 1270 5443 pri!t'ti_._
1299 5366 1450 5443 vers.
1497 5367 1532 5422 5
1577 5364 1685 5443 pro
1709 5364 1935 5443 ,διάγειν

351 5435 412 5495 ἐν
440 5435 594 5496 πόλει
622 5435 779 5493 codd.
828 5436 952 5491 Vat.
1000 5435 1104 5490 649
1131 5449 1184 5489 et
1210 5436 1319 5489 Alt.
1351 5436 1535 5504 legunt
1573 5437 1806 5493 διαθέειν
1827 5435 1934 5504 ’τὴν

352 5509 527 5564 πόλιν.
565 5508 726 5563 Vers;
762 5508 796 5562 5
847 5509 1091 5561 lacunam
1140 5509 1405 5561 asterisco
1446 5508 1738 5561 iudicatam
1770 5508 1927 5566 codd.

353 5580 679 5635 [turbt-riuus
712 5591 765 5631 et
812 5578 920 5631 Alt.
974 5576 1195 5644 explent
1228 5576 1473 5631 addendo
1503 5577 1625 5633 καί.
1669 5577 1818 5637 Vers.
1851 5582 1933 5634 ul-

350 5651 484 5720 timo
500 5651 654 5704 codd.
694 5648 815 5702 Vat.
854 5646 957 5720 649
981 5656 1031 5699 et
1064 5646 1170 5701 Alt.
1198 5663 1305 5704 nou
1334 5647 1472 5703 male
1512 5648 1673 5714 πόνος
1704 5666 1801 5720 pro
1830 5653 1931 5705 πό⁸

347 5717 510 5791 λεμος
536 5720 887 5777 substituunt.
919 5717 1133 5773 Possm.

2116 5302 2231 5375 (40)
2262 5301 2536 5357 Lacunam
2573 5305 2790 5375 explent
2820 5306 2979 5359 umbo
3006 5306 3164 5361 iidem
3191 5308 3352 5363 codd.
3388 5306 3549 5365 Barb.
3584 5321 3642 5365 et

2042 5372 2149 5427 Alt.
2173 5372 2618 5448 inserenduocai.
2645 5372 2815 5448 'Vers.
2855 5376 2908 5441 8,
2961 5380 3082 5430 coll.
3124 5376 3235 5431 Alt.
3275 5380 3638 5448 μεταϐάλλεις

2042 5445 2211 5499 vertit
2237 5446 2294 5514 in
2329 5443 2741 5514 μεταλλάττεις.
2779 5446 2992 5501 Possm.

2112 5513 2225 5583 (41)
2261 5513 2416 5590 Quod
2457 5516 2524 5590 in_
2553 5517 2723 5590 editis
2757 5527 2860 5582 est,
2915 5517 3143 5590 θεωρῶν
3192 5520 3636 5589 τηλαυγέστατα,

2038 5583 2148 5661 QII:
2225 5585 2359 5661 _cod.
2441 5586 2662 5642 exhibet
2724 5587 2979 5661 προορῶν
3033 5583 3446 5661 ’τηλαυγότατω
3507 5583 3636 5651 ι)οεὶ

2038 5652 2493 5737 ἔνθραξηχςτευε
2548 5652 2831 5737 εειιυοιιίὶε
2870 5652 3027 5737 ’ίῴειιι
3064 5652 3246 5737 tua;
3301 5661 3635 5737 astipulante

2041 5724 2217 5780 Vatic.
2256 5724 2382 5791 6-19,
2422 5724 2639 5798 supplet
2663 5729 2793 5799 γάρ,
2853 5730 3008 5800 cujus
3046 5724 3299 5788 defectus
3358 5724 3427 5787 in'
3467 5733 3633 5790 editis
