3986 6390
388 408 487 486 ait
1565 411 1623 469 s.
1671 412 1964 472 ISI'DORI
2000 374 2440 474 PELUSIOTtE
3557 409 3664 473 eis

393 529 565 585 nugas
587 513 800 585 templis
831 515 1050 584 (quibus
1077 515 1348 570 silentium
1389 531 1549 570 omne
1575 519 1818 586 debetur)
1852 519 1964 574 col-

2090 519 2296 591 ἰσχατον
2328 520 2559 572 πέπεισο
2586 518 2803 586 ἐξωθῶν
2833 516 3028 572 σαυτὸν
3058 516 3438 588 κατακρίσεως
3477 515 3664 570 κίνδο-

394 607 681 676 loquiaque
732 607 908 674 turpia
953 616 1007 661 et
1060 617 1411 678 prmpostera,
1456 608 1799 677 nefariaSque
1847 625 1962 664 ma-
2071 629 2180 669 νον.

395 713 562 752 nuum
595 697 968 766 impositiones
1007 696 1270 766 inferens,
1307 701 1406 755 hoc
1482 714 1798 769 persuasum
1842 702 1997 769 habe,
2040 706 2186 774 quod
2254 706 2307 760 in
2341 716 2646 762 extremum
2697 704 3168 760 condemuationis
3214 715 3272 760 et
3325 703 3480 757 exilii
3521 703 3669 773 peri-

393 791 573 847 culum
608 791 836 860 teipsum
869 789 1132 859 impelles.

655 904 838 963 XLVI.
869 939 940 948 —
974 908 1186 964 MENAEI
1216 909 1722 968 SCIIOLASTICO.

2387 893 2535 963 MCT.
2574 891 2861 962 -ΜΗΝᾼ
2899 890 3356 962 ΣΧΟΛΑΣΤΙΚῼ.

974 1015 1049 1070 De
1079 1017 1396 1072 actionibus.

2599 1007 2738 1075 Περὶ
2782 1003 3147 1074 πρακτικῶν.

465 1131 722 1186 Actiones
773 1132 1117 1188 sermonibus
1163 1133 1304 1188 haud
1355 1133 1638 1203 indigent:
1684 1135 1788 1189 illa:
1826 1136 1971 1190 enim

2154 1123 2233 1176 Τὰ
2292 1122 2593 1195 πράγματα
2639 1122 2812 1190 λόγων
2857 1121 2916 1174 ού
2965 1119 3161 1190 χρῄζει
3191 1118 3325 1189 (45).
3363 1117 3510 1171 seca:
3559 1119 3671 1189 γάρ

393 1233 703 1293 apparent:
731 1240 1016 1281 sermones
1065 1234 1242 1279 autem
1278 1228 1478 1296 potius,
1523 1238 1582 1282 ut
1623 1229 1674 1282 in
1727 1229 1967 1284 actiones

2095 1220 2198 1269 ἐστι
2235 1216 2536 1284 φαινόμενα
2559 1229 2571 1242 ⁸
2617 1214 2666 1266 οἱ
2717 1212 2865 1280 λόγοι
2909 1211 2966 1263 δὲ
3006 1210 3205 1280 μᾶλλον
3242 1209 3384 1281 [τοῦ]
3412 1210 3669 1277 γενέσθαι

393 1325 697 1380 vertantur,
744 1331 881 1385 opus
927 1317 1170 1370 habent:
1213 1328 1265 1371 et
1314 1319 1531 1386 quidem
1582 1319 1704 1387 ipsi,
1755 1321 1799 1374 si
1849 1335 1967 1373 cum

2092 1307 2385 1377 πράγματα
2409 1303 2619 1356 δέονται
2643 1302 2738 1356 καὶ
2777 1302 2954 1364 αὐτοὶ,
2989 1302 3037 1353 εἰ
3072 1301 3402 1370 σεμνότητος
3431 1300 3666 1370 ἔχονται.

396 1404 680 1460 honestate
714 1415 768 1460 et
804 1407 1074 1476 gravitate
1126 1409 1400 1476 conjuncti
1435 1412 1565 1463 sint.
1608 1409 1970 1476 Quamobrem

2097 1400 2145 1452 Ei
2187 1398 2366 1451 τοίνυν
2415 1395 2626 1467 βούλοιο
2665 1394 2956 1465 ἀμφότερα.
2989 1395 3223 1464 φανῆναι
3275 1393 3542 1464 ἀοίδιμος,
3574 1392 3671 1447 καὶ

396 1495 442 1550 si
475 1495 573 1550 tibi
609 1496 761 1551 cordi
789 1507 874 1551 est
913 1497 1170 1568 utrinque
1209 1497 1499 1565 celebrari,
1529 1500 1596 1554 da
1625 1515 1870 1569 Operam,
1917 1508 1970 1555 ut

1673 1515 1870 1569 peram,
1917 1508 1976 1555 ιη
2084 1491 2291 1560 πρᾶττε
2330 1488 2583 1558 λογικῶς,
2615 1487 2708 1540 καὶ
2741 1485 2867 1554 λέγε
2906 1485 3247 1554 πρακτικῶς,

395 1594 454 1640 et
479 1597 788 1640 sermonem
830 1583 898 1640 ad
942 1587 1235 1656 actionem,
1282 1597 1336 1644 et
1368 1589 1640 1645 actionem
1673 1591 1738 1645 ad
1766 1605 1975 1646 sermu-

399 1688 520 1730 ncni
547 1674 832 1746 adjungas.

682 1787 892 1844 xnvn.
928 1820 1000 1831 —
1026 1789 1324 1849 NEMESIO
1353 1750 1700 1852 Peterem.
2011 1840 2059 1903 Β

2011 1840 2059 1903 Β
2403 1799 2532 1853 ΜΖυ.
2569 1825 2637 1840 --
2670 1797 2980 1868 ΝΕΜΕΣΙῼ
3020 1795 3353 1850 APXONTI.

999 1904 1079 1960 Ad
1105 1917 1376 1977 prtetores.

2620 1909 2777 1976 Πρὸς
2812 1906 3128 1976 ἄρχοντας.

473 2017 730 2074 Pratum
779 2019 1078 2075 auctoritas
1124 2029 1180 2076 et
1221 2021 1485 2092 potentia,
1510 2023 1612 2079 nisi
1663 2034 1979 2079 mansuetu-

2164 2020 2230 2074 'H
2255 2023 2354 2092 τῆς
2384 2019 2561 2092 ἀρχῆς
2593 2018 2832 2084 ἐξουσία,
2863 2019 2911 2070 εί
2945 2019 3018 2088 μὴ
3047 2018 3317 2090 κέκραται
3347 2017 3668 2087 ἠμερότητι,

402 2109 528 2164 dine
590 2109 876 2164 condiatur
926 2109 1137 2180 ipsique
1184 2113 1424 2168 suavitas
1492 2111 1603 2168 Deo
1662 2113 1976 2168 ministrans

2097 2115 2176 2168 ta‘t
2200 2112 2422 2168 ἐπανθεῖ
2452 2113 2588 2184 αὐτῇ
2616 2114 2648 2183 ἡ
2683 2111 2804 2183 Θεῷ
2832 2111 3154 2166 διακονοῦσα
3181 2112 3504 2180 προσήνεια,
3529 2111 3671 2163 ἀπό-

414 2201 688 2272 aiIulgeat,
737 2203 1044 2273 arrogantia
1090 2204 1269 2273 putius
1306 2216 1392 2260 est
1440 2217 1495 2261 et
1538 2207 1871 2262 immanitas.
1923 2205 1981 2260 Si

2099 2209 2202 2263 miti
2233 2209 2350 2260 ἐστι
2382 2207 2493 2278 (46)
2533 2207 2734 2278 μᾶλλον
2766 2207 2860 2259 καὶ
2892 2206 3173 2276 ἁγριότης.
3212 2206 3274 2258 Et
3316 2205 3371 2257 δὲ
3398 2204 3477 2274 τῷ
3510 2205 3673 2275 πράῳ

402 2307 533 2349 vero
589 2293 863 2349 lenitatem
921 2296 1207 2351 adiiiistam
1251 2297 1470 2364 habeat,
1519 2314 1582 2352 ac
1625 2314 1717 2368 per
1747 2314 1864 2352 eam
1892 2297 1976 2368 jus

2098 2299 2294 2371 μιγείη,
2327 2299 2422 2352 καὶ
2446 2299 2621 2369 τούτῳ
2658 2297 2826 2351 ἰθύνει
2852 2299 2913 2351 τὸ
2937 2297 3165 2361 δίκαιον,
3183 2297 3275 2350 καὶ
3300 2295 3534 2366 εὐθύτης
3555 2298 3672 2349 ἐστὶ

405 2393 562 2455 regat
604 2393 660 2441 et
713 2385 1024 2441 moderetur
1062 2405 1076 2441 :
1114 2397 1225 2444 tum
1259 2391 1478 2445 demum
1515 2402 1569 2445 et
1612 2391 1898 2462 integritas
1929 2401 1979 2444 et

2097 2398 2180 2450 καὶ
2220 2394 2527 2465 χρηστότης
2579 2391 2674 2446 καὶ
2718 2390 2835 2453 ὁδὸς
2863 2389 3142 2459 εὐνομίας,
3181 2389 3274 2442 καὶ
3327 2388 3671 2460 πραγμάτων

406 2476 712 2546 benignitas
754 2486 858 2546 est,
885 2487 941 2534 et
965 2479 1237 2546 aequitatis
1278 2482 1387 2545 via,
1415 2494 1468 2535 et
1507 2499 1684 2538 rerum
1718 2484 1984 2554 tranquil-
2087 2488 2317 2557 γαλήνη.

404 2567 547 2622 Iitus.

567 2656 798 2715 XLVIII.
832 2691 902 2706 --
937 2660 1311 2721 EPAGATIIO
1339 2663 1824 2722 PRESBYTERO.

2327 2667 2468 2721 una
2499 2694 2569 2705 -
2594 2661 2910 2734 ammon
2949 2660 3427 2731 ΠΡΕΣΒΥΤΕΡῼ.

490 2773 600 2828 Cur
631 2776 888 2832 Dominus
907 2778 961 2832 in
995 2786 1145 2833 utero
1169 2779 1461 2846 descriptus
1497 2790 1573 2835 est
1599 2791 1648 2836 et
1689 2798 1900 2835 censum

2144 2785 2248 2838 Διὰ
2277 2783 2332 2836 τί
2359 2781 2677 2851 ἀπεγράφη
2702 2782 2736 2834 ό
2760 2780 2976 2851 Κύριος
3000 2778 3080 2851 et
3090 2777 3313 2847 μήτρᾳ,
3356 2774 3617 2844 ὕστερον

612 2867 621 2873 ·
1066 2851 1329 2918 pependit.

2467 2847 2535 2906 δὲ
2573 2847 2673 2907 καὶ
2712 2849 2949 2919 κῆνσον
2985 2847 3290 2904 ἐτέλεσεν.

480 2961 797 3031 Descriptus
840 2971 923 3018 est
974 2963 1234 3017 Dominus
1282 2979 1408 3018 cum
1455 2973 1609 3020 utero
1663 2974 1985 3035 gestaretur,

2179 2969 2498 3039 Ἀπεγράφη
2549 2970 2577 3021 ὁ
2624 2967 2829 3037 Κύριος
2878 2968 2944 3036 τῇ
3001 2966 3187 3035 μήτρᾳ
3212 2961 3322 3034 (47)
3355 2961 3674 3032 φερόμενος,

411 3058 467 3105 et
497 3064 722 3105 censum
750 3049 948 3105 Cmsari
986 3052 1241 3121 pependit
1267 3051 1314 3084 ⁵⁸
1344 3071 1358 3107 :
1398 3054 1526 3109 hinc
1555 3055 1804 3112 videlicet
1841 3055 1985 3110 velut

2105 3063 2189 3117 καὶ
2228 3062 2426 3132 κῆνσον
2472 3059 2686 3113 ἐτέλεσε
2737 3059 2996 3128 Καίσαρι,
3026 3057 3102 3127 τῷ
3129 3057 3321 3128 κράτει
3368 3052 3679 3124 νομοθετῶν

410 3139 517 3194 lata
549 3139 666 3210 lege
696 3141 856 3195 nobis
886 3140 1158 3206 indicens,
1193 3153 1252 3200 ut
1279 3145 1352 3211 ei,
1383 3143 1477 3215 qui
1505 3146 1788 3216 imperium
1815 3157 1984 3214 tenet,

2104 3152 2520 3215 ὑποτάσσεσθαι,
2570 3152 2698 3205 ὅταν
2761 3149 2927 3221 μηδὲν
2976 3148 3345 3239 παραϐλάτττῃ
3395 3145 3532 3239 ⁸τρὸς
3578 3144 3678 3215 τὴν

411 3229 748 3294 obediamus.
804 3235 962 3288 modo
1004 3234 1139 3289 nihil
1169 3235 1236 3290 ad
1275 3236 1530 3306 pietatem
1568 3238 1881 3294 detrimenti
1911 3239 1985 3294 ai-

2103 3243 2480 3298 εύσέϐειαν.¹“Λ
2509 3242 2689 3294 τοίνυν
2722 3240 2886 3303 αὐτὸς
2916 3241 2943 3292 ό
2973 3239 3106 3302 Θεὸς
3133 3237 3290 3309 ἡμῶν
3315 3237 3433 3291 κατ’
3467 3237 3677 3290 οἰκονο-

413 3322 571 3378 ferat.
618 3322 746 3388 Quae
791 3324 958 3394 igitur
987 3325 1100 3396 ipse
1130 3327 1269 3382 Deus
1306 3336 1513 3394 noster,
1541 3330 1726 3384 subita
1760 3346 1855 3400 per
1883 3331 1987 3387 dis-

2107 3337 2228 3408 μίαν
2260 3334 2584 3405 πτωχεύσας
2623 3331 2884 3398 ἐδίδαξεν,
2913 3330 3272 3401 εὐγνωμόνως
3307 3329 3470 3400 ἡμεῖς
3508 3344 3681 3398 μιμη-

411 3414 786 3484 pensationem
826 3427 880 3472 et
925 3418 1211 3473 consilium
1247 3428 1590 3489 paupertate,
1625 3423 1831 3488 docuit,
1865 3439 1985 3477 can-

2103 3427 2342 3499 σώμεθα,
2374 3426 2467 3479 καὶ
2513 3426 2589 3496 μὴ
2638 3423 2836 3494 σκήψει
2871 3420 3126 3492 πτωχῶν,
3161 3420 3254 3474 τὸν
3283 3419 3448 3490 φόρον
3499 3415 3677 3489 ἀρνῶ-

411 3505 540 3561 dido
563 3507 744 3562 animo
798 3507 1094 3576 imitemur,
1148 3525 1249 3564 nec
1296 3526 1594 3580 pauperum
1627 3515 1852 3568 obtentu
1891 3515 1991 3570 tri-
2099 3521 2257 3592 μεθα.

414 3593 602 3651 butum
628 3599 865 3666 pendere
895 3601 1278 3656 detrectemus.

571 3709 674 3782 15
704 3710 890 3767 XLIX.
916 3743 986 3754 -—
1009 3712 1238 3769 PAULO
1263 3713 1836 3791 βωΝυΒιΑιιοιιΑς.

2341 3722 2475 3778 Μθο.
2507 3752 2578 3762 -
2605 3719 2836 3789 ΠΑΥΛῼ
2875 3715 3423 3786 ΛΡΧΙΜΑΝΔΡΙΤῌ.

749 3822 1023 3889 Quomodo
1055 3826 1271 3896 pigritia
1298 3829 1366 3882 sit
1402 3827 1674 3898 fugienda.
2133 3831 2265 3897 Πῶς
2311 3848 2323 3884 1

2133 3831 2265 3897 Πῶς
2311 3829 2425 3899 τὴν
2463 3829 2681 3897 ἀργίαν
2711 3825 3196 3899 ἀποστρέφεσθαι
3231 3823 3370 3894 χρὴ,
3401 3822 3502 3878 καὶ
3535 3822 3644 3890 τὰς

2488 3895 2812 3970 μαρτυρίας
2851 3895 3269 3964 προϐάλλεται.

484 4001 787 4070 Ingentem,
827 4014 885 4060 ut
932 4005 1000 4061 ad
1042 4021 1127 4063 me
1157 4007 1375 4063 allatum
1416 4019 1520 4073 est,
1554 4010 1781 4068 fratrum
1813 4015 1994 4070 multi-

2167 4015 2396 4084 Πολλὴν,
2425 4015 2501 4076 ὡς
2547 4012 2736 4080 ἔγνων,
2767 4010 2976 4080 πληθὺν
3022 4007 3266 4078 ἀδελφῶν
3312 4008 3681 4078 συναγήοχας,

416 4093 657 4148 tudinem
709 4096 996 4166 collegisti,
1053 4099 1142 4168 qui
1197 4111 1342 4156 recte
1384 4103 1602 4171 quidem
1631 4120 1695 4158 ac
1731 4105 1990 4174 praeclare

2104 4106 2274 4168 καλῶς
2303 4106 2402 4176 μὲν
2439 4109 2537 4175 ζῇν
2572 4103 2882 4166 ἐθιζόντων,
2914 4100 3090 4172 ἀργὰς
3115 4101 3174 4154 δέ
3206 4102 3397 4172 χεῖρας
3420 4099 3678 4169 ἐχόντων.

415 4189 601 4243 vivere
651 4190 884 4258 soleant,
943 4207 1125 4249 verum
1176 4196 1378 4252 inertes
1430 4212 1494 4252 ac
1536 4199 1750 4253 desides
1802 4215 1989 4254 manus

2107 4199 2267 4252 Γοῦτο
2299 4198 2355 4251 δὲ
2389 4196 2512 4250 οὔτε
2543 4195 2695 4267 παρὰ
2724 4193 2965 4267 Χριστοῦ
2995 4185 3152 4262 εὗρες
3184 4192 3527 4262 τελούμενον,
3550 4188 3681 4244 οὔτε

417 4281 672 4336 habeant.
717 4282 828 4338 lloc
871 4295 1051 4342 autem
1092 4302 1192 4343 nec
1236 4303 1265 4342 a
1316 4287 1535 4344 Christo
1574 4289 1800 4354 factum,
1834 4305 1933 4345 nec
1962 4306 1991 4345 a

2107 4290 2250 4360 παρὰ
2280 4288 2491 4342 Παύλου
2538 4289 2630 4342 τοῦ
2681 4285 2846 4356 σοφοῦ
2890 4285 3214 4341 διδασκάλου
3243 4282 3681 4356 τηρούμενον.⁹0

414 4370 584 4429 Paulo
627 4375 863 4444 sapienti
906 4378 1126 4435 doctore
1164 4380 1517 4436 observatum
1549 4381 1823 4451 reperisti‘.
1855 4381 1988 4438 Nam

2109 4382 2197 4452 μιέν
2233 4381 2342 4452 γὰρ
2387 4380 2483 4434 καὶ
2529 4378 2829 4448 ἀμπελῶνα
2857 4378 2992 4450 (48),
3033 4377 3127 4432 καὶ
3166 4375 3430 4448 ἐργασίαν
3463 4375 3557 4428 καὶ
3587 4391 3683 4444 μι-

415 4462 508 4517 ille
531 4473 585 4516 et
607 4465 842 4536 vineam,
868 4477 922 4522 et
951 4485 1192 4537 operam,
1214 4486 1276 4524 ac
1300 4470 1562 4536 laborem,
1605 4481 1660 4526 et
1687 4477 1988 4528 mercedem

2107 4474 2223 4527 σθὸν
2269 4474 2356 4525 ἐπ’
2385 4471 2534 4542 αὐτῷ
2570 4471 3004 4539 ἐπαγγέλλεται·
3035 4472 3062 4524 ὁ
3099 4469 3156 4523 δέ
3196 4466 3526 4538 ἐργάζεσθαι
3557 4469 3681 4531 ταῖς

415 4553 486 4608 ob
514 4568 637 4610 eum
670 4557 960 4625 pollicetur
987 4563 1032 4596 ⁸³
1069 4580 1082 4616 :
1129 4563 1217 4617 hic
1254 4572 1432 4616 autem
1469 4564 1720 4620 manibus
1750 4566 1985 4635 operari,

2108 4567 2274 4635 χερσὶ,
2304 4566 2398 4618 καὶ
2447 4540 2671 4636 μηδενὸς
2720 4563 3069 4636 προσδεῖσθαι
3100 4561 3362 4627 ἐδίδαξεν.
3394 4561 3455 4614 Εί
3497 4558 3682 4614 τοίνυν

414 4651 477 4699 ut
512 4645 711 4703 nullius
743 4651 944 4708 auxilio
991 4669 1126 4724 opus
1169 4655 1488 4721 habeamus,
1520 4649 1988 4726 docuit"'.Quo—

2108 4658 2192 4711 καὶ
2224 4657 2446 4729 Χριστῷ
2494 4655 2656 4729 πείθῃ
2692 4654 2770 4725 τῷ
2801 4653 2940 4725 Θεῷ,
2970 4654 3064 4708 καὶ
3095 4652 3306 4708 Παῦλον
3338 4653 3428 4706 τὸν
3475 4653 3682 4706 πάνσο-

484 4807 533 4840 ⁵⁸
568 4807 701 4865 Luc.
738 4825 801 4878 ιι,
825 4811 892 4878 5;
935 4811 1120 4867 Matth.
1157 4829 1287 4879 xvn,
1319 4817 1408 4871 26.
1510 4815 1555 4846 θ’
1588 4813 1778 4868 Matth.
1813 4830 1902 4880 xx,
1957 4814 2178 4882 Lseqq.
2264 4803 2373 4864 "'l
2403 4809 2564 4864 Thes.
2597 4810 2778 4892 iv,lt.

1515 5006 1748 5062 VARle
1791 5005 2181 5061 LECTIONES
2219 5003 2308 5059 ΕΤ
2348 5003 2583 5059 NOTAE.

487 5182 601 5254 (45)
655 5181 1097 5258 T&__:{pd7_jpara
1124 5185 1324 5252 λόγων
1351 5184 1422 5237 οὺ
1468 5181 1684 5258 ﬂagitet.
1716 5182 1828 5238 IIoc
1855 5182 1984 5258 illud

2106 5192 2274 5258 exstat
2319 5182 2614 5258 ῥιπονοίας-
2661 5183 2866 5258 μᾶλλόν
2922 5186 3428 5258 ἐστιν’-ἀγριότηᾳ
3465 5187 3680 5243 Possm.

413 5252 508 5310 est
545 5252 688 5321 quod
718 5252 1022 5326 dixithicA.
1068 5263 1123 5307 et
1167 5265 1260 5326 est
1288 5269 1387 5326 usu
1446 5253 1850 5326 tritissimuntj
1896 5253 1987 5308 ubi

2168 5253 2282 5320 (47)
2319 5252 2422 5326 Pro
2451 5255 2517 5321 τῇ
2550 5253 2734 5326 μήτρα
2765 5254 2891 5326 legit
2923 5254 3044 5326 cod.
3070 5255 3176 5309 Alt.
3196 5252 3425 5326 μητέρι,
3455 5268 3510 5311 et
3533 5274 3680 5315 vers.

410 5323 920 5397 rerum_testim_onia
938 5324 1154 5397 adsun_t,
1174 5323 1299 5397 quid
1319 5336 1460 5397 opus
1480 5331 1564 5376 est
1580 5321 1756 5397 verbis
1774 5323 1797 5397 ’ξ
1818 5321 1984 5397 Bm.

2105 5323 2427 5397 antepenult.
2464 5321 2559 5390 pro
2587 5321 3071 5397 necessest”,
3119 5321 3420 5397 οἰκονομία.
3461 5329 3679 5383 Possm.

485 5422 567 5465 —_
598 5391 750 5446 Vers.
784 5394 806 5445 1
844 5409 1028 5465 vocem
1065 5389 1206 5465 αὑτά
1236 5408 1339 5446 non
1371 5391 1539 5465 l_i_ahet
1571 5392 1692 5465 cpd.
1720 5391 1860 5465 _Alt.,
1889 5392 1990 5465 _se_d
2175 5392 2286 5462 (i8)
2320 5389 2553 5465 Versus
2583 5403 2727 5465 tres,
2780 5393 2846 5444 ab
2874 5389 2978 5448 illis
3040 5411 3234 5465 nempe
3277 5389 3481 5461 verbis,
3518 5400 3546 5450 ὀ
3579 5399 3682 5464 μὲν

415 5463 534 5536 ejus
554 5461 674 5518 loco
715 5463 944 5536 reponit,
993 5461 1318 5536 πράγματα.
1376 5459 1531 5536 Ϋοιςιξ.
1590 5459 1748 5536 ξτοῦ
1781 5461 1989 5536 uncinis

2109 5459 2207 5536 γᾴρ
2247 5461 2889 5536 καξλάμπελῶναηθιιιη
2934 5479 3121 5536 usque
3159 5459 3223 5518 ad
3275 5466 3411 5536 illaL
3427 5459 3683 5536 προσδεῖ-

419 5530 684 5601 inclusum
723 5533 834 5586 tolli
865 5530 1086 5585 omnino
1129 5531 1326 5601 debet,
1353 5531 1400 5601 _s_i
1447 5530 1724 5601 Sfurtiano
1753 5532 1994 5601 creditur
2102 5530 2228 5586 σθαι
2261 5530 2522 5601 ἐδίδαξεν,
2551 5531 2830 5596 inclusive,
2877 5530 3073 5587 desunt
3111 5535 3162 5588 in
3208 5537 3328 5589 eod.
3381 5530 3678 5601 Sio'riiauo,

418 5603 612 5674 codici.
637 5599 842 5674 Tamen
862 5601 970 5674 Alt.
1001 5616 1126 5674 cum
1157 5598 1406 5674 Vat.
1439 5599 1725 5674 articulum
1772 5600 1988 5674 retinet.
2102 5618 2204 5658 nec
2259 5600 2410 5674 abest
2478 5599 2882 5674 fundamentum
2927 5602 3250 5674 _susp_icandi
3337 5598 3680 5674 supposititia

419 5673 489 5724 At
517 5671 566 5726 in
593 5671 992 5744 Versascodd.
1029 5670 1198 5744 Sfort.
1230 5681 1283 5725 et
1311 5667 1434 5724 Vat.
1462 5669 1566 5724 649
1619 5677 1738 5738 post
1785 5669 1993 5740 βούλοιο

2105 5687 2241 5744 esse.
2278 5668 2463 5744 Vers._
2480 5670 2674 5744 peuul1
2721 5687 2818 5744 pro
2838 5667 3243 5744 καθαρεύουσιν
3299 5667 3454 5744 longe
3481 5676 3679 5731 melius

419 5739 1407 5865 po?ili;‘)‘lf:eusap:od§?§ll:.et
1431 5809 1549 5864 Vat.
1580 5809 1682 5864 6/19
1705 5809 1807 5865 hoc
1838 5811 1993 5865 modo

2107 5741 2258 5797 codd.
2289 5739 2399 5794 Alt.
2432 5739 2599 5795 Sl'ort.
2635 5739 2754 5793 Vat.
2789 5739 2892 5796 649
2924 5739 3106 5812 legunt
3135 5739 3593 5814 καθαρεύᾶουσιν,
3624 5755 3681 5802 et

2107 5814 2186 5865 bis
2215 5820 2610 5865 consequenter
2645 5811 2781 5865 μηδὲ
2810 5825 2906 5865 oro
2941 5813 3100 5865 μήτε.
3133 5813 3343 5865 Possm.

869 5825 916 5865 lC

491 5809 605 5878 (t6)
633 5809 806 5865 Locus
831 5809 916 5865 hic
943 5810 996 5866 in
1017 5809 1188 5866 'codd.
1213 5809 1322 5865 Alt.
1353 5821 1407 5864 et
1431 5809 1549 5864 Vat.
1580 5809 1682 5864 649
1705 5809 1807 5866 hoc
1838 5811 1994 5867 modo

1768 5825 1807 5866 uc
1838 5811 1994 5867 modo
2102 5814 2186 5868 bis
2215 5820 2610 5880 consequenter
2645 5811 2781 5881 μηδὲ
2810 5825 2906 5881 pro
2940 5809 3100 5884 μήτε.
3133 5809 3342 5870 Possis.
