3986 6398
498 371 606 436 223

1706 376 1765 435 s.
1804 360 2096 437 lSlDORl
2133 380 2571 442 PELUSIOTIE

3663 377 3775 441 224

499 500 673 558 plura:
715 485 893 540 verbis
922 483 1265 541 sciscitarer:
1295 503 1312 536 ι
1348 483 1507 549 Num,
1542 502 1663 554 qua:
1697 487 1852 555 legis,
1887 489 2087 544 intelli-

2207 492 2290 563 τὴν
2312 492 2556 563 γνώμην·
2586 512 2604 544 ι
2627 488 2776 563 *Αρόι
2808 510 2870 560 γε
2906 491 3192 560 γινώσκεις
3226 491 3258 544 ἀ
3287 489 3710 558 ἁναγινὼσκειςς
3746 514 3768 543 ι

501 581 582 648 gis
603 578 667 632 “.
685 598 702 628 ι
732 579 798 633 Ιὲι
813 579 953 632 enim
974 578 1394 642 nonnulliaiunt,
1418 579 1660 647 quaedam
1683 580 1865 634 divino
1880 580 2080 650 Spiritu

502 668 668 722 afﬂati
685 669 860 722 Patris
880 669 1049 722 nostri
1070 669 1255 722 Basilii
1275 669 1434 723 verba
1456 671 1712 723 memoria
1744 681 1913 735 tenes,
1930 673 2081 742 cujus

503 773 680 815 tamen
715 777 804 815 res
835 761 982 815 nullo
1016 761 1176 816 modo
1207 761 1466 814 memoria
1499 762 1895 831 complecteris.
1927 765 2079 831 Quod

502 853 547 904 si
577 866 732 905 verus
758 867 818 906 es
850 852 992 906 illius
1021 851 1122 905 viri
1153 864 1384 913 amator,
1417 852 1584 920 ipsius
1615 867 1923 918 sermones,
1955 855 2078 922 qni-

502 943 598 995 bus
628 942 906 996 hominum
941 957 1122 997 mores
1151 958 1247 1011 per
1274 942 1628 1012 philosophiae
1661 945 1899 1013 regulam
1931 959 2081 1000 com-

500 1035 698 1102 posuit,
747 1036 1004 1102 operibus
1042 1037 1285 1090 ostende.
1326 1034 1458 1089 Nam
1504 1037 1546 1090 si
1591 1038 1890 1090 orationem
1937 1052 2077 1102 eam,

499 1139 661 1192 quam
695 1126 775 1178 vir
803 1125 893 1180 ille
921 1126 1184 1181 adversus
1217 1126 1544 1180 tenmlentos
1573 1128 1762 1194 edidit,
1799 1129 1852 1181 in
1889 1145 2080 1183 manus

500 1217 817 1285 sumpseris,
849 1217 960 1273 illic
991 1218 1216 1273 inﬁnitis
1247 1217 1477 1288 teipsum
1510 1220 1722 1288 probris
1748 1219 1965 1274 onerari
1996 1226 2081 1275 re-

499 1311 695 1376 peries.

738 1419 896 1476 LXII.
932 1452 1002 1462 —
1037 1422 1453 1481 THEOPOMPO
1492 1424 1843 1482 MONACIIO.

573 1535 785 1603 Sermo,
812 1540 902 1606 qui
931 1540 996 1593 ad
1025 1541 1358 1597 audientium
1387 1543 1678 1598 utilitatem
1712 1546 1959 1605 habetur.
1989 1561 2082 1614 po-

505 1635 621 1682 tens
647 1644 823 1684 sermo
851 1644 953 1698 est,
982 1635 1176 1702 quippe
1201 1636 1290 1704 qui
1320 1636 1525 1704 optimo
1546 1637 1667 1702 jure
1695 1651 1874 1690 sermo
1899 1637 2082 1706 appelo

502 1715 663 1782 lctur,
701 1719 1161 1792 imitationemque
1198 1726 1262 1779 ad
1301 1724 1466 1780 Deum
1507 1727 1725 1782 habeat.
1761 1728 1829 1782 At
1864 1730 1954 1798 qui
1993 1745 2082 1782 vo-

2195 585 2292 647 Ὠς
2315 601 2457 646 τινες
2493 584 2600 652 γάρ
2633 601 2786 653 φασι,
2813 584 3074 654 ῥημάτων
3103 582 3462 652 μνημονεύεις
3490 582 3651 633 τινῶν
3675 582 3773 634 τοῦ

2190 672 2547 726 Θεοπνεύστου
2588 672 2800 743 Πατρὸς
2839 671 2992 743 ἡμῶν
3039 671 3342 736 Βασιλείου,
3383 664 3442 723 οὑ
3481 671 3776 742 τῶνίπρα-

2188 765 2416 833 γμάτων
2440 765 2560 818 κατ’
2585 765 2738 817 οὐδὲν
2775 763 3154 834 μνημονεύεις.
3191 763 3253 815 Εἰ
3287 763 3343 815 δὲ
3368 763 3574 831 ἀληθὴς
3605 759 3652 814 εἷ
3678 762 3772 813 τοῦ

2187 853 2380 924 ἀνδρὸς
2419 852 2674 924 ἐραστὴς,
2724 853 2905 924 ἔργοις
2946 853 3072 916 τοὺς
3105 852 3313 904 ἐκείνου
3346 851 3533 918 λόγους
3567 851 3772 902 ἐπίδει-

2189 945 2298 1011 ξαι,
2339 945 2406 997 δι’
2447 939 2522 998 ὧν
2569 944 2637 997 τὰ
2677 944 2781 1016 ἥϐη
2836 944 3020 996 κανόνι
3062 943 3381 1012 φιλοσοφίας
3414 941 3773 1012 ὲῤῥύθμισεν.

2190 1035 2252 1089 Ei
2287 1036 2394 1106 γὰρ
2426 1035 2522 1105 τὴν
2549 1036 2690 1088 κατὰ
2723 1035 3030 1103 μεθυόντων
3060 1033 3153 1085 τοῦ
3183 1033 3373 1102 ἀνδρὸς
3411 1032 3777 1102 μετεχειρέσω

2188 1127 2439 1194 πυκτίδα,
2468 1125 2663 1180 σαυτὸν
2691 1127 2942 1196 εὑρήσεις
2966 1125 3102 1191 ἐκεῖ,
3124 1123 3216 1176 τὸν
3243 1123 3435 1194 μυρίον
3467 1122 3634 1192 ἑσμὸν
3661 1121 3776 1174 τῶν

2188 1219 2458 1291 αἰσχυνῶν
2489 1217 2848 1289 ὑπομένοντα.

2506 1419 2625 1472 EB’.
2648 1449 2720 1459 -—
2738 1419 3117 1492 ΘΕΟΠΟΜΠῼ
3146 1423 3464 1495 ΜΟΝΑΧῼτ

2261 1536 2432 1603 Λόγος
2470 1534 2604 1606 πρὸς
2643 1535 2908 1602 ὠφέλειαν
2949 1536 3058 1588 τῶν
3101 1535 3414 1590 ἀκουόντων
3453 1535 3742 1606 γινόμενος
3758 1576 3786 1600 ,.

2190 1627 2346 1694 λόγος
2386 1627 2532 1679 ἐστὶν
2575 1625 2890 1696 ὲνδὺναμος,
2945 1627 3168 1690 ἐνδίκως
3219 1627 3376 1694 λόγος
3415 1626 3775 1696 καλούμενος,

2189 1718 2284 1772 καὶ
2318 1717 2454 1788 πρὸς
2491 1716 2622 1770 Θεὸν
2661 1716 2799 1786 ἔχων
2818 1716 2916 1787 τὴν
2953 1718 3205 1788 μίμησιν.
3247 1719 3307 1769 Ὀ
3335 1716 3391 1769 δὲ
3420 1717 3557 1788 πρὸς
3583 1717 3778 1787 τέρψιν

503 1807 708 1877 luptate
745 1811 856 1865 sola
896 1824 948 1867 et
986 1813 1173 1883 plausu
1216 1817 1557 1882 terminatur,
1598 1819 1720 1874 acris
1761 1834 1926 1874 sonus
1964 1831 2082 1887 est,

2207 1804 2411 1878 ξμόνην]
2455 1807 2547 1859 καὶ
2581 1806 2773 1876 κρότον
2811 1807 3100 1870 τελευτῶν,
3143 1803 3276 1876 ἦχος
3313 1807 3404 1860 ἐπὶ
3427 1807 3540 1878 (60)
3569 1806 3776 1877 χαλκοῦ

504 1913 700 1968 magno
730 1902 954 1970 strepitu
986 1920 1168 1959 aurem
1201 1921 1497 1976 personans
1519 1909 1583 1962 ⁸⁷.
1613 1909 1815 1976 Quare,
1847 1923 1938 1964 aut
1966 1927 2082 1966 ser-

506 2004 719 2045 monem
765 2002 911 2047 tuum
956 1995 1218 2065 gravitate
1261 1999 1566 2065 moderare,
1603 2017 1666 2055 ac
1705 2004 1972 2058 sermonis
2009 2003 2089 2058 fa-

458 2135 465 2142 _
505 2081 612 2134 szui
641 2097 703 2137 ac
731 2100 936 2155 pompae
961 2087 1389 2145 mediocritatem
1418 2103 1684 2162 antepone
1709 2112 1722 2147 :
1747 2104 1838 2148 aut
1866 2105 1915 2148 te
1939 2109 2088 2166 cym-

505 2172 681 2228 balmn
727 2181 1060 2232 theatrorum
1105 2196 1282 2238 scena:
1323 2187 1730 2240 accommodum
1768 2202 1890 2242 esse
1927 2189 2086 2243 scito.

740 2311 925 2368 LXlll.
957 2345 1030 2354 —
1067 2315 1464 2374 THALELEO
1501 2318 1850 2376 MONACI-lO.

507 2398 739 2458 Prorsus
769 2406 996 2461 alienum
1022 2425 1135 2463 esse
1161 2408 1224 2532 at;
1252 2411 1571 2465 anachoreta
1598 2413 1870 2482 gentilium
1895 2413 2090 2482 scripta

1227 2496 1393 2532 eaere.

1227 2496 1393 2548 egere.

580 2589 713 2671 Quis
749 2601 799 2646 te
831 2594 1055 2649 comicis
1090 2595 1294 2652 salibus
1332 2613 1436 2651 non
1472 2598 1841 2668 perstringat?
1873 2599 2004 2667 Quis
2041 2611 2092 2656 te

508 2698 616 2737 non
654 2688 1127 2755 commisereatur,
1161 2687 1252 2758 qui
1290 2704 1411 2744 cum
1448 2690 1502 2744 in
1539 2692 1896 2760 philosophiae
1932 2693 2092 2747 disci-

509 2778 758 2844 pulorum
791 2778 1001 2833 Domini
1035 2781 1432 2849 tranquillitate
1458 2783 1668 2848 sedeas,
1698 2784 1981 2854 gentilium
2013 2786 2093 2839 hi-

510 2870 838 2924 storicorum
871 2879 925 2924 et
955 2881 1235 2940 poetarum
1271 2873 1560 2926 tumultum
1593 2885 1754 2943 atque
1785 2887 1976 2930 aestum
2018 2887 2094 2931 te-

508 2975 633 3015 cum
673 2960 894 3014 trahas?
921 2959 1059 3028 Quid
1096 2963 1260 3028 enim,
1293 2963 1400 3030 dic,
1431 2977 1632 3032 quzcso,
1662 2967 1801 3033 apud
1836 2965 1954 3020 illos
1988 2973 2090 3032 est,

512 3055 655 3122 quod
695 3053 936 3122 religioni
984 3065 1180 3108 nosme
1219 3056 1291 3110 sit
1334 3056 1764 3124 praeferendum?
1805 3058 1943 3124 Quid
1987 3074 2091 3113 non

512 3145 797 3198 mendacio
832 3161 895 3199 ac
934 3146 1043 3200 risu
1081 3155 1282 3212 scatet,
1321 3162 1384 3202 ex
1429 3149 1492 3202 iis
1527 3164 1646 3218 quae
1683 3165 1876 3218 magno
1911 3151 2092 3204 studio

2191 1899 2302 1960 τοῖς
2343 1897 2598 1966 μεγάλοις
2634 1897 2828 1966 ψόφοις
2865 1898 2962 1966 τὴν
3006 1897 3175 1965 ἀκοὴν
3221 1897 3452 1968 ἐνηχῶν.
3490 1899 3562 1951 ’Ἡ
3596 1898 3780 1951 τοίνυν

2192 1988 2481 2058 σεμνότητι
2526 1989 2618 2041 τὸν
2662 1989 2818 2056 λόγον
2878 2005 2970 2041 σου
3027 1989 3280 2060 ρὑμιζε,
3341 1989 3626 2059 προτιμῶν
3675 1990 3778 2043 τοῦ

2189 2079 2404 2149 κόμπου
2451 2081 2512 2132 τὸ
2571 2081 2812 2152 μέτριον,
2865 2081 2897 2150 ἢ
2937 2080 3173 2147 γίνωσκε
3233 2081 3512 2151 κύμϐαλον
3559 2080 3654 2148 ὢν,
3704 2083 3780 2152 τῇ

2190 2172 2362 2241 σκηνῇ
2395 2170 2502 2222 τῶν
2539 2171 2780 2241 Οεάτρων
2802 2170 3084 2241 ἁρμόδιον.

2505 2310 2627 2364 ειη.
2658 2340 2729 2349 -
2763 2309 3106 2380 θΑΑΕΑΑιο
3138 2307 3452 2378 ΜΟΝΑΧῼ.

2192 2402 2322 2455 Ὀτι
2351 2402 2545 2469 πάντη
2576 2402 2899 2468 ἀλλότριον
2926 2399 3341 2469 ἀναχωρητοῦ,
3386 2400 3452 2453 τὸ
3501 2398 3782 2467 Ἐλληνι-

2439 2473 2570 2538 κοῖς
2606 2470 3002 2540 ἐντυγχάνειν
3043 2470 3524 2540 συγηῬάμμασιν.

2263 2587 2360 2648 Τίς
2411 2602 2472 2638 σε
2499 2585 2560 2638 οὑ
2591 2585 2948 2656 κωμῳδήσει;
2981 2585 3061 2648 τίς
3101 2601 3163 2637 σε
3198 2585 3297 2638 οὑκ
3325 2584 3557 2655 ἐλεήσει,
3590 2586 3646 2638 ὲν
3675 2602 3784 2651 γα-

2192 2679 2327 2750 λήνῃ
2378 2677 2696 2747 φιλοσοφίας
2731 2677 2838 2730 τῶν
2875 2676 2971 2730 τοῦ
3008 2677 3214 2748 Κυρίου
3254 2676 3513 2748 μαθητῶν
3551 2676 3784 2741 καθεζό-

2197 2786 2377 2840 μενον,
2397 2769 2489 2822 xui.
2514 2767 2744 2840 θόρυϐον
2775 2769 2868 2820 καὶ
2900 2767 3145 2837 βρασμὸν
3184 2767 3509 2836 Ἑλληνικῶν
3533 2782 3782 2837 συγγρα-

2196 2864 2344 2932 φέων
2380 2863 2472 2916 καὶ
2515 2859 2754 2930 ποιητῶν
2801 2859 3194 2929 ὲιρε)ἔκόμενον;
3237 2858 3303 2910 Τί
3337 2859 3466 2929 γὰρ,
3503 2857 3626 2911 είπέ
3663 2875 3784 2928 μοι,

2196 2955 2327 3025 παρ’
2352 2953 2582 3015 ἐκείνοις
2607 2953 2715 3005 τῶν
2745 2951 2866 3005 καθ’
2897 2952 3046 3021 ἡμᾶς
3076 2951 3473 3021 προτιμότερον
3496 2967 3510 3016 ;
3537 2949 3602 3002 Τί
3631 2949 3688 3002 δὲ
3713 2950 3780 3002 οὑ

2194 3045 2422 3116 ψεύδους
2449 3044 2610 3114 γέμει
2648 3044 2741 3096 καὶ
2779 3042 3037 3111 γέλωτος,
3080 3035 3156 3094 ὧν
3196 3044 3392 3094 ἐκεῖνοι
3442 3041 3785 3103 σπουδάζον-

2199 3154 2316 3204 σιν;
2347 3138 2460 3206 Οὑχ
2488 3137 2544 3189 αἱ
2572 3135 2820 3204 Θεότητες
2851 3136 2916 3186 ὲκ
2948 3133 3134 3187 παθῶν
3154 3133 3297 3201 (61);
3329 3133 3442 3202 Οὑχ
3461 3134 3517 3185 αἱ
3539 3131 3780 3199 ἀνδρεῖαι

511 3238 928 3291 consectantur?
947 3238 1141 3293 Annon
1166 3239 1477 3295 divinitates
1501 3256 1565 3295 ex
1593 3241 1804 3297 vitiosis
1851 3240 2088 3296 affectio-

2207 3230 2335 3298 Βπὲρ
2381 3227 2602 3294 παθῶν;
2649 3229 2761 3297 Οὑχ
2805 3226 2854 3280 oi.
2902 3226 3112 3294 ἀγῶνες
3157 3225 3300 3296 ὑπὲρ
3345 3223 3565 3289 παθῶν;
3608 3221 3786 3291 Φεῦγε

513 3324 702 3378 nibus?
728 3327 916 3381 Annon
948 3327 1107 3382 fortia
1138 3329 1376 3383 facinora
1409 3344 1505 3400 pro
1556 3329 1761 3385 vitiosis
1789 3331 2093 3386 aﬂ‘cctioni-

511 3411 657 3468 bus?
702 3416 892 3470 Annon
935 3418 1229 3472 certamina
1279 3435 1378 3488 pro
1427 3419 1638 3475 vitiosis
1678 3421 2092 3476 allectiouihus?

511 3505 869 3571 Quamobrem
904 3508 1074 3574 ipsam
1110 3524 1324 3579 quoque
1361 3509 1622 3565 fmditatis
1655 3523 1710 3567 et
1741 3513 2094 3568 obscenitatis

511 3596 796 3651 lectionem
840 3598 964 3668 fuge
1007 3600 1116 3669 2ο
1155 3601 1301 3672 (nam
1345 3617 1408 3656 ea
1453 3604 1643 3657 miram
1691 3605 1758 3656 ad
1801 3605 2095 3673 aperienda

511 3691 734 3745 vulnera
767 3691 876 3760 iam
907 3692 1163 3749 cicatrice
1193 3694 1422 3748 obducta
1463 3698 1567 3749 vim
1615 3698 1824 3766 habet),
1855 3713 1922 3752 ne
1953 3697 2090 3752 alio-

513 3783 604 3851 qui
652 3785 1055 3840 vehementiore
1099 3801 1222 3840 cum
1274 3787 1476 3856 impetu
1529 3789 1755 3858 spiritus
1808 3788 2090 3859 improbus

516 3885 843 3943 revertatur,
903 3892 968 3932 ac
1029 3879 1354 3936 deteriorem
1396 3890 1450 3936 et
1487 3883 1930 3952 perniciosiorem
1995 3881 2090 3936 tibi

516 3968 699 4036 priore
733 3968 1035 4037 ignorantia
1067 3981 1157 4024 aut
1192 3972 1519 4042 negligentia
1553 3974 1759 4029 cladem
1796 3973 2087 4029 inferat“.

959 4082 1141 4140 LXIV.
1173 4115 1244 4125 —
1277 4084 1645 4142 EULAMPIO.

589 4173 656 4229 In
690 4174 822 4230 illud
855 4194 889 4230 a
921 4175 1127 4232 Joanne
1159 4179 1356 4259 dictum
1394 4181 1560 4234 turbis
1594 4195 1613 4233 :
1649 4197 1668 4230 ι
1711 4179 1833 4232 Jam
1871 4195 2022 4234 secu-

1159 4265 1251 4314 ris,
1292 4267 1310 4301 ι
1349 4260 1456 4305 etc.

587 4360 839 4416 Sterilem
879 4361 1188 4417 ,Ιιιιίωοιοιιηι
1227 4363 1560 4418 voluntatem
1603 4373 1764 4432 atque
1802 4363 1964 4418 animi
2009 4365 2092 4417 in-

515 4453 759 4509 stitutum
790 4452 1025 4508 Joannes
1055 4455 1418 4524 perspiciens,
1452 4454 1784 4525 inl‘rngil‘eris
1813 4457 2098 4512 arboribus

588 4629 635 4663 “
662 4632 786 4686 Aet.
819 4647 938 4698 vm,
978 4629 1068 4685 27.
1148 4631 1191 4663 ⁸⁷
1233 4630 1250 4684 1
1281 4631 1408 4686 Cor.
1454 4649 1573 4699 xui,
1605 4633 1656 4687 l.

2195 3323 2378 3376 τοίνυν
2413 3322 2507 3374 καὶ
2543 3320 2644 3390 τὴν
2683 3320 2989 3386 ἀνάγνωσιν
3025 3317 3128 3381 τῆς
3168 3317 3547 3388 αἰσχρότητος.
3582 3314 3787 3377 Δεινῶς

2196 3414 2306 3486 γὰρ
2341 3409 2480 3467 οἶδεν
2519 3411 2862 3482 ἀναστομοῦν
2903 3413 3029 3474 τοὺς
3061 3411 3170 3464 τῶν
3211 3409 3543 3480 τραυμάτων
3591 3423 3786 3458 συνου-

2197 3505 2480 3568 λώσαντας
2509 3503 2814 3575 μῶλιιιπιις⁸
2863 3503 3073 3574 μήποτε
3105 3500 3424 3573 ὑποστρέψῃ
3455 3499 3517 3552 τὸ
3561 3498 3789 3566 πνεῦμα

2196 3597 2297 3668 τῆς
2352 3595 2616 3668 πονηρίας
2667 3595 3059 3666 σφοδρότερον,
3117 3594 3212 3648 καὶ
3259 3592 3481 3664 χείρονά
3541 3607 3627 3645 σοι
3683 3589 3789 3660 τὴν

2195 3685 2368 3760 ἧτταν
2413 3691 2510 3757 τῆς
2568 3688 2838 3760 προτέρας
2904 3686 3126 3754 ἀγνοίας
3187 3686 3220 3756 ἢ
3277 3683 3552 3757 ῥᾳθυμίας
3616 3682 3791 3752 ἔργά-

2195 3795 2376 3851 σηται.
2826 3802 2832 3808 ·

2680 4085 2794 4138 ειν.
2828 4116 2898 4126 -
2922 4083 3304 4154 smmum.

2204 4180 2308 4244 Εις
2358 4177 2424 4230 τὸ
2475 4177 2790 4246 εἰρημένον
2849 4177 2970 4232 ὑπὸ
3036 4177 3308 4233 Ἰωάννου
3354 4173 3489 4246 ’τοῖς
3539 4172 3784 4243 ὄχλοιςο

2491 4243 2690 4316 (Ἤδη
2722 4248 2791 4300 δὲ
2822 4249 2859 4316 ἠ
2893 4247 3072 4316 ἀξίνη
3115 4246 3265 4315 πρὸς
3295 4243 3427 4312 τήν.
3475 4263 3492 4296 ι

2274 4363 2385 4431 Τὴν
2414 4362 2663 4432 ἄκαρπον
2707 4362 2976 4416 Ἰουδαίων
3010 4360 3232 4433 θεωρῶν
3270 4362 3298 4415 ό
3347 4359 3605 4431 Ἰωάννης
3650 4373 3793 4430 προ-

2206 4454 2440 4526 αίρεσιν,
2478 4456 2716 4528 δένδροις
2749 4456 2947 4520 αὑτοὺς
2980 4455 3252 4526 ἀκάρποις
3292 4454 3620 4526 παρείκασε,
3649 4449 3798 4523 πρὸς

1735 4633 1778 4665 ⁸³
1810 4633 1936 4688 Luc.
1997 4649 2071 4700 xl,
2106 4633 2178 4687 24
2204 4648 2354 4704 seqq.

1613 4789 1851 4845 VARIAS
1895 4789 2282 4844 LECTIONES
2319 4789 2407 4844 ET
2448 4788 2681 4846 NOTAE.

520 4945 689 4999 είσέτι
742 4939 836 4997 οὖν
874 4944 968 4998 τοῦ
1025 4943 1402 5009 θεοπνεύστου,
1449 4953 1554 4999 etc.
1583 4942 1761 4997 Codex
1823 4961 1952 4999 vero
1992 4945 2099 4999 Alt.

526 5015 882 5102 μνημονεὺειις
911 5015 1288 5102 τινῶνυςίμιοιξ
1317 5027 1492 5102 tamet.)
1539 5015 1686 5102 ponit
1740 5016 1790 5094 in
1826 5018 2100 5083 margine,

521 5083 690 5141 εἰσέτι
711 5085 802 5138 τοῦ
825 5085 928 5150 Θε.,
951 5083 1234 5154 etc.\"'ers.
1262 5085 1320 5147 4,
1343 5101 1436 5153 pro
1457 5083 1750 5154 βασιλείου,
1775 5085 1822 5137 in
1843 5096 2098 5138 contextu

521 5159 642 5212 Cod.
686 5158 790 5209 Alt.
830 5156 1021 5223 legitur
1053 5153 1275 5225 βασιῶν,
1310 5158 1401 5208 sed
1437 5153 1487 5206 in
1541 5155 1781 5225 margine
1811 5169 1839 5225 e
1880 5155 2098 5220 regione

523 5227 780 5282 scribitur
827 5224 1116 5294 βασιλείου.
1189 5226 1339 5278 \ters.
1383 5226 1414 5276 6
1475 5232 1607 5294 post?
1653 5224 1888 5294 ἐραστὴς
1934 5225 2093 5278 idem.

524 5295 672 5350 addit
733 5293 909 5360 év,iet
969 5312 1090 5349 mox
1157 5312 1251 5363 pro
1313 5293 1795 5363 'sxslvovr‘hahctﬂ
1830 5294 2092 5355 ἐκείνους.

525 5366 682 5421 Veis.
720 5367 922 5433 penult.
950 5383 1045 5433 pro
1085 5361 1317 5418 πυκτίδα
1335 5364 1506 5418 (Ξυιιιι.
1537 5361 1728 5423 Βίωνι..
1759 5361 1879 5417 Val.
1910 5363 2014 5419 649
2045 5379 2098 5419 et

524 5440 631 5491 Alt.
687 5438 868 5504 legunt
909 5437 1171 5504 πτυκτήν.
1222 5435 1300 5486 ΑΙ
1352 5434 1509 5486 linem
1567 5444 1680 5500 post
1737 5433 2093 5504 ὑπομένοντα,

524 5507 678 5560 codd.
713 5505 833 5560 νυι.
864 5506 968 5560 διε)
1007 5507 1184 5559 t-tAlt.
1210 5505 1504 5571 adiungunt
1540 5504 1639 5555 hoc
1673 5517 1878 5556 contum
1915 5522 1928 5556 :
1964 5505 2090 5558 εἰδὲ

529 5576 780 5645 μετάϐοιο
833 5579 935 5646 τῆς,
976 5574 1299 5646 αὑίὶαιρέτου
1349 5571 1768 5646 παραπληξίας,
1825 5575 2091 5646 ἐτίμησας

529 5643 742 5718 υπακόῇ
776 5649 866 5700 τὸν
891 5643 1228 5718 διδάξαντα,
1273 5645 1376 5718 huc
1403 5654 1508 5718 ρει,
1555 5644 1599 5696 si
1644 5654 1815 5718 autem
1843 5643 2092 5718 mutatus

531 5714 784 5782 fueris"a
839 5716 1136 5768 voluntaria
1206 5715 1431 5778 insanin,
1491 5714 1756 5768 Itonornsti
1799 5717 2088 5770 obedientin

532 5801 645 5838 cum
674 5786 762 5854 qui
797 5795 844 5840 te
876 5785 1072 5838 docuit.
1108 5783 1314 5839 Possm.

2284 4945 2396 5016 (60)
2420 4943 2527 4999 Pro
2569 4946 2661 4998 ἐπὶ
2685 4946 2841 5001 codd.
2877 4948 2997 5001 Vat.
3026 4945 3130 5001 649
3149 4953 3203 4999 et
3235 4945 3341 4999 All.
3399 4946 3600 5016 habent
3643 4945 3794 5014 ἐστί,

2209 5027 2257 5071 (⁵1
2294 5015 2435 5068 vers.
2471 5034 2584 5084 seq.
2629 5031 2724 5082 pro
2753 5018 2962 5086 ὲνηχῶν
2985 5017 3184 5086 legunt,
3229 5015 3494 5086 évoxiﬁiv.
3527 5015 3740 5070 Possm.

2280 5086 2535 5155 (61)Οὺχ
2554 5088 2612 5138 aI
2632 5084 2904 5153 θεότητὲζ
2921 5087 2988 5138 ἐκ
3006 5084 3230 5151 παθῶν,
3251 5103 3302 5140 κ.
3323 5084 3372 5138 τ.
3393 5086 3444 5141 λ.
3463 5085 3654 5138 Omnia
3678 5086 3801 5140 hanc

2208 5156 2594 5224 interrogative
2614 5158 2844 5209 reddidit
2866 5157 3072 5218 Ilillius,
3104 5171 3203 5210 nec
3222 5156 3511 5222 rejicieuda
3535 5157 3796 5223 cuiquam

2206 5229 2452 5278 videatur
2492 5226 2679 5295 lectio,
2717 5227 2906 5280 melius
2948 5236 3126 5280 tamen
3175 5237 3340 5295 puto,
3387 5226 3528 5291 quod
3577 5225 3630 5278 in
3663 5225 3794 5295 cod.

2203 5295 2335 5364 Baitz
2367 5296 2544 5348 inveni
2569 5335 2584 5356 ,
2615 5293 2676 5351 οὗ
2714 5297 2806 5349 καὶ
2843 5307 2924 5350 ter
2954 5293 3186 5362 positum
3222 5311 3317 5362 pro
3351 5295 3446 5364 οὑχ
3480 5296 3533 5346 αἱ
3572 5295 3652 5347 vel
3688 5294 3797 5363 οὑχ

2201 5366 2249 5434 ot
2279 5357 2338 5416 οὗ
2373 5365 2510 5418 idem
2537 5365 2626 5421 hic
2656 5368 2793 5420 valet
2817 5357 3132 5434 (μιοιίὸπου.
3169 5357 3344 5419 Malim
3369 5357 3531 5431 igitur
3552 5357 3794 5424 vertere,

2205 5433 2304 5487 Ubi
2336 5437 2515 5488 etiam.
2552 5437 2750 5490 Confer
2779 5433 3098 5490 Tertullian.
3141 5435 3461 5503 Apologetic.
3501 5451 3551 5489 c.
3609 5435 3698 5497 Η»,
3734 5444 3796 5487 et

2200 5503 2287 5566 15,
2329 5503 2607 5558 Miuutium
2639 5507 2869 5560 Felicem
2897 5507 2948 5559 in
2983 5504 3220 5559 Octavio.
3255 5504 3413 5558 R111".

2271 5604 2320 5616 --
2368 5574 2484 5628 Non
2527 5576 2807 5638 Θαλελαίῳ
2837 5576 2929 5629 sed
2955 5575 3200 5638 Θελεσέῳ
3232 5577 3370 5628 hanc
3389 5576 3544 5638 epist.
3590 5572 3793 5626 inscri-

2210 5645 2339 5696 lmnl
2381 5627 2799 5700 ϐοιΙιίίᾸΙίι-ήέιί
2831 5627 3131 5700 Ῠιιίίϋ49.
3172 5627 3326 5697 ᾫυτε.
3353 5627 3556 5697 deinde
3593 5643 3646 5705 8,
3693 5657 3802 5710 pro

2204 5715 2410 5781 ἀγῶνες
2437 5715 2578 5786 ὑπὲρ
2612 5719 2731 5771 cod.
2759 5718 2871 5769 Alt.
2904 5717 3030 5785 legit
3050 5716 3242 5786 αἰῶνες
3263 5715 3370 5778 διὰ,
3395 5723 3523 5780 ete.,
3556 5724 3612 5769 et
3641 5726 3791 5767 vers.

2213 5786 2272 5838 ltl
2307 5805 2398 5852 pm
2431 5785 2785 5857 ἀναστομοῦν,
2822 5787 3164 5854 ἀναστομεῖν.
3197 5785 3402 5839 Possm.
