3986 6420
575 298 668 362 227
1755 288 1815 350 S.
1856 288 2151 350 ISIDORI
2193 288 2637 350 PELUSIOTIE

831 411 1041 470 LXVII.
1077 445 1137 452 -—
1172 407 1526 467 TIMOTIIEO
1584 405 1904 462 LECTORI.

1030 502 1057 558 1
1066 521 1096 558 tt
1131 502 1342 558 Domini
1371 501 1707 572 baptismum.

657 619 818 678 Valde
851 620 982 676 mihi
1007 619 1215 676 videris
1241 618 1472 675 Domino
1505 618 1887 687 obtemperare
1917 615 2072 682 velle,
2105 629 2169 670 ac

575 713 890 784 Scriptores
924 710 1156 766 scrutari
1186 710 1260 765 ".
1310 708 1496 777 Itaque
1542 708 1609 762 ad
1662 722 1747 771 ea,
1799 721 1919 776 quae
1957 720 2026 760 ex
2081 720 2170 760 me

575 800 895 872 quaesivisti,
943 798 1278 869 respondere
1326 813 1552 853 necesse
1583 805 1691 853 est.
1726 795 1858 851 tIIic
1885 804 1972 850 est
1999 794 2169 851 Filius

577 907 728 947 meus
751 890 978 946 dilectus
996 889 1118 952 "‘,t
1149 887 1292 942 Deus
1319 901 1383 941 ac
1399 886 1560 942 Pater
1583 901 1614 940 e
1639 884 1792 940 coalis
1815 883 1923 938 alta
1949 898 2080 939 voce
2101 883 2168 939 de

576 984 711 1039 Filio
729 992 958 1040 testatus
972 991 1076 1046 est,
1094 989 1152 1034 ut
1175 989 1229 1035 et
1245 980 1538 1051 genuinum
1565 993 1629 1032 ac
1647 975 1946 1032 naturalem
1970 976 2166 1030 Filium

578 1092 700 1132 esse
724 1075 1064 1140 ostenderet,
1091 1072 1158 1127 de
1195 1086 1304 1142 quo
1333 1071 1704 1133 dubitabatur,
1746 1085 1872 1122 num
1900 1069 2042 1123 inter
2075 1084 2168 1124 eos

577 1167 670 1238 qui
699 1181 796 1236 per
825 1165 1171 1235 adoptionem
1217 1176 1282 1216 ac
1335 1161 1653 1230 dignitatem
1683 1157 1775 1212 lilii
1808 1159 2165 1229 appellantur,

581 1257 949 1314 numerandus
973 1263 1153 1310 esset:
1186 1262 1240 1310 et
1271 1252 1508 1309 divinam
1533 1261 1697 1321 atque
1723 1251 2058 1306 adorandum
2083 1251 2168 1305 di-

590 1349 842 1406 vinitatis
861 1348 1184 1403 Trinitatem
1217 1346 1544 1412 declararet,
1577 1345 1627 1398 in
1652 1343 1888 1415 propriis
1921 1346 2170 1416 personis

588 1441 1033 1512 agnoscendam;
1081 1448 1135 1494 et
1201 1438 1434 1508 denique
1501 1436 1757 1492 Montano
1811 1452 1875 1492 ac
1930 1437 2170 1492 Sabellio

587 1548 900 1604 perversam
946 1531 1284 1602 impietatem
1323 1531 1653 1586 oceluderet.
1681 1529 1816 1585 Nam
1853 1547 1974 1585 cum
2002 1531 2171 1586 Filius

583 1627 976 1697 baptizaretur,
1023 1624 1187 1679 Pater
1228 1624 1598 1679 testimonium
1652 1623 1808 1691 dixit,
1839 1634 1894 1678 et
1937 1625 2171 1694 Spiritus

593 1728 814 1773 sanctus
874 1717 1156 1782 devolans,
1195 1730 1341 1780 eum,
1399 1717 1490 1786 qui
1541 1717 1871 1786 tingebatur,
1926 1715 2166 1784 ejusdem

582 1823 766 1864 secum
817 1816 872 1862 et
901 1822 1022 1861 cum
1054 1807 1216 1860 Patre
1247 1805 1565 1860 substantiae
1603 1819 1727 1860 esse
1757 1805 2092 1860 ostendebat.

1067 1921 1295 1977 LXVIII.
1325 1953 1392 1962 —
1425 1921 1654 1977 EIDEM.

579 2017 649 2073 In
684 2017 823 2073 illud
857 2018 1056 2070 dictum
1096 2019 1160 2071 de
1194 2015 1424 2079 Joanne,
1463 2035 1481 2068 ι
1519 2016 1696 2071 Minor
1743 2033 1860 2071 vero
1907 2018 1960 2070 in
2012 2034 2167 2086 regno

1145 2087 1417 2150 calorum,
1446 2106 1463 2140 ι
1501 2097 1608 2142 etc.

646 2272 794 2332 Haud
833 2281 1140 2344 promptam
1174 2289 1238 2329 ac
1269 2290 1399 2329 cura
1442 2290 1691 2342 vacuam,
1725 2293 1910 2330 verum
1959 2277 2166 2347 ingenti

580 2363 990 2420 examinatione
1037 2377 1174 2434 opus
1222 2363 1510 2419 habentem
1545 2365 1722 2430 nobis,
1777 2368 1860 2419 vir
1896 2369 2168 2420 studioso-

581 2472 700 2512 rum
733 2467 791 2512 et
813 2455 1017 2512 laboris
1046 2458 1346 2512 amantium
1395 2459 1619 2528 Optime,
1645 2460 2002 2528 quatstionem
2042 2475 2167 2528 pro-

581 2549 838 2618 posuisti:
875 2566 894 2598 ι
925 2547 1026 2613 Qui
1066 2548 1246 2601 minor
1273 2556 1356 2603 est
1390 2549 1441 2602 in
1483 2565 1647 2618 regno
1674 2549 1958 2614 ctelorum,
1994 2551 2170 2620 major

578 2651 666 2696 est
689 2639 998 2705 Joanne",
1033 2657 1052 2692 ι
1098 2640 1150 2694 id
1183 2648 1266 2695 est
1303 2642 1393 2710 qui
1436 2642 1489 2695 in
1537 2643 1653 2711 lege
1681 2641 1951 2712 perfectus
1985 2653 2065 2698 est
2089 2645 2170 2715 (ut

579 2741 698 2787 erat
725 2731 1010 2802 Joannes),
1034 2732 1260 2786 omnino
1291 2731 1516 2787 inferior
1533 2749 1598 2788 eo
1628 2745 1734 2799 est,
1771 2735 1860 2804 qui
1889 2735 1939 2788 in
1968 2735 2170 2790 Christi

582 2833 813 2878 mortem
851 2824 1155 2894 baptizatus
1187 2835 1290 2879 est.
1327 2825 1436 2880 Iloc
1466 2827 1609 2880 enim
1642 2828 1904 2881 cmlorum
1945 2845 2166 2897 regnum

579 2926 689 2981 est,
722 2917 977 2971 nimirum
1023 2933 1146 2971 cum
1203 2917 1443 2984 Christo,
1501 2918 1591 2987 qui
1639 2919 1933 2986 spolianda:
1978 2923 2169 2975 mortis

580 3022 744 3062 causa
780 3008 1080 3076 descendit,
1136 3009 1404 3080 sepultum
1465 3024 1607 3074 esse,
1652 3021 1818 3081 atque
1859 3029 1984 3078 una,
2047 3027 2168 3065 euut

583 3101 703 3165 ipso
753 3101 1037 3155 victoriam
1093 3103 1356 3157 adversus
1392 3118 1510 3157 cam
1575 3104 1872 3171 prmbente,
1922 3121 2236 3193 resurrc-C

586 3193 750 3248 xisse.
783 3193 1050 3262 Quoniam
1089 3196 1254 3266 igitur
1289 3197 1461 3267 major
1495 3198 1711 3267 quidem
1761 3199 2037 3265 omnibus,
2074 3200 2165 3268 qui

583 3302 648 3339 ex
683 3287 1004 3342 mulieribus
1034 3288 1146 3342 nati
1188 3287 1428 3353 fuerant,
1452 3299 1566 3342 erat
1593 3287 1852 3363 Joannes,
1877 3301 2038 3360 caput
2067 3306 2168 3344 au-

584 3389 691 3433 tem
722 3379 825 3452 ipsi
851 3388 978 3436 ante
999 3381 1278 3447 donatum,
1321 3381 1585 3436 ccelorum
1621 3397 1842 3452 regnum
1879 3383 2165 3450 praecisum

581 3471 716 3539 fuit;
763 3471 879 3543 ipse
922 3472 1164 3544 quidem,
1195 3472 1240 3528 si
1270 3473 1405 3542 legis
1430 3473 1642 3542 justitia
1685 3482 1991 3543 spectetur,
2032 3474 2164 3529 nihil

581 3563 837 3630 habebat,
872 3562 1016 3634 quod
1053 3563 1376 3632 reprehendi
1406 3572 1622 3633 posset:
1684 3575 1739 3618 at
1776 3564 1864 3629 iis,
1895 3565 1986 3633 qui
2041 3564 2167 3618 vitae

581 3653 634 3706 in
666 3653 886 3709 Christo
911 3653 1103 3724 posita
1153 3653 1348 3724 spiritu
1383 3653 1608 3722 perfecti
1666 3653 1903 3718 fuerunt,
1941 3654 2167 3709 inl‘erior

581 3744 824 3798 exstitit:
876 3743 1019 3812 quod
1067 3743 1297 3810 scilicet,
1328 3753 1386 3798 ut
1426 3743 1539 3814 jam
1571 3745 1909 3813 scripsimus,
1958 3744 2168 3814 priuse

582 3837 691 3891 vita
719 3837 1082 3894 discessisset.
1111 3837 1372 3906 Quisquis
1403 3836 1567 3906 igitur
1592 3838 1768 3891 minor
1799 3846 1883 3892 cst
1920 3838 1971 3890 in
2001 3852 2166 3908 regno

2551 408 2670 465 ΞΖ’.
2696 438 2764 450 -—
2796 406 3104 478 ΤΙΜΟΘΕῼ
3140 408 3577 482 ΑΝΛΓΝΩΣΤῌ.

2581 504 2686 569 Είς
2721 501 2789 556 τὸ
2816 501 3139 572 ,βάπτισμα
3171 503 3280 557 τοῦ
3308 504 3554 573 Κυρίου.

2347 615 2566 681 Ἔοικας
2607 633 2697 688 μοι
2727 614 2914 687 [πάνυ]
2951 613 3240 685 βούλεσθαι
3273 613 3388 686 (66)
3419 614 3497 686 τῷ
3527 613 3718 689 Κυρίῳ
3749 619 3868 670 πεί-

2270 709 2592 776 θεσθαι,καὶ
2618 707 2718 772 τὰς
2751 705 2977 779 Γραφάς
3009 708 3255 778 ὲρευνᾷν.
3292 705 3530 778 Ἀνάγκη
3562 706 3745 762 τοίνυν
3774 707 3866 763 καὶ

2269 801 2668 873 ἀποκρίνεσθαι
2704 799 2843 871 πρὸς
2877 797 2976 863 τὰς
3004 797 3227 863 πεύσεις
3267 815 3382 852 σου.
3409 816 3427 850 ι
3458 790 3628 862 Οὗτός
3663 799 3816 853 ἐστιν
3840 799 3868 852 6

2271 893 2398 956 Υίός
2428 909 2529 964 μου
2555 893 2584 945 6
2605 888 2909 959 ἀγαπητὸς,
2939 908 2956 941 ι
2982 889 3010 942 6
3035 887 3167 951 Θεὸς
3197 888 3292 943 καὶ
3320 889 3512 960 Πατὴρ
3537 887 3597 952 ἐξ
3617 887 3866 959 οὐρανῶν

2271 981 2653 1052 βαπτιζομένῳ
2679 979 2758 1049 τῷ
2787 979 2903 1049 Υίῷ
2923 979 3243 1049 ἐπεϐόησεν,
3272 980 3358 1034 ἵνα
3386 981 3481 1034 καὶ
3507 979 3601 1033 τὸν
3642 981 3866 1052 γνήσιον

2268 1073 2418 1146 δείξῃ
2445 1073 2538 1126 καὶ
2580 1071 2814 1142 φυσικὸν
2850 1073 3001 1136 Υίδν,
3049 1070 3254 1142 μεταξὺ
3282 1072 3390 1124 τῶν
3423 1069 3570 1124 θέσει
3610 1073 3704 1124 καὶ
3734 1070 3867 1142 ἀξίᾳ

2269 1165 2724 1239 χρηματιζόντων
2751 1166 2883 1221 υίῶν
2914 1164 3418 1236 ἀμφιδαλλόμενον,
3451 1163 3543 1215 καὶ
3577 1163 3676 1232 τὴν
3708 1163 3866 1217 θείαν

2269 1263 2364 1316 καὶ
2393 1261 2775 1332 προσκυνητὴν
2805 1261 2902 1331 τῆς
2936 1259 3192 1329 θεότητος
3223 1256 3429 1327 Τριάδα
3460 1254 3780 1326 φανερὼσῃ,
3811 1257 3866 1307 ὲν

2274 1356 2430 1420 ίδίαις
2469 1355 2802 1409 ὑποστάσεσι
2851 1351 3297 1423 γνωριζομένην·
3336 1350 3429 1403 καὶ
3462 1348 3730 1418 Μοντανῷ
3771 1347 3866 1400 καὶ

2271 1448 2544 1519 Σαϐελλίῳ
2567 1446 2870 1518 ἀποκλείσῃ
2891 1445 2988 1516 τὴν
3013 1444 3282 1498 κακόνουν
3309 1441 3584 1496 ἀσέϐειαν.
3610 1440 3718 1494 Τοῦ
3751 1441 3863 1511 γὰρ

2272 1540 2403 1594 Υίοῢ
2451 1538 2852 1611 βαπτιζομένου
2897 1539 2926 1592 6
2977 1537 3168 1608 Πατὴρ
3226 1535 3616 1607 ἐμαρτύρησε,
3661 1534 3762 1587 καὶ¹
3805 1533 3863 1586 τὸ

2273 1632 2498 1704 Πνεῦμα
2529 1632 2590 1685 τὸ
2616 1632 2770 1700 ἅγιον
2800 1629 3086 1684 καταπτάν
3128 1627 3412 1700 ὁμοούσιον
3442 1625 3621 1698 ἐαυτῷ
3651 1625 3748 1681 καὶ
3787 1625 3863 1696 τῷ

2274 1724 2450 1795 Ilath
2488 1724 2776 1778 ὐπεδείκνυ
2816 1723 2908 1778 τὸν
2941 1722 3360 1794 βαπτιζόμενον.

2782 1923 2892 1978 an.
2919 1955 2989 1964 —
3011 1917 3101 1996 Ἰᾨ
3140 1923 3343 1996 ΑΥΤῼ.

2275 2019 2336 2073 Τι’
2365 2018 2497 2071 ἐστι
2530 2017 2597 2070 τὸ
2637 2017 2770 2086 περὶ
2809 2016 3081 2086 Ἰωάννου
3131 2014 3470 2085 εἰρημένον,
3509 2033 3528 2066 t
3572 2016 3625 2068 Ὁ
3659 2014 3727 2068 δὲ
3769 2035 3863 2085 μι-

2341 2090 2620 2223 κὲόέἓρος
2658 2085 2728 2140 ἐν
2774 2085 2848 2155 τῇ
2880 2086 3176 2154 ,βασιλείᾳ
3223 2086 3340 2140 τῶν
3375 2088 3669 2155 οὐρανῶν,
3703 2108 3720 2138 ι
3761 2086 3861 2140 καὶ

2342 2177 2370 2212 τ
2528 2178 2618 2223 ης.

2342 2177 2414 2213 τα
2450 2177 2513 2223 et;
2528 2178 2618 2226 ης.

2341 2277 2456 2329 Οὐκ
2499 2273 2828 2346 ἀμέριμνον,
2860 2273 2997 2329 ἀλλά
3026 2274 3120 2328 καὶ
3152 2273 3358 2345 σφόδρα
3401 2273 3636 2343 βασάνου
3671 2272 3835 2343 δεόμε

2273 2387 2380 2433 νον,
2413 2367 2728 2438 προέθηκας
2755 2369 2910 2438 ἡμῖν,
2937 2367 3126 2437 ἄριστε
3151 2366 3258 2421 τῶν
3289 2366 3616 2436 φιλοπόνων,
3641 2365 3701 2418 τὸ
3727 2367 3864 2438 πρό-η

2271 2461 2484 2530 ϐλημαο
2517 2479 2534 2512 ι
2558 2459 2614 2514 ’0
2645 2459 2971 2531 μικρότερος
2997 2460 3054 2512 ὲν
3081 2461 3149 2530 τῇ
3183 2457 3431 2530 βασιλείᾳ
3456 2457 3563 2510 τῶν
3588 2456 3860 2528 οὐρανῶν,

2274 2551 2473 2624 μείζων
2502 2555 2651 2606 ἐστὶν
2686 2553 2938 2607 Ἰωάννου
2961 2569 2974 2582 °
3005 2571 3024 2604 ι
3063 2553 3091 2605 6
3121 2553 3179 2604 ὲν
3211 2550 3289 2623 τῷ
3314 2551 3465 2621 νόμῳ
3492 2549 3718 2612 τέλειος,
3749 2541 3863 2612 οἷος

2269 2642 2336 2716 ἦν
2376 2646 2650 2713 Ἰωάννης,
2686 2645 2902 2704 πάντως
2934 2645 3114 2715 ἥττων
3151 2638 3221 2714 ἦν
3255 2641 3350 2696 τοῦ
3385 2643 3464 2706 είς
3505 2641 3597 2694 τὸν
3631 2639 3862 2694 θάνατον

2271 2737 2508 2809 Χριστοῦ
2569 2735 2981 2808 βαπτισθέντος.
3011 2735 3184 2788 Τοῦτο
3215 2734 3326 2806 γάρ
3363 2734 3512 2786 ἐστιν
3543 2733 3578 2802 ἡ
3614 2731 3721 2784 τῶν
3765 2731 3859 2783 οὐ·

2274 2828 2452 2897 ρανῶν
2491 2827 2762 2897 βασιλεία,
2791 2825 2852 2879 τὺ
2901 2825 3241 2896 συνταφῆναι
3273 2822 3494 2896 Χριστῷ
3539 2820 3860 2876 κατελθόντι

2274 2919 2566 2972 σκυλεῦσαι
2598 2919 2689 2970 τὸν
2735 2918 2987 2981 θάνατον,
3017 2919 3113 2971 καὶ
3162 2915 3563 2985 συναναστῆναι
3601 2913 3771 2983 αὐτῷ,
3802 2913 3863 2966 τὸ

2272 3012 2390 3062 κατ’
2420 3011 2626 3063 ἐκείνου
2662 3011 2862 3080 κράτος
2906 3009 3224 3081 παρέχοντι.
3261 3007 3478 3079 Ἐπειδὴ
3522 3001 3615 3062 οὖν
3658 3007 3864 3076 μείζων

2275 3103 2372 3171 μὲν
2411 3102 2628 3155 πάντων
2655 3097 2724 3173 ἦν
2758 3101 2867 3156 τῶν
2896 3100 3312 3172 γεγεννημένων
3343 3101 3406 3154 ὲκ
3435 3099 3714 3169 γυναικῶν
3743 3098 3859 3170 (67)

2273 3190 2616 3261 ὀ,Ἰωάννης,
2656 3189 2763 3261 πρὸ
2804 3189 2860 3244 δὲ
2891 3189 2987 3243 τοῦ
3023 3188 3244 3260 δοθῆναι
3287 3190 3388 3260 τὴν
3428 3187 3708 3259 βασιλείαν
3747 3186 3860 3239 τῶν

2273 3281 2520 3352 οὐρανῶν
2549 3280 2866 3352 ἀπετμήθη,
2889 3281 3032 3335 κατά
3069 3282 3166 3353 μὲν
3193 3281 3292 3353 τὴν
3319 3283 3375 3333 ἐν
3403 3281 3553 3351 νόμῳ
3583 3279 3862 3333 δικαιοσύ-

2273 3391 2374 3445 νην
2397 3374 2663 3444 γεγένητο
2691 3374 3004 3444 ἄμεμπτος,
3033 3372 3146 3427 τῶν
3175 3373 3233 3428 δὲ
3265 3373 3344 3443 τῷ
3375 3372 3644 3443 πνεύματι
3673 3370 3776 3440 τῆς
3805 3373 3862 3425 ἐν

2273 3465 2500 3538 Χριστῷ
2531 3466 2676 3538 ζωῆς
2709 3466 3108 3522 τελειωθέντων
3130 3465 3433 3537 ἀπελείφθη
3471 3462 3860 3534 προαπελθὼν,

2271 3559 2348 3623 ὡς
2378 3561 2755 3630 γεγράφαμεν.
2796 3560 2911 3624 Πᾶς
2951 3556 3068 3633 [οὖν
3097 3559 3146 3633 6]
3183 3561 3504 3632 μικρότερος
3550 3559 3608 3611 ὲν
3654 3557 3721 3628 τῇ
3765 3556 3864 3626 βα-

2277 3652 2452 3724 σιλείᾳ
2483 3653 2592 3704 τῶν
2623 3652 2892 3724 οὐρανῶν,
2934 3653 3232 3719 τουτέστιν,
3260 3654 3317 3706 ὲν
3343 3654 3410 3724 τῇ
3448 3651 3587 3725 διατά
3627 3650 3863 3719 Χριστὸν

2278 3745 2598 3816 παλιντοκία
2635 3743 2834 3816 μείζων
2868 3745 3038 3812 ἐστὶν,
3079 3745 3155 3810 ὡς
3188 3747 3424 3818 είρηται,
3456 3745 3551 3800 τοῦ
3591 3747 3742 3817 νόμῳ
3783 3746 3863 3797 δι-

2275 3835 2626 3901 καιωθέντος,
2659 3835 2846 3908 ἐπειδὴ
2876 3836 3031 3892 οὐδὲν
3065 3837 3381 3892 ἐτελείωσεν
3404 3840 3432 3893 6
3461 3839 3645 3908 νόμος.

579 3933 867 4003 εωΙοι-υπι,
911 3938 1013 3990 hoc
1068 3945 1183 4002 est,
1231 3936 1284 3990 in
1337 3933 1646 3991 Christiana
1709 3937 2150 4007 regenerationc,
2195 3933 2388 4004 major,
2430 3943 2489 3988 ut
2544 3933 2802 4002 diximus,
2827 3949 2894 3991 co
2923 3944 3030 4002 est,
3095 3935 3184 4006 qui
3207 3935 3261 3990 in
3285 3934 3402 4007 lege
3459 3933 3669 3990 Iaudem
3703 3935 3866 4005 justi-

584 4030 673 4086 tiae
704 4039 1026 4086 consecutus
1056 4040 1159 4086 est.
1185 4029 1452 4098 Quoniam
1491 4031 1575 4086 lex
1607 4030 1739 4084 nihil
1775 4029 2030 4084 omnibus
2052 4028 2164 4085 suis
2201 4027 2450 4099 partibus
2475 4028 2793 4099 perfecit".

1071 4146 1260 4204 LXIX.
1295 4179 1365 4190 —
1395 4145 1678 4205 MARONI.

583 4257 662 4314 De
698 4261 843 4332 gula,
879 4265 1019 4333 quod
1067 4264 1133 4317 sit
1181 4275 1348 4318 mater
1396 4264 1788 4318 irrationalium
1839 4264 2168 4333 a/I'ectutmt;

653 4331 711 4386 et
750 4331 900 4402 quod
917 4331 1124 4403 jejunio
1152 4345 1305 4403 atque
1339 4335 1483 4388 humi
1527 4336 1804 4391 cubatione
1858 4331 2048 4405 corpus
2101 4336 2168 4390 sit

654 4405 1042 4473 castigandum.

2814 4144 2919 4200 ΞΘ.
2945 4175 3015 4185 -
3037 4143 3324 4200 ΜΔΡΩΝΙ.

2278 4261 2424 4342 Περί
2454 4263 2946 4342 ’γαστριμαργίας
2967 4303 2994 4342 ,_
3029 4261 3132 4342 θεαὶ
3170 4261 3272 4342 fit":
3323 4260 3523 4342 μήτηρ
3564 4259 3714 4342 ἐστὶ.
3747 4255 3869 4312 τῶν

2349 4330 2587 4402 ἀλόγων
2627 4330 2868 4402 παθῶν·
2899 4332 3001 4388 καὶ
3039 4331 3127 4385 ὅτι
3161 4331 3264 4402 δ’ιά
3299 4330 3585 4400 νηστείας
3618 4330 3720 4384 καί
3758 4345 3868 4400 χα-

2351 4401 2600 4472 μευνίας
2633 4401 2905 4465 κολάζειν
2944 4402 3060 4474 χρὴ
3091 4401 3157 4456 τὸ
3189 4401 3383 4472 σῶμα.

655 4519 852 4575 Multos
872 4519 1300 4576 admonitionum
1316 4521 1505 4577 modos
1521 4519 1850 4592 investigare
1871 4535 2060 4588 conor,
2079 4536 2168 4592 per

2349 4519 2638 4592 Πειρῶμαι
2679 4519 2909 4585 πολλοὺς
2941 4521 3178 4594 τρόπους
3211 4518 3506 4574 νουθεσιῶν
3539 4515 3872 4588 ἀνιχνεύειν,

588 4626 722 4682 quos
751 4620 803 4666 te
835 4626 867 4666 e
902 4612 1214 4677 temulentia
1246 4627 1530 4680 emergere
1557 4627 1664 4667 non
1714 4613 1877 4667 modo
1913 4612 2054 4678 volo,
2081 4613 2168 4668 sed

2280 4611 2342 4664 δι’
2367 4603 2443 4667 ὧν
2470 4612 2530 4665 οὐ
2573 4612 2733 4682 μόνον
2767 4611 3051 4683 βούλομαι,
3080 4611 3217 4665 ἀλλά
3248 4610 3344 4665 καὶ
3379 4609 3609 4680 εὐχομαι
3641 4609 3874 4676 ἀνενεγ-

587 4704 752 4756 etiam
775 4713 924 4773 opto.
956 4705 1054 4758 Dic
1081 4705 1271 4775 igitul‘,
1303 4704 1410 4774 22
1453 4705 1584 4760 heus
1640 4715 1716 4769 tu,
1745 4720 1841 4774 per
1880 4705 2047 4774 ipsam
2083 4705 2168 4759 Dei

2280 4705 2395 4757 κεῖν
2436 4721 2494 4756 σε
2523 4702 2625 4774 τῆς
2661 4703 2852 4775 μέθης.
2880 4705 3015 4757 Εἰπὲ
3042 4703 3241 4766 τοίνυν,
3270 4702 3390 4755 εἰπὲ
3423 4702 3626 4763 τοίνυν,
3659 4693 3706 4752 ὧ
3744 4702 3872 4765 τᾶν,

591 4795 871 4849 veritatem
895 4804 948 4848 te
972 4798 1240 4861 obtestor,
1261 4810 1328 4850 an
1352 4811 1456 4850 non
1485 4795 1608 4867 gula
1631 4796 1838 4867 primos
1861 4807 2118 4867 parentes
2146 4811 2168 4851 ε

2281 4796 2420 4866 πρὸς
2449 4795 2619 4865 αὐτῆς
2649 4797 2747 4866 τῆς
2773 4798 2866 4850 τοῦ
2893 4796 3026 4851 Θεοῦ
3055 4795 3334 4866 ἀληθείας.
3361 4794 3421 4847 οὐ
3452 4793 3876 4865 γαστριμαργία

657 4968 877 5024 "Joan.
912 4985 964 5033 ν,
987 4971 1077 5026 59.
1119 4971 1197 5004 ἠ’
1233 4968 1426 5026 Matth.
1459 4988 1538 5041 III,
1567 4973 1652 5028 I7.
1712 4974 1759 5006 ⁷³
1793 4973 1982 5030 Matth.
2005 4990 2080 5042 ιι,
2116 4976 2200 5032 Η.

2275 4976 2322 5009 ’⁸
2354 4975 2518 5032 Hebr.
2551 4989 2646 5040 vn,
2689 4976 2775 5031 l9.

1699 5128 1936 5185 VARIAE
1978 5129 2364 5188 LECTIONES
2402 5132 2490 5187 ET
2530 5131 2765 5191 NOTAE.

674 5309 786 5380 (66)
811 5308 978 5364 Codd.
1018 5307 1141 5380 Vat.
1175 5307 1278 5380 649
1325 5315 1378 5380 et
1409 5307 1513 5363 Alt.
1557 5309 1970 5380 βουλεύσασθαι.
2010 5313 2166 5369 Vers.

593 5375 998 5452 5,7sne'66'qcsv,
1028 5379 1151 5434 cod.
1173 5378 1298 5452 ᾼΙι.
1333 5378 1384 5432 in
1435 5375 1607 5452 prima
1635 5397 1866 5452 persona
1922 5385 2050 5449 legit
2078 5387 2175 5437 ἑπ-

2282 5313 2439 5388 longe
2465 5314 2674 5388 melius.
2703 5317 2757 5388 ni
2787 5315 2986 5388 fallor;
3023 5317 3103 5372 sic
3128 5316 3273 5370 enim
3304 5317 3489 5384 habet,
3526 5318 3591 5373 ὲκ
3616 5320 3892 5388 γυναικὸς

2299 5382 2573 5461 Ἰωάννης,
2599 5386 2720 5461 ἀλλ’*
2741 5387 2804 5461 οὐ
2833 5387 2948 5461 τῶν
2975 5382 3404 5461 γεγεννημένων
3437 5382 3503 5461 In}
3534 5382 3888 5461 πνεύματος.

603 5449 1086 5526 εεόησαμαηῳιοιη
1121 5449 1298 5502 adhuc
1325 5460 1529 5526 pergat.
1549 5449 1692 5526 loqui
1718 5453 2058 5526 Paterettjus
2089 5456 2176 5508 illa
2286 5453 2342 5507 In
2377 5449 2572 5524 quibus
2611 5458 2790 5513 verbis
2821 5449 3134 5526 cardo'ip'se
3157 5449 3445 5513 sententia:
3477 5449 3888 5514 Isidori'verti-

593 5518 732 5591 sunt
773 5522 934 5575 tertio
991 5530 1137 5576 retro
1183 5532 1376 5581 versu.
1411 5518 1564 5586 οὗτός
1612 5518 1760 5579 ἐστιν
1790 5525 1819 5576 6
1865 5518 2014 5591 Υιδξ,
2070 5535 2176 5580 etc.

595 5590 809 5646 Possm.

2286 5534 2418 5598 tur_,
2453 5527 2685 5582 volentis
2723 5529 2926 5584 dictum
2963 5526 3228 5583 Joannem
3262 5528 3525 5598 majorem
3564 5531 3821 5586 omnibus
3858 5545 3897 5584 e

2285 5595 2510 5671 muliere
2541 5599 2680 5654 natis
2701 5639 2715 5666 ,
2749 5614 2858 5655 non
2892 5608 3074 5656 autem
3105 5595 3361 5656 omnibus
3391 5599 3532 5657 natis
3565 5614 3596 5657 e
3642 5599 3884 5671 Spiritu.

669 5658 917 5736 (67)_Pro
938 5661 1004 5714 iis
1031 5663 1094 5714 ὲκ
1121 5663 1394 5736 γυναικῶν
1413 5672 1467 5721 et
1493 5679 1610 5732 quae
1636 5679 1751 5734 seq.
1779 5681 1953 5735 usque
1982 5666 2046 5718 ad
2070 5666 2168 5736 πρὲ

2282 5661 2491 5722 Possm.

593 5728 650 5780 δὲ
709 5729 826 5796 τοῦ,
879 5739 1009 5797 εις..
1053 5728 1198 5788 cod."
1231 5733 1340 5788 Alt.
1398 5728 1569 5791 mutat
1608 5745 1658 5791 et
1702 5728 2131 5804 addit-quamam
2158 5778 2170 5800 ,
