3986 6408
463 346 566 411 231

994 443 1159 501 LXX.
1191 474 1263 485 —
1290 439 1522 498 EIDEM.

539 562 600 620 Si
629 559 904 625 ventri,ut
935 559 1029 612 abs
1066 565 1116 610 te
1155 554 1358 609 dictum
1390 560 1496 616 est,
1533 550 1756 605 minime
1780 548 1887 620 23
1921 564 2043 603 suc-

466 658 700 717 cumbis,
752 659 1036 709 senectute
1099 647 1353 702 videlicet
1408 644 1753 715 prohibente,
1797 642 1924 710 quid
1959 649 2043 694 est

466 750 610 819 quod
630 744 834 799 ventris
851 744 977 798 vitia
999 739 1292 809 iuvenilem
1315 738 1367 790 iu
1388 736 1606 790 modum
1626 735 1679 788 in
1705 742 1757 787 te
1777 732 2044 787 bacchan-

467 839 593 894 tur?
626 837 836 892 Etenim
876 834 1050 889 ventri
1083 843 1307 902 prorsus
1354 826 1647 891 dominari,
1677 823 2043 896 perturbatio-

467 930 623 986 nibus
658 928 823 983 animi
861 924 1128 981 dominari
1153 930 1256 979 est.

755 1036 947 1094 LXXI.
979 1066 1051 1079 -—
1080 1032 1364 1090 HELIONI
1402 1029 1757 1087 MONACHO.

678 1130 1054 1203 lnterpretatio
1080 1130 1133 1182 in
1170 1126 1328 1191 illud,
1363 1144 1383 1178 ι
1414 1124 1619 1194 Septem
1642 1125 1773 1178 dies.
1807 1142 1827 1176 ›

534 1241 591 1296 Id
623 1240 767 1312 quod
803 1240 857 1293 in
884 1239 1003 1307 lege
1026 1237 1228 1291 dictum
1271 1243 1376 1301 est,
1412 1234 1632 1288 minime
1662 1232 1891 1304 simplex
1941 1240 2044 1298 est,

466 1343 656 1386 verum
687 1326 881 1397 duplex
916 1325 1171 1394 quiddam
1200 1324 1382 1387 habet,
1422 1320 1565 1390 quod
1591 1322 1798 1376 crassis
1828 1320 2046 1391 quidem

467 1419 666 1475 animis
719 1425 965 1486 opertum
1002 1424 1108 1478 est,
1161 1413 1408 1466 tenuibus
1459 1422 1639 1466 autem
1664 1421 1718 1466 et
1752 1412 1927 1466 acutis
1950 1428 2050 1466 nu-

1638 334 1699 393 S.
1741 330 2033 393 ISIDORI
2067 330 2510 395 PELUSIOTIE

3631 328 3747 394 23?;

2685 440 2761 495 οι.
2789 471 2855 481 -
2884 440 2971 512 Τῼ
3009 441 3210 514 arra.

2219 554 2282 607 El
2314 552 2585 625 γαστρὸς,
2630 554 2705 618 ὡς
2750 548 2938 619 εἶπες,
2984 556 3082 626 οὐχ
3124 557 3379 627 ἦττησαι,
3419 554 3515 610 τοῦ
3549 557 3743 629 γήρως

2146 643 2304 698 τοῦτο
2363 643 2700 709 κωλύοντος,
2757 645 2919 699 πόθεν
2974 662 3055 699 σοι
3112 646 3182 699 τὰ
3235 648 3472 718 γαστρὸς
3528 648 3742 702 ἐκϐακ-

2150 736 2330 808 χεύειν
2368 735 2479 808 (69)
2510 738 2751 810 νεώτερα
2770 754 2783 803 ;
2803 736 2876 792 Τὸ
2906 737 3016 811 γὰρ
3052 742 3273 812 κρατεῖν
3305 739 3442 804 ὅλως
3470 741 3738 813 γαστρδς,

2150 832 2372 898 κρατεῖν
2397 832 2512 883 ἐστι
2542 829 2651 884 τῶν
2680 830 2889 887 παθῶν.
3265 835 3269 840 ’

2524 1032 2647 1086 ΟΑ⁹.
2672 1060 2739 1071 -—-
2772 1032 3009 1087 ῙΙΛῘΩΝΙ
3049 1033 3366 1105 ΜΟΝΑΧῼ.

2373 1115 2685 1193 Ἐῥμηνεία
2709 1125 2798 1190 εις
2826 1122 2916 1189 τὸ,
2951 1143 2970 1176 ι
3010 1124 3188 1178 Ἑπτὰ
3217 1125 3461 1195 ἡμέρας.
3493 1144 3512 1177 ι

2222 1233 2297 1289 Τὸ
2326 1236 2383 1288 ὲν
2415 1235 2494 1308 τῷ
2525 1236 2676 1307 νόμῳ
2700 1236 3012 1307 εἰρημένον,
3042 1236 3142 1291 οὐκ
3175 1236 3322 1291 ἔστιν
3360 1237 3589 1305 ἁπλοῦν,
3620 1239 3742 1295 ἀλλ’

2151 1324 2265 1396 ἔχει
2292 1328 2415 1380 τινὰ
2458 1327 2682 1398 διπλόην
2718 1330 2832 1391 τοῖς
2856 1331 2874 1345 ⁸
2902 1327 3098 1397 παχέσι
3140 1329 3595 1401 ,κεκαλυμμένηη
3626 1332 3742 1395 τοτς

2128 1419 2208 1490 ’δὲ
2251 1418 2469 1483 λεπτοῖς
2501 1419 2955 1491 γεγυμνωμένην.
2991 1440 3008 1472 ι
3032 1421 3097 1473 Ἢ
3125 1421 3309 1492 ἡμέρα
3329 1424 3548 1492 ,φησὶν,
3580 1426 3614 1493 ἠ
3647 1424 3741 1478 ἑϐ-

465 1511 593 1565 dum
646 1519 701 1564 et
729 1516 1000 1578 apertum.
1042 1524 1061 1557 ι
1096 1504 1220 1559 Dies
1254 1504 1540 1571 septimus,
1593 1504 1790 1574 inquit,
1828 1513 2041 1558 sanctus

2164 1511 2310 1581 Βὸμη.
2342 1510 2514 1581 κλητὴ
2547 1512 2678 1579 ἁγία
2723 1510 2877 1564 ἔσται
2910 1513 3060 1583 ὑμῖν.
3098 1513 3214 1566 Πᾶν
3243 1513 3404 1582 έργον
3436 1514 3735 1586 λατρευτὸν

470 1600 627 1655 vobis
673 1597 976 1653 vocabitur.
1033 1592 1149 1648 Non
1203 1591 1416 1647 facietis
1466 1591 1520 1644 in
1576 1605 1642 1646 eo
1695 1591 1864 1645 ullum
1912 1605 2041 1661 opus

2164 1602 2208 1654 >6
2257 1601 2515 1673 ποιήσετε
2557 1602 2616 1655 ὲν
2653 1602 2826 1673 αὐτῇ,
2880 1600 3019 1673 πλὴν
3066 1603 3168 1656 ὅσα
3222 1602 3579 1674 ποιηθήσεται
3623 1605 3739 1676 (70)

467 1688 802 1764 (λατρευτόν)
831 1685 1027 1741 servile
1040 1685 1084 1717 ⁸⁷
1112 1703 1127 1736 :
1162 1699 1344 1739 verum
1376 1697 1713 1753 quascunque
1741 1683 1873 1738 ﬁent
1899 1682 2041 1738 omni

2164 1694 2301 1768 πάσῃ
2336 1694 2504 1766 ψυχῇ.
2539 1712 2556 1746 ι
2582 1695 2851 1764 Λατρείαν
2897 1693 3129 1748 ἐνταῦθα
3158 1695 3256 1765 τὴν
3282 1694 3525 1749 δουλείαν
3559 1697 3737 1753 καλεῖ.

465 1783 659 1837 animae
679 1799 694 1849 ;
718 1800 737 1829 ι
764 1796 857 1850 per
878 1777 1135 1848 λατρείαν
1157 1777 1257 1830 hoc
1287 1775 1406 1830 loco
1425 1777 1742 1831 servitutem
1776 1775 2041 1843 intelligit.

2164 1784 2318 1837 οὐδὲν
2345 1779 2459 1847 οὖν,
2487 1783 2640 1854 φησι,
2668 1782 2776 1836 τῶν
2800 1782 3206 1854 δουλοπρεπιῖω,
3234 1784 3327 1837 καὶ
3355 1783 3517 1838 οἱονεὶ
3542 1784 3738 1858 ἀνδρα-

465 1873 609 1929 Nihil
646 1875 827 1943 igitur,
859 1871 1052 1940 inquit,
1084 1867 1362 1923 servilium
1394 1882 1683 1934 rcrum,ac
1709 1883 1803 1922 vos
1837 1870 1903 1922 ab
1928 1868 2041 1923 otio

2164 1875 2474 1940 κοδιζόντων
2508 1876 2653 1944 ὑμᾶς
2683 1875 2791 1929 ἀπὸ
2819 1876 2918 1947 τῆς
2972 1876 3110 1947 πρὸς
3154 1875 3286 1929 Θεὸν
3320 1877 3537 1947 σχολῆς,
3570 1877 3740 1950 ἐργά-

467 1968 520 2023 in
560 1966 652 2021 Dei
684 1964 830 2019 cultu
865 1960 1183 2017 collocando
1213 1970 1474 2030 tanquam
1505 1974 1695 2015 servos
1716 1959 2041 2015 abstrahen-

2164 1966 2309 2020 τεσθε
2337 1967 2397 2021 ἐν
2432 1965 2716 2038 Σαϐϐάτῳ,
2735 1966 2764 2019 ὃ
2792 1966 3176 2037 καταφορτίζει
3205 1967 3350 2038 ὑμᾶς
3375 1969 3531 2041 βάρει
3561 1969 3741 2042 ἀμαρ-

466 2060 623 2123 tium,
653 2057 739 2112 die
760 2055 985 2111 Sabbati
1025 2052 1257 2120 facietis,
1286 2068 1387 2107 nec
1409 2053 1554 2122 quod
1578 2067 1674 2106 vos
1695 2062 2041 2121 peccatorum

2164 2057 2437 2129 ιημάτων⁸
2469 2056 2707 2123 ἀνέσεως
2753 2058 2864 2129 γὰρ
2907 2056 3000 2111 καὶ
3036 2057 3282 2127 ἀφέσεως
3325 2060 3475 2112 ἐστιν
3513 2061 3546 2131 ἠ
3595 2062 3738 2131 ἡμέ-

465 2151 708 2220 pondere
744 2146 1034 2217 deprimat.
1063 2141 1161 2199 Est
1186 2144 1331 2199 enim
1365 2144 1721 2199 recreationis
1760 2159 1825 2199 ac
1851 2145 2041 2199 remin-

2164 2166 2255 2221 pa.‘
2314 2150 2408 2202 καὶ
2433 2150 2495 2203 οὐ
2526 2150 2632 2220 χρὴ
2664 2150 2980 2218 συνδέσμοις
3012 2149 3195 2203 κακῶν
3227 2150 3289 2203 τὸ
3322 2149 3541 2222 ἀξίωμα
3566 2152 3739 2223 αὐτῆς

462 2241 634 2298 εἰοιιὶε
664 2240 783 2295 dies
810 2255 823 2291 :
859 2252 959 2294 nec
980 2238 1152 2309 ipsius
1182 2236 1502 2305 dignitatem
1533 2237 1787 2293 vitiorum
1824 2236 2041 2310 colliga-

2164 2240 2552 2312 ἑνυϐρίζεσθαιο
2580 2241 2641 2294 τὸ
2663 2240 2743 2304 δὲ,
2793 2258 2811 2290 ι
2842 2241 2942 2294 ὅσα
2975 2239 3329 2311 ποιηθήσεται
3351 2243 3500 2315 πάσῃ
3514 2244 3684 2314 ψυχῇ,
3711 2262 3732 2297 s

463 2333 701 2389 tionibus
734 2332 1075 2397 dedecorari,
1104 2329 1544 2399 contumeliaque
1571 2329 1715 2385 al'tlci
1766 2332 2040 2386 convenit.

2164 2331 2352 2403 κρῆναι
2402 2332 2731 2403 ἐργάζεσθαι
2753 2373 2768 2399 ,
2798 2332 2897 2385 ὅσα
2945 2335 3011 2403 τῇ
3044 2332 3189 2403 ψυχῇ
3230 2332 3385 2405 φέρει
3414 2334 3477 2386 τὸ
3513 2334 3735 2405 κέρδος,

463 2425 613 2491 Quod
649 2433 829 2476 autem
877 2421 1145 2491 sequitur,
1196 2419 1475 2487 nimirum,
1526 2435 1860 2490 quaecunque
1891 2422 2041 2475 nent:

2164 2421 2322 2476 ταῦτα
2381 2422 2622 2493 πληροῦν
2681 2420 3103 2491 ἐνομοθέτησεν,
3153 2421 3350 2493 εὐχὴν,
3403 2421 3735 2493 προσευχὴν,

461 2532 523 2571 ea
563 2517 761 2570 animae
788 2514 904 2569 lieri
954 2522 1228 2583 oportere,
1252 2525 1350 2580 per
1383 2511 1499 2566 haec
1524 2513 1710 2577 verba,
1745 2526 1811 2565 ea
1840 2513 2041 2578 omnia,

2164 2509 2400 2581 ἡσυχίαν,
2434 2508 2748 2572 νουθεσίαν,
2799 2510 3066 2575 εὐποιίαν,
3101 2508 3484 2581 σωφροσύνην,
3534 2511 3739 2581 ἐγκρά-

460 2623 595 2676 qua:~
621 2607 816 2660 animae
845 2604 1057 2658 lucrum
1086 2600 1342 2667 aﬂ‘erunt,
1389 2600 1595 2671 expleri
1633 2602 1911 2671 praecepit,
1940 2603 2041 2657 hoc

2164 2620 2319 2669 εειαν,
2343 2601 2622 2674 ἀλήθειαν,
2654 2602 2898 2670 ἁγνείαν,
2925 2602 3019 2655 καὶ
3047 2603 3148 2656 ὅσα
3178 2601 3389 2667 τούτοις
3429 2603 3534 2656 ὑπὸ
3565 2603 3738 2667 πόδας

460 2708 561 2758 est,
619 2697 1013 2767 precationem,
1043 2693 1306 2765 quietem,
1347 2692 1796 2759 admonitionem,
1843 2692 2041 2748 beneﬂ-

2164 2692 2402 2765 εἴρηται,
2453 2693 2600 2763 ἆπερ
2645 2694 2723 2755 εἰς
2769 2692 2860 2745 τὸν
2893 2691 3001 2745 ἔσω
3029 2687 3376 2747 διαϐαίνοντα
3426 2692 3735 2765 ἄνθρωπον,

460 2792 724 2856 centiam,
781 2788 1121 2858 pudicltiam,
1150 2786 1569 2851 continentiam,
1601 2785 1904 2851 veritatem,
1939 2801 2040 2853 pu-

2164 2785 2256 2839 rth
2282 2784 2388 2851 ἔξω
2430 2784 2708 2855 ἐλευθεροῖ
2751 2784 3063 2839 σκανδάλων
3111 2784 3206 2838 καὶ
3239 2784 3759 2871 περιστάσεωνρψί

461 2882 702 2943 ritatem,
732 2888 788 2933 et
820 2892 940 2947 quae
978 2876 1237 2946 deinceps
1275 2874 1423 2929 dicta
1470 2883 1619 2930 sum.
1656 2873 1786 2941 Quae
1818 2874 2039 2944 quidem

2164 2877 2409 2941 νικῶντος
2436 2875 2532 2929 τοῦ
2565 2875 2892 2947 κρείττονος.

463 2976 532 3029 ad
556 2974 829 3027 internum
862 2968 1136 3024 hominem
1173 2967 1530 3030 transeunda,
1567 2977 1852 3022 extet-num
1884 2965 2162 3024 scandalis
2193 2977 2249 3025 et
2302 2968 2551 3025 adversis
2606 2967 2828 3025 casibus
2856 2968 3129 3037 liberant,
3202 2977 3497 3040 superante
3544 2967 3737 3025 videli-

461 3078 549 3125 cet
564 3082 630 3121 eo
653 3064 800 3137 quod
832 3062 1024 3120 melius
1048 3077 1113 3118 ac
1137 3059 1485 3134 praestantius
1521 3069 1627 3117 est.

966 3176 1179 3235 LXXII.
1209 3209 1283 3222 —
1313 3177 1546 3234 EIDEM.

465 3276 741 3344 Quomodo
780 3275 837 3330 in
887 3272 1136 3330 Sabbatis
1177 3271 1476 3329 sacerdotes
1514 3268 1805 3327 Sabbatum
1860 3269 2046 3341 profa-

1188 3353 1332 3398 nent.
1375 3383 1381 3390 -

536 3460 891 3517 «Sacerdotes
918 3458 971 3513 in
1007 3457 1208 3529 templo
1229 3455 1525 3513 Sabbatum
1567 3454 1814 3525 polluunt
1844 3462 1899 3509 et
1925 3454 2044 3509 sine

460 3554 614 3625 culpa
640 3551 879 3609 suum.»
911 3550 1174 3619 Quoniam
1203 3563 1330 3604 cum
1354 3563 1489 3618 opus
1506 3562 1686 3613 omne,
1710 3546 1850 3617 quod
1878 3560 2041 3600 mauu

461 3648 769 3713 coniicitur,
798 3644 888 3699 die
924 3642 1147 3697 Sabbati
1197 3641 1529 3712 prohibitum
1578 3640 1699 3705 sit,
1751 3638 1851 3708 ipsi
1900 3638 2042 3709 ligna

461 3737 702 3800 caedunt,
742 3745 794 3789 et
822 3735 1001 3804 ignem
1032 3733 1360 3800 accendunt,
1387 3741 1443 3788 et
1475 3732 1820 3786 victimarum
1847 3742 2043 3785 carnes

461 3828 816 3883 distribuunt.
849 3825 981 3890 Quae
1030 3824 1274 3896 quidem,
1310 3826 1370 3882 ut
1389 3823 1698 3879 communia
1733 3836 1922 3892 opera,
1956 3821 2044 3875 die

463 3920 685 3976 Sabbati
727 3916 951 3987 explere
1007 3915 1234 3971 minime
1293 3915 1725 3985 permittuntur;
1767 3922 1824 3970 ut
1858 3924 2041 3968 autem

463 4009 593 4063 hinc
638 4005 981 4061 sacriﬁcium'
1014 4003 1332 4072 conﬁciant,
1376 4012 1665 4069 vetantur,
1715 4004 1823 4059 imo
1876 4003 2041 4059 etiam

461 4100 740 4171 iubentur.
773 4098 950 4168 Atque
976 4097 1075 4151 hac
1113 4097 1328 4151 ratione
1358 4094 1661 4149 Sabbatum
1700 4096 1918 4166 quidem
1945 4109 2042 4164 per

461 4188 832 4260 operationem
884 4187 1045 4258 pollui
1097 4187 1402 4256 contingit;
1462 4188 1776 4244 Sacerdotes
1836 4198 2040 4253 autem,

464 4289 686 4351 propter
748 4277 1093 4351 operationis
1152 4277 1563 4343 diversitatem,
1611 4287 1765 4333 extra
1826 4279 2041 4349 culpast

460 4388 599 4428 esse.
704 4417 709 4423 .

634 4482 870 4539 LXXIII.
899 4478 1352 4537 —CALLIOPIO
1382 4480 1864 4541 PRESBYTERO.

2646 3179 2767 3235 oe.
2796 3210 2870 3220 —
2903 3180 2992 3252 ro
3031 3179 3236 3253 ΑΥΤῼ.

2147 3269 2282 3340 Πῶς
2311 3271 2384 3326 ἐν
2410 3271 2538 3338 τοῖς
2567 3270 2875 3326 Σάὅόασιν
2907 3275 2963 3326 οὶ
3006 3271 3182 3341 ἱερεῖς
3209 3272 3280 3326 ἐν
3312 3271 3393 3339 τῷ
3418 3271 3551 3342 ίερῷ
3580 3271 3734 3330 Σάϐ-

2634 3344 2816 3396 ϐατον
2849 3342 3248 3411 βεϐηλοῦσιν.

2225 3478 2245 3511 ι
2274 3461 2336 3513 Οἱ
2368 3461 2534 3530 ἱερεῖς
2561 3462 2620 3514 ὲν
2643 3459 2721 3530 τῷ
2752 3459 2883 3533 ἱερῷ
2911 3458 2973 3513 τὸ
2999 3459 3274 3514 Σάϐϐατον
3301 3458 3613 3530 βεϐηλοῦσι,
3638 3464 3737 3517 καὶ

2146 3549 2381 3605 ἀναίτιοί
2399 3552 2591 3604 εἰσιν.»
2635 3550 2855 3622 Ἐπειδὴ
2880 3550 3081 3613 παντὸς
3102 3549 3264 3621 ἔργου
3287 3554 3651 3626 χειροκμήτου
3679 3556 3739 3608 ὲν

2145 3642 2410 3716 Σαϐϐάτῳ
2432 3643 2841 3714 κεκωλυμένου,
2893 3642 3050 3697 αὐτοὶ
3085 3643 3462 3710 ξυλοκοποῦσι,
3493 3648 3589 3699 καὶ
3620 3647 3733 3719 πῦρ

2145 3734 2379 3791 ἅπτουσι
2409 3733 2546 3808 (7|),
2576 3736 2671 3789 καλ⁸
2706 3734 2807 3798 τὰς
2848 3733 3043 3799 θυσίας
3092 3736 3488 3806 κρεανομοῦσιν
3511 3753 3525 3768 ·
3564 3736 3734 3808 ἅπερ,

2142 3826 2219 3891 ὡς
2251 3826 2352 3898 μὲν
2383 3825 2520 3896 ἔργα
2548 3824 2722 3892 κοινὰ,
2748 3825 2993 3899 πληροῦν
3014 3827 3072 3879 ὲν
3096 3826 3360 3899 Σαϐϐάτῳ
3387 3829 3489 3883 οὐκ
3517 3830 3739 3902 ἐπιτρέ-

2143 3931 2358 3980 πονται,
2385 3914 2461 3978 ὡς
2491 3914 2550 3968 δὲ
2581 3913 2770 3980 θυσίας
2791 3955 2808 3980 ,
2846 3915 3111 3970 ἐπιτελεῖν
3145 3916 3206 3970 οὑ
3236 3918 3556 3983 κωλύονται,
3598 3919 3739 3974 ἀλλὰ

2144 4005 2240 4061 καὶ
2267 4006 2398 4079 παρ’
2423 4004 2588 4060 αὐτοῦ
2616 4006 2711 4060 τοῦ
2738 4008 2903 4077 νόμου
2934 4008 3269 4064 κελεύονται.
3297 4011 3410 4064 Καὶ
3442 4010 3736 4081 συμϐαίνει

2146 4096 2503 4168 βεϐηλοῦσθαι
2537 4098 2637 4171 μὲν
2663 4099 2724 4152 τὸ
2747 4100 3024 4155 Σάϐϐατον
3052 4104 3117 4174 τῇ
3148 4103 3382 4174 ἐργασία
3403 4118 3417 4132 ⁸
3451 4102 3737 4170 ἀναιτίους

2143 4189 2199 4244 δὲ
2229 4184 2371 4244 εῖναι
2400 4191 2526 4256 τοὺς
2558 4191 2724 4264 ἱερεῖς
2750 4194 2819 4265 τῇ
2850 4193 3084 4266 διαφορᾷ
3110 4195 3210 4265 τῆς
3239 4194 3519 4266 ἐργασίας.

2368 4497 2489 4551 ora
2515 4527 2584 4538 -
2608 4499 2990 4572 nummo
3027 4502 3500 4576 ΠΡΕΣΒΥΤΕΡῼ.

464 4574 574 4633 Cur
625 4576 681 4630 in
738 4585 969 4644 tempore
1021 4572 1312 4662 minarum"
1351 4573 1492 4630 Deus
1534 4592 1638 4631 non
1707 4584 1891 4646 parcat
1924 4576 2036 4630 suis

2164 4586 2251 4641 διὰ
2276 4588 2333 4643 τί
2351 4588 2423 4643 ἐν
2450 4589 2635 4659 καιρῷ
2656 4591 2911 4661 ἀπειλῆς
2942 4597 2975 4648 ό
3003 4596 3148 4662 Θεὸς
3181 4595 3300 4650 τῶν
3331 4572 3551 4652 ἑαυτοῦ
3584 4599 3736 4654 ἀνα-

1137 4644 1363 4714 templis.

533 4762 719 4819 Mirari
772 4770 824 4817 te
849 4762 1069 4828 dixisti,
1097 4763 1187 4833 qui
1220 4763 1333 4833 (lat,
1371 4773 1431 4820 ut
1467 4764 1632 4830 Deus,
1660 4779 1783 4820 cum
1830 4775 2037 4821 metum

464 4867 624 4912 terrae
651 4856 917 4923 immittit,
947 4857 1163 4928 templis
1193 4860 1309 4915 suis
1339 4859 1562 4915 minime
1596 4869 1803 4930 parcat.
1820 4861 1890 4917 At
1920 4877 2043 4919 cer-

459 5014 508 5046 "
539 5012 714 5069 Levit.
744 5028 879 5070 xxm
900 5054 917 5080 ,
954 5014 1009 5070 '5.
1085 5014 1132 5047 ⁸⁸
1160 5013 1351 5070 Matth.
1381 5028 1478 5081 xu,
1509 5010 1561 5069 5.

2540 4663 2766 4730 κτόρων
2794 4666 2867 4718 οὐ
2896 4664 3161 4733 φείδεται
3196 4666 3340 4739 (72).

2218 4770 2533 4843 Θαυμάζειν
2563 4773 2720 4846 ἔφης,
2749 4776 2900 4841 ὅπως
2925 4778 3035 4833 τῶν
3072 4781 3269 4835 ἑαυτοῦ
3317 4782 3452 4848 Θεὸς
3501 4785 3735 4838 ἀνακτό-

2155 4883 2264 4937 ρων
2293 4869 2353 4921 οὐ
2395 4868 2656 4938 φείδεται,
2697 4872 2787 4926 ὅτε
2822 4873 2987 4943 φόϐον
3028 4879 3096 4949 τῇ
3128 4880 3199 4951 γῇ
3235 4880 3552 4952 ἐπαφίησιν.
3591 4878 3739 4934 Ἀλλ’

1560 5148 1796 5227 varum
1838 5172 2227 5234 LECTIONES
2264 5178 2355 5235 ET
2394 5177 2630 5239 nom.

535 5325 804 5419 (tim-Post
832 5327 1158 5419 ὲκξακχεύει
1195 5327 1352 5382 codd.
1383 5324 1503 5381 Vat.
1542 5327 1647 5383 6-19
1674 5337 1728 5383 et
1751 5328 1857 5382 Alt.
1887 5340 2034 5388 recte

2164 5333 2335 5419 misi;
2358 5337 2531 5419 sodes
2552 5354 2694 5419 _vero
2726 5341 3016 5419 Altaemsis
3040 5347 3379 5419 πυριοφοῦσι.
3408 5348 3620 5409 Possm.

461 5404 662 5471 addunt
692 5398 1114 5471 rrdbq.__Possm.

533 5469 647 5537 (70)
677 5465 838 5525 (10(1.⁷
867 5466 1043 5522 Vatic.
1101 5465 1204 5521 649
1258 5467 1564 5537 ποιήσεται.
1617 5468 1769 5523 Vers.
1814 5471 1881 5524 l3

2211 5405 2324 5475 (72)
2358 5406 2598 5463 Notanda
2641 5414 2883 5491 esttam:
2922 5405 3148 5491 epistola
3199 5405 3386 5474 contra
3434 5405 3728 5491 Epicurum

1936 5486 2032 5540 ΡΓο
2137 5474 2365 5557 ς’]ιξειιιιβ
2394 5493 2655 5557 sequaces
2688 5474 3046 5557 ἀθέους,ᾼὶιυί
3082 5474 3465 5557 argumentum
3481 5474 3623 5549 hinc
3642 5474 3729 5548 Ia:

465 5535 1696 5629 gpﬁvargcodhélt:habetypigat:Farsalia
1725 5551 1781 5629 et
1796 5542 1880 5629 ll]
1903 5535 2031 5629 ‘pro
2137 5535 2349 5629 b'ricartt
2397 5535 2486 5601 ad.
2514 5535 3723 5629 evertendam:

465 5605 571 5679 διεδ
598 5610 763 5670 πόδας
790 5608 1028 5679 εῐρηται,
1057 5605 1241 5679 longe,
1262 5605 1493 5679 opinor,_
1504 5610 1692 5665 melius
1718 5613 1875 5667 codd.
1903 5610 2028 5667 Vat.

465 5677 647 5757 ﬁget
672 5679 776 5757 ριι.
818 5676 1021 5757 legunt,
1059 5676 1435 5757 unoﬁtﬁpq-rat.
1466 5676 1673 5757 Possit}.

531 5749 644 5816 (71)
674 5747 779 5801 Pro
827 5745 936 5816 πῦρ
967 5745 1200 5802 ἅπτουσι
1221 5745 1354 5804 cod.
1389 5746 1509 5803 Vat.
1551 5750 1656 5805 649
1693 5751 1820 5821 legit
1852 5767 2031 5822 πυρα-

2141 5616 2368 5741 mtiliti“;
2391 5632 2495 5673 non
2526 5631 2754 5689 parcant
2800 5623 3045 5682 fulmina.
3086 5627 3162 5684 De
3193 5643 3302 5700 quo
3343 5616 3465 5686 vide
3518 5616 3724 5690 Lux-ie?
3766 5675 3776 5683 .

2223 5703 2294 5741 ιη.
2375 5703 2489 5741 ιττ.

2223 5703 2294 5743 ιη.
2325 5703 2489 5744 ιῖΙΤΤο
