3986 6380
491 261 595 326 235
1683 255 1742 314 S.
1788 252 2082 316 ISIDORI
2122 250 2558 319 PELUSIOTrE
3657 251 3764 316 236

493 383 663 451 ipsius
686 383 872 446 pectus
919 371 1170 444 trajicere
1205 369 1489 442 potuisset.
1521 368 1601 424 Ad
1639 371 1886 425 eumdem
1917 370 2067 441 igitur

2190 374 2538 443 τρωσκόντων
2574 371 2672 441 τὴν
2721 369 2900 441 ψυχὴν
2950 367 3119 438 ξιφῶν
3158 365 3571 438 ὑπερανάσχῃς,
3610 368 3764 422 ἀντι-

492 471 715 526 modum
766 467 811 521 si
861 473 913 519 tu
960 475 1174 530 quoque
1217 475 1361 527 eam,
1401 475 1560 530 quam
1606 467 1704 529 par
1748 468 1850 525 est,
1901 459 2066 514 animi

2191 464 2373 516 ιυπίαν
2404 461 2748 532 κτησάμενος
2781 462 2877 534 τὴν
2911 459 3198 522 ἀπάθειαν,
3227 457 3450 526 ἄγγελοί
3484 474 3566 510 σοι
3603 458 3765 528 -μετά

497 558 927 630 magnitudinem
959 553 1296 624 praestiteris,
1321 551 1640 624 gladiisque,
1658 551 1854 620 quibus
1886 551 2067 605 anima

2195 545 2274 622 ῖῆν
2309 552 2485 622 πάλην
2513 553 2946 625 διακονήσουσιν,
2978 552 3039 604 οὑ
3070 549 3336 611 δουλικῶς
3379 549 3769 619 ὑπηρετούμε-

494 650 938 710 convulneratur,
972 645 1265 715 superatis,
1302 653 1353 698 te
1387 644 1441 698 in
1492 642 1662 696 animi
1709 641 2068 712 tranquillita-

2193 659 2275 708 tOt,
2307 641 2494 712 ἐπειδὴ
2521 642 2678 696 τοῦτο
2715 640 2833 713 Θεῷ
2870 642 3014 711 μόνῳ
3048 638 3326 708 ὠφείλετο,
3373 637 3509 691 ἀλλά
3547 653 3767 707 νικητι-

500 753 609 799 tem
653 739 992 803 asserueris,
1037 736 1216 808 angeli
1262 735 1361 790 tibi
1415 742 1537 803 post
1583 733 1868 789 victoriam
1909 730 2074 788 mini-'

2190 734 2292 796 κῶς
2334 732 2721 802 στεφανοῦντες
2752 751 2832 788 σε.
2863 732 3062 786 Τοῦτον
3089 730 3198 801 γὰρ
3228 729 3341 798 ἔχει
3393 728 3583 799 μισθὸν
3609 730 3640 782 ὁ
3668 728 3764 782 τὸν

491 833 804 890 strabunt"
826 829 982 888 i‘non
1036 829 1257 900 quidem
1289 827 1538 883 servilem
1570 826 1621 880 in
1653 826 1870 881 modum
1901 825 2063 879 mini-

1787 841 1870 880 um
1901 825 2063 879 mini-
2173 825 2418 896 παρόντα
2456 825 2643 894 ἀγῶνα
2669 825 2930 895 γενναίως
2957 822 3361 892 ἀνδριζόμενος.

491 938 725 990 strantes
777 924 1234 998 (quandoquidem
1281 924 1382 978 hoc
1436 920 1535 978 soli
1579 920 1690 976 Deo
1732 917 2090 990 debebatur),
2132 934 2322 974 verum
2363 919 2587 975 victoris
2627 919 2681 974 in
2743 933 2948 974 morem
2998 925 3159 986 caput
3207 925 3357 973 tuum
3401 927 3601 971 corona
3645 913 3765 969 cin-

488 1035 699 1093 gentes.
729 1020 886 1076 lianc
906 1019 1051 1073 enim
1079 1013 1386 1071 mercedem
1409 1012 1572 1068 habet
1603 1011 1693 1081 qui
1721 1011 1776 1066 iu
1803 1011 2056 1080 praesenti
2093 1013 2393 1068 certamine
2449 1021 2670 1066 Strenue
2700 1024 2758 1064 se
2794 1010 2952 1080 gerit.

984 1109 1218 1166 LXXVI.
1249 1138 1318 1150 —-
1349 1108 1591 1165 EIDEM.

2671 1107 2807 1170 θεῖ’.
2831 1133 2900 1143 —
2930 1104 3018 1175 Τῼ
3057 1103 3262 1174 arm.

729 1227 840 1282 Cur
866 1226 1067 1296 lapides
1100 1241 1203 1280 non
1227 1224 1351 1294 fecit
1377 1239 1538 1293 panes
1571 1223 1846 1278 Dominus.
2239 1218 2301 1270 Δι

2239 1218 2342 1270 Διὰ
2379 1217 2436 1270 τί
2474 1218 2608 1282 τοὺς
2661 1217 3021 1341 1t'00v%oibx
3067 1215 3355 1283 ἐποίησεν
3391 1214 3608 1283 ἄρτους
3653 1215 3686 1267 ό

2893 1302 3078 1353 υριος.

560 1378 716 1474 Quod
749 1406 957 1476 lapides
990 1420 1018 1460 a
1049 1403 1268 1460 Christo
1296 1402 1348 1457 in
1376 1415 1543 1473 panes
1565 1401 1788 1457 minime
1816 1401 2064 1457 conversi

2248 1399 2312 1451 Ol
2337 1397 2496 1462 λίθοι,
2519 1398 2674 1468 ἄρτοι
2698 1397 2848 1468 παρά
2869 1397 3104 1468 Χριστοῦ
3126 1397 3185 1449 ού
3213 1397 3518 1465 γεγόνασιν,
3541 1394 3755 1465 ἄριστε,

500 1498 674 1554 sint"
705 1496 810 1568 (vir
833 1494 1326 1567 praestantissime),
1356 1508 1465 1548 non
1498 1493 1698 1548 idcirco
1725 1492 1927 1548 factum
1958 1503 2062 1558 est,

2182 1489 2290 1559 »ὑχὶ
2316 1490 2414 1559 τῆς
2435 1489 2583 1560 ῶρας
2604 1489 2711 1541 τῶν
2737 1487 3029 1558 θαυμάτων
3049 1485 3175 1560 [ἔτι]
3198 1487 3272 1557 μὴ
3295 1486 3594 1556 παρούσης,
3612 1486 3687 1548 ὡς
3707 1487 3756 1538 οε

488 1588 632 1662 quod
657 1587 990 1644 edendorum
1010 1585 1393 1640 miraculorum
1424 1593 1634 1654 tempus
1662 1587 1895 1638 nondum
1918 1585 2062 1639 ades-

2183 1580 2486 1650 ιακόσχολοι
2512 1579 2912 1652 ῥητορεύουσιν,
2937 1579 3075 1635 ἀλλὰ
3095 1580 3196 1649 τῆς
3226 1577 3491 1648 αἰτήσεως
3517 1578 3757 1647 ματαίας

485 1690 592 1746 set,
620 1678 1072 1750 quemadmodum
1122 1676 1264 1731 male
1287 1676 1468 1732 feriati
1499 1677 1746 1731 homines
1773 1677 2021 1746 garriunt
2045 1696 2058 1733 :

2182 1671 2356 1744 ὶῦσης,
2387 1673 2481 1727 καὶ
2507 1673 2585 1744 τῷ
2619 1671 2869 1744 ζητοῦντι
2898 1671 3235 1743 πρεπούσης.
3264 1670 3394 1734 Θεὸς
3425 1669 3531 1741 γάρ
3579 1669 3756 1722 πάντα

485 1773 581 1827 sed
621 1770 746 1840 quia
785 1769 976 1840 petitio
1008 1783 1145 1822 vana
1175 1773 1316 1832 erat,
1341 1775 1396 1821 et
1426 1769 1655 1837 petitore
1704 1767 1886 1837 digna.
1924 1767 2059 1824 Deus

2181 1763 2388 1838 στάθμῃ
2421 1765 2558 1835 (75),
2582 1765 2677 1818 καὶ
2697 1766 2900 1834 μέτρῳ,
2933 1763 3028 1817 καὶ
3057 1763 3217 1833 χρείᾳ
3244 1761 3549 1833 χαρίζεται.
3585 1760 3755 1816 Ἔνθα

486 1864 632 1920 enim
663 1860 770 1932 25
801 1860 981 1917 omnia
1027 1874 1149 1914 cum
1185 1859 1444 1930 pondere,
1475 1873 1750 1924 mensura,
1781 1869 1834 1914 et
1877 1874 2060 1914 neces-

2181 1855 2225 1909 se
2256 1855 2362 1929 [τὸ]
2399 1856 2654 1929 περιττὸν
2684 1856 2744 1909 τὸ
2777 1853 3132 1926 ζητούμενον,
3177 1855 3273 1908 καὶ
3318 1853 3379 1908 τὸ
3407 1853 3755 1925 θαυμοιτουρ⁴

487 1957 651 2012 sitate
692 1953 944 2025 largitur.
972 1951 1082 2008 Ubi
1120 1959 1304 2007 autem
1337 1951 1484 2021 quod
1515 1951 1776 2021 quaeritur
1803 1966 2061 2022 superva-

1395 1951 1484 2006 tod
1515 1951 1776 2021 quaeritur
1803 1966 2064 2022 superva-
2168 1945 2534 2033 γεῖνπάντως
2563 1945 2663 2000 οὐκ
2695 1944 2969 2017 εὔκαιρον.

485 2063 714 2105 caneum
760 2055 882 2112 est,
915 2045 1026 2100 illic
1062 2058 1277 2114 quoque
1324 2043 1587 2099 miracula
1631 2045 1794 2100 edere
1837 2058 2063 2114 prorsus

485 2137 923 2208 intempestivum
961 2143 1064 2190 est.

904 2227 1047 2284 LXX
1059 2226 1163 2284 VII.
1181 2258 1251 2268 —-
1275 2228 1634 2288 DIOSCORO.

2646 2221 2764 2274 oz'.
2787 2248 2876 2277 .—
2914 2217 3273 2286 ΔΙΟΣΚΟΡῼ.

625 2345 958 2416 Impossibile
984 2362 1099 2400 esse
1129 2345 1184 2399 in
1217 2345 1388 2400 medio
1421 2347 1650 2402 tumultu
1677 2347 1921 2402 virtutem
2136 2321 2170 2336 θ

1151 2432 1410 2471 exercere.

2201 2338 2300 2390 υτι
2325 2337 2640 2406 ἀμήχανον
2671 2338 2742 2390 ἐν
2769 2337 2940 2460 pergil)
2976 2337 3246 2405 θορύϐων
3284 2333 3508 2404 ἀρετὴν
3539 2351 3751 2404 κατορ-

2892 2421 3064 2460 ωσαα

556 2531 738 2602 Usque
794 2531 929 2585 adeo
976 2529 1042 2584 ad
1090 2529 1318 2584 salutem
1401 2529 1654 2584 conducit
1704 2543 1948 2585 secessus
1998 2530 2064 2586 ab

2240 2523 2504 2578 Τοσοῦτον
2537 2525 2861 2596 χρησιμεύει
2894 2524 3033 2594 πρὸς
3076 2521 3352 2594 σωτηρίαν
3381 2523 3414 2592 ἡ
3446 2520 3556 2574 τῶν
3590 2517 3751 2592 θορύ-

485 2624 707 2678 urbanis
731 2619 1070 2684 tumultibus,
1101 2628 1159 2672 ut
1191 2620 1354 2673 etiam
1385 2618 1481 2674 Dei
1503 2619 1670 2674 Filius
1696 2619 1900 2675 relictis
1921 2621 2059 2676 urbi-

2178 2613 2280 2668 ὕων
2313 2613 2427 2684 (76)
2471 2613 2580 2667 τῶν
2615 2613 2853 2667 ἀστικῶν
2900 2612 3270 2684 ἀναχώρησις,
3303 2613 3384 2666 ὄτι
3416 2612 3516 2675 τὰς
3569 2613 3752 2676 πόλεις

486 2716 608 2779 bus,
635 2727 750 2779 eos,
779 2711 871 2781 qui
902 2725 1024 2766 cum
1062 2711 1296 2780 puritate
1328 2711 1540 2776 vivunt,
1572 2711 1624 2765 in
1657 2711 1856 2766 montis
1897 2726 2060 2767 cacu-

2178 2705 2489 2761 καταλιπὼν
2519 2709 2546 2759 ὁ
2584 2706 2678 2759 τοῦ
2713 2704 2848 2759 Θεοῦ
2881 2705 3029 2770 Υίὲς,
3078 2707 3163 2758 ἐπ’
3195 2707 3378 2778 ἄκρων
3429 2706 3598 2775 ὀρέων
3625 2705 3752 2768 τοὺς

485 2803 633 2856 mine
679 2801 868 2856 beatos
910 2799 1221 2868 praedicarit
1273 2799 1342 2853 ⁸⁸.
1395 2797 1453 2853 In
1516 2815 1623 2871 quo
1667 2815 1764 2870 per
1814 2815 1898 2866 ea,
1945 2817 2059 2870 quae

2177 2797 2426 2870 καθαρῶς
2461 2797 2708 2868 βιοῦντας
2741 2797 3065 2869 ἐμακάριζε.
3099 2799 3322 2861 Δεικνὺς
3363 2797 3429 2852 δι’
3457 2791 3532 2850 ὧν
3577 2797 3751 2867 πράτ-

485 2893 740 2956 faciebat,
785 2889 914 2944 illud
943 2887 1281 2956 ostendebat,
1327 2889 1442 2944 ﬁeri
1482 2903 1590 2944 non
1645 2905 1826 2958 posse,
1869 2901 1926 2946 ut
1971 2892 2059 2961 qui

2177 2905 2278 2942 των
2311 2889 2610 2953 ἐδίδασκεν,
2641 2888 2726 2952 ’ὡς
2772 2887 3054 2954 ἀδύνατον,
3087 2889 3179 2943 τὸν
3216 2892 3292 2960 μὴ
3329 2888 3751 2943 ἀποσπασθέντα

487 2985 555 3038 ab
590 2983 779 3037 inferis
818 2981 987 3035 rebus
1025 2981 1247 3036 minime
1299 2995 1359 3036 se
1395 2981 1770 3047 abstraxisset,
1809 2993 1969 3053 atque
1998 2983 2061 3038 ad

2178 2979 2278 3032 τῶν
2317 2979 2693 3052 χαμαιζήλων,
2741 2981 2834 3034 καὶ
2867 2982 3002 3052 πρὸς
3037 2983 3135 3052 τὴν
3170 2981 3346 3052 ἀκραν
3392 2979 3590 3051 ἀρετὴν
3623 2980 3752 3032 ἀνα-

485 3075 705 3129 virtutis
744 3071 1019 3142 fastigium
1046 3072 1400 3138 ascendisset,
1433 3074 1625 3128 beatus
1660 3089 1689 3127 a
1733 3074 1842 3130 Deo
1871 3092 2059 3131 cense-

2175 3069 2362 3137 ϐάντα,
2401 3071 2806 3142 μακαρισθῆναι
2845 3073 2992 3143 παρά
3019 3070 3175 3137 Θεοῦ,
3222 3071 3256 3142 ἢ
3295 3071 3402 3124 τῶν
3449 3069 3749 3141 μελλόντων

486 3173 659 3230 retur,
727 3173 822 3219 aut
877 3163 1060 3219 futura
1113 3163 1254 3219 bona
1279 3175 1723 3235 consequeretur.
1781 3164 1921 3221 Nam
1972 3167 2060 3237 qui

2171 3163 2344 3232 τυχεῖν
2371 3161 2610 3230 ἀγαθῶν.
2658 3163 2715 3216 '0
2745 3162 2855 3234 γὰρ
2899 3163 2970 3216 τά
3001 3163 3114 3217 ἄνω
3142 3162 3380 3234 φρονῶν,
3413 3163 3531 3215 ἐκεῖ
3563 3177 3745 3214 κατοι-

491 3270 723 3326 superna
777 3257 956 3327 sapit,
1017 3255 1126 3312 illic
1177 3256 1386 3312 habitat
1437 3255 1527 3311 ubi
1580 3256 1827 3314 Chrisms
1876 3267 1960 3314 est
2009 3258 2062 3311 in

2174 3253 2270 3318 κεί,
2326 3246 2387 3306 οὗ
2428 3252 2662 3322 Χριστός
2715 3253 2864 3306 ἐστιν
2913 3254 2971 3307 ὲν
3019 3252 3167 3324 δεξιᾷ
3215 3252 3309 3306 τοῦ
3343 3252 3480 3307 Θεοῦ
3521 3250 3748 3316 καθεζό-

486 3347 677 3404 dextra
699 3348 792 3404 Dei
825 3350 1020 3404 sedens
1052 3349 1120 3404 ”.

778 3348 792 3404 i
825 3350 1020 3404 sedens
1052 3349 1120 3404 ”.
2168 3359 2348 3412 μενος.

817 3459 1097 3516 LXXVIII.
1124 3489 1193 3505 -ν-
1222 3459 1449 3516 ΕΞΑΙΪΕ
1482 3459 1712 3516 MILITI.

2524 3465 2651 3517 OH'.
2676 3492 2744 3506 -ο
2771 3464 2980 3535 ΗΣΑΙᾼ
3010 3463 3415 3536 ΣΤΡΑΤῙΩἸᾘ.

747 3551 829 3604 Ad
853 3551 1073 3605 militem
1107 3551 1408 3605 inordinate
1439 3567 1492 3606 se
1521 3561 1800 3620 gerentem.

2463 3557 2623 3625 Πρὸς
2653 3560 3022 3627 στρατιώτην
3049 3557 3443 3612 ἀτακτοῦντα.

557 3663 615 3720 Si
645 3665 942 3736 gladiorum
996 3666 1274 3737 cuspides,
1307 3675 1360 3722 et
1409 3667 1641 3737 galeam,
1674 3682 1738 3722 ac
1789 3668 2061 3723 thoracem

2248 3671 2310 3722 El
2347 3671 2528 3724 ὅπλων
2575 3671 2771 3741 αἰχμαὶ
2818 3670 2951 3742 (77),
2997 3670 3090 3723 καὶ
3131 3670 3349 3743 κράνος,
3399 3672 3492 3724 καὶ
3545 3670 3749 3740 θώραξ,

483 3756 735 3829 praesidio
793 3756 888 3812 tibi
942 3756 1008 3812 ad
1067 3756 1203 3812 bene
1246 3758 1531 3813 vivendum
1579 3773 1700 3814 esse
1759 3759 2057 3826 existimas,

2176 3761 2447 3832 ἀσφάλειά
2467 3778 2548 3814 σοι
2578 3763 2714 3831 πρὸς
2737 3763 2969 3827 εὐζωΐαν
2997 3763 3332 3834 νενόμισται,
3352 3761 3750 3816 λωποδυτοῦντι

481 3847 695 3918 praedas
736 3861 902 3917 agens
953 3862 1016 3903 ac
1063 3847 1178 3902 vias
1213 3847 1457 3903 desertas
1495 3848 1757 3914 reddens,
1796 3849 1896 3903 hoc
1928 3849 2055 3904 scitu

2181 3854 2262 3908 ιαὶ
2295 3853 2394 3915 τὰς
2431 3852 2736 3924 λεωφόρους
2785 3852 3109 3923 ἐρημοῦντι·
3149 3853 3256 3907 rae;
3291 3853 3367 3918 ὡς
3414 3852 3597 3906 πολλοὶ
3623 3854 3755 3906 δυσ-

485 3939 682 3994 multos
724 3937 930 3994 ﬁrmius
981 3947 1032 3993 te
1067 3947 1248 4007 septos
1292 3948 1348 3993 et
1401 3947 1641 3994 armatos
1699 3938 2059 3995 miserrimam

2181 3944 2497 4014 ιλωτότερόν
2535 3961 2627 3997 σου
2655 3944 3024 4016 φραξάμενοι,
3073 3945 3340 3999 οἴκτιστον
3374 3947 3755 4016 ἀπηνέγκαντο

486 4039 715 4085 mortem
763 4029 1032 4086 retulisse.
1071 4029 1328 4100 Exemplo
1391 4031 1532 4096 sint,
1568 4045 1633 4085 ex
1673 4030 1738 4085 iis
1781 4031 1872 4101 qui
1923 4032 2060 4102 apud

2179 4038 2417 4092 θάνατον.
2470 4037 2608 4106 Παρ’
2659 4037 2792 4106 ἡμῖν
2846 4037 2944 4107 μὲν
2991 4038 3362 4108 ἀνάγραπτοι,
3423 4039 3612 4110 Ὠρὴσ,
3659 4040 3753 4093 καὶ

484 4136 584 4177 nos
623 4121 924 4176 litterarum
973 4121 1334 4178 monumentis
1365 4123 1666 4192 consignati
1708 4131 1854 4189 sunt,
1895 4123 2058 4190 Oreb,

2179 4127 2359 4199 ιηὸεὲ,
2416 4128 2511 4180 καὶ
2557 4125 2836 4197 Σαλμανὰ,
2908 4127 3193 4198 Ἀὀιμελὲχ
3239 4130 3334 4183 καὶ
3381 4129 3596 4194 Γολιάθ,
3656 4132 3753 4185 καὶ

481 4211 614 4278 'Leb,
649 4214 842 4278 Zebee,
875 4213 1153 4280 Salmana,
1175 4215 1510 4284 Abimelech,
1537 4215 1775 4280 Goliath.
1800 4217 2055 4284 Absalon,

2179 4217 2555 4290 Ἀϐησσαλὼν,
2591 4221 2686 4273 καὶ
2735 4219 2848 4273 ὅσοι
2881 4219 3003 4274 κατ’
3047 4221 3313 4284 ἐκείνους.
3361 4220 3522 4290 Παρά
3548 4222 3606 4275 δὲ
3638 4226 3753 4286 τοῖς

484 4294 682 4375 aliique
729 4306 815 4361 his
851 4306 1056 4363 similes
1086 4308 1104 4338 ί
1137 4325 1151 4362 :
1197 4309 1337 4378 apud
1374 4318 1589 4364 exteros
1623 4319 1826 4374 autem,
1863 4309 2058 4364 Hecto-

2183 4309 2310 4374 ἔξω,
2367 4310 2652 4381 Ἕκτορες,
2710 4311 2804 4364 καὶ⁵
2857 4312 3105 4376 Αἴαντες,
3153 4312 3247 4366 καὶ
3297 4313 3449 4366 αὐτοὶ
3497 4315 3544 4366 oi
3605 4313 3751 4384 μέγα

481 4407 574 4450 res
594 4404 648 4449 et
674 4393 891 4462 Aiaces,
925 4403 1086 4466 atque
1127 4397 1227 4466 ipsi
1256 4396 1672 4465 Lacedaemonii,
1715 4399 1806 4470 qui
1849 4399 2055 4455 ruboris

2177 4402 2390 4456 πάντων
2421 4404 2790 4474 φρονήσαντες
2813 4405 3226 4474 Λακεδαιμόνιοι
3252 4405 3346 4458 ἐπὶ
3365 4404 3544 4477 ῥώμῃ,
3563 4406 3751 4477 ἐπειδὴ

483 4489 700 4542 nomine
749 4503 910 4557 supra
939 4503 1129 4545 omnes
1182 4490 1436 4546 mortales
1465 4491 1680 4562 gloriati
1715 4501 1863 4559 sunt,
1925 4507 2057 4562 quo-

2178 4495 2271 4547 οὐκ
2303 4494 2460 4565 ἔσχον
2503 4494 2800 4565 σύνδρομον
2839 4499 2906 4566 τῇ
2941 4495 3168 4566 δυνάμει
3198 4496 3258 4550 τὸ
3302 4496 3527 4551 δίκαιον.
3562 4498 3624 4550 El
3655 4493 3752 4551 οὖν

484 4577 629 4630 niam
670 4577 936 4645 justitiam
997 4580 1252 4647 potentiae
1313 4583 1562 4637 comitem
1642 4583 2058 4653 haudquaquam

2177 4585 2252 4658 μὴ
2303 4586 2531 4658 μάταιος
2581 4582 2719 4639 εἶναι
2769 4586 2949 4656 βούλει
2995 4587 3241 4659 ὁπλίτης,
3287 4587 3452 4654 ὀξέως
3495 4587 3631 4658 πρὸς
3657 4589 3751 4642 τὸν

484 4667 807 4720 habuerunt.
863 4665 1043 4732 Quare
1094 4670 1200 4726 nisi
1259 4687 1427 4729 vanus
1465 4673 1624 4728 miles
1669 4686 1790 4728 esse
1829 4672 1931 4736 vis,
1992 4673 2058 4727 ad

2175 4676 2358 4748 νοητὸν
2394 4677 2694 4748 μετάταξαι
2739 4679 2998 4752 πόλεμον,
3036 4681 3132 4734 καὶ
3185 4679 3385 4750 μᾶλλον
3428 4681 3494 4750 τῇ
3549 4678 3749 4733 σαυτοῦ

482 4755 766 4825 spirituale
805 4756 1006 4813 bellum
1040 4763 1434 4831 quamprimum
1470 4772 1522 4819 te
1570 4772 1848 4831 converte,
1895 4771 2056 4833 atque

1156 4763 1434 4831 mprimum
1470 4772 1522 4819 te
1570 4772 1848 4831 converte,
1895 4771 2061 4833 atque
2167 4767 2366 4839 ἀταξίᾳ
2399 4767 2730 4839 πολέμησον.

482 4849 537 4903 id
563 4849 740 4917 potius
777 4863 895 4919 age,
942 4862 1000 4907 ut
1029 4853 1290 4913 adversus
1338 4857 1677 4913 inordinatos
1713 4866 1836 4914 tuos
1861 4868 2043 4916 motus
2084 4859 2284 4917 bellum
2330 4875 2506 4932 geras.

549 5002 594 5034 "
617 5001 805 5061 Matth.
837 5022 910 5076 ιν,
944 5009 1030 5064 II.
1103 5011 1147 5043 "’
1177 5011 1307 5068 ibid.
1348 5014 1402 5068 5.
1480 5013 1525 5044 ³⁸
1556 5011 1748 5067 Matth.
1792 5028 1845 5081 ν,
1894 5013 1948 5068 8.
2039 5016 2057 5049 ’

483 5069 526 5125 ιι
563 5072 692 5144 Reg.
726 5091 876 5132 xvnt.

2172 5013 2296 5071 )Ios.
2330 5030 2414 5082 ιιι,
2445 5015 2497 5070 I.
2577 5017 2592 5047 '
2628 5015 2802 5073 Judic.
2835 5033 2946 5084 vn;
2984 5016 3163 5076 Judic.
3197 5035 3332 5086 vm;
3364 5019 3384 5074 l
3424 5019 3556 5092 Reg.
3600 5037 3746 5089 xvu;

1579 5235 1815 5292 VARIE
1856 5236 2244 5296 LECTIONES
2281 5238 2371 5294 ET
2409 5237 2644 5296 NOTAE.

575 5385 697 5466 (751
713 5391 814 5466 Pro
847 5391 1061 5463 σταθμῇ
1102 5390 1257 5445 codd.
1299 5388 1424 5444 Vat.
1461 5387 1565 5443 649
1594 5397 1648 5441 et
1687 5387 1798 5443 Alt.
1844 5388 2052 5459 legunt,
2167 5390 2479 5466 _Sfo_rtia_nus
2507 5399 2563 5446 et
2610 5391 2722 5466 Alt.
2747 5393 2944 5466 legunt
2988 5395 3016 5447 ὁ
3049 5395 3304 5466 Χριστός.
3341 5396 3496 5453 Vers.
3532 5399 3724 5458 ultimo

478 5459 1060 5532 σταθμῷίῬοεειιιτδ
1184 5530 1196 5532 _
1260 5528 1305 5532 __
1631 5529 1644 5532 _
1788 5527 1812 5532 _
1894 5527 1938 5532 __

1788 5527 1812 5532 _
1894 5527 1938 5532 __
2164 5462 2313 5514 ἐστὶν
2342 5463 2495 5516 abest
2527 5477 2556 5515 a
2586 5464 2706 5517 cod.
2743 5459 3040 5519 Sfortiano.
3069 5459 3281 5520 Possm.

553 5527 822 5609 (76)5I_’ost
840 5527 1084 5609 θορύβων
1102 5530 1218 5584 cod.
1245 5527 1532 5609 ᾼίικξιύιίίι
1560 5527 2052 5609 πολιτικῶντγγςγε.
2089 5545 2094 5548 ‘

2236 5532 2351 5601 (77)
2393 5532 2494 5587 I‘ro
2521 5533 2719 5609 allisa}
2744 5535 2863 5587 cod.
2896 5534 3004 5609 Αλιι.
3038 5536 3244 5609 scribit,
3282 5537 3482 5608 ἀκμαὶ,
3511 5545 3566 5595 et
3595 5553 3758 5609 vers,-

479 5597 515 5676 β
562 5597 659 5676 pro
703 5597 1126 5676 ἀποσπασθέντα
1168 5597 1536 5676 codd._-Vatic.
1729 5611 1780 5652 et
1796 5599 1916 5676 _Alt.
1957 5600 2053 5676 h_a_-

1773 5599 1916 5676 ._Alt.
1957 5600 2060 5676 h_a_-
2166 5597 2419 5671 antepen.
2449 5618 2548 5674 pro
2578 5597 2826 5672 ὁπλίτης,
2861 5601 3104 5676 πολίτης.
3143 5605 3347 5662 Possm.

482 5664 610 5726 bent
637 5671 978 5725 ἀπωσθέψτσ.
1000 5670 1156 5723 Vcs-9.
1189 5669 1397 5739 penult.
1421 5682 1516 5736 pro
1533 5664 1593 5725 οὗ
1618 5669 1873 5740 Χριστὸς,
1893 5668 2052 5726 codd.
