3986 6400
446 383 557 449 243

1617 382 1679 443 S.
1721 382 2015 444 ISI-DORI
2052 380 2492 445 PELUSIOTA!

3608 368 3715 435 214

456 490 737 550 mollitiem
783 487 1040 559 impetum
1079 486 1282 553 facere,
1323 486 1788 560 cupiditatumque
1818 474 2049 546 machiJ

2163 491 2237 563 τῆς
2271 490 2623 566 χαυνώσεως,
2660 487 2756 543 καὶ
2785 486 3189 561 ἀποκρούεσθαι
3221 484 3462 558 στερρῶς
3489 484 3589 550 τὰς
3606 486 3725 539 τῶν

457 596 557 638 nas
574 589 750 651 atque
794 584 1061 634 tormenta
1085 576 1312 633 ﬁrmiter
1331 578 1667 648 propulsare.
1694 579 2030 637 Documento

457 680 586 728 sunt
632 669 862 728 celebris
917 668 1006 725 illa
1062 667 1335 737 Susanna,
1388 684 1510 726 cum
1551 669 1657 725 ﬁlia
1697 668 1951 741 Jepbthe,
1980 680 2035 728 et

458 762 777 819 admiranda
821 759 1028 817 Juditli.
1071 762 1310 829 Quarum
1358 764 1531 832 prima
1563 779 1754 820 senum
1780 765 2036 834 intempe-

344 874 347 877 ·
459 864 670 908 rantem
706 851 985 908 libidinem
1022 852 1313 922 injuveniii
1342 861 1501 908 astate
1529 855 1833 924 superavit;
1866 856 2034 912 altera

456 953 686 999 mortem
714 957 929 1013 quoque
956 956 1151 1015 magno
1184 943 1365 997 animo
1409 946 1666 1014 suscepit,
1716 954 1878 1016 atque
1910 961 2033 1001 cum

454 1034 776 1106 virginitate
810 1034 1072 1105 praeclare
1109 1035 1373 1090 abscessit
1401 1053 1416 1103 ;
1441 1044 1711 1104 postrema
1739 1051 1837 1106 pro
1866 1035 2033 1091 casti-

455 1126 589 1180 tatis
618 1125 843 1195 prazmio
886 1125 990 1181 hoc
1029 1139 1060 1179 a
1094 1124 1203 1180 Deo
1232 1126 1461 1197 accepit,
1486 1134 1543 1180 ut
1579 1136 1810 1198 tyranno
1848 1126 2035 1184 nec'em

456 1215 699 1273 afferret.
738 1216 892 1273 Adde
942 1216 1287 1273 muliebrium
1330 1218 1674 1273 victoriarum
1704 1233 1768 1274 ac
1805 1227 2032 1290 πορπο-

456 1324 579 1363 mm
626 1317 816 1378 caput,
857 1310 962 1365 hoc
1013 1318 1097 1365 est
1138 1309 1282 1365 illam
1323 1311 1561 1366 omnium
1608 1309 1857 1366 laudibus
1892 1310 2035 1367 cele-

460 1399 675 1453 bratam
718 1399 1002 1465 Theclam,
1050 1414 1168 1469 qum
1221 1408 1478 1471 tanquam
1522 1400 1847 1457 immortalis
1891 1402 2040 1473 pudi-

459 1488 607 1543 citia:
634 1488 883 1545 columna
911 1498 1140 1560 prostat,
1176 1504 1403 1560 quasque
1429 1505 1461 1547 e
1493 1491 1666 1546 media
1701 1492 2036 1548 turbidarum

2139 581 2446 654 ἐπιθυμιῶν
2493 580 2786 646 ἑλεπόλεις.
2837 580 2950 635 Καὶ
2986 578 3292 633 διδάσκαλοι
3338 577 3553 645 τούτου,
3601 578 3720 630 Σω-

2139 676 2309 731 σάννα
2336 677 2370 746 ἡ
2400 674 2647 746 εὐκλεὴς,
2680 674 2774 728 καὶ
2811 675 2845 746 ἡ
2876 672 3124 744 θυγάτηρ
3170 670 3365 742 Ἰεφθὲ,
3395 668 3490 724 καὶ
3516 670 3551 740 ἡ
3585 667 3718 721 θαυο

2142 765 2321 838 μαστὴ
2382 765 2620 836 ’ῐουδήθυ
2663 766 2696 835 ἡ
2739 764 2839 836 μὲν
2897 764 3171 835 γερόντων
3219 762 3517 817 ἀκολασίαν
3562 760 3720 831 νική-

2140 876 2283 912 σασα
2321 859 2380 912 ὲν
2412 857 2659 927 νεότητι·
2718 857 2752 927 ἡ
2802 856 2859 909 δὲ
2889 856 2983 910 καὶ
3028 854 3257 909 θάνατον
3299 853 3561 925 ἀνδρείως
3599 851 3721 905 ἑλο-
3758 846 3768 877 ³

2144 947 2302 1019 μένην
2335 946 2427 1000 καὶ
2458 947 2523 1017 τῇ
2569 944 2839 1016 παρθενίᾳ
2884 941 3298 998 συναπελθοῦσα
3344 942 3607 1011 άοιδίμως
3633 957 3646 970 ·
3684 941 3722 1009 ή

2138 1038 2196 1092 δὲ
2236 1037 2427 1109 μισθὸν
2453 1036 2555 1107 τῆς
2586 1035 2956 1108 σωφροσύνης,
2990 1034 3215 1106 δύναμιν
3259 1032 3414 1104 παρὰ
3453 1031 3589 1086 Θεοῦ
3641 1032 3723 1083 εί-

2138 1131 2361 1203 ληφυῖα,
2405 1128 2829 1201 τυραννοκτόνος
2857 1125 3131 1196 γενέσθαι.
3182 1126 3292 1179 Καὶ
3325 1124 3385 1177 τὸ
3424 1122 3725 1193 κεφάλαιον

2139 1222 2249 1275 τῶν
2272 1220 2596 1289 γυναικείων
2636 1217 2801 1272 νικῶν
2829 1216 3265 1289 καὶ’τροπαίων,
3298 1216 3332 1286 ἡ
3364 1215 3727 1285 πανεύφημος

2140 1311 2339 1373 Θέκλα,
2369 1311 2539 1382 στήλη
2573 1309 2786 1373 αἰώνιος
2812 1309 3032 1377 ἁγνείας
3062 1308 3297 1373 ἑστῶσα,
3326 1305 3403 1369 ὡς
3427 1304 3634 1376 πυρσὸς
3660 1305 3728 1358 ὲκ

2145 1401 2313 1473 μέσου
2341 1400 2433 1454 τοῦ
2464 1400 2730 1463 κλύδωνος
2771 1398 2880 1452 τῶν
2913 1397 3101 1452 παθῶν
3141 1396 3464 1466 ἀναφθεῖσα,
3504 1396 3584 1455 είς
3633 1392 3728 1446 τὸν

2142 1491 2393 1563 ἀκύμονα
2440 1491 2730 1563 κατάρασα
2755 1489 2970 1560 λιμένα.
3004 1489 3070 1541 Εί
3118 1486 3297 1541 τοίνυν
3337 1485 3513 1548 οὕτως
3557 1484 3730 1555 ἀναῤ-

461 1578 806 1634 aﬂ‘ectionum
862 1587 1176 1648 tempestate
1222 1589 1477 1652 tanquam
1527 1580 1618 1636 fax
1675 1596 1924 1648 accensa,
1970 1583 2039 1638 ad

2163 1583 2379 1655 Βηθῆναι
2423 1582 2759 1651 ἐπιθυμεῖτε,
2781 1581 2879 1645 τὰς
2901 1574 3187 1650 λαμπάδας
3232 1576 3529 1639 άσόέστους
3555 1577 3729 1646 τηρή-

462 1679 678 1739 portum
723 1671 792 1725 ab
841 1671 1090 1727 omnibus
1144 1669 1396 1728 ﬂuctibus
1453 1674 1748 1728 immunem
1811 1674 2038 1745 appulit.

2146 1691 2303 1728 σατε·
2333 1677 2362 1728 6
2389 1674 2498 1745 γὰρ
2524 1673 2757 1744 νυμφίος
2785 1670 2949 1735 εὐθὺς
2984 1671 3347 1743 παραγίνεται
3366 1686 3380 1701 ·
3413 1668 3508 1721 καὶ
3536 1666 3729 1737 μηδεὶς

458 1761 732 1828 Quocirca
759 1761 807 1817 si
822 1762 889 1817 ad
916 1762 1060 1818 hunc
1086 1763 1303 1818 modum
1329 1763 1516 1821 laudes
1538 1772 1749 1821 vestras
1780 1774 2035 1836 tanquam

2163 1765 2292 1836 ὅμᾶς
2325 1764 2493 1828 ὕπνος
2536 1764 2870 1836 ἡδυπαθείας
2911 1763 3193 1836 ἀνακλίνῃ,
3229 1762 3258 1814 6
3286 1760 3391 1827 ἔξω
3420 1759 3521 1829 τῆς
3554 1756 3728 1827 θύρας

461 1850 735 1918 prmconis
782 1866 915 1907 voce
959 1852 1239 1923 praedicari
1292 1855 1509 1923 cupitis,
1542 1854 1898 1911 inexstinctas
1933 1869 2031 1910 vc-

2163 1855 2231 1910 ὀὗ
2262 1854 2551 1927 νυμφῶνος
2580 1855 2679 1919 τάς
2714 1853 2957 1923 ὑπνηλὰς
3003 1853 3100 1906 καὶ
3131 1850 3411 1923 ῥᾳθύμους
3453 1847 3726 1918 κατέχων.

464 1955 607 2003 stras
642 1946 916 2018 lampades
938 1956 1260 2004 consonate
1289 1947 1495 2021 (statim
1521 1951 1667 2007 enim
1698 1965 1928 2020 sponsus
1964 1951 2251 2008 adfuturus
2278 1952 2407 2022 est),
2433 1965 2608 2021 neque
2632 1950 2978 2015 committite,
3018 1958 3079 2003 ut
3107 1963 3203 2004 vos
3236 1947 3379 2001 ullus
3415 1942 3716 2015 voluptatis

463 2056 689 2099 somnus
723 2043 1010 2115 deprimat,
1036 2044 1131 2113 qui
1164 2045 1423 2102 socordes
1442 2061 1508 2102 ac
1545 2048 1918 2106 somnolentas
1938 2056 2095 2107 extra
2130 2047 2355 2104 thalami
2380 2045 2527 2104 fores
2558 2047 2842 2103 retinet“.

855 2156 1191 2216 LXXXVIII.
1220 2191 1292 2202 —
1325 2160 1651 2218 ARSENIO.

574 2246 727 2312 Quod
754 2248 839 2304 illi
859 2252 950 2321 qui
973 2250 1107 2307 nihil
1132 2251 1254 2334 boni
1274 2264 1487 2323 egerunt
1532 2270 1637 2311 non
1662 2253 1847 2311 debent
1882 2272 1938 2311 se

1154 2335 1378 2391 iactare.

531 2428 593 2485 Si
637 2429 973 2499 Pharisaeus,
1022 2448 1145 2489 cum
1204 2449 1269 2491 ea
1324 2435 1548 2493 fecisset
1609 2452 1731 2508 qua:
1776 2437 2043 2507 iactabat,

464 2530 753 2591 propterea
802 2523 1195 2582 condemnatus
1228 2528 1353 2597 quia
1407 2542 1467 2584 se
1513 2527 1758 2597 iactavit,
1817 2532 1946 2601 quid
1994 2541 2047 2588 te

458 2609 659 2682 iactas,
684 2614 928 2686 garriens
954 2617 1239 2685 duntaxat,
1280 2633 1344 2674 ac
1361 2634 1468 2675 non
1499 2621 1634 2677 item
1671 2622 1800 2677 boni
1843 2622 2046 2694 aliquid

467 2703 676 2761 faciens
698 2745 716 2772 ,
749 2716 911 2778 teque
936 2710 1176 2778 graviori
1236 2724 1412 2782 paena;
1450 2712 1742 2769 obnoxium
1794 2715 2046 2782 reddens,

466 2811 630 2864 quam
657 2813 763 2867 qua
793 2797 1102 2857 Pharis-cus
1129 2801 1389 2859 multatus
1410 2805 1535 2861 est?
1566 2815 1883 2863 cumtamen
1913 2806 2048 2862 nihil

469 2888 895 2957 reprehensione
920 2892 1142 2962 dignum
1162 2892 1493 2962 admisisset,
1524 2912 1712 2952 verum
1738 2899 1843 2955 hoc
1881 2913 2048 2954 unum

470 2977 544 3032 illi
569 2979 785 3036 crimini
817 2982 1004 3038 datum
1030 2983 1245 3054 fuisset,
1271 2989 1414 3057 quod
1441 2988 1509 3044 de
1538 2988 1725 3059 probis
1745 2992 2049 3050 actionibus

470 3069 815 3139 gloriaretur.

708 3182 1077 3277 I.XXXIX.—
1115 3188 1414 3248 ISODORO
1445 3184 1821 3251 EPISCOPO.

540 3294 741 3352 Omnes
778 3299 1017 3369 quidem,
1079 3302 1125 3359 si
1160 3303 1275 3361 fieri
1306 3314 1505 3376 potest,
1539 3307 1826 3362 mulierum
1874 3316 2050 3364 coetus

469 3394 634 3455 atque
691 3390 961 3463 colloquia
1015 3393 1272 3466 defugere
1325 3407 1621 3469 oporteret,
1680 3408 1738 3454 ut
1799 3416 1921 3470 qua:
1982 3400 2050 3456 ad

464 3477 847 3536 emolliendum
887 3485 1129 3541 animum
1165 3487 1272 3544 vim
1300 3491 1590 3559 quamdam
1640 3504 1705 3545 ac
1734 3490 2046 3546 facultatem

470 3564 722 3624 habeant.
751 3570 1017 3637 Quoniam
1054 3585 1234 3631 autem
1257 3617 1274 3642 ,
1303 3581 1374 3633 ob
1407 3581 1745 3636 necessarios
1777 3580 2045 3651 quosdam

468 3672 635 3713 casus
681 3670 778 3715 aut
834 3678 1133 3735 pauperum
1188 3667 1642 3739 dispensationes,
1673 3672 1776 3728 hoc
1829 3672 2054 3728 minime

472 3744 591 3801 fieri
646 3759 844 3818 potest,
900 3756 1202 3812 curandum
1248 3767 1333 3813 est
1377 3769 1435 3814 ut
1476 3761 1650 3817 oculis
1679 3762 1830 3816 humi
1857 3761 2048 3819 defixis

471 3849 568 3890 eas
601 3837 960 3909 alloquamur.
1003 3844 1176 3912 Quam
1212 3848 1460 3918 plurimis
1497 3851 1654 3906 enim“
1678 3860 1772 3905 aut
1795 3852 1959 3905 etiam
1988 3852 2056 3909 iis

472 3925 643 3984 ferme
685 3934 957 4001 omnibus,
988 3937 1080 4007 qui
1130 3937 1455 3996 feminarum
1485 3940 1891 4012 pulchritudine
1923 3943 2055 3999 sub-

473 4021 580 4075 acti
624 4033 752 4076 sunt
777 4064 793 4089 ,
830 4025 930 4081 hoc
972 4028 1190 4094 accidit,
1231 4039 1287 4085 ut
1329 4046 1478 4087 mors
1518 4045 1617 4101 per
1660 4014 1933 4089 fenestras
1987 4033 2056 4088 ad

2672 2163 2804 2217 [ιη’.
2881 2159 3198 2229 ΔΡΣΕΝΙῼ.

2150 2254 2278 2308 Ὅτι
2303 2253 2575 2324 μάλιστα
2614 2255 2670 2307 οἱ
2714 2252 2925 2324 anas:
2954 2249 3182 2324 ἁτᾳθὸνζ
3209 2246 3593 2324 πεπραχότες
3614 2242 3734 2300 οὐκ

2494 2320 2851 2393 ὀφείλουσιν
2894 2320 3377 2382 ἀλαζονεύεσθαι.

2219 2439 2335 2511 (87)
2374 2439 2440 2492 Et
2468 2436 2683 2509 πράξας
2710 2438 2739 2490 6
2768 2436 3065 2506 Φαρισαῖος
3109 2431 3146 2486 ἃ.
3193 2430 3553 2501 ἐκαυχήσατο,
3585 2426 3650 2481 σὺ
3676 2429 3740 2481 τί

2149 2531 2422 2602 καυχᾶσαι
2451 2528 2797 2600 λαρυγγίζων
2822 2525 3031 2591 ἁπλῶς,
3067 2524 3163 2578 καὶ
3202 2522 3263 2576 οὐ
3296 2520 3552 2593 πράττων
3592 2534 3736 2588 χρη-

2152 2624 2314 2690 στῶς,
2350 2622 2447 2676 καὶ
2486 2622 2729 2694 χείρονος
2758 2619 2952 2674 ἑαυτὸν
2991 2616 3163 2671 ποιῶν
3187 2615 3371 2685 ἔνοχον
3403 2611 3637 2679 κρίσεως
3662 2604 3738 2681 ἧς

2150 2720 2179 2772 6
2226 2716 2518 2784 Φαρισαῖος
2549 2714 2883 2782 ὐπέμεινεν;
2923 2710 3074 2765 οὐδὲν
3130 2708 3237 2779 μὲν
3269 2706 3419 2774 ἀξιον
3471 2701 3739 2775 μέμψεως

2150 2805 2453 2878 πεπραχὼς
2474 2846 2488 2870 ,
2544 2804 2714 2876 μόνην
2768 2804 2827 2857 δὲ
2887 2802 2986 2874 τὴν
3041 2799 3219 2871 οἴησιν
3269 2797 3370 2867 τῆς
3428 2790 3740 2863 εὐπραγίας

2150 2899 2458 2970 ἐγκληθείς.

2476 3193 2601 3248 ne.
2640 3223 2712 3235 --
2748 3190 3010 3262 magno
3048 3186 3412 3258 ΕΠΙΣΚΟΠῼ.

2225 3306 2413 3370 Πάσας
2459 3305 2579 3376 μὲν,
2613 3307 2661 3358 εἰ
2688 3299 2799 3359 οἶόν
2824 3321 2905 3371 τε,
2932 3301 3148 3375 ὁμιλίας
3170 3298 3449 3371 γυναικῶν
3473 3296 3746 3368 ἐκτρέπε-

2155 3395 2281 3451 σθαι
2321 3396 2447 3470 χρὴ,
2491 3397 2568 3461 ὡς
2614 3396 2841 3468 ἐχούσας
2887 3396 3011 3449 τινὰ
3050 3395 3189 3466 πρὸς
3231 3393 3518 3470 χαύνωσιν.
3549 3390 3747 3461 ἐπιτή-

2156 3488 2337 3542 δευσιν
2357 3503 2371 3518 ·
2400 3488 2525 3543 εἰδὲ
2550 3488 2709 3543 τοῦτο
2738 3488 2998 3543 ἀδύνατον
3024 3486 3114 3540 διὰ
3139 3484 3490 3567 περιστάσεις
3517 3478 3745 3552 χρειῶν,

2159 3581 2193 3651 ἢ
2243 3581 2550 3653 οἰκονομίας
2601 3580 2853 3652 πτωχῶν,
2898 3581 3051 3635 κάτω
3076 3579 3329 3641 νεύοντας
3372 3572 3746 3643 διαλέγεσθαι.

2161 3673 2289 3735 Τοῖς
2322 3673 2726 3743 γὰροπλείοσιν,
2757 3674 2790 3746 ἢ
2820 3675 2912 3728 καὶ
2952 3674 3086 3727 πᾶσι
3116 3672 3302 3742 σχεδὸν
3330 3673 3443 3732 τοῖς
3465 3667 3752 3738 ἡττηθεῖσι

2162 3764 2393 3829 κάλλους
2421 3766 2717 3835 γυναικῶν,
2747 3766 2836 3821 διὰ
2861 3765 2970 3819 τῶν
2994 3765 3223 3835 θυρίδων
3248 3763 3414 3833 ἀνέϐη
3440 3764 3468 3815 6
3491 3761 3749 3824 θάνατος,

2163 3855 2224 3919 ὃς
2264 3856 2482 3911 καὶτοῦ
2529 3857 2766 3927 μεγάλου
2809 3858 3098 3929 Προφήτου
3141 3856 3237 3909 καὶ
3268 3854 3533 3925 βασιλέως
3577 3852 3755 3922 ἐκρά-

2164 3963 2350 4016 τησεν,
2396 3949 2485 4002 ὅτε
2521 3949 2656 4020 πρὸς
2696 3948 2758 4005 τὸ
2800 3948 3025 4020 λουτρὸν
3065 3949 3243 4001 ἐκεῖνο
3280 3945 3341 3999 τὸ
3370 3942 3755 4014 θανατηφόρον

2164 4036 2458 4108 ἀπέϐλεψε.

472 4126 570 4168 eos
607 4118 1026 4177 ascenderet“:
1067 4123 1269 4194 quippe
1295 4128 1416 4194 qua:
1442 4124 1608 4181 etiam
1647 4141 1901 4197 magnum
1934 4126 2085 4184 illum
2124 4126 2450 4203 Propheta’m
2484 4147 2549 4189 ac
2582 4147 2760 4202 regem
2805 4131 2997 4195 vicerit
3023 4130 3090 4163 ’δ’
3115 4174 3130 4195 ,
3155 4144 3278 4185 cum
3315 4126 3380 4182 ad
3427 4122 3754 4195 pestiferum

475 4207 607 4264 illud
630 4209 883 4268 balneum
919 4214 1111 4271 oculos
1143 4217 1399 4298 coniecit.

953 4386 964 4397 ,
1025 4332 1139 4387 XC.
1173 4362 1245 4375 —-
1271 4331 1502 4397 EIDEM.

602 4419 957 4490 Apostolicum
983 4441 1094 4481 esse
1117 4424 1363 4480 mulieres
1392 4426 1447 4479 in
1473 4426 1706 4483 ecclesiis
1728 4442 1934 4482 canere.

548 4619 889 4689 Importunas
920 4638 974 4678 tn
1001 4625 1248 4684 ecclesiis
1306 4628 1664 4699 loquacitates
1702 4627 1914 4683 Domini
1952 4625 2065 4698 29

477 4708 707 4777 apostoli
755 4725 1008 4770 coercere
1062 4731 1127 4772 ac
1165 4714 1528 4789 comprimere
1576 4718 1879 4783 studentes,
1932 4733 2051 4773 mo-

2090 4321 2138 4379 D

2720 4344 2752 4390 '.
2794 4366 2866 4377 —
2900 4335 2946 4388 'I'
3029 4333 3231 4387 ΑΥΤΩ.

2176 4427 2305 4482 Ὀτι
2332 4341 2744 4500 ἀποστοέὶικθιν
2772 4426 2847 4500 τὸᾼ
2870 4337 3617 4500 ἐνῖερικῖὶηάίαιςψὰλλειν
3646 4436 3759 4487 γυ-

2491 4496 2724 4564 ναῖκας,
2756 4498 2855 4551 καὶ
2885 4496 3018 4566 περὶ
3063 4495 3423 4561 ἁσκητριῶν.

2240 4614 2351 4677 Τὰς
2391 4617 2450 4668 ἐν
2484 4612 2803 4682 ἐκκλησίαις
2847 4609 3117 4680 φλυαρίας
3162 4606 3517 4662 καταπαῦσαι
3566 4604 3761 4675 βουλό-

2175 4723 2327 4778 μενοι
2351 4706 2401 4758 οί
2430 4704 2521 4758 τοῦ
2553 4702 2762 4774 Κυρίου
2803 4701 3114 4768 ἀπόστολοι,
3160 4699 3383 4769 καὶτῆς
3429 4696 3588 4768 ἡμῶν
3625 4713 3763 4749 παι-

478 4797 774 4872 ἁεειὶεειιυο
829 4812 989 4874 atque
1045 4787 1328 4879 gravitatis
1372 4811 1661 4881 magistros
1712 4823 1832 4865 sese
1909 4807 2049 4863 nobis

2169 4798 2353 4851 6suta‘t
2383 4793 2790 4856 καταστάσεως,
2819 4791 3044 4863 ψάλλειν
3069 4793 3125 4844 ἐν
3150 4791 3339 4852 αὐταῖς
3361 4787 3460 4851 τὰς
3490 4788 3765 4856 γυναῖκας

479 4894 806 4961 praebentes,
832 4904 890 4952 ut
934 4899 1191 4957 mulieres
1222 4903 1278 4955 in
1314 4900 1449 4971 ipsis
1469 4879 1778 4967 canerent,
1826 4900 2049 4971 sapient?

2174 4889 2409 4954 συνετῶς
2454 4885 2858 4957 συνεχώρησαν.
2925 4883 3066 4938 Ἀλλ’
3097 4882 3216 4956 [ὡς]
3273 4883 3450 4937 πάντα
3500 4881 3582 4971 εἰς
3633 4879 3766 4971 τού-

482 4982 710 5039 eonsilio
764 4987 1149 5054 permiserunt.
1219 4968 1420 5045 Verum
1496 4997 1557 5045 ut
1613 4989 1797 5045 omnia
1877 4968 2049 5043 divin'a

2174 4983 2385 5040 ναντίον
2416 4981 2631 5052 ἐτράπη
2654 4979 2724 5034 τὰ
2755 4977 2992 5067 θεοφύρα
3016 4975 3339 5046 διδάγματα,
3375 4969 3648 5026 καὶτοῦτο
3665 4970 3767 5035 ἐίς

569 5135 825 5196 “Matth.
860 5160 987 5214 xxv,
1020 5148 1053 5203 5
1078 5159 1230 5216 seqq.

1340 5144 1387 5175 “
1413 5143 1525 5200 Jer.
1557 5159 1635 5209 Ix,
1660 5142 1752 5197 2|.
1816 5139 1947 5196 “'ll
1975 5140 2106 5213 Reg.
2139 5157 2218 5208 ιι,
2255 5140 2313 5197 2.

1568 5297 1807 5357 VARUS
1841 5297 2230 5357 LECTIONES
2268 5296 2356 5353 ET
2381 5293 2614 5352 NOTE.

491 5439 640 5494 bent.
683 5438 814 5493 Eam
845 5455 967 5496 cum
1004 5442 1107 5497 fide
1148 5443 1394 5511 expressi
1422 5483 1437 5509 ,
1471 5452 1530 5498 nt
1553 5444 1623 5498 sit
1652 5444 2062 5500 fundamentum
2094 5451 2099 5456 '

493 5511 816 5584 assequendi
844 5512 1203 5584 coniunctura
1240 5528 1422 5584 veram
1443 5515 1681 5569 auctoris
1715 5516 2062 5584 scripturam.

493 5579 695 5649 νοτεξῦ
740 5579 970 5649 ’Ἰεφθαὲ
1011 5582 1274 5636 scribitur
1306 5581 1358 5635 in
1404 5584 1524 5638 cod.
1568 5585 1674 5638 Alt.
1700 5579 1857 5640 Vers.
1887 5585 1920 5641 8
1954 5588 2070 5640 ἀοι-

488 5646 660 5722 δίμως
685 5646 1000 5722 adverbium
1022 5650 1072 5722 in
1093 5651 1546 5722 γηοιῃεηάοίδιμος
1566 5656 1867 5709 mulatcod.
1894 5655 2070 5711 Vatic.

492 5718 1018 5793 ﬁdQ,_consentiente
1040 5720 1150 5793 Alt.
1184 5720 1342 5793 γει-ε.
1376 5718 1630 5793 aniepcn.
1658 5725 1814 5779 ambo
1840 5726 1876 5780 ii
1911 5726 2070 5781 codd.

498 5786 688 5860 μηδεὶς
711 5797 1046 5846 commutant
1072 5792 1124 5847 in
1156 5791 1340 5864 μήτις,
1373 5786 1586 5863 opinor,
1616 5795 1826 5852 melius.
1856 5797 2071 5853 Possm.

2249 5439 2360 5511 (87)
2383 5435 2598 5511 Initium
2632 5435 2790 5511 hujus
2813 5434 2974 5511 epist.
3007 5434 3093 5511 si_c_
3119 5430 3461 5511 emendatius
3491 5438 3547 5484 et
3576 5437 3766 5511 exteri:

2175 5497 2291 5567 εἱυέ
2317 5497 2512 5578 legitur
2544 5508 2597 5560 in
2632 5497 2791 5578 codd.
2823 5497 2936 5578 A'lt.
2972 5515 3028 5578 et
3050 5503 3177 5578 Vat.
3209 5502 3352 5578 649.:
3390 5502 3450 5554 Et
3490 5497 3706 5578 πράξας
3735 5500 3767 5553 6

2174 5570 2491 5652 Φαρισαῖος,
2516 5573 3048 5652 κατεκρίθηζὲπειδξ]
3075 5574 3440 5652 ἐκαυχήσατο,
3466 5571 3532 5652 συ
3552 5570 3628 5631 τί,
3646 5578 3760 5652 etc.

2176 5644 2484 5706 ln'iisdem
2535 5647 2588 5701 in
2632 5644 2874 5700 versu?)
2907 5644 3077 5699 ποιῶν
3112 5648 3382 5699 omittitur
3433 5648 3527 5694 aut
3583 5644 3769 5707 potius

2179 5717 2509 5775 transfertur
2537 5717 2588 5771 in
2619 5730 2834 5785 versum
2865 5724 3182 5782 sequentem
3216 5724 3332 5785 post
3369 5710 3625 5783 κρίσεως,
3667 5707 3773 5763 sed

2183 5800 2451 5847 mutatum
2479 5788 2531 5843 in
2568 5787 2763 5849 ποιεῖς.
2798 5784 3008 5841 Possm.
