3986 6418
460 447 523 513 51
1607 450 1667 511 s.
1714 450 2011 510 ISIDORI
2042 449 2483 512 PELUSIOTzE
2544 410 2550 419 ’

3574 446 3680 513 252

423 559 666 616 omnium
710 562 1016 619 mortalium
1062 563 1417 630 tiarissimus,
1472 576 1570 641 per.
1617 565 1808 619 urbem
1853 567 2002 618 inso-

2127 561 2380 623 ll’absvsiac
2404 576 2523 625 σου,
2557 557 2590 629 ἢ
2623 556 2761 630 πρὸς
2812 556 3010 623 πόνους
3041 556 3135 611 καὶ
3185 530 3467 623 κινδύνους
3508 559 3691 632 παρά-

423 654 622 719 tenter,
665 660 829 722 atque
861 654 1081 710 obvium
1127 671 1399 726 quemque
1445 654 1832 720 submovendo,
1878 668 2004 724 gra-

2102 651 2281 716 ταξαι,
2310 645 2391 714 οἷς
2427 666 2487 704 σε
2523 650 2573 703 oi
2608 650 2664 703 ὲν
2704 647 2931 721 δυνάμει
2958 648 3300 721 ἀμείψονται.
3331 650 3551 721 Χρυσοῦ
3584 652 3698 723 γὰρ

425 742 593 808 deris,
642 743 1040 816 multorumque
1081 744 1182 814 ipsi
1230 746 1553 799 tumultuum
1604 758 1820 798 causam
1867 757 2005 811 prae-

2127 745 2337 814 irropeic
2366 741 2463 797 τοῦ
2486 740 2842 814 ὁμαλίζοντος
2866 740 3131 806 πολλάκις
3163 741 3263 807 τὰς
3292 742 3400 797 τῶν
3427 742 3695 814 περιστά-

425 832 557 888 bes?
608 833 969 902 Quamobrem
1018 846 1110 890 aut
1170 847 1223 891 te
1265 838 1440 907 ipsunt
1493 849 1675 900 nosce,
1724 849 1787 889 ac
1833 848 2010 889 mores

2127 850 2245 887 rswv
2274 833 2369 887 καὶ
2402 831 2685 904 μαστίγων
2706 830 3074 903 τραχύτητας.
3260 834 3293 855 ·“
3464 845 3469 850 ·

424 924 616 981 vilitati
671 937 772 983 lure
857 916 1254 985 consentaneos
1298 930 1490 999 collige

1556 943 1572 983 :
1624 936 1720 982 aut
1775 929 2035 982 adversus
2074 926 2288 982 labores
2334 935 2389 980 et
2435 925 2676 997 pericula
2749 933 2803 980 te
2857 924 3065 979 instrue
3113 942 3128 979 :
3182 922 3377 994 quibus
3410 929 3464 979 te
3506 921 3567 988 ii,
3602 918 3699 991 qui

424 1018 664 1085 polentia
707 1021 914 1088 pl'mditi
962 1028 1108 1085 sunt,
1147 1023 1589 1079 remunerabunt.
1641 1020 1776 1075 Nam
1842 1034 1978 1075 auro
2034 1034 2210 1087 cares,
2260 1020 2403 1091 quod
2459 1019 2811 1075 adversarum
2853 1032 3037 1075 rerum
3106 1026 3162 1075 et
3202 1016 3496 1089 ﬂagrorum
3531 1030 3697 1088 aspe-

425 1109 617 1165 rilales
643 1110 965 1181 plerumque
990 1113 1179 1180 planas
1209 1114 1404 1169 reddit.

862 1252 922 1308 C.
946 1282 1014 1291 —
1033 1249 1216 1306 SYRO
1253 1250 1570 1307 LECTORI.

924 1364 1121 1421 Contra
1152 1364 1498 1420 Novatianos.

500 1498 598 1554 Dic
643 1499 711 1554 ad
757 1499 1040 1555 Novatiani
1085 1500 1359 1570 supercilii
1424 1500 1750 1570 discipulum
1799 1516 1814 1555 :
1869 1499 2009 1567 Quid

432 1598 690 1660 tanquam
774 1607 940 1661 purus
1017 1592 1209 1648 stolide
1271 1592 1559 1661 gloriaris?
1635 1591 1791 1658 Quid»
1826 1601 1878 1647 te
1926 1592 2010 1660 ip-

433 1699 552 1738 sum
629 1685 833 1754 peccati
891 1696 1169 1755 expertem
1244 1686 1519 1741 simulas?
1579 1686 1717 1752 Quid
1796 1693 2005 1739 natura:

431 1777 744 1832 societatem
802 1777 1098 1832 inliciaris?
1155 1777 1320 1833 Isaias
1374 1779 1710 1833 immundum
1765 1791 1826 1833 se
1883 1790 2005 1832 esse

430 1868 869 1939 prmdicat“"’;
909 1869 1076 1924 David
1113 1885 1328 1925 omnem
1383 1871 1658 1925 hominem
1693 1869 2007 1925 mendacem

2457 1232 2534 1285 P'.
2572 1258 2643 1271 -
2671 1229 2849 1300 me
2896 1226 3334 1296 ΑΝΑΓΝΩΣΤῌ.

2597 1344 2759 1399 Κατὰ
2786 1338 3199 1397 Ναυατιανῶν.

2185 1498 2319 1554 Εἰπὲ
2347 1498 2426 1569 τῷ
2460 1500 2675 1569 μαθητῇ
2702 1500 2802 1567 τῆς
2830 1497 3083 1551 Ναυάτου
3103 1495 3326 1567 ὀφρύοςο
3357 1493 3425 1547 Τί
3445 1494 3697 1567 φρυάττῃ

2116 1592 2191 1657 ὡς
2216 1591 2477 1662 καθαρὸς,
2520 1591 2854 1659 ἀνοηταίνων
2884 1590 3024 1661 (98);
3049 1588 3116 1641 Τί
3143 1586 3532 1659 ἀναμάρτητον
3563 1604 3691 1641 σαυ-

2117 1685 2210 1740 τὸν
2241 1684 2538 1756 είρωνεύῃς
2574 1682 2640 1737 Τί
2686 1683 2825 1753 ἀρνῇ
2855 1682 2956 1750 τὴν
2994 1681 3092 1751 τῆς
3125 1679 3341 1750 φύσεως
3370 1677 3693 1742 κοινωνίαν;

2127 1777 2355 1839 Ἡσαΐας
2385 1776 2693 1848 ἀκάθαρτον
2723 1775 2914 1829 ὲαυτδν
2941 1774 3276 1843 ιξαγγέλλει·
3307 1771 3472 1825 Δαϐιδ
3516 1771 3697 1825 πάντα

2116 1868 2401 1938 ἄνθρωπον
2424 1868 2755 1937 ψευδόμενον
2784 1863 2915 1930 οἶδε,
2938 1866 3032 1920 καλ⁸
3061 1865 3273 1929 πάντας
3308 1867 3370 1917 ὲν
3398 1862 3695 1934 ἁμαρτίαις

429 1974 551 2014 esse
580 1963 825 2029 agnoscit
865 1961 933 2026 ’³,
964 1969 1125 2031 atque
1158 1975 1350 2016 omnes
1394 1961 1446 2016 in
1501 1961 1759 2032 peccatis,
1802 1970 1858 2016 et
1881 1975 2010 2015 con-

2127 1959 2212 2013 καὶ
2244 1958 2666 2028 συλληφθέντας,
2719 1958 2814 2012 καὶ
2872 1957 3192 2028 κυηθέντας.
3239 1955 3414 2018 Αὐτός
3469 1971 3530 2007 τε
3561 1951 3697 2014 Θεὸς

431 2059 638 2119 ceptos,
665 2052 794 2106 etin
841 2052 1018 2106 lucem
1067 2053 1244 2108 editos
1290 2053 1461 2109 fuisse
1508 2053 1577 2108 ’⁸.
1634 2053 1810 2122 Atque
1849 2051 2012 2107 etiam

428 2140 574 2196 Dens
605 2143 715 2211 ipse
749 2144 995 2199 homines
1026 2132 1222 2198 mirum
1249 2145 1303 2199 in
1341 2146 1559 2200 modum
1599 2153 1653 2200 et
1688 2143 1876 2199 sedulo
1912 2143 2016 2197 im-

427 2234 683 2302 probitati
722 2235 967 2290 addictos
997 2250 1138 2300 esse,
1173 2251 1235 2291 ac
1274 2236 1389 2290 sola
1416 2235 1775 2291 humanitatis
1805 2232 2016 2289 miseri-

428 2326 610 2379 cordia
634 2326 877 2396 indigere
903 2328 1000 2395 ait,
1035 2327 1144 2398 32
1175 2335 1229 2382 et
1252 2337 1305 2383 tu
1333 2324 1583 2398 puritatis
1608 2328 1820 2381 fastum
1862 2310 2034 2379 arm--

429 2428 620 2487 ganter
642 2418 854 2491 iactas?
892 2418 1257 2487 Quamobrem
1282 2429 1377 2474 aut
1409 2421 1630 2477 mentiri
1659 2419 1868 2486 desine,
1923 2426 2018 2473 aut

431 2523 497 2562 ex
523 2510 607 2564 his
632 2526 752 2579 quae
773 2513 890 2581 agis
915 2521 968 2567 te
996 2511 1211 2566 irrideri
1243 2519 1479 2579 constat,
1502 2511 1589 2568 vel
1617 2511 1795 2579 potius
1814 2508 2017 2581 ingenti

431 2598 733 2671 Ignominia
763 2603 927 2659 allici.

589 2713 760 2770 CI.—
786 2714 1255 2773 THEOGNOSTO
1285 2715 1474 2772 ΝΟῩο
1508 2710 1861 2773 MONACHO.

782 2827 1034 2898 Oportere
1059 2847 1261 2901 semper
1278 2832 1509 2886 sobrium
1535 2847 1670 2887 esse.

502 2964 774 3023 Praeclare
829 2966 1064 3038 ligonem
1125 2968 1427 3040 arripuisti.
1486 2968 1753 3025 Princlare
1804 2982 1893 3024 res
1948 2984 2014 3024 ex

434 3057 661 3111 materia
708 3067 1017 3125 concretas,
1075 3068 1133 3114 ut
1181 3060 1599 3131 strangulantes.
1658 3058 1817 3128 fugis.
1869 3058 2014 3114 Prte-

435 3145 583 3200 clare
610 3147 675 3200 ad
705 3147 994 3203 sublimem
1028 3160 1082 3205 et
1113 3152 1380 3206 excelsam
1424 3152 1587 3205 vitam
1616 3150 1862 3205 evolasti.
1888 3148 2018 3203 Per-

434 3239 563 3309 vigil
620 3241 823 3310 itaque,
880 3251 939 3298 ut
995 3244 1168 3307 miles,
1230 3245 1441 3309 incede,
1496 3258 1565 3301 ne
1614 3244 1736 3312 quis
1790 3258 2085 3340 somnusc

435 3332 681 3402 obrepat,
706 3336 798 3406 qui
833 3346 884 3391 te
907 3335 1119 3406 frangat
1155 3346 1210 3391 et
1253 3337 1515 3401 emolliat,
1556 3335 1837 3406 clypeiqne
1873 3333 2018 3404 allie-

434 3434 643 3480 etorem
695 3441 759 3481 ac
814 3426 1118 3499 perfugam,
1151 3428 1294 3499 quod
1349 3429 1509 3493 absit,
1564 3428 1777 3484 reddat.
1831 3423 2020 3496 Neque

442 3519 588 3574 enim
628 3519 859 3591 improbi
893 3523 1068 3579 hostis
1093 3523 1456 3593 cogitationes
1486 3522 1800 3591 ignoramus
1825 3520 1898 3576 ".

763 3637 871 3694 Cll.
889 3638 1331 3695 —TIMOTHEO
1369 3638 1690 3696 LECTORI.

438 3726 634 3782 Contra
666 3745 752 3784 eos
792 3729 884 3799 qui
917 3730 1315 3803 dicuntLDettm
1359 3749 1570 3799 passum
1611 3742 1818 3803 esse,et
1860 3751 2020 3790 unam

851 3816 962 3854 esse
993 3802 1050 3859 in
1086 3800 1295 3855 Christo
1333 3812 1600 3858 naturam.

507 3911 969 3977 Quemadmodum
1002 3921 1180 3984 nautae
1209 3915 1425 3969 hamum
1462 3930 1584 3972 esca
1615 3915 1911 3978 occultant,
1955 3931 2019 3972 ac

437 4004 617 4074 pisces
673 4004 964 4076 improviso
1029 4006 1289 4075 capiunt,
1337 4007 1529 4062 eodem
1578 4008 1739 4063 modo
1786 4009 2018 4077 improbi

438 4094 705 4150 hmresum
758 4095 1071 4153 defensores
1115 4098 1386 4153 sermonis
1436 4096 1704 4154 suavitate
1735 4114 2021 4169 perversae

438 4199 567 4240 suas
623 4187 922 4244 sententias
965 4191 1307 4260 obtegentes,
1365 4190 1721 4260 simpliciores
1774 4193 2020 4249 homines

438 4279 506 4332 ad
532 4287 758 4334 mortem
789 4288 1046 4351 tanquam
1105 4285 1266 4338 hamo
1319 4283 1557 4353 quodam
1605 4286 1845 4356 capiunt.
1877 4284 2026 4357 Quo-1

438 4369 582 4424 circa
609 4372 756 4426 omni
807 4373 1053 4429 custodia
1094 4387 1251 4429 serva
1281 4388 1378 4430 cor
1411 4384 1559 4430 tuum
1586 4378 1632 4409 "
1655 4419 1670 4444 ,
1704 4393 1770 4431 ne
1817 4377 2018 4433 Christi

436 4469 685 4516 naturam
717 4473 838 4531 post
860 4464 1288 4520 incarnationem
1337 4482 1545 4523 merum
1584 4470 1852 4523 duntaxat
1890 4483 2015 4538 spe-

2114 2054 2240 2116 τοὺς
2270 2051 2637 2124 [ἀνθρώπους]
2670 2051 2951 2122 ἐπιμελῶς
2979 2048 3412 2122 προσκειμένους
3434 2048 3501 2116 τῇ
3536 2062 3695 2113 πονηο

2118 2145 2210 2216 ρίᾳ
2256 2144 2531 2215 γινώσκει,
2592 2145 2686 2198 καὶ
2729 2142 3032 2215 χρῄζοντας
3063 2141 3228 2212 μόνου
3282 2136 3697 2208 φιλανθρωπίας

2116 2237 2288 2303 ἐλέου,
2349 2236 2444 2289 καὶ
2498 2236 2562 2289 σὺ
2607 2234 2911 2306 ἀλαζονεύῃ
2947 2233 3319 2304 καθαρότητος
3367 2228 3571 2298 τῦφον;
3622 2226 3698 2279 Ἦ

2116 2327 2324 2382 παῦσαι
2360 2328 2538 2381 τοίνυν
2568 2326 2920 2397 ψευδόμενος,
2971 2324 3005 2395 ἢ
3039 2324 3204 2394 φαίνῃ
3244 2320 3304 2386 ἐξ
3331 2313 3406 2375 ὧν
3435 2320 3696 2392 πράττεις

2115 2418 2499 2491 γελώμενος,ἢ
2534 2418 2733 2489 μᾶλλον
2773 2414 3012 2480 δυνατῶς
3049 2412 3464 2485 αἰσχυνόμενος.

2187 2722 2311 2777 PA'.
2348 2754 2418 2811 —'
2469 2723 2873 2797 θΕοΓΝοΣτο
2922 2723 3215 2796 ΜΟΝΑΧῼ
3256 2718 3621 2775 ΝΕΟΠΔΓΕΙ.

2399 2840 2541 2911 Περὶ
2569 2842 2676 2897 τοῦ
2709 2840 2841 2897 δεῖν
2871 2840 3130 2899 πάντοτε
3154 2839 3391 2909 νήφειν.

2188 2980 2383 3045 Καλῶς
2403 2978 2528 3050 ἥψω
2542 2978 2646 3048 τῆς
2666 2976 2900 3048 σμινύης
2924 2974 3201 3045 συντόμως
3226 2972 3357 3046 (99).
3375 2971 3572 3035 Καλῶς
3596 2970 3696 3042 τὴν

2119 3070 2250 3140 ὖλην
2276 3069 2353 3133 ὡς
2405 3067 2817 3137 συμπνίγουσαν
2850 3063 3073 3132 φεύγεις
3097 3078 3110 3090 °
3149 3061 3331 3125 καλῶς
3370 3060 3509 3131 πρὸς
3557 3058 3698 3128 ὑψη-

2117 3164 2217 3235 λὴν
2247 3161 2520 3216 πολιτείαν
2567 3159 2810 3229 ἐξέστης.
2862 3156 3038 3226 Στῆκε
3070 3155 3249 3208 τοίνυν
3297 3150 3588 3223 γρηγορῶν
3618 3150 3699 3212 ὡς

2119 3253 2364 3322 ὁπλίτης,
2400 3253 2473 3323 μή
2507 3269 2593 3314 τις
2630 3248 2797 3312 ὕπνος
2842 3246 3175 3320 παρεισέλθῃ
3215 3244 3432 3316 χαυνῶν
3480 3260 3561 3307 σε,
3598 3241 3696 3296 καὶ

2123 3345 2406 3418 ῥίψασπιν,
2438 3343 2467 3396 δ
2500 3341 2576 3412 μὴ
2601 3340 2835 3410 γένοιτο,
2868 3338 3037 3409 δείξῃ.
3070 3338 3145 3391 Oi:
3174 3336 3285 3408 γὰρ
3321 3334 3414 3390 τοῦ
3448 3331 3696 3405 Πονηροῢ

2120 3437 2188 3492 τὰ
2214 3437 2463 3506 νοήματα
2487 3432 2811 3505 ἀγνοοῦμεν.

2398 3616 2521 3670 PB’.
2544 3645 2616 3657 —
2647 3612 2952 3682 TlMere
2984 3609 3422 3683 ΑΝΑΓΝΩΣΤῌ.

2119 3729 2284 3785 Κατὰ
2311 3724 2774 3796 Θεοπασχητῶν,
2799 3795 2808 3796 7
2830 3722 2931 3778 καὶ
2973 3722 3097 3796 τῶν
3124 3721 3273 3791 μίαν
3308 3719 3408 3774 ἐπὶ
3438 3719 3698 3789 Χριστοῦ

2528 3793 2719 3867 eam»
2760 3795 2915 3849 εἶναι
2952 3793 3274 3864 λεγόντων.

2191 3914 2401 3983 ’Ὥσπερ
2447 3912 2497 3965 oi
2542 3910 2788 3965 ναυτικοὶ
2850 3906 3100 3980 βρώματι
3153 3905 3215 3960 τὸ
3267 3905 3459 3975 δέλεαρ
3522 3918 3701 3958 κατα-

2122 4007 2445 4079 κρύπτουσι,
2482 4005 2576 4058 καὶ
2608 4003 2736 4066 τοὺς
2767 4000 2955 4071 ίχθύας
2980 3998 3310 4071 ἀπροόπτως
3343 3993 3698 4068 ἁγρεύουσιν·

2119 4097 2290 4162 οὕτως
2308 4098 2358 4149 oi
2379 4095 2606 4166 πονηροὶ⁵
2622 4093 2730 4146 τῶν
2747 4091 3011 4163 αἱρέσεων
3040 4090 3345 4160 σύμμαχοι,
3371 4088 3437 4158 τῇ
3460 4102 3700 4163 χρηστο-

2119 4188 2277 4260 λογίᾳ
2334 4188 2432 4252 τὰς
2487 4186 2698 4240 ἑαυτῶν
2755 4182 3042 4245 κακονοίας
3081 4183 3472 4245 καλύπτοντες,
3531 4180 3700 4247 ἀγκι-

2123 4279 2408 4350 στρεύουσι
2441 4276 2568 4340 τοὺς
2610 4274 3012 4345 ἁπλουστέρους
3070 4274 3207 4343 πρὸς
3246 4270 3492 4324 θάνατον.
3535 4268 3702 4339 Πάσῃ

2118 4368 2300 4425 τοίνυν
2347 4369 2577 4443 φυλακῇ,
2620 4368 2779 4438 τήρει
2834 4366 2933 4437 τὴν
2987 4364 3086 4436 σὴν
3142 4361 3390 4433 καρδίαν,
3454 4360 3529 4431 μή
3592 4376 3697 4412 που

2125 4463 2381 4536 [δόκησινι
2422 4459 2543 4533 τὴν]
2604 4458 2699 4514 τοῦ
2758 4457 2994 4529 Χριστοῦ
3052 4455 3214 4527 φύσιν
3266 4454 3344 4528 (1)
3397 4452 3535 4525 μετὰ
3590 4453 3693 4523 τὴν

441 4558 619 4608 ctrum
679 4569 801 4610 esse
844 4557 1055 4611 eredas.
1113 4556 1440 4614 Alterutram
1501 4560 1645 4615 enim
1701 4560 1860 4628 tollit,
1920 4559 2011 4630 qui

2127 4555 2399 4625 σάρκωσιν
2425 4551 2571 4625 δέξῃ.
2601 4549 2847 4620 Θατέρας
2876 4550 2982 4618 γάρ
3005 4549 3153 4600 ἐστιν
3183 4543 3465 4615 ἀναίρεσις
3489 4543 3524 4611 ἡ
3569 4541 3700 4612 περὶ

437 4659 600 4699 unam
661 4656 867 4701 tantum
915 4648 1248 4705 conﬁtetur:
1294 4665 1488 4721 nempe
1537 4651 1846 4707 veldivina
1897 4666 2013 4706 mu-

2127 4619 2251 4719 μιάς
2282 4619 2550 4719 [τούτωνΪ
2589 4619 2988 4711 συγκατάθεσις
3012 4656 3023 4670 ·
3062 4638 3094 4710 ἢ
3133 4637 3232 4707 τῆς
3267 4632 3420 4697 θείας
3459 4632 3696 4704 τραπεί-

439 4738 549 4785 tata
580 4732 665 4789 vel
690 4744 871 4788 nostra
927 4736 1231 4791 imminuta.
1269 4736 1391 4793 liae
1417 4746 1500 4794 est
1538 4736 1711 4793 Manis
1765 4737 2011 4808 Charyb-

437 4817 521 4874 dis
549 4834 646 4888 per
664 4835 827 4890 quam
859 4838 1049 4881 omnes
1075 4824 1128 4880 in
1157 4826 1459 4896 gehennam
1499 4826 1806 4896 principites
1852 4839 2011 4895 agere

438 4911 663 4967 Studuit.

508 5110 629 5144 ἰι-’³
653 5110 758 5169 lsa.
784 5128 860 5184 vr,
894 5114 949 5171 ὅ.
1025 5116 1074 5150 ³³
1104 5114 1246 5174 Psal.
1283 5132 1408 5185 σιν,
1450 5116 1537 5172 Il.
1615 5117 1662 5150 ἰ
1690 5115 1838 5173 Psal.
1867 5131 1922 5182 ι..
1955 5116 2010 5170 7.

2127 5114 2207 5171 ἸΙ
2232 5114 2358 5171 Cor.
2387 5127 2447 5180 ll,
2480 5111 2567 5167 Il.

2122 4756 2243 4809 σης,
2280 4738 2313 4809 ἢ
2356 4738 2453 4807 τῆς
2500 4730 2657 4805 ἡμῶν
2714 4731 3058 4802 μειωθείσης.
3101 4728 3249 4800 Αὕτη
3314 4726 3408 4781 τοῦ
3441 4725 3700 4795 Μάνητος

2120 4833 2154 4901 ἡ
2183 4828 2478 4897 Χάρυϐδις,
2513 4825 2580 4880 δι’
2624 4818 2692 4896 ἧς
2719 4823 2927 4886 πάντας
2976 4823 3057 4886 είς
3093 4819 3318 4891 γέενναν
3356 4814 3701 4887 καταγαγεῖν

2080 4927 2085 4930 ’
2122 4918 2443 4975 ἐσπούδασε.

2644 5111 2690 5143 ’⁸
2723 5109 2884 5167 Prov.
2913 5116 2986 5176 tv,
3015 5108 3108 5164 25.

1534 5291 1772 5349 VARUE
1807 5291 2195 5349 LECTIONES
2228 5289 2319 5347 ET
2369 5282 2601 5348 NOTAE.

512 5472 622 5542 (98)
655 5472 761 5527 Pro
786 5471 1120 5543 ἀνοηταίνων
1153 5470 1312 5525 codd.
1348 5469 1475 5543 vat.
1504 5470 1609 5529 649
1652 5480 1707 5527 et
1732 5471 1838 5543 Alt.
1884 5484 2008 5543 sug—

438 5539 1037 5615 gerunt,_&pa0aivmv.
1074 5539 1231 5595 Vers.
1266 5540 1469 5609 penult.
1528 5556 1626 5611 pro
1669 5541 1832 5615 φαίνῃ
1882 5539 2004 5599 cod.

437 5610 709 5688 Αιιλιςεῃ
736 5610 901 5688 φανῇ.
934 5612 1163 5688 Possim
1476 5680 1490 5688 _
1530 5610 1543 5611 ί

520 5678 801 5753 (99)“(Ξοὶ1.
832 5678 959 5753 Vat.
984 5679 1095 5753 οτι)
1117 5687 1172 5733 et
1194 5678 1301 5753 Alt.
1333 5680 1596 5753 συντόνως
1621 5678 1844 5738 malum.
1870 5681 2001 5737 Cod.

439 5747 547 5826 Alt;
584 5747 723 5826 vers:
761 5753 796 5805 3
827 5767 924 5821 pro
941 5749 1176 5826 ἐξέστης
1206 5749 1367 5805 habet
1397 5751 1651 5826 ὲξέπτης,
1671 5764 1726 5810 et
1746 5769 1889 5810 vers.
1909 5767 2002 5822 pe-

441 5820 571 5877 nult
611 5820 781 5888 δεῖξαι
812 5817 909 5891 pio
936 5819 1105 5889 δείξῃ.
1128 5817 1349 5875 Possm.

654 6087 769 6098 ’νη-ιθ

2112 5540 2216 5606 σιν,
2243 5540 2332 5596 ἐἰς
2356 5540 2547 5595 melius
2572 5540 2836 5595 exhibent
2889 5540 3047 5595 codd.

2112 5613 2309 5683 μήπως
2353 5611 2482 5681 μίαν
2518 5610 2754 5683 Χριστού
2807 5610 2966 5683 φύσιν
3012 5609 3152 5680 μετὰ
3199 5608 3319 5683 τὴν,
3379 5619 3483 5683 etc.
3544 5606 3701 5675 Quod

2106 5679 2253 5736 vers.
2286 5679 2401 5750 seq.
2437 5679 2615 5736 exstat
2644 5679 2874 5744 τούτων,
2909 5682 2975 5734 ab
3011 5679 3368 5750 utroque'isto
3398 5680 3569 5750 abest
3600 5693 3694 5732 co-

2109 5751 2249 5814 dice,
2289 5747 2378 5821 qui
2413 5763 2466 5806 et
2504 5752 2837 5806 conveniunt
2867 5752 2919 5803 ill
2970 5747 3245 5821 mutando,
3279 5762 3441 5806 versu
3477 5747 3693 5811 ultimo,

2110 5818 2439 5891 καταγαγεῖν
2471 5823 2521 5877 in
2552 5821 2928 5876 κατασπάσαι.
2969 5818 3181 5876 Possm.

2185 5471 2261 5544 (‘1)
2285 5469 2490 5544 Verba.
2532 5471 2604 5543 μή
2645 5486 2746 5544 που
2781 5469 3139 5544 δόκησιντὴχ
3183 5467 3277 5544 τοῦ
3310 5462 3695 5544 ligio-10536-

2283 5542 2332 5596 ic
2356 5538 2547 5595 melius
2572 5538 2836 5595 exhibent
2889 5538 3047 5595 codd.
3093 5538 3275 5594 Vatic.
3321 5538 3424 5594 649
3467 5548 3521 5594 et
3559 5538 3695 5602 Alt.,
