3986 6380
457 269 562 335 259

1678 263 1739 320 S.
1780 261 2070 321 ISIDORI
2103 261 2541 323 FELUSIOTJEI

3595 263 3702 331 260

460 394 556 436 ero
581 386 970 445 commoratus,
1001 385 1200 447 quanto
1226 373 1391 429 Jonas
1424 372 1476 425 in
1500 370 1606 426 ceti
1644 381 1852 427 ventre.
1877 371 2028 437 Quod

2137 372 2229 435 νᾶς
2272 372 2331 424 ὲν
2384 370 2456 441 τῷ
2508 370 2682 439 κήτει.
2714 370 2776 423 Εἰ
2808 368 2864 422 δὲ
2895 369 2989 423 καὶ
3033 367 3287 439 δευτέραν
3330 369 3532 440 ζητεῖς,
3562 376 3704 450 αὕτη

459 472 505 526 si
544 468 773 525 alteram
816 470 993 524 adhuc
1018 468 1177 538 hujus
1206 465 1309 521 loci
1349 462 1762 533 explicationem
1812 462 2027 532 quaeris,

462 564 684 619 habeto.
716 562 882 617 Sexta
912 563 1046 616 hora
1069 561 1399 614 Parasceves
1432 555 1486 609 in
1518 568 1736 610 crucem
1765 564 1920 609 actus
1942 561 2025 608 est

467 653 732 709 Dominus
754 653 822 707 ⁸⁸.
860 652 941 707 Ab
972 654 1073 707 hac
1103 651 1237 706 hora
1266 649 1335 704 ad
1361 653 1559 703 nonam
1596 659 1767 715 usque
1795 645 2030 699 tenebras

462 747 790 799 exstiterunt
816 743 883 801 ¹⁸¹,
919 743 1032 798 Hoc
1071 752 1125 796 tu
1184 750 1397 795 noctem
1456 736 1711 805 intelligo.
1763 735 1972 791 Rursus
1999 750 2031 789 a

460 852 603 892 nona
630 836 739 889 lux.
771 835 881 889 Hoc
931 849 1121 889 rursus
1174 846 1272 901 pro
1323 830 1410 884 die
1456 828 1618 882 habe.
1648 826 1760 882 Nox
1816 842 2031 882 rursum

473 926 823 981 Parascevcs.
852 923 988 979 Tum
1012 924 1129 979 dies
1157 921 1401 977 Sabbati.
1432 918 1545 972 Nox
1580 917 1798 973 Sabbati
1848 917 2031 972 Domi-

460 1019 697 1073 tticidiei
746 1016 1077 1083 diluculum,
1105 1015 1258 1085 juxta
1304 1011 1685 1082 evangelistam
1730 1010 2024 1080 dicentem:

465 1127 484 1161 ι
525 1109 765 1178 Vespere
810 1117 994 1161 autem
1049 1103 1290 1168 Sabbati,
1343 1117 1463 1171 quae
1519 1101 1740 1155 lucescit
1772 1100 1822 1152 in
1858 1099 2027 1169 prima

462 1201 691 1256 Sabbati
714 1200 781 1253 “.
822 1217 841 1251 ι
878 1200 1032 1265 Quod
1060 1197 1105 1251 si
1138 1196 1349 1250 tertiam
1380 1208 1445 1247 ex
1474 1206 1562 1247 me
1611 1190 1910 1258 intelligere
1937 1203 2032 1259 po-

460 1295 655 1356 stnlas,
680 1307 744 1346 ea
774 1302 856 1346 est
882 1288 1190 1358 huiusmodi
1223 1305 1236 1341 :
1269 1285 1324 1340 ln
1362 1286 1447 1340 die
1475 1286 1810 1338 Parasceves
1838 1281 2026 1336 Domi-

462 1400 565 1438 nus
608 1382 860 1454 spiritum
905 1379 1145 1436 tradidit.
1177 1377 1256 1432 En
1285 1393 1388 1430 una
1411 1376 1528 1430 dies
1560 1392 1575 1431 :
1607 1372 1902 1429 Sabbatutn
1951 1382 2033 1427 to-

469 1488 580 1530 tum
618 1476 670 1530 in
720 1474 967 1544 sepulcro
1006 1475 1220 1541 exegit;
1262 1478 1443 1538 postea
1490 1467 1606 1536 ejus
1652 1476 1887 1522 noctem.
1925 1462 2031 1518 Lu-

469 1576 718 1621 cescente
776 1563 1053 1619 Dominica
1078 1578 1109 1618 a
1136 1560 1384 1629 sepulcro
1420 1557 1681 1614 surrexit.
1704 1557 1763 1611 ld
1815 1568 2032 1625 quoque

461 1661 574 1714 dies
600 1666 719 1725 est;
754 1658 1018 1727 siquidem
1049 1671 1078 1709 a
1119 1661 1293 1726 parte,
1326 1660 1386 1707 ut
1424 1650 1588 1716 nosti,
1614 1657 1786 1704 totum
1830 1645 2027 1703 intelli-

2134 456 2301 515 ἐστίν·
2323 458 2498 531 Ἕκττῃ
2535 459 2652 533 ὥρᾳ
2680 461 2781 530 τῆς
2804 461 3164 531 Παραπευῆς
3192 463 3508 535 ἐσταυρώθη
3532 469 3562 520 ὁ
3592 469 3708 521 Κύ-

2135 571 2269 625 ριος.
2289 554 2420 606 Ἀπὸ
2445 552 2649 623 ταύτης
2677 551 2783 616 ἓως
2810 552 3038 623 ὲννάτης
3065 553 3255 615 σκότος
3278 554 3512 623 ἐγένετο,
3542 557 3709 613 τοῦτο

2133 645 2304 698 νύκτα
2352 663 2445 716 μοι
2488 645 2701 717 νόησον.
2731 645 2901 700 Πάλιν
2943 645 3052 700 ἀπὸ
3092 646 3322 717 ὲννάτης
3349 647 3500 717 φῶςο
3549 649 3709 705 τοῦτο

2133 737 2294 792 πάλιν
2320 737 2565 810 ἡμέραν*
2594 739 2627 808 ή
2659 738 2754 804 νὺξ
2784 734 2939 801 αὖθις
2964 738 3062 806 τῆς
3086 738 3549 809 Παραπευῆςπὸ
3567 742 3712 797 Σάϐ-

2132 828 2295 885 ϐατον
2341 829 2605 886 πάλιν.Ἦ
2639 828 2735 894 νὺξ
2779 828 2873 882 τοῦ
2914 828 3191 883 Σαϐϐάτου
3235 833 3264 883 6
3292 831 3390 900 τῆς
3419 832 3709 902 Κυριακῆς

2130 921 2345 993 ὄρθρος,
2391 922 2530 978 κατὰ
2559 922 2649 974 τὸν
2684 921 3075 993 εύαγγελιστὴν
3121 920 3376 990 λέγοντα·
3419 940 3438 974 ‹
3467 924 3544 994 Τῇ
3584 927 3709 977 ἐπι-

2132 1015 2423 1085 φωσκούσῃ
2448 1015 2528 1075 είς
2560 1014 2687 1083 μίαν
2711 1014 2819 1066 τῶν
2843 1013 3155 1067 Σαδὸάτων.
3179 1032 3198 1065 ›
3226 1015 3288 1066 Εἰ
3308 1014 3364 1067 δὲ
3391 1017 3485 1068 καὶ
3513 1018 3707 1087 τρίτην

2131 1106 2378 1167 ἀπαιτεῖς
2398 1105 2509 1175 (15)
2538 1106 2751 1175 μαθεῖν,
2779 1099 2997 1168 οὖτως”
3016 1105 3088 1158 Εν
3115 1107 3182 1175 τῇ
3208 1106 3536 1177 Παρασκευῇ
3558 1124 3708 1176 παρ·-

2132 1196 2334 1249 έδωκεν
2361 1198 2388 1248 ὁ
2422 1195 2626 1266 Κύριος
2672 1194 2734 1247 τὸ
2778 1194 3025 1265 πνεῦμα·
3061 1195 3219 1248 τοῦτο
3254 1198 3352 1266 μία
3393 1197 3596 1268 ἡμέρα.
3631 1198 3709 1251 Τὸ

2129 1286 2409 1340 Σαϐϐαῖον
2457 1286 2578 1340 ὅλον
2626 1285 2880 1355 ἐποίησεν
2921 1289 2980 1339 ὲν
3022 1284 3102 1356 τῷ
3143 1286 3299 1356 τάφῳ
3322 1303 3336 1317 ·
3367 1283 3484 1340 εἶτα
3514 1289 3705 1342 τούτου

2129 1378 2227 1449 τὴν
2260 1376 2918 1447 νύκτα.Ἐπιφωσκούσης
2955 1377 3242 1448 Κυριακῆς
3272 1377 3470 1448 ἀνέστη
3508 1381 3572 1431 ἐκ
3609 1379 3706 1433 τοῦ

2132 1472 2327 1540 τάφου,
2361 1472 2456 1525 καὶ
2504 1471 2664 1524 τοῦτο
2711 1470 2924 1542 ἡμέραο
2957 1470 3146 1540 ἐπειδὴ
3201 1470 3307 1522 ἀπὸ
3358 1471 3578 1541 μέρους,
3629 1473 3710 1536 ὡς

2129 1556 2304 1625 οἶσθα,
2330 1561 2391 1614 τὸ
2435 1561 2555 1614 ὅλον
2582 1559 2908 1634 γνωρίζεται
2929 1576 2943 1591 ·
2993 1558 3165 1623 οὕτως
3194 1560 3250 1613 δὲ
3282 1561 3376 1614 καὶ
3407 1562 3570 1632 ἡμεῖς
3605 1562 3709 1626 τὰς

2131 1650 2240 1704 τῶν
2296 1649 2673 1704 τελευτώντων
2720 1653 2940 1721 μνήμας
2985 1650 3258 1720 εἰώθαμεν
3304 1650 3709 1724 τελεῖν.⁹οποίᾳ

458 1750 625 1818 gitur.
650 1748 740 1803 Sic
789 1758 967 1802 autem
1008 1760 1107 1801 nos
1136 1758 1351 1813 quoque
1408 1757 1618 1805 eorum,
1649 1740 1742 1811 qui
1801 1748 2028 1794 mortem

2137 1743 2177 1797 δ’
2220 1743 2287 1797 ἂν
2334 1743 2453 1815 ὥρᾳ
2485 1742 2629 1815 [τῆς]
2669 1743 2884 1819 ἡμέρας
2933 1761 3020 1808 τις
3066 1743 3399 1815 τελευτήσοι,
3428 1746 3527 1816 τὴν
3577 1744 3707 1814 ἑξῆς

458 1842 678 1904 obeunt,
712 1839 1026 1893 memoriam
1049 1836 1324 1892 celebrare
1344 1833 1744 1890 consuevimus.
1772 1831 2022 1898 Quacunv

457 1946 561 2001 que
605 1931 749 1986 enim
783 1932 889 1986 diei
947 1933 1078 1985 hora
1120 1930 1387 2000 quispiam
1457 1929 1621 1983 vitam
1670 1942 1791 1981 cum
1852 1936 2029 1982 morte

459 2022 828 2087 comntutarit,
855 2032 1071 2092 postero
1108 2022 1369 2075 duntaxat
1395 2020 1480 2075 die
1522 2019 1830 2089 interjecto,
1856 2019 2027 2073 altero

457 2126 574 2184 post
609 2116 694 2168 die
750 2114 1041 2169 tertiannm
1081 2114 1248 2183 ipsius
1305 2113 1446 2169 diem
1484 2112 1713 2182 agimus.
1747 2111 1945 2175 llahes,
1969 2110 2025 2164 ni

455 2206 631 2270 fallor,
659 2206 946 2276 proposita:
1001 2204 1318 2275 quaestionis
1379 2204 1727 2259 solutionem.
1760 2201 1914 2269 Quod
1975 2200 2019 2256 si

455 2296 720 2367 perfectos
746 2311 854 2352 tres
886 2298 1004 2352 dics
1026 2314 1089 2351 ac
1122 2305 1307 2351 noctes
1351 2308 1599 2367 quzernnt
1638 2295 1729 2365 qui
1758 2294 1894 2349 male
1927 2309 2024 2363 pu-

454 2398 638 2458 gnant,
672 2388 801 2444 illud
833 2390 1123 2459 responde,
1143 2388 1284 2457 quod
1320 2403 1415 2441 rex
1451 2403 1686 2458 quoque,
1719 2387 1765 2440 si
1787 2386 2023 2440 admissa

455 2481 775 2549 eorum,qui
813 2482 866 2534 in
890 2479 1123 2534 metallis
1175 2495 1237 2534 ac
1276 2479 1508 2533 vinculis
1564 2486 1708 2545 sunt,
1764 2481 2027 2546 depreca-

455 2572 601 2626 tione
626 2587 687 2625 ac
711 2571 1124 2642 supplicatione,
1143 2571 1247 2626 hoc
1274 2572 1407 2640 ipsis
1429 2570 1701 2641 pollicitus
1737 2570 1950 2635 fuisset,
1968 2583 2027 2623 sc

448 2671 573 2731 post
612 2663 828 2717 tertium
855 2663 997 2715 diem
1030 2676 1126 2715 eos
1160 2660 1354 2716 missos
1401 2660 1692 2726 facturum,
1730 2677 1793 2716 ac
1818 2660 2026 2731 praesti-

460 2760 634 2805 tutum
675 2754 814 2806 diem
875 2761 1221 2807 antevertens
1268 2768 1362 2808 eos
1409 2752 1717 2818 liberasset,
1746 2769 1840 2823 per
1885 2754 2026 2807 hanc

2134 1834 2518 1904 ὑπερτίθεσθαι
2573 1834 2761 1904 μόνην,
2796 1835 2887 1887 καὶ
2925 1838 2992 1905 τῇ
3023 1834 3186 1906 ἑτέρα
3234 1835 3422 1899 ἕωθεν,
3446 1836 3545 1906 τὴν
3586 1854 3708 1907 τρι-

2131 1926 2289 1980 ταίαν
2337 1925 2500 1980 αὑτοῦ
2552 1925 2708 1994 ἄγειν
2757 1926 2988 1997 ἡμέραν.
3020 1928 3225 1997 Ἔχεις,
3265 1925 3340 1989 ὡς
3388 1923 3562 1997 οἶμαι,
3606 1927 3707 1999 τὴν

2132 2015 2283 2069 λύσιν
2306 2014 2399 2068 τοῦ
2424 2014 2777 2086 ζητουμένου.
2798 2014 2862 2067 Εἰ
2886 2015 2942 2068 δὲ
2968 2015 3177 2079 τελείας
3201 2016 3299 2080 τὰς
3320 2019 3467 2088 τρεῖς
3494 2017 3707 2088 ἡμέρας

2132 2108 2228 2161 καὶ
2270 2106 2472 2169 νύκτας
2518 2105 2771 2177 ζητοῦσιν
2818 2107 2867 2158 οἱ
2908 2109 3244 2177 κακομάχοι,
3274 2108 3587 2178 ἀπόκριναι,
3623 2108 3707 2161 ὅτι

2132 2200 2228 2271 καὶ
2248 2198 2503 2269 βασιλεὺς
2525 2201 2573 2251 εί
2601 2197 2896 2269 πρεσϐείαν
2923 2198 3017 2250 καὶ
3044 2198 3252 2251 ἱκεσίαν
3275 2198 3383 2251 τῶν
3415 2201 3472 2250 ὲν
3505 2197 3707 2268 μετάλ-

2127 2288 2239 2352 λοις
2270 2289 2365 2342 καὶ
2397 2288 2663 2357 φυλακαῖς
2694 2287 3145 2359 προσδεξάμενος,
3179 2287 3320 2359 μετά
3371 2288 3561 2359 τρίτην
3605 2288 3708 2340 αύ-

2130 2386 2243 2446 τοῖς
2273 2384 2487 2456 ἡμέραν
2511 2382 2833 2454 μεταδοῦναι
2861 2382 3129 2454 ὑπέσχετο
3156 2383 3257 2453 τῆς
3305 2383 3572 2455 ἀφέσεως,
3610 2382 3710 2437 καὶ

2129 2475 2452 2545 προφθάσας
2494 2474 2593 2546 τὴν
2633 2473 2973 2545 προθεσμίαν
3019 2474 3119 2545 τὴν
3163 2473 3434 2545 λύτρωσιν
3483 2473 3707 2540 δέδωκε,

2132 2568 2331 2638 μᾶλλον
2354 2566 2435 2638 τῷ
2459 2568 2614 2638 τάχει
2641 2566 2959 2637 ὴλήθευσεν.
2975 2566 3034 2620 '0
3059 2566 3115 2619 δὲ
3134 2554 3412 2638 Δεσπότης
3439 2565 3710 2637 συντομώο

2126 2676 2283 2732 τερον
2326 2660 2565 2723 ἀναστὰς
2611 2658 2645 2730 ἢ
2690 2658 2981 2729 ὑπέσχετο,
3024 2658 3177 2731 παρὰ
3214 2659 3430 2715 πάντων
3480 2660 3712 2723 εἰκότως

2129 2748 2655 2821 προσκυνηθήσεται.

452 2848 791 2904 celeritatem
818 2864 1004 2902 verum
1025 2850 1197 2919 magis
1231 2849 1478 2904 dixisset.
1534 2849 1616 2903 Ad
1665 2848 1914 2903 eumdem
1981 2847 2164 2917 itaque
2219 2845 2436 2901 modum
2518 2843 2802 2909 Dominus,
2824 2842 2984 2898 citius
3023 2858 3188 2913 quam
3234 2843 3580 2912 promiserat,
3615 2857 3707 2897 ree

456 2950 706 3004 surgens,
740 2937 807 2992 ab
833 2935 1084 2991 omnibus
1121 2937 1315 2992 merito
1364 2937 1701 2991 adorabitur.

796 3046 956 3102 CXV.
980 3076 1052 3088 —
1074 3045 1304 3102 HELUE
1339 3045 1689 3102 MONACHO.

527 3159 663 3225 Quid
688 3159 785 3213 tibi
821 3168 877 3215 et
911 3160 1011 3214 via:
1034 3159 1275 3231 Egypti,
1312 3169 1370 3215 ut
1406 3159 1560 3215 bibas
1604 3175 1796 3229 aquam
1824 3158 2025 3215 Gcon?

454 3250 521 3307 ad
551 3251 788 3321 refugam
818 3250 1069 3320 populum
1116 3251 1286 3319 inquit
1317 3253 1599 3321 propheta,
1632 3251 1715 3305 vel
1746 3266 1842 3320 per
1872 3252 2020 3305 illmn

455 3343 634 3413 pOllllS
674 3338 833 3398 Deus.
886 3343 1023 3409 Quid
1074 3343 1165 3397 tibi
1220 3351 1274 3397 et
1326 3343 1653 3407 confusioni,
1694 3358 1759 3397 ex
1814 3359 1920 3413 qua
1971 3343 2026 3398 in

455 3447 617 3489 manu
646 3429 741 3486 Dei
770 3432 977 3485 excelsa
1019 3442 1073 3485 ct
1106 3432 1329 3486 brachio
1369 3430 1479 3503 36
1516 3441 1734 3486 extento
1772 3432 2027 3488 liberatus

454 3539 513 3580 es
532 3522 626 3577 υτ
660 3522 818 3589 Quid,
852 3534 1201 3593 posteaquam
1229 3525 1480 3578 virtutem
1516 3524 1758 3595 attigisti,
1783 3541 1849 3579 ac
1880 3542 2028 3581 sunt-

454 3631 597 3670 illam
632 3616 1023 3685 philosophiam
1052 3616 1372 3684 degustaSti,
1400 3616 1462 3669 ad
1491 3617 1679 3670 vitium
1715 3617 2024 3683 reverteris,

452 3719 553 3759 nec
589 3705 686 3758 tibi
737 3704 869 3759 illud
928 3703 1229 3774 Scriptura:
1274 3704 1455 3759 animo
1509 3701 2019 3778 obversaturhEum

452 3797 544 3866 qui
578 3812 607 3849 a
637 3797 846 3865 justitia
875 3798 942 3851 ad
981 3803 1257 3861 peccatum
1298 3810 1357 3852 se
1394 3796 1591 3851 avertit
1608 3795 1748 3863 “,in
1777 3796 2015 3864 gladium

453 3890 596 3946 Deus
646 3889 1014 3959 praeparabit?
1072 3887 1219 3959 Fuge
1266 3896 1687 3957 tempestatem;
1748 3888 1869 3956 fuge
1914 3888 2022 3942 flu-

452 3994 593 4038 ctus.
628 3982 878 4038 Christus
939 3990 1157 4037 ventttm
1213 3980 1514 4052 increpavit
1543 3978 1608 4031 ".
1637 3978 1849 4032 Nullum
1890 3988 2026 4032 tem-

454 4076 673 4142 pestatis
709 4074 1001 4143 periculum
1046 4074 1236 4139 facies,
1270 4074 1313 4129 si
1366 4080 1553 4143 portus
1593 4070 1713 4126 loco
1746 4068 2022 4126 Christum

452 4166 712 4223 tenueris.

692 4276 874 4333 CXVI.
903 4282 976 4321 -'—
998 4276 1298 4334 AUSONIO
1328 4275 1786 4334 CORRECTOBI.

521 4391 653 4447 Cum
682 4369 898 4464 sapiens
924 4395 1170 4451 veritatis
1197 4394 1474 4449 inventum
1506 4393 1711 4448 habeas
1762 4391 2021 4462 multipli-
2052 4424 2098 4479 ο

451 4492 569 4533 cem
632 4490 1020 4538 tormentorum
1062 4484 1392 4547 machinam,
1420 4482 1613 4537 timore
1643 4481 1709 4536 ad
1754 4482 2049 4550 judicium.

453 4576 625 4635 utere,
657 4572 1089 4642 quandoquidem
1139 4583 1191 4628 te
1243 4580 1511 4628 terrorem
1547 4571 1809 4642 improbis
1838 4570 2022 4627 divina

451 4655 532 4711 lex
563 4661 858 4718 constituit.

585 4772 790 4829 CXVII.
815 4774 1298 4832 —ATHANASIO
1329 4774 1892 4832 C(ENOBIARCHE.

577 4864 643 4921 In
667 4868 821 4934 illud,
853 4886 872 4920 t
918 4868 990 4922 De
1034 4870 1118 4923 die
1140 4869 1235 4922 illa
1261 4880 1306 4922 et
1341 4869 1473 4922 liora
1506 4886 1652 4923 nemo
1677 4870 1836 4923 novit.
1871 4886 1890 4920 ι

523 5046 664 5114 Quid
711 5048 995 5103 adversum
1051 5047 1260 5117 seipsos
1309 5046 1524 5101 Domini
1571 5046 1828 5117 judicium
1872 5045 2023 5115 impii

2517 3050 2667 3104 PIE'.
2696 3080 2767 3096 _
2801 3049 2969 3121 ΗΛΙᾼ
3004 3050 3315 3125 ΜυΝΑΧῼ.

2199 3157 2266 3212 Τί
2315 3176 2397 3212 σοι
2426 3161 2521 3213 καὶ
2567 3163 2633 3232 τῇ
2685 3160 2789 3231 ὁδῷ
2836 3160 3138 3230 Αἰγύπτου,
3182 3161 3323 3235 [τοῦ]
3367 3166 3512 3217 πιεῖν
3562 3163 3709 3237 ὕδωρ

2130 3252 2317 3322 Γηών;
2350 3254 2484 3325 πρὸς
2515 3253 2606 3307 τὸν
2641 3254 3039 3324 παλίνπροφον
3071 3254 3197 3310 λαὸν
3240 3256 3269 3307 6
3295 3257 3577 3328 προφήτης
3603 3274 3709 3328 φη-

2131 3344 2235 3409 σὶν,
2268 3343 2300 3413 ἢ
2339 3344 2539 3414 μᾶλλον
2570 3344 2638 3399 δι’
2665 3346 2875 3400 ἐκείνου
2918 3347 3071 3410 Θεός.
3107 3346 3177 3400 Τί
3211 3347 3294 3400 σοὶ
3340 3348 3434 3402 καὶ
3464 3350 3532 3420 τῇ
3576 3364 3709 3417 συγο

2129 3437 2283 3507 χύσει
2334 3432 2401 3509 ἦς
2432 3432 2751 3509 ἀπηλλάγης
2784 3439 2927 3510 χειρὶ
2964 3438 3099 3492 Θεοῦ
3143 3441 3401 3511 κραταιᾷ,
3440 3441 3534 3494 καὶ
3569 3441 3705 3511 βρα-

2129 3528 2265 3598 χίονι
2295 3528 2482 3599 ὑψηλῷ
2498 3546 2513 3595 ;
2532 3530 2598 3582 Τί
2616 3529 2716 3600 τῆς
2741 3531 2941 3602 ἀρετῆς
2969 3532 3267 3602 ἁψάμενος,
3292 3533 3387 3585 καὶ
3410 3533 3506 3602 τῆς
3527 3533 3706 3604 ἄκρας

2129 3618 2449 3689 φιλοσοφίας
2487 3621 2843 3689 γευσάμενος,
2880 3623 2963 3686 είς
2988 3623 3184 3676 κακίαν
3215 3622 3575 3688 παλινοστεῖς,
3603 3624 3707 3679 οὐκ

2127 3709 2266 3779 ἔχων
2290 3711 2352 3763 τὸ
2376 3711 2645 3783 Γραφικὸν
2671 3714 2811 3767 κατὰ
2839 3712 2993 3778 νοῦν,
3022 3715 3127 3766 Τὸν
3149 3715 3562 3784 ἀποστρέφοντα
3596 3713 3706 3769 ἀπὸ

2126 3797 2474 3869 δικαιοσύνης
2516 3799 2610 3853 ἐπὶ
2656 3801 2931 3872 ἁμαρτίαν
2972 3803 3254 3873 ἑτοιμάσει
3299 3806 3329 3856 6
3368 3804 3573 3876 Κύριος
3622 3807 3706 3870 είς

2129 3889 2439 3958 ρομφαίαν;
2476 3889 2618 3959 Φύγε
2649 3893 2739 3945 τὸν
2768 3892 3034 3962 κλύδωνα,
3068 3896 3163 3949 καὶ
3196 3896 3335 3965 φύγε
3366 3896 3435 3950 τὰ
3457 3896 3702 3968 κύματα.

2140 3979 2470 4052 Ἐπετίμησε
2501 3983 2738 4056 Χριστὸς
2776 3985 2853 4056 τῷ
2882 3986 3090 4057 ἀνέμῳ.
3126 3989 3315 4052 Οὐδείς
3346 4006 3405 4042 σε
3434 3991 3706 4061 χειμῶνος

2126 4070 2503 4141 καταλήψεται
2556 4075 2744 4145 πεῖρα,
2796 4077 2845 4128 εί
2891 4076 2983 4130 τὸν
3022 4077 3216 4148 λιμένα
3261 4079 3519 4150 κρατοίης
3568 4082 3705 4152 Χρι-

2127 4161 2248 4216 στόν
2273 4162 2430 4233 (15‘).

2373 4275 2536 4342 Ριςν.
2567 4304 2635 4317 -
2673 4276 2973 4349 ΔΥΣΟΝΙῼ
3009 4278 3452 4335 ΚΟΡΡΙΚΤΟΡΙ.

2196 4387 2366 4457 Σοφὸν
2394 4386 2532 4458 ἔχων
2563 4388 2837 4460 ἀληθείας,
2855 4389 3136 4463 ἐξεύρημα
3175 4392 3309 4465 (ll),
3336 4393 3397 4447 τὸ
3424 4392 3706 4460 πολυειδὲς

2126 4477 2235 4531 τῶν
2270 4477 2517 4548 βασάνων
2544 4482 2867 4552 μηχάνημα,
2898 4482 3097 4552 χρῆσαι
3125 4483 3205 4551 τῷ
3251 4483 3400 4553 φόϐῳ
3448 4485 3584 4555 πρὸς
3603 4486 3706 4557 τὴν

2129 4570 2336 4638 κρίσιν’
2375 4569 2561 4643 ἐπειδὴ
2597 4571 2760 4641 φόϐον
2810 4588 2870 4625 σε
2915 4575 3028 4636 τοῖς
3075 4574 3266 4635 κακοῖς
3304 4574 3332 4625 6
3366 4574 3509 4636 θεῖος
3539 4574 3709 4644 νόμος

2127 4659 2383 4730 ὡρίσατο.

2305 4774 2449 4828 Ρ1Ζ’.
2482 4803 2552 4815 -
2575 4774 2919 4845 ΑΘᾹΝΑΣΙῼ
2957 4777 3506 4850 ΑΡΧΙΜΑΝΔΡΙΤῌ.

2128 4865 2233 4929 Εἰς
2261 4865 2349 4928 τὸ,
2387 4883 2406 4917 ι
2439 4866 2578 4934 Περὶ
2620 4866 3247 4939 τῆςλῄμέραςᾼὲκείνης
3283 4869 3515 4938 καὶτῆς
3547 4869 3710 4939 ὥρας

2680 4937 2884 5001 οὐδεὶς
2918 4935 3099 4991 οἶδεν.
3133 4956 3150 4989 ι

2202 5047 2266 5101 Τί
2289 5046 2412 5102 καθ’
2435 5047 2642 5102 ἑαυτῶν
2670 5049 2770 5119 τὴν
2794 5049 2889 5102 τοῦ
2922 5048 3124 5121 Κυρίου
3151 5032 3489 5105 ἐπισπῶνται
3522 5053 3709 5123 κρίσιν

525 5194 745 5254 “Joan.
771 5213 883 5267 xtx,
911 5199 996 5254 14.
1037 5199 1082 5232 ’⁸³
1102 5199 1292 5254 Matth.
1315 5214 1490 5265 xxm,
1510 5198 1600 5255 ἀεὶ.
1634 5198 1678 5230 δ’
1703 5198 1894 5254 Matth.
1914 5214 2028 5254 χιιι

2137 5201 2177 5257 Ι.
2220 5201 2437 5256 “Deut.
2460 5200 2625 5265 v.15.
2662 5196 2927 5259 “Ezech.
2952 5204 3217 5272 “111,26.
3258 5206 3451 5262 "Luc.
3476 5208 3706 5274 vutﬁl.

1548 5348 1782 5405 VARIE
1823 5348 2205 5409 LECTIONES
2241 5352 2327 5406 ET
2365 5352 2599 5408 NOTAE.

523 5494 634 5563 (l3)
658 5494 828 5551 Codd.
858 5495 924 5549 ν.
951 5494 1053 5551 649
1081 5505 1134 5549 et
1156 5492 1245 5560 Α.,
1273 5507 1374 5562 pro
1393 5491 1661 5563 ἀπαιτεῖς,
1685 5489 1878 5555 θέλεις.
1899 5491 2028 5549 Pasti

2137 5493 2257 5548 line.
2287 5493 2455 5548 Rt'r'r.

525 5561 661 5631 (l5')
698 5566 855 5619 Deest
883 5563 1246 5635 voxXptozoa
1274 5561 1324 5617 in
1351 5563 1471 5635 cod.
1495 5562 1611 5635 Alt.
1634 5561 1841 5617 Possm.

527 5637 637 5703 {Nl
690 5635 781 5690 Sic
813 5645 868 5690 et
895 5638 961 5692 de
984 5632 1127 5707 juris
1153 5632 1383 5690 consulti
1424 5633 1782 5700 quaestionum
1819 5649 1917 5687 usu
1959 5651 2022 5687 ac

2200 5594 2270 5604 --
2304 5564 2441 5643 )Lers
2466 5563 2519 5643 ὃς
2570 5561 2833 5643 γειιλθις)
2876 5572 2931 5619 et
2964 5565 3075 5635 Alt.
3103 5584 3207 5625 non
3238 5568 3335 5642 τὴν
3379 5571 3579 5643 κρίσιν,
3609 5574 3711 5631 sccl

2127 5634 2225 5702 τὴν
2255 5622 2405 5698 τάξιν
2431 5634 2647 5689 habent.
2678 5631 2889 5687 POssm.
