3986 6410
195 267 308 328 SH

1157 263 1693 327 EPISTOLARUM
1733 260 1880 319 LIB.
1920 261 1947 319 Ι
2011 287 2081 296 -
2115 263 2352 323 EPIST.
2393 263 2566 322 CXX.

3377 261 3484 327 262

194 386 247 437 oi
275 382 632 453 βλάσφημοι;
668 379 736 432 Τί
775 380 840 433 τὸ
887 379 999 452 πῦρ
1051 379 1151 450 τῆς
1197 379 1423 450 γεέννης
1450 381 1500 432 ot
1537 375 1796 446 θεομάχοι

1911 373 2152 430 homines
2183 375 2500 429 attrahunt?
2531 372 2669 442 Quid
2722 374 2980 444 gehennae
3035 373 3212 446 ignem
3251 371 3344 428 Dei
3381 373 3482 428 bo-

193 473 544 528 ιπικαίουσιν
577 472 733 544 (15);
796 473 1088 544 Ἡγνόησε,
1126 472 1418 541 φάσκουσι,
1455 471 1553 543 τῆς
1608 485 1798 525 συντε-

195 563 348 628 λείας
397 563 504 634 τὴν
538 562 759 634 ἡμέραν
791 564 822 616 ὁ
855 563 1082 634 Κύριος.
1115 563 1230 616 Οὐκ
1260 563 1560 634 ἠγνόησεν,
1593 560 1795 630 ἄπαγε,

193 657 332 712 ἀλλὰ
357 655 684 726 σαφηνίζειν
710 655 782 709 τὰ
805 655 1062 726 ἀνωφελῆ
1090 658 1388 727 παρῃτεῖτο
1412 651 1621 724 προὸλή
1631 667 1795 722 ματα.

204 752 361 806 Ἐπεὶ
391 750 516 813 πῶς
545 750 764 816 ἀγνοεῖν
787 747 1021 819 ἠδύνατο
1044 747 1192 820 ὥραν
1214 747 1248 820 ἢ
1271 748 1484 818 ἡμέραν
1513 747 1543 799 ὀ
1569 744 1799 817 ποιητὴς

191 845 306 900 τῶν
334 843 580 907 αίὼνων,
609 843 669 894 ὲν
693 834 739 910 ᾧ
762 841 967 904 πάντες
995 843 1136 895 είσὶν
1154 841 1206 894 oi
1251 838 1517 911 θησαυροὶ
1562 840 1662 908 τῆς
1713 853 1800 890 σο-

191 933 367 1005 qius;
418 933 540 987 Οὐκ
571 927 641 1003 ἦν
671 930 1012 1000 ἀγνοοῦντος,
1041 932 1102 985 τὸ
1131 932 1224 985 καὶ
1257 929 1326 984 τὰ
1359 931 1561 1000 σημεῖα
1608 929 1700 982 καὶ
1730 925 1800 981 τὰ

191 1024 456 1100 φόϐητρα
499 1026 792 1094 προειπεῖν
819 1023 922 1092 τῆς
951 1023 1209 1094 ἐσχάτης,
1248 1021 1344 1076 καὶ
1376 1020 1565 1090 ὥσπερ
1594 1016 1802 1089 παροῦ-

190 1133 294 1169 σαν
329 1115 508 1186 αὐτὴν
537 1117 655 1187 τοῖς
681 1103 1030 1186 γνωρίσμασι
1052 1113 1393 1184 διαγράφειν.
1412 1111 1550 1164 Ἀλλ’
1575 1110 1603 1164 δ
1630 1109 1800 1195 ἔφθην
1849 1179 1854 1184 ἰ

190 1205 392 1272 clauim,
427 1207 534 1276 τῆς
584 1207 802 1270 εἰκαίας
858 1207 1180 1278 ἐρωτήσεως
1225 1204 1325 1275 τὴν
1373 1203 1648 1272 ἀπόφασιν
1699 1203 1800 1255 οὐκ

191 1297 462 1368 ιδὴλωσε.
481 1297 550 1350 Τί
581 1297 694 1369 γάρ
719 1297 929 1366 ὄφελος,
955 1297 1076 1351 εἰπέ
1105 1313 1214 1366 μοι,
1243 1295 1436 1366 μαθεῖν
1464 1295 1563 1367 τὴν
1585 1293 1800 1366 ἡμέραν

193 1389 287 1443 τοῦ
321 1389 558 1456 τέλους;
600 1389 844 1457 ’Δγνοείν
871 1389 928 1442 δὲ
960 1390 1164 1460 ταύτην
1192 1387 1481 1461 συμφέρει,
1511 1390 1596 1443 ἵνα
1620 1391 1800 1444 πᾶσαν

197 1481 415 1553 ἡμέραν
442 1481 671 1552 ἐκείνην
693 1477 832 1537 εἶναι
859 1482 1188 1552 νομίζοντες,
1214 1481 1421 1553 ἕτοιμοι
1443 1481 1579 1553 πρὸς
1599 1480 1800 1553 ταύτην

196 1575 568 1644 τυγχάνωμεν
594 1573 1018 1646 γρηγοροῦντες,
1037 1573 1234 1630 καὶτὸν
1255 1574 1629 1646 Κύριονήμῶν
1649 1590 1803 1644 περι-

197 1664 481 1734 μένοντες.

484 1868 651 1922 PIH'.
681 1898 754 1908 —
780 1869 1035 1940 zuzIMn
1070 1846 1195 1924 KAI
1232 1869 1520 1926 MAPnNt.

227 1959 371 2029 Περὶ
399 1960 842 2029 πρεσϐυτέρων
861 1959 948 2028 μὴ
972 1963 1459 2031 περιπατούντων
1483 1961 1634 2018 κατὰ
1653 1960 1768 2031 τὴν

702 2031 811 2084 τοῦ
851 2030 1002 2085 Θεοῦ
1039 2032 1319 2100 ἐντολήν.

265 2145 511 2215 Ἦρκεις
545 2145 653 2216 μὲν
687 2146 784 2200 καὶ
813 2145 1262 2212 σὺ,άναιδέστατε
1279 2147 1631 2220 Ζώσιμε,τὴν
1653 2148 1802 2204 θείαν

196 2233 506 2304 ἱερωσύνην
541 2234 661 2305 (16)
698 2233 1083 2306 λυμαίνεσθαι,
1113 2237 1208 2290 καὶ
1247 2238 1428 2291 πᾶσαν
1461 2238 1599 2310 αὐτῇ
1645 2237 1803 2310 ῦόριν

195 2325 668 2397 προστρίϐεσθαιο
725 2326 884 2398 ἔσχες
931 2327 992 2380 δὲ
1042 2327 1137 2382 καὶ
1185 2327 1418 2397 σύζυγον
1466 2329 1674 2400 ὅμοιον,
1709 2329 1804 2382 καὶ

195 2417 389 2488 ζεῦγος
411 2419 562 2490 βοῶν
584 2419 1025 2490 συνηρμόσθητε,
1046 2419 1144 2490 τὴν
1165 2419 1536 2492 άκανθοφόρον
1561 2419 1666 2490 γῆν
1693 2419 1803 2473 τῶν

194 2510 383 2564 παθῶν
428 2511 828 2582 ἐργαζόμενοι.
878 2511 1052 2582 Στῆτε
1091 2513 1288 2576 τοίνυν,
1331 2504 1377 2565 ὦ
1428 2511 1672 2576 δείλαιοι,
1703 2513 1804 2582 τῆς

197 2601 402 2654 ἀτόπου
431 2601 665 2672 μανίας.
701 2601 994 2656 Παύσασθε
1029 2602 1326 2674 πάντολμοι
1373 2601 1471 2674 τὴν
1517 2603 1803 2674 βασιλικὴν

197 2691 362 2760 οὐλὴν
396 2693 894 2764 καταχραίνοντες.
927 2694 1049 2747 Τῶν
1101 2694 1392 2765 μολυσμῶν
1439 2696 1665 2759 ἑαυτοὺς
1714 2697 1807 2749 ὲκ-

197 2782 502 2852 καθάρατε.
563 2783 805 2854 Κηλῖδος
871 2785 932 2838 τὸ
997 2783 1382 2857 θυσιαστήριον
1436 2785 1801 2852 ἀπαλλάξατε.

209 2873 388 2942 Ἡμεῖς
437 2873 710 2944 δακρύων
757 2876 1075 2946 κουφίσατε,
1103 2875 1229 2940 τοὺς
1267 2876 1508 2948 ῥρῶντας
1571 2878 1806 2932 σκανδά-

199 2964 303 3017 λων
330 2966 781 3038 ἐλευθερώσατε,
809 2968 935 3032 τοὺς
973 2967 1370 3040 κωμῳδοῦντας
1401 2971 1558 3040 σιγᾷν
1594 2987 1808 3041 συγχω-

1900 473 2012 520 stes
2047 464 2392 520 accendunt?
2437 465 2939 521 Consummationis
2990 465 3156 532 diem,
3202 465 3478 534 inquiunt,

1904 557 2164 612 Dominus
2216 557 2488 628 ignoravit
2517 556 2586 611 “.
2621 557 2818 613 Absit!
2846 557 3043 613 Verum
3084 557 3304 613 inutiles
3331 571 3482 629 qua:-

1899 650 2106 706 stiones
2144 649 2425 719 explicare
2475 651 2788 716 recusabat.
2817 651 3042 722 Alioqui
3063 665 3300 722 quonam
3322 659 3484 721 pacto

1900 739 2089 796 horam
2108 748 2202 795 aut
2226 739 2369 796 diem
2399 739 2655 812 ignorare
2700 747 2918 811 poterat
2973 741 3298 799 saeculorum
3346 739 3484 796 eﬂ'e-

1901 841 2038 896 ctor,
2061 831 2114 887 in
2139 847 2248 902 quo
2275 833 2512 888 thesauri
2537 849 2726 890 omnes
2774 833 3053 904 sapientiae
3102 833 3191 888 siti
3239 841 3367 888 sunt
3395 830 3484 886 "‘2
3541 873 3562 891 .

1900 923 2017 979 Non
2046 933 2165 979 erat
2189 925 2513 994 ignorantis,
2545 925 2660 997 ipsa
2698 941 2916 998 quoque
2935 927 3168 984 extremi
3189 927 3298 983 diei
3328 927 3485 998 signa

1899 1023 1956 1072 et
2005 1023 2244 1072 terrores
2295 1017 2621 1088 praedicere,
2673 1034 2910 1090 eumque
2973 1019 3121 1074 velut
3163 1028 3484 1088 praesentem

1901 1107 2068 1162 certis
2129 1107 2274 1163 notis
2322 1117 2488 1178 atque
2538 1109 2844 1179 insignibus
2891 1109 3224 1166 describere.
3256 1106 3483 1176 Verum,

1901 1207 1960 1255 ut
2014 1199 2126 1271 jam
2171 1198 2305 1267 dixi,
2374 1215 2528 1258 vana
2589 1201 3021 1274 percontationis
3068 1200 3485 1272 explicationem

1901 1305 1967 1346 ac
2022 1291 2351 1348 sententiam
2410 1293 2635 1350 minime
2683 1293 3068 1350 declarandam
3124 1291 3299 1348 duxit.
3346 1290 3488 1358 Quid

1899 1383 2066 1447 enim,
2119 1384 2229 1452 dic,
2260 1399 2468 1456 quaeso,
2532 1385 2785 1442 utilitatis
2839 1385 3083 1442 attulerit
3130 1384 3255 1440 ﬁnis
3299 1383 3487 1438 mundi

1901 1475 2043 1532 diem
2068 1477 2414 1547 esploratum
2465 1477 2708 1534 habere?
2736 1478 2809 1533 At
2857 1493 2989 1534 vero
3025 1475 3274 1533 eumdem
3332 1475 3487 1545 igno-

1902 1582 2026 1623 rare
2053 1569 2330 1635 conducit,
2351 1577 2409 1624 ut
2439 1583 2654 1626 omnem
2671 1567 2812 1624 diem
2847 1567 2998 1624 illum
3014 1581 3134 1624 esse
3163 1554 3486 1624 existiman-

1902 1667 2005 1726 tes,
2037 1661 2212 1730 parati
2249 1661 2319 1716 ad
2374 1676 2500 1717 eum
2563 1661 2757 1730 simus,
2789 1661 3090 1734 vigilantes,
3113 1674 3178 1716 ac
3199 1657 3486 1715 Dominum

1903 1761 2148 1810 nostrum
2189 1761 2573 1824 exspectantes
2588 1754 2654 1811 “’.

2160 1865 2398 1925 CXVIII.
2419 1897 2488 1910 —-
2509 1867 2768 1926 ZOSIMO
2815 1867 2903 1926 AC
2935 1867 3220 1925 MARONI.

1901 1957 1981 2018 De
2041 1959 2364 2030 presbyteris
2430 1977 2535 2016 non
2605 1959 3004 2016 ambulantibus
3051 1957 3338 2015 secundant
3390 1954 3488 2011 Dei

2535 2031 2866 2087 mandatum.

1972 2141 2052 2199 Ad
2100 2143 2344 2200 divinum
2398 2143 2769 2201 sacerdotium
2823 2139 3282 2204 labefactandam,
3323 2146 3487 2209 atque

1901 2250 2060 2292 omne
2101 2237 2204 2306 ipsi
2273 2236 2618 2297 contumeliae
2656 2249 2827 2306 genus
2871 2233 3220 2298 inurendum,
3249 2239 3304 2285 tu
3353 2246 3489 2301 quo-

1901 2343 2028 2399 que,
2079 2327 2550 2397 impudentissime
2595 2327 2834 2393 Zosime,
2883 2323 3208 2382 suniciebas.
3236 2324 3488 2379 Accessit

1901 2427 2082 2474 autem
2129 2417 2327 2473 similis
2371 2418 2575 2484 socius,
2604 2431 2670 2473 ac
2724 2431 2822 2488 par
2859 2415 3020 2472 boum
3067 2415 3302 2485 copulati
3331 2414 3486 2479 estis,
3559 2416 3566 2423 '

1902 2511 2151 2582 spineum
2193 2509 2454 2567 vitiorum
2511 2525 2699 2566 arvum
2759 2508 3024 2566 colentes.
3053 2506 3136 2564 Ab
3166 2509 3270 2583 bac
3324 2507 3490 2578 igitur

1901 2613 2231 2675 praepostero
2286 2601 2494 2668 t'urore,
2541 2619 2576 2660 ο
2616 2602 2828 2669 miseri,
2870 2600 3136 2657 desistite.
3183 2599 3490 2670 ltegiam,o

1903 2694 2248 2750 audacissimi
2277 2693 2545 2760 homines,
2576 2693 2753 2750 aulam
2808 2691 3183 2750 contaminare
3234 2689 3488 2746 desinite.

1903 2787 2168 2844 Sordibus
2225 2789 2475 2859 vosipsos
2533 2795 2852 2857 expurgate.
2887 2783 3088 2841 Labem
3120 2783 3192 2838 ab
3227 2781 3490 2838 altaribus

1904 2888 2201 2936 removete.
2227 2878 2334 2935 Nos
2363 2879 2622 2950 lacrymis
2647 2877 2842 2944 levate,
2866 2891 2981 2945 eos,
3017 2875 3107 2946 qui
3149 2890 3246 2932 vos
3283 2874 3487 2936 vident,

1906 2972 2181 3030 scandatis
2219 2973 2468 3029 liberate.
2495 2974 2566 3030 lis
2611 2973 2707 3043 qui
2736 2971 2962 3027 comicis
3013 2969 3228 3026 salibus.
3263 2981 3356 3023 vos
3406 2965 3491 3021 in-

210 3056 430 3125 ρήσατε,
462 3059 570 3128 τὴν
602 3057 794 3129 κρίσιν
841 3059 937 3112 τοῦ
982 3059 1116 3112 Θεοῦ
1147 3059 1512 3141 ἐνθυμήθητε,
1543 3061 1645 3133 τῆς
1675 3063 1802 3116 ἑαυ-

1911 3074 2208 3133 sectantur,
2230 3075 2291 3122 ut
2319 3074 2556 3131 taceant,
2577 3065 2902 3136 permittite.
2929 3062 3022 3118 Dei
3061 3061 3324 3131 judicium
3345 3059 3494 3130 cogi-

208 3145 310 3198 τῶν
335 3145 527 3218 ψυχῆς
560 3148 663 3202 καὶ
688 3146 788 3201 τοῦ
817 3147 1067 3220 σώματος
1099 3149 1381 3220 φείσασθε.

515 3259 674 3316 ΡΙΘ.
701 3289 776 3302 -—-
797 3263 1090 3336 ΕΥΣΕΒΙῼ
1123 3264 1494 3336 ΕΠΙΣΚΟΠῼ.

223 3349 340 3404 ὀτι
386 3313 672 3422 φρικτὸν-
695 3313 1686 3426 είςἠύρῐερὲοῖλίῖνῖτθ--πι-πῖίίσκειν
1725 3313 1806 3412 ls-

633 3425 928 3493 ρωσύνην
954 3425 993 3493 ἢ
1018 3424 1388 3489 ἐξωνεῖσθαι.

293 3511 478 3573 Kuh};
521 3515 584 3568 τὸ
631 3514 930 3585 Ψαλμικὸν
963 3515 1322 3586 ἐμελέτησας,
1370 3517 1464 3570 καὶ
1492 3519 1622 3582 τοὺς
1652 3535 1806 3590 μονο-

236 3603 460 3673 τρόπους
481 3605 536 3656 ἑν
559 3603 646 3674 τῷ
667 3603 766 3658 τοῦ
801 3605 1012 3676 Κυρίου
1041 3605 1177 3679 οίκῳ
1211 3608 1541 3679 συνήγαγες,
1573 3610 1810 3682 Ζωσίμῳ

223 3695 478 3762 συζεύξας
513 3694 660 3768 [καὶ]
687 3697 938 3768 Μάρωνα
962 3714 978 3731 ⁸
1010 3699 1192 3753 πᾶσαν
1219 3701 1458 3771 σπουδὴν
1478 3739 1494 3765 ,
1530 3700 1606 3764 ὡς
1631 3697 1807 3773 οἶμαι,

213 3785 496 3858 τιθέμενος
515 3830 531 3853 ,
565 3789 646 3860 μή
679 3807 733 3842 τι
762 3789 872 3842 τῶν
905 3791 1128 3860 φαύλων
1156 3792 1263 3858 ἔξω
1300 3793 1393 3846 τοῦ
1423 3794 1808 3866 θυσιαστηρίου

161 3893 175 3898 ·
213 3879 393 3948 σταίη.
423 3881 571 3934 Ἴσθι
600 3881 785 3936 τοίνυν
809 3883 888 3947 ὡς
917 3883 1206 3953 πληθύνων
1232 3887 1358 3951 τοὺς
1380 3887 1650 3958 Σίμωνας,
1678 3890 1808 3953 τοὺς

203 3972 460 4042 χρήμασι
517 3973 760 4028 κτᾶσθαι
801 3974 865 4028 τὸ
893 3974 988 4028 τοῦ
1022 3976 1158 4029 Θεοῦ
1189 3977 1417 4048 Πνεῦμα
1445 3977 1768 4048 νομίζοντας
1791 4019 1808 4046 ,

201 4063 389 4116 κοινὸν
450 4065 680 4137 ἐκτήσω
712 4065 999 4136 βαλάντιον
1027 4066 1106 4138 τῷ
1133 4067 1392 4140 προδότῃ,
1423 4070 1504 4132 είς
1532 4069 1694 4140 χολὴν
1726 4087 1812 4123 πι-

203 4153 373 4223 κρίας
421 4157 525 4209 καὶ
583 4155 889 4227 σύνδεσμον
937 4157 1152 4222 ἀδικίας
1206 4159 1654 4232 καλινδούμενος,
1713 4159 1810 4214 καὶ

201 4245 498 4314 προπίνων
529 4247 825 4320 τολμηρῶς
873 4251 943 4304 τὰ
985 4251 1080 4306 καὶ
1125 4250 1384 4321 ἀγγέλοις
1431 4252 1617 4317 αὐτοῖς
1651 4269 1808 4328 περι-

202 4334 449 4407 Mensa.

410 4458 554 4512 PK'.
575 4483 652 4498 -
679 4454 974 4527 ΕΥΣΕΒΙῼ
1001 4455 1452 4529 ΠΡΕΣΒΥΤΕΡῼ
1477 4457 1610 4530 (l7).
1785 4532 1796 4545 .

273 4550 430 4620 Περὶ
459 4547 570 4604 τοῦ
597 4547 943 4604 ἐπισκόπου
975 4549 1276 4604 Εὐσεόίου
1303 4549 1404 4604 καί
1435 4549 1734 4621 Ζωσίμου.

273 4664 378 4735 Μὴ
409 4661 709 4732 θαυμάσῃς
734 4660 835 4732 τὴν
863 4659 1070 4730 τόλμαν
1100 4658 1362 4714 Εὐσεϐίου
1389 4661 1484 4716 καὶ
1511 4661 1574 4714 τὸ
1606 4661 1807 4734 θράσος

198 4753 491 4826 Ζωσίμου,
541 4751 684 4806 ἀλλὰ
729 4753 832 4824 τὴν
878 4750 974 4805 τοῦ
1021 4751 1160 4806 Θεοῦ
1193 4751 1596 4824 μακροθυμίαν,
1633 4751 1810 4816 οὕτως

1911 3165 2040 3212 tate.
2077 3157 2289 3214 Vestris
2316 3147 2515 3215 animis
2543 3167 2596 3214 et
2627 3157 2951 3228 corporibus
2973 3154 3206 3225 parcite.

2119 3271 2227 3343 37
2254 3271 2442 3328 cxrx.
2480 3302 2546 3314 —
2583 3269 3262 3330 EUSEBIO‘EPISCOPD.

1919 3359 2086 3417 Valde
2150 3363 2472 3419 horrendum
2557 3379 2670 3418 esse
2733 3362 2951 3416 vendere
3019 3363 3373 3416 sacerdotium
3437 3371 3487 3416 et

2601 3447 2678 3486 em
2685 3448 2792 3486 ere.

1981 3523 2216 3579 Pulchre
2271 3522 2401 3579 illud
2458 3521 2764 3578 Psalmistze
2815 3521 3110 3578 meditatus
3173 3535 3258 3584 es.
3325 3530 3490 3592 atque

1910 3615 2069 3670 unius
2100 3613 2270 3670 moris
2302 3615 2548 3670 homines
2583 3615 2636 3669 in
2666 3613 2760 3669 Dei
2788 3613 2949 3670 domo
2993 3613 3258 3682 collegisti
3279 3611 3346 3678 ⁴⁹,
3397 3613 3490 3682 qui

1910 3704 2185 3760 Maronem
2214 3705 2437 3762 Zosimo
2478 3704 2822 3775 adiunxisti:
2865 3704 2996 3758 illud
3044 3703 3302 3785 videlicet
3330 3704 3482 3760 omni

1911 3798 2092 3854 studio
2117 3801 2472 3865 contendens,
2511 3813 2578 3852 ne
2607 3799 2738 3868 quid
2782 3796 3040 3852 vitiorum
3089 3796 3159 3850 ab
3190 3795 3347 3850 altari
3394 3809 3486 3850 re-

1914 3899 2118 3944 motum
2173 3891 2266 3944 sit.
2316 3889 2431 3943 Hoc
2485 3889 2652 3959 igitur
2707 3891 2871 3951 scias,
2933 3896 3006 3952 te,
3053 3895 3112 3941 ut
3144 3885 3236 3956 qui
3294 3883 3490 3941 Simo-

1911 3995 2038 4032 num
2063 3979 2132 4045 ⁸ο,
2164 3979 2256 4049 qui
2282 3993 2342 4034 se
2370 3979 2464 4033 Dei
2490 3977 2753 4050 Spiritum
2781 3977 3010 4048 pecunia
3040 3975 3274 4032 mercari
3302 3974 3494 4031 existi-

1912 4081 2084 4134 mant,
2131 4084 2416 4125 numerum
2458 4084 2680 4140 augeas,
2722 4083 3014 4125 commune
3055 4084 3178 4125 cum
3214 4067 3495 4138 proditore

1917 4160 2257 4230 marsupium
2287 4161 2384 4216 tibi
2413 4175 2766 4230 comparasse
2791 4178 2805 4216 :
2839 4160 2968 4215 dum
2995 4159 3050 4214 in
3083 4159 3206 4215 felle
3231 4157 3495 4212 amaritu-

1913 4251 2074 4316 dinis,
2091 4260 2146 4308 et
2173 4251 2518 4324 colligatione
2544 4252 2849 4322 iniquitatis
2872 4252 3102 4322 teipsum
3121 4251 3357 4315 volutas,
3384 4263 3496 4304 ea-

1913 4359 2042 4415 que,
2065 4360 2190 4416 qum
2208 4345 2277 4400 ab
2302 4345 2434 4411 ipsis
2467 4345 2629 4400 etiam
2667 4343 2874 4410 angelis
2900 4350 3252 4422 expetuntur,
3277 4339 3486 4411 prodis.

2164 4457 2328 4518 CXX.
2354 4490 2422 4502 —
2448 4457 2728 4516 ISIDOBO
2767 4453 3248 4514 PRESBYTERO.

2219 4549 2297 4606 De
2329 4551 2573 4622 episcopo
2597 4549 2829 4605 Eusebio
2863 4558 2914 4604 et
2943 4547 3178 4602 Zosimo.

1990 4661 2216 4742 Eusebii
2243 4664 2631 4728 temeritatem,
2661 4673 2716 4718 et
2741 4662 2943 4719 Zosimi
2975 4661 3256 4717 audaciam
3293 4673 3362 4715 ne
3387 4659 3494 4716 mi-

1914 4754 2079 4819 reris,
2111 4769 2300 4810 vcrum
2329 4755 2422 4811 Dei
2456 4754 2762 4822 lenitatem,
2796 4753 2861 4811 ad
2885 4753 3261 4823 pmnitentiam
3292 4764 3390 4805 nos
3419 4749 3494 4804 ita

202 4847 364 4916 ἡμᾶς
393 4846 476 4906 είς
508 4842 807 4914 μετάνοιαν
834 4842 1248 4914 περιμένοντος,
1275 4845 1370 4898 καὶ
1408 4843 1469 4908 ἐξ
1493 4843 1802 4916 ἀκαθάρτου

1920 4847 2316 4915 exspectantis,
2350 4854 2516 4918 atque
2536 4861 2601 4902 es
2636 4847 2849 4917 impura
2889 4861 3050 4901 manu
3089 4845 3368 4900 incensum
3403 4855 3497 4898 ae-

199 4937 398 5010 χειρὸς
445 4935 748 5006 δεχομένου
797 4934 1072 5006 θυμίαμα.
1116 4935 1180 4990 Et
1221 4936 1333 5008 γάρ
1377 4953 1462 5000 τις
1509 4935 1802 5006 ἁμαρτίαις

1917 4933 2193 5006 cipientis.
2223 4936 2360 4992 Nam
2393 4937 2440 4993 si
2487 4936 2609 5008 quis
2649 4937 2705 4994 in
2752 4937 3050 4994 sceleribus
3081 4937 3362 5000 educatus,
3404 4941 3492 4996 ato

199 5029 558 5100 ἀπότροφος,
606 5027 743 5080 πᾶσι
792 5025 1224 5098 κατεστιγμένος
1278 5026 1575 5098 μολυσμοῖς
1607 5041 1668 5079 τε
1713 5025 1802 5080 καὶ

1919 5041 2028 5098 que
2052 5029 2202 5084 omni
2236 5031 2480 5088 sordium
2513 5043 2580 5088 ac
2613 5039 2962 5103 peccatorum
2997 5041 3198 5100 genere
3227 5039 3496 5099 compun-

280 5162 327 5195 ⁸⁸
355 5160 532 5217 lare.
571 5175 696 5226 sm,
718 5159 827 5225 δὶς
879 5157 1074 5216 Matth.
1117 5175 1268 5226 mv,
1298 5158 1390 5216 36.

1490 5159 1534 5192 "
1561 5159 1770 5216 Coloss.
1803 5173 1844 5215 ιι
1865 5199 1880 5225 ,
1915 5162 1970 5218 '5.

199 5225 256 5266 ³⁸
293 5233 420 5288 Act.
449 5245 578 5301 rm,
599 5230 636 5287 9
663 5225 819 5302 seqq.

2075 5163 2336 5223 “Matth.
2369 5180 2520 5236 xxiv,
2561 5165 2634 5224 42
2671 5179 2826 5239 seqq.
2932 5165 2980 5200 δ’
3007 5161 3154 5222 Psal.
3203 5177 3350 5220 um
3375 5201 3393 5232 ,
3427 5165 3495 5220 7.

1329 5319 1568 5378 VABIE
1609 5321 1998 5382 LECTIONES
2027 5325 2120 5383 ET
2151 5325 2387 5384 ΝΟΤΛΕ.

673 5389 718 5424 Ῠ

288 5461 408 5532 (15)
437 5460 791 5532 Codd.iidem
818 5460 1010 5532 legunt
1031 5471 1130 5528 pro
1149 5459 1517 5532 ἐπικαίουσιν,
1547 5461 1802 5518 ἐκκαίου-

208 5529 398 5608 astet:
431 5531 863 5608 propagabat,
876 5529 1215 5608 ξράσκοντες.
1244 5529 1457 5608 Possm.

1927 5529 2098 5608 λη)
2117 5529 2458 5608 'lnscribitur
2479 5529 2624 5592 ’ὑπὸ
2649 5529 2740 5608 :ep.
2788 5535 3008 5608 in__cod.
3043 5532 3154 5588 Alt.
3187 5543 3292 5586 non
3321 5529 3491 5608 Εύσε-

283 5597 404 5679 ([η)
434 5597 773 5679 Codd._Vat._
941 5609 996 5655 et
1026 5599 1138 5679 Alt.
1169 5599 1330 5679 tertio
1380 5609 1608 5679 utuntur
1627 5616 1802 5679 _casu,

1915 5597 2039 5678 ϐίῲ,
2072 5597 2166 5679 sed
2205 5607 2464 5679 Ἰσιδώρῳ
2489 5597 3004 5679 πρεᾼσὸξοιοᾎνθτς.
3040 5617 3144 5674 pen
3195 5613 3296 5671 pro
3318 5605 3493 5670 κρίμα

211 5667 544 5742 lcribeutes,
574 5675 644 5744 τῇ
687 5671 816 5743 θείᾳ
859 5667 1158 5743 ἱερωσύνῃ.
1187 5669 1357 5730 Iidem
1381 5685 1541 5732 versu
1571 5671 1606 5729 ὅ
1627 5667 1802 5743 leguni

1918 5667 2039 5736 cod.
2064 5677 2176 5735 Alt.
2203 5667 2480 5744 habet,"t'a
2509 5667 2776 5738 θὶρίαατα.
2810 5675 2886 5734 Ρο
2909 5686 3022 5727 aut.

1909 5465 2295 5537 ἐργαζόμενος,
2319 5481 2419 5536 pro
2444 5466 2823 5539 ἐργαζόμενοι.
2848 5463 3062 5539 Possm.
