3986 6408
450 347 549 412 271

1615 405 1617 408 ,
1655 344 1716 404 S.
1757 343 2052 406 ISIDORI
2089 340 2527 406 PELUSIOTIE

3609 344 3712 408 272

452 473 556 526 que
577 455 648 511 ab
677 454 1006 524 imperatore
1051 451 1450 523 prazl'ecluram,
1505 465 1628 507 eam
1679 454 1788 507 vim
1819 469 1881 508 ac
1936 470 2029 524 po-

2149 456 2366 525 Ἐπειδὴ
2399 458 2579 510 τοίνυν
2602 453 2736 507 Θεοῦ
2766 453 2912 507 ἐστιν
2942 452 3227 523 ἀμφότερα
3261 452 3330 506 τὰ
3373 451 3711 524 χαρίσματα,

452 549 696 613 tentiam,
763 561 921 616 quam
965 543 1271 600 institutum
1323 543 1489 598 animi
1553 544 1626 598 lui
1690 546 2024 614 requirebat,

454 638 551 692 tibi
576 638 921 708 praebentem.
948 635 1213 702 Quoniam
1251 643 1430 688 autem
1474 642 1761 704 utrumque
1806 635 1906 688 hoc
1929 637 2028 688 do-

451 747 581 785 num
625 729 718 784 Dei
749 727 1011 784 beneficio
1035 728 1132 784 tibi
1165 727 1418 798 contigit,
1456 735 1708 796 utroque,
1738 742 1837 797 pro
1880 726 2025 780 virili

461 829 575 887 tua,
619 819 684 875 ad
714 820 884 890 ipsius
918 819 1119 874 cultum
1168 827 1342 884 utere,
1377 825 1435 872 ut
1472 815 1731 886 majorem
1775 831 1990 886 quoque
2012 857 2027 882 ,

2135 549 2335 617 χρῆσαι
2368 547 2577 610 τούτοις
2601 549 2678 609 εἰς
2707 544 3005 616 θεραπείαν
3026 545 3191 599 αὑτοῦ
3221 547 3320 616 ὅση
3343 545 3571 615 δύναμις
3593 561 3606 573 ·
3627 545 3714 597 ἵνα

2136 640 2229 691 καὶ
2255 640 2475 709 μείζονα
2520 637 2664 709 δώσῃ
2707 637 2975 704 ἐξουσίαν,
3010 639 3059 690 εί
3091 636 3298 706 ταύτην
3341 635 3425 707 ἴδῃ
3456 635 3715 705 καθαρῶς

2135 730 2531 800 διοικουμένην.
2565 726 2686 783 Οἷδε
2714 729 2823 800 γὰρ
2858 729 2954 782 καὶ
2992 728 3358 799 ποιμαντικὴν
3408 726 3716 798 μεγαλόψυ-

2138 837 2252 890 χον,
2279 820 2559 891 βασιλείαν
2595 822 2768 878 ποιεῖν
2795 819 3192 890 πολυδύναμον.

452 910 552 966 tibi
594 910 890 981 potentiam
922 908 1208 977 concedat,
1233 909 1276 963 si
1311 908 1450 963 hanc
1479 908 1575 963 abs
1615 918 1665 964 te
1701 921 1835 978 pure
1861 919 2024 976 atque
2068 912 2275 981 lntegre
2339 912 2715 965 administrari
2750 908 2983 964 noverit.
3048 907 3330 978 Siquidem
3375 907 3718 976 pastoritium

452 1006 620 1061 etiam
647 1018 845 1062 munus
869 1017 996 1058 cum
1035 1001 1204 1057 animi
1241 1000 1615 1070 magnitudine
1675 999 2025 1069 conjunctum
2069 1001 2122 1056 in
2184 1006 2624 1074 potentissimum
2656 1018 2880 1073 regnum
2921 1010 3274 1086 commutare,
3304 1002 3453 1056 novit
3478 999 3543 1052 ⁸⁷.

879 1113 1166 1171 CXXXIV.
1195 1145 1266 1155 —
1290 1112 1565 1169 ZOSIMO.

935 1207 1014 1262 De
1050 1205 1248 1261 doloris
1280 1206 1560 1260 vacuitate.

487 1339 502 1354 ί
523 1325 582 1380 Si
612 1337 716 1380 nec
738 1335 964 1393 regnum
991 1328 1045 1376 te
1072 1321 1264 1376 incitat
1324 1327 1380 1374 et
1425 1319 1767 1386 cohortatur,
1797 1334 1897 1376 nec
1929 1335 2024 1392 ge-

452 1419 630 1474 benna
685 1429 904 1470 rursum
947 1422 1140 1478 terret,
1208 1426 1313 1467 non
1372 1409 1857 1466 animadvertimus
1905 1426 2024 1478 nos,

2646 1115 2812 1171 PAA'.
2836 1146 2907 1156 —
2939 1116 3213 1187 ΖΩΣΙΜῼ.

2632 1207 2774 1276 Περὶ
2819 1208 3221 1278 ἀναλγησίας.

2200 1319 2264 1373 Ei
2291 1317 2540 1389 βασιλεία
2570 1333 2628 1370 σε
2661 1317 2722 1370 οὐ
2755 1317 3147 1387 προτρέπεται,
3170 1315 3290 1370 οὐδὲ
3322 1315 3516 1386 γέεννα
3553 1315 3722 1371 πάλιν

2130 1411 2447 1475 δεδίττεται,
2492 1408 2828 1480 λανθάνομεν
2881 1408 3158 1479 ἀτιθάσσῳ
3187 1407 3362 1478 θηρίῳ
3401 1407 3720 1479 ἐπᾴδοντες,

451 1523 572 1565 eum
600 1507 768 1563 feram
795 1515 851 1562 et
883 1504 1200 1561 indomitam
1230 1501 1464 1557 belluam
1503 1501 1870 1568 incantamus,
1902 1515 2025 1556 cum

2147 1520 2188 1556 iV
2219 1497 2540 1572 ἀνθρωπεία
2591 1503 2808 1574 μορφῇ,
2861 1499 3083 1571 πονηρῷ
3122 1500 3333 1570 δαίμονι
3385 1499 3569 1573 [πρὸς]
3623 1517 3726 1556 παο

457 1598 704 1668 improbo
737 1598 980 1654 daemone
1009 1596 1246 1650 humana
1279 1592 1452 1648 forma
1497 1601 1743 1648 contecto
1769 1591 1986 1648 luctari.

943 1709 1207 1767 CXXXV.
1229 1738 1300 1749 —
1314 1706 1542 1763 EIDEM.

1126 1798 1329 1856 Simile.

526 1922 662 1980 Cum
713 1916 904 1984 libido,
945 1924 998 1973 et
1026 1915 1273 1986 corporis
1323 1915 1510 1983 robur,
1558 1922 1614 1970 et
1665 1912 1832 1968 animi
1886 1912 2033 1969 vires

454 2015 755 2086 dejiciatet
805 2010 1028 2074 adimat,
1061 2021 1333 2078 eumque,
1382 2005 1476 2076 qui
1527 2005 1629 2061 hoc
1672 2005 1804 2059 vitio
1842 2012 2032 2074 captus

451 2115 554 2170 est,
587 2104 837 2160 omnibus
869 2099 1201 2157 illudendum
1250 2107 1307 2155 et
1367 2094 1703 2153 irridendum
1757 2095 2029 2165 propinet,

450 2193 902 2266 quemadmodum
932 2200 1235 2247 excaecatus
1259 2188 1511 2256 Samson,
1554 2188 1712 2244 docet
1739 2186 1809 2253 ⁸⁸,
1840 2185 2034 2254 ecquid

453 2300 509 2343 tu
544 2286 910 2343 voluntariam
943 2283 1314 2354 captivitatem
1343 2281 1606 2346 accersis,
1645 2293 1746 2334 nec
1784 2276 2035 2332 naturale

454 2379 621 2434 robur
654 2377 887 2433 illaesum
921 2384 1086 2445 atque
1111 2374 1381 2444 integrum
1423 2386 1637 2436 servas,
1662 2384 1852 2425 verum
1878 2367 2036 2422 vitio-

453 2471 530 2524 sis
565 2465 948 2523 aﬂ‘ectionibus
978 2464 1374 2522 conﬁciendum
1409 2471 1464 2518 te
1513 2461 1658 2516 ultro
1682 2463 1949 2530 praebens,
1983 2466 2038 2512 et

454 2561 650 2622 Deum,
679 2558 775 2627 qui
808 2557 861 2611 in
894 2555 1004 2610 vita
1025 2563 1137 2620 tua,
1165 2554 1258 2609 ubi
1285 2563 1450 2623 caput
1503 2552 1752 2615 reclinet,
1787 2565 1895 2604 non
1940 2549 2038 2603 ha-

455 2655 571 2717 bet,
601 2664 838 2706 maerore
865 2647 1033 2704 aliicis
1053 2687 1069 2714 ,
1105 2655 1161 2703 et
1190 2660 1315 2711 nos,
1341 2645 1432 2714 qui
1462 2659 1561 2715 pro
1589 2653 1679 2699 tua
1713 2643 1886 2698 salute
1917 2651 2037 2696 vota

455 2739 686 2796 facimus
716 2751 1032 2808 oppugnas;
1064 2745 1120 2792 et
1144 2735 1395 2806 iniuriam
1427 2734 1525 2788 tibi
1557 2733 1658 2805 ipsi
1691 2732 1878 2799 infers,
1912 2731 2039 2786 dum

455 2830 721 2886 salutaria
747 2827 1145 2884 medicamenta
1174 2823 1472 2896 repudias?

741 2934 1028 2994 CXXXVI.
1061 2965 1130 2978 —-
1156 2933 1469 2990 HERMINO
1501 2927 1755 2989 COMlTl.

523 3053 601 3108 De
627 3052 811 3108 ordine
853 3052 1102 3123 episcopi,
1153 3062 1201 3107 et
1230 3052 1510 3123 cujusnam
1541 3052 1771 3124 ﬁguram
1814 3051 1967 3122 gerit.

545 3170 818 3237 Quantum
857 3177 912 3222 tu
948 3167 1259 3237 inexplebili
1323 3166 1568 3222 discendi
1609 3165 1905 3238 cupiditate
1939 3164 2037 3220 ﬂa-

462 3273 612 3329 gras,
652 3265 860 3313 tantum
918 3273 1019 3330 ego
1069 3259 1138 3313 ad
1189 3273 1275 3326 ea,
1321 3274 1440 3329 quae
1472 3259 1697 3329 quaeris,
1719 3257 2039 3330 explicanda

461 3358 742 3419 promptus
759 3365 823 3405 ac
845 3349 1106 3420 proclivis
1135 3365 1293 3406 sum:
1327 3352 1618 3406 dummodo
1665 3351 1827 3416 Deus,
1859 3350 2040 3420 preci-

458 3442 556 3497 bus
575 3442 686 3497 tuis
698 3451 1019 3508 commotus,
1049 3440 1418 3498 inventionem
1443 3441 1574 3496 mihi
1603 3441 1817 3498 ccelitus
1845 3454 2040 3496 conce-

459 3535 572 3589 dat.
620 3533 870 3589 Linteum
908 3533 1042 3589 illud
1095 3549 1217 3588 cum
1271 3549 1382 3604 quo
1421 3534 1654 3600 diaconi,
1721 3533 1774 3587 iu
1838 3531 2042 3586 sanctis

460 3625 735 3696 mysteriis
761 3640 958 3681 munus
982 3640 1140 3680 suum
1164 3625 1390 3691 obeunt,
1425 3625 1786 3680 humilitatem
1848 3621 2035 3677 Domi-

459 3716 538 3781 ni,
569 3711 658 3785 qui
690 3715 1082 3785 discipulorum
1115 3716 1281 3784 pedes
1308 3715 1462 3782 lavit,
1507 3724 1563 3772 et
1588 3715 1818 3772 extersit
1842 3713 1911 3782 ”,
1939 3728 2040 3769 no-

460 3807 546 3862 bis
571 3807 626 3860 in
663 3806 984 3861 memoriam
1017 3807 1232 3876 redigit.
1261 3807 1318 3863 ld
1353 3816 1535 3863 autem
1555 3807 1868 3875 amiculum,
1898 3805 2041 3877 quod

461 3896 721 3952 sacerdos
761 3896 1003 3952 humeris
1033 3906 1228 3969 gestat,
1281 3907 1444 3969 atque
1494 3913 1560 3954 ex
1622 3897 1770 3963 lana,
1828 3912 1934 3952 non
1971 3911 2040 3951 ex

460 3987 574 4042 lino
600 3996 912 4042 contextum
943 3997 1049 4053 est,
1076 3989 1194 4045 ovis
1222 3989 1387 4056 illius,
1413 4003 1578 4060 quam
1611 3987 1872 4044 Dominus
1893 3987 2044 4043 aber-

463 4086 676 4133 rantem
699 4077 951 4148 quaesivit
1007 4081 1393 4153 inventamque
1436 4080 1679 4136 humeris
1719 4080 1834 4135 suis
1861 4086 2042 4134 sustu-

470 4170 535 4225 lit
562 4171 632 4235 "°,
682 4170 875 4240 pellem
908 4170 1174 4240 designat.
1218 4171 1521 4244 Episcopus
1553 4173 1720 4237 enim,
1760 4171 1853 4240 qui
1882 4171 2041 4226 Chri-

464 4263 536 4316 sti
586 4271 767 4333 typum
824 4264 982 4333 gerit,
1043 4264 1210 4334 ipsius
1276 4280 1498 4320 munere
1565 4263 1826 4335 fungitur,
1881 4271 2046 4330 atque

465 4353 582 4422 ipso
608 4354 770 4408 etiam
807 4355 994 4410 habitu
1027 4355 1156 4410 illud
1197 4356 1449 4411 omnibus
1492 4356 1750 4419 ostendit,
1794 4369 1853 4409 se
1916 4352 2041 4409 boni

2130 1594 2377 1658 λαίοντες
2411 1594 2547 1664 (29}.

2537 1706 2706 1761 PAE'.
2739 1739 2807 1750 _
2835 1707 2927 1777 To
2953 1705 3136 1775 ΑΥΤῼ
3177 1703 3309 1774 (:50).

2793 1800 3060 1869 Ὅμοιον.

2207 1920 2271 1973 Εί
2292 1918 2386 1972 καὶ
2406 1919 2505 1990 τὴν
2525 1918 2676 1988 ἰσχὺν
2697 1915 2793 1970 τοῦ
2821 1917 3096 1983 σώματος,
3123 1917 3221 1970 καὶ
3245 1914 3344 1986 τὴν
3365 1915 3533 1970 αὑτοῦ
3561 1915 3728 1969 πνεύο

2139 2030 2310 2084 ματος
2336 2012 2592 2084 καθαιρεῖ
2621 2010 2716 2064 καὶ
2749 2011 3065 2080 ἀφαιρεῖται
3099 2011 3132 2079 ἡ
3165 2008 3414 2078 λαγνεία,
3444 2009 3542 2062 καὶ
3567 2008 3729 2078 εὐχε-

2138 2106 2206 2178 ρῆ
2238 2106 2382 2158 ποιεῖ
2429 2103 2565 2173 πρὸς
2603 2102 2924 2172 ἐμπαιγμὸν
2965 2102 3062 2154 καὶ
3099 2100 3316 2170 γέλωτα
3362 2103 3454 2156 τὸν
3501 2102 3727 2165 ἁλόντα,

2136 2193 2320 2258 καθὼς
2343 2193 2587 2247 διδάσκει
2604 2191 2846 2262 Σαμψὼν
2866 2191 3133 2261 ἐκτυφλού
3141 2210 3327 2262 μενος,
3344 2193 3398 2245 τί
3420 2195 3730 2247 ἐπισπεῖσαι

2137 2283 2517 2357 αἰχμαλωσίαν
2543 2283 2887 2355 αὐθαίρετον,
2913 2284 3007 2336 καὶ
3029 2283 3090 2337 οὐ
3113 2282 3403 2354 φυλάττεις
3433 2284 3534 2355 τὴν
3568 2301 3733 2354 φυσι-

2138 2378 2240 2450 κὴν
2283 2377 2474 2449 ῥώμην
2523 2375 2826 2447 ἀλὼὄητον,
2870 2377 2986 2430 ἀλλ’
3029 2376 3189 2448 ἔργον
3225 2376 3412 2430 παθῶν
3459 2377 3735 2442 ἑκουσίως

2138 2471 2443 2541 γινόμενος,
2470 2469 2563 2523 καὶ
2586 2469 2678 2523 τὸν
2701 2469 2832 2522 Θεὸν
2855 2469 3050 2533 λυπεῖς
3071 2467 3172 2523 οὐκ
3197 2467 3389 2540 ἔχοντα
3419 2469 3598 2524 κλῖναι
3626 2469 3736 2538 τὴν

2141 2561 2383 2632 κεφαλὴν
2411 2562 2470 2615 ἐν
2495 2559 2574 2631 τῷ
2605 2560 2705 2632 βίῳ
2738 2577 2856 2624 σου,
2891 2561 2987 2614 καὶ
3017 2562 3147 2631 ἡμῖν
3192 2559 3449 2629 πολεμεῖς
3497 2559 3736 2630 εὐχομέ-

2140 2670 2251 2716 νοις
2282 2652 2520 2724 σωθῆναί
2548 2669 2629 2717 σε,
2649 2651 2742 2705 καὶ
2772 2651 2966 2706 σαυτὸν
2991 2651 3214 2718 ἀδικεῖς,
3240 2649 3307 2705 τὰ
3331 2649 3549 2722 ῥώσεως
3575 2667 3732 2720 παρ-

2141 2741 2293 2796 αιτού
2301 2759 2462 2813 μενος
2497 2741 2770 2812 φάρμακα
2793 2759 2808 2809 ;

2456 2943 2644 3011 mq'.
2696 2973 2767 2983 —
2805 2943 3070 3014 ΕΡΜΙΝῼ
3111 2941 3408 2998 KOMHTl.

2067 3059 2110 3118 C
2145 3057 2283 3129 Περὶ
2318 3059 2543 3125 τάξεως
2578 3060 2942 3123 ἐπισκόπου,
2979 3059 3079 3115 καὶ
3116 3061 3281 3126 τίνος
3314 3059 3508 3112 τύπον
3531 3055 3726 3126 φέρει.

2213 3172 2378 3225 Ὅσον
2401 3171 2564 3234 αὐτὸς
2583 3170 2861 3241 ἄπληστος
2889 3167 2941 3222 εἷ
2964 3169 3101 3241 πρὸς
3129 3170 3230 3240 τὴν
3254 3169 3511 3240 μάθησιν,
3533 3166 3736 3220 τοσοῦ⁴

2140 3280 2232 3318 τον
2267 3261 2380 3332 ἐγὼ
2414 3262 2696 3334 πρόθυμος
2729 3262 2864 3334 πρὸς
2893 3261 2993 3332 τὴν
3027 3261 3278 3333 δήλωσιν,
3321 3261 3481 3332 μόνον
3517 3260 3566 3312 εί
3594 3258 3740 3323 Θεὸς

2141 3352 2216 3425 δῷ
2244 3356 2364 3417 ταῖς
2395 3353 2582 3424 εὐχαῖς
2610 3371 2705 3405 σου
2743 3351 2842 3424 τὴν
2875 3351 3091 3423 εὕρεσιν
3119 3351 3324 3406 ἄνωθεν
3355 3352 3467 3420 (51)
3489 3367 3503 3382 ’
3542 3352 3576 3422 ἠ
3603 3351 3733 3406 ὀθό-

2143 3459 2230 3514 νη,
2263 3442 2381 3513 μεθ’
2412 3437 2480 3513 ἦς
2510 3441 2917 3512 λειτουργοῦσιν
2951 3442 3010 3494 ἐν
3041 3442 3164 3502 τοῖς
3193 3439 3371 3507 ἁγίοις
3393 3439 3443 3490 oi
3466 3437 3739 3501 διάκονοι,

2143 3533 2242 3606 τὴν
2272 3533 2365 3586 τοῦ
2394 3535 2602 3605 Κυρίου
2633 3533 3045 3602 ἀναμιμνήσκει
3078 3531 3430 3595 ταπείνωσιν,
3469 3529 3740 3599 νίψαντος

2141 3627 2269 3690 τοὺς
2292 3627 2460 3689 πόδας
2486 3627 2596 3680 τῶν
2628 3625 2907 3696 μαθητῶν,
2941 3623 3036 3678 καὶ
3068 3623 3426 3694 ἐκμάξαντος.
3461 3621 3534 3675 Τὸ
3560 3622 3616 3675 δὲ
3635 3623 3743 3675 τοῦ

2144 3719 2448 3772 ἐπισκόπου
2482 3717 2796 3788 ὼμοφόριον
2829 3716 2887 3780 ἐξ
2909 3716 3070 3787 ἐρέας
3098 3715 3180 3779 ὃν,
3206 3714 3325 3768 ἀλλ’
3346 3714 3406 3766 οὐ
3435 3714 3605 3779 λίνου,
3633 3714 3744 3785 τὴν

2141 3809 2237 3864 τοῦ
2271 3809 2546 3881 προϐάτου
2569 3807 2735 3880 δορὰν
2766 3808 3044 3878 σημαίνει,
3071 3808 3212 3876 ὅπερ
3255 3806 3525 3877 πλανηθέν
3558 3805 3743 3877 ζητή-

2147 3919 2244 3966 σας
2283 3903 2312 3954 ό
2337 3901 2565 3972 Κύριος,
2613 3900 2708 3953 ἐπὶ
2755 3900 2866 3954 τῶν
2907 3899 3124 3952 οἰκείων
3154 3897 3322 3968 ὤμων
3349 3897 3633 3953 ἀνέλαϐεν.
3674 3898 3741 3951 Ὃ

2144 3995 2255 4065 γὰρ
2279 3992 2578 4056 ἐπίσκοπος
2607 3993 2688 4056 είς
2710 3991 2880 4045 τύπον
2909 3991 2984 4044 ὢν
3029 3989 3124 4044 τοῦ
3159 3990 3398 4061 Χριστοῦ
3420 4028 3436 4054 ,
3475 3989 3538 4042 τὸ
3569 3987 3747 4060 ἔργον

2145 4085 2356 4140 ἐκείνου
2389 4084 2608 4154 πληροῖ,
2627 4083 2722 4137 καὶ
2742 4083 2985 4136 δείκνυσι
3017 4083 3154 4135 πᾶσι
3186 4081 3276 4135 διὰ
3303 4081 3398 4134 τοῦ
3428 4082 3744 4152 σχήματος,

2146 4179 2229 4231 ὅτι
2261 4177 2511 4247 μιμητής
2539 4175 2658 4228 ἐστι
2686 4173 2783 4228 τοῦ
2809 4171 3019 4242 ἀγαθοῦ
3054 4174 3146 4226 καὶ
3183 4172 3419 4244 μεγάλου
3450 4171 3743 4240 ποιμένος,

2146 4269 2176 4320 ὁ
2203 4265 2302 4328 τὰς
2331 4264 2618 4327 ἀσθενείας
2643 4264 2829 4335 φέρειν
2854 4263 2949 4316 τοῦ
2973 4261 3232 4332 ποιμνίου
3264 4260 3540 4332 προδεδλη
3551 4259 3744 4329 μένοςο

2149 4357 2246 4411 καὶ
2279 4356 2518 4428 πρόσχες
2559 4355 2826 4426 ἀκριϐῶς.
2872 4354 3066 4407 Ἦνίκα
3099 4353 3209 4423 γὰρ
3237 4353 3400 4417 αὐτὸς
3428 4353 3456 4404 ὁ
3481 4350 3746 4421 ἀληθινὸς

466 4443 608 4499 illius
633 4459 697 4500 ac
719 4446 897 4515 magni
921 4447 1152 4516 pastoris
1193 4447 1526 4504 imitatorem
1556 4461 1696 4514 esse,
1727 4445 1819 4516 qui
1865 4445 2034 4516 gregis

2152 4445 2357 4516 ποιμὴν
2395 4443 2776 4516 παραγένηται
2816 4444 2905 4498 διὰ
2936 4447 3035 4515 τῆς
3079 4443 3190 4496 τῶν
3232 4440 3584 4510 Εὐαγγελίων
3629 4439 3747 4492 τῶν

466 4535 813 4591 inﬁrmitates
838 4537 938 4592 sibi
970 4537 1224 4594 ferendas
1255 4539 1572 4609 proposuit.
1632 4539 1712 4593 Ac
1759 4537 2034 4606 diligente!

2154 4535 2550 4610 προσκυνητῶν
2578 4535 2954 4603 ἀναπτύξεως,
2980 4535 3075 4590 καλ⁵
3096 4532 3455 4588 ὑπανίσταται
3479 4531 3571 4585 καὶ
3603 4531 3745 4583 ἀπο-

467 4625 709 4679 animum
736 4628 975 4682 attende.
1003 4628 1136 4684 Nam
1171 4645 1294 4686 cum
1326 4630 1442 4700 ipse
1500 4646 1662 4686 verus
1705 4639 1896 4699 pastor
1949 4644 2034 4698 pet

2150 4629 2358 4682 τίθεται
2387 4627 2448 4680 τὸ
2481 4628 2669 4698 σχῆμα
2696 4628 2796 4698 τῆς
2831 4627 3120 4698 μιμήσεως
3152 4627 3180 4679 ό
3219 4624 3539 4684 ἐπίσκοπος,
3572 4619 3746 4671 αὐτὸν

454 4716 873 4774 adorandorum
944 4721 1362 4792 Evangeliorum
1423 4724 1760 4794 apertiouem
1814 4721 2034 4788 accedit,

2152 4719 2326 4790 δηλῶν
2380 4721 2641 4790 παρεῖναι
2682 4719 2773 4772 τὸν
2818 4718 3060 4790 Κύριον,
3097 4718 3188 4771 τὸν
3233 4716 3329 4786 τῆς
3373 4710 3747 4783 ποιμαντικῆς

411 4839 414 4842 -
463 4805 576 4878 42
608 4815 717 4861 ιιιιιι
747 4808 963 4866 demum
1003 4813 1290 4884 episcopus
1355 4814 1611 4884 assurgit,
1671 4824 1832 4884 atque
1868 4812 2034 4866 imita-

2155 4811 2422 4882 ἡγεμόνα,
2457 4811 2551 4864 καὶ
2584 4809 2716 4865 Θεὸν
2740 4811 2836 4864 καὶ
2862 4810 3150 4881 δεσπότην.

473 4896 640 4953 tionis
669 4896 914 4954 habitum
951 4902 1172 4972 deponit
1210 4904 1378 4960 :hinc
1428 4903 1685 4957 nimirum
1747 4902 2031 4958 Dominum
2091 4901 2291 4972 ipsum,
2339 4900 2627 4971 pastoralis
2669 4902 2805 4957 artis
2865 4901 3091 4968 ducem,
3123 4914 3188 4955 ac
3233 4899 3401 4954 Deum
3450 4902 3506 4951 et
3545 4893 3746 4948 herum

475 4987 668 5044 adesse
693 4988 1026 5059 significans.
2593 5009 2595 5011 ’

543 5149 632 5205 "’l
666 5149 798 5222 Reg.
833 5168 944 5220 xvi,
978 5152 1064 5207 ll.
1143 5153 1188 5184 ⁸⁸
1226 5149 1400 5207 Judic.
1441 5107 1551 5216 in,
1586 5152 1674 5206 l7.
1776 5153 1820 5184 “
1852 5151 2006 5208 Joan.
2037 5168 2158 5218 χιιι,
2190 5154 2275 5208 l5.
2353 5153 2398 5185 "°
2429 5150 2562 5207 Luc.
2591 5167 2682 5221 xv,
2716 5151 2802 5206 14.

1601 5305 1833 5360 VARle
1864 5306 2248 5362 LECTIONES
2285 5305 2374 5363 ET
2407 5304 2642 5361 ΝΟΤΛΕ.

540 5461 653 5534 (29)
675 5462 844 5534 Codd.
873 5461 997 5534 Vat.
1023 5460 1126 5534 6i9
1143 5469 1196 5534 et
1213 5461 1346 5534 Alt.,_
1367 5461 1815 5534 προσπταίοντες.
1835 5459 2024 5534 Possm-

2154 5463 2285 5534 bent
2323 5478 2337 5517 :
2370 5462 2468 5532 τὴν
2499 5460 2719 5534 ἀνδρίαν
2752 5456 2846 5512 τοῦ
2873 5455 3205 5534 πνεύμᾌατος.
3245 5453 3402 5510 Yers.
3442 5467 3569 5523 pen.
3602 5451 3748 5502 inter

546 5526 659 5604 (ὅθ’)
698 5531 1201 5604 [lacepistolauin
1251 5526 1423 5582 code
1449 5530 1568 5604 Yat.
1612 5533 1796 5604 (Ἀθ-ιιι
1826 5533 1931 5604 Alt.
1967 5533 2034 5585 in-

2155 5533 2225 5586 τὰ
2255 5543 2310 5586 et
2347 5526 2569 5604 ῥώσεως
2599 5526 2866 5584 ’ἰιιεειοιιιιι
2887 5527 3006 5597 τῆς.
3037 5526 3254 5604 Possm.
3294 5596 3308 5604 _
3330 5588 3344 5604 .
3402 5587 3445 5604 ν

474 5585 1036 5680 ξοιξίοἱίιιι-,Πλιάῥωνιτ
1069 5598 1469 5680 lidem_vers.d
1525 5585 1647 5680 post
1693 5600 1792 5680 τῂν
1845 5603 2044 5655 addunt
2164 5585 2616 5680 έ-νῶίγνΑνε-υθεν
2662 5616 2770 5680 pop
2799 5585 3748 5680 comparetip_ftjfl§-j’8l-n§4ﬂ_fl

472 5655 808 5738 ἀνδρίαν,ὀι
852 5655 1063 5732 ιὸιιιιηι,
1098 5669 1234 5736 quod
1279 5655 1542 5738 sequitur:
1589 5655 1778 5734 αὑτοῦ,
1833 5683 2034 5724 retenta

2149 5655 2262 5728 Ali.
2294 5655 2444 5728 Vcrs.
2479 5671 2509 5723 7
2535 5687 2632 5740 pro
2660 5668 2817 5738 ἐρέας
2848 5655 2966 5719 cod.
3003 5665 3108 5717 Alt.
3137 5662 3296 5715 habet
3319 5658 3492 5731 ἐρίου.
3526 5655 3747 5712 Possm.

479 5740 666 5795 ultima
697 5739 925 5808 syllaba,
956 5749 1231 5807 totumque
1268 5741 1441 5794 locum
1468 5742 1545 5796 sic
1574 5741 1854 5797 emendate
1884 5741 2040 5796 exhi-
