3986 6464
470 408 579 473 275

1674 410 1733 469 S.
1769 409 2061 469 ISIDORI
2096 410 2532 471 PELUSIOTE

3632 410 3741 475 276

478 516 588 588 ω
618 516 966 588 suscepisset.
1006 514 1139 570 Huic
1174 515 1339 585 igitur
1369 529 1558 570 eorum
1594 517 1936 587 ignorantiae,
1971 518 2046 573 vel

2159 518 2375 591 θρωπος
2408 520 2501 572 καὶ
2527 521 2633 573 τῶν
2662 522 2993 592 ἀπορρήτων
3015 521 3331 585 διδάσκαλος
3352 519 3739 593 διορθοὺμνὸς

470 601 651 678 petitis
674 608 947 671 amentiae,
970 606 1185 661 divinus
1217 606 1298 660 vir
1322 616 1487 677 atque
1515 622 1839 663 arcanarum
1869 624 2049 664 rerum

469 699 662 754 tloetor
746 698 1067 754 medicinam
1123 694 1381 766 aﬂerens,
1441 698 1526 754 bis
1584 699 1764 755 verbis
1826 700 2043 755 utitur:

476 810 494 838 ε
528 790 641 847 lloc
691 793 892 847 sentite
940 793 992 847 in
1048 793 1222 857 vobis,
1272 793 1414 863 quod
1450 802 1503 849 et
1533 793 1585 848 in
1620 793 1840 850 Christo
1881 794 2036 861 Jesu,

470 885 583 950 qui,
624 882 1027 940 cumlniorma
1072 884 1167 941 Dei
1218 896 1386 953 esset,
1439 901 1546 941 non
1604 887 1846 956 rapinam
1904 887 2048 942 arbi-

471 987 643 1031 tratus
675 986 908 1035 estesse
941 994 1001 1035 se
1031 979 1292 1049 aequalem
1330 979 1461 1044 Deo,
1511 979 1604 1034 sed
1628 977 1937 1033 exinanivit
1960 991 2046 1033 se-

471 1069 777 1137 tuctipsttm,
828 1070 1058 1127 formam
1097 1072 1238 1126 servi
1275 1070 1548 1139 accipiens
1569 1071 1637 1125 '-".
1671 1088 1689 1122 ι
1732 1070 1884 1136 Quod
1919 1085 2045 1140 per-

470 1158 594 1213 inde
639 1170 724 1215 est
768 1176 833 1217 ae
871 1162 914 1216 si
939 1162 1185 1218 diceret:
1221 1163 1483 1218 Deitatem
1507 1177 1571 1217 ac
1611 1176 1834 1233 regnum
1864 1161 2036 1217 baud-

466 1265 741 1321 quaquam
772 1267 870 1323 per
897 1255 1006 1308 vim
1041 1256 1264 1325 eripuit,
1301 1269 1490 1309 verum
1522 1264 1646 1310 ante
1701 1254 1898 1310 saecula
1962 1254 2047 1309 in-

470 1351 655 1397 uatum
685 1342 897 1400 habuit.
932 1343 1118 1416 Neque
1161 1346 1292 1402 item
1343 1355 1400 1400 ut
1451 1346 1503 1400 id
1557 1347 1659 1401 sibi
1720 1346 2046 1417 eriperetur,

468 1432 803 1501 subtimuit,
865 1452 1048 1492 verum
1102 1452 1226 1492 cum
1281 1447 1336 1494 et
1382 1437 1712 1506 cmlestium,
1764 1448 1821 1495 et
1873 1447 2045 1494 terre-

469 1526 689 1593 strium,
717 1537 771 1582 et
816 1528 1150 1586 infernarum
1205 1530 1463 1585 Dominus
1506 1539 1652 1585 esset
1679 1530 1748 1598 ⁷⁸,
1796 1545 1895 1585 nec
1944 1544 2040 1585 su~

470 1631 601 1686 pera
643 1620 881 1690 reliquit,
930 1631 982 1677 et
1030 1623 1095 1677 ad
1131 1637 1229 1677 nos
1263 1622 1496 1678 accessit
1539 1640 1552 1677 :
1614 1623 1725 1677 imo
1768 1624 1932 1677 etiam
1978 1621 2044 1675 ad

472 1709 676 1767 inferos
706 1727 879 1783 usque
919 1712 1192 1784 profectus
1213 1722 1318 1781 est,
1349 1722 1409 1767 ut
1454 1728 1552 1785 per
1601 1714 1783 1768 omnia
1823 1727 2043 1783 grassa-

2159 628 2292 684 φησι
2313 627 2325 640 ·
2364 630 2383 663 ι
2407 610 2577 664 Τοῦτο
2610 611 2893 682 φρονείσθε
2930 612 2989 666 ἒν
3024 612 3176 682 ὑμῖν,
3210 612 3240 665 δ
3273 612 3368 666 καὶ
3415 614 3475 665 ὲν
3516 612 3741 682 Χριστῷ

2172 701 2364 772 Ἰησοῦ,
2396 701 2456 766 ὃς
2490 703 2550 755 ὲν
2586 704 2767 775 μορφῇ
2810 702 2946 755 Θεοῦ
2992 702 3274 773 ὑπάρχων,
3312 703 3411 773 οὑχ
3441 702 3743 774 ἁρπαγμὸν

2155 795 2398 865 ἡγήσατο
2419 794 2478 846 τὸ
2510 789 2649 848 εἶναι
2676 794 2765 847 ίσα
2788 794 2927 864 Θεῷ,
2960 793 3076 847 ἀλλ’
3107 794 3301 850 ἑαυτὸν
3335 794 3568 847 ὲκένωσε
3604 810 3743 864 μορ-

2300 886 2487 940 δοὺλου
2518 886 2718 949 λαϐὼν,
2747 906 2765 938 ι
2802 856 3102 954 τουτέστιν,
3133 887 3201 958 ἥν
3230 888 3448 958 ἦρπασε
3472 856 3740 958 Getica-:0,
3774 856 3789 896 ί

2157 977 2250 1031 καὶ
2280 975 2576 1048 βασιλείαν,
2605 977 2720 1030 ἀλλ’
2755 978 2996 1047 ἔμφυτον
3041 976 3166 1047 ἔσχε
3206 978 3312 1048 πρὸ
3356 978 3466 1030 τῶν
3498 976 3740 1041 αἰώνων,

2154 1069 2275 1123 οὐδὲ
2296 1070 2662 1141 ἀφαιρεθῆναι
2686 1069 2981 1136 ὑπέλαϐεν,
3002 1070 3139 1124 ἀλλὰ
3161 1070 3436 1140 Δεσπότης
3454 1070 3738 1141 ὑπάρχων,

2155 1159 2376 1213 καὶτῶν
2407 1162 2764 1232 ἐπουρανίων,
2784 1161 3005 1216 καὶτῶν
3033 1162 3291 1231 ἐπιγείων
3314 1163 3408 1215 καὶ
3438 1164 3547 1215 τῶν
3578 1179 3744 1215 κατα-

2154 1251 2400 1323 χθονίων,
2448 1252 2569 1306 οὑδὲ
2600 1252 2667 1307 τὰ
2689 1251 2801 1307 ἄνω
2832 1252 3115 1317 κατέλιπε,
3144 1254 3237 1307 καὶ
3263 1253 3401 1324 πρὸς
3420 1255 3568 1325 ἡμᾶς
3598 1270 3745 1323 παρ-

2155 1343 2401 1418 εγένετο·
2443 1343 2525 1398 ἔτι
2552 1344 2648 1399 καὶ
2671 1344 2751 1416 τῷ
2787 1344 2903 1418 ᾄδει
2937 1345 3322 1415 ἑπιφοιτήσας,
3367 1344 3457 1398 ἵνα
3488 1343 3578 1397 διὰ
3605 1344 3744 1397 πάνυ

2151 1453 2259 1491 των
2281 1437 2591 1509 γενόμενος,
2628 1438 2895 1492 πάντοθεν
2921 1437 2989 1492 τὰ
3011 1438 3191 1492 πάντα
3215 1435 3565 1507 ἀνασὼζηται
3587 1453 3604 1469 ο
3642 1436 3740 1488 ἐπὶ

2149 1530 2255 1600 γῆς
2296 1528 2416 1600 μὲν,
2446 1530 2572 1593 τοὺς
2607 1530 2815 1595 ζῶντας
2839 1530 2934 1583 καὶ
2959 1528 3293 1601 ζησομένους
3318 1530 3738 1598 ἀνανεούμενος·

2151 1618 2257 1672 ὑπὸ
2277 1620 2380 1689 γῆν
2404 1620 2460 1672 δὲ
2497 1621 2625 1683 τοὺς
2662 1621 3072 1693 κρατουμένους
3101 1620 3202 1688 τῆς
3230 1620 3325 1674 τοῦ
3356 1620 3592 1673 θανάτου
3641 1638 3733 1673 τυ-

2152 1711 2399 1784 ραννίδος
2427 1712 2851 1784 ἀφαιρούμενος.

472 1811 580 1870 tas,
612 1807 846 1877 undique
875 1809 1056 1863 omnia
1091 1807 1143 1861 in
1176 1808 1406 1863 salutem
1452 1815 1766 1863 assereret:
1814 1807 1866 1861 in
1937 1815 2081 1861 terra
2158 1804 2413 1861 nimirum
2438 1820 2555 1872 eos,
2606 1807 2698 1874 qui
2757 1806 2967 1871 vivunt,
3009 1819 3075 1860 ac
3124 1803 3322 1860 victuri
3379 1812 3524 1867 sunt,
3578 1818 3740 1858 reno-

472 1908 606 1954 vans
634 1917 650 1956 :
682 1900 816 1956 infra
842 1908 1042 1956 terram
1080 1907 1280 1967 autem,
1316 1915 1430 1965 eos,
1461 1900 1551 1970 qui
1589 1899 1702 1955 illic
1733 1896 2060 1955 tenebantur
2090 1899 2157 1964 τ’,
2187 1915 2213 1952 a
2249 1899 2439 1954 mortis
2471 1898 2759 1970 tyrannide
2790 1898 3134 1952 abstrahens.

981 2012 1133 2069 CXL.
1164 2044 1235 2054 —
1265 2012 1545 2072 ZOZIMO.

539 2103 621 2158 Ad
646 2100 917 2159 latinum:
949 2119 1144 2170 senem,
1169 2114 1217 2158 et
1262 2104 1315 2158 in
1357 2102 1512 2157 matis
1541 2113 1976 2173 perseverantem.

548 2279 781 2340 Humilis
823 2291 880 2339 et
926 2282 1133 2354 abiecte
1161 2281 1396 2349 Zosime,
1441 2281 1577 2337 hora
1620 2292 1863 2339 exttema
1915 2290 1999 2337 est
2036 2302 2047 2336 :

467 2373 597 2445 quid
624 2382 684 2430 ut
715 2374 771 2430 in
815 2374 938 2430 vita:
978 2374 1289 2444 primordiis
1325 2374 1537 2446 ignavia
1585 2375 1805 2445 torpes?
1863 2373 2053 2431 Messis

469 2465 567 2521 tibi
593 2466 830 2532 advenit,
855 2464 976 2522 alba
1003 2474 1086 2521 est
1121 2465 1272 2536 regio
1310 2467 1378 2521 ad
1401 2465 1733 2522 excisionem
1758 2465 1804 2498 "
1837 2484 1852 2520 :
1884 2467 2037 2537 quid,

470 2569 728 2631 tanquam
766 2558 945 2614 adhuc
1005 2558 1058 2613 in
1105 2567 1350 2613 semente
1395 2560 1494 2622 sis,
1539 2558 1746 2612 incuria
1796 2557 2054 2612 laboras?

469 2650 673 2717 Capitis
707 2649 780 2704 tui
808 2646 900 2716 pili
929 2649 1091 2703 linem
1113 2657 1263 2702 tuum
1294 2658 1345 2702 te
1366 2650 1620 2704 doceant.
1641 2646 1781 2714 Quid
1799 2656 1885 2702 est
1907 2646 2048 2714 quod

469 2740 787 2796 diuturnum
806 2746 1025 2810 tempus
1055 2747 1107 2793 te
1141 2737 1303 2794 ﬁnem
1320 2747 1469 2793 tuum
1495 2736 1806 2808 perspicere
1827 2738 2050 2792 minime

471 2832 699 2888 «Iacuit?
722 2830 896 2887 Iudex
927 2845 1054 2887 cum
1090 2818 1303 2886 terrore
1332 2831 1575 2895 accedit;
1629 2829 1760 2900 quid
1789 2836 1845 2883 tu
1876 2843 2046 2899 opera

474 2933 563 2976 tua
591 2920 661 2976 ad
692 2920 1065 2977 collectionem
1100 2934 1207 2976 non
1239 2919 1554 2992 praeparas?
1587 2918 1835 2989 Crapulaa
1871 2914 2049 2974 indul-

471 3027 601 3082 gere
626 3011 857 3069 desine:
884 3011 1178 3084 aliquando
1219 3011 1411 3067 saltem
1447 3011 1731 3082 resipisce.
1777 3009 1858 3066 Ne
1908 3010 2051 3066 divi-

474 3120 599 3160 nam
647 3106 925 3162 lenitatem
976 3104 1210 3162 ludibrio
1256 3104 1459 3161 habeas
1489 3144 1506 3171 ,
1558 3119 1682 3160 cum
1743 3103 2051 3160 temulentis

472 3197 644 3252 edens
673 3210 740 3252 ac
768 3197 980 3253 bibens.
1008 3194 1153 3253 Deus
1189 3196 1375 3253 venire
1402 3210 1510 3251 non
1553 3205 1819 3260 moratur,
1853 3205 1913 3250 ut
1933 3196 2049 3251 exi-

473 3287 706 3343 stimas:
740 3302 931 3344 verum
967 3296 1079 3344 tum
1107 3287 1351 3353 accedet,
1401 3303 1524 3344 cum
1587 3296 1644 3344 tu
1684 3288 2045 3359 ignorabis".

2680 1990 2815 2044 PM’.
2850 2019 2919 2030 —
2941 1989 3212 2060 ΖΩΣΙΜῼ.

2157 2103 2314 2172 Πρὸς
2338 2101 2613 2172 Ζώσιμον
2646 2100 3036 2172 γεγηρακότα,
3068 2099 3164 2156 καὶ
3210 2098 3331 2166 τοῖς
3374 2096 3580 2164 κακοῖς
3607 2099 3740 2151 ἐπι-

2804 2171 3085 2241 μένοντα.

2155 2334 2163 2340 .
2226 2285 2462 2340 Ταπεινὲ
2501 2285 2738 2355 Ζὼσιμε,
2774 2283 2979 2355 ἐσχάτη
3033 2282 3151 2354 ὥρα
3199 2285 3334 2339 ὲστί.
3363 2285 3428 2339 Τί
3459 2284 3536 2348 ὡς
3561 2286 3741 2355 ἀρχὰς

2154 2377 2296 2449 ἔχων
2329 2376 2423 2431 τοῦ
2450 2377 2550 2449 ζῇν
2583 2377 2879 2450 ῥᾳθυμεῖς;
2917 2376 2977 2430 '0
3001 2375 3260 2447 θερισμός
3285 2392 3368 2429 σοι
3397 2377 3738 2447 παρέστηκεσ

2154 2470 2322 2541 λευκή
2353 2471 2502 2524 ὲστιν
2556 2471 2590 2540 ὴ
2631 2467 2785 2541 χώρα
2823 2468 2961 2539 πρὸς
2997 2468 3191 2539 τομήν.
3251 2467 3316 2521 Τί
3364 2466 3441 2532 ὡς
3478 2467 3588 2538 πρὸ
3638 2466 3740 2521 τοῦ

2158 2565 2377 2633 σπεῖραι
2416 2556 2552 2634 (55),
2578 2561 2838 2630 ἁμελείς;
2875 2559 2943 2613 At
2976 2559 3163 2632 τρίχες
3195 2577 3253 2613 σε
3296 2559 3358 2613 τὸ
3396 2559 3548 2623 τέλος
3583 2560 3741 2615 διδα-

2157 2655 2435 2708 σκέτωσαν
2461 2670 2475 2683 ·
2504 2653 2569 2706 Τί
2599 2655 2627 2707 ὁ
2660 2652 2872 2724 μακρός
2905 2668 2965 2704 σε
2996 2652 3188 2723 χρόνος
3211 2651 3273 2704 τὸ
3309 2650 3479 2722 πέρας
3507 2651 3745 2721 συνορᾷν

2154 2747 2255 2800 οὑκ
2284 2745 2603 2799 ἐπαίδευσεν
2627 2762 2642 2812 ;
2682 2744 2741 2797 '0
2772 2741 2967 2815 κριτὴς
2988 2741 3230 2814 ἔμφοϐος
3257 2742 3652 2814 παραγίνεται·
3682 2742 3742 2796 τι

2155 2838 2253 2906 οὑχ
2305 2835 2617 2907 ἑτοιμάζεις
2672 2832 2743 2886 τὰ
2788 2832 2927 2905 ἔργα
2977 2848 3073 2885 σου
3115 2830 3252 2902 πρὸς
3298 2830 3398 2902 τὴν
3437 2828 3742 2895 σὺστασινς
3837 2822 3843 2824 ⁷

2156 2926 2370 2980 Παῦσαι
2416 2923 2773 2997 κραιπαλῶν
2811 2922 2982 2993 νῆψον
3017 2920 3120 2976 κᾶν
3168 2918 3302 2990 tot.-
3347 2917 3424 2990 μὴ
3453 2916 3745 2985 καταγέλα

2153 3016 2253 3086 τῆς
2286 3014 2437 3080 θείας
2466 3014 2870 3086 μακροθυμίας,
2898 3012 3095 3081 ἐσθίων
3127 3011 3223 3066 καὶ
3261 3010 3431 3064 πίνων
3464 3007 3603 3081 μετὰ
3626 3006 3747 3061 τῶν

2159 3106 2487 3177 μεθυόντων.
2523 3106 2599 3160 υὺ
2632 3104 2874 3177 χρονίζει
2892 3103 3066 3158 ἐλθεῖν
3099 3104 3130 3156 ὁ
3156 3100 3361 3174 Κύριός
3390 3117 3510 3164 σου,
3540 3097 3619 3163 ὡς
3645 3115 3744 3154 νου

2160 3198 2337 3268 μίξεις
2360 3213 2375 3229 ·
2399 3197 2537 3251 ἀλλὰ
2558 3197 2682 3252 τότε
2710 3194 3205 3267 παραγίνεται.δτε
3238 3191 3304 3246 σὺ
3332 3192 3395 3246 οὑ
3423 3189 3745 3259 γινώσκεις.

2156 3291 2267 3344 Καὶ
2296 3290 2400 3361 χρή
2437 3306 2496 3343 σε
2526 3288 2713 3343 λοιπὸν
2752 3287 3058 3359 ἀνανῆψαι,
3100 3284 3208 3341 κᾶν
3253 3283 3449 3355 ἐκείνῳ
3480 3282 3560 3354 τῷ
3585 3280 3753 3352 φόϐῳ

469 3375 551 3430 Ac
598 3377 858 3448 deinceps
907 3377 1018 3446 jam
1069 3386 1125 3434 te
1172 3393 1240 3433 ex
1273 3379 1376 3433 hac
1420 3377 1740 3433 temulentia
1769 3392 2046 3450 emergere

2159 3382 2615 3454 σωφρονισθέντα.

483 3478 725 3540 oportet,
745 3471 941 3526 saltem
964 3478 1109 3525 metu
1142 3470 1447 3526 coercitum
1481 3477 1535 3524 et
1564 3469 1909 3540 castigatum.

895 3581 1077 3639 CXLI.
1093 3612 1169 3624 —
1194 3579 1529 3637 ADAMAN'I‘
1535 3581 1625 3636 10.

751 3675 836 3729 Διί
861 3672 1105 3740 Judwos,
1134 3674 1198 3728 de
1213 3674 1393 3728 divina
1408 3673 1763 3743 conceptione.

550 3785 648 3842 Die
678 3785 749 3842 ad
772 3784 1038 3853 Judaeum,
1065 3787 1156 3856 qui
1184 3786 1250 3842 de
1274 3785 1451 3841 divina
1480 3786 1853 3842 incarnatione
1877 3795 2050 3841 tecum

474 3878 773 3935 altercatus
811 3888 913 3944 est,
949 3888 1220 3950 negatque
1250 3878 1365 3934 ﬁeri
1426 3894 1584 3951 posse
1614 3889 1674 3934 ut
1726 3886 1918 3934 natura
1954 3877 2054 3932 hu-

475 3986 637 4025 mana
674 3973 812 4027 citra
839 3971 1185 4043 complexum
1203 3986 1495 4028 venereum
1534 3985 1599 4027 ac
1627 3985 1811 4026 semen
1844 3972 2049 4041 pariat:

475 4063 616 4117 baud
646 4076 841 4118 novum
877 4063 1165 4118 acmirum
1205 4063 1379 4118 videri
1420 4064 1601 4128 debet,
1636 4062 1683 4117 si
1722 4077 1844 4117 cum
1873 4064 2052 4118 omni-

474 4152 575 4208 lms
596 4152 726 4224 legis
761 4154 1033 4224 mysteriis
1058 4169 1121 4208 ac
1153 4153 1496 4224 dogmatibus
1530 4152 1631 4209 hoc
1654 4168 1871 4224 quoque
1897 4154 2049 4224 igno-

474 4258 585 4298 ras.
617 4242 750 4299 Nam
781 4245 872 4315 qui
902 4244 1134 4317 ipsamet
1158 4245 1294 4315 legis
1317 4244 1599 4313 prmludia,
1627 4260 1747 4314 qua:
1769 4247 2049 4317 perspicua

472 4344 527 4389 et
558 4343 741 4405 aperta
769 4340 921 4402 sunt,
947 4336 1170 4392 minime
1193 4350 1521 4407 cognoscere
1542 4339 1785 4408 p0tuisti,
1810 4354 2047 4408 quonam

478 4437 638 4495 pacto
716 4429 771 4483 in
843 4429 1084 4485 abditum
1159 4430 1330 4501 ipsius
1397 4430 1674 4498 penetrale
1736 4432 2052 4502 prospicere

475 4520 680 4587 queas?
709 4518 983 4591 Scriptum
1012 4529 1098 4577 est
1144 4521 1289 4576 enim
1318 4540 1332 4577 :
1367 4538 1386 4573 ι
1436 4520 1666 4576 Immisit
1713 4522 1854 4576 Deus
1891 4535 2051 4591 sopoo

475 4627 589 4666 rem
626 4613 681 4667 in
709 4612 882 4668 Adam
915 4632 930 4668 :
967 4629 1201 4684 cumque
1249 4614 1651 4679 obdormisset,
1716 4614 1837 4670 tulit
1885 4632 2048 4671 unam

474 4701 543 4753 tle
582 4702 748 4758 costis
774 4702 913 4770 ejus,
949 4711 1003 4758 et
1037 4703 1264 4773 replevit
1295 4717 1517 4761 carnem
1564 4718 1663 4774 pro
1695 4719 1782 4759 ea.
1818 4703 1883 4758 Et
1913 4704 2045 4759 redi-

2582 3580 2759 3635 PMA'.
2789 3608 2859 3619 -
2883 3575 3307 3646 ΑΔΑΜΑΝΤΙῼ.

2185 3674 2346 3743 Πρὸς
2384 3673 2753 3737 Ἰουδαίους·
2788 3670 2922 3740 περὶ
2960 3670 3072 3739 τῆς
3102 3669 3267 3733 θείας
3303 3665 3703 3733 συλλήψεως.

2226 3789 2362 3843 Εἰπὲ
2382 3787 2461 3859 τῷ
2498 3786 2738 3858 Ἰουδαίῳ
2761 3786 2837 3857 τῷ
2876 3784 3013 3857 πρὸς
3044 3783 3102 3837 σὲ
3129 3781 3455 3852 διενεχθέντι
3486 3778 3747 3851 περὶτῆς

2154 3880 2305 3945 θείας
2356 3878 2726 3950 σαρκώσεως,
2772 3879 2868 3932 καὶ
2917 3877 3153 3945 λέγοντι,
3195 3876 3276 3928 ὅτι
3310 3873 3569 3927 ἀδύνατόν
3620 3872 3744 3924 ἐστι

2155 3970 2316 4041 φύσει
2347 3969 2666 4040 ἀνθρωπεία
2700 3968 2824 4039 δίχα
2848 3965 3136 4027 συνουσίας
3170 3966 3265 4017 καὶ
3299 3963 3616 4033 σπέρματος
3650 3976 3741 4012 τες

2154 4063 2306 4117 κεῖν·
2354 4063 2435 4116 ὅτι
2465 4061 2615 4115 οὐδὲν
2662 4060 2833 4128 ξένον,
2867 4061 2915 4112 εί
2966 4057 3058 4110 καὶ
3105 4053 3264 4109 τοῦτο
3300 4055 3533 4122 ἀγνοεῖς,
3598 4051 3744 4122 μετὰ

2154 4152 2311 4227 [τῶν]
2367 4154 2479 4226 (56)
2529 4153 2749 4208 πάντων
2798 4150 2908 4204 τῶν
2950 4148 3045 4202 τοῦ
3077 4148 3241 4218 νόμου
3283 4144 3601 4216 μυστηρίων
3644 4145 3743 4196 καὶ

2151 4248 2457 4318 δογμάτων.
2528 4246 2585 4300 ’0
2622 4244 2731 4314 γὰρ
2782 4242 2982 4305 εὐθέως
3020 4240 3089 4295 τὰ
3133 4239 3393 4312 προοίμια
3440 4235 3537 4289 τοὺ
3565 4237 3741 4305 νόμου

2152 4337 2491 4408 καταμαθεῖν
2517 4337 2591 4408 μὴ
2610 4334 2879 4407 δυνηθεὶς,
2907 4332 3136 4403 ὲπίδηλα
3158 4330 3288 4384 δντα
3311 4329 3403 4383 καὶ
3421 4327 3594 4397 σαφῆ,
3617 4324 3742 4389 πῶς

2150 4427 2378 4482 δύνασαι
2411 4428 2491 4491 εἱς
2519 4426 2609 4479 τὸν
2636 4425 2954 4495 ἀπόκρυφον
2985 4421 3151 4476 αὑτοῦ
3180 4421 3387 4483 διιδεῖν,
3413 4419 3445 4489 ἢ
3472 4416 3741 4487 διακύψαι

2153 4516 2342 4587 βυθόν;
2363 4516 2673 4587 Γέγραπται
2687 4512 2813 4586 γὰρ,
2829 4516 2910 4568 ὅτι
2931 4533 2949 4564 ι
2974 4511 3269 4566 Ἐπέϐαλεν
3284 4514 3312 4564 ό
3327 4510 3458 4574 Θεὸς
3475 4509 3740 4561 ἔκστασιν

2150 4609 2244 4663 ἐπὶ
2274 4608 2367 4662 τὸν
2428 4608 2598 4679 ’Δδὰμ
2624 4650 2638 4676 ,
2675 4608 2767 4661 καὶ
2818 4605 3062 4668 ὕπνωσε,
3125 4606 3218 4659 καὶ
3246 4602 3403 4657 ἔλαϐε
3461 4601 3595 4670 μίαν
3628 4598 3741 4651 τῶν

2154 4699 2402 4772 πλευρῶν
2432 4696 2618 4764 αὑτοῦ,
2650 4699 2745 4752 καὶ
2766 4697 3119 4768 ἀνεπλήρωσε
3153 4696 3332 4766 σάρκα
3362 4694 3478 4747 ἀντ’
3517 4693 3695 4761 αὐτῆς
3720 4705 3736 4721 ·

484 4791 666 4847 ticavit
717 4792 979 4849 Dominus
1035 4797 1178 4849 Deus
1234 4803 1442 4850 costam
1501 4810 1663 4866 quant
1726 4795 1927 4850 tulerat
1979 4797 2046 4851 de

2159 4791 2248 4846 καὶ
2280 4790 2598 4861 ᾠκοδόμησε
2629 4790 2727 4861 τήν
2756 4788 2997 4858 πλευρὰν
3020 4788 3086 4859 ἢν
3103 4786 3301 4841 ἐλαϐεν
3318 4784 3426 4838 ἀπὸ
3448 4781 3543 4836 τοῦ
3561 4782 3741 4852 Ἀδὰμ

474 4881 645 4935 Adam
669 4881 739 4949 ⁸⁸,
770 4901 790 4935 ι
824 4897 948 4937 eum
979 4883 1130 4952 prius
1160 4882 1333 4952 ipsum
1354 4882 1523 4937 Adam
1548 4892 1745 4939 eterra
1778 4892 2043 4939 creasset.

476 4970 555 5025 En
589 4972 755 5044 igitur
776 4974 858 5028 vir
898 4986 929 5027 e
986 4983 1153 5037 terra,
1186 4981 1241 5028 et
1291 4973 1485 5030 mulier
1516 4990 1583 5030 ex
1618 4976 1733 5029 viro
1765 4993 1779 5029 :
1809 4985 1864 5030 et
1892 4984 2045 5030 uter-

472 5078 577 5130 que
624 5062 742 5119 sine
785 5064 1095 5119 concubitu.
1143 5062 1409 5130 Quoniam
1470 5064 1634 5134 igitur
1683 5063 1798 5136 Μ
1852 5065 2049 5121 mulier

2153 4884 2234 4946 είς
2250 4883 2506 4950 γυναῖκα,
2520 4899 2537 4932 ι
2560 4880 2824 4953 πρότερον
2841 4879 3029 4943 κτίσας
3047 4879 3153 4932 ἀπὸ
3172 4878 3262 4932 τοῦ
3287 4877 3409 4948 χοὸς
3424 4875 3520 4929 τὸν
3535 4874 3738 4943 Ἀδάμ..

2166 4974 2297 5029 Ἰδοὺ
2327 4970 2420 5028 οὖν
2450 4976 2480 5028 δ
2512 4974 2650 5045 ἀνὴρ
2685 4975 2749 5027 ὲκ
2782 4974 2882 5043 τῆς
2922 4975 3026 5043 γῆς
3057 4972 3152 5026 καὶ
3182 4973 3214 5042 ἡ
3242 4970 3377 5040 γυνὴ
3412 4970 3477 5022 ὲκ
3515 4966 3614 5021 τοῦ
3645 4967 3747 5019 ἀνο

2150 5066 2297 5137 δρδς,
2327 5066 2419 5120 καὶ
2446 5066 2746 5138 ἀμφότεροι
2774 5068 2877 5136 τῆς
2897 5066 3188 5128 συνουσίας
3222 5062 3419 5134 χωρίς.
3461 5061 3619 5115 Ἐπεὶ
3644 5055 3743 5113 οὖν

545 5201 590 5274 '3
620 5200 940 5274 Philipp-tt,
972 5200 1091 5256 5-7.
1166 5202 1215 5235 ν·
1247 5201 1381 5259 Ibid.
1423 5203 1511 5258 to.
1588 5202 1849 5260 "lPetr.
1899 5205 2046 5274 tum

2161 5205 2210 5238 ’⁸
2237 5203 2392 5261 Joan.
2425 5206 2612 5272 tv,‘56.
2687 5207 2735 5239 "
2768 5204 2811 5261 ll
2839 5205 2983 5260 Pezr.
3005 5221 3086 5269 tu,
3120 5204 3213 5270 10;
3237 5202 3426 5257 Matth.
3465 5214 3616 5262 utv,
3644 5194 3740 5250 42.

477 5269 522 5302 ⁸⁸
551 5269 749 5327 Genes.
776 5269 839 5337 ti,
866 5270 959 5329 21.

1568 5392 1805 5450 ΥΔΒΙΛΕ
1841 5395 2232 5455 LECTIONES
2272 5392 2361 5451 ΕΤ
2407 5392 2644 5461 NOTAE,

544 5544 659 5623 (35)
704 5542 840 5623 cod.
873 5543 1057 5623 βίοι-ι.
1088 5545 1236 5623 legit,
1274 5546 1349 5612 ὡς
1374 5547 1511 5623 πρὸς
1555 5548 1614 5602 τὸ
1662 5552 1903 5623 σπεῖραι,
1950 5553 2045 5607 sed

474 5617 618 5669 edita
640 5616 805 5671 lectio
837 5616 1297 5687 videtur_m_elior,
1331 5616 1494 5673 uti'et
1520 5634 1657 5675 vers.
1694 5620 1728 5674 2
1753 5616 2043 5687 phalereu-

2155 5550 2354 5622 habent
2377 5551 2651 5622 ὲμφόδως.
2681 5549 2889 5607 Possm.

2226 5620 2338 5692 (36)
2381 5615 2507 5675 Dele
2525 5619 2824 5692 κριῶν-[ψει
2862 5617 3032 5692 psset,
3059 5615 3509 5692 uam_illtttAlAnon
3551 5629 3744 5692 agno—

477 5690 602 5738 dttm
630 5694 715 5763 est
743 5686 884 5763 quod
915 5685 989 5739 inc
1014 5684 1178 5763 editis
1222 5686 1441 5763 legitur
1471 5688 1737 5763 ῥᾳθυμεῖς
1756 5682 1869 5763 "ibi
1897 5690 2042 5759 quod
2150 5682 2496 5763 smiut'codd.
2517 5690 2637 5743 Vat.
2660 5682 2963 5763 timet)“,
2993 5687 3145 5763 Vers.
3170 5684 3232 5738 l9
3253 5694 3305 5763 et
3327 5683 3398 5738 20
3419 5697 3520 5763 pro
3541 5682 3741 5750 ὥσπερ

476 5755 730 5832 suggerit_
753 5753 891 5811 idem
927 5757 1062 5832 ΔιόιΙ.
1100 5753 1588 5832 βίοτιίραθὺμιρς.
1618 5753 2044 5832 'Sjm‘ilius‘vero

2159 5761 2263 5829 lege
2295 5762 2454 5832 ὅπερ,
2493 5768 2546 5813 et
2576 5767 2696 5832 post
2725 5757 2990 5827 γεγένητο
3029 5754 3165 5810 adde
3194 5753 3351 5807 τοῦτο
3384 5753 3498 5822 καὶ,
3550 5766 3745 5808 aucto—

476 5815 731 5890 esiquod
758 5838 896 5880 vers.
921 5823 953 5878 6
981 5840 1076 5895 pro
1098 5815 1332 5896 ἔμφοϐος
1354 5815 1494 5883 Ὀο‹Ῑ.
1521 5815 1641 5883 Vat.
1668 5828 1772 5882 649
1797 5839 1848 5882 et
1869 5829 2040 5884 δῖοι-ι.

2149 5826 2297 5886 ribus
2340 5826 2550 5885 iisdem.
2588 5826 2795 5883 Possis.
