3986 6390
463 306 569 372 2'19

1661 311 1723 372 S.
1765 310 2063 371 ISIDOHI‘
2091 311 2529 373 PELUSIOT/E

3612 315 3755 393 230.

467 431 669 474 amara
711 414 984 480 lectionis,
1015 415 1231 471 exclusa
1267 428 1492 481 nausea,
1550 413 1750 472 divinae
1783 417 2045 473 doctrina:

2155 416 2298 482 θείας
2329 417 2687 483 παιδεύσεως,
2723 418 2821 489 τῆς
2844 419 3157 490 ἀνωφελοῦς
3185 421 3402 495 ἐκείνης
3421 421 3516 478 καὶ
3540 425 3722 496 ἁλμυρ

468 507 687 565 lectioni
715 520 933 577 operam
955 505 1071 569 des.
1114 504 1222 577 45
1271 505 1592 575 Christique
1648 509 1904 562 mandata
1957 506 2045 576 pio

469 614 535 661 ac
566 599 659 655 Dei
690 612 876 653 amore
920 595 1148 667 praedito
1197 596 1381 651 animo
1434 595 1762 665 susceperis.
1798 614 1817 647 ι
1870 595 2047 651 Nolite

470 692 634 761 igitur
666 691 795 745 dare
820 699 1070 745 sanctum
1099 689 1327 744 canibus
1342 687 1389 721 ⁸⁸
1429 728 1447 753 ,
1488 707 1507 738 ι
1568 689 1673 744 hoc
1703 696 1789 744 est
1817 686 2040 753 Iudaeis,

474 782 568 852 qui
623 781 865 836 divinum
922 793 1226 836 sermonem
1279 794 1521 851 persaepe
1565 787 1919 849 acceperunt,
1979 795 2044 835 ac

473 886 682 927 rursum
715 872 782 926 ad
808 871 1069 927 vomitum
1116 886 1273 926 suum
1316 879 1663 926 revertuntur
1685 870 1728 902 ⁸⁷
1763 887 1779 925 :
1808 879 1901 924 aut
1932 871 2043 926 haz-

471 963 680 1030 retieis,
709 963 777 1018 ad
815 978 1001 1018 veram
1057 962 1361 1020 doctrinam
1414 977 1474 1018 se
1525 960 1954 1026 conferentibus,
1978 975 2044 1016 ac

467 1071 685 1112 rursum
739 1055 805 1111 ad
856 1055 1094 1125 priorem
1145 1054 1429 1119 sententiae
1457 1053 1871 1125 perversitatem
1916 1053 2042 1108 reti-

465 1146 741 1202 euntibus.
789 1144 1114 1215 Margaritas
1165 1148 1293 1200 item
1339 1159 1407 1199 ne
1449 1153 1576 1199 ante
1615 1157 1814 1214 porcos
1866 1142 2037 1213 proji—

469 1237 707 1303 ciamus,
746 1237 933 1293 divino
971 1236 1261 1301 interdicto
1305 1236 1657 1306 prohibemur
1701 1235 1770 1300 ⁸⁸,
1817 1233 1920 1290 hoc
1959 1242 2046 1290 est

472 1336 600 1385 ante
626 1342 749 1395 eos,
770 1327 860 1398 qui
920 1327 974 1383 in
1004 1327 1219 1383 vitiosis
1280 1325 1658 1383 aliectionibus
1708 1324 2042 1391 volutantur,

473 1433 539 1475 ae
583 1420 870 1490 porcinum
923 1419 1048 1475 vitae
1095 1433 1266 1490 genus
1314 1417 1719 1488 sequuntur":
1782 1430 1854 1472 ne
1904 1415 2047 1472 forte

471 1510 901 1568 conculccttteas
927 1512 1173 1581 pedibus,
1209 1510 1464 1565 nimirum
1506 1509 1563 1564 in
1593 1507 1883 1565 sceleratis
1931 1508 2044 1564 suis

470 1602 667 1659 studiis
690 1604 874 1660 divino
917 1603 1126 1660 nomini
1167 1602 1557 1659 contumeliam
1610 1600 1910 1657 inferentes
1945 1618 1958 1654 :
1991 1608 2047 1655 et

471 1696 720 1753 conversi
780 1697 1118 1767 disrumpant
1178 1709 1295 1750 vos.
1392 1691 1678 1764 Siquidem
1737 1692 2044 1748 divinorum

472 1785 855 1858 mysteriorum
920 1801 1043 1842 cum
1119 1784 1425 1853 huiusmodi

470 1875 739 1946 ejusmodi
772 1876 1008 1949 diruptio
1030 1883 1137 1942 est,
1165 1890 1233 1932 ex
1266 1890 1373 1945 qua
1414 1888 1695 1944 emergere
1722 1881 2020 1944 nequeant.

868 1987 1090 2045 CXLIV.
1117 2019 1187 2029 —
1214 1987 1633 2045 ATIlANASlO.

547 2097 692 2166 Quid
726 2104 804 2164 tu,
833 2112 956 2154 cum
988 2106 1197 2153 arctam
1226 2098 1367 2152 viam
1401 2097 1498 2152 tibi
1534 2096 1819 2153 tenendam
1851 2108 2048 2165 propo-

471 2188 646 2245 sueris
679 2202 744 2244 ac
769 2186 837 2244 de
865 2203 935 2245 ea
967 2204 1023 2245 re
1059 2196 1215 2259 pacta
1255 2203 1379 2243 cum
1413 2187 1525 2243 Deo
1549 2187 1760 2253 inieris,
1792 2186 1901 2241 lata
1931 2185 2040 2250 via,

472 2294 594 2349 qua
637 2280 704 2336 ad
758 2290 987 2338 mortem
1036 2280 1184 2335 ducit
1210 2279 1282 2344 ⁸⁸,
1331 2278 1580 2335 incedis?
1631 2277 1769 2333 Nam
1802 2289 2048 2347 praesens

471 2370 806 2442 indulgentia
847 2371 1088 2427 futuram
1126 2385 1343 2440 penam
1384 2369 1637 2426 accersit.
1671 2368 1873 2426 Contra
1903 2381 2049 2440 pra:-

470 2475 599 2519 seus
631 2460 876 2529 aliiictio,
905 2469 963 2518 et
987 2461 1346 2533 cupiditatum
1381 2460 1712 2531 compressio
1742 2458 2048 2516 futurorum

469 2553 1001 2613 bonorumt’ructum
1028 2562 1192 2623 atque
1225 2553 1682 2610 oblectamentum
1719 2561 1877 2623 parat
1910 2554 1980 2606 ἰ.

944 2669 1150 2727 CXLV.
1183 2699 1253 2712 --
1282 2669 1574 2727 MARONI.

809 2759 1176 2816 Veneranda»:
1207 2776 1318 2816 esse
1348 2761 1721 2816 sacerdotium.

546 2873 658 2930 Etsi
688 2874 1105 2930 concursatione
1134 2887 1197 2929 ac
1223 2872 1581 2943 pecuniarum
1611 2870 1752 2927 mole
1795 2871 2049 2927 sacerdo-

474 2966 606 3021 tium
638 2965 894 3037 rapuisti,
925 2965 1203 3030 homines,
1235 2971 1427 3034 utpote
1458 2962 1525 3018 ad
1551 2962 1841 3018 veritatem
1873 2975 2047 3017 caecu-

475 3059 689 3124 tientes,
720 3057 912 3114 fallens
931 3073 946 3113 :
966 3067 1021 3113 at
1050 3071 1157 3114 non
1194 3057 1322 3112 item
1352 3064 1437 3111 est
1465 3055 1607 3125 quod
1640 3061 1797 3126 putes
1825 3061 1876 3109 te
1901 3053 2050 3109 futu-

475 3165 590 3205 ram
626 3149 1041 3205 retributionem
1091 3148 1261 3204 latere
1287 3161 1471 3217 posse.
1508 3144 1645 3200 Nam
1673 3158 1775 3200 nee
1816 3143 2052 3199 miracu-

476 3241 587 3297 lum
618 3242 673 3297 in
708 3240 910 3297 Christi
955 3241 1174 3297 nomine
1230 3255 1258 3294 a
1307 3238 1629 3310 quibusdam
1668 3237 1895 3302 editum,
1950 3248 2050 3291 nec

2153 509 2253 579 ρᾶς
2304 509 2664 578 ἀναγνώσεως
2708 509 2801 564 τὸν
2847 512 3178 583 ναυτιασμὸν
3215 513 3729 585 ἀποκλεισάμενος,

2148 601 2242 655 καὶ
2271 601 2371 665 τὰς
2395 601 2489 655 τοῦ
2517 601 2754 674 Χριστοῦ
2792 602 3011 668 ἐντολὰς
3048 604 3313 675 θεοφιλῶς
3351 606 3723 678 προσδεξάμε·
3776 625 3783 633 ·

2145 708 2255 756 νος.
2288 692 2380 764 Μὴ
2403 692 2521 746 δότε
2552 693 2729 748 τοίνυν
2750 694 2810 747 τὸ
2839 694 2993 763 ἅγιον
3019 698 3131 760 τοῖς
3151 698 3299 765 κυσὶ,
3326 700 3436 762 τοῖς
3463 698 3724 762 πολλάκις
3768 694 3785 743 ἶ

2145 783 2234 837 τὸν
2268 784 2409 838 θεῖον
2439 784 2596 854 λόγον
2629 784 2946 857 δεξαμένοις
2985 788 3285 853 Ἰουδαίοις,
3321 789 3412 842 καλ⁵
3444 788 3608 844 πάλιν
3631 789 3726 841 ἐειτλ⁵
3764 778 3789 822 ἰ

2146 875 2236 930 τὸν
2273 875 2404 930 ῐδιον
2442 876 2635 946 ἔμετον
2658 879 3076 950 ἐπιστρέφουσιν
3096 920 3112 946 ,
3144 880 3177 951 ἢ
3223 883 3336 944 τοῖς
3367 880 3428 946 ἐξ
3454 880 3731 952 αἱρέσεων

2146 966 2238 1019 ἐπὶ
2266 964 2357 1018 τὸν
2402 966 2577 1038 ἀληθῆ
2629 966 2785 1036 λόγον
2829 967 3156 1038 βαδίζουσιν,
3208 970 3303 1024 καὶ
3342 968 3726 1024 παλινοστοῦσι

2146 1056 2284 1128 πρὸς
2314 1055 2411 1127 τὴν
2439 1057 2711 1129 προτέραν
2754 1057 3058 1117 κακόνοιαν.
3101 1060 3241 1124 Τοὺς
3286 1060 3345 1114 δέ
3378 1058 3727 1131 μαργαρίτας

2149 1148 2224 1220 μὴ
2254 1148 2467 1218 βάλλειν
2488 1149 2797 1221 ἔμπροσθεν
2823 1150 2931 1204 τῶν
2948 1152 3148 1223 χοίρων
3169 1151 3591 1222 ἐκελεύσθημεν,
3613 1151 3728 1203 τῶν

2145 1237 2344 1293 πάθεσι
2394 1238 2829 1309 συμφυρομένων
2852 1281 2865 1305 ,
2903 1242 2999 1295 καὶ
3040 1239 3274 1312 χοιρώδη
3312 1240 3426 1312 βίον
3462 1257 3727 1313 μετερχο-

2147 1327 2346 1399 μένων,
2388 1330 2619 1399 μήποτε
2651 1332 3114 1402 καταπατήσωσιν
3153 1331 3351 1395 αὐτοὺς
3391 1333 3449 1384 ἐν
3482 1333 3596 1394 τοῖς
3624 1348 3724 1384 πο·

2145 1421 2329 1489 νηροῖς
2351 1419 2533 1473 αὐτῶν
2564 1421 2987 1493 ἐπιτηδεύμασι,
3022 1420 3473 1494 βλασφημοῦντες
3496 1421 3557 1477 τὸ
3583 1422 3728 1475 θεῖον

2145 1511 2336 1583 ὄνομα,
2368 1513 2461 1566 καὶ
2490 1511 2819 1583 στραφέντες
2855 1512 3093 1585 ῥήξωσιν
3129 1515 3293 1584 ὑμᾶς.
3357 1514 3421 1567 Ἡ
3449 1513 3563 1583 γὰρ.
3591 1511 3743 1584 πρὸς

2144 1602 2270 1664 τοὺς
2297 1600 2575 1664 τοιούτους
2596 1601 2706 1655 τῶν
2732 1602 3046 1673 μυστηρίων
3070 1601 3375 1672 μετάδοσις,
3398 1600 3552 1673 ρἦίς
3577 1602 3728 1654 ἐστιν

2146 1692 2437 1765 ἀνέγερτος
2464 1696 2578 1757 τοῖς
2615 1693 3108 1765 καταφρονητικῶς
3146 1692 3547 1765 μεταδιδοῦσιν.

1509 1782 1821 1839 hominibus
1896 1785 2362 1851 communicatio,
2417 1786 2521 1849 iis,
2568 1786 2661 1855 qui
2728 1799 2824 1855 per
2856 1796 3225 1855 contemptum
3265 1800 3328 1841 ea
3380 1783 3728 1856 impertiunt,

2591 1990 2766 2043 PMA'.
2808 2018 2874 2029 —
2912 1990 3276 2061 ΔΘΔΝΑΣΙῼ.

2221 2101 2333 2173 (59)
2372 2100 2437 2154 Τί
2478 2102 2578 2173 τὴν
2615 2101 2807 2174 στενὴν
2842 2101 3117 2173 ἐλόμενος,
3151 2102 3245 2157 καὶ
3274 2100 3420 2174 [τὰς]
3451 2101 3730 2173 συνθήκας

2149 2191 2288 2263 ὑπὲρ
2305 2193 2473 2264 αὐτῆς
2500 2192 2620 2263 Θεῷ
2649 2193 3086 2265 παρασχόμενος,
3112 2193 3210 2266 τὴν
3233 2194 3493 2248 πλατεῖαν
3519 2192 3729 2257 ὁδεύεις

2147 2284 2286 2350 ὁδὸν,
2321 2283 2418 2350 τὴν
2474 2287 2554 2349 είς
2612 2283 2841 2339 θάνατον
2874 2286 3182 2356 φέρουσαν;
3230 2285 3295 2339 Ἠ
3338 2285 3446 2357 γὰρ
3493 2282 3732 2340 ἐνταῦθα

2148 2373 2415 2443 ἀφείδεια,
2449 2374 2548 2445 τὴν
2589 2375 2798 2430 ἐκεῖθεν
2830 2374 2984 2445 φέρει
3012 2376 3303 2448 τιμωρίαν.
3359 2376 3425 2429 Ἠ
3477 2375 3535 2430 δὲ
3580 2392 3729 2447 παρ-

2148 2464 2285 2520 οῦσα
2317 2466 2580 2532 κάκωσις,
2614 2467 2709 2521 καὶ
2750 2465 2859 2521 τῶν
2887 2466 3120 2538 ὀρέξεων
3164 2467 3443 2531 στένωσις,
3470 2465 3569 2538 τὴν
3598 2465 3729 2537 μέλ-

2150 2555 2346 2611 λουσαν
2377 2556 2486 2610 τῶν
2520 2556 2740 2626 ἀγαθῶν
2768 2556 3045 2628 ὲτοιμάζει
3076 2557 3398 2612 ἀπόλαυσιν.

2628 2671 2812 2725 PME'.
2853 2698 2921 2709 —
2959 2669 3248 2725 ΜΛΡΩΝῙ.

2576 2763 2705 2815 Ὅτι
2751 2761 3001 2832 φρικτὸν
3036 2763 3352 2831 ἱερωσύνη.
3388 2790 3411 2805 ο

2221 2877 2285 2930 Εἰ
2330 2876 2426 2931 καὶ
2468 2874 2568 2947 τὴν
2610 2872 2912 2946 ἱερωσύνην
2945 2874 3247 2946 περιδρομῇ
3291 2874 3385 2931 καὶ
3430 2875 3747 2945 χρημάτων

2149 2967 2408 3039 ἥρπασας
2430 2966 2585 3037 ὁλκῇ,
2603 2963 2782 3020 λαθὼν
2808 2966 2935 3029 τοὺς
2948 2963 3281 3037 ἀνθρώπους
3296 2965 3372 3030 ὡς
3400 2964 3741 3021 ἀσλεπτοῦν-

2152 3074 2252 3121 τας
2271 3058 2408 3129 πρὸς
2440 3056 2540 3128 τὴν
2570 3054 2861 3128 ἀληθειανο
2895 3055 3041 3110 ἀλλά-
3066 3056 3142 3127 μὴ
3177 3056 3274 3110 καὶ
3298 3057 3398 3127 τὴν
3430 3056 3746 3128 μέλλουσαν

2151 3145 2293 3200 οὓτω
2322 3146 2550 3218 νομίσῃς
2578 3145 2862 3200 λανθάνειν
2882 3142 3259 3200 ἀνταπόδοσιν.
3292 3142 3431 3199 Οὔτε
3461 3143 3570 3215 γάρ
3596 3143 3736 3196 θαυ-

2156 3238 2459 3309 ματουργία
2495 3238 2575 3300 είς
2600 3236 2772 3307 ὄνομα
2801 3236 3038 3308 Χριστοῦ
3071 3235 3332 3307 γινομένη
3370 3236 3525 3307 παρά
3541 3251 3732 3297 τινων,

474 3330 778 3385 daemonum
811 3330 1139 3401 obiurgatio,
1173 3344 1272 3384 nec
1298 3331 1558 3383 virtutum
1606 3327 1896 3383 multarum
1923 3338 2045 3395 ope-

2155 3328 2277 3382 οὖτε
2317 3328 2588 3399 δαιμόνων
2636 3327 2974 3397 ἐπιτίμησις,
3004 3325 3130 3379 οὔτε
3162 3325 3448 3397 δυνάμεων
3480 3325 3747 3396 ἐνέργεια-

475 3422 637 3490 ratio,
675 3436 742 3479 ex
778 3421 1047 3477 horrenda
1094 3420 1314 3475 ﬂamma
1363 3434 1479 3487 eos,
1514 3419 1607 3490 qui
1651 3417 1778 3473 huic
1823 3416 2047 3473 obnoxii

374 3546 381 3557 ι
473 3523 655 3579 erunt,
689 3515 979 3572 extrahere
1020 3513 1244 3585 poterit.
1281 3511 1433 3581 Quod
1480 3512 1527 3567 si
1563 3510 1686 3582 quis
1712 3510 1857 3566 dicat
1891 3525 1906 3564 :
1943 3506 2053 3563 Cur

474 3621 603 3679 ergo
638 3605 783 3662 Deus
815 3604 1145 3661 edendorum
1180 3602 1567 3659 miraculorum
1616 3607 1938 3671 potestatem
1970 3598 2054 3653 in-

478 3698 659 3766 dignis
705 3696 1020 3753 hominibus
1082 3695 1315 3752 faciebat
1338 3695 1440 3749 "‘t
1491 3693 1860 3764 responderim
1909 3704 2050 3763 ego:

477 3786 744 3855 Quoniam
806 3786 1068 3842 Dominus
1115 3785 1179 3839 ad
1231 3784 1624 3841 conciliandam
1691 3780 1895 3837 nomini
1953 3793 2054 3835 suo

478 3877 708 3950 gloriam
739 3876 921 3932 divina
953 3875 1104 3947 signa
1133 3876 1498 3945 perpetrabat,
1522 3882 1633 3927 tum
1667 3879 1723 3925 ut
1752 3870 2051 3926 daemonum

480 3968 710 4025 insidias
755 3966 1091 4039 prohiberet,
1143 3974 1256 4021 tum
1307 3972 1367 4020 ut
1416 3964 1632 4035 planam
1656 3970 1712 4017 et
1737 3960 2050 4017 inoﬁ'ensam

478 4056 771 4127 Evangelio
820 4056 962 4112 viam
1005 4055 1239 4112 muniret
1273 4071 1288 4109 :
1325 4069 1554 4125 quorum
1607 4065 1896 4124 utrumque
1925 4066 2052 4123 gra-

476 4150 685 4205 viorem
708 4148 936 4219 ingratis
972 4148 1281 4205 hominibus
1314 4160 1529 4218 poenam
1566 4145 1775 4215 aﬂ'eret,
1803 4144 1947 4216 quod
1969 4144 2051 4199 vi-

478 4241 674 4296 delicet
697 4250 901 4295 tantam
935 4254 965 4294 a
999 4238 1112 4296 Deo
1134 4240 1432 4311 potentiam
1462 4238 1762 4306 consecuti,
1787 4238 2051 4292 bonorum

479 4337 722 4390 datorem
753 4341 946 4404 sponte
969 4347 1067 4389 sua
1100 4333 1420 4404 ignorarunt
1447 4348 1461 4385 :
1491 4331 1765 4386 daemones
1795 4328 2052 4383 nimirum

478 4425 781 4499 ejicientes,
813 4438 879 4480 ac
914 4424 1134 4480 morbos
1173 4424 1428 4479 invocato
1459 4421 1662 4479 Christi
1685 4421 1903 4477 nomine
1928 4435 2055 4491 pro-

479 4516 747 4588 ﬂigantes,
799 4514 1207 4585 ingratitudinis
1254 4521 1435 4569 autem
1486 4513 1556 4568 ab
1603 4512 1735 4581 ipsis
1791 4512 2050 4570 convicti.

482 4603 765 4674 Siquidem
792 4603 1022 4675 improbi
1053 4617 1119 4659 ac
1146 4601 1431 4660 saevissimi
1458 4603 1729 4658 daemones
1751 4602 2054 4672 obsequen-

2146 3418 2387 3484 πολλῶν,
2427 3417 2705 3483 ἐξελέσθαι
2736 3419 2836 3489 τῆς
2881 3416 3119 3488 φοϐερᾶς
3165 3416 3363 3486 φλογὸς
3404 3417 3532 3480 τοὺς
3560 3417 3735 3470 ὑπευ-

2154 3508 2347 3573 θύνους
2397 3508 2565 3579 αὐτῆς
2617 3508 2929 3580 δυνήσεται.
2976 3509 3040 3561 El
3089 3508 3149 3561 δὲ
3197 3508 3334 3579 φαίη
3371 3524 3475 3575 τις,
3513 3506 3587 3560 Τί
3639 3501 3741 3560 οὖν

2158 3599 2458 3671 συνεχώρει
2495 3601 2523 3652 ὁ
2559 3600 2693 3663 Θεὸς
2721 3603 2834 3665 τοῖς
2863 3602 3104 3667 ἀναξίοις
3144 3599 3216 3653 τά
3258 3600 3532 3670 θαύματα,
3563 3597 3741 3667 φαίην

2154 3691 2297 3760 ἐγώσ
2333 3691 2453 3746 Ὀτι
2486 3680 2576 3745 δίἀ
2606 3693 2706 3763 τὴν
2740 3692 2903 3759 δόξαν
2940 3691 3143 3745 οίκείου
3176 3690 3442 3761 ὀνόματος
3489 3687 3741 3760 ἐπλήρου

2151 3784 2252 3848 τὰς
2280 3783 2609 3853 θεοσημείας
2637 3786 2666 3837 ό
2691 3783 2916 3854 Κύριος,
2942 3785 3037 3839 καὶ
3062 3783 3171 3838 τῶν
3199 3783 3469 3854 δαιμόνων
3507 3779 3739 3835 κωλύων

2163 3872 2482 3939 ἐπιϐουλὰς,
2516 3872 2610 3926 καὶ
2638 3873 2757 3926 ὁδὸν
2794 3872 2876 3944 τῷ
2908 3871 3229 3942 Εὐαγγελίῳ
3259 3867 3536 3941 ὁμαλίζων
3561 3866 3735 3937 ἀπρό-

2160 3981 2361 4019 σκοπον
2378 3980 2394 3995 υ
2426 3963 2571 4034 ἅπερ
2586 3965 2876 4037 ἀμφότερα
2905 3965 3231 4035 κατάκρισιν
3253 3962 3390 4014 οίσει
3413 3960 3524 4023 τοῖς
3551 3956 3737 4026 ἀγνώ-

2158 4072 2282 4126 μοσι
2343 4054 2586 4125 μείζονα,
2641 4056 2723 4108 ὅτι
2774 4054 3045 4125 τοσαύτης
3094 4052 3243 4123 ποιρά
3297 4049 3432 4104 Θεοῦ
3478 4049 3739 4117 τυχόντες

2153 4148 2457 4221 δυνάμεως,
2490 4148 2583 4203 τὸν
2616 4148 2820 4219 δοτῆρα
2844 4146 2952 4199 τῶν
2983 4143 3202 4215 ἀγαθῶν
3237 4141 3498 4203 ἑκουσίως
3530 4138 3739 4209 ἠγνόη-

2157 4257 2276 4306 σαν,
2331 4241 2459 4303 τοὺς
2512 4240 2610 4310 μὲν
2655 4239 2916 4309 δαίμονας
2971 4238 3063 4290 καὶ
3124 4234 3194 4288 τά
3238 4234 3383 4303 πάθη
3446 4229 3741 4299 ἐπικλήσει

2155 4331 2392 4405 Χριστοῦ
2424 4328 2818 4401 θεραπεύοντες
2840 4327 2977 4400 (40),
3011 4326 3296 4397 ἀχάριστοι
3335 4322 3393 4375 δὲ
3427 4321 3522 4374 ὑπ’
3552 4317 3739 4372 αὐτῶν

2154 4424 2524 4495 ἐλεγχόμενοι.
2563 4424 2626 4478 Οἱ
2653 4422 2762 4493 γὰρ
2792 4421 3018 4492 πονηροὶ
3053 4419 3148 4473 καὶ
3174 4415 3519 4487 παγχάλεποι
3543 4411 3738 4482 δαίμο-

2155 4531 2244 4578 νες
2275 4512 2683 4584 εύπειθέστεροι
2711 4511 2917 4564 τούτων
2936 4508 3216 4578 γεγόνασι,
3243 4506 3339 4559 καὶ
3368 4500 3740 4563 δειλιάσαντες

2156 4604 2248 4658 τοῦ
2301 4604 2507 4675 Κυρίου
2540 4603 2602 4655 τὸ
2632 4603 2821 4672 ὄνομα,
2858 4600 2954 4656 καὶ
2990 4602 3086 4653 σὺν
3128 4598 3283 4668 τάχει
3323 4593 3504 4670 πολλῷ
3535 4593 3744 4664 δραπε-

481 4694 647 4750 tiores
674 4708 835 4764 quam
869 4693 958 4748 isti
986 4706 1048 4749 se
1071 4692 1440 4763 praebuerunt,
1477 4699 1536 4746 ut
1576 4691 1669 4762 qui
1711 4691 1922 4747 Domini
1954 4704 2045 4747 no-

2161 4693 2471 4757 τεύσαντες.
2508 4691 2669 4746 Ὅθεν
2699 4692 2885 4754 αὐτοῖς
2913 4692 3153 4761 ἄφυκτος
3177 4686 3468 4759 ἠπείληται
3489 4683 3739 4747 κόλασις,

483 4800 606 4841 men
649 4784 1053 4859 pertimuerint,
1093 4797 1158 4840 ac
1187 4798 1349 4854 quam
1379 4782 1667 4840 celerrime
1699 4782 1755 4838 in
1776 4782 1962 4853 fugam
1995 4796 2056 4838 se

483 4878 752 4934 dederint.
794 4876 1158 4944 Quamobrem
1203 4875 1334 4945 ipsis
1375 4874 1686 4931 inevitabile
1731 4874 2051 4946 supplicium

2168 4805 2188 4839 ι
2206 4786 2574 4856 Ἀποχωρεῖτε
2602 4784 2696 4838 ἀπ’
2730 4782 2888 4857 ἐμοῦ,
2916 4783 3016 4837 οὐκ
3039 4779 3153 4837 οῖδα
3184 4783 3350 4853 ὑμᾶς,
3372 4798 3392 4834 ι
3421 4779 3471 4832 οί
3503 4775 3739 4849 ἐργάται

2161 4877 2259 4947 τῆς
2285 4876 2517 4945 ἀνομίας
2544 4874 2857 4930 ἀκούουσιν.

484 4969 861 5024 denuntiatum
910 4975 1016 5030 est,
1055 4963 1187 5019 illud
1220 4976 1413 5033 nempe
1463 4976 1493 5017 a
1538 4962 1759 5022 Christo
1828 4962 2189 5027 audientibus,
2224 4980 2243 5014 ι
2312 4962 2584 5018 Discedite
2649 4978 2678 5018 a
2714 4961 3078 5033 me,opcrarii
3163 4957 3498 5031 iniquitatis,
3551 4952 3742 5011 nescio

484 5074 582 5117 vos
608 5056 678 5113 ⁸³.

574 5175 622 5208 ⁸⁸
647 5174 841 5230 Matth.
869 5188 968 5240 vn,
992 5173 1046 5227 6.
1119 5172 1164 5204 ⁸⁷
1189 5171 1230 5226 ll
1260 5172 1409 5229 Petr.
1434 5188 1495 5240 ιι,
1523 5173 1616 5229 22.
1656 5219 1660 5223 .
1687 5171 1733 5205 ⁸⁸
1760 5172 1950 5228 Matth.
1980 5188 2041 5237 ιι,

2209 5175 2252 5209 ⁸ο
2277 5172 2322 5227 ll
2349 5173 2496 5230 Petr.
2527 5188 2589 5241 tt,
2620 5174 2711 5229 9.2.
2787 5175 2833 5207 ’°
2855 5173 3051 5230 Matth.
3086 5189 3185 5240 vn,
3215 5174 3302 5228 15.
3378 5172 3423 5206 ³⁸
3447 5169 3581 5227 Luc.
3619 5185 3740 5235 va,

484 5247 576 5323 33.
667 5246 713 5279 "
742 5244 865 5300 Aet.
894 5259 1005 5308 xu,
1035 5241 1097 5296 4.
1146 5242 1336 5298 Matth.
1366 5257 1467 5311 vn,
1499 5242 1590 5297 22.
1689 5244 1737 5276 ’⁸
1772 5243 1904 5300 ibid.
1936 5243 2028 5298 23.

1506 5428 1509 5433 .
1587 5377 1820 5434 VABIE
1857 5377 2243 5435 LECTIONES
2276 5379 2364 5436 ET
2409 5377 2639 5435 ΝΟΤᾹΞ.

487 5499 645 5553 codd.
679 5495 801 5552 Vat.
831 5494 936 5551 649
971 5502 1026 5551 et
1066 5493 1177 5567 Alt.
1234 5494 1654 5565 ἐπιστρέφουσιν
1687 5495 1763 5567 in
1790 5496 2057 5567 ὑποστρέ-

488 5583 683 5632 φουσιν
703 5572 1056 5629 commutant,
1080 5564 1157 5618 uti
1180 5573 1235 5620 et
1262 5579 1407 5620 vers.
1439 5564 1641 5634 penult.
1673 5564 1977 5634 ἀνέγερτος
1998 5568 2047 5620 iu

491 5638 806 5707 ἀνήγερτος.
846 5634 1054 5690 Possm.
1129 5682 1135 5707 ζ

482 5737 489 5747 -
563 5703 679 5777 (ὃθῖ
706 5705 886 5773 Longe
915 5705 1209 5762 correctius
1246 5705 1399 5764 codd.
1430 5706 1552 5761 Vat.
1586 5705 1691 5762 6&9
1720 5713 1774 5763 et
1805 5703 1913 5759 Alt.
1945 5704 2049 5761 hu-

2160 5494 2510 5580 jt't‘s'epistolai
2538 5495 2856 5580 principium
2881 5494 2959 5580 sic
2989 5494 3278 5580 exhibent:
3307 5494 3373 5580 Τί
3402 5494 3499 5580 si}:
3533 5497 3750 5567 στενὴν

2160 5563 2463 5633 είλάμενος,
2493 5566 2587 5620 καὶ
2615 5565 2891 5634 συνθήκας
2917 5563 3058 5634 ὑπὲρ
3087 5564 3279 5633 αὐτῆς,
3315 5573 3422 5617 etc.
3455 5563 3702 5620 Possm.-

2160 5634 2341 5759 ..ιιι
2359 5632 3168 5759 assumas:.2292.

2158 5700 2263 5759 6l9
2286 5700 2339 5761 et
2359 5704 2465 5759 Alt.
2500 5700 2697 5759 habent
2732 5700 3430 5772 cpuyaSsdaavrcg.Possm.
