3986 6398
425 360 527 425 287

1622 356 1682 413 S.
1736 351 2023 412 ISIDOBI
2056 349 2492 412 PELUSIOTxE

3571 331 3676 394 288

427 470 587 535 seris,
632 467 870 524 ferarum
897 475 1146 522 naturam
1203 480 1267 521 ac
1316 463 1727 521 similitudinem
1786 466 1994 534 abjura,

2113 461 2269 513 καλὸν
2302 460 2473 531 τάττῃ
2518 455 2771 526 ποιμένα,
2817 451 2915 523 τὴν
2961 449 3071 504 τῶν
3121 446 3324 518 θηρίων
3371 444 3533 514 φύσιν
3575 444 3680 500 καὶ

428 571 593 631 atque
624 560 796 630 ipsius
817 558 935 615 voci
960 558 1296 628 obtempera,
1321 557 1437 626 qui,
1464 571 1530 610 ne
1554 558 1776 612 omnino
1793 557 1944 625 jures
1963 594 1978 620 ,

427 648 743 720 prohibet".
777 646 945 704 Porro
988 662 1092 702 non
1118 647 1341 716 jurare,
1375 661 1443 701 ne
1461 645 1840 715 jusjurandum
1877 647 1999 714 qui-

427 745 547 795 dcm
579 741 647 794 ab
675 741 781 795 alio
817 741 1033 808 exigere
1073 751 1178 794 est.
1213 737 1347 792 Nam
1380 738 1425 792 si
1446 738 1634 807 jurare
1656 738 1876 792 minime
1894 738 1998 804 vis,

428 845 494 884 ne
523 831 589 885 ab
620 830 744 885 aliis
779 831 1023 898 quidem,
1057 839 1116 882 ut
1138 828 1346 896 jurent,
1385 838 1670 897 extorque,
1701 828 1862 898 idque
1903 829 2000 882 du-

427 922 552 988 plici
585 923 650 977 de
680 937 844 976 causa
873 939 886 975 :
918 921 1175 974 nimirum
1223 929 1314 974 aut
1335 921 1460 990 quia
1485 921 1596 974 veri
1624 921 1897 975 studiosus
1916 928 2001 974 est

426 1011 518 1078 qui
572 1011 968 1081 interrogatur;
1003 1019 1096 1064 aut
1123 1021 1337 1075 contra,
1376 1011 1500 1080 quia
1525 1011 1758 1065 libenter
1796 1011 1994 1065 menti-

428 1109 534 1154 tur.
578 1101 639 1156 Si
688 1103 832 1156 enim
876 1102 967 1155 ille
999 1116 1126 1155 vera
1174 1103 1317 1170 loqui
1359 1102 1518 1168 solet,
1573 1102 1793 1156 omnino
1833 1103 1997 1156 etiam

428 1189 574 1246 nullo
641 1191 960 1260 interposito
1024 1190 1375 1261 jurejurando
1431 1205 1556 1246 vera
1615 1193 1912 1260 loquetur:
1953 1192 1997 1246 si

428 1288 610 1334 autem
640 1281 872 1333 mendax
920 1289 1029 1345 est,
1068 1283 1258 1352 jurans
1293 1282 1458 1334 etiam
1513 1283 1826 1336 mentietur.
1859 1281 2001 1348 Qua-

427 1377 649 1438 propter
702 1369 900 1438 duplici
957 1372 1056 1426 boc
1105 1373 1322 1428 nomine
1379 1371 1756 1442 jusjurandum
1811 1373 1995 1428 haud-

428 1472 697 1528 quaquam
749 1460 1072 1531 exigendum
1112 1472 1216 1517 est.

851 1572 1026 1630 CLVI.
1055 1605 1125 1615 —
1157 1575 1580 1632 EUSTATHIO.

1001 1666 1077 1721 De
1103 1669 1418 1723 sacerdotio.

498 1777 608 1848 Ego
641 1779 854 1848 quidem
901 1779 1119 1847 librum,
1155 1797 1314 1851 quem
1354 1797 1384 1835 a
1419 1797 1503 1837 me
1537 1783 1764 1853 petiisti,
1821 1785 1942 1840 misi
1983 1802 1997 1840 :

429 1870 769 1940 fructumque
801 1887 864 1927 ex
891 1887 956 1928 eo
984 1887 1078 1943 per
1141 1884 1192 1930 te
1220 1883 1498 1944 exspecto,
1521 1877 1613 1945 qui
1653 1876 1720 1931 ab
1747 1877 1998 1933 omnibus

429 1962 571 2029 exigi
629 1963 931 2018 consuevit.
981 1963 1195 2018 Nullum
1245 1965 1422 2030 enim,
1466 1965 1706 2031 nullum,
1747 1967 1990 2037 inquam,

428 2059 617 2118 pectus
670 2053 829 2120 hujus
877 2053 1038 2109 lectio
1088 2056 1416 2125 penetravit,
1457 2055 1568 2128 49
1595 2059 1737 2126 quod
1773 2073 1876 2112 non
1918 2059 2000 2113 di-

431 2141 555 2194 vino
587 2156 771 2196 amore
801 2144 1059 2198 sauciarit
1098 2163 1110 2197 :
1148 2155 1205 2198 ut
1233 2145 1324 2213 qui
1356 2155 1640 2212 augustam
1669 2148 1908 2216 quidem,
1935 2162 2000 2202 ac

427 2234 788 2287 venerandam
825 2250 936 2289 rem
971 2250 1304 2306 accessuque
1329 2236 1601 2292 dimcilem
1635 2240 1999 2294 sacerdotium

426 2335 547 2376 csse
581 2323 852 2391 ostendat,
891 2339 1078 2380 verum
1111 2327 1231 2381 sine
1265 2326 1371 2381 ulla
1406 2329 1844 2398 reprehensionis
1881 2330 2003 2386 labe

426 2415 846 2469 consectandam
895 2430 1018 2471 esse
1072 2417 1284 2471 doceat.
1331 2415 1608 2486 Siquidem
1663 2421 1876 2488 sapiens
1909 2421 2000 2476 ille

428 2511 482 2555 ct
506 2503 749 2559 eruditus
779 2519 1100 2560 arcanorum
1149 2505 1241 2559 Dei
1278 2507 1564 2576 interpres,
1596 2507 1852 2574 Joannes,
1898 2511 2005 2580 By-

431 2593 658 2646 santinre
687 2593 965 2659 Ecclesiae,
989 2604 1151 2664 atque
1175 2597 1313 2650 adeo
1336 2596 1700 2652 Ecclesiarum
1727 2601 1992 2667 omnium,

428 2678 640 2744 oculus,
671 2680 867 2736 librum
917 2698 1040 2737 eum
1077 2685 1150 2738 ita
1193 2684 1466 2739 subtiliter
1499 2695 1552 2740 et
1594 2689 1889 2756 prudenter
1913 2698 1996 2744 at-

428 2783 534 2837 que
578 2780 834 2829 accurate
871 2774 1130 2838 condidit,
1166 2784 1224 2828 ut
1259 2791 1451 2832 omnes
1479 2789 1584 2832 tam
1618 2778 1729 2847 qui,
1777 2788 1835 2833 ut
1891 2780 2000 2835 Deo

430 2863 642 2925 gratum
671 2868 777 2925 est,
811 2863 1111 2918 sacerdotio
1152 2863 1465 2933 funguntur,
1505 2883 1668 2938 quam
1711 2870 1802 2939 qui
1833 2853 2002 2942 negli-

2096 553 2354 622 ὁμοίωσιν
2391 553 2643 620 ἄρνησαι,
2674 548 2766 602 καὶ
2793 548 2860 616 τῇ
2901 545 3051 615 φωνῇ
3086 541 3251 595 αὑτοῦ
3277 539 3669 608 ἀκολούθησον.

2099 643 2174 712 μὴ
2199 643 2396 714 ὀμόσαι
2424 642 2560 704 ὅλως
2601 637 2932 698 κελεύοντος.
2980 635 3054 688 Τὸ
3078 633 3135 688 δὲ
3177 631 3252 704 μὴ
3289 631 3505 702 ὀμόσαι,
3537 628 3673 699 μηδὲ

2096 735 2395 806 ἀπαιτῆσαι
2429 735 2590 804 ὅρκον
2628 729 2798 783 ἐστίν.
2850 729 2912 781 Et
2949 726 3058 797 γὰρ
3107 724 3181 796 μὴ
3233 721 3408 793 βούλει
3449 719 3672 790 ὀμόσαι,

2101 826 2235 897 μηδὲ
2265 826 2395 898 παρ’
2422 825 2625 896 ἐτέρων
2648 824 2810 895 ὅρκον
2833 819 3077 882 ἀπαίτει,
3109 817 3196 870 διὰ
3221 814 3312 868 δύο
3353 811 3555 872 ταύτας
3583 812 3674 864 ati-

2097 919 2241 981 τίας⁶
2265 918 2296 989 ἢ
2327 917 2388 970 τὸ
2408 914 2765 987 ἐπαληθεύειν
2786 912 2878 966 τὸν
2905 907 3356 982 ἐπερωτώμενον,
3383 904 3416 976 ἢ
3443 903 3503 955 τὸ
3524 904 3678 955 ἐναν-

2095 1010 2208 1063 τίον
2235 1008 2295 1061 τὸ
2317 1007 2628 1077 ψεύδεσθαι.
2677 1007 2740 1060 Εἰ
2783 1003 2891 1073 γὰρ
2922 1000 3180 1072 ἀληθεύει
3225 997 3472 1068 συνήθως
3517 996 3545 1046 ὁ
3576 994 3673 1046 ἄν·

2099 1100 2334 1171 θρωπος,
2369 1100 2464 1152 καὶ
2493 1099 2599 1169 πρὸ
2633 1097 2726 1151 τοῦ
2753 1097 2916 1166 ὅρκου
2952 1094 3169 1155 πάντως
3208 1087 3496 1160 ἀληθεύει·
3540 1085 3590 1137 εἰ
3617 1083 3678 1171 δὲ

2098 1169 2336 1262 ψεύστης
2364 1192 2499 1254 ἐστὶ,
2533 1189 2627 1243 καὶ
2648 1187 2863 1258 ὀμνύων
2889 1185 3145 1256 ψεύδεται
3171 1181 3307 1256 (50).
3340 1179 3414 1233 Οὑ
3452 1175 3560 1249 χρὴ
3581 1169 3682 1228 οὖν,

2099 1285 2260 1355 ὅρκον
2300 1285 2552 1338 ἀπαιτεῖν
2579 1283 2648 1336 δι’
2677 1278 2987 1351 ἀμφότερα.

2543 1576 2729 1642 PNq'.
2771 1605 2842 1614 -
2879 1570 3237 1642 ΕΥΣΤΑΘΙῼ.

2632 1666 2771 1735 Περὶ
2805 1665 3135 1734 ἱερωσύνης

2188 1778 2328 1847 Ἐγὼ
2379 1780 2478 1850 μὲν
2502 1778 2598 1849 τὴν
2629 1777 2808 1848 βίϐλον
2847 1777 2912 1847 ἢν
2954 1775 3226 1846 ἐζήτησας
3267 1771 3556 1841 πέπομφα,
3586 1769 3681 1821 καῖ

2106 1869 2316 1938 καρπὸν
2344 1869 2402 1934 ἐξ
2437 1868 2604 1938 αὐτῆς
2633 1867 2720 1922 διὰ
2765 1865 2859 1918 σοῦ
2908 1865 3254 1937 περιέμενον,
3283 1863 3343 1925 ὃς
3381 1861 3491 1932 (51)
3529 1859 3683 1930 παρὰ

2106 1963 2320 2016 πάντων
2367 1962 2612 2033 συνήθως
2659 1961 3066 2030 εἰσπράττεται.
3099 1958 3172 2010 Ού
3214 1956 3322 2028 γὰρ
3365 1955 3513 2008 ἐστιν
3538 1996 3552 2020 ,
3581 1955 3683 2006 οὐκ

2105 2053 2221 2106 ἐστι
2257 2053 2473 2124 καρδία,
2504 2055 2570 2124 ἢν
2617 2051 2847 2122 ὲτᾱιλθεν
2895 2051 2927 2120 ή
2976 2050 3178 2120 ταύτης
3227 2048 3556 2115 ἀνάγνωσις,
3587 2045 3686 2096 καὶ⁵

2106 2143 2242 2212 πρὸς
2264 2144 2353 2196 τὸν
2377 2143 2518 2196 θεῖον
2541 2143 2709 2214 αὐτὴν
2729 2142 2829 2195 ούκ
2855 2141 3091 2211 ἔτρωσεν
3119 2138 3296 2209 ἔρωτα
3315 2154 3328 2166 ·
3360 2137 3559 2206 σεπτὴν
3583 2136 3688 2205 μὲν

2107 2234 2207 2304 τὴν
2248 2234 2546 2304 ἱερωσύνην
2574 2234 2670 2286 καὶ
2705 2232 3064 2304 δυσπρόσιτον
3091 2229 3334 2294 δείξασα,
3376 2229 3686 2297 ἀμέμπτως

2107 2327 2163 2380 δὲ
2196 2328 2363 2397 αὐτὴν
2397 2326 2756 2398 μετέρχεσθαι
2781 2324 3066 2389 διδάξασα·
3088 2325 3117 2376 ό
3145 2323 3254 2394 γὰρ
3289 2323 3394 2377 τῶν
3418 2320 3509 2374 τοῦ
3545 2317 3685 2373 Θεοῦ

2109 2420 2434 2489 ἀπορρήτων
2475 2417 2636 2486 σοφὸς
2677 2417 2960 2486 ὑποφήτης
3001 2414 3274 2482 Ἰωάννης,
3310 2415 3339 2465 ό
3363 2411 3463 2481 τῆς
3491 2413 3548 2464 ὲν
3579 2410 3689 2463 Βυ-

2109 2507 2308 2578 ζαντίῳ
2341 2506 2665 2577 Ἐκκλησίας
2690 2505 2782 2560 καὶ
2802 2506 2984 2576 πάσης
3002 2503 3300 2574 ὀφθαλμὸς,
3321 2502 3493 2564 οὕτως
3515 2500 3688 2570 αὐτὴν

2105 2598 2316 2661 λεπτῶς
2345 2598 2439 2651 καὶ
2464 2596 2684 2660 πυκνῶς
2718 2594 3108 2665 ὲξηκρίϐωσεν,
3141 2595 3282 2647 ὥστε
3327 2593 3532 2654 πάντας
3559 2590 3690 2653 τούς

2107 2707 2164 2743 τε
2188 2690 2328 2743 κατὰ
2357 2689 2489 2742 Θεὸν
2516 2686 2914 2758 ἱερατεύοντας,
2944 2684 3072 2748 τούς
3105 2702 3164 2737 τε
3188 2682 3448 2754 ῥᾳθύμως
3487 2683 3692 2752 ἱερατι-

2108 2780 2210 2852 κὴν
2238 2780 2730 2852 μεταχειρίζοντας,
2754 2781 2812 2832 ὲν
2855 2776 3028 2848 ταύτῃ
3067 2775 3137 2829 τὰ
3183 2775 3358 2828 οίκεία
3402 2773 3688 2843 εὑρίσκειν

2109 2872 2511 2947 κατορθώματά
2535 2889 2596 2924 τε
2622 2872 2719 2926 καὶ
2753 2869 3084 2940 σκώμματα.

433 2955 621 3014 genter
663 2959 716 3006 et
761 2951 953 3021 ignave
1005 2955 1398 3012 sacerdotalem
1463 2958 1780 3028 dignitatem
1869 2963 2272 3030 administrant,
2346 2965 2434 3019 hic
2473 2971 2528 3018 et
2608 2962 2838 3017 virtutes
2866 2973 2994 3017 suas
3037 2965 3092 3013 et
3141 2955 3464 3012 oﬂ'ensiones
3529 2967 3687 3025 repe-

434 3035 599 3094 riant.

573 3153 775 3210 CLVII.
804 3185 875 3198 —
899 3156 1286 3216 PANSOPHIO
1308 3160 1834 3220 ARCHIDIACONO.

882 3249 965 3302 Ad
1035 3252 1326 3305 sacerdotes
1352 3268 1556 3306 avaros.

501 3361 558 3418 Si
605 3361 803 3420 Christi
853 3363 1010 3421 altari
1051 3365 1327 3421 ministras
1357 3409 1372 3434 ,
1404 3369 1469 3423 da
1519 3382 1737 3438 operam
1783 3381 1841 3425 ut
1884 3384 2007 3424 cum

435 3454 598 3524 ipsius
621 3455 825 3525 legibus
859 3470 1052 3511 munus
1086 3465 1231 3512 tuum
1260 3459 1638 3524 administres,
1672 3468 2007 3514 mansuetum

434 3544 680 3600 videlicet
719 3553 880 3615 atque
948 3547 1112 3601 corde
1182 3548 1436 3603 humilem
1481 3559 1534 3602 et
1577 3549 1904 3605 submissum
1959 3558 2012 3604 te

434 3634 698 3701 praebens.
747 3634 931 3703 Neque
959 3635 1100 3689 enim
1155 3637 1421 3692 forensem
1469 3641 1758 3707 quamdam
1815 3639 2008 3709 prafe-

438 3731 651 3776 cturam
684 3731 846 3792 atque
878 3723 1188 3793 imperium,
1213 3725 1350 3781 l‘astu
1378 3742 1444 3783 ac
1472 3743 1661 3799 pompa
1692 3739 1746 3785 et
1778 3729 2011 3784 insolen-

438 3813 510 3865 tia
543 3813 804 3867 tttmidum
842 3823 1077 3870 tractas:
1111 3829 1293 3872 verum
1330 3829 1580 3888 pacatum
1631 3836 1695 3875 ac
1748 3820 2010 3890 tranquil-

442 3905 549 3957 lum
595 3904 976 3960 ministerium.
1021 3907 1171 3973 Quod
1211 3908 1254 3964 si
1288 3923 1419 3978 opes
1469 3909 1670 3978 iniquis
1712 3910 2009 3964 rationibus

437 3995 673 4050 collectae
702 3997 906 4052 animos
940 3998 1034 4054 tibi
1064 3999 1272 4068 tollunt,
1310 4001 1439 4068 ipsae
1461 4001 1675 4069 quidem
1727 4000 2006 4056 confestim

436 4097 775 4151 evomentur,
808 4096 867 4142 ut
897 4103 1014 4159 qua:
1057 4098 1244 4144 natura
1291 4090 1430 4144 ﬂuxa
1457 4099 1510 4145 et
1547 4090 1823 4146 instabiles
1851 4090 1958 4146 sint
1989 4107 2004 4144 :

2258 3163 2428 3216 PNZ'.
2453 3192 2523 3201 —
2551 3160 2894 3231 ΠΑΝΣΟΦΙῼ
2923 3157 3390 3228 ΑΡΧΙΔΙΑΚΟΝῼ
3408 3155 3542 3227 (55).

2305 3253 2462 3322 Πρὸς
2490 3252 2666 3322 ἱερεῖς
2707 3252 3108 3322 φιλαργυρίαν
3137 3248 3497 3314 νοσοῦντας.

2187 3365 2250 3416 Εί
2279 3363 2357 3432 τῷ
2387 3363 2624 3434 Χριστοῦ
2666 3364 2934 3425 διακονεῖς
2971 3361 3360 3433 θυσιαστηρίῳ,
3405 3359 3544 3430 μετά
3580 3359 3692 3414 τῶν

2115 3457 2282 3509 αὑτοῦ
2333 3456 2512 3526 νόμων
2575 3456 2812 3527 μετέρχῃ
2845 3456 2958 3526 (52)
3003 3456 3103 3528 τὴν
3152 3455 3492 3526 λειτουργίαν
3553 3471 3687 3520 σου,

2117 3548 2288 3617 πρᾶος
2319 3547 2413 3600 καὶ
2461 3547 2716 3610 ταπεινὸς
2745 3550 2812 3616 τῇ
2857 3547 3056 3618 καρδίᾳ
3093 3547 3436 3617 φαινόμενος.
3471 3545 3547 3598 Ού
3581 3546 3695 3615 γὰρ

2117 3636 2398 3706 πολιτικήν
2420 3654 2541 3689 τινα
2565 3637 2825 3706 χειρίζεις
2847 3638 3162 3709 ἠγεμονίαν,
3185 3636 3340 3707 τύφῳ
3369 3637 3463 3694 καὶ
3491 3637 3696 3708 κόμπῳ

2118 3727 2582 3796 φλεγμαίνουσαν
2620 3727 2756 3782 ἀλλὰ
2790 3727 3064 3782 διακονίαν
3115 3729 3396 3798 εἰρηνικὴν
3431 3728 3525 3782 καὶ
3558 3729 3694 3781 ἀτά-

2117 3832 2298 3886 ραχον.
2333 3815 2396 3868 Εἰ
2424 3815 2480 3868 δὲ
2509 3816 2735 3880 πλοῦτος
2761 3816 2943 3881 ἄδικος
2965 3817 3251 3888 συναχθεὶς
3289 3819 3575 3888 ὑπεραίρει
3605 3834 3688 3883 σε,

2114 3903 2276 3967 αὐτὸς
2319 3905 2416 3973 μὲν
2462 3905 2654 3960 θᾶττον
2687 3906 3096 3976 έξεμεθὴσεται,
3133 3908 3366 3978 ῥευστὴν
3407 3907 3546 3977 ἔχων
3587 3909 3693 3977 τὴν

2115 3985 2276 4065 φύσιν
2297 3995 2394 4048 καὶ
2423 3995 2654 4050 ἄστατον
2669 4012 2683 4029 ο
2709 3997 2773 4050 σὺ
2795 3997 2851 4050 δὲ
2871 3997 3036 4050 πολὺν
3056 3997 3315 4068 ὀφλήσεις
3338 3998 3429 4051 τὸν
3451 3997 3689 4066 γέλωτα,

2114 4091 2224 4152 τοῖς
2257 4089 2691 4160 παρατρέχουσιν
2725 4089 2799 4154 ὼς
2837 4091 3036 4144 ἑστῶσι
3059 4089 3428 4162 προσθέμενος

439 4189 493 4232 ιιι
520 4194 649 4234 vero
673 4181 942 4252 ingentem
975 4182 1051 4238 tui
1083 4183 1250 4239 risum
1279 4185 1564 4273 excitabis,
1596 4186 1690 4256 qui
1719 4184 2174 4256 praetereuntibus
2233 4187 2396 4241 rebus
2451 4195 2704 4255 tanquam
2782 4184 2956 4242 ﬁrmis
3027 4200 3094 4241 ac
3135 4183 3415 4241 stabilibus
3447 4186 3690 4240 animum

438 4270 727 4328 addixeris.‘

715 4391 937 4448 CLVIII.
964 4395 1300 4490 —’PRISCO
1328 4396 1546 4453 CAPPA
1557 4397 1727 4454 DOCI.

509 4503 720 4558 Saevum
751 4519 806 4559 et
828 4507 1194 4575 importunum
1223 4518 1384 4577 atque
1409 4517 1750 4578 arrogantem
1785 4516 1836 4562 te
1863 4519 2003 4572 esse,

439 4594 823 4666 hominumque
879 4605 1129 4652 naturam
1183 4599 1526 4668 improbitate
1575 4611 1833 4669 superare
1887 4598 2011 4667 qui-

438 4685 560 4740 dam
589 4685 757 4742 aiunt.
795 4686 906 4759 Ego
931 4703 1062 4744 vero
1095 4704 1217 4751 eum
1245 4689 1476 4745 absurda
1508 4689 1672 4745 multa
1710 4689 1777 4744 de
1830 4697 1880 4744 te
1925 4689 2012 4744 de-

533 4835 552 4866 ⁶
576 4839 764 4896 Matth.
813 4857 864 4909 v,
900 4842 989 4897 ⁸54.

2313 4392 2491 4446 ΡΝΗ’.
2519 4422 2586 4430 -
2614 4392 2869 4462 ΠΡΙΣΚῼ
2900 4391 3332 4465 ΚΑΠΠΑΔΟΚῌ
3355 4393 3490 4462 (55).

2185 4504 2380 4557 Σκαιόν
2418 4504 2477 4556 σέ
2509 4505 2641 4574 φασί
2680 4521 2824 4567 τινες
2865 4507 2959 4557 καὶ
3005 4502 3240 4567 ἀλαζόνα
3286 4506 3384 4559 καὶ
3423 4506 3692 4574 ύπερόαί-

2115 4612 2273 4648 νοντα
2307 4595 2404 4667 τήν
2439 4597 2599 4666 φύσιν
2635 4595 2743 4648 τῶν
2759 4595 3063 4664 ἀνθρώπων
3095 4596 3410 4666 φαυλότητι.
3453 4596 3595 4663 Ἐγὼ
3631 4597 3690 4650 δὲ

2119 4686 2327 4742 πολλῶν
2364 4688 2492 4761 περὶ
2523 4688 2616 4742 σοῦ
2649 4687 2877 4758 ἀπηχῶν
2907 4687 3184 4759 ᾀδομένων
3213 4688 3313 4741 οὐκ
3343 4687 3451 4758 ἔχω
3479 4687 3539 4740 τὸ
3570 4689 3693 4749 πεί-

1533 4954 1768 5010 νΑΡιΙίΕ
1817 4954 2202 5013 LECTIONES
2253 4954 2340 5010 ET
2385 4954 2616 5011 NOTZE.

515 5108 624 5177 (50)
669 5107 915 5178 Suggerit
955 5108 1075 5163 cod.
1122 5107 1232 5161 Alt.
1285 5105 1426 5178 unde
1477 5109 1759 5178 commode
1785 5109 2006 5178 expleas

439 5178 686 5231 lacunam
721 5177 982 5248 asterisco
1009 5180 1312 5248 signatam;
1353 5177 1630 5232 interserit
1674 5178 1818 5232 enim
1848 5177 2006 5247 δῆλον

440 5261 561 5319 ante
583 5248 642 5319 οὐ
665 5249 793 5319 χρὴ.
823 5246 1031 5319 Possm.

515 5317 626 5386 (5i)
665 5313 816 5370 Vers.
847 5316 882 5368 ἓ
921 5331 1015 5384 pro
1054 5316 1112 5378 ὃς
1152 5315 1286 5386 lege,
1315 5313 1372 5367 ὃν
1395 5357 1409 5380 ,
1443 5316 1486 5370 si
1527 5316 1748 5386 credere
1778 5316 1997 5385 dignum

442 5385 614 5454 putas
659 5387 829 5438 tribus
887 5386 1044 5440 bonis
1085 5385 1425 5452 auctoribus,
1469 5387 1621 5441 codd.
1691 5385 1808 5440 Vat.
1871 5387 1997 5450 649,

447 5457 613 5508 δῖοι-ι.
643 5465 694 5508 et
729 5455 836 5506 Alt.
878 5454 1084 5510 Possm.

518 5525 628 5594 (5‘2)
665 5523 816 5577 Vcrs.
850 5525 885 5576 ‘2
919 5523 1300 5594 ριόίμετέρχῃ
1329 5523 1484 5578 codd.
1513 5523 1632 5577 Vat.
1671 5523 1772 5578 649
1811 5537 1865 5579 et
1895 5526 1999 5578 Alt.

518 5541 628 5594 (:32)
673 5541 816 5577 vcrs.
850 5541 885 5576 2
919 5541 1014 5592 pro
1061 5541 1300 5646 p.51:ng
1329 5541 1484 5578 couu.
1522 5541 1632 5577 vat.
1671 5541 1772 5578 υίιυ
1811 5541 1865 5579 et
1895 5541 1999 5578 All.

449 5593 646 5664 habent
687 5594 971 5664 μετέρχου.
1007 5593 1157 5646 Vcrs.
1256 5597 1414 5664 iidem
1447 5608 1540 5659 pro
1577 5595 1896 5663 φαινόμενος
1927 5596 2000 5650 le-

448 5673 578 5728 gunt
604 5661 1036 5734 διαφαινόμενος.
1074 5664 1223 5717 Vcrs.
1262 5663 1314 5728 6,
1361 5661 1619 5734 dtStxogiiit
1657 5661 1851 5728 ἀδίκως
1888 5681 2004 5717 mu.

451 5739 602 5799 tant,
636 5735 1018 5802 congruentius
1060 5737 1126 5789 ad
1160 5733 1500 5788 sententiain.
1544 5733 1780 5803 Denique
1812 5739 1862 5788 iu
1901 5735 2002 5788 line

2116 5124 2145 5163 a
2191 5109 2589 5178 προσθέμενος,
2634 5108 2768 5163 ιοΙΙίι
2804 5127 2832 5162 σ
2873 5124 3012 5166 unus
3065 5109 3189 5164 Vat.
3227 5108 3373 5176 649,
3415 5110 3690 5177 scribens,

2114 5179 2468 5251 προθέμενος.
2503 5179 2706 5251 Possm.

2185 5246 2299 5330 (55)
2330 5249 2382 5303 In
2414 5248 2567 5329 ti_tulo
2588 5249 2751 5330 hujus
2785 5246 3026 5330 epistolae
3050 5249 3376 5330 sitpp-lendus
3408 5249 3459 5302 in
3494 5249 3690 5330 Graeco

2107 5317 2364 5390 articulus
2403 5317 2480 5387 τῷ
2511 5329 2633 5373 ante
2673 5317 3225 5390 Καππαδόκῃανί.
3262 5319 3607 5390 πράγματος
3631 5319 3686 5370 in

2102 5389 2385 5458 τάγματος
2421 5397 2567 5442 recte
2607 5398 2814 5458 mutant
2841 5389 2946 5440 duo
2972 5387 3128 5458 codd.
3166 5387 3286 5442 Vat.
3309 5387 3425 5442 ’649
3462 5398 3516 5442 et
3546 5389 3686 5453 Alt.,

2104 5456 2267 5528 utlet
2304 5459 2409 5511 Alt.
2459 5458 2664 5528 νοτε.γῦ
2693 5457 2856 5527 ἑτέρα
2900 5458 2950 5528 in
2990 5456 3239 5528 Oct-cepa:
3265 5457 3452 5528 Hiatus
3489 5471 3679 5528 versus

2105 5527 2171 5580 12
2203 5530 2464 5582 asterisco
2506 5525 2797 5589 indicatus,
2825 5525 3072 5594 expletur
3109 5525 3158 5578 in
3200 5527 3320 5580 Vat.
3350 5526 3454 5580 649
3487 5526 3682 5594 etAlt.

2103 5598 2302 5661 addito,
2347 5598 2584 5659 πάντως.
2615 5595 2768 5650 Vers.
2801 5593 2916 5664 seq.
2956 5610 2985 5650 e
3023 5598 3243 5664 regione
3275 5596 3439 5656 vocis,
3465 5593 3684 5665 ἀνθρώφ

2106 5684 2234 5732 πους,
2267 5668 2373 5721 Alt.
2405 5669 2457 5722 in
2495 5666 2736 5735 margine
2766 5665 2962 5734 signat,
2994 5666 3264 5737 πατέρ-κς.
3293 5665 3497 5722 Possm.
