3986 6430
278 344 388 410 Ξ89

1231 347 1767 412 EPISTOLARUM
1801 349 1948 408 LIB.
1992 347 2042 406 Ι.
2085 371 2153 379 -
2195 345 2433 408 EPIST.
2468 349 2662 410 CLXI.

3445 349 3554 416 290

289 459 494 521 θεσθαι,
537 456 756 527 ἀγνοῶν
807 474 868 512 σε
941 459 1290 514 παντάπασιν
1341 461 1471 532 μίαν
1505 462 1562 516 δὲ
1610 459 1878 530 συγκατά-

1988 465 2288 525 cantentur,
2323 459 2390 514 iis
2425 467 2602 514 tamen
2654 459 2812 514 iltlem
2847 459 3103 516 adhibere
3151 475 3380 532 nequeo,
3411 475 3556 536 quod

288 552 432 604 θεσιν
463 549 604 621 πρὸς
641 549 745 612 τὰς
787 550 1099 622 τραγῳδίας
1131 552 1525 624 τεκμαίρομαι,
1557 551 1618 606 τὸ
1639 552 1738 623 τῆς
1766 569 1873 604 πα-

283 643 465 715 τρίδος
517 639 839 699 ἀλλόκοτον.
896 643 1010 697 Καὶ
1052 642 1270 697 δέδοικα
1331 646 1406 715 μή
1456 661 1589 698 ποτε
1642 644 1872 716 θατέρου

282 734 612 805 πράγματος
663 733 935 806 ὑπάρχεις
985 736 1372 790 Καππαδοκῶν
1413 737 1508 791 τοῦ
1563 739 1698 792 πᾶσι
1740 755 1875 791 κατ-

282 826 611 897 εστιγμένυυ
639 829 755 891 τοῖς
783 825 1184 898 ἐλαττώμασιν.
1213 829 1370 882 Ἔστι
1391 827 1502 900 γὰρ
1530 823 1879 900 αὖθιςὲτέρα

285 919 454 990 μοῖρα
480 915 878 970 Καππαδοκῶν
909 917 1242 988 πανάριστος
1261 935 1277 951 ·
1321 918 1414 986 ἀφ’
1453 913 1523 988 ἦς
1547 920 1746 974 ἐκεῖνοι
1783 937 1877 990 γε·

281 1009 533 1077 γόνασιν,
571 1009 622 1062 οἱ
662 1004 946 1080 πανταχοῦ
969 1008 1048 1080 τῷ
1078 1011 1223 1078 φωτὶ
1242 1009 1341 1080 τῆς
1363 1006 1573 1066 ὲαυτῶν
1602 1011 1878 1077 πολιτείας

277 1101 381 1156 καὶ
419 1100 715 1165 νουθεσίας
753 1099 824 1155 τὰ
870 1097 972 1172 τῆς
1003 1101 1109 1172 γῆς
1139 1101 1572 1174 δᾳδουχήσαντες
1603 1104 1872 1176 τέρματα.

278 1190 514 1262 Ἐπειδὴ
567 1187 667 1246 οὖν
713 1191 810 1246 καὶ
874 1185 1174 1264 ἱερωσύνην
1230 1209 1313 1246 σοι
1359 1193 1562 1266 πράσις
1617 1192 1874 1265 ἐπέθηκε,

276 1286 564 1358 φοϐήθητι
604 1287 733 1350 τοὺς
762 1285 1059 1358 θεοφόρους
1101 1287 1347 1352 ἐκείνους
1397 1286 1737 1358 ἀνθρώπους,
1785 1287 1879 1340 καὶ

277 1381 316 1450 ἦ
337 1381 439 1452 τὴν
469 1379 658 1435 αὐτῶν
689 1380 1010 1452 προαίρεσιν
1051 1380 1316 1451 μίμησαι,
1354 1380 1388 1450 ἢ
1420 1379 1520 1452 τὴν
1557 1379 1736 1433 αὐτῶν
1771 1379 1882 1433 λει-

279 1471 550 1544 τουργίαν
579 1471 660 1543 μὴ
683 1470 898 1543 ὕϐριζε.
929 1470 1121 1543 Είγὰρ
1150 1470 1214 1525 τό
1243 1471 1336 1524 ὑπ’
1355 1472 1536 1526 αὐτῶν
1558 1471 1878 1542 ἐλεγχθῆναι

281 1565 538 1637 συμϐαίη
571 1583 680 1634 σοι,
711 1564 836 1620 οὐδὲ
874 1563 942 1620 τὺ
992 1563 1145 1636 παρὰ
1193 1565 1434 1636 Χριστοῦ
1475 1563 1878 1634 κατακριθῆναι

275 1654 623 1725 λελείψεται.

570 1853 750 1908 PNB’.
786 1881 860 1893 —
882 1852 1187 1923 ΛΕΟΝἸἹῼ
1221 1851 1594 1922 ΕΠΙΣΚΟΠῼ.

821 1942 966 2011 Περὶ
990 1945 1342 2012 ἱερωσύνης.

348 2055 544 2128 Μηδὲν
571 2055 686 2128 (δι)
731 2053 988 2126 ἐμποδὼν
1031 2054 1110 2125 τῷ
1155 2053 1250 2108 τοῦ
1301 2053 1510 2124 Κυρίου
1560 2053 1879 2125 Εὖαγγελίῳ

269 2144 545 2214 γινέσθω,
578 2143 718 2216 μηδὲ
754 2141 1146 2215 περισπασμὸς
1173 2145 1242 2214 τῇ
1279 2145 1624 2214 πνευματικῇ
1653 2142 1880 2197 ἀκολου-

272 2235 452 2290 θείτω
487 2233 838 2306 διδασκαλίᾳ,
874 2233 1014 2306 μηδὲ
1039 2232 1268 2304 θόρυϐος
1299 2236 1366 2304 τῇ
1405 2233 1681 2303 ἐπωφελεῖ
1704 2231 1877 2287 διαλέ-

271 2328 364 2395 ξει
399 2327 760 2400 μεσιτευέτω.
802 2324 944 2381 Οὔτε
977 2325 1087 2397 γὰρ
1123 2325 1360 2398 Χριστὸς
1403 2325 1739 2397 ζητούμενος
1775 2325 1880 2380 ὑπὸ

267 2420 382 2490 τῆς
419 2419 668 2491 μητέρος
707 2419 804 2473 καὶ
839 2419 951 2472 τῶν
994 2417 1262 2488 ἀδελφῶν,
1310 2416 1493 2472 αὐτῶν
1537 2416 1638 2488 τὴν
1680 2417 1878 2488 κλῆσιν

267 2510 633 2580 προσήκατο,
673 2509 842 2580 ἡνίκα
883 2507 1172 2579 δογμάτων
1213 2507 1517 2580 ἀπήρξατο,
1558 2508 1654 2563 καὶ
1699 2525 1878 2579 σωτη-

269 2600 406 2671 ρέαν
455 2602 576 2664 τοῖς
617 2599 920 2672 ἀκροαταῖς
962 2597 1378 2670 κατειργάζετο,
1411 2598 1627 2664 δεικνὺς
1659 2599 1734 2664 ὡς
1773 2600 1880 2672 χρὴ

265 2690 387 2745 τῶν
427 2690 726 2762 σαρκικῶν
782 2687 926 2746 εἶναι
971 2689 1043 2744 τὰ
1087 2689 1436 2762 πνευματικὰ
1481 2691 1876 2762 προτιμότερα.

261 2780 437 2836 Οὕτω
496 2783 599 2836 καὶ
639 2783 688 2836 οἱ
740 2781 908 2837 αὐτοῦ
969 2781 1210 2853 μαθηταὶ
1256 2780 1369 2856 [cdt]
1428 2781 1537 2836 τῶν
1589 2781 1879 2853 τραπεζῶν

257 2875 684 2944 παρῃτήσαντο
730 2873 830 2944 τὴν
879 2872 1170 2944 ἐπίσκεψιν
1215 2870 1522 2944 ἀναγκαίαν
1572 2870 1740 2928 οὖσαν
1776 2873 1874 2928 διὰ

261 2965 404 3027 τοὺς
457 2964 732 3034 πένητας.

651 3164 775 3220 ΡΞι.
819 3194 893 3206 -
925 3165 1220 3238 “mra
1254 3166 1526 3240 ΙΣΑΥΡῼ.

565 3255 716 3324 Περὶ
756 3255 865 3310 τοῦ
899 3255 1032 3311 δεῖν
1065 3256 1326 3314 πάντοτε
1359 3257 1596 3328 νήφειν.

349 3369 667 3440 Κρείττονά
695 3387 762 3423 σε
785 3371 992 3435 πάντες
1013 3371 1106 3424 τοῦ
1128 3372 1340 3440 γένους,
1373 3372 1470 3426 καὶ
1497 3373 1598 3442 τῆς
1620 3373 1882 3444 πατρίδος

283 3457 402 3532 [σε]
428 3461 677 3529 λέγουσι,
709 3464 809 3515 καὶ
840 3461 1080 3532 χρηστὸν
1099 3465 1216 3526 τοῖς
1244 3463 1432 3534 ήθεσιν
1451 3464 1878 3534 ἀπαγγέλλουσι,

287 3550 396 3620 τὴν
419 3550 527 3605 τῶν
557 3551 708 3624 ὀρῶν
743 3551 1066 3624 τραχύτητα
1091 3554 1206 3623 (55)
1241 3554 1316 3626 μὴ
1345 3555 1717 3626 κρατήσαντα,
1747 3555 1882 3610 ἀλλὰ

285 3640 388 3694 τὸν
407 3641 624 3714 Θέκλης
660 3643 765 3714 τῆς
796 3644 1270 3716 πρωτομάρτυρος
1301 3645 1397 3700 καὶ
1427 3645 1626 3716 τρόπον
1659 3647 1755 3700 καὶ
1782 3663 1882 3716 ση-

275 3732 380 3786 κὸν
429 3735 835 3804 ἀγαπήσαντα.
880 3733 994 3788 Καὶ
1045 3733 1320 3804 μακάριος
1365 3732 1418 3788 εἶ
1463 3734 1760 3806 πτωχεύων
1794 3736 1882 3808 [ἐκ

267 3823 510 3896 ψυχῆς.]
549 3825 734 3878 Τοῦτο
769 3825 881 3896 γὰρ
922 3823 1032 3878 τῶν
1061 3823 1270 3878 πιστῶν
1315 3825 1620 3880 ἐπαινετόν.
1655 3827 1768 3882 Καὶ
1793 3825 1884 3880 εὕ-

263 3915 444 3986 χομαί
493 3932 554 3968 σε
601 3919 790 3986 μεῖναι
829 3914 1134 3987 ἄτρεπτον,
1182 3915 1372 3986 ἐπειδὴ
1409 3916 1562 3972 οὐδὲν
1605 3918 1882 3990 σταθερὼ-

267 4022 438 4075 τερον
457 4006 692 4077 ἔχομεν,
711 4005 832 4060 ἀλλ’
856 4005 933 4069 ὡς
953 4006 1177 4078 ἀνέμοις
1201 4008 1323 4072 ταῖς
1344 4007 1574 4078 κούφαις
1599 4007 1748 4079 βοαῖς
1767 4010 1880 4083 (56)

269 4095 647 4166 ριπιζόμεθα.

682 4320 858 4374 rex.
883 4351 958 4362 —
979 4320 1170 4394 ΘΩΜᾼ
1195 4323 1493 4381 KOMHTI.

349 4431 465 4487 Καὶ
497 4433 743 4505 γράφεις
786 4434 1079 4508 λαμπρῶς,
1123 4438 1221 4492 καὶ
1251 4439 1494 4510 πέμπεις
1529 4437 1732 4512 ἁϐρῶς.
1769 4439 1882 4496 Καὶ

289 4522 470 4592 μένοις
493 4525 748 4598 φαιδρῶς
778 4527 893 4600 (57)
921 4531 952 4582 ό
983 4535 1094 4595 τοῖς
1117 4533 1252 4586 πᾶσι
1281 4532 1538 4604 χρηστός.

375 4787 399 4820 ³
426 4788 623 4847 Matth.
655 4807 758 4858 xu,
797 4791 890 4848 46.
966 4793 1128 4850 oAct.
1162 4810 1238 4862 vr,
1267 4794 1305 4850 2
1336 4809 1492 4867 seqq.

1981 557 2034 604 te
2078 563 2302 618 prorsus
2375 551 2616 621 ignorem
2644 569 2658 606 :
2691 567 2852 606 unum
2900 551 3116 606 demum
3144 561 3261 620 est,
3293 557 3436 624 quod
3472 572 3559 612 me

1977 639 2042 694 ad
2094 641 2542 696 commodandam
2595 641 2678 696 bis
2731 642 3010 712 tragoediis
3044 642 3203 700 ﬁdem
3246 647 3558 714 conjectura

1977 730 2210 800 quadam
2257 731 2427 795 ducit,
2461 731 2716 785 nimirum
2777 733 3082 803 prodigiosa
3130 737 3316 802 patriae
3355 736 3559 806 impro-

1975 819 2134 874 bitas.
2183 821 2259 874 Ac
2307 835 2502 875 vereor
2549 833 2618 876 ne
2657 831 2712 874 tu
2755 821 2900 880 illius
2954 825 3330 895 Cappadocum
3390 827 3560 896 partis

1977 911 2071 976 sis,
2105 926 2225 980 quae
2273 911 2420 966 omni
2471 911 2726 966 vitiorum
2776 929 2976 984 genere
3021 918 3197 971 inusta
3229 928 3334 972 est.
3371 917 3558 972 Altera

1975 1003 2117 1055 enim
2171 1017 2384 1056 rursum
2429 1003 2810 1075 Cappadocum
2842 1020 2968 1076 pars
3021 1023 3182 1077 quam
3211 1009 3434 1076 optima,
3491 1021 3555 1062 ex
3592 1071 3600 1076 _

1979 1108 2087 1161 qua
2123 1092 2198 1146 illi
2229 1094 2578 1164 exstiterunt,
2613 1096 2704 1166 qui
2749 1097 2874 1152 vitae
2902 1111 3012 1153 suae
3041 1113 3104 1154 ac
3140 1099 3558 1168 praeceptionum
3651 1117 3658 1125 '

1977 1183 2095 1237 luce
2135 1184 2285 1240 orbis
2315 1195 2475 1241 terra:
2503 1186 2700 1242 ﬁnibus
2733 1187 3118 1257 praeluxerunt.
3169 1187 3432 1256 Quoniam
3462 1190 3562 1260 igi-

1986 1283 2076 1328 tur
2121 1275 2487 1332 sacerdotium
2525 1293 2742 1348 quoque
2786 1277 3014 1348 pecunia
3077 1279 3170 1335 tibi
3221 1281 3560 1346 conciliasti,

1977 1363 2193 1420 divinos
2230 1365 2354 1423 illos
2407 1368 2552 1424 viros
2599 1369 2956 1438 pertimesce,
2990 1377 3152 1439 atque
3219 1379 3311 1424 aut
3368 1384 3562 1424 eorum

1979 1455 2292 1512 institutum
2321 1472 2569 1530 sequere,
2603 1471 2698 1515 aut
2757 1475 2946 1516 eorum
2980 1461 3341 1516 ministerium
3377 1468 3564 1514 contu-

1981 1546 2140 1602 melia
2181 1561 2251 1603 ne
2277 1547 2451 1604 aﬂice.
2483 1548 2618 1605 Nam
2657 1551 2702 1606 si
2731 1551 2800 1606 ab
2844 1553 2910 1606 iis
2942 1551 3188 1608 convinci
3223 1552 3317 1607 tibi
3353 1551 3565 1606 contino

1981 1647 2074 1706 gat
2103 1680 2120 1706 ,
2152 1651 2222 1692 ne
2247 1637 2379 1694 illud
2409 1639 2629 1710 quidem
2659 1640 2756 1696 tibi
2799 1641 3112 1698 defuturum
3151 1651 3257 1708 est,
3285 1652 3346 1698 ut
3392 1657 3422 1698 a
3451 1639 3564 1698 Deo

1980 1727 2382 1784 condemneris.

2285 1841 2466 1900 CLIX.
2496 1873 2570 1886 --
2596 1838 2894 1900 LEONTIO
2931 1841 3281 1904 EPISCOPO.

2581 1935 2662 1990 De
2713 1936 3024 1992 sacerdotio.

2053 2044 2268 2103 Nullum
2329 2047 2544 2102 Domini
2602 2048 2896 2117 Evangelio
2969 2051 3411 2120 impedimentum
3464 2055 3566 2112 ob-

1975 2137 2216 2208 jiciatur,
2265 2151 2368 2194 nec
2409 2139 2516 2194 ulla
2540 2138 2706 2193 animi
2742 2138 3026 2196 distractio
3093 2143 3430 2212 spiritualem
3466 2145 3565 2201 do-

1980 2227 2216 2282 ctrinam
2245 2237 2526 2298 sequatur,
2561 2243 2664 2285 nec
2689 2228 2956 2286 tumultus
2986 2230 3103 2286 utili
3135 2233 3480 2304 disputationi
3507 2249 3568 2291 se

1980 2319 2308 2389 interponat.
2339 2317 2526 2388 Neque
2552 2319 2698 2375 enim
2731 2320 3012 2389 Christus,
3061 2337 3184 2378 cum
3219 2338 3252 2378 a
3304 2333 3478 2382 matre
3511 2335 3567 2382 et

1980 2408 2242 2466 fratribus
2296 2419 2675 2480 quaereretur,
2739 2412 2998 2482 ipsorum-
3045 2415 3386 2471 vocationem
3457 2419 3558 2472 ad-

1980 2500 2148 2566 misit,
2177 2516 2299 2556 cum
2350 2500 2574 2558 docendi
2613 2517 2808 2559 munus
2833 2505 3236 2576 auspicabatur,
3270 2517 3434 2578 atque
3470 2525 3568 2564 au-

1979 2589 2214 2646 ditorum
2245 2591 2407 2648 saluti
2437 2607 2656 2662 operam
2689 2595 2855 2650 dabat
2879 2596 2901 2628 ’
2929 2613 2943 2650 :
2979 2597 3107 2654 hinc
3135 2598 3392 2654 nimirum
3437 2600 3565 2656 illud

1979 2683 2296 2749 ostendens,
2327 2685 2628 2755 spiritualia
2657 2688 2874 2756 negotia
2902 2690 3216 2746 carnalibus
3249 2690 3560 2760 antiquiora

1980 2787 2102 2830 esse
2131 2775 2348 2832 debere.
2379 2776 2488 2848 5o
2506 2779 2683 2848 Atque
2710 2780 2776 2834 ad
2805 2781 2947 2835 hunc
2976 2781 3194 2836 modum
3239 2783 3404 2851 ipsius
3429 2797 3566 2852 quo-

1981 2881 2085 2935 que
2111 2867 2356 2938 discipuli
2392 2883 2701 2925 mensarum
2733 2871 3120 2940 inspectionem
3149 2883 3312 2942 atque
3355 2889 3565 2938 curam,

1981 2958 2231 3026 quamvis
2263 2959 2462 3030 alioqui
2511 2971 2731 3032 propter
2758 2977 3024 3032 pauperes
3056 2967 3442 3032 necessariam,
3477 2977 3566 3020 re-

1982 3048 2274 3118 pudiarunt
2307 3051 2350 3104 ⁸.

2319 3164 2478 3220 CLX.
2496 3195 2570 3206 —
2612 3166 2917 3224 TABASIO
2962 3167 3068 3224 ISA
3079 3167 3242 3226 URO.

2304 3255 2554 3326 Oporlere
2587 3274 2788 3327 semper
2819 3259 3052 3314 sobrium
3079 3277 3208 3315 esse.

2051 3365 2489 3424 Praestantiorem
2539 3379 2590 3426 te
2621 3385 2744 3428 esse
2766 3410 2780 3436 ,
2819 3387 2981 3442 quam
3039 3382 3132 3426 aut
3159 3387 3328 3444 genus
3374 3381 3525 3428 tuum
3546 3412 3564 3442 ,

1981 3467 2078 3512 aut
2125 3459 2299 3527 patria
2347 3460 2505 3525 ferat,
2543 3476 2734 3518 omnes
2786 3462 2960 3524 aiunt,
2988 3478 3053 3518 ac
3085 3479 3293 3518 morum
3325 3464 3566 3534 probita-

1988 3559 2042 3604 te
2089 3549 2291 3620 pollere
2327 3560 2572 3620 narrant,
2613 3562 2670 3606 ut
2721 3555 2811 3624 qui
2852 3570 2960 3610 non
2997 3558 3357 3625 spectantium
3407 3571 3568 3626 aspe-

1984 3643 2197 3696 ritatem
2243 3641 2527 3711 timueris,
2577 3661 2763 3702 verum
2810 3649 3000 3718 primae
3049 3648 3304 3719 martyris
3355 3646 3568 3702 Thecla

1981 3742 2036 3788 et
2083 3748 2282 3800 mores,
2319 3743 2376 3791 et
2403 3737 2661 3808 templum
2697 3739 2984 3794 amaveris.
3019 3738 3098 3794 Ac
3129 3746 3180 3794 te
3212 3738 3448 3800 beatum,
3481 3747 3560 3791 ut-

1981 3832 2107 3893 pote
2153 3839 2220 3879 ex
2273 3826 2458 3882 animo
2511 3837 2888 3898 paupertatem
2936 3830 3222 3887 colentem.
3282 3829 3418 3884 Nam
3452 3829 3566 3884 haec

1981 3917 2197 3984 piorum
2239 3915 2355 3972 laus
2386 3927 2490 3974 est.
2527 3919 2706 3990 Atque
2738 3929 2797 3976 ut
2823 3923 2876 3975 in
2928 3922 3173 3976 instituta
3206 3921 3328 3976 vita:
3360 3919 3566 3974 ratione

1981 4015 2295 4064 constanter
2347 4024 2570 4066 maneas
2593 4050 2607 4076 ,
2645 4021 2803 4082 opto,
2834 4013 3270 4082 quandoquidem
3313 4009 3444 4066 nihil
3478 4010 3569 4065 ad-

1980 4097 2200 4152 modum
2256 4097 2449 4154 stabile
2489 4097 2758 4158 babemus
2781 4139 2797 4168 ,
2827 4117 3012 4158 verum
3057 4102 3264 4159 levibus
3312 4101 3573 4156 clamori-'

1980 4185 2104 4252 bus,
2145 4201 2254 4250 non
2287 4202 2446 4246 secus
2470 4205 2534 4247 ac
2556 4192 2757 4253 ventis.
2791 4191 2897 4246 huc
2931 4202 3096 4262 atque
3123 4191 3248 4247 illuc
3272 4191 3562 4262 iactamur.

2337 4322 2520 4382 CLXI.
2538 4356 2610 4368 —
2631 4325 2894 4387 ΤΗΟΜΑΞ
2925 4326 3182 4384 (ΖΟΜΙΤΙ.

2055 4435 2124 4491 Ει
2161 4435 2434 4496 luculente
2462 4440 2680 4508 scribis,
2713 4449 2767 4497 et
2793 4441 3010 4510 copiose
3039 4439 3229 4496 mittis.
3265 4437 3436 4493 Velim
3465 4437 3566 4508 lgi-

1913 4505 1961 4569 θ
1991 4537 2078 4585 tur
2115 4528 2173 4584 in
2201 4531 2365 4586 animi
2411 4531 2596 4587 laetitia
2621 4505 2676 4589 et
2708 4505 2992 4590 alacritate
3023 4542 3264 4602 perstas,
3301 4545 3421 4587 cum
3447 4505 3565 4586 oin-

1991 4620 2151 4716 nibus
2189 4629 2301 4677 tam
2351 4622 2640 4694 benignum
2675 4635 2731 4680 et
2757 4625 3097 4682 commodum
3145 4633 3195 4681 te
3229 4623 3488 4696 praebeas.

1401 4947 1633 5004 VAHIAE
1675 4943 2070 5007 LECTIONES
2112 4950 2202 5006 ET
2236 4951 2468 5010 ΝΟΤΛΕ.

354 5099 496 5186 (55).
523 5101 716 5172 Μηδὶν
749 5101 804 5157 in
867 5101 1060 5225 μτὲξεὶς
1095 5110 1308 5158 mutant
1360 5102 1486 5158 Vat.
1538 5101 1644 5158 649
1677 5117 1730 5162 et
1764 5105 1872 5162 Alt.

354 5185 452 5225 :rsu
481 5181 615 5225 item
639 5170 678 5224 2
706 5185 807 5225 nro
840 5187 916 5225 un
1009 5182 1297 5225 reponunt.
1339 5172 1549 5225 ιιτιδείε.
1589 5173 1760 5225 Versu
1787 5191 1872 5225 au-

281 5170 452 5228 νει-σο
481 5170 619 5246 item
639 5170 678 5224 2
705 5185 807 5241 pro
840 5170 1297 5246 pqaareponunt.
1337 5172 1549 5246 μηδείς.
1589 5173 1760 5232 Versu
1787 5191 1880 5231 au-

284 5251 390 5298 lem
421 5240 638 5308 penult.
663 5240 770 5294 art.
802 5241 874 5294 τὰ
897 5240 1175 5297 omittunt.
1209 5240 1423 5300 Possm.

350 5310 468 5382 (55)
511 5308 642 5386 Τὴν
688 5309 814 5364 τῶν
857 5309 1016 5386 ὀρῶν
1053 5309 1148 5382 (al.
1199 5310 1510 5386 ὁρώντων)
1528 5314 1884 5386 ταχυτῆτα.

2049 5135 2123 5152 —-
2152 5105 2308 5164 Vera.
2353 5107 2392 5162 2
2435 5109 2565 5168 illud
2598 5131 2658 5168 σε
2685 5111 2898 5170 uncinis
2935 5113 3181 5170 clausum
3234 5114 3392 5172 codd.
3425 5110 3554 5172 Vat.

1984 5177 2111 5257 6&9,
2131 5189 2186 5257 et
2203 5178 2308 5257 ᾼΙι.
2329 5189 2542 5257 mutant
2555 5185 2606 5239 in
2627 5201 2742 5239 σου.
2759 5181 2916 5240 Vers.
2930 5198 3062 5257 pen.
3085 5195 3380 5257 suggerunt
3401 5185 3561 5240 iidem

1991 5249 2146 5324 unde
2169 5248 2348 5305 hiatus
2380 5249 2452 5304 ibi
2498 5252 2743 5324 signatus
2777 5248 3039 5324 asterisco
3080 5248 3229 5310 recte
3259 5254 3558 5324 expleatur,

1995 5319 2074 5394 sic
2099 5317 2378 5394 eleganter
2409 5328 2464 5374 et
2490 5317 2737 5394 ex‘fonte
2767 5323 3087 5394 primigenio
3121 5317 3432 5394 scribendo,
3460 5317 3560 5394 Δοῡὲ

284 5381 434 5464 _Alius
458 5383 630 5464 fet-tit
661 5381 1074 5464 ,_speptantiunt
1099 5381 1878 5464 asperitatemJConjiciebam

1993 5387 2084 5441 δὲν
2117 5381 2345 5464 εὑρίπου
2381 5381 2824 5464 σταθερώτεροιξ,
2853 5381 2982 5459 θιιῖ,
3039 5409 3140 5449 nec
3184 5395 3361 5464 minus
3400 5381 3560 5464 iidem

282 5450 571 5533 legerint):
601 5449 858 5533 ὀρῶνὲῑιι..
890 5449 1251 5533 exulantium.
1279 5451 1453 5533 Bt'r'r.

347 5519 464 5644 $56)
488 5519 696 5587 βοαῖς.
747 5519 871 5574 ΒιΙι.
907 5520 1248 5575 clamoribus.
1278 5522 1496 5605 .B..cod.
1545 5523 1711 5579 habet
1755 5524 1878 5595 βου.

367 5609 414 5644 ε.
459 5590 600 5644 Puto
633 5600 846 5644 rectum
878 5605 1025 5644 esse.
1060 5589 1241 5644 βολαῖς
1272 5593 1492 5644 talibus.
1522 5604 1580 5644 ut
1619 5604 1675 5644 et
1715 5596 1875 5644 nnulo

279 5589 414 5652 λαΐς.
444 5589 600 5672 Puto
633 5600 846 5672 rectum
878 5589 1492 5672 esse,ﬁo)taicuictiigus,
1522 5604 1580 5648 ιιι
1619 5604 1675 5646 et
1700 5589 1875 5672 _p:'tu_lo

281 5673 402 5714 ante
418 5661 633 5734 plenius
655 5661 710 5716 in
734 5660 776 5714 Β
797 5660 1144 5734 cod._legitur
1162 5660 1316 5734 οὐδὲν
1336 5663 1566 5734 εόρίπου
1593 5660 1868 5734 σταθερὼ-
1897 5731 1902 5734 _

279 5729 430 5803 τερον
458 5731 660 5804 ἔχομεν
677 5745 804 5787 cum
837 5730 890 5785 iu
921 5729 1082 5786 Paris
1130 5731 1214 5784 ed.
1235 5732 1374 5787 absit
1407 5729 1672 5804 ἐὺρίπου.
1699 5729 1862 5814 ltn'r'r.

1989 5457 2272 5534 commede
2306 5474 2448 5515 vers.
2479 5457 2581 5517 ult.
2611 5457 2729 5518 voci
2761 5457 2912 5534 βοαῖς
2939 5457 3274 5520 substituunt
3320 5457 3560 5529 βουλαῖς.
3636 5501 3654 5520 ο

1987 5525 2200 5582 Possm.

2055 5598 2168 5668 (57)
2199 5597 2304 5673 Ero
2329 5600 2571 5673 φαιδρῶς
2597 5603 2756 5660 codd.
2791 5599 2916 5658 ναι.
2957 5601 3081 5666 649,
3113 5607 3166 5655 et
3193 5598 3303 5652 Alt.
3332 5595 3558 5668 φαιδρδς

1982 5665 2186 5738 legunt.
2213 5665 2426 5726 Possm.
