3986 6394
479 321 586 388 295
937 423 1164 482 CLXXI.
1184 453 1253 466 -
1276 424 1410 480 NILI
1442 424 1661 480 FILIIS.

550 540 690 606 Quid
719 547 963 593 naturam
1011 539 1294 609 abjuratis,
1325 549 1417 593 aut
1460 538 1801 593 vocationem
1844 538 2059 608 ignora-

481 633 594 694 tis?
615 630 747 684 Nam
773 631 863 685 illa
887 645 954 685 ex
991 647 1096 684 uno
1122 632 1422 698 eodemque
1464 629 1649 684 venire
1678 644 1773 684 vos
1803 629 2026 696 protulit
2049 645 2062 682 :

479 722 593 775 haec
606 731 784 774 autem
798 735 892 790 per
911 734 1071 772 unam
1087 727 1138 772 et
1150 717 1394 773 eamdem
1417 732 1566 784 spem
1590 733 1685 773 vos
1708 720 2062 787 regeneravit.

481 809 840 876 Quamobrem
876 818 968 862 aut
1007 810 1153 878 prior
1187 809 1438 862 nativitas
1480 823 1574 863 vos
1606 810 1807 878 pudore
1836 809 2065 877 quodam

477 912 834 971 commoveat,
858 909 951 954 aut
972 900 1238 969 posterior
1268 910 1412 955 metu
1425 900 1615 954 alliciat
1639 917 1653 954 :
1677 909 1836 969 atque
1857 900 1922 955 ad
1945 913 2068 954 con-

477 997 713 1052 cordiam
743 995 858 1050 sive
880 1003 1106 1055 naturae,
1130 1004 1242 1044 sive
1277 992 1573 1046 vocationis
1597 989 1772 1045 ftedus
1800 991 2027 1046 sancite.

893 1102 1148 1160 CLXXII.
1170 1135 1241 1144 —
1274 1101 1696 1160 ARCIIONTIO.

480 1218 548 1272 In
584 1218 715 1273 illud
739 1219 936 1270 dictum
967 1218 1030 1270 ab
1064 1216 1362 1269 Abrahamo
1401 1218 1468 1268 ad
1504 1216 1714 1269 divitem
1742 1255 1756 1278 ,
1795 1233 1814 1266 ι
1838 1208 2064 1286 Magnus

715 1288 889 1341 hiatus
919 1289 1163 1381 ﬁrmat/us
1203 1296 1276 1338 est
1305 1287 1444 1339 inter
1485 1302 1578 1338 nos
1616 1295 1664 1338 et
1714 1301 1822 1339 vos.

545 1461 726 1516 Chaos
771 1461 958 1530 ingens
993 1461 1132 1515 inter
1176 1476 1235 1516 se
1283 1475 1345 1514 ac
1386 1458 1606 1514 divitem
1675 1459 1728 1514 in
1781 1461 1956 1530 ptenis
2008 1469 2064 1516 et

475 1552 716 1608 cruciatu
758 1552 1046 1606 haerentem
1083 1550 1353 1604 ﬁrmatum
1383 1563 1504 1604 esse
1528 1549 1799 1604 Abraham
1839 1565 2065 1618 respon-

477 1644 646 1708 dit“,
673 1642 942 1712 justorum
993 1642 1241 1698 videlicet
1287 1657 1348 1696 ac
1381 1649 1722 1710 peccatorum
1772 1642 2063 1697 discrimen

477 1731 562 1787 his
595 1732 779 1787 verbis
814 1732 1081 1787 indicans.
1135 1730 1267 1786 Nam
1303 1733 1414 1801 ipse
1459 1731 1729 1800 hospitum
1767 1745 1831 1784 ac
1861 1745 2064 1800 paupe-

1684 318 1746 378 S.
1791 317 2083 378 ISIDORI
2125 317 2561 378 PELUSIOTIE

3641 317 3750 383 296

2451 427 2620 479 POA'.
2655 455 2722 464 —-
2767 426 2922 478 ΤΟΙΣ
2968 426 3145 479 ΥΙΟΙΣ
3179 425 3458 482 ΝΕΙΛΟΥ.

2244 537 2308 589 Τί
2337 536 2589 606 ἀρνεῖσθε
2618 536 2717 607 τὴν
2752 537 2930 604 φύσιν,
2964 538 2996 608 ἢ
3033 537 3144 608 (65)
3191 538 3434 606 ἀγνοεῖτε
3479 537 3578 609 τὴν
3615 538 3744 608 κλῆ·

2187 643 2306 693 σιν;
2347 628 2411 680 Ἠ
2428 627 2528 697 μὲν
2552 628 2660 696 γὰρ
2689 628 2752 679 ἐκ
2785 629 2913 696 μιᾶς
2938 627 3081 698 ὑμᾶς
3114 631 3401 700 προήγαγε
3419 630 3642 700 νηδύος;
3685 633 3747 685 'II

2180 717 2236 770 δὲ
2265 717 2355 771 διά
2396 719 2526 787 μιᾶς
2580 717 2937 787 ἀνεγέννησεν
2989 719 3219 783 ἐλπίδος.
3247 721 3318 773 Ἢ
3349 720 3447 792 τὴν
3476 723 3749 793 προτέραν

2175 809 2351 862 τοίνυν
2390 809 2670 880 αἰδέσθητε
2687 809 2962 879 γέννησιν,
2996 811 3029 881 ἢ
3060 811 3158 881 τὴν
3183 812 3444 883 δευτέραν
3473 813 3751 883 φοϐήθητε

2176 899 2550 970 ἀναγέννησιν,
2579 899 2672 960 καὶ
2709 900 3005 954 σπείσασθε
3039 902 3176 972 πρὸς
3202 904 3474 972 ὁμόνοιαν,
3505 907 3620 960 εἴτε
3649 903 3752 972 τῆς

2175 989 2406 1059 φύσεως,
2437 990 2545 1043 εἴτε
2573 991 2671 1062 τῆς
2696 991 2958 1061 κλήσεως.

2622 1097 2787 1154 POB'.
2829 1130 2890 1140 -
2919 1100 3292 1172 ΑΡΧΟΝΤΙῼ.

2171 1209 2277 1275 Εὶς
2320 1209 2386 1262 τὸ
2437 1211 2752 1280 εἰρημένον
2801 1213 2919 1266 ὑπὸ
2980 1214 3088 1267 τοῦ
3147 1212 3394 1281 Ἀϐραὰμ
3443 1215 3596 1280 πρὸς
3643 1216 3750 1268 τὸν

2245 1281 2567 1356 πᾴούᾳιον,
2593 1300 2611 1332 ι
2639 1282 2768 1334 ’Ὅτι
2785 1283 3014 1350 μεταξὺ
3044 1281 3212 1351 ἡμῶν
3233 1283 3329 1337 καὶ
3356 1283 3522 1348 ὑμῶν
3544 1285 3750 1356 χάσμα

2236 1349 2389 1418 μέγα
2417 1349 2798 1419 ἐστήρικται(
2814 1371 2832 1403 ι

2240 1461 2444 1531 Χὰσμα
2487 1461 2629 1532 μέγα
2673 1463 2996 1534 ἐστήρικται
3047 1464 3248 1532 μεταξὺ
3286 1465 3480 1518 ἐαυτοῦ
3521 1467 3615 1521 καὶ
3654 1468 3746 1522 τοῦ

2172 1551 2429 1606 πλουσίου
2450 1555 2881 1624 τιμωρουμένου,
2911 1557 2940 1608 ὁ
2980 1554 3231 1626 Ἀϐραὰμ
3269 1558 3627 1628 ἀπεκρίνατο,
3649 1561 3746 1630 τὴν

2169 1642 2277 1697 τῶν
2299 1643 2520 1699 δικαίων
2553 1643 2690 1716 πρὸς
2711 1645 2839 1709 τοὺς
2873 1646 3162 1711 πταίοντας
3189 1647 3453 1719 διαφορὰν
3476 1651 3746 1704 ἐνδεικνύ-

2174 1753 2352 1805 μενος.
2398 1737 2454 1791 Ὀ
2499 1737 2598 1808 μὲν
2636 1738 2766 1809 γὰρ,
2811 1738 3086 1806 φιλόξενος
3127 1735 3196 1812 ἦν
3237 1741 3331 1794 καὶ
3381 1743 3740 1812 φιλόπτωχος,

475 1837 596 1876 rum
634 1837 823 1877 amans
850 1833 902 1878 et
933 1824 1206 1878 studiosus
1259 1831 1415 1877 erat:
1451 1836 1674 1891 eosque,
1719 1822 1810 1890 qui
1841 1821 2001 1892 longo
2033 1837 2059 1875 a

2177 1826 2294 1890 τοὺς
2345 1827 2564 1898 μακρὰν
2613 1829 3032 1899 ἀπῳκισμένους
3080 1831 3397 1902 δεχόμενος·
3438 1835 3466 1884 ὁ
3497 1833 3555 1886 δέ
3599 1834 3743 1904 (66)

416 1931 436 1946 κ
477 1927 535 1968 se
581 1913 823 1968 locorum
883 1912 1172 1968 intervallo
1203 1913 1379 1967 dissiti
1412 1921 1587 1978 erant,
1619 1912 1943 1981 excipiebat.
1971 1912 2062 1968 Ille

477 2013 658 2058 autem
709 2002 981 2058 ulceribus
1019 2002 1325 2058 confectura
1381 2002 1657 2057 hominem
1693 2017 1792 2072 pro
1847 2001 2060 2057 foribus

474 2096 589 2150 suis
634 2094 901 2164 iacentem
965 2095 1340 2151 aversabatur.
1395 2093 1856 2162 Quemadmodum
1902 2093 2063 2164 igitur

469 2189 760 2242 contraria:
805 2187 1110 2243 voluntates
1144 2187 1423 2256 animique
1460 2185 1711 2240 instituta
1758 2194 1925 2240 sunt:
1987 2184 2061 2238 ita

479 2278 643 2332 etiam
671 2279 722 2333 in
772 2276 1036 2345 disiuncta
1077 2277 1196 2332 loca
1256 2277 1510 2347 migrant.
1550 2272 1631 2329 Illi
1675 2276 1819 2330 enim
1851 2273 2064 2345 requie-

477 2378 671 2425 temet
722 2369 1200 2435 oblectamentum,
1255 2367 1312 2423 hi
1373 2368 1669 2422 cruciatum
1718 2375 2058 2438 acceperunt.

790 2482 1066 2540 CLXXIII.
1094 2512 1164 2523 ——
1191 2481 1432 2540 MARCO
1455 2475 1811 2536 llIONACHO.

651 2597 731 2651 Ad
763 2598 1077 2652 monachum
1108 2597 1225 2652 loca
1271 2596 1492 2651 subinde
1535 2604 1843 2650 mutantem.

545 2709 675 2778 Eos,
727 2711 818 2780 qui
871 2711 1035 2765 animi
1070 2709 1329 2765 ﬁrmitate
1367 2717 1574 2774 carent,
1625 2709 1810 2778 tuique
1858 2709 2068 2764 similes

477 2811 626 2865 sunt,
654 2815 686 2855 o
718 2801 1050 2867 inconstans,
1087 2800 1384 2869 pulverem,
1412 2799 1504 2870 qui
1529 2815 1557 2853 a
1583 2798 1722 2854 {acie
1765 2810 1919 2855 terraa
1948 2814 2073 2870 prr-

479 2891 691 2960 jicitur,
727 2892 1014 2961 appellavit
1043 2890 1312 2962 Propheta
1355 2893 1421 2945 “.
1452 2891 1584 2945 Nam
1620 2892 1664 2946 si
1699 2906 1820 2946 cum
1849 2907 1878 2945 a
1909 2892 2064 2947 beato

477 2983 597 3038 viro
624 2982 888 3037 Ammone
920 2984 1161 3038 consitus
1191 3023 1206 3048 ,
1243 2984 1436 3053 pieque
1464 2985 1696 3052 rigatus,
1729 2998 1794 3038 ac
1838 2983 2066 3038 ﬁrmiter

482 3074 859 3130 constabilitus
884 3091 1051 3144 esses,
1071 3076 1412 3145 fructumque
1432 3077 1615 3140 etiam,
1639 3084 1697 3130 ut
1723 3075 2063 3145 putabamus,

2170 1916 2276 1989 πρὸ
2316 1918 2416 1988 τῆς
2461 1919 2630 1990 θύρας
2676 1919 3008 1990 ἡλκωμένον,
3039 1922 3264 1986 ἀνίλεως
3313 1924 3734 1995 ἐκτρεπόμενος.

2171 2011 2380 2081 ’Ὠσπερ
2413 2005 2506 2064 οὖν
2541 2010 2777 2066 ἐναντίαι
2817 2012 2874 2064 αί
2919 2011 3224 2084 προθέσεις,
3269 2015 3442 2079 οὕτως
3471 2015 3678 2087 ἀμιγὴς
3711 2019 3744 2088 ἡ

2173 2101 2503 2170 μετάστασις
2524 2118 2536 2131 ·
2565 2101 2673 2156 τῶν
2705 2101 2825 2173 μὲν,
2859 2101 2958 2174 τὴν
2988 2103 3191 2159 ἄνεσιν*
3235 2105 3345 2159 τῶν
3387 2105 3466 2172 δὲ,
3513 2107 3612 2178 τὴν
3657 2108 3752 2162 κό-

2169 2195 2324 2250 λασιν
2347 2194 2677 2266 δεξαμένων.

2521 2481 2681 2536 P01".
2708 2509 2778 2523 -
2800 2484 3047 2553 ΜΑΡΚο
3082 2483 3392 2556 ΜΟΝΑΧῼ.

2277 2594 2435 2663 Πρὸς
2466 2596 2739 2665 μοναχὸν
2771 2598 2960 2651 τόπον
2991 2597 3060 2651 ἐκ
3091 2597 3279 2651 τόπου
3299 2598 3641 2667 ἁμείϐοντα.

2240 2709 2378 2770 Τοὺς
2405 2709 2765 2780 ἀστηρίκτους
2803 2711 2898 2764 καὶ
2947 2712 3030 2764 σοὶ
3060 2712 3466 2783 προσεοικότας,
3499 2712 3750 2781 ἀϐέϐαιε,

2172 2799 2300 2871 χοῦν
2353 2801 2782 2872 ἐκριπτούμενον
2825 2801 2934 2854 ἀπὸ
2976 2801 3266 2872 προσώπου
3289 2803 3386 2873 τῆς
3427 2804 3529 2873 γῆς
3556 2807 3584 2858 ὁ
3611 2806 3755 2875 Προ-

2171 2892 2348 2962 φήτης
2378 2891 2655 2946 ἐκάλεσεν.
2695 2893 2757 2944 Εἰ
2787 2892 2896 2962 γὰρ
2928 2893 3215 2961 φυτευθεὶς
3258 2893 3404 2963 παρά
3440 2893 3534 2946 τοῦ
3573 2911 3756 2965 μακα-

2175 2981 2288 3052 ρίου
2331 2983 2444 3053 (67)
2491 2983 2804 3053 Ἄμμωνος,
2857 2984 2949 3036 καὶ
3002 2983 3275 3048 ποτισθεὶς
3321 2984 3604 3054 θεοφιλῶς,
3656 2985 3755 3039 καὶ

2171 3073 2427 3140 ἀσφαλῶς
2483 3073 2795 3144 ἐδρασθεὶς,
2857 3076 2948 3126 καὶ
3008 3074 3220 3144 καρπὸν
3292 3075 3597 3146 ἐνηνοχὼς,
3674 3078 3752 3142 ὡς

489 3162 736 3228 tulisses,
779 3179 921 3218 nunc
966 3174 1144 3219 tamen
1190 3179 1295 3220 non
1345 3164 1663 3219 eruditionis
1697 3163 2059 3232 comparanda

2177 3166 2414 3237 ᾠόμεθα,
2453 3167 2678 3229 πολλοὺς
2714 3167 2894 3229 οἴκους
2946 3170 3284 3237 περινοστεῖς
3318 3169 3378 3221 οὐ
3413 3169 3571 3239 χάριν
3618 3185 3754 3223 παις-

478 3267 671 3319 causa,
699 3254 792 3308 sed
858 3254 1272 3323 exquisitiorum
1314 3253 1592 3323 epularum
1665 3252 1845 3307 studio
1908 3260 2070 3322 atque

478 3348 769 3417 cupiditate
839 3349 1034 3402 multas
1085 3348 1272 3402 domos
1336 3347 1572 3412 lustras,
1605 3345 1791 3415 ecquis
1823 3355 1874 3401 te
1934 3345 2070 3400 satis

476 3437 636 3508 digne
685 3439 961 3508 deplorare
995 3449 1178 3507 queat,
1209 3439 1299 3509 qui
1339 3447 1391 3493 et
1435 3438 1658 3492 exitium
1707 3436 1802 3492 tibi
1843 3437 1942 3505 ipsi
1987 3438 2070 3490 iu-

479 3530 624 3595 Iers,
659 3538 714 3584 et
753 3530 948 3586 multos
975 3530 1191 3585 inutiles
1225 3529 1425 3592 reddis,
1455 3528 1708 3583 nimirum
1746 3542 1841 3583 eos
1875 3526 2068 3597 quibus

475 3621 730 3692 juvenilis
766 3632 896 3676 tetas
951 3621 1170 3675 noxiam
1198 3620 1467 3675 levitatem
1499 3619 1752 3675 asciseit?

827 3729 1102 3786 CLXXIV.
1130 3761 1198 3773 —
1219 3728 1518 3785 CYRENIO
1565 3728 1746 3785 DUCI.

559 3848 813 3904 Chartam
854 3850 1008 3905 nobis
1047 3849 1192 3905 cives
1229 3850 1512 3912 miserunt,
1551 3863 1647 3917 pro
1667 3847 1907 3902 ecclesia:
1931 3845 2065 3902 fori-

490 3941 643 3996 ribus
670 3940 852 4005 ﬁxam,
882 3949 939 3994 ut
964 3940 1296 4011 inquiebant,
1327 3952 1615 4008 antequam
1650 3939 1834 3993 urbem
1888 3939 2066 4007 ingre-

479 4032 709 4098 dereris,
727 4046 846 4101 qua:
873 4031 1190 4087 etomnibus
1212 4030 1476 4101 purgandi
1506 4029 1585 4084 sui
1617 4036 1932 4099 potestatem
1951 4029 2065 4084 adi-

489 4121 636 4188 mit,
705 4131 759 4176 et
827 4121 1125 4192 perfugium
1181 4122 1234 4176 in
1287 4121 1568 4176 ecclesiam
1628 4119 1850 4175 claudit.
1912 4120 2064 4186 Quod

488 4211 701 4280 quidem
754 4225 856 4264 non
903 4209 1073 4265 solum
1097 4209 1449 4275 crudelitatis,
1492 4210 1583 4264 sed
1621 4209 1783 4264 etiam
1819 4209 2066 4280 impieta-

493 4304 559 4359 tis
602 4303 962 4373 suspicionem
998 4303 1178 4358 habet.
1227 4301 1360 4356 Nam
1397 4301 1441 4357 si
1480 4316 1579 4357 nec
1617 4316 1793 4358 causa
1823 4301 2063 4356 dicenda“:

482 4407 805 4467 potestatem
859 4397 1015 4462 facis,
1066 4413 1165 4453 nec
1212 4397 1392 4468 fugam
1422 4397 1472 4450 in
1523 4397 1807 4452 ecclesiam
1842 4397 2062 4467 permit-

2171 3257 2428 3320 δεύσεως,
2488 3257 2602 3309 ἀλλ’
2654 3257 2955 3328 ἀϐροτέρας
3015 3259 3309 3327 σιτήσεω;,
3369 3259 3452 3322 τίς
3514 3277 3571 3312 σε
3624 3259 3751 3313 κατ’

2171 3348 2328 3414 ἀξίαν
2359 3348 2628 3420 ὀδύραιτο,
2659 3349 2754 3402 καὶ
2789 3350 2982 3402 σαυτὸν
3024 3351 3350 3414 ἀπολλύντα,
3388 3354 3479 3405 καὶ
3516 3353 3751 3417 πολλοὺς

2169 3439 2508 3509 ἀχρειοῦντα,
2561 3436 2642 3504 οἷς
2682 3443 2716 3512 ἡ
2762 3441 2948 3511 νεότης
2987 3441 3084 3512 τὴν
3127 3442 3376 3496 εὐκολίαν
3427 3446 3755 3500 είσποιεῖται

2170 3545 2234 3583 συ
2244 3533 2347 3602 μφέ
2358 3547 2449 3604 pou
2456 3550 2553 3586 σαν
2573 3550 2587 3597 ;

2471 3735 2633 3787 POA’.
2659 3765 2727 3777 —
2755 3732 3069 3806 ΚΥΡΗΝΙῼ
3100 3733 3430 3789 ΗΓΕΜΟΝΙ.

2245 3845 2466 3915 Χάρτην
2497 3846 2626 3915 ἡμῖν
2667 3845 2716 3896 οἱ
2765 3845 2977 3898 πολῖται
3012 3844 3351 3915 πεπόμφασι,
3391 3843 3752 3914 προπαγέντα

2164 3940 2262 4010 τῆς
2287 3937 2601 4006 ἐκκλησίας.
2635 3937 2709 4000 ὼς
2741 3936 2970 4006 ἔφησαν,
3016 3935 3144 4005 πρὶν
3183 3934 3343 4004 ἐπιϐῇ
3375 3935 3471 4004 τῆς
3502 3935 3717 3998 πόλεως
3737 3951 3751 3965 ·

2165 4029 2222 4089 ὃς
2249 4028 2343 4081 καὶ
2371 4026 2666 4095 ἀπολογίας
2710 4027 2916 4089 πάντας
2954 4029 3168 4098 γυμνοί,
3207 4027 3301 4080 καὶ
3330 4027 3425 4096 τῆς
3455 4028 3512 4079 ἐν
3551 4026 3749 4096 ἐκκληη

2167 4120 2258 4190 σίᾳ
2283 4119 2480 4189 φυγῆς.
2513 4119 2691 4188 Ὅπερ
2713 4120 2771 4171 οὐ
2803 4119 2959 4189 μόνον
2992 4119 3256 4188 ἁπηνείας
3289 4118 3456 4182 ἐστὶν,
3486 4116 3620 4171 ἀλλά
3652 4119 3754 4170 καὶ

2164 4211 2417 4273 ἀσεϐείας
2443 4211 2554 4281 ἔχει
2591 4211 2862 4266 ὑπόνοιαν.
2894 4211 2956 4265 Εἰ
2997 4210 3104 4280 γὰρ
3140 4210 3438 4278 ἀπολογίας
3474 4211 3532 4263 οὺ
3571 4227 3748 4279 μετα-

2162 4303 2357 4368 διδοὺς,
2388 4304 2508 4358 οὐδὲ
2534 4304 2712 4375 φυγὴν
2739 4304 2875 4375 πρὸς
2895 4303 3026 4356 Θεὸν
3053 4302 3307 4368 ἐνδιδοὺς,
3346 4303 3438 4356 καὶ
3477 4301 3752 4369 συκοφάν-

2161 4414 2260 4460 τας
2320 4397 2655 4467 ἐστόμωσας,
2716 4397 2810 4450 καὶ
2852 4396 3064 4458 ἀδικίας
3097 4397 3436 4466 ἐπλήθυνας·
3482 4394 3600 4458 πῶς
3647 4391 3750 4448 οὖν

485 4485 577 4550 tis,
611 4485 863 4540 nimirum
895 4487 998 4541 hac
1025 4486 1258 4552 ratione,
1289 4495 1344 4541 et
1365 4485 1782 4540 calumniatores
1839 4484 2056 4538 exacui-

2177 4485 2438 4557 ρωράσεις
2465 4485 2526 4538 τὸ
2558 4485 2797 4552 δίκαιον;
2839 4485 2955 4547 πῶς
2987 4483 3178 4547 σώσεις
3219 4484 3307 4537 τὸν
3353 4483 3747 4552 ἀδικούμενον;

473 4575 568 4642 sti,
597 4585 652 4631 et
684 4575 1000 4646 injuriarum
1041 4591 1325 4633 numerum
1365 4576 1584 4641 auxisti,
1619 4589 1851 4645 quonam
1897 4574 2060 4642 igitur

542 4735 585 4766 ²¹
611 4734 741 4791 Luc.
778 4751 895 4803 xvi,
927 4735 1018 4791 26.
1095 4737 1140 4767 ¹¹¹
1168 4735 1312 4791 Psal.
1342 4749 1382 4800 ι,
1414 4737 1470 4790 4.

2165 4577 2225 4639 ὃς
2267 4577 2356 4631 ἵνα
2394 4577 2467 4649 μὴ
2500 4576 2660 4648 ἔργον
2702 4574 2928 4630 δυνατοῦ
2974 4576 3198 4645 γένηται
3231 4575 3363 4647 (68),
3407 4573 3628 4644 ἀπορῶν
3662 4573 3749 4627 διο

1567 4869 1806 4925 VARUE
1845 4870 2232 4928 LECTIONES
2287 4872 2376 4926 ΕΤ
2417 4872 2650 4928 NOTAE.

543 5005 656 5075 (65)
687 5004 855 5075 Codd.
882 5004 1003 5058 Vat.
1037 5005 1143 5060 649
1177 5014 1230 5059 et
1260 5005 1366 5058 Alt.
1402 5019 1498 5073 pro
1525 5004 1559 5075 ἢ
1590 5011 1839 5074 repetunt
1873 5004 2039 5058 inter-

473 5074 771 5144 rogativum
806 5074 877 5126 τί.
917 5075 1127 5129 Possm.

541 5140 651 5214 (66)
679 5143 869 5199 lliatus
913 5146 1216 5213 completur
1245 5144 1296 5214 in
1327 5142 1484 5214 codd.
1520 5140 1643 5196 Vat.
1703 5143 1806 5198 649
1834 5157 1886 5198 et
1930 5147 2036 5199 Alt.

468 5211 672 5267 inserto
696 5214 786 5266 τὸν
831 5217 974 5268 inter
1006 5211 1061 5266 δέ
1086 5223 1139 5268 et
1167 5213 1290 5281 πρό.
1335 5211 1491 5266 Vers.
1526 5227 1651 5281 pen.
1684 5223 1823 5280 post,
1857 5215 2040 5268 ἄνεσιν

468 5283 629 5354 iidem
651 5283 813 5354 codd.
845 5283 1094 5354 supplent
1115 5283 1502 5354 κληρουμένιρν
1557 5291 1604 5335 et
1645 5299 1784 5337 vers.
1819 5284 1915 5340 ult.
1945 5299 2043 5354 pro

465 5352 773 5422 δεξαμένων
805 5356 1050 5407 scribunt
1080 5351 1410 5422 δεχομένων.
1447 5351 1657 5422 Possm.

539 5421 654 5492 (67)
687 5422 792 5476 Pro
827 5423 1114 5493 Μακαρίου
1143 5421 1528 5493 θρίοιΙιΙ-ηῗυιίο.
1553 5421 1680 5493 7649
1715 5431 1766 5475 et
1806 5422 1911 5478 Alt.
1949 5424 2044 5476 Ita-

470 5490 598 5544 bent
620 5490 930 5564 μακαρίτου
956 5534 972 5560 ,
999 5490 1145 5546 unde
1179 5490 1496 5564 intelligitur
1514 5492 1850 5564 _Ammonem
1891 5494 2045 5564 cujus

469 5558 716 5620 meminit
747 5558 965 5624 auctor,
995 5570 1264 5614 mortuum
1297 5558 1480 5612 fuisse.
1513 5558 1719 5614 Possm.

540 5628 650 5699 (68)
682 5633 816 5686 Ἵνα
850 5631 932 5702 μὴ
983 5628 1453 5702 ἔργον-δυναξοῦ
1494 5629 1751 5698 γένηται.
1786 5630 2043 5702 Iloeme-

468 5695 572 5754 lius
633 5695 764 5770 puto
819 5695 977 5772 quam
1010 5695 1174 5769 'q'uod
1229 5698 1284 5753 in
1335 5697 1394 5751 Β.
1443 5695 1511 5762 εί
1536 5695 1705 5770 reperi
1753 5700 2036 5754 ἀδυνάτου.

2149 5009 2353 5078 Ἔργον
2389 5007 2533 5078 τινος
2583 5007 2833 5078 γίνεσθαι
2877 5014 2960 5078 est
3006 5003 3334 5078 ah_aliquo_
3352 5001 3542 5056 conﬁci
3571 5011 3747 5072 atque

2146 5071 2358 5131 concidi
2382 5115 2397 5140 ,
2436 5071 2618 5144 phras'i
2654 5077 3006 5130 usitatissima
3045 5071 3265 5144 Isidoro.
3297 5071 3470 5144 Rrrr.

2216 5175 2286 5185 —
2313 5140 2523 5200 Titulus
2565 5145 2726 5215 hujus
2770 5145 3012 5212 epistola:
3059 5143 3430 5215 diversitatem
3459 5140 3643 5215 habet
3675 5140 3736 5194 in

2148 5215 2270 5269 cod.
2303 5215 2413 5270 Alt.
2456 5211 2769 5271 notabilem.
2803 5211 2881 5269 Ibi
2922 5215 3064 5267 enim
3116 5211 3431 5266 inscribitur
3459 5211 3743 5280 Κουρήνῳ

2147 5285 2226 5355 τῷ
2253 5285 2504 5355 ἡγεμόνι.
2537 5284 2688 5339 Vers.
2718 5286 2770 5338 2.
2799 5283 3118 5355 ὡςγηέφησαν
3138 5282 3306 5355 abest
3327 5281 3392 5355 ab
3428 5279 3538 5332 Alt.
3574 5279 3741 5355 vers.

2151 5348 2315 5424 6'pro'
2337 5348 2656 5423 μεταδιδοὺς
2693 5356 2854 5412 codd.
2883 5348 3008 5408 vat:
3057 5352 3161 5424 646
3191 5360 3244 5406 et
3275 5349 3392 5424 _A|t.
3428 5348 3743 5424 μεταδίδως

2151 5417 2411 5489 scribunt,
2451 5426 2527 5478 uti
2573 5434 2627 5478 et
2664 5439 2802 5478 vers.
2837 5439 2952 5491 seq.
3004 5422 3242 5484 ἐνδίδως.
3275 5417 3537 5491 Vers_.“9._
3566 5418 3741 5491 iidem

2149 5485 2408 5546 δυνάστου
2444 5509 2540 5562 pro
2578 5493 2803 5546 δυνατοῦ
2836 5485 3036 5548 habent
3059 5533 3073 5556 ,
3123 5502 3178 5546 ct
3207 5505 3362 5562 vers,
3400 5487 3460 5540 II
3509 5485 3738 5562 δικαίου

2150 5578 2248 5630 pro
2277 5558 2630 5634 δικαστηρίου
2658 5580 2670 5592 ·
2706 5564 2938 5634 denique
2971 5579 3114 5619 vers.
3163 5562 3258 5617 ult.
3314 5558 3738 5629 εὐμαρέστερος

2146 5648 2245 5706 pro
2273 5633 2701 5706 εὐμαρέστατον.
2737 5633 2946 5689 Possm.
