3986 6376
468 327 564 390 3H

1671 340 1731 400 S.
1778 343 2073 405 ISIDORI
2114 345 2558 408 PELUSIOTIE

3644 346 3745 413 312

468 443 546 496 ait
579 441 737 508 Deus;
778 441 1056 513 Iacrymis,
1093 444 1332 514 inquam,
1361 458 1548 500 eorum
1573 450 1665 518 qui
1706 450 1902 520 injuria
1935 455 2048 508 all]-

2178 475 2279 526 tou,
2332 462 2496 530 φησὶν
2541 461 2578 511 δ
2608 459 2760 524 Θεὸς,
2793 458 3058 532 δάκρυσιν
3111 461 3508 533 ἀδικουμένων,
3557 461 3745 534 ἅρπα-

466 533 772 600 ciebantur,
816 535 1124 604 quibusque
1158 535 1444 592 facultates
1493 553 1606 594 suae
1649 542 2050 614 eripiebantur,

469 637 633 696 atque
659 627 946 682 calumniae
969 629 1447 694 comparabantur.
1479 629 1665 701 quue
1693 635 1910 690 nomine
1941 639 2052 694 haec

470 715 601 786 ipsis
631 717 850 776 crimini
881 717 1064 784 vertit,
1102 733 1225 772 cum
1257 719 1323 773 iis
1355 732 1666 787 succenset,
1701 738 1875 793 eaque
1906 727 2052 780 cala-

472 809 693 864 mitates
723 810 865 875 illas,
912 825 1032 879 quae
1063 819 1185 880 poet
1223 822 1543 879 evenerunt,
1571 815 1896 872 conflavisse
1928 833 2082 888 pro--

470 904 706 956 nuntiat.
766 903 901 956 Nam
967 904 1169 973 alioqui
1236 898 1577 975 poenitentiae
1630 907 1883 980 lacryma:
1949 928 2054 967 non

469 995 632 1050 modo
678 996 1112 1065 reprehensione
1161 1007 1384 1062 carent,
1437 1013 1625 1052 verum
1682 1000 1845 1054 etiam
1906 1003 2053 1069 Deo,

469 1087 840 1156 thymiamatis
875 1089 1067 1154 instar,
1110 1099 1279 1158 gratae
1315 1107 1378 1146 ac
1413 1092 1666 1160 jucunda:
1695 1104 1839 1148 sunt.
1872 1095 2063 1161 Vestis

469 1187 654 1233 menta
683 1189 862 1234 autem
891 1181 1081 1250 ligata,
1109 1190 1274 1251 atque
1298 1182 1470 1238 altare
1491 1185 1819 1250 obvelantia,
1846 1195 2051 1256 quanta

471 1271 714 1340 ipsorum
750 1274 966 1328 animus
990 1273 1429 1330 diviniNuminis
1458 1278 1864 1346 contemptione
1895 1277 2052 1334 labo-

473 1372 643 1430 raret,
704 1364 1039 1419 iudicabant.
1092 1365 1225 1420 Nam
1286 1382 1411 1422 cum
1459 1367 1546 1422 lex
1602 1369 1946 1436 ediceret",
2001 1379 2060 1424 ut

471 1455 715 1510 divinum
761 1457 1019 1528 templum
1066 1461 1218 1530 puris
1247 1469 1410 1530 atque
1463 1461 1700 1532 ingentis
1732 1464 1891 1534 pretii
1941 1479 2058 1518 ma-

473 1548 628 1603 teriis
663 1559 1045 1614 exornaretur,
1080 1551 1180 1620 ipsi
1217 1560 1406 1606 contra
1436 1552 1676 1622 impuras
1709 1569 1774 1610 ac
1810 1555 2058 1611 sordidas

473 1646 654 1694 vestes
701 1639 849 1694 circa
890 1640 1134 1695 sanctius
1163 1641 1386 1711 adytum
1423 1642 1728 1712 alligantes,
1769 1653 2056 1700 contume-

472 1727 561 1783 lia:
592 1738 776 1784 notam
815 1731 1017 1801 templo
1055 1731 1351 1812 jnurebant
1383 1751 1395 1788 :
1432 1751 1536 1789 non
1576 1737 1734 1790 modo
1773 1738 1914 1791 inter
1953 1753 2052 1806 pu-

2157 549 2425 619 ςομένων,
2479 551 3024 622 συκοφαντουμένων.
3075 553 3280 606 Τούτου
3329 555 3489 626 χάριν
3533 556 3630 609 καὶ
3662 555 3748 609 ἐπ’

2155 638 2382 708 ἐλέγχου
2438 639 2620 708 τίθησι
2662 639 2833 693 ταῦτα
2886 643 3258 712 μεμφόμενος,
3292 645 3387 697 καὶ
3443 644 3556 698 τῶν
3610 662 3748 716 συμ-

2157 728 2370 782 ϐάντων
2440 730 2670 800 ἀπηχῶν
2747 732 2920 786 ταῦτα
2972 735 3262 804 τυγχάνειν
3316 735 3744 806 ἀποφηνάμενος

2156 820 2324 872 αἴτια.
2366 819 2447 873 Τὰ
2480 821 2587 890 γὰρ
2639 821 2738 890 τῆς
2775 822 3170 892 μεταγνώσεως
3205 825 3439 895 δάκρυα,
3480 827 3543 879 οὐ
3581 828 3746 896 μόνον

2156 911 2566 981 ἀκατηγόρητα,
2628 913 2766 966 ἀλλά
2829 917 2925 968 καὶ
2987 916 3119 986 ἡδέα
3137 917 3252 985 (9⁵)
3304 916 3424 969 ἐστὶ
3457 917 3536 986 τῷ
3595 916 3769 988 θεῷί

2157 1002 2232 1065 ὡς
2281 1002 2576 1074 θυμίαμα.
2625 1003 2707 1057 Τὰ
2745 1004 2802 1058 δὲ
2859 1007 3050 1077 ἱμάτια
3104 1007 3170 1060 τά
3221 1006 3606 1078 δεσμούμενα,
3657 1009 3751 1062 καὶ

2155 1093 2217 1144 τὸ
2251 1093 2634 1166 θυσιαστήριον
2681 1096 3155 1161 καταπετάζοντα,
3201 1098 3298 1168 τὴν
3338 1115 3767 1170 καταφρονητιι

2157 1184 2260 1254 κὴν
2309 1185 2488 1238 αὐτῶν
2542 1187 2668 1257 περὶ
2713 1187 2774 1239 τὸ
2819 1187 2973 1242 Θεῖον
3023 1187 3277 1257 ἐμφαίνει
3329 1187 3592 1248 διάθεσιν.
3643 1176 3769 1240 Τοῦ

2158 1278 2267 1348 γὰρ
2293 1277 2460 1348 νόμου
2494 1281 2558 1332 ὲκ
2604 1278 2863 1349 καθαρῶν
2893 1280 2989 1334 καὶ
3023 1279 3225 1349 τιμίων
3272 1279 3417 1334 ὑλῶν
3464 1279 3566 1350 τὴν
3624 1280 3754 1350 περὶ

2158 1368 2250 1423 τὸν
2279 1369 2422 1422 θεῖον
2461 1368 2595 1423 νεὼν
2628 1370 2922 1436 τάσσοντος
2957 1372 3339 1442 διακόσμησιν,
3378 1370 3533 1423 αὐτοὶ
3569 1368 3754 1440 ῥυπώ-

2167 1480 2266 1528 σας
2302 1464 2398 1517 καὶ
2459 1464 2808 1536 ἀκαθάρτους
2863 1465 3100 1536 ἐσθῆτας
3152 1464 3280 1535 περὶ
3328 1463 3390 1517 τὸ
3436 1463 3592 1532 ἅγιον
3647 1462 3755 1516 τῶν

2170 1556 2345 1624 ἁγίων
2406 1556 2762 1626 δεσμοῦντες,
2821 1555 3150 1628 καθύϐριξον
3192 1557 3262 1609 τὰ
3301 1555 3620 1626 ἀνάκτορα’
3680 1554 3755 1625 μὴ

2168 1649 2330 1718 μόνον
2363 1649 2568 1718 μεταξὺ
2621 1649 2865 1721 καθαροῦ
2916 1650 3012 1702 καὶ
3055 1649 3368 1720 ἀκαθάρτου
3399 1649 3474 1718 μὴ
3503 1647 3757 1700 διαστέλ-

2163 1741 2369 1804 λοντες,
2405 1740 2545 1795 ἀλλά
2591 1740 2697 1794 ἀνὰ
2749 1741 2914 1811 μέσον
2969 1741 3117 1794 Θεοῦ-
3156 1741 3252 1794 καὶ
3309 1739 3642 1810 ἀκαθάρτων
3679 1738 3754 1808 μὴ

473 1835 596 1873 rum
637 1828 693 1874 et
736 1821 1010 1891 impurum
1056 1809 1284 1878 minime
1322 1824 1811 1896 distinguentes“,
1849 1828 1942 1881 sed
1988 1841 2056 1882 ne

2178 1833 2555 1905 διακρίνοντες.
2589 1834 2734 1904 ἅπερ
2775 1834 2961 1898 αὐτοῖς
2987 1834 3082 1886 καὶ
3110 1833 3218 1886 τῶν
3250 1831 3522 1887 τοσούτων
3569 1831 3757 1886 κακῶν

474 1912 696 1980 quidem
729 1913 873 1966 inter
904 1900 1074 1967 Deum
1104 1923 1158 1966 ct
1191 1929 1278 1969 res
1304 1916 1546 1984 impuras
1574 1918 1866 1972 discrimen
1898 1917 2064 1971 ullum

475 2006 802 2054 statuentes.
853 1999 984 2066 Quae
1035 2001 1251 2071 quidem
1303 2004 1469 2059 etiam
1507 2005 1638 2076 ipsis
1671 2015 1750 2060 tot
1800 2006 2063 2062 malorum

473 2090 653 2145 fontes
680 2101 1034 2161 aperuerunt.

990 2183 1121 2239 CCI.
1155 2216 1225 2226 —
1258 2187 1541 2244 DIDYMO.

475 2271 754 2338 Quomodo
829 2277 1186 2334 assimilalum
1245 2291 1605 2404 estut-agnum
1663 2283 1914 2338 calorum
1960 2285 2068 2355 [er-

1135 2367 1308 2404 meno
1389 2387 1404 2402 .

1135 2367 1308 2405 mento
1333 2367 1379 2384 "
1389 2387 1404 2402 .

545 2455 822 2512 leorum
874 2475 1106 2532 regnum
1166 2461 1439 2519 fermento
1500 2473 1873 2534 comparatum
1928 2473 2062 2522 est:

472 2548 580 2605 hoc
627 2559 710 2606 est
757 2551 969 2608 Domini
1023 2569 1088 2610 ac
1135 2554 1438 2613 Salvatoris
1487 2558 1659 2612 nostri
1704 2559 2066 2614 incarnationi

473 2645 682 2710 peccati
726 2647 907 2701 omnis
957 2647 1193 2716 experti,
1223 2648 1334 2719 60
1362 2663 1482 2718 qua:
1529 2651 1843 2706 universum
1895 2659 2070 2706 terra—

477 2749 600 2788 rum
627 2735 814 2790 orbem
840 2739 1148 2807 conspersit
1177 2756 1190 2793 :
1218 2749 1273 2796 et
1312 2742 1473 2797 unius
1514 2745 1760 2814 corporis
1785 2757 1851 2800 ex
1879 2755 2069 2803 nostra

475 2826 783 2882 substantia
823 2837 986 2899 atque
1017 2847 1046 2884 a
1083 2831 1178 2887 Dei
1216 2834 1479 2904 genitrice
1509 2834 1677 2892 Maria
1719 2840 1946 2907 sumpti,
1979 2853 2070 2894 co-

477 2919 891 2988 agmentationi,
935 2936 1057 2992 quae
1117 2923 1370 2981 homines
1417 2941 1641 2993 omnes,
1687 2930 1779 2998 qui
1832 2931 1898 2985 ab
1941 2929 2072 2987 orbe

481 3006 708 3063 condito
742 3010 1096 3077 exstiterunt,
1135 3013 1203 3068 ad
1247 3029 1444 3069 novum
1471 3025 1652 3071 ortum
1692 3018 2066 3074 renovavit”.

776 3121 935 3178 CCII.
965 3153 1036 3165 —
1065 3123 1374 3182 MACARIO
1411 3127 1762 3185 EPISCOPO.

550 3232 722 3290 Recte
749 3236 992 3306 quidem,
1037 3248 1095 3294 ut
1145 3240 1278 3295 mihi
1316 3243 1640 3312 persuadeo,
1677 3259 1844 3300 novos
1878 3243 2068 3301 Eccle-

479 3323 575 3381 siae
624 3327 909 3384 ministros
954 3330 1198 3387 instituis
1229 3351 1242 3388 :
1272 3334 1412 3388 male
1461 3343 1643 3390 autem
1685 3337 1903 3392 eosdem
1951 3337 2069 3392 laur

479 3418 598 3475 das.
629 3419 764 3478 Vide
800 3439 869 3480 ne
896 3423 1206 3494 huiusmodi
1244 3427 1498 3483 laudibus
1533 3427 1906 3496 inllcctantur,
1935 3445 2070 3486 con-

478 3512 854 3585 tentionisque
910 3517 1182 3574 suavitate
1257 3521 1600 3589 spolientur,
1671 3523 1889 3594 illisque
1966 3526 2072 3582 hoc

479 3601 664 3660 inanis
691 3607 877 3674 opinio
901 3617 1065 3678 atque
1100 3613 1416 3680 arrogantia
1451 3613 1667 3683 afferat,
1700 3627 1761 3670 ut
1802 3616 2067 3672 intentio-

494 3695 585 3751 nis
619 3698 900 3769 animique
934 3716 1226 3757 nervorum
1253 3705 1522 3774 iacturam
1567 3707 1789 3762 faciant.

928 3791 1104 3846 CCIII.
1133 3823 1202 3833 —
1231 3794 1624 3853 ZENODOTO.

553 3899 690 3956 Cum
739 3911 793 3958 et
827 3901 940 3959 Noe
979 3906 1326 3978 agriculturae
1369 3924 1482 3965 sua:
1523 3911 1824 3981 periculum
1859 3912 2068 3981 fecerit,

483 3989 751 4060 ignorans
794 3995 1054 4064 quidnam
1113 4011 1180 4054 ex
1241 4001 1367 4057 vino
1425 4001 1526 4072 ipsi
1581 4003 2074 4062 accidisset":et

481 4079 588 4134 Lot
622 4080 748 4136 item
779 4098 811 4138 a
839 4084 962 4140 vino
989 4086 1042 4141 in
1084 4090 1379 4144 amentiam
1422 4089 1653 4147 inﬂexus
1683 4094 1774 4160 sit,
1807 4103 2073 4165 paterque

481 4173 537 4228 in
578 4175 736 4231 senili
783 4185 943 4233 aetate
987 4179 1132 4234 haud
1182 4189 1376 4252 sponte
1423 4197 1489 4239 ac
1540 4183 1851 4240 voluntarie
1899 4185 2073 4241 factus

481 4266 554 4322 sit
575 4267 644 4332 ³⁸,
678 4277 734 4323 et
760 4268 1004 4326 Herodes
1031 4272 1362 4329 temulentize
1396 4274 1557 4332 ludus
1584 4275 1835 4343 effectus,
1882 4279 2071 4349 magni

485 4356 717 4414 Joannis
749 4375 948 4418 cruore
984 4378 1228 4418 mensam
1265 4380 1418 4420 suam
1451 4381 1515 4420 ac
1546 4377 1734 4435 pectus
1761 4368 2070 4435 tinxerit",

2168 1928 2267 1990 τὰς
2297 1926 2481 1997 πηγὰς
2503 1926 2875 1997 ἀνεστόμωσε.

2665 2195 2786 2250 ΣΑν.
2839 2221 2908 2234 -
2977 2193 3254 2264 ammte.

2185 2335 2192 2341 .
2230 2283 2366 2354 Πῶς
2402 2283 2665 2356 ὡμοιώθη
2697 2286 2735 2354 ἡ
2760 2284 3058 2350 ,βασιλεία
3088 2284 3206 2338 τῶν
3234 2282 3510 2354 οὐρανῶν
3537 2283 3715 2354 ζύμῃ.

2243 2467 2398 2540 Ζύμῃ
2429 2469 2463 2538 ή
2495 2467 2742 2538 βασιλεία
2791 2466 2900 2520 τῶν
2950 2465 3198 2538 οὐρανῶν
3245 2464 3626 2535 ἀφωμοίωται,
3687 2464 3756 2535 τῇ

2171 2558 2266 2613 τοῦ
2294 2560 2501 2630 Κυρίου
2539 2560 2633 2612 καὶ
2664 2559 2920 2629 Σωτῆρος
2955 2557 3115 2628 ήμῶν
3141 2557 3512 2627 ἀναμαρτήτῳ
3538 2556 3763 2626 σαρκώ⁶

2173 2671 2277 2716 σει,
2306 2652 2704 2725 ἀναφυρασάσῃ
2734 2652 2825 2705 τὸν
2865 2651 3082 2704 ἅπαντα
3121 2649 3349 2719 κόσμον,
3378 2647 3472 2701 καὶ
3503 2647 3620 2710 ένὺς
3649 2644 3758 2698 σῶ-

2175 2763 2344 2817 ματος
2390 2745 2706 2809 ὑποστάσει,
2757 2746 2823 2797 ὲκ
2853 2743 2953 2814 τῆς
2995 2743 3274 2814 ἡμετέρας
3323 2741 3512 2803 οὐσίας
3537 2739 3766 2810 καὶτῆς

2173 2836 2425 2890 θεοτόκου
2482 2836 2705 2908 Μαρίας
2751 2833 3050 2906 ληφθέντος
3098 2833 3236 2904 (9-4),
3273 2832 3375 2904 τὴν
3423 2832 3516 2884 ἀπ’
3556 2829 3763 2894 αἰῶνος

2172 2926 2566 2999 ἀνθρωπότητα
2599 2927 2680 2989 είς
2713 2922 3066 2980 παλιντοκίαν
3096 2922 3517 2992 ἀνακαινισάσῃ.

2094 3142 2144 3201 ο·
2445 3126 2562 3180 ΣΒ’.
2611 3157 2684 3168 --
2725 3125 3044 3196 ΜΑΚΑΡΙῼ
3107 3124 3488 3195 ΕΠΙΣΚΟΠῼ.

2242 3241 2439 3306 Καλῶς
2466 3241 2564 3313 μὲν
2613 3241 2724 3311 (95)
2765 3241 2919 3310 ἄγεις
2947 3242 3072 3305 τοὺς
3110 3240 3264 3303 νέους
3289 3239 3391 3310 τῆς
3431 3237 3768 3308 Ἑκκλησίας

2171 3335 2546 3406 λειτουργοὺς,
2581 3335 2885 3405 πέπεισμαι
2913 3351 2925 3364 ·
2953 3335 3141 3398 κακῶς
3165 3335 3222 3388 δὲ
3251 3334 3474 3396 τούτους
3491 3334 3764 3396 ἐπαινεῖς.

2172 3428 2418 3499 Πρόσεχε
2476 3427 2553 3498 μὴ
2587 3429 2700 3490 τοῖς
2752 3426 3046 3498 ἐγκωμίοις
3107 3426 3464 3490 ἀνακλιθῶσι,
3516 3422 3768 3478 καὶτῶν

2171 3519 2343 3574 τόνων
2384 3520 2446 3576 τὸ
2493 3519 2592 3590 ἡδὺ
2627 3519 2952 3591 συληθῶσιν,
2983 3520 3159 3590 οἰήσει
3197 3517 3298 3588 τὴν
3351 3517 3634 3571 συντονίαν
3661 3515 3770 3585 ζη-

2176 3611 2492 3681 μιωθέντες.

2619 3801 2732 3856 Σιν.
2803 3831 2852 3840 -
2909 3799 3294 3870 ΖΗΝΟΔΟΤῼ.

2244 3915 2308 3970 EI
2355 3916 2451 3971 καὶ
2500 3913 2626 3970 Νῶε
2690 3914 2791 3984 τῆς
2848 3913 3055 3977 οίκείας
3103 3911 3381 3982 γεωργίας
3415 3909 3766 3979 πεπείρατα,

2174 4007 2450 4080 ἀγνοήσας
2506 4006 2535 4060 ὃ
2593 4005 2861 4060 πέπονθεν
2920 4004 2981 4069 ἐξ
3048 4002 3235 4057 οἴνου·
3315 4001 3411 4054 καὶ
3490 3999 3614 4052 Λὼτ
3679 4001 3770 4063 είς

2173 4097 2360 4152 ἄνοιαν
2389 4097 2501 4167 (96)
2533 4095 2724 4166 ἐκλίθη
2766 4095 2872 4148 ὑπὸ
2921 4092 3091 4158 οἴνου,
3125 4092 3218 4146 καλ¹
3266 4090 3450 4161 πατὴρ
3497 4091 3556 4142 ὲν
3598 4090 3769 4158 γήρει

2173 4189 2489 4260 ἀϐουλήτως
2509 4188 2794 4257 γεγένητο·
2825 4185 2921 4239 καὶ
2962 4183 3214 4256 Ἡρώδης
3247 4182 3422 4252 μέθης
3464 4180 3769 4248 γενόμενος

2137 4266 2450 4346 ’παίγνιον,
2504 4275 2582 4346 τῷ
2647 4275 2743 4328 τοῦ
2793 4273 3029 4345 μεγάλου
3099 4272 3350 4326 Ἰωάννου
3416 4270 3610 4339 αἵματι
3660 4267 3768 4337 τὴν

2173 4369 2455 4443 τράπεζαν
2504 4368 2668 4422 αὐτοῦ
2729 4369 2824 4421 καὶ
2875 4365 3100 4438 καρδίαν
3155 4362 3427 4434 ὲφοίνιζε·
3460 4360 3553 4413 καὶ
3583 4360 3768 4412 πάντα

479 4456 538 4505 et
571 4450 802 4522 denique
827 4454 1008 4508 omnia
1044 4456 1323 4511 hominum
1356 4472 1555 4512 vesana
1599 4460 1829 4514 crimina
1871 4475 1902 4515 a
1942 4462 2064 4516 vino

2178 4462 2242 4515 τά
2282 4461 2452 4526 ἄλογα
2491 4460 2601 4513 τῶν
2645 4458 2948 4530 ἀνθρώπων
3001 4457 3344 4526 ἐγκλήματα,
3398 4453 3542 4506 οἴνου
3611 4452 3770 4503 ἐστὶν

479 4546 1050 4616 promanent",.quid
1103 4557 1157 4603 tu
1196 4549 1560 4605 voluntarium
1595 4553 1834 4609 furorem
1877 4567 2070 4609 accer-

369 4701 384 4710 _
481 4634 580 4700 sis,
608 4650 672 4690 ac
703 4652 809 4691 non
837 4640 1088 4706 pudicam
1122 4648 1176 4696 et
1210 4648 1608 4712 temperantem
1641 4645 2071 4701 moderationem

483 4725 872 4795 amplecteris?

1030 4822 1208 4879 CCIV.
1242 4823 1523 4882 DIDYMU.

554 4910 1023 4978 Quemadmodum
1064 4931 1286 4987 sagena,
1318 4933 1437 4987 quae
1470 4920 1520 4973 in
1569 4936 1717 4976 mare
1757 4921 2066 4992 projicitur,

2171 4554 2570 4623 ἀποϐλύσματα
2597 4566 2610 4582 ⁸
2656 4552 2710 4604 τί
2757 4551 2860 4623 τὴν
2897 4549 3220 4620 αὐθαίρετον
3271 4546 3475 4617 ἐφέλκῃ
3537 4542 3766 4613 μανίαν,

2172 4645 2268 4700 καὶ
2294 4646 2356 4698 οὐ
2391 4644 2486 4714 τὴν
2516 4643 2769 4714 σώφρονα
2804 4640 3129 4712 περιάπτεις
3169 4635 3514 4707 συμμετρίαν
3543 4649 3558 4696 ;

2679 4825 2796 4880 ΣΔἏ
2849 4853 2919 4864 -
2952 4821 3233 4888 ΔΙΔΥΜῼ.

2253 4921 2466 4991 Ὥσπερ
2516 4920 2550 4991 ὴ
2592 4915 2892 4990 ριπτομένη
2931 4916 3007 5004 ιῖίν¹
3044 4913 3294 4983 θαλάσσῃ
3339 4907 3576 4978 σαγήνη,
3647 4904 3771 4960 διά-

553 5070 599 5102 ⁵⁰
629 5070 799 5145 Quod.
824 5086 966 5145 _xx_v,
997 5072 1053 5126 4.
1129 5072 1174 5105 ³¹
1198 5073 1395 5130 Ezech.
1429 5090 1563 5138 χχιι,
1605 5077 1694 5132 ‘36.
1773 5077 1820 5108 ⁸⁸
1855 5077 2041 5131 Matth.

2178 5117 2188 5140 ,
2219 5078 2319 5145 .53.
2374 5077 2422 5109 ⁸³
2451 5075 2609 5132 Joan.
2636 5090 2719 5142 ιιι,
2757 5075 2812 5130 5.
2887 5073 2935 5106 ’δ
2972 5071 3170 5128 Geues.
3213 5083 3291 5136 Ix,
3320 5065 3414 5122 20.
3489 5062 3536 5095 "
3560 5062 3769 5119 Cenes.

484 5155 600 5206 χιι,
629 5141 720 5196 55.

823 5143 868 5173 ⁵⁸
899 5141 1091 5196 Matth.
1121 5159 1230 5210 xw,
1261 5147 1315 5198 4.
1407 5145 1451 5176 ⁸⁷
1492 5147 1661 5201 Eccli.
1706 5161 1822 5210 χιιι,
1851 5147 1885 5199 2
1911 5189 1925 5213 ,
1959 5159 2013 5202 et
2043 5164 2191 5213 χχιιι,
2218 5141 2311 5203 30.

1592 5284 1820 5340 νΑιιιΑι
1854 5286 2239 5346 LECTIONES
2273 5289 2360 5346 ET
2384 5288 2616 5346 NOT/E.

557 5415 670 5487 (95)
710 5417 817 5472 Pro
879 5418 1009 5486 ἡδέα
1055 5421 1176 5476 cod.
1214 5421 1323 5474 Alt.
1369 5419 1534 5475 habet
1590 5421 1716 5477 ἴδια.
1766 5420 1912 5478 Idem
1945 5440 2066 5480 cum

651 5482 796 5613 versi
827 5482 942 5558 seq.
995 5506 1093 5560 pro
1143 5491 1594 5556 καταπετάζοντα
1640 5493 1770 5564 legit
1813 5512 2066 5566 παραπε-

489 5570 519 5608 τ
563 5575 744 5620 κοντα.
804 5576 856 5615 D.

559 5628 671 5708 (‘94)
701 5627 807 5708 Pro
838 5631 1139 5704 ληφθέντος
1173 5633 1292 5688 cod.
1329 5632 1499 5688 Vatic.
1534 5633 1638 5689 6I9
1672 5635 1837 5692 habet
1867 5637 2068 5708 ἀναλη-

489 5695 730 5764 φθέντος.
759 5695 967 5757 Possis.

561 5764 673 5838 (95)
729 5769 862 5827 Cod.
919 5773 1089 5830 Sfort.
1124 5775 1326 5831 omittit
1378 5775 1497 5848 μὲν.
1533 5774 1686 5834 Vcrs.
1740 5777 1771 5834 ii
1803 5781 1921 5836 cod.
1956 5778 2061 5832 Alt.

2177 5428 2346 5480 τόνων
2379 5436 2546 5502 mutat
2590 5426 2876 5502 irratévmv.
2911 5422 2989 5502 ID_-
3023 5492 3067 5502 "
3111 5500 3119 5502 _
3184 5489 3282 5502 ΛΜ
3317 5490 3330 5502 ,
3406 5489 3440 5502 ._
3540 5453 3552 5463 ‘

2250 5499 2359 5567 (96)
2395 5497 2497 5552 Pro
2525 5501 2605 5562 εἰς
2645 5497 2838 5567 ἄνοιαν
2871 5496 2991 5567 cod.
3023 5492 3144 5546 Vat.
3180 5489 3484 5567 legit,
3522 5485 3615 5567 εἰς.
3636 5485 3776 5567 ἀνο-

2218 5557 2294 5623 ον.
2319 5557 2472 5623 Vers.
2505 5557 2619 5640 sep.
2652 5583 2748 5640 pro
2766 5564 3084 5640 ἀϐουλήτως
3108 5564 3228 5615 cod.
3256 5557 3561 5640 Altfhabet
3592 5557 3768 5640 ἀρου-

2218 5585 2294 5623 O‘J.
2326 5585 2472 5623 VQI'S.
2505 5585 2619 5638 sep.
2652 5585 2748 5634 pro
2769 5585 3084 5635 αοουΛητως
3108 5585 3228 5615 cuu.
3256 5585 3365 5614 Alt.
3402 5585 3561 5613 ιιειυιςι
3592 5585 3763 5640 υιυνυεδ-

2173 5585 2334 5708 λιήτῳ.
2374 5638 2530 5693 Vers.
2586 5639 2619 5691 6
2655 5636 2916 5708 ,é'poiuttjs
2949 5643 3096 5689 reclc
3147 5641 3357 5708 mutant
3414 5629 3574 5684 codd.
3630 5627 3763 5681 Vat.

2173 5703 2359 5763 (ἤθει
2385 5711 2492 5762 Alt.
2532 5710 2582 5762 iu
2613 5703 3031 5776 ἐφοίνιξεΝειε.
3067 5719 3190 5772 pen,
3229 5703 3390 5758 iidem
3454 5713 3552 5769 pro
3605 5714 3768 5768 περιο

2173 5781 2364 5844 άπτεις
2404 5780 2602 5836 habent
2642 5775 2934 5848 περιέπεις.
2976 5775 3050 5829 In.
