3986 6384
196 361 317 431 313

1159 357 1708 422 EPISTOLARUM
1737 358 1886 420 LIB.
1920 359 1971 420 Ι.
2012 386 2083 396 -
2117 360 2356 423 ΕΡ18Τ.
2391 360 2637 424 CCVIII.

3388 358 3498 424 3M

197 471 511 547 W97)
565 469 685 543 ἔχει
727 469 822 526 τὸν
878 467 1248 538 συγκλεισμδν
1300 466 1410 522 τῶν
1468 467 1640 536 γενῶν
1686 466 1796 520 τῶν

1919 470 2052 524 varia
2108 470 2339 539 piscium
2392 483 2591 537 genera
2640 466 2917 525 concludit
2938 468 2985 502 "
3033 486 3048 523 :
3094 467 3285 525 eodem
3335 470 3500 530 modo

200 565 404 639 ἰχθύων
422 581 438 597 θ
488 561 676 628 οὕτως
696 563 733 634 ἡ
756 559 978 624 αἰώνιος
1007 558 1101 614 τοῦ
1129 558 1370 629 Χριστοῦ
1403 558 1672 630 βασιλεία,
1707 559 1810 630 τὴν

201 658 269 710 lx
296 654 509 717 παντὸς
530 653 728 716 ἔθνους
763 650 1072 723 ἀνθρώπων
1116 648 1330 718 πληθὺν
1363 649 1653 721 δεχομένη,
1678 649 1812 703 ἀνά-

195 749 356 818 λογον
380 748 453 818 τῇ
480 745 674 799 πίστει
698 744 804 814 τὴν
841 741 1119 813 σωτηρίαν
1146 738 1342 812 ὁρίζει,
1364 740 1426 793 οὐ
1452 740 1643 809 γένους
1664 737 1811 804 ἀξιο-

193 844 391 910 πιστίᾳ
456 819 593 911 [οὐκ
638 836 800 901 ἀξίας
852 831 1226 907 σεμνολογία]
1277 831 1377 902 οὐχ
1432 831 1697 902 ίερατείᾳ,
1747 830 1809 885 οὐ

195 930 457 1003 βασιλείᾳ
477 929 691 1000 ἀναξία
703 929 805 998 τῆς
827 926 1074 996 κλήσεως
1098 924 1198 995 τὴν
1222 924 1434 994 τρυφὴν
1456 923 1809 993 διανέμουσα,

198 1023 345 1078 ἀλλά
386 1023 588 1093 τρόπῳ
616 1022 718 1075 καὶ
748 1021 849 1091 βίῳ
871 1018 1008 1090 πρὸς
1032 1017 1383 1088 καθαρότητα
1414 1015 1689 1082 νεύσαντι,
1717 1017 1811 1069 καὶ

190 1115 333 1187 πρὸς
370 1115 480 1185 τὴν
511 1114 695 1185 θήραν
726 1112 837 1165 τῶν
858 1110 1075 1182 ἀληθῶν
1101 1109 1299 1164 ἁλιέων
1326 1109 1657 1181 ὁρμήσαντι.

712 1309 835 1365 ΣΕν.
881 1338 951 1351 -
978 1308 1066 1378 Te
1093 1308 1299 1379 arm.

250 1423 339 1479 τὰ
379 1421 536 1476 καλά
586 1420 886 1490 συνάγεται
935 1420 1017 1483 είς
1062 1418 1234 1489 ἄγγη,
1267 1417 1364 1472 καὶ
1414 1416 1483 1470 τὰ
1528 1416 1674 1471 κακά
1706 1415 1811 1483 ἔξω

198 1513 463 1585 βάλλεται
502 1513 612 1583 τῆς
648 1512 915 1581 σαγήνης,
944 1510 1349 1581 ὲρευνωμένης,
1381 1507 1545 1579 φημὶ,
1587 1508 1688 1579 τῆς
1712 1508 1809 1562 τοῦ

195 1606 405 1677 Κυρίου
454 1603 819 1673 Ἐκκλησίας,
852 1600 1279 1672 ἐπειδηπάντες
1309 1599 1389 1671 τῷ
1421 1598 1663 1670 Χριστοῦ
1691 1599 1811 1653 ὀνό-

196 1714 323 1767 ματι
349 1695 849 1766 ἐσφραγίσθησαν,
877 1695 974 1748 xui
997 1693 1080 1757 είς
1131 1692 1261 1763 μίαν
1289 1690 1557 1762 ἁρμονίαν
1589 1690 1810 1762 ήνώθη-

1914 560 2305 630 sempiternum
2334 560 2541 615 Christi
2575 575 2799 630 regnum
2832 576 2899 615 ex
2926 560 3178 616 omnibus
3210 562 3491 619 hominum

1913 650 2225 705 nationibus
2276 650 2683 705 multitudinem
2727 649 3027 719 excipiens,
3081 666 3179 717 pro
3227 652 3349 707 ﬁdei
3408 670 3500 708 ra-

1914 744 2063 799 tione
2088 742 2321 798 salutem
2347 743 2541 811 cuique
2563 741 2846 797 constituit
2875 758 2890 796 :
2927 757 3030 796 non
3061 743 3281 813 generis
3312 754 3502 799 aucto-

1914 836 2085 900 ritati,
2133 851 2238 889 non
2272 834 2556 905 dignitatis
2610 833 2975 902 amplitudini,
3019 850 3125 890 non
3168 836 3497 901 sacerdotio,

1914 941 2019 982 non
2064 941 2232 995 regno
2282 926 2384 982 hac
2428 925 2793 994 appellatione
2843 925 3064 993 indigno
3124 925 3348 981 delicias
3403 927 3503 982 tri-

1914 1019 2105 1085 buens,
2137 1033 2322 1073 verum
2375 1019 2617 1074 moribus
2660 1033 2725 1071 ac
2773 1017 2919 1079 vitae,
2950 1032 3072 1087 qtue
3101 1018 3166 1071 ad
3202 1020 3498 1085 puritatem

1914 1126 2179 1181 propensa
2242 1109 2445 1177 fuerit,
2502 1120 2664 1178 atque
2733 1109 2799 1165 ad
2858 1124 3112 1165 verorum
3169 1110 3501 1179 piscatorum

1912 1203 2150 1274 prazdam
2173 1202 2218 1235 "
2256 1217 2314 1257 se
2334 1202 2644 1258 contulerit.

2436 1311 2594 1371 CCV.
2644 1343 2713 1354 —
2742 1311 2977 1369 EIDEM.

1982 1429 2133 1485 Bona
2179 1429 2324 1484 intra
2369 1443 2499 1485 vasa
2536 1428 2891 1497 colliguntur,
2932 1428 3080 1484 mala
3118 1438 3300 1484 autem
3348 1437 3503 1484 extra

1911 1537 2169 1592 sagenam
2200 1521 2627 1592 projiciuntur“
2655 1540 2668 1578 :
2704 1523 2964 1577 nimirum
2998 1539 3120 1579 cum
3156 1523 3368 1578 Domini
3402 1523 3506 1579 Ec-

1912 1616 2076 1670 clesia
2108 1616 2437 1681 excutietur,
2471 1616 2914 1687 quandoquidem
2943 1632 3135 1672 omnes
3162 1616 3366 1671 Christi
3409 1632 3506 1671 no-

1911 1705 2058 1760 mine
2083 1705 2408 1777 consignati,
2439 1714 2601 1776 atque
2644 1705 2698 1760 in
2730 1721 2893 1760 unam
2930 1720 3250 1777 compagem
3281 1715 3337 1760 et
3359 1721 3508 1760 eom-

193 1802 307 1840 σαν.
378 1786 502 1839 Καὶ
556 1783 858 1852 συνάγεται
902 1782 1003 1853 μὲν
1056 1783 1135 1846 εἰς
1175 1781 1348 1851 άγγη,
1403 1779 1683 1833 τουτέστιν
1724 1780 1800 1844 είς

1919 1800 2206 1855 missuram
2255 1798 2496 1870 copulati
2543 1808 2689 1853 sunt.
2729 1799 2794 1853 Et
2839 1798 3062 1868 quidem
3100 1799 3153 1853 in
3203 1814 3357 1861 vasa,
3403 1798 3507 1852 hoc

190 1878 284 1940 τὰς
347 1876 630 1940 αίωνίους
696 1875 887 1946 μονὰς,
938 1873 1010 1928 τὰ
1055 1875 1112 1926 ὲν
1164 1871 1395 1944 ἀληθείᾳ
1437 1871 1797 1942 διαμείναντα

1919 1898 2017 1955 est,
2065 1891 2118 1945 in
2166 1890 2530 1961 sempiternas
2581 1890 2920 1956 mansiones,
2963 1888 3296 1959 colliguntur
3334 1888 3502 1943 animi

190 1970 573 2040 φρονήματα·
636 1968 745 2035 ἐξω
789 1966 848 2021 δὲ
914 1966 1170 2037 βάλλεται
1214 1965 1314 2035 τῆς
1373 1964 1687 2035 βασιλείας,
1739 1963 1809 2018 τὰ

189 2061 458 2132 αἰρεταά
497 2058 600 2114 καὶ
623 2058 724 2129 τῆς
753 2057 923 2129 ὀρθῆς
946 2057 1105 2127 δόξης
1136 2055 1421 2111 ἀντίθετα.

695 2239 836 2307 sq.
869 2263 942 2279 —-
972 2236 1299 2307 ΕΥΤΟΝΙῼ.

318 2351 479 2422 Περὶ·
503 2349 622 2406 τοῦ
646 2349 958 2419 στατῆρος
988 2348 1061 2403 ὃν
1088 2349 1311 2403 ἔλασεν
1341 2350 1375 2404 ό
1407 2347 1658 2418 Πέτρος.

262 2463 323 2518 '0
373 2464 603 2537 πατὴρ
659 2462 723 2517 ὃν
773 2463 802 2517 ὁ
850 2463 1061 2535 Πέτρος
1124 2464 1189 2518 ἐκ
1229 2460 1324 2517 τοῦ
1374 2462 1538 2535 βυθοῦ
1612 2464 1800 2519 λαϐεῖν

192 2555 483 2612 inlatis-:0
508 2558 576 2609 ὲν
601 2553 684 2625 τῷ
720 2553 866 2625 ῑχθὺἶ
893 2554 1270 2626 κρυπτόμενον
1292 2555 1434 2626 (98),
1460 2554 1563 2627 τὴν
1589 2557 1807 2627 μορφὴν

194 2648 339 2721 ημῶν
374 2635 582 2718 ἐδήλου
611 2644 1037 2716 καλυπτομένην
1059 2648 1172 2709 τοῖς
1203 2647 1455 2710 πάθεσιν,
1483 2646 1551 2717 ἢν
1584 2647 1646 2701 ὲν
1676 2648 1807 2701 ἑαυ-

198 2739 263 2811 ςῷ
292 2738 438 2810 πρὶις
460 2737 529 2791 τὸ
575 2736 893 2808 ἀρχέτυπον
940 2736 1294 2791 ἀνακαλεῖται
1326 2737 1356 2791 δ
1400 2737 1626 2809 Κύριος.
1667 2738 1808 2795 ’Λνθ’

191 2831 385 2887 ἑαυτοῦ
440 2830 502 2883 δὲ
538 2828 738 2883 τοῦτον
766 2827 992 2899 δοθῆναι
1052 2828 1409 2900 προσέταξεν,
1444 2830 1521 2893 ὡς
1559 2814 1804 2900 γεγονὼς

186 2924 477 2997 ίνθρωππος
501 2924 625 2985 τοῖς
653 2920 819 2992 ἡμῶν
846 2922 1052 2975 ἅπασιν
1083 2920 1464 2990 ὑποκείμενοςο
1499 2920 1624 2975 οὔτε
1644 2921 1805 2993 βασι-

199 3018 271 3069 λεῖ
304 3012 621 3087 συγχωρῶν
680 3012 1107 3067 ἀντιτάσσεσθαι
1148 3013 1404 3078 ἀϐλαόὦς
1434 3014 1805 3082 ὲπιτάσσοντι,

204 3106 415 3178 καὶτῆς
461 3104 661 3177 θεῖκῆς
712 3102 1004 3174 δυνάμεως
1034 3104 1133 3169 τὰς
1171 3104 1452 3177 ἐνεργείας
1499 3105 1802 3161 ἐπιδεικνύ-

210 3215 380 3271 μενος.

696 3290 815 3347 ΣΖ’.
838 3320 911 3332 -
935 3291 1319 3364 ΜΑΡΤΥΡΙῼ.

220 3405 334 3468 Πῶς
373 3404 647 3473 ωητέον,
682 3424 704 3458 ι
744 3406 883 3479 Ἐὰν
921 3406 1008 3477 μὴ
1040 3406 1371 3479 στραφῆτε,
1402 3407 1503 3462 καὶ
1533 3407 1798 3479 γένησθε

748 3476 833 3543 ὡς
861 3476 935 3531 τὰ
964 3476 1209 3533 παιδία.
1227 3497 1245 3529 ι

220 3592 225 3597 ι
283 3569 390 3638 θῦχ
447 3568 664 3641 ἡλικίας
736 3569 1091 3643 ὑποστροφὴν
1144 3571 1243 3640 τὴν
1302 3570 1440 3643 πρὸς
1493 3570 1564 3623 τὰ
1613 3571 1806 3625 παιδία

210 3659 452 3731 ὁμοίωσιν
491 3664 521 3717 ό
560 3661 777 3732 Κύριος
817 3664 1075 3729 ἀπαιτεῖ,
1121 3663 1260 3736 ὅπερ
1311 3663 1475 3728 αὐτὸς
1522 3664 1803 3735 νομίζεις,

200 3750 272 3815 ὡς
308 3753 337 3804 ό
366 3752 722 3823 Νικόδημος,
772 3751 912 3805 ἀλλά
953 3754 1053 3822 τῆς
1086 3753 1288 3814 κακίας
1316 3751 1417 3824 τὴν
1449 3752 1700 3824 ἄρνησιν,
1728 3754 1804 3817 ὡς

195 3841 453 3915 παιδιὼδη
491 3845 634 3914 ἡμῖν
682 3842 1018 3914 ἐνυπάρχειν
1065 3843 1366 3913 ἁπλότητα.
1398 3844 1509 3898 Καὶ
1541 3844 1701 3898 τοῦτο
1731 3844 1800 3898 δι’

190 3930 263 3990 ὧν
304 3936 481 4008 ἔφησε
519 3936 807 3990 δείκνυσιν
831 3976 846 3999 ,
888 3937 990 3989 οὐκ
1036 3935 1228 3999 εἰπὼν,
1270 3936 1398 3989 Ἐὰν
1451 3936 1526 4006 μὴ
1566 3936 1802 4007 γένησθε

188 4026 393 4090 παιδία,
429 4026 577 4092 ἀλλ’,
618 4026 720 4092 Ὠς
748 4024 822 4079 τὰ
847 4025 1079 4089 παιδία,
1111 4027 1180 4097 τῇ
1212 4024 1330 4089 τοῦ,
1361 4025 1466 4091 ὡς,
1510 4025 1803 4098 προσθήκῃ

187 4117 278 4190 τὴν
315 4119 562 4191 μίμησιν
591 4119 886 4191 ἐμφαίνων
917 4118 1015 4175 τοῦ
1055 4119 1407 4191 πράγματος.

722 4404 849 4460 ΣΗ’.
886 4433 960 4448 -
996 4402 1290 4477 summ.

733 4495 879 4566 Περὶ
916 4498 1274 4564 πραότητος.

247 4611 353 4680 Μὴ
388 4611 494 4683 τὴν
544 4609 776 4680 ἔννομον
823 4610 1001 4681 ἀρχὴν
1047 4613 1159 4675 τοῖς
1190 4609 1557 4682 ἀναρμόστοις
1605 4608 1796 4681 ἧθεσιν

184 4704 571 4778 ἱκΰαρϐάρου,
614 4703 754 4758 ἀλλὰ
803 4706 916 4768 τοῖς
963 4704 1266 4776 πρέπουσιν
1318 4704 1458 4776 αὐτῇ
1504 4704 1798 4776 πράγμασι

186 4795 543 4865 κατακόσμει
574 4794 886 4866 πραότητος
917 4794 1233 4865 μεταδιδοὺς
1257 4797 1371 4859 τοῖς
1413 4794 1664 4864 ἀθύμοις,
1698 4795 1796 4849 καὶ

186 4888 443 4957 ἰσότητος
490 4887 610 4950 τοῖς
652 4886 844 4957 ἥττοσι
895 4886 1036 4958 πρὸς
1068 4887 1196 4951 τοὺς
1244 4887 1499 4957 μείζουςο
1532 4886 1629 4941 καὶ
1678 4886 1802 4940 τότε

184 4979 445 5051 λαμπρὴν
473 4978 702 5048 ἐξάψεις
735 4978 944 5048 πυρσὸν
974 4979 1075 5046 τῆς
1119 4978 1397 5050 εὐνομίας.
1437 4978 1802 5050 Ὑπέκκαυμα

184 5072 296 5142 γὰρ
325 5071 451 5123 ἐστι
476 5068 800 5139 δικαιοσύνη
829 5067 926 5123 τοῦ
962 5069 1249 5140 φωστῆρος
1280 5070 1381 5140 τῆς
1407 5069 1692 5141 εὐαρχίας.

279 5290 335 5322 ⁸⁸
378 5291 580 5345 Matth.
612 5306 735 5357 xm,
776 5291 871 5345 47.

988 5292 1032 5324 ⁸⁸
1061 5291 1252 5348 Matth.
1284 5308 1359 5361 tv,
1388 5294 1475 5349 i9.

187 5360 235 5396 "
255 5363 430 5420 Joan.
472 5378 558 5427 ιιι,
592 5362 623 5416 7
644 5376 800 5433 seum.

1589 5294 1635 5326 ‘°
1662 5292 1855 5349 Matth.
1880 5306 2001 5359 xttt,
2026 5289 2118 5350 48.

1908 1979 2003 2050 qui
2036 1980 2090 2033 in
2142 1979 2376 2037 veritate
2405 1980 2787 2051 perstiterunt.
2842 1979 3007 2037 Extra
3053 1994 3279 2050 regnum
3321 1988 3503 2034 autem

1910 2070 2280 2141 projiciuntur
2335 2071 2615 2140 heretica,
2680 2081 2951 2141 rectaeque
3002 2072 3263 2128 doctrinm
3312 2071 3506 2126 adver-

1909 2164 2108 2221 santia.

2389 2256 2568 2314 CCVI.
2600 2287 2673 2302 -ο
2700 2256 3028 2316 EUTONIO.

2257 2371 2333 2426 De
2359 2382 2555 2428 statere
2588 2388 2740 2437 quem
2780 2372 2915 2441 cepit
2950 2370 3168 2426 Petrus.

1982 2481 2166 2540 Stater
2214 2482 2345 2547 ille,
2404 2498 2567 2554 quem
2624 2483 2679 2537 in
2736 2483 2884 2553 pisce
2938 2482 3252 2537 abstrusum
3311 2481 3509 2541 Petrus

1909 2577 2317 2649 caperejussus
2348 2588 2431 2634 est
2455 2577 2521 2645 “,
2563 2578 2799 2632 formam
2842 2586 3086 2632 nostram
3134 2576 3347 2633 vitiosis
3376 2576 3509 2631 atl'e-

1910 2669 2185 2725 ctionibus
2220 2680 2537 2740 coopertam
2574 2668 2916 2738 designabat,
2968 2668 3073 2739 61
3104 2683 3266 2737 quam
3316 2668 3504 2735 Domi-

1912 2777 2015 2816 nus
2058 2762 2112 2815 in
2160 2761 2345 2832 seipso
2389 2762 2457 2816 ad
2508 2760 2892 2831 primigeuium
2943 2761 3222 2829 exemplar
3266 2768 3502 2818 revocat.

1908 2850 2015 2909 Pro
2045 2869 2104 2909 se
2127 2862 2308 2909 autem
2336 2854 2480 2909 hunc
2513 2852 2629 2908 dari
2659 2852 2937 2922 praecepit,
2973 2861 3032 2905 ut
3061 2852 3224 2906 homo
3246 2850 3497 2914 etractus,

1909 2952 2073 3014 atque
2094 2945 2349 3000 omnibus
2380 2944 2585 3002 nostris
2615 2942 3024 3000 conditionibus
3056 2941 3333 3012 subjectus
3362 2958 3376 2997 :
3405 2955 3506 2996 nee

1909 3035 2248 3107 imperatori,
2290 3050 2415 3091 cum
2447 3051 2510 3091 ea
2549 3036 2803 3106 imperat,
2842 3050 2962 3105 qua?
2990 3033 3217 3089 minime
3258 3034 3415 3089 noxia
3451 3040 3509 3089 et

1910 3129 2219 3200 perniciosa
2265 3138 2426 3197 sunt,
2468 3127 2738 3183 obluctari
2789 3126 3152 3197 permittens,
3202 3134 3254 3182 et
3311 3125 3508 3181 divinae

1908 3221 2165 3292 potentiae
2198 3221 2307 3277 vim
2344 3236 2408 3275 ac
2433 3220 2750 3275 facultatem
2782 3218 3099 3273 ostendens.

2343 3309 2545 3366 CCVII.
2580 3339 2644 3350 —
2672 3307 3059 3364 MARTYRIO.

1909 3404 2184 3470 Quomodo
2216 3406 2313 3460 hoc
2338 3404 2736 3471 intelligendum
2761 3420 2777 3456 :
2806 3421 2824 3452 ι
2855 3401 2978 3473 Nisi
3006 3402 3253 3457 conversi
3271 3401 3503 3473 fueritis,

2324 3484 2374 3530 et
2398 3474 2528 3543 [acti
2557 3476 2691 3527 sicut
2725 3473 2930 3542 parvuli
2963 3472 3029 3526 ⁶².
3064 3488 3083 3522 ι

1979 3569 2116 3624 Cum
2150 3568 2416 3623 Dominus
2446 3566 2497 3620 id
2544 3582 2572 3620 a
2607 3566 2763 3620 nobis
2797 3564 3065 3634 exposcit,
3115 3571 3169 3617 ut
3213 3562 3280 3616 ad
3318 3577 3507 3627 puero-

1909 3676 2029 3715 rum
2049 3660 2461 3715 similitudinem
2488 3660 2833 3724 accedamus,
2858 3673 2968 3712 non
2997 3657 3050 3711 id
3077 3671 3105 3710 a
3130 3656 3285 3712 nobis
3308 3655 3501 3724 exigit,

1909 3761 1969 3806 ut
2012 3752 2080 3807 ad
2133 3750 2422 3806 infantiam
2482 3753 2801 3816 redeamus,
2858 3749 3316 3821 quemadmodum
3362 3749 3503 3819 ipse,

1908 3842 2189 3898 Nicodemi
2227 3843 2403 3898 instar
2435 3843 2502 3909 ",
2542 3843 2827 3899 existimas
2863 3862 2877 3900 :
2911 3859 3100 3899 verum
3147 3853 3206 3897 ut
3248 3844 3507 3913 improbi-

1912 3942 2077 3989 tatem
2105 3933 2437 4001 abjuremus,
2459 3934 2646 4003 sicque
2669 3951 2767 3989 nos
2781 3950 3184 4002 comparemus,
3207 3944 3265 3991 ut
3285 3935 3506 4002 puerilis

1908 4023 1964 4079 in
1994 4024 2151 4080 nobis
2167 4023 2490 4093 simplicitas
2521 4025 2650 4081 insit
2673 4024 2813 4097 (99).
2841 4026 3018 4094 Atque
3042 4026 3143 4080 hoc
3175 4040 3272 4093 per
3296 4041 3355 4079 ea
3388 4026 3506 4095 Quae

1913 4115 2085 4180 dixit,
2115 4117 2376 4173 ostendit.
2406 4114 2524 4171 Non
2552 4117 2700 4171 enim
2744 4118 2903 4182 dixit,
2940 4116 3052 4171 Nisi
3085 4117 3289 4184 parvuli
3314 4116 3508 4171 eﬂicia-

1913 4204 2068 4271 mini,
2102 4204 2221 4270 sed,
2260 4207 2397 4260 sicut
2434 4205 2643 4275 parvuli
2696 4222 2714 4260 :
2764 4206 3019 4259 nimirum
3056 4204 3284 4272 hujusce
3329 4206 3504 4274 parti-

1923 4297 2079 4367 culae,
2114 4299 2274 4365 sicut,
2315 4298 2649 4362 accessione,
2680 4297 2759 4353 rei
2797 4296 3157 4351 imitationem
3192 4296 3502 4352 declarans.

2372 4387 2599 4446 ccvnt.
2627 4417 2699 4429 --
2728 4369 3035 4444 nomine.

2439 4481 2520 4537 De
2548 4478 2976 4537 mansuetudine.

1980 4595 2061 4651 Ne
2096 4594 2395 4665 legitimum
2432 4592 2719 4661 imperium
2762 4588 3053 4645 inconditis
3098 4596 3260 4656 atque
3307 4585 3505 4642 incon-

1905 4688 2087 4746 cinnis
2120 4685 2364 4743 moribus
2392 4684 2682 4738 barbarum
2708 4682 2924 4746 reddas,
2960 4693 3148 4735 verum
3181 4678 3345 4734 rebus
3396 4678 3496 4748 ipsi

1907 4776 2293 4837 consentaneis
2335 4789 2568 4831 exornes
2596 4789 2612 4828 :
2640 4773 2854 4830 maestis
2902 4771 3156 4828 videlicet
3200 4773 3500 4839 lenitatem,

1908 4868 2316 4937 minoribusque
2341 4880 2462 4921 cum
2497 4863 2803 4933 majoribus
2838 4862 3263 4933 arquabilitatem
3302 4861 3504 4933 imper-

1910 4963 2071 5019 tiens.
2103 4963 2180 5016 Ae
2211 4971 2322 5016 tum
2342 4961 2663 5030 praeclarum
2683 4960 2959 5030 aequitatis
2989 4968 3045 5016 et
3069 4956 3300 5027 iustitiae
3320 4958 3503 5030 ignem

1910 5053 2198 5119 accendes,
2217 5052 2486 5123 siquidem
2510 5052 2855 5122 prmlncentis
2869 5050 3081 5122 iustitia
3114 5051 3269 5122 probi
3289 5050 3501 5122 imperii

1906 5161 1971 5202 ac
1998 5144 2321 5217 perfectura:
2346 5144 2615 5217 igniculus
2648 5154 2750 5199 est.

2234 5259 2493 5344 “Mittth.
2530 5303 2662 5353 xvn,
2700 5286 2792 5343 26.
2907 5286 2951 5317 ⁶²
2985 5285 3178 5343 Matth.
3223 5295 3378 5345 xvttt,
3437 5281 3491 5335 5.

1357 5475 1597 5533 VABIE
1634 5473 2027 5532 LECTIONES
2071 5471 2162 5529 ΕΤ
2209 5470 2449 5528 ΝΟΤΑΕ.

261 5591 407 5662 (9η,
438 5589 544 5645 Pro
601 5589 865 5662 διάφορον
903 5589 1028 5662 eod.
1087 5590 1197 5662 Alt.
1256 5590 1423 5646 habet
1471 5590 1784 5662 ἀδιάφορον.

191 5660 413 5733 νετεέῦ
438 5676 537 5729 pro
557 5660 735 5733 ὁρίζει
769 5660 899 5717 cod.
935 5660 1052 5716 Vat.
1081 5660 1184 5717 649
1211 5669 1267 5718 ei
1286 5661 1397 5716 Διι.
1425 5661 1633 5731 legunt,
1662 5660 1789 5733 ὀρέ-

192 5746 298 5799 γει.
337 5731 547 5786 Possm.
591 5731 599 5733 ’
1698 5731 1707 5733 ἡ

262 5800 376 5872 (98)
415 5801 587 5860 Codd.
627 5802 750 5861 Vat.
785 5801 893 5861 649
919 5811 973 5859 et
999 5800 1107 5859 Alt.
1137 5812 1342 5874 ponunt
1367 5803 1782 5876 κρυπτόμενος,

1898 5588 2142 5644 referunt
2197 5586 2343 5643 enim
2403 5586 2469 5640 ad
2512 5584 2823 5654 6_c:ari)p.
2889 5583 3044 5638 Vers.
3092 5582 3137 5654 ϐ,
3175 5579 3335 5654 iidem

1895 5660 1972 5784 ἷῦς
2010 5659 2286 5783 ηεγονὼς,
2324 5658 2506 5727 legunt
2544 5648 2591 5724 ᾧ
2627 5648 2871 5723 γέγονεν,
2912 5653 3212 5723 elegantius
3235 5689 3251 5715 ,
3285 5651 3338 5706 ni

1918 5746 1998 5785 υτ.
2057 5746 2106 5785 D.

3391 5592 3492 5706 ΕΠΖ

1971 5800 2085 5872 (99)
2132 5798 2197 5856 Ut
2228 5801 2445 5869 puerilis
2484 5797 2536 5851 in
2586 5794 2732 5850 nobis
2774 5790 3086 5862 simplicitas
3119 5791 3267 5848 insit.
3304 5789 3493 5849 Latins
