4084 6406
333 298 470 367 1029

1075 309 1617 371 EPISTOLAR‘UM
1655 311 1802 372 LIB.
1847 312 2312 379 III.—EPIST.
2349 319 2799 385 CCCLXXXIX.

3473 328 3608 399 1030

329 430 525 487 χηκας.
565 413 759 470 Πολλοὶ
794 416 895 488 μὲν
939 417 1050 491 γὰρ
1081 421 1220 494 αὐτῇ
1251 420 1622 492 ἐπεκώμασαν
1661 422 1762 476 οὐκ
1797 422 1926 478 εὐα-

2032 439 2378 486 conseculus.
2414 429 2564 487 Mulli
2595 435 2739 489 enim
2766 435 2834 491 ad
2857 449 2976 492 eam
3003 436 3320 508 dignitatem
3355 439 3495 498 haud
3525 445 3611 514 pie

328 505 478 576 γῶςα
529 508 578 559 οἱ
612 504 670 558 δὲ
702 507 932 574 εἰκότως
965 510 1331 582 τετυχηκότες
1356 513 1457 582 τῆς
1483 509 1671 582 τιμῆς,
1704 511 1800 566 καὶ
1833 511 1922 566 διά

326 599 517 662 τέλους
559 599 788 664 ἑαυτοὺς
829 603 890 654 ού
931 601 1092 673 μόνον
1130 602 1392 672 μέμψεως
1435 603 1740 674 κρείττους,
1786 603 1924 658 ἀλλά

327 691 426 744 καὶ
485 688 768 761 θαύματος
831 693 1018 759 ἀξίους
1079 696 1478 768 ἀποφήναντες,
1553 688 1700 752 οὗτοι
1771 696 1924 770 παρά

329 780 549 834 πάντων
601 782 982 855 ἀναρρηθῆναι
1027 784 1095 839 ἂν
1127 781 1238 839 εἷεν
1291 785 1514 840 δίκαιοι.
1560 778 1661 839 Ὧν
1700 783 1780 850 εἷς
1831 787 1926 840 καὶ

328 872 493 932 αὐτὸς
521 875 830 944 τυγχάνων,
869 877 1090 948 μυρίοις
1117 876 1416 948 ὀφθαλμοῖς
1453 879 1522 933 τὰ
1560 879 1702 934 κατά
1729 878 1925 934 σαυτὴν

330 966 696 1036 περισκόπει·
733 968 808 1039 μή
845 971 979 1022 ποτέ
1007 985 1061 1022 τι
1090 968 1392 1040 παροφθὲν,
1428 971 1496 1040 τῇ
1543 969 1789 1044 τοσαύτῃ
1835 969 1926 1024 λυ-

332 1056 569 1128 μήνηται
601 1059 794 1130 ἀρετῇ.

591 1255 774 1311 ΤΠΗ’.
813 1285 880 1296 -—
921 1255 1151 1312 ΙΕΡΑΚΙ
1193 1257 1666 1332 ΠΡΕΣΒΥΤΕΡῼ.

331 1347 475 1420 Περί
509 1348 908 1420 ἀναγιτρσεως
933 1393 947 1416 ,
1002 1353 1156 1404 κατὰ
1230 1351 1561 1416 Ἑλλήνων.
1599 1352 1752 1420 ’Περὶ
1815 1352 1928 1420 τῆς

400 1416 659 1493 χᾴριτος
683 1416 804 1493 τῶν
843 1421 1266 1493 θεοπνεύστων
1308 1421 1605 1492 Γραφών,
1658 1416 1758 1477 καὶ
1815 1416 1928 1493 τῆς

403 1489 472 1552 ἐξ
509 1486 708 1542 αὐτῶν
743 1489 1058 1558 ὠφελείας.

402 1581 464 1634 Oi
499 1580 632 1635 θεῖοι
663 1583 756 1634 καὶ
785 1583 1026 1651 οὐράνιοι
1052 1584 1291 1655 χρησμοὶ
1330 1561 1575 1656 τοῖςμὲν
1600 1585 1708 1640 τῶν
1737 1584 1921 1640 καλῶν

327 1672 650 1744 ἀνεράστοις
678 1674 755 1746 ((i)
779 1675 1085 1746 γράμματα
1117 1676 1275 1747 μόνον
1323 1673 1462 1732 εἶναι
1488 1678 1706 1732 δοκοῦσι
1729 1681 1843 1742 τοῖς
1869 1679 1928 1732 δὲ

2023 527 2318 590 sancteque
2371 521 2686 593 irruperunt
2742 548 2754 582 :
2821 529 2912 600 qui
2968 540 3150 585 autent
3208 529 3326 586 eam
3382 532 3608 590 honesta

2023 611 2236 666 ratione
2263 613 2636 684 obtinuerunt,
2666 634 2728 674 ac
2761 632 3021 690 perpetuo
3061 625 3270 692 seipsos
3306 641 3412 680 non
3453 629 3611 682 modo

2024 702 2169 756 omni
2221 708 2644 774 reprehensione
2686 714 3014 780 superiores,
3052 715 3143 768 sed
3181 717 3343 771 etiam
3379 719 3612 773 admira-

2025 789 2175 846 tione
2205 793 2397 861 dignos
2424 799 2814 864 praestiterunt,
2842 803 2896 856 hi
2927 807 3168 860 omnium
3198 805 3355 860 laude
3385 823 3448 863 ac
3471 825 3612 878 prte-

2028 881 2301 940 dicatione
2335 885 2518 942 efferri
2545 898 2840 947 merentur.
2867 893 3103 960 Quorum
3140 897 3193 950 in
3231 915 3454 955 numero
3487 917 3608 956 cum

2025 972 2142 1038 ipse
2167 989 2384 1044 quoque
2411 978 2505 1043 sis,
2539 980 2818 1036 sexcentis
2841 984 3013 1038 oculis
3040 984 3202 1038 vitam
3242 997 3386 1040 tuam
3411 1006 3472 1043 ac
3495 1006 3609 1044 mo-

2025 1077 2114 1116 res
2137 1064 2534 1136 circumspice:
2566 1085 2665 1124 nec
2687 1071 2885 1141 alioqui
2915 1073 3216 1140 neglectum
3247 1079 3343 1131 abs
3384 1088 3434 1132 te
3460 1079 3612 1149 quid-

2027 1152 2174 1222 piam
2238 1165 2401 1210 tanta:
2429 1161 2614 1214 virtuti
2643 1161 2818 1216 labem
2861 1176 2925 1217 ac
2960 1164 3256 1232 perniciem
3292 1165 3502 1224 aﬂerat.

2123 1265 2596 1331 CCCLXXXVIII.
2627 1303 2699 1316 —-
2721 1272 3004 1330 HIERACI
3037 1274 3524 1336 PHESBYTERO.

2031 1353 2372 1436 Παίοσι-ἔοικε,
2406 1373 2592 1436 contra
2638 1365 2874 1432 gentiles.
2925 1395 2998 1406 -
3041 1367 3116 1420 De
3157 1369 3329 1436 gratia
3360 1371 3612 1428 divinitus

2098 1428 2480 1495 impiratarum
2511 1428 2999 1502 Scripturarum,et
3031 1428 3280 1494 utilitate.

2099 1587 2290 1643 Divina
2319 1599 2375 1645 et
2421 1589 2668 1646 emlestia
2706 1593 2949 1658 oracula,
2981 1594 3047 1650 iis
3084 1596 3325 1666 quidem,
3368 1599 3460 1668 qui
3499 1600 3617 1670 pul—

2027 1679 2281 1734 chrarum
2309 1695 2494 1736 rerum
2527 1681 2747 1738 fastidio
2779 1695 3053 1751 tenentur,
3077 1687 3270 1742 litterae
3297 1693 3471 1744 solum
3494 1707 3617 1748 esse

331 1765 724 1838 ὐπερκοσμίοις
767 1765 912 1840 [καὶ]
943 1769 1320 1841 φιλοθεάμοσι,
1362 1770 1628 1841 λειμῶνές
1669 1772 1803 1824 εἰσιν
1833 1771 1921 1824 εὐ-

2032 1769 2318 1828 videutttr:
2354 1771 2420 1826 iis
2449 1783 2657 1838 autem,
2691 1775 2780 1844 qui
2814 1791 2975 1844 supra
3013 1779 3271 1834 mundum
3295 1796 3612 1838 assurrexe-

328 1859 533 1924 ανθεῖς,
563 1858 754 1931 ὥσπερ
787 1857 846 1925 ἐξ
876 1861 1128 1932 οὐρανίου
1179 1863 1440 1934 νέκταρος
1475 1862 1732 1935 βρύοντες
1783 1863 1922 1935 ἀκη-

333 1951 518 2023 ράτοις
547 1951 784 2008 ἄνθεσιν.
833 1953 1156 2025 Ἐξαρκοῦσι
1210 1955 1309 2024 μὲν
1357 1954 1468 2026 γὰρ
1498 1956 1592 2010 καὶ
1621 1955 1782 2026 μόνον
1823 1958 1922 2027 pr,-

331 2044 518 2109 θέντες
550 2045 686 2116 πρὸς
719 2044 982 2116 ἔκπληξιν
1003 2063 1014 2076 ·
1067 2045 1390 2101 κατανοοῦσι
1439 2047 1495 2100 δὲ
1539 2047 1734 2118 σχολὴν
1770 2048 1922 2116 ἄγειν

329 2138 433 2192 οὐκ
465 2139 874 2206 ἐπιτρέπουσιν,
919 2138 1054 2192 ἀλλὰ
1085 2141 1564 2210 παρασκευάζουσι
1607 2143 1788 2194 πᾶσαν
1828 2139 1924 2210 τὴν

327 2229 522 2300 νοεράν
550 2229 804 2300 αἴσθησιν
831 2229 1054 2302 τρέπειν
1089 2233 1164 2303 (7)
1194 2233 1275 2296 είς
1319 2233 1563 2295 ἑαυτοὺς,
1595 2235 1672 2294 ὡς
1703 2232 1832 2304 πρὶν
1863 2233 1927 2286 τὸ

328 2322 506 2392 παρὸν
541 2322 788 2394 ἀκριϐῶς
815 2322 1136 2390 θεάσασθαι,
1184 2324 1370 2377 ποθεῖν
1404 2325 1462 2378 τὸ
1502 2325 1628 2396 ὲξῆς
1651 2341 1665 2354 ·
1702 2327 1925 2378 κάκεῖνο

327 2413 724 2486 θεασαμένους,
765 2415 902 2486 ὅπερ
948 2416 1216 2469 ἀπέλιπον
1264 2417 1468 2488 ζητεῖν,
1524 2419 1618 2470 καὶ
1651 2417 1710 2470 τὸ
1741 2419 1924 2488 τρίτον

333 2506 564 2572 ἰδόντας,
602 2509 703 2562 οὐκ
735 2507 880 2580 ἔχειν
924 2508 1004 2561 ὅτι
1041 2507 1437 2578 θαυμάσουσιν.
1489 2509 1636 2563 Είσω
1685 2511 1796 2580 γὰρ
1829 2509 1923 2563 τοῦ

327 2601 658 2673 γράμματος
689 2600 1153 2672 παραπέμποντες
1183 2599 1275 2653 τὸν
1306 2600 1454 2669 νοῦν,
1486 2602 1746 2656 τοσούτου
1791 2603 1926 2672 πίμ-

329 2691 564 2744 πλανται
609 2687 918 2759 θαύματος,
945 2692 1040 2744 καὶ
1083 2693 1355 2763 τοσαύτης
1386 2693 1722 2764 πληροῦνται
1769 2694 1928 2764 χάρι-

327 2800 442 2849 τος,
473 2783 616 2837 ὥστε
645 2784 812 2856 μηδὲν
843 2784 923 2838 ἔτι
957 2785 1208 2856 χωρῆσαι
1243 2785 1353 2839 τῶν
1381 2786 1637 2854 ἐπιγείων
1665 2786 1927 2858 πραγμά-

326 2893 439 2930 των
483 2875 768 2944 δύνασθαι,
805 2877 942 2948 μηδὲ
989 2876 1056 2929 ἂν
1089 2877 1268 2932 πάντα
1313 2879 1448 2949 πρὸς
1481 2879 1678 2942 αὐτοὺς
1718 2879 1926 2951 συρρέῃ

328 2969 400 3024 τὰ
435 2971 812 3043 περιμάχητα,
841 2970 1012 3042 λήθης
1045 2962 1120 3026 ὧν
1168 2970 1436 3042 πρότερον
1476 2970 1786 3042 ἐθαύμαζον
1835 2971 1928 3024 ἐκ·

330 3079 656 3134 νικησασης.

2025 1872 2174 1931 runt,
2196 1879 2258 1919 ac
2281 1866 2606 1935 spectaculis
2627 1870 2882 1936 gaudent,
2909 1869 3146 1926 virentes
3169 1883 3224 1928 et
3248 1877 3448 1928 amoeni
3466 1887 3616 1944 sum,

2026 1963 2282 2026 tanquam
2315 1973 2380 2012 ex
2413 1959 2622 2014 ccelesti
2651 1972 2873 2016 nectare
2901 1963 3206 2031 purissimis
3240 1953 3463 2020 ﬂoribus
3492 1982 3616 2022 sca-

2027 2056 2224 2104 tentes.
2259 2047 2496 2116 Etenim,
2529 2052 2612 2107 vel
2675 2056 3022 2118 pronuntiata
3071 2057 3356 2122 duntaxat,
3397 2059 3464 2112 ad
3501 2061 3620 2114 ani—

2025 2154 2144 2195 mos
2176 2142 2538 2198 admiratione
2577 2143 2890 2213 deﬁgendos
2947 2146 3225 2202 sullicaunt
3254 2166 3268 2202 :
3297 2149 3367 2203 iis
3411 2160 3614 2220 autem,

2023 2231 2118 2300 qui
2167 2246 2231 2286 ea
2283 2234 2634 2288 considerant
2663 2245 2717 2288 et
2747 2235 3227 2302 animadvertunt,
3267 2238 3455 2294 leriari
3509 2255 3616 2294 non

2027 2324 2350 2392 permittunt
2393 2343 2407 2379 :
2465 2341 2652 2381 verum
2697 2328 2798 2382 hoc
2839 2327 3100 2394 efﬁciunt,
3148 2335 3206 2383 ut
3233 2345 3422 2384 omnes
3451 2330 3619 2388 animi

2027 2431 2218 2472 sensus
2246 2418 2313 2472 ad
2343 2435 2405 2472 ea
2440 2435 2500 2473 Se
2547 2431 2868 2476 convertant
2903 2437 2917 2474 :
2947 2424 3080 2477 adeo
3107 2433 3163 2476 ut
3203 2423 3515 2493 priusquam
3543 2425 3617 2488 id,

2027 2507 2172 2576 quod
2218 2524 2459 2578 praesens
2494 2518 2599 2575 est,
2647 2515 3052 2582 conspexeriut,
3087 2514 3139 2568 id
3189 2517 3331 2584 quod
3375 2518 3624 2586 sequitur

2025 2610 2286 2667 expetant
2328 2617 2343 2656 :
2385 2613 2439 2654 et
2465 2619 2588 2656 cum
2624 2603 2756 2657 illud
2801 2609 3198 2674 perspexerint,
3227 2607 3278 2660 id
3319 2607 3463 2675 qttod
3495 2606 3621 2662 reli-

2028 2693 2247 2760 querint
2275 2705 2521 2762 qttazrant
2553 2711 2566 2746 :
2598 2704 2654 2748 ct
2681 2712 2805 2750 cum
2832 2697 2884 2750 id
2915 2699 3060 2766 quod
3093 2700 3312 2751 tertium
3343 2707 3448 2762 est,
3479 2699 3624 2752 vide.

2031 2785 2160 2850 rint,
2211 2787 2353 2854 quod
2410 2787 2754 2856 potissimum
2815 2789 3154 2842 admirentur
3196 2805 3302 2843 non
3361 2790 3620 2842 habeant.

2029 2875 2173 2932 intra
2209 2879 2354 2932 enim
2439 2879 2632 2933 littera:
2679 2881 2978 2948 penetralia
3037 2892 3276 2936 mentem
3325 2883 3622 2956 mittentes,

2031 2976 2182 3022 tanta
2221 2968 2579 3021 admiratione
2611 2969 2923 3036 implentur,
2957 2985 3022 3024 ac
3063 2980 3208 3024 tanta
3239 2971 3412 3040 gratia
3438 2987 3628 3024 cuntu-

2029 3061 2230 3124 lantur,
2253 3067 2308 3112 ut
2323 3055 2436 3126 jam
2463 3069 2800 3112 terrenarum
2831 3075 3010 3112 rerum
3033 3060 3164 3114 nihil
3189 3075 3384 3127 capere
3405 3067 3624 3129 queant,

332 3173 402 3211 ne
429 3157 476 3210 si
506 3155 690 3210 omnia
717 3155 938 3226 quidem
981 3169 1045 3210 ea
1090 3169 1211 3223 quae
1271 3153 1520 3208 certatim
1580 3153 1830 3208 homines
1871 3161 2152 3224 appetunt,
2228 3151 2296 3206 ad
2340 3155 2484 3222 ipsos
2563 3153 2836 3208 conﬂuant
2875 3169 2890 3208 :
2929 3154 3073 3224 quod
3142 3153 3396 3208 videlicet
3437 3167 3628 3209 earum

331 3261 540 3310 rerum,
589 3261 726 3314 quas
773 3245 923 3315 prius
997 3243 1355 3298 admiratione
1397 3244 1888 3312 prosequebantur,
1927 3244 2128 3298 oblivio
2155 3242 2347 3297 victrix
2379 3243 2666 3297 exstiterit.

538 3354 714 3410 TIIG’.
755 3385 828 3400 --
863 3352 1184 3406 ΔΙΟΓΕΝΕΙ
1224 3353 1718 3423 ΜΑΓΙΣΤΡΙΑΝῼ.

339 3450 445 3516 Εἲς
485 3449 552 3502 τὸ
595 3445 1032 3517 τετραμμένον,
1069 3463 1087 3496 ι
1156 3444 1298 3517 Ἐὰν
1333 3443 1468 3514 ῑὸῃς
1498 3445 1564 3517 τὸ
1606 3443 1932 3517 ὑξιοζῢγιον

411 3515 519 3572 τοῦ
552 3515 914 3587 ἐχθροῦίονου
947 3516 1264 3580 πεπτωκὸς
1297 3517 1418 3569 ὑπὸ
1459 3515 1566 3567 τὸν
1603 3515 1812 3584 γόμον,
1857 3515 1929 3570 οὺ

413 3591 752 3657 παρελεύσῃ
793 3588 955 3641 ἀλλὰ
987 3587 1366 3655 συνεγείρῃς.
1416 3603 1436 3636 ι

409 3696 520 3750 Καὶ
564 3696 621 3749 ἐν
661 3697 732 3768 τῇ
777 3694 997 3764 Παλαιᾷ
1045 3691 1316 3764 Διαθήκῃ,
1351 3684 1398 3746 ὧ
1443 3689 1598 3760 σοφὲ,
1633 3691 1932 3762 ἐπειδήπερ

337 3787 446 3842 ἀπὸ
489 3786 696 3856 ταύτης
749 3784 918 3856 μόνης
957 3785 1090 3854 ἡμῖν
1125 3781 1370 3852 διαλέγῃ,
1401 3778 1500 3851 τὴν
1528 3779 1678 3832 Νέαν
1713 3781 1929 3850 παρεὶς,

334 3881 395 3933 el’
429 3882 522 3932 καὶ
559 3879 637 3950 (8)
686 3878 763 3948 μὴ
805 3875 1056 3947 φανερῶς
1093 3874 1226 3946 μηδὲ
1259 3872 1577 3947 διαρρήδην,
1614 3869 1728 3926 ἀλλ’
1757 3875 1934 3940 αἰνιγο

336 3972 602 4046 ματωδῶς
647 3973 782 4042 ἡμῖν
849 3967 1241 4039 ἐνομοθέτησεν
1285 3969 1318 4038 ή
1365 3965 1695 4037 ήμερωτάτη
1747 3964 1929 4033 φύσις,

333 4063 802 4122 καταλλάττεσθαι
838 4061 916 4132 τῷ
961 4059 1164 4132 ἐχθρῷ,
1199 4059 1458 4130 φήσασα’
1501 4076 1520 4110 ι
1572 4057 1698 4111 Ἐὰν
1731 4057 1844 4127 ἴδῃς
1875 4056 1934 4110 τὸ

337 4159 642 4227 ὑποζύγιον
661 4155 756 4212 τοῦ
789 4153 988 4227 ἐχθροῦ
1021 4169 1116 4205 σου
1150 4151 1440 4213 πεπτωκὸς
1473 4150 1580 4204 ὑπὸ
1615 4150 1706 4203 τὸν
1741 4151 1931 4221 γόμον,

335 4254 400 4306 ού
431 4251 768 4322 παρελεύσῃ,
820 4247 958 4300 ἀλλὰ
991 4245 1315 4317 συνεγείρης
1369 4243 1524 4298 αὑτό.
1571 4260 1592 4294 ›
1639 4243 1702 4295 Εἰ
1732 4243 1790 4295 δὲ
1836 4243 1936 4296 οὐκ

335 4346 537 4416 ἐφικνῇ
563 4343 810 4397 ἀτενίσαι
842 4340 978 4413 πρὸς
1009 4339 1070 4393 τὸ
1100 4338 1262 4410 βάθος
1289 4335 1380 4390 τοῦ
1409 4332 1686 4408 χρησμοῦ,
1715 4333 1826 4404 ἐγώ
1852 4350 1936 4388 σοι

338 4435 528 4491 τοῦτον
567 4433 931 4508 ἑρμηνεῦσαι,
963 4431 1176 4488 καὶτοῦ
1207 4429 1499 4499 νομοθέτου
1532 4428 1835 4493 ἀναπτύξαι
1875 4427 1937 4482 τὸ

339 4529 594 4601 βούλημα
650 4528 1003 4598 πειράσομαι.
1061 4525 1136 4578 Οὐ
1182 4524 1293 4594 γὰρ
1345 4521 1440 4575 τοῦ
1491 4521 1630 4586 ζώου
1681 4519 1935 4574 τοσοῦτον

341 4620 662 4692 κηδόμενος,
695 4619 808 4674 ἀλλ’
838 4618 1018 4672 αὐτῶν
1045 4617 1210 4672 ἕνεκα
1236 4615 1474 4687 μάλιστα
1495 4613 1604 4666 τῶν
1633 4614 1730 4667 ἀνθ
1740 4611 1937 4685 ρώπων

2142 3351 2564 3407 CCCLXXXIX.
2593 3380 2667 3392 —
2697 3351 2972 3408 DIOGENI
3010 3351 3514 3410 MAGISTBIANO.

2037 3439 2102 3495 In
2139 3441 2296 3503 illud,
2352 3457 2372 3490 ι
2407 3439 2468 3494 δι
2502 3441 2690 3492 videris
2703 3440 3002 3506 jumentum
3030 3442 3233 3494 inimici
3260 3443 3510 3498 recidisse
3532 3447 3624 3499 sub

2107 3525 2385 3575 onus,non
2410 3509 2726 3578 prwtert‘bis,
2754 3516 2840 3564 sed
2875 3513 3040 3580 erigas
3072 3511 3242 3580 ipsum
3278 3512 3346 3564 ⁸⁸.
3388 3531 3408 3565 ι

2107 3688 2176 3743 Ει
2206 3687 2259 3743 in
2284 3683 2468 3743 Veteri
2497 3703 2712 3758 quoque
2741 3686 3110 3755 Testamento,
3140 3689 3224 3743 vir
3245 3689 3456 3745 erudite
3472 3689 3630 3762 (quo-

2040 3779 2188 3834 niam
2225 3784 2290 3834 ah
2316 3796 2381 3836 eo
2409 3785 2675 3834 duntaxat
2699 3779 2981 3843 nobiscum
3015 3782 3280 3849 disputas,
3313 3781 3462 3836 Novo
3490 3798 3630 3852 prae-

2042 3876 2402 3944 termisso),si
2428 3891 2533 3927 non
2557 3884 2816 3942 aperteac
2839 3871 3228 3944 ὤθει-ωψσε
3245 3874 3515 3939 verbis,at
3541 3877 3634 3929 oh-

2040 3980 2199 4020 scure
2220 3965 2434 4030 saltem,
2459 3965 2613 4018 nobis
2641 3963 3077 4018 mansuetissuna
3093 3967 3177 4016 illa
3194 3976 3411 4029 natura,
3431 3972 3488 4018 nt
3509 3979 3630 4019 cum

2041 4055 2262 4110 inimico
2294 4055 2346 4110 in
2371 4055 2606 4125 gratiam
2649 4053 2935 4107 redeamus
2965 4052 3319 4122 praescripsit,
3345 4053 3429 4107 his
3450 4053 3634 4108 verbis

2042 4156 2286 4202 utens“
2330 4145 2389 4200 Si
2432 4146 2631 4200 videris
2673 4143 2980 4214 jumentum
3048 4143 3260 4197 inimici
3306 4143 3383 4196 tui
3447 4143 3632 4214 prola-

2047 4255 2205 4310 psum
2270 4238 2326 4293 in
2367 4237 2603 4302 foveam,
2642 4252 2751 4290 non
2818 4235 3210 4306 pertransibis,
3281 4235 3374 4289 sed
3453 4239 3634 4305 eriges

2045 4334 2220 4404 ipsum
2255 4330 2322 4384 ⁵⁸.
2362 4349 2382 4383 ι
2417 4330 2572 4397 Quod
2605 4332 2650 4382 si
2687 4339 2741 4382 tu
2775 4328 2825 4381 in
2858 4327 3086 4397 hujusce
3115 4326 3322 4382 oraculi
3357 4331 3636 4397 penetrale

2043 4423 2322 4480 oculorum
2351 4423 2520 4476 aciem
2556 4421 2838 4476 intendere
2864 4422 3077 4488 nequis,
3123 4432 3224 4489 ego
3263 4421 3356 4474 tibi
3389 4419 3518 4472 illud
3550 4420 3637 4474 in-

2045 4515 2359 4586 terpretari,
2393 4527 2461 4568 ac
2520 4512 2850 4582 legislatoris
2897 4522 3131 4566 mentem
3166 4511 3438 4580 explicare
3471 4526 3636 4564 cona-

2045 4608 2166 4664 bor.
2195 4605 2314 4661 Non
2339 4607 2484 4659 enim
2516 4605 2660 4673 quod
2702 4603 2996 4657 animantis
3036 4617 3166 4656 cura
3197 4611 3480 4672 tantOpere
3513 4610 3636 4656 tau-

337 4713 487 4766 τοῦτ’
538 4712 848 4765 ἐθέσπισεν.
889 4711 947 4765 '0
993 4709 1104 4780 γὰρ
1155 4707 1348 4778 ἐχθρὸς
1403 4705 1698 4776 ἐρχόμενος
1749 4706 1828 4762 εὶς
1876 4703 1928 4755 τὲ

2047 4715 2286 4774 geretur,
2329 4701 2427 4755 sed
2481 4703 2719 4770 ipsorum
2784 4697 3086 4767 praesertim
3135 4697 3416 4751 hominum
3468 4711 3634 4750 causa

340 4807 657 4876 συνεγεῖραι
685 4806 746 4857 τὸ
796 4803 1084 4864 πεπτωκὸς
1113 4799 1272 4867 ζῶον,
1321 4799 1542 4861 πάντως
1571 4797 1824 4868 ὁμιλήσει
1861 4795 1928 4866 τᾷ

2049 4795 2188 4848 hanc
2209 4793 2380 4862 legem
2418 4791 2560 4844 tulit.
2586 4791 2725 4843 Nam
2759 4789 3036 4856 inimicus,
3071 4792 3138 4844 ad
3181 4789 3488 4859 prolapsum
3513 4793 3636 4842 atti-

333 4893 546 4966 ὲχθρῴ,
573 4895 669 4948 καὶ
697 4892 866 4960 λέξει,
892 4892 1104 4944 ἐκεῖθεν
1131 4893 1196 4944 σὺ
1224 4890 1458 4960 ἐγειρον,
1488 4885 1644 4955 κάγὼ
1667 4886 1936 4939 ἐντεῦθεν.

349 4987 575 5056 ὐμιλία
614 4986 672 5040 δὲ
700 4985 988 5058 προοίμιόν
1022 4986 1140 5037 ἐστι
1169 4981 1540 5051 καταλλαγῆς,
1573 4979 1670 5034 καὶ
1703 4978 1820 5044 ὁδὸς
1845 4979 1928 5032 ἐπ]

2048 4989 2272 5049 quetur,
2340 4992 2406 5032 ac
2459 4976 2605 5032 dicet
2661 4988 2678 5029 :

2049 4884 2156 4938 mal
2205 4883 2522 4952 erigendum
2571 4883 2859 4947 accedens,
2911 4881 3188 4937 inimicum
3233 4884 3458 4935 omnino
3498 4881 3636 4935 allo-

2744 4971 2824 5027 Tu
2895 4976 3059 5029 istinc
3113 4975 3282 5043 erige,
3325 4989 3426 5042 ego
3487 4973 3639 5028 hinc.

334 5081 529 5152 φιλίαν
585 5080 818 5150 ἄγουσα.
879 5079 1020 5150 Τρία
1083 5079 1265 5130 τοίνυν
1319 5075 1581 5130 κάλλιστα
1639 5073 1928 5126 ἐσπούδασε

2053 5069 2397 5140 Colloquium
2443 5081 2609 5138 porro
2661 5065 3125 5120 reconciliationis
3167 5065 3486 5135 prmludium
3531 5074 3639 5129 est,

337 5173 762 5244 κατορθωθῆναι
807 5174 842 5242 ἡ
891 5171 1013 5225 θεία
1076 5170 1403 5242 γαληνότης,
1469 5166 1529 5222 ἓν
1581 5167 1703 5238 μὲν,
1763 5165 1825 5220 τὸ
1873 5163 1928 5236 μ’]

2055 5177 2120 5218 ac
2177 5163 2266 5216 via
2320 5163 2388 5218 ad
2424 5159 2722 5216 amicitiam
2772 5159 2998 5215 ducens.
3041 5157 3404 5226 Quamobrem
3445 5156 3640 5213 divinat

401 5287 452 5364 ’δ
479 5331 648 5387 Exod.
679 5345 836 5398 χχιιι,
870 5328 999 5396 «5,5.

1521 5433 1758 5492 νΑιιιΑε
1781 5427 2166 5492 LECTIONES
2195 5428 2284 5483 ET
2309 5426 2538 5486 NOTAE.

411 5601 499 5674 ’(6)
535 5602 633 5658 Ed.
661 5601 864 5666 Paris..
889 5603 950 5657 ὲν
975 5597 1236 5673 ἀρίστοις.
1268 5591 1496 5650 Emend.
1524 5604 1591 5645 ex
1611 5588 1736 5644 cod.
1763 5585 1938 5642 Vatic.

333 5676 473 5732 650.
508 5677 668 5730 Eon.

419 5745 499 5816 t7)
535 5747 669 5800 Cod.
695 5742 873 5804 Vatic.
915 5741 1022 5800 650
1053 5740 1244 5798 scribit
1269 5737 1502 5811 πρέπειν
1537 5743 1592 5792 ei
1624 5743 1772 5791 vers.
1803 5741 1940 5800 pen-

2051 5585 2258 5655 ultimoi
2283 5592 2414 5655 post
2432 5583 2798 5655 sagittam-agt
2817 5580 2974 5655 addit
2990 5580 3131 5655 ἀλλὰ
3159 5579 3276 5655 καί.
3312 5577 3532 5655 Poma.

2121 5655 2207 5727 (8)
2241 5649 2347 5710 Pro
2371 5653 2420 5707 ει
2445 5649 2720 5720 namadd.
2756 5652 2879 5709 Vat.
2909 5653 3015 5708 650
3045 5652 3149 5722 leg.
3185 5651 3310 5707 κάν.
3339 5649 3417 5702 lo.
