4084 6400
498 304 632 366 1031

1706 297 1765 355 S.
1807 294 2097 355 ISIDORI
2133 295 2568 356 PELUSIOTAE

3623 287 3761 355 1032

497 409 847 481 providentiae
876 405 1238 477 tranquillitas
1267 404 1369 461 tria
1411 403 1772 477 pulcherrima
1820 404 1923 460 hoc
1961 403 2079 458 loco

2185 403 2539 473 διαφθαρῆναι
2576 399 2635 453 τὸ
2664 398 2800 464 ζῶον
2825 416 2838 431 ·
2876 399 3059 470 ἕτερον
3089 399 3168 465 δὲ,
3211 397 3271 452 τὸ
3307 399 3382 471 μή
3414 397 3756 470 ζημιωθῆναι

496 500 600 556 sibi
659 498 1001 553 informanda
1062 498 1345 568 proposuit
1412 513 1427 550 :
1491 511 1654 551 unum
1708 495 1954 566 quidem,
2010 510 2078 551 ne

498 600 685 661 pereat
720 590 959 657 animal;
1009 589 1263 655 alterum,
1309 603 1377 644 ne
1416 597 1620 642 tantam
1666 586 1918 643 dominus
1962 587 2080 655 ejus

494 682 760 750 iacturam
809 679 1017 746 faciat;
1068 681 1287 735 tertium
1330 679 1584 749 denique,
1632 687 1692 732 ut
1743 677 1946 731 inimici
2011 676 2065 730 in

500 772 726 842 gratiam
769 771 1011 825 redeant.
1057 769 1158 837 Qui
1208 771 1352 823 enim
1393 768 1658 823 beneﬁcio
1709 766 1934 821 affectus
1972 774 2077 830 est,

501 863 604 918 nisi
643 878 803 916 sensu
837 861 1010 933 magis
1070 875 1230 929 quam
1276 859 1480 929 lapides
1522 860 1765 930 privatus
1809 858 1902 924 sit,
1945 857 1994 912 ei
2047 872 2079 910 a

500 968 606 1023 quo
632 951 956 1007 beneﬁcium
993 949 1286 1017 acceperit,
1320 964 1418 1018 par
1451 948 1567 1020 pari
1601 947 1804 1002 referre
1845 944 2079 1001 curabit.

499 1043 651 1096 Alter
678 1058 807 1097 vero
833 1038 1107 1095 beneﬁcus
1129 1040 1375 1102 audiens,
1409 1039 1685 1093 inimicum
1716 1051 1822 1091 non
1851 1036 2084 1105 amplius

2181 490 2271 544 τὸν
2320 489 2606 559 δεσπότην.
2659 488 2854 558 Τρίτον
2909 487 2998 553 δὲ,
3047 487 3108 541 τὸ
3166 488 3574 558 καταλλαγῆναι
3619 487 3756 561 πρδς

2182 580 2361 652 φιλίαν
2406 580 2530 644 τοὺς
2559 577 2803 649 ἐχθρούς.
2849 578 2908 632 '0
2939 578 3048 650 γὰρ
3080 576 3267 631 παθὼν
3313 572 3399 641 εὖ,
3452 578 3502 630 εξ
3546 575 3644 629 καὶ
3672 575 3758 629 λί-

2182 667 2290 722 θων
2321 666 2771 736 ἀναισθητότερος
2816 664 2925 737 εἴη,
2963 664 3255 720 σπουδάσει
3296 663 3636 735 ἀμείψασθαι
3666 664 3758 718 τὸν

2184 757 2518 829 εὐεργέτην·
2548 758 2577 810 δ
2616 756 2672 809 δὲ
2703 756 2997 828 εὐεργέτην
3042 758 3501 828 ἐπιγραφόμενος.
3545 757 3648 810 οὐκ
3692 755 3759 809 ἂν

2185 850 2358 920 δήπου
2404 848 2597 920 ἐχθρὸν
2642 846 2723 901 ἔτι
2769 850 3015 918 ὁριεῖται.
3062 848 3226 919 Ὁρᾷς
3271 847 3387 912 πῶς
3437 849 3469 918 ἡ
3521 848 3762 919 ᾶρῤητος

2190 940 2350 1010 σοφία
2379 941 2515 1013 πρὸς
2558 939 2870 1010 ἀγαθότητα
2911 941 3004 994 καὶ
3042 940 3450 1012 φιλανθρωπίαν
3485 938 3763 1012 βλέπουσα

2189 1033 2471 1104 νομοθετεῖ
2498 1032 2609 1103 (9);

500 1150 565 1189 eo
623 1134 840 1188 nomine
885 1130 1129 1186 deﬁniet.
1181 1126 1372 1188 Viden’
1436 1131 1528 1202 qui
1603 1129 1892 1186 ineffabilia
1969 1130 2060 1185 illa
2137 1129 2401 1202 sapientia
2456 1131 2523 1183 ad
2576 1127 2871 1182 bonitatem
2927 1136 2983 1181 et
3031 1125 3420 1181 humanitatem
3480 1124 3765 1181 collimans

502 1229 646 1298 leges
673 1241 798 1281 suas
820 1224 1004 1280 ferat?

747 1311 1434 1371 CCCXC.-—LAMPET!O
1492 1313 1818 1371 DIACONO.

575 1428 687 1482 Etsi
716 1426 1062 1497 hyperbolice
1098 1425 1306 1482 dictum
1354 1442 1478 1482 esse
1521 1428 1741 1498 quidam
1794 1426 2079 1483 existima-

506 1518 610 1571 turi
647 1527 789 1581 sunt,
828 1516 880 1570 id
907 1519 1049 1587 quod
1090 1518 1333 1572 dicturus
1379 1534 1497 1571 sum
1526 1522 1672 1589 (non
1700 1520 1846 1574 enim
1876 1533 1962 1572 me
1988 1517 2079 1571 l'u-

502 1609 581 1678 git
609 1608 804 1662 multos
829 1610 1018 1677 ignave
1073 1619 1238 1678 atque
1302 1609 1609 1665 effeminate
1645 1611 1865 1666 all‘ertos
1887 1610 2083 1682 esse);

2481 1315 2581 1386 Τί(
2618 1344 2688 1358 -—
2720 1311 3083 1381 ΛΑΜΠΕΤΙῼ
3112 1309 3436 1380 ΔΙΔΚΟΝῼ.

2248 1430 2311 1483 Et
2365 1430 2462 1483 xui.
2509 1427 2882 1499 ὑπερϐολικῶς
2925 1424 3173 1496 νομιοῦσί
3219 1441 3364 1487 τινες
3402 1422 3653 1495 είρῆσθαι
3695 1423 3759 1476 τὸ

2190 1520 2564 1593 ῥηθησόμενον
2595 1515 2734 1591 (οῖδα
2770 1518 2878 1588 γὰρ
2907 1517 3137 1579 πολλοὺς
3184 1514 3428 1583 ἀγεννῶς
3474 1515 3568 1569 καὶ
3598 1513 3766 1569 ἁνάν-
3831 1543 3851 1561 .

2186 1614 2329 1686 δρως
2358 1612 2472 1685 (10)
2516 1596 2927 1681 διακειμένουςῖ
2967 1607 3079 1677 ἐγὼ
3106 1608 3209 1677 τὴν
3249 1606 3489 1677 ἐμαυτοῦ
3537 1604 3765 1676 γνώμην

502 1712 604 1764 ego
631 1707 807 1749 tamen
863 1699 1186 1752 sententiam
1221 1713 1397 1754 meam
1438 1699 1635 1754 dicam.
1665 1700 1918 1756 Arbitror
1936 1702 2080 1755 enim

2189 1704 2403 1774 φράσω.
2447 1701 2723 1773 Ἠ·(οὖμαι
2761 1700 2891 1771 γὰρ,
2927 1694 3065 1753 εἷναί
3086 1714 3240 1761 τινας
3274 1698 3401 1760 τοὺς
3432 1695 3765 1768 ἀποδεξομέ-

503 1788 790 1843 nonnullos
829 1789 966 1855 fore,
996 1790 1086 1859 qui
1140 1804 1262 1844 eam
1293 1792 1611 1860 approbent.
1646 1791 1798 1857 Quod
1838 1792 1882 1846 si
1914 1792 2077 1845 etiam

504 1894 663 1933 nemo
712 1881 1165 1947 comprobaturus
1204 1881 1299 1945 sit,
1331 1883 1531 1936 veritas
1557 1880 1899 1950 przeferatur.
1926 1880 2069 1947 Quid

505 1970 667 2037 igitur
687 1979 771 2023 est
800 1971 940 2038 quod
972 1970 1155 2027 dicere
1214 1972 1378 2026 volo?
1408 1972 1656 2027 Breviter
1700 1973 2081 2041 exponendum

502 2069 605 2113 est.
637 2058 1078 2122 Libentius,cum
1109 2062 1175 2117 de
1202 2062 1455 2117 omnibus
1472 2063 1609 2118 bene
1633 2063 1859 2117 meritus
1879 2076 2082 2127 essem,

506 2161 763 2218 tauquam
794 2151 884 2220 qui
922 2151 1116 2220 injuria
1172 2167 1365 2207 omnes
1413 2152 1739 2220 aﬂ‘ecissem,
1768 2168 1959 2223 ptenas
1989 2153 2085 2208 da-

505 2257 619 2296 rem
650 2259 665 2297 :
694 2256 859 2312 quam
914 2258 1036 2297 cum
1066 2258 1232 2298 unum
1266 2244 1551 2312 lmsissem,
1583 2255 1841 2314 tanquam
1876 2244 1943 2300 de
1968 2259 2085 2298 om-

504 2334 663 2388 nibus
716 2336 854 2390 bene
916 2337 1164 2401 meritus,
1214 2351 1414 2392 corona
1471 2338 1705 2394 donarer
1762 2352 1826 2393 ac
1886 2337 2083 2407 praedi-

503 2441 566 2481 ca
574 2441 682 2482 rer.

989 2509 1257 2567 CCCXCI.
1280 2541 1351 2553 —-
1370 2510 1602 2566 EIDEM.

2183 1810 2310 1856 νους
2336 1809 2352 1824 ο
2385 1795 2433 1846 εί
2459 1793 2515 1846 δὲ
2546 1793 2641 1846 καὶ
2668 1791 2857 1862 μηδεὶς
2880 1789 3215 1856 ἁποδέξοιτο,
3245 1789 3278 1860 ή
3307 1787 3537 1859 ἀλήθεια
3566 1803 3767 1859 προκε-

2182 1884 2414 1954 κρίσθω.
2453 1883 2519 1936 Τί
2546 1879 2639 1937 οὗν
2662 1884 2813 1935 ἐστιν
2842 1881 2869 1934 ὃ
2900 1879 3161 1951 βούλομαι
3196 1879 3439 1951 φράσαις
3475 1878 3765 1949 Συντόμως

2182 1974 2420 2028 λεκτέον.
2464 1973 2696 2026 ’Ἥδιστα
2740 1972 2808 2025 ἂν
2845 1971 2956 2042 (ii)
3009 1970 3219 2034 πάντας
3253 1970 3640 2041 εὐεργετήσας,
3687 1970 3764 2033 ὡς

2183 2067 2393 2130 πάντας
2435 2065 2722 2135 ἀδικήσας,
2748 2063 2896 2134 δοίην
2932 2062 3109 2133 δίκην,
3143 2062 3176 2132 ἢ
3207 2061 3470 2133 ἀδικήσας
3500 2061 3642 2124 τινὰ,
3686 2059 3762 2123 ὡς

2184 2159 2398 2222 πάντας
2449 2155 2855 2228 εὐεργετήσας,
2910 2154 3318 2225 στεφανωθείην
3367 2154 3461 2207 καὶ
3514 2153 3762 2223 ἀναῤῥη-

2183 2251 2357 2323 θείην.

2667 2513 2825 2581 tua
2861 2538 2932 2554 -
2969 2508 3292 2582 Tq-Ar'rn.

511 2596 578 2653 In
606 2597 737 2673 illud
757 2597 1147 2673 Denterqnomii
1164 2603 1227 2655 de
1255 2602 1417 2655 stellis
1436 2602 1656 2673 dictum,
1677 2599 1838 2673 «Qua:
1853 2602 2080 2656 attributi

2196 2604 2309 2659 Τοῦ
2354 2603 2835 2671 Δευτερονομίου.
2874 2602 2979 2666 Εἰς
3016 2599 3087 2673 τὸΔ
3131 2590 3449 2673 amaror
3477 2595 3612 2662 περὶ
3649 2592 3773 2673 τῶν

673 2667 928 2722 Domiuus
961 2668 1098 2724 Deus
1130 2681 1249 2724 tuus
1280 2672 1520 2725 omnibus
1552 2671 1786 2741 gentibus
1820 2673 1888 2725 ἰ.
1920 2689 1940 2723 ι

2261 2666 2550 2742 ἀστέρων,
2579 2692 2596 2724 ι
2614 2666 2686 2726 ‘A'
2700 2673 2984 2742 ἀπένειμε
3005 2666 3221 2739 Κύριος
3254 2669 3287 2722 ὀ
3305 2666 3450 2734 Θεός
3477 2680 3595 2719 σου
3619 2666 3771 2721 πᾶσι

2265 2743 2390 2809 τοῖς
2424 2743 2687 2797 ἔθνεσιν.
2728 2761 2749 2795 ι

581 2818 720 2887 Quid
748 2829 853 2883 est,
880 2819 1081 2889 inquis,
1122 2823 1263 2891 quod
1299 2823 1367 2877 de
1394 2821 1709 2878 caelestibus
1733 2822 2080 2882 luminaribut

2261 2829 2327 2882 Τί
2358 2831 2530 2893 ἐστιν,
2561 2827 2719 2897 ἔφης,
2748 2826 2810 2881 τδ
2854 2829 2986 2899 περὶ
3016 2825 3125 2881 τῶν
3152 2822 3422 2895 οὐρανίων
3464 2819 3768 2892 φωστήρων

513 2911 716 2965 dictum
743 2922 848 2974 est,
886 2928 906 2962 ι
943 2910 1074 2976 Qua:
1108 2911 1296 2965 tribuit
1329 2913 1590 2967 Dominus
1618 2911 1760 2968 Deus
1814 2922 1938 2970 tuus
1970 2930 2080 2970 om-

2195 2918 2510 2990 εἰρημένον,
2548 2935 2566 2968 ι
2592 2918 2686 2989 ⁴Ἀ
2715 2915 2979 2987 ἀπένειμε
3015 2915 3219 2985 Κύριος
3257 2913 3287 2964 ὁ
3325 2911 3459 2974 Θεός
3504 2927 3596 2963 σου
3634 2909 3766 2962 πᾶσι

516 3003 676 3057 nibus
725 3001 1084 3057 nationibus?
1122 3021 1140 3055 ι
1185 3003 1322 3057 Audi
1355 3003 1537 3072 igitur.
1569 3003 1650 3057 Ad
1706 3004 2008 3061 doctrinam
2038 3015 2080 3060 el

2195 3012 2306 3072 τοῖς
2348 3007 2593 3074 έθνεσιν;
2654 3026 2674 3061 ι
2718 3007 2918 3061 ¹ΙἌκουε
2949 3006 3151 3070 τοίνυν,
3191 3004 3455 3074 ἀπένειμε
3505 3001 3643 3072 πρὸς
3690 3000 3770 3054 δι-

514 3092 915 3147 institutionem
966 3107 1030 3147 ac
1055 3092 1418 3161 cognitionem
1447 3106 1508 3146 ea
1555 3093 1764 3161 tribuit,
1792 3105 1850 3148 ut
1886 3111 1953 3150 ex
2006 3109 2080 3150 re-

2192 3094 2509 3159 δασκαλίαν,
2555 3093 2694 3164 πρὸς
2722 3093 3029 3159 παίδευσιν,
3064 3092 3203 3164 πρὸς
3239 3092 3463 3161 γνῶσιν,
3493 3090 3559 3145 ἵν’
3589 3092 3653 3143 ὲκ
3673 3090 3768 3143 τοῦ

516 3196 637 3236 rum
667 3183 1010 3237 conditarum
1065 3183 1436 3253 magnitudine
1487 3183 1738 3249 Creator,
1773 3185 1865 3254 qui
1917 3186 2080 3242 oculis

2195 3185 2480 3259 μεγέθους,
2511 3186 2608 3239 καὶ
2647 3185 2748 3254 τῆς
2776 3183 3041 3255 καλλονῆς
3072 3183 3180 3237 τῶν
3224 3182 3538 3253 κτισμάτων
3565 3181 3593 3234 ὁ
3620 3197 3770 3250 γενε-

512 3276 662 3329 cerni
696 3289 803 3329 non
838 3283 1034 3343 potest,
1068 3276 1455 3344 conspiciatur.
1498 3274 1611 3331 Hoc
1659 3286 1839 3331 autem
1884 3277 2080 3335 idcirco

2195 3279 2467 3348 σιουργὸς,
2514 3278 2744 3347 ἀόρατος
2778 3274 2875 3343 ὢν,
2936 3275 3234 3348 θεωρῆται.
3293 3273 3465 3327 Τοῦτο
3519 3274 3578 3327 δὲ
3638 3272 3764 3343 ἔφη,

512 3364 668 3433 dixit,
711 3365 965 3433 quoniam
1005 3364 1246 3421 Hebraeis
1275 3381 1380 3420 una
1420 3382 1544 3423 cum
1600 3382 1781 3422 rerum
1813 3368 2080 3426 creatione

2194 3367 2382 3439 ἐπειδὴ
2419 3370 2533 3430 τοῖς
2574 3366 2852 3436 Ἑϐραίοις
2895 3365 3036 3437 μετὰ
3060 3366 3162 3435 τῆς
3190 3363 3422 3428 κτίσεως
3451 3363 3548 3417 καὶ
3592 3365 3625 3434 ή
3669 3361 3765 3416 τοῦ

510 3455 644 3525 legis
669 3469 887 3527 quoque
909 3458 1160 3512 doctrina
1205 3457 1331 3513 data
1383 3470 1492 3524 est,
1525 3460 1794 3537 artificem
1823 3468 1880 3517 et
1905 3461 2080 3519 archi-

2192 3458 2356 3530 νόμου
2376 3457 2693 3512 διδασκαλία
2720 3456 2899 3526 ἐδόθη,
2922 3456 3372 3526 άνακηρύττουσα
3395 3454 3485 3507 τὸν
3506 3453 3768 3524 δημιουρ-

514 3557 709 3602 tectum
734 3547 1034 3618 praedicans
1082 3557 1136 3603 et
1162 3549 1568 3607 concelebrans.
1596 3551 1751 3619 Quod
1783 3551 1831 3607 si
1861 3553 2087 3623 quidam

511 3638 632 3693 ideo
660 3638 860 3693 tributa
910 3653 973 3693 ea
1020 3653 1144 3694 esse
1174 3647 1386 3709 putent,
1415 3651 1476 3696 ut
1525 3642 1659 3712 ipsis
1714 3642 2087 3699 adorationem

512 3729 841 3792 adhibeant,
901 3728 1171 3783 inscitiam
1246 3744 1401 3784 suam
1463 3730 1750 3800 perspicue
1805 3732 2084 3802 produnt:

512 3817 712 3887 quippe
741 3833 863 3873 cum
901 3818 1156 3874 universa
1192 3818 1478 3890 Scriptura
1508 3835 1667 3876 sacra
1708 3835 1826 3890 eos,
1860 3823 1952 3892 qui
1984 3822 2088 3878 hoc

514 3909 695 3965 facere
750 3911 869 3964 ausi
921 3920 1068 3978 sunt,
1100 3922 1345 3981 accuset,
1370 3921 1536 3985 atque
1587 3912 1858 3969 acerrime
1902 3928 2088 3985 repre-

2190 3548 2288 3618 γὸν
2327 3548 2422 3601 καὶ
2452 3547 2727 3619 τεχνίτην.
2757 3547 2823 3599 Ei
2841 3546 2899 3600 δέ
2925 3563 3071 3610 τινες
3100 3544 3303 3599 οῐονται
3326 3542 3767 3615 άπονενεμῆσθαι

2191 3640 2329 3711 πρὸς
2361 3640 2424 3693 τὸ
2460 3640 2841 3711 προσκυνῆσαι
2882 3639 3090 3702 αὐτοῖς,
3129 3636 3400 3709 λαμπρῶς
3431 3635 3529 3708 τὴν
3559 3635 3766 3690 οἰκείαν

2188 3730 2548 3786 ἀπαιδευσίαν
2608 3726 2984 3800 πηλιτεύουσι
3036 3725 3181 3800 (12),
3235 3728 3420 3797 πάσης
3470 3726 3571 3797 τῆς
3612 3727 3766 3799 ἱερᾶς

2189 3820 2411 3892 Γραφῆς
2442 3818 2798 3890 αἰτιωμένης,
2823 3817 2918 3871 καὶ
2944 3817 3330 3888 καταφορικῶς
3350 3815 3763 3889 κατηγορούσης

2188 3911 2305 3965 τῶν
2335 3909 2496 3965 τοῦτο
2525 3908 2753 3979 ποιῆσαι
2783 3907 3195 3979 τολμησάντων.

515 4002 733 4055 bendat.

616 4089 782 4163 m6
809 4090 1097 4150 CCCXC".
1117 4121 1190 4133 —
1203 4091 1483 4149 illERACl
1542 4091 1978 4150 CLARISSIMO.

2425 4094 2584 4163 ΤιιΒκ
2632 4123 2700 4134 --
2741 4093 2975 4148 lEPAKl
3010 4093 3504 4162 ΔΑΜΠΡΟΤΔΤῼ.

583 4180 701 4237 Non
731 4198 980 4251 parvum,
1012 4184 1096 4238 vir
1159 4185 1387 4255 optime,
1412 4200 1601 4241 verum
1659 4194 1921 4257 quantum
1975 4200 2080 4240 ma-

2271 4185 2497 4257 ’Δρετῆς
2526 4187 2747 4256 σημεῖον
2780 4185 2840 4238 οὐ
2868 4185 3085 4255 μικρὸν,
3110 4178 3155 4240 ὦ
3184 4185 3394 4256 ἄριστε,
3424 4182 3539 4236 ἀλλ’
3560 4180 3638 4245 ὥς
3664 4179 3760 4234 δυ-

511 4274 716 4329 simum
749 4275 834 4329 edi
893 4285 1092 4345 potest,
1146 4278 1367 4333 virtutis
1408 4278 1665 4333 indicium
1717 4278 1963 4341 exhibes,
1993 4278 2080 4348 qui

2189 4278 2349 4332 νατδν
2403 4278 2498 4330 καὶ
2543 4277 2799 4347 μέγιστον
2846 4276 3121 4348 ἐκφέρεις,
3173 4272 3557 4347 προῃρημένος
3604 4271 3762 4337 δόξαν

513 4364 705 4420 bonam
743 4365 919 4434 potius
940 4364 1135 4421 [arulam
1165 4367 1439 4437 colligere,
1458 4384 1619 4439 quam
1654 4368 1904 4438 ingentes
1948 4382 2080 4438 opes

2186 4368 2357 4441 καλὴν
2394 4366 2700 4439 κτήσασθαι
2747 4367 2947 4438 μᾶλλον
2976 4367 3010 4437 ἢ
3056 4367 3283 4422 πλοῦτον
3315 4366 3489 4439 μέγαν
3522 4381 3761 4434 συναγα-

511 4457 792 4512 cumulare
828 4460 880 4514 in
923 4462 1163 4515 animum
1190 4460 1492 4517 induxeris.
1526 4460 1889 4527 Quamobrem
1934 4460 1979 4514 si
2024 4461 2080 4515 in

2186 4461 2304 4527 γεῖν
2327 4457 2461 4530 (15).
2495 4457 2660 4510 ’Ὠστε
2687 4457 2752 4511 ἂν
2793 4457 3059 4528 ἑμμείνῃς
3097 4456 3269 4527 ταύτῃ
3310 4458 3376 4527 τῇ
3416 4453 3632 4525 γνώμῃ,
3660 4453 3763 4506 οὐκ

511 4552 614 4607 hac
635 4554 900 4608 sententia
937 4554 1267 4624 perstiteris,
1302 4569 1408 4608 non
1440 4552 1675 4609 defuturi
1727 4561 1874 4620 sunt,
1914 4552 2004 4623 qui
2037 4561 2080 4607 te

2185 4551 2485 4621 ἀπορήσεις
2513 4548 2623 4604 τῶν
2653 4550 3172 4620 ὲγκωμιασομένων,
3208 4549 3305 4603 καὶ
3335 4547 3502 4601 πᾶσιν
3546 4544 3761 4615 ἀνθρώ-

512 4643 762 4699 laudibus
807 4646 1026 4709 vehant,
1068 4660 1131 4701 ac
1176 4646 1519 4716 prudentiam
1572 4653 1730 4701 tuam
1784 4645 1851 4700 ad
1900 4658 2080 4701 omnes

2188 4660 2314 4706 ποις
2346 4642 2446 4715 τὴν
2480 4643 2578 4715 σὴν
2606 4642 2870 4715 φρόνησιν
2892 4641 3134 4711 ἀγόντων
3165 4639 3212 4713 (1
3224 4642 3298 4712 4).

514 4734 768 4789 mortales
804 4735 1098 4803 perferant.

582 4885 628 4919 "
652 4887 809 4942 Deut.
840 4902 914 4953 ιν,
945 4887 1032 4943 19.
1752 4955 1758 4960 _

1604 4997 1843 5054 VARIIE
1880 4996 2265 5055 LECTIONES
2298 4997 2391 5053 ET
2425 4996 2660 5054 ΝΟΤΔΕ.

583 5156 658 5229 (9)
705 5157 904 5214 Confer
940 5160 1096 5228 epist.
1132 5160 1236 5217 M0
1272 5160 1411 5215 infra
1451 5160 1611 5227 huius
1646 5159 1767 5214 libri
1806 5169 1861 5214 et.
1891 5158 2077 5217 Philo-

2185 5171 2268 5237 est
2294 5160 2628 5237 huiclsidori
2654 5162 2932 5237 sententiae
2960 5164 3177 5237 (melius
3196 5179 3337 5231 esse,
3372 5175 3431 5221 ut
3461 5166 3585 5237 quis
3615 5167 3755 5223 bene

510 5244 667 5300 nem;
710 5230 837 5283 item
879 5229 1167 5299 Augustin.
1199 5248 1364 5288 serm.
1406 5230 1507 5285 168
1554 5241 1608 5285 et
1654 5230 1761 5283 254
1806 5230 1882 5286 De
1913 5241 2069 5300 temp.

2189 5233 2255 5285 de
2277 5231 2533 5304 omnibus
2574 5233 2801 5304 meritus
2836 5231 3019 5304 inique
3049 5234 3334 5304 plectatur,
3361 5231 3523 5304 quain
3559 5236 3756 5291 imme-

509 5298 682 5376 Ἆγι-ιλ.⁸
737 5368 771 5376 __
879 5369 892 5376 _
953 5298 1030 5376 [Δ
1256 5371 1267 5376 _
1335 5368 1381 5376 __
1514 5369 1607 5376 ΔΜ
1864 5369 1887 5376 _
1928 5368 1950 5376 Δ
2016 5298 2024 5300 ⁷
2188 5315 2315 5353 rens
2338 5299 2770 5376 atqueingignus
2793 5298 3011 5376 praetitio
3036 5298 3331 5376 adiciatur)
3354 5298 3481 5360 illud
3513 5305 3756 5361 Platonis

576 5368 690 5439 (10)
737 5368 839 5423 Pro
869 5369 1143 5443 ἀνάνδρως
1170 5371 1292 5428 cod.
1335 5368 1461 5426 Vat.
1507 5369 1613 5426 650
1639 5370 1828 5425 scribit
1857 5368 2080 5442 άνδραςι

2188 5368 2548 5450 paradoxon_:_
2574 5368 2840 5450 Prag‘star'e
2871 5373 3051 5442 puniri
3076 5372 3145 5430 ob
3178 5368 3398 5446 peccata
3420 5416 3437 5444 ,
3463 5391 3624 5446 quam
3652 5376 3756 5429 im-

507 5439 716 5495 Possm.
1041 5439 1052 5443 ⁷
1959 5439 1970 5442 ⁷
2187 5439 2436 5506 punitum
2463 5441 2634 5496 abire.
2672 5439 2838 5496 Rt'r'r.

572 5509 687 5591 (Η)
720 5507 971 5591 Ἥδιστα
997 5509 1095 5591 ὼς..
1134 5508 1319 5573 Forte,
1362 5509 1516 5591 ἥδιον
1675 5509 1733 5563 In
1770 5507 2076 5591 huiusmodi

2389 5508 2593 5591 gentr'a
2624 5511 2765 5591 tales
2794 5511 3033 5579 graviter
3055 5511 3416 5591 concinnatur
3438 5513 3548 5572 Leo
3572 5513 3645 5572 Μ.
3680 5512 3758 5569 in.

504 5577 650 5633 enim
674 5580 1172 5648 comparationibus
1202 5595 1306 5633 non
1340 5577 1667 5647 superlativo
1690 5617 1705 5642 ,
1731 5577 1827 5634 sed
1854 5593 2076 5645 compa-
2257 5577 2356 5649 ‘15)
2390 5577 2508 5635 Vid.
2540 5578 2589 5635 J.
2623 5577 2920 5645 Stobaeum,
2953 5596 3119 5637 serm.
3148 5583 3273 5638 164.
3303 5586 3379 5639 ln.

510 5659 679 5704 rattvo
701 5651 852 5705 locus
876 5658 977 5706 est.
1007 5650 1090 5706 Ad
1125 5662 1238 5707 rem
1267 5649 1411 5718 quod
1449 5649 1660 5717 attinet,
1690 5663 1798 5705 non
1825 5649 2078 5706 absimile
2244 5581 2358 5723 ξιι)
2374 5650 2517 5706 120d.
2552 5649 2672 5705 Vat.
2707 5649 2811 5706 650
2838 5650 3099 5722 ᾀσόντων.
3128 5650 3287 5709 Poss.

510 5659 679 5704 rattvo
701 5651 852 5705 locus
876 5658 977 5706 est.
1007 5650 1090 5706 Ad
1125 5662 1238 5707 rem
1267 5649 1411 5718 quod
1449 5649 1660 5717 attinet,
1690 5663 1798 5705 non
1825 5649 2078 5706 absimile
2246 5649 2358 5722 (Μ)
2374 5650 2517 5706 120d.
2552 5649 2672 5705 Vat.
2707 5649 2811 5706 650
2838 5650 3099 5722 ᾀσόντων.
3128 5650 3287 5709 Poss.
