  <div class='ocr_page' id='page_1' title='image "/cluster/home/n/w/nwhite01/storage/ocr_20150623/78/coo.31924054869791/524.png"; bbox 0 0 4084 6366; ppageno 0'>
   <div class='ocr_carea' id='block_1_1' title="bbox 367 286 1667 469">
    <p class='ocr_par' dir='ltr' id='par_1_1' title="bbox 367 286 1667 469">
     <span class='ocr_line' id='line_1_1' title="bbox 367 286 1667 358; baseline -0.005 -2"><span class='ocrx_word' id='word_1_1' title='bbox 367 286 508 358; x_wconf 72' lang='grc'><strong>1033</strong></span> <span class='ocrx_word' id='word_1_2' title='bbox 1187 289 1667 352; x_wconf 66' lang='lat' dir='ltr'><strong>EPISTOLARU.’</strong></span> 
     </span>
     <span class='ocr_line' id='line_1_2' title="bbox 664 391 1667 469; baseline -0.005 -16"><span class='ocrx_word' id='word_1_3' title='bbox 664 398 824 467; x_wconf 68' lang='lat' dir='ltr'><strong>TLJ&quot;.</strong></span> <span class='ocrx_word' id='word_1_4' title='bbox 865 427 933 439; x_wconf 95' lang='lat'>—</span> <span class='ocrx_word' id='word_1_5' title='bbox 967 395 1295 469; x_wconf 81' lang='grc' dir='ltr'><strong>ΑΡΠΟΚΡᾼ</strong></span> <span class='ocrx_word' id='word_1_6' title='bbox 1335 391 1667 468; x_wconf 59' lang='grc' dir='ltr'><strong>ΣοφιΣτιςιν.</strong></span> 
     </span>
    </p>
   </div>
   <div class='ocr_carea' id='block_1_2' title="bbox 437 530 1950 604">
    <p class='ocr_par' dir='ltr' id='par_1_2' title="bbox 437 530 1950 604">
     <span class='ocr_line' id='line_1_3' title="bbox 437 530 1950 604; baseline -0.004 -14"><span class='ocrx_word' id='word_1_7' title='bbox 437 535 504 591; x_wconf 80' lang='lat' dir='ltr'><strong>Ol</strong></span> <span class='ocrx_word' id='word_1_8' title='bbox 543 535 642 599; x_wconf 81' lang='grc' dir='ltr'><strong>τὰς</strong></span> <span class='ocrx_word' id='word_1_9' title='bbox 666 534 775 588; x_wconf 87' lang='grc' dir='ltr'><strong>τῶν</strong></span> <span class='ocrx_word' id='word_1_10' title='bbox 803 533 976 603; x_wconf 82' lang='grc' dir='ltr'><strong>λόγων</strong></span> <span class='ocrx_word' id='word_1_11' title='bbox 1023 533 1280 603; x_wconf 80' lang='grc' dir='ltr'><strong>δυνάμεις</strong></span> <span class='ocrx_word' id='word_1_12' title='bbox 1313 532 1833 604; x_wconf 78' lang='grc' dir='ltr'><strong>ἀποδοκιμάζοντες,</strong></span> <span class='ocrx_word' id='word_1_13' title='bbox 1887 530 1950 584; x_wconf 81' lang='grc' dir='ltr'><strong>οὗ</strong></span> 
     </span>
    </p>
   </div>
   <div class='ocr_carea' id='block_1_3' title="bbox 362 622 1951 695">
    <p class='ocr_par' dir='ltr' id='par_1_3' title="bbox 362 622 1951 695">
     <span class='ocr_line' id='line_1_4' title="bbox 362 622 1951 695; baseline -0.003 -14"><span class='ocrx_word' id='word_1_14' title='bbox 362 626 696 681; x_wconf 76' lang='grc' dir='ltr'><strong>λανθάνουσι</strong></span> <span class='ocrx_word' id='word_1_15' title='bbox 732 624 793 678; x_wconf 80' lang='grc' dir='ltr'><strong>τὸ</strong></span> <span class='ocrx_word' id='word_1_16' title='bbox 825 625 926 695; x_wconf 82' lang='grc' dir='ltr'><strong>τῆς</strong></span> <span class='ocrx_word' id='word_1_17' title='bbox 958 624 1166 688; x_wconf 80' lang='grc' dir='ltr'><strong>οἰκείας</strong></span> <span class='ocrx_word' id='word_1_18' title='bbox 1194 623 1421 691; x_wconf 78' lang='grc' dir='ltr'><strong>ἀλογίας</strong></span> <span class='ocrx_word' id='word_1_19' title='bbox 1455 622 1656 687; x_wconf 75' lang='grc' dir='ltr'><strong>ὄνειδος</strong></span> <span class='ocrx_word' id='word_1_20' title='bbox 1699 624 1793 677; x_wconf 76' lang='grc' dir='ltr'><strong>ἐπὶ</strong></span> <span class='ocrx_word' id='word_1_21' title='bbox 1816 622 1951 676; x_wconf 79' lang='grc' dir='ltr'><strong>ταύ-</strong></span> 
     </span>
    </p>
   </div>
   <div class='ocr_carea' id='block_1_4' title="bbox 360 713 1953 790">
    <p class='ocr_par' dir='ltr' id='par_1_4' title="bbox 360 713 1953 790">
     <span class='ocr_line' id='line_1_5' title="bbox 360 713 1953 790; baseline -0.003 -17"><span class='ocrx_word' id='word_1_22' title='bbox 360 735 470 783; x_wconf 75' lang='grc' dir='ltr'><strong>τας</strong></span> <span class='ocrx_word' id='word_1_23' title='bbox 498 716 835 790; x_wconf 80' lang='grc' dir='ltr'><strong>μεταφέρειν</strong></span> <span class='ocrx_word' id='word_1_24' title='bbox 850 715 1182 787; x_wconf 79' lang='grc' dir='ltr'><strong>τολμῶντες.</strong></span> <span class='ocrx_word' id='word_1_25' title='bbox 1209 717 1273 769; x_wconf 86' lang='grc' dir='ltr'><strong>Οἱ</strong></span> <span class='ocrx_word' id='word_1_26' title='bbox 1295 716 1353 769; x_wconf 77' lang='grc' dir='ltr'><strong>δὲ</strong></span> <span class='ocrx_word' id='word_1_27' title='bbox 1383 713 1589 781; x_wconf 80' lang='grc' dir='ltr'><strong>ταύτας</strong></span> <span class='ocrx_word' id='word_1_28' title='bbox 1611 715 1953 787; x_wconf 83' lang='grc' dir='ltr'><strong>ἀποδεχόμε-</strong></span> 
     </span>
    </p>
   </div>
   <div class='ocr_carea' id='block_1_5' title="bbox 362 805 1955 882">
    <p class='ocr_par' dir='ltr' id='par_1_5' title="bbox 362 805 1955 882">
     <span class='ocr_line' id='line_1_6' title="bbox 362 805 1955 882; baseline -0.001 -17"><span class='ocrx_word' id='word_1_29' title='bbox 362 827 449 865; x_wconf 85' lang='grc' dir='ltr'><strong>νοι</strong></span> <span class='ocrx_word' id='word_1_30' title='bbox 483 809 605 882; x_wconf 71' lang='grc' dir='ltr'><strong>μὲν,</strong></span> <span class='ocrx_word' id='word_1_31' title='bbox 633 809 763 861; x_wconf 84' lang='grc' dir='ltr'><strong>ὅταν</strong></span> <span class='ocrx_word' id='word_1_32' title='bbox 782 810 849 879; x_wconf 75' lang='grc' dir='ltr'><strong>τῇ</strong></span> <span class='ocrx_word' id='word_1_33' title='bbox 879 806 1108 878; x_wconf 74' lang='grc' dir='ltr'><strong>ἀληθείᾳ</strong></span> <span class='ocrx_word' id='word_1_34' title='bbox 1131 805 1605 876; x_wconf 78' lang='grc' dir='ltr'><strong>συναγωνίξοιντο,</strong></span> <span class='ocrx_word' id='word_1_35' title='bbox 1632 808 1955 873; x_wconf 81' lang='grc' dir='ltr'><strong>κακίζοντες</strong></span> 
     </span>
    </p>
   </div>
   <div class='ocr_carea' id='block_1_6' title="bbox 359 890 1953 971">
    <p class='ocr_par' dir='ltr' id='par_1_6' title="bbox 359 890 1953 971">
     <span class='ocr_line' id='line_1_7' title="bbox 359 890 1953 971; baseline 0 -17"><span class='ocrx_word' id='word_1_36' title='bbox 359 900 423 954; x_wconf 75' lang='grc' dir='ltr'><strong>δὲ</strong></span> <span class='ocrx_word' id='word_1_37' title='bbox 450 902 582 955; x_wconf 77' lang='grc' dir='ltr'><strong>ὅταν</strong></span> <span class='ocrx_word' id='word_1_38' title='bbox 614 901 684 970; x_wconf 78' lang='grc' dir='ltr'><strong>τῇ</strong></span> <span class='ocrx_word' id='word_1_39' title='bbox 731 897 904 969; x_wconf 77' lang='grc' dir='ltr'><strong>κακίᾳ</strong></span> <span class='ocrx_word' id='word_1_40' title='bbox 935 897 1341 970; x_wconf 77' lang='grc' dir='ltr'><strong>συμπράττοιεν</strong></span> <span class='ocrx_word' id='word_1_41' title='bbox 1360 914 1375 930; x_wconf 78' lang='grc' dir='ltr'><strong>ο</strong></span> <span class='ocrx_word' id='word_1_42' title='bbox 1403 890 1550 952; x_wconf 78' lang='grc' dir='ltr'><strong>οὗτοι</strong></span> <span class='ocrx_word' id='word_1_43' title='bbox 1587 901 1684 953; x_wconf 72' lang='grc' dir='ltr'><strong>καὶ</strong></span> <span class='ocrx_word' id='word_1_44' title='bbox 1726 899 1825 971; x_wconf 80' lang='grc' dir='ltr'><strong>τὴν</strong></span> <span class='ocrx_word' id='word_1_45' title='bbox 1854 900 1953 971; x_wconf 83' lang='grc' dir='ltr'><strong>τῆς</strong></span> 
     </span>
    </p>
   </div>
   <div class='ocr_carea' id='block_1_7' title="bbox 362 989 1952 1064">
    <p class='ocr_par' dir='ltr' id='par_1_7' title="bbox 362 989 1952 1064">
     <span class='ocr_line' id='line_1_8' title="bbox 362 989 1952 1064; baseline -0.003 -16"><span class='ocrx_word' id='word_1_46' title='bbox 362 991 796 1064; x_wconf 83' lang='grc' dir='ltr'><strong>ἀνθρωπότητος</strong></span> <span class='ocrx_word' id='word_1_47' title='bbox 824 989 1110 1058; x_wconf 85' lang='grc' dir='ltr'><strong>εὐγένειαν</strong></span> <span class='ocrx_word' id='word_1_48' title='bbox 1142 990 1344 1055; x_wconf 76' lang='grc' dir='ltr'><strong>ἴσασιν,</strong></span> <span class='ocrx_word' id='word_1_49' title='bbox 1368 989 1452 1043; x_wconf 83' lang='grc' dir='ltr'><strong>ὅτι</strong></span> <span class='ocrx_word' id='word_1_50' title='bbox 1468 989 1613 1060; x_wconf 79' lang='grc' dir='ltr'><strong>λόγῳ</strong></span> <span class='ocrx_word' id='word_1_51' title='bbox 1640 990 1952 1061; x_wconf 84' lang='grc' dir='ltr'><strong>τετίμηται,</strong></span> 
     </span>
    </p>
   </div>
   <div class='ocr_carea' id='block_1_8' title="bbox 361 1078 1954 1154">
    <p class='ocr_par' dir='ltr' id='par_1_8' title="bbox 361 1078 1954 1154">
     <span class='ocr_line' id='line_1_9' title="bbox 361 1078 1954 1154; baseline -0.003 -15"><span class='ocrx_word' id='word_1_52' title='bbox 361 1085 466 1139; x_wconf 72' lang='grc' dir='ltr'><strong>καὶ</strong></span> <span class='ocrx_word' id='word_1_53' title='bbox 492 1081 597 1154; x_wconf 80' lang='grc' dir='ltr'><strong>τὴν</strong></span> <span class='ocrx_word' id='word_1_54' title='bbox 621 1081 725 1152; x_wconf 84' lang='grc' dir='ltr'><strong>τῆς</strong></span> <span class='ocrx_word' id='word_1_55' title='bbox 755 1079 1095 1151; x_wconf 80' lang='grc' dir='ltr'><strong>κακουργίας</strong></span> <span class='ocrx_word' id='word_1_56' title='bbox 1128 1078 1239 1133; x_wconf 87' lang='grc' dir='ltr'><strong>τῶν</strong></span> <span class='ocrx_word' id='word_1_57' title='bbox 1278 1079 1382 1133; x_wconf 77' lang='grc' dir='ltr'><strong>οὐκ</strong></span> <span class='ocrx_word' id='word_1_58' title='bbox 1411 1079 1591 1152; x_wconf 84' lang='grc' dir='ltr'>ὀρθῶς</span> <span class='ocrx_word' id='word_1_59' title='bbox 1622 1083 1734 1145; x_wconf 80' lang='grc' dir='ltr'><strong>τοῖς</strong></span> <span class='ocrx_word' id='word_1_60' title='bbox 1773 1080 1954 1148; x_wconf 81' lang='grc' dir='ltr'><strong>λόγοις</strong></span> 
     </span>
    </p>
   </div>
   <div class='ocr_carea' id='block_1_9' title="bbox 364 1169 1443 1247">
    <p class='ocr_par' dir='ltr' id='par_1_9' title="bbox 364 1169 1443 1247">
     <span class='ocr_line' id='line_1_10' title="bbox 364 1169 1443 1247; baseline -0.005 -17"><span class='ocrx_word' id='word_1_61' title='bbox 364 1173 672 1247; x_wconf 74' lang='grc' dir='ltr'><strong>χρωμένων</strong></span> <span class='ocrx_word' id='word_1_62' title='bbox 696 1172 800 1226; x_wconf 75' lang='grc' dir='ltr'><strong>οὐκ</strong></span> <span class='ocrx_word' id='word_1_63' title='bbox 829 1169 1086 1240; x_wconf 79' lang='grc' dir='ltr'><strong>ἀγνοοῦσι</strong></span> <span class='ocrx_word' id='word_1_64' title='bbox 1122 1171 1443 1243; x_wconf 72' lang='grc' dir='ltr'><strong>σκαιότητα.</strong></span> 
     </span>
    </p>
   </div>
   <div class='ocr_carea' id='block_1_10' title="bbox 583 1370 1722 1443">
    <p class='ocr_par' dir='ltr' id='par_1_10' title="bbox 583 1370 1722 1443">
     <span class='ocr_line' id='line_1_11' title="bbox 583 1370 1722 1443; baseline -0.004 -13"><span class='ocrx_word' id='word_1_65' title='bbox 583 1372 748 1443; x_wconf 53' lang='grc' dir='ltr'><strong>ΤιπΔν.</strong></span> <span class='ocrx_word' id='word_1_66' title='bbox 787 1402 854 1417; x_wconf 84' lang='lat'><strong>--</strong></span> <span class='ocrx_word' id='word_1_67' title='bbox 879 1371 1187 1442; x_wconf 83' lang='grc' dir='ltr'><strong>ΔΩΡΟΘΕῼ</strong></span> <span class='ocrx_word' id='word_1_68' title='bbox 1223 1370 1722 1441; x_wconf 78' lang='grc' dir='ltr'><strong>ΛΑΜΠΡΟΤΔΤῼ.</strong></span> 
     </span>
    </p>
   </div>
   <div class='ocr_carea' id='block_1_11' title="bbox 451 1483 1955 1581">
    <p class='ocr_par' dir='ltr' id='par_1_11' title="bbox 451 1483 1955 1581">
     <span class='ocr_line' id='line_1_12' title="bbox 451 1483 1955 1581; baseline -0.005 -13"><span class='ocrx_word' id='word_1_69' title='bbox 451 1512 733 1569; x_wconf 82' lang='grc' dir='ltr'><strong>’Δπιστεῖν</strong></span> <span class='ocrx_word' id='word_1_70' title='bbox 766 1510 865 1581; x_wconf 87' lang='grc' dir='ltr'><strong>μέν</strong></span> <span class='ocrx_word' id='word_1_71' title='bbox 892 1527 975 1564; x_wconf 89' lang='grc' dir='ltr'><strong>σοι</strong></span> <span class='ocrx_word' id='word_1_72' title='bbox 1005 1483 1105 1563; x_wconf 72' lang='grc' dir='ltr'><strong>οὐκ</strong></span> <span class='ocrx_word' id='word_1_73' title='bbox 1141 1508 1249 1579; x_wconf 79' lang='grc' dir='ltr'><strong>ἔχω</strong></span> <span class='ocrx_word' id='word_1_74' title='bbox 1268 1524 1282 1540; x_wconf 75' lang='grc' dir='ltr'><strong><em>ο</em></strong></span> <span class='ocrx_word' id='word_1_75' title='bbox 1316 1506 1572 1579; x_wconf 78' lang='grc' dir='ltr'><strong>παραινῶ</strong></span> <span class='ocrx_word' id='word_1_76' title='bbox 1602 1507 1661 1561; x_wconf 81' lang='grc' dir='ltr'><strong>δὲ</strong></span> <span class='ocrx_word' id='word_1_77' title='bbox 1689 1507 1765 1579; x_wconf 83' lang='grc' dir='ltr'><strong>μὴ</strong></span> <span class='ocrx_word' id='word_1_78' title='bbox 1790 1522 1955 1562; x_wconf 76' lang='grc' dir='ltr'><strong>σκανο</strong></span> 
     </span>
    </p>
   </div>
   <div class='ocr_carea' id='block_1_12' title="bbox 359 1598 1953 1671">
    <p class='ocr_par' dir='ltr' id='par_1_12' title="bbox 359 1598 1953 1671">
     <span class='ocr_line' id='line_1_13' title="bbox 359 1598 1953 1671; baseline -0.006 -9"><span class='ocrx_word' id='word_1_79' title='bbox 359 1604 709 1670; x_wconf 75' lang='grc' dir='ltr'><strong>δαλίζεσθαι,</strong></span> <span class='ocrx_word' id='word_1_80' title='bbox 745 1601 1197 1670; x_wconf 79' lang='grc' dir='ltr'><strong>ἀλλ”ἀναμένειν</strong></span> <span class='ocrx_word' id='word_1_81' title='bbox 1251 1599 1349 1671; x_wconf 80' lang='grc' dir='ltr'><strong>τὴν</strong></span> <span class='ocrx_word' id='word_1_82' title='bbox 1399 1600 1699 1653; x_wconf 83' lang='grc' dir='ltr'><strong>ἀδέκαστον</strong></span> <span class='ocrx_word' id='word_1_83' title='bbox 1749 1598 1953 1670; x_wconf 88' lang='grc' dir='ltr'><strong>κρίσιν.</strong></span> 
     </span>
    </p>
   </div>
   <div class='ocr_carea' id='block_1_13' title="bbox 366 1690 1958 1765">
    <p class='ocr_par' dir='ltr' id='par_1_13' title="bbox 366 1690 1958 1765">
     <span class='ocr_line' id='line_1_14' title="bbox 366 1690 1958 1765; baseline -0.006 -14"><span class='ocrx_word' id='word_1_84' title='bbox 366 1697 485 1752; x_wconf 77' lang='grc' dir='ltr'><strong>Καὶ</strong></span> <span class='ocrx_word' id='word_1_85' title='bbox 511 1693 622 1765; x_wconf 84' lang='grc' dir='ltr'><strong>γὰρ</strong></span> <span class='ocrx_word' id='word_1_86' title='bbox 665 1692 1004 1764; x_wconf 79' lang='grc' dir='ltr'><strong>παραινέσας</strong></span> <span class='ocrx_word' id='word_1_87' title='bbox 1048 1690 1298 1758; x_wconf 80' lang='grc' dir='ltr'><strong>τοιαῦτα,</strong></span> <span class='ocrx_word' id='word_1_88' title='bbox 1315 1690 1427 1744; x_wconf 80' lang='grc' dir='ltr'><strong>-καὶ</strong></span> <span class='ocrx_word' id='word_1_89' title='bbox 1458 1691 1617 1745; x_wconf 80' lang='grc' dir='ltr'><strong>ἄλλον</strong></span> <span class='ocrx_word' id='word_1_90' title='bbox 1663 1690 1833 1761; x_wconf 85' lang='grc' dir='ltr'><strong>ἄνδρα</strong></span> <span class='ocrx_word' id='word_1_91' title='bbox 1869 1706 1958 1759; x_wconf 85' lang='grc' dir='ltr'><strong>μι-</strong></span> 
     </span>
    </p>
   </div>
   <div class='ocr_carea' id='block_1_14' title="bbox 1187 280 2805 352">
    <p class='ocr_par' dir='ltr' id='par_1_14' title="bbox 1187 280 2805 352">
     <span class='ocr_line' id='line_1_15' title="bbox 1187 280 2805 352; baseline -0.001 0"><span class='ocrx_word' id='word_1_92' title='bbox 1187 288 1718 352; x_wconf 77' lang='lat' dir='ltr'><strong>EPISTOLARUM</strong></span> <span class='ocrx_word' id='word_1_93' title='bbox 1752 288 1901 350; x_wconf 87' lang='lat' dir='ltr'><strong>LIB.</strong></span> <span class='ocrx_word' id='word_1_94' title='bbox 1941 280 2167 350; x_wconf 54' lang='grc' dir='ltr'><strong>ΙΙῙῘ-</strong></span> <span class='ocrx_word' id='word_1_95' title='bbox 2202 286 2439 348; x_wconf 85' lang='lat' dir='ltr'><strong>EPIST.</strong></span> <span class='ocrx_word' id='word_1_96' title='bbox 2476 287 2805 350; x_wconf 79' lang='lat' dir='ltr'><strong>CCCXCIV.</strong></span> 
     </span>
    </p>
   </div>
   <div class='ocr_carea' id='block_1_15' title="bbox 1981 403 2030 457">
    <p class='ocr_par' dir='ltr' id='par_1_15' title="bbox 1981 403 2030 457">
     <span class='ocr_line' id='line_1_16' title="bbox 1981 403 2030 457; baseline 0 0"><span class='ocrx_word' id='word_1_97' title='bbox 1981 403 2030 457; x_wconf 73' lang='grc' dir='ltr'><strong>Α</strong></span> 
     </span>
    </p>
   </div>
   <div class='ocr_carea' id='block_1_16' title="bbox 3496 286 3517 350">
    <p class='ocr_par' dir='ltr' id='par_1_16' title="bbox 3496 286 3517 350">
     <span class='ocr_line' id='line_1_17' title="bbox 3496 286 3517 350; baseline 0 0"><span class='ocrx_word' id='word_1_98' title='bbox 3496 286 3517 350; x_wconf 88' lang='grc'><strong>1</strong></span> 
     </span>
    </p>
   </div>
   <div class='ocr_carea' id='block_1_17' title="bbox 2218 288 3636 452">
    <p class='ocr_par' dir='ltr' id='par_1_17' title="bbox 2218 288 3636 452">
     <span class='ocr_line' id='line_1_18' title="bbox 2218 288 3636 355; baseline 0.004 -7"><span class='ocrx_word' id='word_1_99' title='bbox 2218 288 2439 348; x_wconf 81' lang='lat' dir='ltr'><strong>EPIST.</strong></span> <span class='ocrx_word' id='word_1_100' title='bbox 2476 288 2805 350; x_wconf 80' lang='lat' dir='ltr'><strong>CCCXCIV.</strong></span> <span class='ocrx_word' id='word_1_101' title='bbox 3496 288 3636 355; x_wconf 59' lang='grc'><strong>1038</strong></span> 
     </span>
     <span class='ocr_line' id='line_1_19' title="bbox 2218 388 3468 452; baseline 0.002 -4"><span class='ocrx_word' id='word_1_102' title='bbox 2218 390 2527 451; x_wconf 79' lang='lat' dir='ltr'><strong>CCCXCllI.</strong></span> <span class='ocrx_word' id='word_1_103' title='bbox 2544 423 2615 434; x_wconf 92' lang='lat'><strong><em>—</em></strong></span> <span class='ocrx_word' id='word_1_104' title='bbox 2630 388 3028 451; x_wconf 66' lang='lat' dir='ltr'><strong>HARPOCRE</strong></span> <span class='ocrx_word' id='word_1_105' title='bbox 3081 391 3468 452; x_wconf 68' lang='grc' dir='ltr'><strong>εοΡιιιδἸ-Ας.</strong></span> 
     </span>
    </p>
   </div>
   <div class='ocr_carea' id='block_1_18' title="bbox 2125 527 3635 598">
    <p class='ocr_par' dir='ltr' id='par_1_18' title="bbox 2125 527 3635 598">
     <span class='ocr_line' id='line_1_20' title="bbox 2125 527 3635 598; baseline 0.005 -17"><span class='ocrx_word' id='word_1_106' title='bbox 2125 528 2225 596; x_wconf 83' lang='lat' dir='ltr'><strong>Qui</strong></span> <span class='ocrx_word' id='word_1_107' title='bbox 2251 528 2520 584; x_wconf 84' lang='lat' dir='ltr'><strong>sermonis</strong></span> <span class='ocrx_word' id='word_1_108' title='bbox 2550 527 2860 585; x_wconf 77' lang='lat' dir='ltr'><strong>facultatem</strong></span> <span class='ocrx_word' id='word_1_109' title='bbox 2911 529 3245 598; x_wconf 81' lang='lat' dir='ltr'><strong>improbant,</strong></span> <span class='ocrx_word' id='word_1_110' title='bbox 3271 544 3381 586; x_wconf 88' lang='lat' dir='ltr'><strong>non</strong></span> <span class='ocrx_word' id='word_1_111' title='bbox 3412 540 3498 587; x_wconf 89' lang='lat' dir='ltr'><strong>est</strong></span> <span class='ocrx_word' id='word_1_112' title='bbox 3531 534 3635 589; x_wconf 89' lang='lat' dir='ltr'><strong>ob-</strong></span> 
     </span>
    </p>
   </div>
   <div class='ocr_carea' id='block_1_19' title="bbox 2053 618 3633 690">
    <p class='ocr_par' dir='ltr' id='par_1_19' title="bbox 2053 618 3633 690">
     <span class='ocr_line' id='line_1_21' title="bbox 2053 618 3633 690; baseline 0.002 -16"><span class='ocrx_word' id='word_1_113' title='bbox 2053 632 2271 674; x_wconf 89' lang='lat' dir='ltr'><strong>scurum</strong></span> <span class='ocrx_word' id='word_1_114' title='bbox 2297 618 2428 686; x_wconf 88' lang='lat' dir='ltr'><strong>quin</strong></span> <span class='ocrx_word' id='word_1_115' title='bbox 2487 618 2716 673; x_wconf 78' lang='lat' dir='ltr'><strong>inscitiae</strong></span> <span class='ocrx_word' id='word_1_116' title='bbox 2760 633 2874 675; x_wconf 67' lang='lat' dir='ltr'><strong>suae</strong></span> <span class='ocrx_word' id='word_1_117' title='bbox 2921 618 3249 675; x_wconf 72' lang='lat' dir='ltr'><strong>aeint‘antite</strong></span> <span class='ocrx_word' id='word_1_118' title='bbox 3277 622 3538 690; x_wconf 81' lang='lat' dir='ltr'><strong>probrum</strong></span> <span class='ocrx_word' id='word_1_119' title='bbox 3575 620 3633 677; x_wconf 85' lang='lat' dir='ltr'><strong>in</strong></span> 
     </span>
    </p>
   </div>
   <div class='ocr_carea' id='block_1_20' title="bbox 2052 708 3632 784">
    <p class='ocr_par' dir='ltr' id='par_1_20' title="bbox 2052 708 3632 784">
     <span class='ocr_line' id='line_1_22' title="bbox 2052 708 3632 784; baseline 0.001 -19"><span class='ocrx_word' id='word_1_120' title='bbox 2052 723 2172 765; x_wconf 88' lang='lat' dir='ltr'><strong>eam</strong></span> <span class='ocrx_word' id='word_1_121' title='bbox 2220 708 2470 765; x_wconf 85' lang='lat' dir='ltr'><strong>derivare</strong></span> <span class='ocrx_word' id='word_1_122' title='bbox 2515 709 2773 764; x_wconf 91' lang='lat' dir='ltr'><strong>audeant.</strong></span> <span class='ocrx_word' id='word_1_123' title='bbox 2821 709 2926 775; x_wconf 82' lang='lat' dir='ltr'><strong>Qui</strong></span> <span class='ocrx_word' id='word_1_124' title='bbox 2973 720 3157 767; x_wconf 87' lang='lat' dir='ltr'><strong>autem</strong></span> <span class='ocrx_word' id='word_1_125' title='bbox 3212 724 3335 766; x_wconf 90' lang='lat' dir='ltr'><strong>eam</strong></span> <span class='ocrx_word' id='word_1_126' title='bbox 3375 711 3632 784; x_wconf 84' lang='lat' dir='ltr'><strong>probant,</strong></span> 
     </span>
    </p>
   </div>
   <div class='ocr_carea' id='block_1_21' title="bbox 2052 799 3637 872">
    <p class='ocr_par' dir='ltr' id='par_1_21' title="bbox 2052 799 3637 872">
     <span class='ocr_line' id='line_1_23' title="bbox 2052 799 3637 872; baseline 0.003 -17"><span class='ocrx_word' id='word_1_127' title='bbox 2052 814 2177 855; x_wconf 92' lang='lat' dir='ltr'><strong>cum</strong></span> <span class='ocrx_word' id='word_1_128' title='bbox 2212 799 2460 855; x_wconf 78' lang='lat' dir='ltr'><strong>veritatis</strong></span> <span class='ocrx_word' id='word_1_129' title='bbox 2508 799 2879 870; x_wconf 87' lang='lat' dir='ltr'><strong>patrocinium</strong></span> <span class='ocrx_word' id='word_1_130' title='bbox 2910 802 3158 870; x_wconf 82' lang='lat' dir='ltr'><strong>suscipit,</strong></span> <span class='ocrx_word' id='word_1_131' title='bbox 3193 801 3507 872; x_wconf 78' lang='lat' dir='ltr'><strong>vituperant</strong></span> <span class='ocrx_word' id='word_1_132' title='bbox 3532 817 3637 859; x_wconf 83' lang='lat' dir='ltr'><strong>att-</strong></span> 
     </span>
    </p>
   </div>
   <div class='ocr_carea' id='block_1_22' title="bbox 2053 889 3633 960">
    <p class='ocr_par' dir='ltr' id='par_1_22' title="bbox 2053 889 3633 960">
     <span class='ocr_line' id='line_1_24' title="bbox 2053 889 3633 960; baseline 0.003 -16"><span class='ocrx_word' id='word_1_133' title='bbox 2053 898 2183 957; x_wconf 90' lang='lat' dir='ltr'><strong>tem,</strong></span> <span class='ocrx_word' id='word_1_134' title='bbox 2214 904 2340 946; x_wconf 90' lang='lat' dir='ltr'><strong>cum</strong></span> <span class='ocrx_word' id='word_1_135' title='bbox 2395 889 2729 960; x_wconf 85' lang='lat' dir='ltr'><strong>improbitati</strong></span> <span class='ocrx_word' id='word_1_136' title='bbox 2791 903 3012 960; x_wconf 86' lang='lat' dir='ltr'><strong>operam</strong></span> <span class='ocrx_word' id='word_1_137' title='bbox 3062 900 3245 958; x_wconf 88' lang='lat' dir='ltr'><strong>navat,</strong></span> <span class='ocrx_word' id='word_1_138' title='bbox 3282 892 3339 948; x_wconf 88' lang='lat' dir='ltr'><strong>hi</strong></span> <span class='ocrx_word' id='word_1_139' title='bbox 3377 892 3633 949; x_wconf 82' lang='lat' dir='ltr'><strong>nimirum</strong></span> 
     </span>
    </p>
   </div>
   <div class='ocr_carea' id='block_1_23' title="bbox 2053 979 3636 1054">
    <p class='ocr_par' dir='ltr' id='par_1_23' title="bbox 2053 979 3636 1054">
     <span class='ocr_line' id='line_1_25' title="bbox 2053 979 3636 1054; baseline 0.003 -17"><span class='ocrx_word' id='word_1_140' title='bbox 2053 989 2108 1037; x_wconf 91' lang='lat' dir='ltr'><strong>et</strong></span> <span class='ocrx_word' id='word_1_141' title='bbox 2145 983 2397 1037; x_wconf 80' lang='lat' dir='ltr'><strong>humanae</strong></span> <span class='ocrx_word' id='word_1_142' title='bbox 2453 987 2664 1035; x_wconf 87' lang='lat' dir='ltr'><strong>naturae</strong></span> <span class='ocrx_word' id='word_1_143' title='bbox 2709 979 3077 1047; x_wconf 86' lang='lat' dir='ltr'><strong>nobilitatem,</strong></span> <span class='ocrx_word' id='word_1_144' title='bbox 3109 991 3170 1037; x_wconf 89' lang='grc' dir='ltr'><strong>ιιι</strong></span> <span class='ocrx_word' id='word_1_145' title='bbox 3220 998 3341 1054; x_wconf 67' lang='lat' dir='ltr'><strong>quae</strong></span> <span class='ocrx_word' id='word_1_146' title='bbox 3379 998 3636 1041; x_wconf 84' lang='lat' dir='ltr'><strong>sermone</strong></span> 
     </span>
    </p>
   </div>
   <div class='ocr_carea' id='block_1_24' title="bbox 2054 1072 3643 1143">
    <p class='ocr_par' dir='ltr' id='par_1_24' title="bbox 2054 1072 3643 1143">
     <span class='ocr_line' id='line_1_26' title="bbox 2054 1072 3643 1143; baseline 0.003 -15"><span class='ocrx_word' id='word_1_147' title='bbox 2054 1072 2255 1128; x_wconf 84' lang='lat' dir='ltr'><strong>donata</strong></span> <span class='ocrx_word' id='word_1_148' title='bbox 2280 1073 2372 1140; x_wconf 86' lang='lat' dir='ltr'><strong>sit,</strong></span> <span class='ocrx_word' id='word_1_149' title='bbox 2400 1072 2676 1143; x_wconf 82' lang='lat' dir='ltr'><strong>cognitam</strong></span> <span class='ocrx_word' id='word_1_150' title='bbox 2730 1081 2895 1143; x_wconf 80' lang='lat' dir='ltr'><strong>atque</strong></span> <span class='ocrx_word' id='word_1_151' title='bbox 2953 1081 3296 1143; x_wconf 77' lang='lat' dir='ltr'><strong>perspectam</strong></span> <span class='ocrx_word' id='word_1_152' title='bbox 3325 1075 3552 1143; x_wconf 85' lang='lat' dir='ltr'><strong>habent,</strong></span> <span class='ocrx_word' id='word_1_153' title='bbox 3581 1084 3643 1132; x_wconf 83' lang='lat' dir='ltr'><strong>et</strong></span> 
     </span>
    </p>
   </div>
   <div class='ocr_carea' id='block_1_25' title="bbox 2055 1164 3641 1236">
    <p class='ocr_par' dir='ltr' id='par_1_25' title="bbox 2055 1164 3641 1236">
     <span class='ocr_line' id='line_1_27' title="bbox 2055 1164 3641 1236; baseline 0.003 -17"><span class='ocrx_word' id='word_1_154' title='bbox 2055 1164 2406 1236; x_wconf 78' lang='lat' dir='ltr'><strong>malignitatis</strong></span> <span class='ocrx_word' id='word_1_155' title='bbox 2431 1178 2620 1219; x_wconf 91' lang='lat' dir='ltr'><strong>eorum</strong></span> <span class='ocrx_word' id='word_1_156' title='bbox 2652 1166 2745 1235; x_wconf 88' lang='lat' dir='ltr'><strong>qui</strong></span> <span class='ocrx_word' id='word_1_157' title='bbox 2777 1164 3126 1220; x_wconf 84' lang='lat' dir='ltr'><strong>sermonibus</strong></span> <span class='ocrx_word' id='word_1_158' title='bbox 3157 1180 3264 1221; x_wconf 90' lang='lat' dir='ltr'><strong>non</strong></span> <span class='ocrx_word' id='word_1_159' title='bbox 3296 1176 3443 1224; x_wconf 87' lang='lat' dir='ltr'><strong>recte</strong></span> <span class='ocrx_word' id='word_1_160' title='bbox 3471 1176 3641 1224; x_wconf 82' lang='lat' dir='ltr'><strong>utun-</strong></span> 
     </span>
    </p>
   </div>
   <div class='ocr_carea' id='block_1_26' title="bbox 2057 1254 3352 1325">
    <p class='ocr_par' dir='ltr' id='par_1_26' title="bbox 2057 1254 3352 1325">
     <span class='ocr_line' id='line_1_28' title="bbox 2057 1254 3352 1325; baseline 0.003 -19"><span class='ocrx_word' id='word_1_161' title='bbox 2057 1261 2164 1318; x_wconf 88' lang='lat' dir='ltr'><strong>tur,</strong></span> <span class='ocrx_word' id='word_1_162' title='bbox 2191 1255 2580 1310; x_wconf 88' lang='lat' dir='ltr'><strong>absurditatem</strong></span> <span class='ocrx_word' id='word_1_163' title='bbox 2616 1254 3041 1325; x_wconf 86' lang='lat' dir='ltr'><strong>haudquaquam</strong></span> <span class='ocrx_word' id='word_1_164' title='bbox 3077 1254 3352 1325; x_wconf 81' lang='lat' dir='ltr'><strong>ignorant.</strong></span> 
     </span>
    </p>
   </div>
   <div class='ocr_carea' id='block_1_27' title="bbox 2197 1380 3496 1454">
    <p class='ocr_par' dir='ltr' id='par_1_27' title="bbox 2197 1380 3496 1454">
     <span class='ocr_line' id='line_1_29' title="bbox 2197 1380 3496 1454; baseline 0.002 -16"><span class='ocrx_word' id='word_1_165' title='bbox 2197 1380 2512 1454; x_wconf 79' lang='lat' dir='ltr'><strong>CCCXCIV.</strong></span> <span class='ocrx_word' id='word_1_166' title='bbox 2526 1413 2596 1424; x_wconf 91' lang='lat'><strong>-—</strong></span> <span class='ocrx_word' id='word_1_167' title='bbox 2610 1381 2991 1440; x_wconf 81' lang='lat' dir='ltr'><strong>DOROTHEO</strong></span> <span class='ocrx_word' id='word_1_168' title='bbox 3049 1383 3496 1442; x_wconf 80' lang='lat' dir='ltr'><strong>CLARISSIMO.</strong></span> 
     </span>
    </p>
   </div>
   <div class='ocr_carea' id='block_1_28' title="bbox 2133 1516 3749 1592">
    <p class='ocr_par' dir='ltr' id='par_1_28' title="bbox 2133 1516 3749 1592">
     <span class='ocr_line' id='line_1_30' title="bbox 2133 1516 3749 1592; baseline 0.004 -20"><span class='ocrx_word' id='word_1_169' title='bbox 2133 1516 2319 1573; x_wconf 85' lang='lat' dir='ltr'><strong>Fidem</strong></span> <span class='ocrx_word' id='word_1_170' title='bbox 2375 1518 2626 1588; x_wconf 89' lang='lat' dir='ltr'><strong>equidem</strong></span> <span class='ocrx_word' id='word_1_171' title='bbox 2684 1518 2780 1574; x_wconf 88' lang='lat' dir='ltr'><strong>tibi</strong></span> <span class='ocrx_word' id='word_1_172' title='bbox 2832 1519 3099 1588; x_wconf 75' lang='lat' dir='ltr'><strong>abrogare</strong></span> <span class='ocrx_word' id='word_1_173' title='bbox 3152 1534 3403 1592; x_wconf 87' lang='lat' dir='ltr'><strong>nequeo,</strong></span> <span class='ocrx_word' id='word_1_174' title='bbox 3450 1534 3641 1577; x_wconf 89' lang='lat' dir='ltr'><strong>verum</strong></span> <span class='ocrx_word' id='word_1_175' title='bbox 3745 1564 3749 1569; x_wconf 76' lang='lat'><strong>.</strong></span> 
     </span>
    </p>
   </div>
   <div class='ocr_carea' id='block_1_29' title="bbox 2059 1608 3643 1683">
    <p class='ocr_par' dir='ltr' id='par_1_29' title="bbox 2059 1608 3643 1683">
     <span class='ocr_line' id='line_1_31' title="bbox 2059 1608 3643 1683; baseline 0.003 -19"><span class='ocrx_word' id='word_1_176' title='bbox 2059 1609 2190 1665; x_wconf 87' lang='lat' dir='ltr'><strong>illud</strong></span> <span class='ocrx_word' id='word_1_177' title='bbox 2224 1618 2276 1665; x_wconf 91' lang='lat' dir='ltr'><strong>te</strong></span> <span class='ocrx_word' id='word_1_178' title='bbox 2309 1624 2523 1676; x_wconf 88' lang='lat' dir='ltr'><strong>moneo,</strong></span> <span class='ocrx_word' id='word_1_179' title='bbox 2556 1618 2711 1666; x_wconf 90' lang='lat' dir='ltr'><strong>utne</strong></span> <span class='ocrx_word' id='word_1_180' title='bbox 2754 1610 3071 1678; x_wconf 71' lang='lat' dir='ltr'><strong>oll‘endaris,</strong></span> <span class='ocrx_word' id='word_1_181' title='bbox 3114 1608 3212 1668; x_wconf 90' lang='lat' dir='ltr'><strong>sed</strong></span> <span class='ocrx_word' id='word_1_182' title='bbox 3256 1613 3643 1683; x_wconf 89' lang='lat' dir='ltr'><strong>incorruptum</strong></span> 
     </span>
    </p>
   </div>
   <div class='ocr_carea' id='block_1_30' title="bbox 2055 1701 3644 1775">
    <p class='ocr_par' dir='ltr' id='par_1_30' title="bbox 2055 1701 3644 1775">
     <span class='ocr_line' id='line_1_32' title="bbox 2055 1701 3644 1775; baseline 0.003 -19"><span class='ocrx_word' id='word_1_183' title='bbox 2055 1702 2320 1771; x_wconf 85' lang='lat' dir='ltr'><strong>judicium</strong></span> <span class='ocrx_word' id='word_1_184' title='bbox 2386 1710 2689 1771; x_wconf 84' lang='lat' dir='ltr'><strong>exspectes.</strong></span> <span class='ocrx_word' id='word_1_185' title='bbox 2751 1701 2889 1757; x_wconf 84' lang='lat' dir='ltr'><strong>Nam</strong></span> <span class='ocrx_word' id='word_1_186' title='bbox 2939 1705 3105 1761; x_wconf 87' lang='lat' dir='ltr'><strong>etiam</strong></span> <span class='ocrx_word' id='word_1_187' title='bbox 3176 1718 3277 1775; x_wconf 89' lang='lat' dir='ltr'><strong>per</strong></span> <span class='ocrx_word' id='word_1_188' title='bbox 3330 1702 3644 1774; x_wconf 76' lang='lat' dir='ltr'><strong>huiusmodi</strong></span> 
     </span>
    </p>
   </div>
   <div class='ocr_carea' id='block_1_31' title="bbox 370 1781 1980 1866">
    <p class='ocr_par' dir='ltr' id='par_1_31' title="bbox 370 1781 1959 1857">
     <span class='ocr_line' id='line_1_33' title="bbox 370 1781 1959 1857; baseline -0.006 -15"><span class='ocrx_word' id='word_1_189' title='bbox 370 1788 681 1857; x_wconf 86' lang='grc' dir='ltr'><strong>σοπόνηρον</strong></span> <span class='ocrx_word' id='word_1_190' title='bbox 722 1784 1031 1847; x_wconf 82' lang='grc' dir='ltr'><strong>ἁνέστειλα,</strong></span> <span class='ocrx_word' id='word_1_191' title='bbox 1071 1782 1249 1837; x_wconf 82' lang='grc' dir='ltr'><strong>ταύτά</strong></span> <span class='ocrx_word' id='word_1_192' title='bbox 1292 1798 1375 1835; x_wconf 93' lang='grc' dir='ltr'><strong>σοι</strong></span> <span class='ocrx_word' id='word_1_193' title='bbox 1406 1783 1693 1851; x_wconf 84' lang='grc' dir='ltr'><strong>φράσαντα</strong></span> <span class='ocrx_word' id='word_1_194' title='bbox 1721 1781 1814 1834; x_wconf 75' lang='grc' dir='ltr'><strong>καὶ</strong></span> <span class='ocrx_word' id='word_1_195' title='bbox 1853 1796 1959 1833; x_wconf 88' lang='grc' dir='ltr'><strong>κα-</strong></span> 
     </span>
    </p>
   </div>
   <div class='ocr_carea' id='block_1_32' title="bbox 2064 1781 3642 1866">
    <p class='ocr_par' dir='ltr' id='par_1_32' title="bbox 2064 1793 3642 1866">
     <span class='ocr_line' id='line_1_34' title="bbox 2064 1793 3642 1866; baseline 0.001 -17"><span class='ocrx_word' id='word_1_196' title='bbox 2064 1794 2485 1849; x_wconf 82' lang='lat' dir='ltr'><strong>admonitionem</strong></span> <span class='ocrx_word' id='word_1_197' title='bbox 2514 1793 2679 1849; x_wconf 89' lang='lat' dir='ltr'><strong>alium</strong></span> <span class='ocrx_word' id='word_1_198' title='bbox 2711 1795 3002 1864; x_wconf 85' lang='lat' dir='ltr'><strong>quemdam</strong></span> <span class='ocrx_word' id='word_1_199' title='bbox 3024 1796 3201 1851; x_wconf 91' lang='lat' dir='ltr'><strong>virum</strong></span> <span class='ocrx_word' id='word_1_200' title='bbox 3261 1796 3642 1866; x_wconf 89' lang='lat' dir='ltr'><strong>improborum</strong></span> 
     </span>
    </p>
   </div>
   <div class='ocr_carea' id='block_1_33' title="bbox 364 1871 1955 1951">
    <p class='ocr_par' dir='ltr' id='par_1_33' title="bbox 364 1871 1955 1951">
     <span class='ocr_line' id='line_1_35' title="bbox 364 1871 1955 1951; baseline -0.007 -16"><span class='ocrx_word' id='word_1_201' title='bbox 364 1876 893 1951; x_wconf 78' lang='grc' dir='ltr'><strong>ταρῤητορεύσαντα</strong></span> <span class='ocrx_word' id='word_1_202' title='bbox 924 1874 1119 1945; x_wconf 81' lang='grc' dir='ltr'><strong>αὐτὴν,</strong></span> <span class='ocrx_word' id='word_1_203' title='bbox 1151 1874 1246 1928; x_wconf 78' lang='grc' dir='ltr'><strong>καὶ</strong></span> <span class='ocrx_word' id='word_1_204' title='bbox 1266 1874 1521 1944; x_wconf 81' lang='grc' dir='ltr'><strong>φήσαντα</strong></span> <span class='ocrx_word' id='word_1_205' title='bbox 1547 1889 1559 1904; x_wconf 93' lang='grc'><strong>·</strong></span> <span class='ocrx_word' id='word_1_206' title='bbox 1589 1872 1654 1926; x_wconf 77' lang='lat' dir='ltr'><strong>Ol</strong></span> <span class='ocrx_word' id='word_1_207' title='bbox 1687 1872 1785 1943; x_wconf 78' lang='grc' dir='ltr'><strong>μὲν</strong></span> <span class='ocrx_word' id='word_1_208' title='bbox 1816 1871 1955 1925; x_wconf 88' lang='grc' dir='ltr'><strong>ἀπό-</strong></span> 
     </span>
    </p>
   </div>
   <div class='ocr_carea' id='block_1_34' title="bbox 371 1963 1958 2038">
    <p class='ocr_par' dir='ltr' id='par_1_34' title="bbox 371 1963 1958 2038">
     <span class='ocr_line' id='line_1_36' title="bbox 371 1963 1958 2038; baseline -0.004 -14"><span class='ocrx_word' id='word_1_209' title='bbox 371 1970 582 2034; x_wconf 83' lang='grc' dir='ltr'><strong>στολοι,</strong></span> <span class='ocrx_word' id='word_1_210' title='bbox 616 1968 715 2023; x_wconf 76' lang='grc' dir='ltr'><strong>ἀτε</strong></span> <span class='ocrx_word' id='word_1_211' title='bbox 734 1966 814 2038; x_wconf 80' lang='grc' dir='ltr'><strong>τῷ</strong></span> <span class='ocrx_word' id='word_1_212' title='bbox 839 1966 971 2036; x_wconf 83' lang='grc' dir='ltr'><strong>θείῳ</strong></span> <span class='ocrx_word' id='word_1_213' title='bbox 999 1964 1280 2035; x_wconf 82' lang='grc' dir='ltr'><strong>Πνεύματι</strong></span> <span class='ocrx_word' id='word_1_214' title='bbox 1303 1964 1705 2034; x_wconf 84' lang='grc' dir='ltr'><strong>σεσοφισμένοι,</strong></span> <span class='ocrx_word' id='word_1_215' title='bbox 1740 1963 1836 2018; x_wconf 75' lang='grc' dir='ltr'><strong>καὶ</strong></span> <span class='ocrx_word' id='word_1_216' title='bbox 1859 1963 1958 2029; x_wconf 81' lang='grc' dir='ltr'><strong>τὴν</strong></span> 
     </span>
    </p>
   </div>
   <div class='ocr_carea' id='block_1_35' title="bbox 383 2054 1960 2131">
    <p class='ocr_par' dir='ltr' id='par_1_35' title="bbox 383 2054 1960 2131">
     <span class='ocr_line' id='line_1_37' title="bbox 383 2054 1960 2131; baseline -0.005 -15"><span class='ocrx_word' id='word_1_217' title='bbox 383 2059 737 2131; x_wconf 80' lang='grc' dir='ltr'><strong>Ἐκκλησίαν,</strong></span> <span class='ocrx_word' id='word_1_218' title='bbox 780 2058 857 2121; x_wconf 83' lang='grc' dir='ltr'><strong>ὡς</strong></span> <span class='ocrx_word' id='word_1_219' title='bbox 883 2056 1212 2126; x_wconf 79' lang='grc' dir='ltr'><strong>δεσποτικὴν</strong></span> <span class='ocrx_word' id='word_1_220' title='bbox 1249 2054 1472 2127; x_wconf 79' lang='grc' dir='ltr'><strong>νύμφην</strong></span> <span class='ocrx_word' id='word_1_221' title='bbox 1503 2054 1648 2108; x_wconf 76' lang='grc' dir='ltr'><strong>οὕτω</strong></span> <span class='ocrx_word' id='word_1_222' title='bbox 1668 2054 1960 2126; x_wconf 86' lang='grc' dir='ltr'><strong>διεκόσμη-</strong></span> 
     </span>
    </p>
   </div>
   <div class='ocr_carea' id='block_1_36' title="bbox 366 2146 1955 2222">
    <p class='ocr_par' dir='ltr' id='par_1_36' title="bbox 366 2146 1955 2222">
     <span class='ocr_line' id='line_1_38' title="bbox 366 2146 1955 2222; baseline -0.005 -14"><span class='ocrx_word' id='word_1_223' title='bbox 366 2169 499 2217; x_wconf 84' lang='grc' dir='ltr'><strong>σαν,</strong></span> <span class='ocrx_word' id='word_1_224' title='bbox 530 2152 609 2215; x_wconf 80' lang='grc' dir='ltr'><strong>ὡς</strong></span> <span class='ocrx_word' id='word_1_225' title='bbox 637 2151 779 2222; x_wconf 87' lang='grc' dir='ltr'><strong>μήτε</strong></span> <span class='ocrx_word' id='word_1_226' title='bbox 815 2149 924 2202; x_wconf 89' lang='grc' dir='ltr'><strong>τῶν</strong></span> <span class='ocrx_word' id='word_1_227' title='bbox 962 2147 1224 2219; x_wconf 87' lang='grc' dir='ltr'><strong>χειρόνων</strong></span> <span class='ocrx_word' id='word_1_228' title='bbox 1263 2147 1402 2217; x_wconf 78' lang='grc' dir='ltr'><strong>αὐτῇ</strong></span> <span class='ocrx_word' id='word_1_229' title='bbox 1444 2146 1612 2217; x_wconf 84' lang='grc' dir='ltr'><strong>μηδὲν</strong></span> <span class='ocrx_word' id='word_1_230' title='bbox 1641 2146 1955 2217; x_wconf 87' lang='grc' dir='ltr'><strong>διενοχλεῖν,</strong></span> 
     </span>
    </p>
   </div>
   <div class='ocr_carea' id='block_1_37' title="bbox 372 2236 1954 2317">
    <p class='ocr_par' dir='ltr' id='par_1_37' title="bbox 372 2236 1954 2317">
     <span class='ocr_line' id='line_1_39' title="bbox 372 2236 1954 2317; baseline -0.003 -19"><span class='ocrx_word' id='word_1_231' title='bbox 372 2245 502 2317; x_wconf 83' lang='grc' dir='ltr'><strong>μήτ’</strong></span> <span class='ocrx_word' id='word_1_232' title='bbox 537 2240 679 2297; x_wconf 77' lang='grc' dir='ltr'><strong>εἷναί</strong></span> <span class='ocrx_word' id='word_1_233' title='bbox 699 2260 754 2295; x_wconf 90' lang='grc' dir='ltr'><strong>τι</strong></span> <span class='ocrx_word' id='word_1_234' title='bbox 787 2240 1029 2304; x_wconf 78' lang='grc' dir='ltr'><strong>κάλλιον,</strong></span> <span class='ocrx_word' id='word_1_235' title='bbox 1061 2238 1090 2292; x_wconf 76' lang='grc' dir='ltr'>ὃ</span> <span class='ocrx_word' id='word_1_236' title='bbox 1118 2238 1225 2309; x_wconf 79' lang='grc' dir='ltr'><strong>χρὴ</strong></span> <span class='ocrx_word' id='word_1_237' title='bbox 1248 2237 1327 2308; x_wconf 84' lang='grc' dir='ltr'><strong>τῷ</strong></span> <span class='ocrx_word' id='word_1_238' title='bbox 1352 2236 1544 2309; x_wconf 83' lang='grc' dir='ltr'><strong>θεσμῷ</strong></span> <span class='ocrx_word' id='word_1_239' title='bbox 1564 2237 1954 2309; x_wconf 82' lang='grc' dir='ltr'><strong>προστεθῆναι.</strong></span> 
     </span>
    </p>
   </div>
   <div class='ocr_carea' id='block_1_38' title="bbox 368 2324 1959 2399">
    <p class='ocr_par' dir='ltr' id='par_1_38' title="bbox 368 2324 1959 2399">
     <span class='ocr_line' id='line_1_40' title="bbox 368 2324 1959 2399; baseline -0.005 -8"><span class='ocrx_word' id='word_1_240' title='bbox 368 2334 533 2399; x_wconf 80' lang='grc' dir='ltr'><strong>Τινὲς</strong></span> <span class='ocrx_word' id='word_1_241' title='bbox 577 2333 635 2387; x_wconf 78' lang='grc' dir='ltr'><strong>δὲ</strong></span> <span class='ocrx_word' id='word_1_242' title='bbox 679 2331 789 2387; x_wconf 88' lang='grc' dir='ltr'><strong>τῶν</strong></span> <span class='ocrx_word' id='word_1_243' title='bbox 836 2328 934 2385; x_wconf 80' lang='grc' dir='ltr'><strong>νῦν</strong></span> <span class='ocrx_word' id='word_1_244' title='bbox 973 2328 1066 2383; x_wconf 77' lang='grc' dir='ltr'><strong>τὸν</strong></span> <span class='ocrx_word' id='word_1_245' title='bbox 1112 2327 1494 2382; x_wconf 79' lang='grc' dir='ltr'><strong>διδασκαλικὸν</strong></span> <span class='ocrx_word' id='word_1_246' title='bbox 1539 2327 1641 2381; x_wconf 84' lang='grc' dir='ltr'><strong>οὐκ</strong></span> <span class='ocrx_word' id='word_1_247' title='bbox 1683 2324 1781 2381; x_wconf 76' lang='grc' dir='ltr'><strong>οἷδ’</strong></span> <span class='ocrx_word' id='word_1_248' title='bbox 1811 2330 1959 2392; x_wconf 83' lang='grc' dir='ltr'><strong>ὅπως</strong></span> 
     </span>
    </p>
   </div>
   <div class='ocr_carea' id='block_1_39' title="bbox 370 2416 1959 2496">
    <p class='ocr_par' dir='ltr' id='par_1_39' title="bbox 370 2416 1959 2496">
     <span class='ocr_line' id='line_1_41' title="bbox 370 2416 1959 2496; baseline -0.004 -17"><span class='ocrx_word' id='word_1_249' title='bbox 370 2423 912 2496; x_wconf 65' lang='grc' dir='ltr'><strong>ἑμπεπιστευμένων</strong></span> <span class='ocrx_word' id='word_1_250' title='bbox 954 2420 1168 2492; x_wconf 86' lang='grc' dir='ltr'><strong>θρόνον,</strong></span> <span class='ocrx_word' id='word_1_251' title='bbox 1189 2419 1432 2490; x_wconf 86' lang='grc' dir='ltr'><strong>τολμῶσι</strong></span> <span class='ocrx_word' id='word_1_252' title='bbox 1457 2416 1820 2489; x_wconf 81' lang='grc' dir='ltr'><strong>νεωτερίζειν,</strong></span> <span class='ocrx_word' id='word_1_253' title='bbox 1863 2420 1959 2473; x_wconf 76' lang='grc' dir='ltr'><strong>καὶ</strong></span> 
     </span>
    </p>
   </div>
   <div class='ocr_carea' id='block_1_40' title="bbox 372 2506 1960 2583">
    <p class='ocr_par' dir='ltr' id='par_1_40' title="bbox 372 2506 1960 2583">
     <span class='ocr_line' id='line_1_42' title="bbox 372 2506 1960 2583; baseline -0.004 -16"><span class='ocrx_word' id='word_1_254' title='bbox 372 2514 472 2567; x_wconf 77' lang='grc' dir='ltr'><strong>τὸν</strong></span> <span class='ocrx_word' id='word_1_255' title='bbox 503 2511 636 2583; x_wconf 90' lang='grc' dir='ltr'><strong>παρ’</strong></span> <span class='ocrx_word' id='word_1_256' title='bbox 655 2510 883 2564; x_wconf 70' lang='grc' dir='ltr'><strong>ἐκείνων</strong></span> <span class='ocrx_word' id='word_1_257' title='bbox 899 2507 1144 2579; x_wconf 80' lang='grc' dir='ltr'><strong>κοσμίως</strong></span> <span class='ocrx_word' id='word_1_258' title='bbox 1167 2507 1264 2562; x_wconf 75' lang='grc' dir='ltr'><strong>καὶ</strong></span> <span class='ocrx_word' id='word_1_259' title='bbox 1288 2507 1527 2571; x_wconf 74' lang='grc' dir='ltr'><strong>εὐσεϐῶς</strong></span> <span class='ocrx_word' id='word_1_260' title='bbox 1558 2506 1960 2579; x_wconf 83' lang='grc' dir='ltr'><strong>θεμελιωθέντα</strong></span> 
     </span>
    </p>
   </div>
   <div class='ocr_carea' id='block_1_41' title="bbox 368 2598 1962 2675">
    <p class='ocr_par' dir='ltr' id='par_1_41' title="bbox 368 2598 1962 2675">
     <span class='ocr_line' id='line_1_43' title="bbox 368 2598 1962 2675; baseline -0.004 -16"><span class='ocrx_word' id='word_1_261' title='bbox 368 2603 583 2675; x_wconf 84' lang='grc' dir='ltr'><strong>θεσμὸν</strong></span> <span class='ocrx_word' id='word_1_262' title='bbox 612 2601 1006 2673; x_wconf 80' lang='grc' dir='ltr'><strong>ἀτιμάσαντες,</strong></span> <span class='ocrx_word' id='word_1_263' title='bbox 1040 2599 1112 2654; x_wconf 87' lang='grc' dir='ltr'><strong>τὰ</strong></span> <span class='ocrx_word' id='word_1_264' title='bbox 1135 2601 1315 2653; x_wconf 85' lang='grc' dir='ltr'><strong>οίκεία</strong></span> <span class='ocrx_word' id='word_1_265' title='bbox 1365 2600 1742 2673; x_wconf 82' lang='grc' dir='ltr'><strong>προκρίνουσι,</strong></span> <span class='ocrx_word' id='word_1_266' title='bbox 1774 2600 1871 2655; x_wconf 82' lang='grc' dir='ltr'><strong>τὸν</strong></span> <span class='ocrx_word' id='word_1_267' title='bbox 1898 2598 1962 2668; x_wconf 75' lang='grc' dir='ltr'><strong>ἐξ</strong></span> 
     </span>
    </p>
   </div>
   <div class='ocr_carea' id='block_1_42' title="bbox 365 2682 1958 2765">
    <p class='ocr_par' dir='ltr' id='par_1_42' title="bbox 365 2682 1958 2765">
     <span class='ocr_line' id='line_1_44' title="bbox 365 2682 1958 2765; baseline -0.001 -17"><span class='ocrx_word' id='word_1_268' title='bbox 365 2693 553 2765; x_wconf 76' lang='grc' dir='ltr'><strong>ἀρχῆς</strong></span> <span class='ocrx_word' id='word_1_269' title='bbox 579 2692 786 2762; x_wconf 85' lang='grc' dir='ltr'><strong>κόσμον</strong></span> <span class='ocrx_word' id='word_1_270' title='bbox 811 2690 1161 2763; x_wconf 76' lang='grc' dir='ltr'><strong>ἀτιμότερον,</strong></span> <span class='ocrx_word' id='word_1_271' title='bbox 1185 2689 1256 2744; x_wconf 84' lang='grc' dir='ltr'><strong>δι’</strong></span> <span class='ocrx_word' id='word_1_272' title='bbox 1283 2682 1359 2744; x_wconf 81' lang='grc' dir='ltr'><strong>ὧν</strong></span> <span class='ocrx_word' id='word_1_273' title='bbox 1392 2689 1606 2745; x_wconf 80' lang='grc' dir='ltr'><strong>ποιοῦσι</strong></span> <span class='ocrx_word' id='word_1_274' title='bbox 1620 2690 1958 2763; x_wconf 76' lang='grc' dir='ltr'><strong>νομίζοντες.</strong></span> 
     </span>
    </p>
   </div>
   <div class='ocr_carea' id='block_1_43' title="bbox 376 2781 1957 2856">
    <p class='ocr_par' dir='ltr' id='par_1_43' title="bbox 376 2781 1957 2856">
     <span class='ocr_line' id='line_1_45' title="bbox 376 2781 1957 2856; baseline -0.001 -15"><span class='ocrx_word' id='word_1_275' title='bbox 376 2789 499 2842; x_wconf 83' lang='grc' dir='ltr'><strong>Ἵνα</strong></span> <span class='ocrx_word' id='word_1_276' title='bbox 515 2785 625 2856; x_wconf 63' lang='grc' dir='ltr'><strong>γάηρ</strong></span> <span class='ocrx_word' id='word_1_277' title='bbox 643 2785 714 2840; x_wconf 81' lang='grc' dir='ltr'><strong>τὰ</strong></span> <span class='ocrx_word' id='word_1_278' title='bbox 744 2783 882 2838; x_wconf 73' lang='grc' dir='ltr'><strong>ἄλλα</strong></span> <span class='ocrx_word' id='word_1_279' title='bbox 903 2783 1088 2856; x_wconf 84' lang='grc' dir='ltr'><strong>παρῶ,</strong></span> <span class='ocrx_word' id='word_1_280' title='bbox 1112 2783 1172 2837; x_wconf 78' lang='grc' dir='ltr'><strong>ἓν</strong></span> <span class='ocrx_word' id='word_1_281' title='bbox 1199 2783 1281 2846; x_wconf 88' lang='grc' dir='ltr'><strong>είς</strong></span> <span class='ocrx_word' id='word_1_282' title='bbox 1302 2782 1332 2837; x_wconf 84' lang='grc' dir='ltr'><strong>δ</strong></span> <span class='ocrx_word' id='word_1_283' title='bbox 1362 2782 1543 2838; x_wconf 81' lang='grc' dir='ltr'><strong>πάντα</strong></span> <span class='ocrx_word' id='word_1_284' title='bbox 1586 2783 1754 2839; x_wconf 83' lang='grc' dir='ltr'><strong>τείνει</strong></span> <span class='ocrx_word' id='word_1_285' title='bbox 1784 2781 1957 2850; x_wconf 68' lang='grc' dir='ltr'><strong>λέξω·</strong></span> 
     </span>
    </p>
   </div>
   <div class='ocr_carea' id='block_1_44' title="bbox 366 2873 1962 2949">
    <p class='ocr_par' dir='ltr' id='par_1_44' title="bbox 366 2873 1962 2949">
     <span class='ocr_line' id='line_1_46' title="bbox 366 2873 1962 2949; baseline -0.001 -18"><span class='ocrx_word' id='word_1_286' title='bbox 366 2877 572 2949; x_wconf 60' lang='grc' dir='ltr'><strong>ἐκείνῳ</strong></span> <span class='ocrx_word' id='word_1_287' title='bbox 612 2876 722 2948; x_wconf 78' lang='grc' dir='ltr'><strong>γὰρ</strong></span> <span class='ocrx_word' id='word_1_288' title='bbox 763 2875 875 2946; x_wconf 80' lang='grc'><strong>(15)</strong></span> <span class='ocrx_word' id='word_1_289' title='bbox 906 2874 986 2946; x_wconf 81' lang='grc' dir='ltr'><strong>τῷ</strong></span> <span class='ocrx_word' id='word_1_290' title='bbox 1007 2875 1289 2947; x_wconf 84' lang='grc' dir='ltr'><strong>χρήμασιν</strong></span> <span class='ocrx_word' id='word_1_291' title='bbox 1310 2873 1625 2943; x_wconf 84' lang='grc' dir='ltr'><strong>ὠνήσασθαι</strong></span> <span class='ocrx_word' id='word_1_292' title='bbox 1656 2874 1962 2947; x_wconf 59' lang='grc' dir='ltr'><strong>προσδοκίγ</strong></span> 
     </span>
    </p>
   </div>
   <div class='ocr_carea' id='block_1_45' title="bbox 366 2966 1963 3041">
    <p class='ocr_par' dir='ltr' id='par_1_45' title="bbox 366 2966 1963 3041">
     <span class='ocr_line' id='line_1_47' title="bbox 366 2966 1963 3041; baseline -0.003 -16"><span class='ocrx_word' id='word_1_293' title='bbox 366 2986 536 3025; x_wconf 80' lang='grc' dir='ltr'><strong>σαντι</strong></span> <span class='ocrx_word' id='word_1_294' title='bbox 560 2969 662 3041; x_wconf 81' lang='grc' dir='ltr'><strong>τὴν</strong></span> <span class='ocrx_word' id='word_1_295' title='bbox 686 2966 1057 3038; x_wconf 79' lang='grc' dir='ltr'><strong>ἀποστολικὴν</strong></span> <span class='ocrx_word' id='word_1_296' title='bbox 1081 2966 1261 3033; x_wconf 79' lang='grc' dir='ltr'><strong>ἀξίαν,</strong></span> <span class='ocrx_word' id='word_1_297' title='bbox 1286 2966 1706 3038; x_wconf 82' lang='grc' dir='ltr'><strong>ὲπιπληξάντων</strong></span> <span class='ocrx_word' id='word_1_298' title='bbox 1736 2968 1833 3023; x_wconf 75' lang='grc' dir='ltr'><strong>καὶ</strong></span> <span class='ocrx_word' id='word_1_299' title='bbox 1858 2985 1963 3039; x_wconf 88' lang='grc' dir='ltr'><strong>φη-</strong></span> 
     </span>
    </p>
   </div>
   <div class='ocr_carea' id='block_1_46' title="bbox 374 3057 1958 3131">
    <p class='ocr_par' dir='ltr' id='par_1_46' title="bbox 374 3057 1958 3131">
     <span class='ocr_line' id='line_1_48' title="bbox 374 3057 1958 3131; baseline -0.003 -12"><span class='ocrx_word' id='word_1_300' title='bbox 374 3063 618 3127; x_wconf 78' lang='grc' dir='ltr'><strong>σάντων,</strong></span> <span class='ocrx_word' id='word_1_301' title='bbox 648 3079 669 3113; x_wconf 76' lang='grc' dir='ltr'><strong>ι</strong></span> <span class='ocrx_word' id='word_1_302' title='bbox 693 3060 767 3114; x_wconf 85' lang='grc' dir='ltr'>Τὸ</span> <span class='ocrx_word' id='word_1_303' title='bbox 784 3058 1050 3131; x_wconf 85' lang='grc' dir='ltr'><strong>ἀργύριόν</strong></span> <span class='ocrx_word' id='word_1_304' title='bbox 1080 3075 1175 3112; x_wconf 94' lang='grc' dir='ltr'><strong>σου</strong></span> <span class='ocrx_word' id='word_1_305' title='bbox 1208 3059 1305 3114; x_wconf 79' lang='grc' dir='ltr'><strong>σὺν</strong></span> <span class='ocrx_word' id='word_1_306' title='bbox 1332 3059 1416 3112; x_wconf 76' lang='grc' dir='ltr'><strong>σοὶ</strong></span> <span class='ocrx_word' id='word_1_307' title='bbox 1434 3058 1522 3131; x_wconf 79' lang='grc' dir='ltr'><strong>εἴη</strong></span> <span class='ocrx_word' id='word_1_308' title='bbox 1545 3057 1627 3124; x_wconf 84' lang='grc' dir='ltr'><strong>είς</strong></span> <span class='ocrx_word' id='word_1_309' title='bbox 1659 3058 1958 3127; x_wconf 82' lang='grc' dir='ltr'><strong>ἀπώλειαν,</strong></span> 
     </span>
    </p>
   </div>
   <div class='ocr_carea' id='block_1_47' title="bbox 2060 1882 3646 1956">
    <p class='ocr_par' dir='ltr' id='par_1_47' title="bbox 2060 1882 3646 1956">
     <span class='ocr_line' id='line_1_49' title="bbox 2060 1882 3646 1956; baseline 0.003 -19"><span class='ocrx_word' id='word_1_310' title='bbox 2060 1883 2185 1938; x_wconf 89' lang='lat' dir='ltr'><strong>odio</strong></span> <span class='ocrx_word' id='word_1_311' title='bbox 2209 1882 2546 1953; x_wconf 81' lang='lat' dir='ltr'><strong>ﬂagrantem,</strong></span> <span class='ocrx_word' id='word_1_312' title='bbox 2572 1883 2828 1954; x_wconf 87' lang='lat' dir='ltr'><strong>repressi,</strong></span> <span class='ocrx_word' id='word_1_313' title='bbox 2852 1885 2945 1954; x_wconf 85' lang='lat' dir='ltr'><strong>qui</strong></span> <span class='ocrx_word' id='word_1_314' title='bbox 2973 1885 3184 1950; x_wconf 87' lang='lat' dir='ltr'><strong>eadem,</strong></span> <span class='ocrx_word' id='word_1_315' title='bbox 3216 1900 3335 1956; x_wconf 67' lang='lat' dir='ltr'><strong>quae</strong></span> <span class='ocrx_word' id='word_1_316' title='bbox 3367 1894 3423 1940; x_wconf 94' lang='lat' dir='ltr'><strong>tu</strong></span> <span class='ocrx_word' id='word_1_317' title='bbox 3454 1884 3646 1955; x_wconf 85' lang='lat' dir='ltr'><strong>loque-</strong></span> 
     </span>
    </p>
   </div>
   <div class='ocr_carea' id='block_1_48' title="bbox 2061 1974 3643 2048">
    <p class='ocr_par' dir='ltr' id='par_1_48' title="bbox 2061 1974 3643 2048">
     <span class='ocr_line' id='line_1_50' title="bbox 2061 1974 3643 2048; baseline 0.001 -19"><span class='ocrx_word' id='word_1_318' title='bbox 2061 1975 2242 2038; x_wconf 86' lang='lat' dir='ltr'><strong>batur,</strong></span> <span class='ocrx_word' id='word_1_319' title='bbox 2277 1985 2442 2045; x_wconf 89' lang='lat' dir='ltr'><strong>atque</strong></span> <span class='ocrx_word' id='word_1_320' title='bbox 2479 1976 2742 2031; x_wconf 82' lang='lat' dir='ltr'><strong>adversus</strong></span> <span class='ocrx_word' id='word_1_321' title='bbox 2798 1974 2931 2030; x_wconf 91' lang='lat' dir='ltr'><strong>illud</strong></span> <span class='ocrx_word' id='word_1_322' title='bbox 2960 1974 3320 2043; x_wconf 83' lang='lat' dir='ltr'><strong>declamabat,</strong></span> <span class='ocrx_word' id='word_1_323' title='bbox 3351 1976 3643 2048; x_wconf 85' lang='lat' dir='ltr'><strong>verbisque</strong></span> 
     </span>
    </p>
   </div>
   <div class='ocr_carea' id='block_1_49' title="bbox 2060 2065 3645 2139">
    <p class='ocr_par' dir='ltr' id='par_1_49' title="bbox 2060 2065 3645 2139">
     <span class='ocr_line' id='line_1_51' title="bbox 2060 2065 3645 2139; baseline 0.001 -19"><span class='ocrx_word' id='word_1_324' title='bbox 2060 2065 2374 2135; x_wconf 86' lang='lat' dir='ltr'><strong>hujusmodi</strong></span> <span class='ocrx_word' id='word_1_325' title='bbox 2439 2067 2752 2121; x_wconf 85' lang='lat' dir='ltr'><strong>utebatur:</strong></span> <span class='ocrx_word' id='word_1_326' title='bbox 2790 2066 3018 2136; x_wconf 88' lang='lat' dir='ltr'><strong>apostoli</strong></span> <span class='ocrx_word' id='word_1_327' title='bbox 3087 2067 3325 2139; x_wconf 89' lang='lat' dir='ltr'><strong>quidem,</strong></span> <span class='ocrx_word' id='word_1_328' title='bbox 3389 2078 3577 2139; x_wconf 89' lang='lat' dir='ltr'><strong>utpote</strong></span> <span class='ocrx_word' id='word_1_329' title='bbox 3611 2082 3645 2122; x_wconf 83' lang='lat' dir='ltr'><strong>a</strong></span> 
     </span>
    </p>
   </div>
   <div class='ocr_carea' id='block_1_50' title="bbox 2058 2157 3643 2230">
    <p class='ocr_par' dir='ltr' id='par_1_50' title="bbox 2058 2157 3643 2230">
     <span class='ocr_line' id='line_1_52' title="bbox 2058 2157 3643 2230; baseline 0.002 -17"><span class='ocrx_word' id='word_1_330' title='bbox 2058 2158 2246 2213; x_wconf 83' lang='lat' dir='ltr'><strong>divino</strong></span> <span class='ocrx_word' id='word_1_331' title='bbox 2291 2157 2496 2228; x_wconf 83' lang='lat' dir='ltr'><strong>Spiritu</strong></span> <span class='ocrx_word' id='word_1_332' title='bbox 2531 2158 2810 2229; x_wconf 87' lang='lat' dir='ltr'><strong>sapienter</strong></span> <span class='ocrx_word' id='word_1_333' title='bbox 2852 2160 3135 2226; x_wconf 88' lang='lat' dir='ltr'><strong>instructi,</strong></span> <span class='ocrx_word' id='word_1_334' title='bbox 3169 2159 3469 2217; x_wconf 88' lang='lat' dir='ltr'><strong>Ecclesiam</strong></span> <span class='ocrx_word' id='word_1_335' title='bbox 3500 2174 3643 2230; x_wconf 90' lang='lat' dir='ltr'><strong>quo-</strong></span> 
     </span>
    </p>
   </div>
   <div class='ocr_carea' id='block_1_51' title="bbox 2059 2250 3644 2320">
    <p class='ocr_par' dir='ltr' id='par_1_51' title="bbox 2059 2250 3644 2320">
     <span class='ocr_line' id='line_1_53' title="bbox 2059 2250 3644 2320; baseline 0.003 -17"><span class='ocrx_word' id='word_1_336' title='bbox 2059 2263 2166 2320; x_wconf 86' lang='lat' dir='ltr'><strong>que</strong></span> <span class='ocrx_word' id='word_1_337' title='bbox 2197 2259 2256 2304; x_wconf 90' lang='grc' dir='ltr'><strong>ιιι</strong></span> <span class='ocrx_word' id='word_1_338' title='bbox 2276 2251 2488 2305; x_wconf 87' lang='lat' dir='ltr'><strong>Domini</strong></span> <span class='ocrx_word' id='word_1_339' title='bbox 2518 2264 2771 2320; x_wconf 87' lang='lat' dir='ltr'><strong>sponsam</strong></span> <span class='ocrx_word' id='word_1_340' title='bbox 2798 2250 2873 2307; x_wconf 89' lang='lat' dir='ltr'><strong>ita</strong></span> <span class='ocrx_word' id='word_1_341' title='bbox 2893 2260 3257 2320; x_wconf 83' lang='lat' dir='ltr'><strong>exornarunt,</strong></span> <span class='ocrx_word' id='word_1_342' title='bbox 3282 2261 3341 2308; x_wconf 92' lang='lat' dir='ltr'><strong>ut</strong></span> <span class='ocrx_word' id='word_1_343' title='bbox 3372 2267 3473 2309; x_wconf 90' lang='lat' dir='ltr'><strong>nec</strong></span> <span class='ocrx_word' id='word_1_344' title='bbox 3507 2252 3644 2309; x_wconf 89' lang='lat' dir='ltr'><strong>mali</strong></span> 
     </span>
    </p>
   </div>
   <div class='ocr_carea' id='block_1_52' title="bbox 2060 2341 3640 2414">
    <p class='ocr_par' dir='ltr' id='par_1_52' title="bbox 2060 2341 3640 2414">
     <span class='ocr_line' id='line_1_54' title="bbox 2060 2341 3640 2414; baseline 0.003 -21"><span class='ocrx_word' id='word_1_345' title='bbox 2060 2341 2355 2411; x_wconf 86' lang='lat' dir='ltr'><strong>quidquam</strong></span> <span class='ocrx_word' id='word_1_346' title='bbox 2381 2341 2483 2412; x_wconf 89' lang='lat' dir='ltr'><strong>ipsi</strong></span> <span class='ocrx_word' id='word_1_347' title='bbox 2518 2341 2825 2398; x_wconf 83' lang='lat' dir='ltr'><strong>molestiam</strong></span> <span class='ocrx_word' id='word_1_348' title='bbox 2878 2343 3184 2410; x_wconf 81' lang='lat' dir='ltr'><strong>exhiberet,</strong></span> <span class='ocrx_word' id='word_1_349' title='bbox 3212 2359 3315 2400; x_wconf 90' lang='lat' dir='ltr'><strong>nec</strong></span> <span class='ocrx_word' id='word_1_350' title='bbox 3341 2344 3640 2414; x_wconf 82' lang='lat' dir='ltr'><strong>quidquam</strong></span> 
     </span>
    </p>
   </div>
   <div class='ocr_carea' id='block_1_53' title="bbox 2062 2430 3646 2507">
    <p class='ocr_par' dir='ltr' id='par_1_53' title="bbox 2062 2430 3646 2507">
     <span class='ocr_line' id='line_1_55' title="bbox 2062 2430 3646 2507; baseline 0.004 -22"><span class='ocrx_word' id='word_1_351' title='bbox 2062 2430 2253 2486; x_wconf 88' lang='lat' dir='ltr'><strong>melius</strong></span> <span class='ocrx_word' id='word_1_352' title='bbox 2284 2440 2449 2499; x_wconf 89' lang='lat' dir='ltr'><strong>esset,</strong></span> <span class='ocrx_word' id='word_1_353' title='bbox 2482 2434 2626 2502; x_wconf 87' lang='lat' dir='ltr'><strong>quod</strong></span> <span class='ocrx_word' id='word_1_354' title='bbox 2660 2433 2727 2488; x_wconf 88' lang='lat' dir='ltr'><strong>ad</strong></span> <span class='ocrx_word' id='word_1_355' title='bbox 2767 2433 2936 2502; x_wconf 87' lang='lat' dir='ltr'><strong>ipsius</strong></span> <span class='ocrx_word' id='word_1_356' title='bbox 2961 2444 3214 2490; x_wconf 90' lang='lat' dir='ltr'><strong>ornatum</strong></span> <span class='ocrx_word' id='word_1_357' title='bbox 3250 2435 3466 2507; x_wconf 75' lang='lat' dir='ltr'><strong>adjungi</strong></span> <span class='ocrx_word' id='word_1_358' title='bbox 3515 2449 3646 2505; x_wconf 87' lang='lat' dir='ltr'><strong>pos-</strong></span> 
     </span>
    </p>
   </div>
   <div class='ocr_carea' id='block_1_54' title="bbox 2068 2518 3648 2595">
    <p class='ocr_par' dir='ltr' id='par_1_54' title="bbox 2068 2518 3648 2595">
     <span class='ocr_line' id='line_1_56' title="bbox 2068 2518 3648 2595; baseline 0.005 -23"><span class='ocrx_word' id='word_1_359' title='bbox 2068 2528 2171 2573; x_wconf 91' lang='lat' dir='ltr'><strong>set.</strong></span> <span class='ocrx_word' id='word_1_360' title='bbox 2214 2518 2286 2573; x_wconf 84' lang='lat' dir='ltr'><strong>At</strong></span> <span class='ocrx_word' id='word_1_361' title='bbox 2314 2519 2558 2575; x_wconf 90' lang='lat' dir='ltr'><strong>nonnulli</strong></span> <span class='ocrx_word' id='word_1_362' title='bbox 2582 2535 2655 2576; x_wconf 76' lang='lat' dir='ltr'><strong>ex</strong></span> <span class='ocrx_word' id='word_1_363' title='bbox 2703 2521 2812 2587; x_wconf 87' lang='lat' dir='ltr'><strong>bis,</strong></span> <span class='ocrx_word' id='word_1_364' title='bbox 2839 2522 3037 2594; x_wconf 89' lang='lat' dir='ltr'><strong>quibus</strong></span> <span class='ocrx_word' id='word_1_365' title='bbox 3064 2538 3210 2580; x_wconf 91' lang='lat' dir='ltr'><strong>nunc</strong></span> <span class='ocrx_word' id='word_1_366' title='bbox 3255 2524 3554 2595; x_wconf 74' lang='lat' dir='ltr'><strong>magisterii</strong></span> <span class='ocrx_word' id='word_1_367' title='bbox 3579 2538 3648 2580; x_wconf 88' lang='lat' dir='ltr'><strong>ac</strong></span> 
     </span>
    </p>
   </div>
   <div class='ocr_carea' id='block_1_55' title="bbox 2062 2610 3649 2687">
    <p class='ocr_par' dir='ltr' id='par_1_55' title="bbox 2062 2610 3649 2687">
     <span class='ocr_line' id='line_1_57' title="bbox 2062 2610 3649 2687; baseline 0.003 -21"><span class='ocrx_word' id='word_1_368' title='bbox 2062 2610 2330 2667; x_wconf 83' lang='lat' dir='ltr'><strong>doctrinae</strong></span> <span class='ocrx_word' id='word_1_369' title='bbox 2390 2611 2620 2669; x_wconf 84' lang='lat' dir='ltr'><strong>thronus</strong></span> <span class='ocrx_word' id='word_1_370' title='bbox 2662 2613 2810 2670; x_wconf 85' lang='lat' dir='ltr'><strong>haud</strong></span> <span class='ocrx_word' id='word_1_371' title='bbox 2845 2614 2961 2670; x_wconf 87' lang='lat' dir='ltr'><strong>scio</strong></span> <span class='ocrx_word' id='word_1_372' title='bbox 3009 2629 3248 2685; x_wconf 88' lang='lat' dir='ltr'><strong>quonam</strong></span> <span class='ocrx_word' id='word_1_373' title='bbox 3280 2626 3441 2687; x_wconf 89' lang='lat' dir='ltr'><strong>pacto</strong></span> <span class='ocrx_word' id='word_1_374' title='bbox 3496 2629 3649 2672; x_wconf 88' lang='lat' dir='ltr'><strong>com-</strong></span> 
     </span>
    </p>
   </div>
   <div class='ocr_carea' id='block_1_56' title="bbox 2062 2702 3647 2778">
    <p class='ocr_par' dir='ltr' id='par_1_56' title="bbox 2062 2702 3647 2778">
     <span class='ocr_line' id='line_1_58' title="bbox 2062 2702 3647 2778; baseline 0.004 -22"><span class='ocrx_word' id='word_1_375' title='bbox 2062 2702 2265 2758; x_wconf 86' lang='lat' dir='ltr'><strong>missus</strong></span> <span class='ocrx_word' id='word_1_376' title='bbox 2297 2710 2402 2769; x_wconf 91' lang='lat' dir='ltr'><strong>est,</strong></span> <span class='ocrx_word' id='word_1_377' title='bbox 2430 2717 2520 2759; x_wconf 88' lang='lat' dir='ltr'><strong>res</strong></span> <span class='ocrx_word' id='word_1_378' title='bbox 2562 2718 2733 2760; x_wconf 82' lang='lat' dir='ltr'><strong>novas</strong></span> <span class='ocrx_word' id='word_1_379' title='bbox 2781 2704 2961 2761; x_wconf 90' lang='lat' dir='ltr'><strong>moliri</strong></span> <span class='ocrx_word' id='word_1_380' title='bbox 3005 2706 3229 2773; x_wconf 81' lang='lat' dir='ltr'><strong>audent,</strong></span> <span class='ocrx_word' id='word_1_381' title='bbox 3264 2721 3328 2762; x_wconf 89' lang='lat' dir='ltr'><strong>ac</strong></span> <span class='ocrx_word' id='word_1_382' title='bbox 3349 2707 3520 2778; x_wconf 77' lang='lat' dir='ltr'><strong>legem</strong></span> <span class='ocrx_word' id='word_1_383' title='bbox 3545 2708 3647 2763; x_wconf 84' lang='lat' dir='ltr'><strong>ho-</strong></span> 
     </span>
    </p>
   </div>
   <div class='ocr_carea' id='block_1_57' title="bbox 2063 2793 3644 2868">
    <p class='ocr_par' dir='ltr' id='par_1_57' title="bbox 2063 2793 3644 2868">
     <span class='ocr_line' id='line_1_59' title="bbox 2063 2793 3644 2868; baseline 0.004 -21"><span class='ocrx_word' id='word_1_384' title='bbox 2063 2803 2218 2849; x_wconf 88' lang='lat' dir='ltr'><strong>neste</strong></span> <span class='ocrx_word' id='word_1_385' title='bbox 2240 2793 2437 2865; x_wconf 90' lang='lat' dir='ltr'><strong>pieque</strong></span> <span class='ocrx_word' id='word_1_386' title='bbox 2461 2794 2531 2850; x_wconf 86' lang='lat' dir='ltr'><strong>ab</strong></span> <span class='ocrx_word' id='word_1_387' title='bbox 2562 2794 2672 2852; x_wconf 88' lang='lat' dir='ltr'><strong>illis</strong></span> <span class='ocrx_word' id='word_1_388' title='bbox 2706 2793 2988 2852; x_wconf 81' lang='lat' dir='ltr'><strong>fundatam</strong></span> <span class='ocrx_word' id='word_1_389' title='bbox 3014 2812 3112 2868; x_wconf 91' lang='lat' dir='ltr'><strong>pro</strong></span> <span class='ocrx_word' id='word_1_390' title='bbox 3152 2797 3322 2854; x_wconf 89' lang='lat' dir='ltr'><strong>nihilo</strong></span> <span class='ocrx_word' id='word_1_391' title='bbox 3360 2798 3644 2866; x_wconf 87' lang='lat' dir='ltr'><strong>ducentes,</strong></span> 
     </span>
    </p>
   </div>
   <div class='ocr_carea' id='block_1_58' title="bbox 2063 2885 3646 2961">
    <p class='ocr_par' dir='ltr' id='par_1_58' title="bbox 2063 2885 3646 2961">
     <span class='ocr_line' id='line_1_60' title="bbox 2063 2885 3646 2961; baseline 0.003 -20"><span class='ocrx_word' id='word_1_392' title='bbox 2063 2899 2161 2942; x_wconf 80' lang='lat' dir='ltr'><strong>sua</strong></span> <span class='ocrx_word' id='word_1_393' title='bbox 2204 2885 2514 2957; x_wconf 80' lang='lat' dir='ltr'><strong>proferunt,</strong></span> <span class='ocrx_word' id='word_1_394' title='bbox 2570 2895 2810 2944; x_wconf 84' lang='lat' dir='ltr'><strong>veterem</strong></span> <span class='ocrx_word' id='word_1_395' title='bbox 2865 2888 3079 2945; x_wconf 80' lang='lat' dir='ltr'><strong>scilicet</strong></span> <span class='ocrx_word' id='word_1_396' title='bbox 3129 2898 3403 2956; x_wconf 87' lang='lat' dir='ltr'><strong>ornatum,</strong></span> <span class='ocrx_word' id='word_1_397' title='bbox 3433 2904 3531 2961; x_wconf 90' lang='lat' dir='ltr'><strong>per</strong></span> <span class='ocrx_word' id='word_1_398' title='bbox 3578 2905 3646 2945; x_wconf 88' lang='lat' dir='ltr'><strong>ea</strong></span> 
     </span>
    </p>
   </div>
   <div class='ocr_carea' id='block_1_59' title="bbox 2062 2977 3651 3053">
    <p class='ocr_par' dir='ltr' id='par_1_59' title="bbox 2062 2977 3651 3053">
     <span class='ocr_line' id='line_1_61' title="bbox 2062 2977 3651 3053; baseline 0.004 -22"><span class='ocrx_word' id='word_1_399' title='bbox 2062 2991 2184 3049; x_wconf 76' lang='lat' dir='ltr'><strong>quae</strong></span> <span class='ocrx_word' id='word_1_400' title='bbox 2234 2985 2420 3048; x_wconf 82' lang='lat' dir='ltr'><strong>agunt,</strong></span> <span class='ocrx_word' id='word_1_401' title='bbox 2474 2977 2719 3034; x_wconf 87' lang='lat' dir='ltr'><strong>viliorem</strong></span> <span class='ocrx_word' id='word_1_402' title='bbox 2794 2988 2959 3050; x_wconf 85' lang='lat' dir='ltr'><strong>atque</strong></span> <span class='ocrx_word' id='word_1_403' title='bbox 3009 2982 3465 3053; x_wconf 90' lang='lat' dir='ltr'><strong>contemptiorem</strong></span> <span class='ocrx_word' id='word_1_404' title='bbox 3527 2996 3651 3038; x_wconf 86' lang='lat' dir='ltr'><strong>esse</strong></span> 
     </span>
    </p>
   </div>
   <div class='ocr_carea' id='block_1_60' title="bbox 2061 3061 3648 3145">
    <p class='ocr_par' dir='ltr' id='par_1_60' title="bbox 2061 3061 3648 3145">
     <span class='ocr_line' id='line_1_62' title="bbox 2061 3061 3648 3145; baseline 0.003 -20"><span class='ocrx_word' id='word_1_405' title='bbox 2061 3068 2387 3139; x_wconf 77' lang='lat' dir='ltr'><strong>iudicantes.</strong></span> <span class='ocrx_word' id='word_1_406' title='bbox 2428 3069 2497 3125; x_wconf 91' lang='lat' dir='ltr'><strong>Et</strong></span> <span class='ocrx_word' id='word_1_407' title='bbox 2563 3079 2623 3126; x_wconf 91' lang='lat' dir='ltr'><strong>ut</strong></span> <span class='ocrx_word' id='word_1_408' title='bbox 2674 3072 2779 3128; x_wconf 89' lang='lat' dir='ltr'><strong>alia</strong></span> <span class='ocrx_word' id='word_1_409' title='bbox 2838 3074 3086 3145; x_wconf 82' lang='lat' dir='ltr'><strong>exempla</strong></span> <span class='ocrx_word' id='word_1_410' title='bbox 3142 3076 3415 3141; x_wconf 79' lang='lat' dir='ltr'><strong>omittam.</strong></span> <span class='ocrx_word' id='word_1_411' title='bbox 3480 3061 3648 3131; x_wconf 87' lang='lat' dir='ltr'><strong>unum</strong></span> 
     </span>
    </p>
   </div>
   <div class='ocr_carea' id='block_1_61' title="bbox 370 3145 1980 3233">
    <p class='ocr_par' dir='ltr' id='par_1_61' title="bbox 370 3146 1962 3224">
     <span class='ocr_line' id='line_1_63' title="bbox 370 3146 1962 3224; baseline -0.006 -15"><span class='ocrx_word' id='word_1_412' title='bbox 370 3155 460 3209; x_wconf 77' lang='grc' dir='ltr'><strong>ὅτι</strong></span> <span class='ocrx_word' id='word_1_413' title='bbox 504 3153 606 3224; x_wconf 84' lang='grc' dir='ltr'><strong>τὴν</strong></span> <span class='ocrx_word' id='word_1_414' title='bbox 643 3149 856 3221; x_wconf 84' lang='grc' dir='ltr'><strong>δωρεὰν</strong></span> <span class='ocrx_word' id='word_1_415' title='bbox 893 3148 991 3203; x_wconf 79' lang='grc' dir='ltr'><strong>τοῦ</strong></span> <span class='ocrx_word' id='word_1_416' title='bbox 1032 3147 1169 3202; x_wconf 88' lang='grc' dir='ltr'><strong>Θεοῦ</strong></span> <span class='ocrx_word' id='word_1_417' title='bbox 1203 3146 1465 3219; x_wconf 73' lang='grc' dir='ltr'><strong>ἐνόμισας</strong></span> <span class='ocrx_word' id='word_1_418' title='bbox 1514 3147 1603 3202; x_wconf 80' lang='grc' dir='ltr'><strong>διὰ</strong></span> <span class='ocrx_word' id='word_1_419' title='bbox 1661 3147 1962 3219; x_wconf 86' lang='grc' dir='ltr'><strong>χρημάτων</strong></span> 
     </span>
    </p>
   </div>
   <div class='ocr_carea' id='block_1_62' title="bbox 2064 3145 3647 3233">
    <p class='ocr_par' dir='ltr' id='par_1_62' title="bbox 2066 3160 3647 3233">
     <span class='ocr_line' id='line_1_64' title="bbox 2066 3160 3647 3233; baseline 0 -16"><span class='ocrx_word' id='word_1_420' title='bbox 2066 3160 2508 3217; x_wconf 86' lang='lat' dir='ltr'><strong>commemorabo</strong></span> <span class='ocrx_word' id='word_1_421' title='bbox 2568 3161 2712 3232; x_wconf 90' lang='lat' dir='ltr'><strong>quod</strong></span> <span class='ocrx_word' id='word_1_422' title='bbox 2773 3164 2958 3218; x_wconf 89' lang='lat' dir='ltr'><strong>omnia</strong></span> <span class='ocrx_word' id='word_1_423' title='bbox 3033 3164 3464 3233; x_wconf 88' lang='lat' dir='ltr'><strong>comprehendit.</strong></span> <span class='ocrx_word' id='word_1_424' title='bbox 3511 3162 3647 3218; x_wconf 84' lang='lat' dir='ltr'><strong>Num</strong></span> 
     </span>
    </p>
   </div>
   <div class='ocr_carea' id='block_1_63' title="bbox 374 3238 1961 3312">
    <p class='ocr_par' dir='ltr' id='par_1_63' title="bbox 374 3238 1961 3312">
     <span class='ocr_line' id='line_1_65' title="bbox 374 3238 1961 3312; baseline -0.005 -12"><span class='ocrx_word' id='word_1_425' title='bbox 374 3242 635 3310; x_wconf 67' lang='lat' dir='ltr'><strong>assideat,</strong></span> <span class='ocrx_word' id='word_1_426' title='bbox 664 3242 768 3295; x_wconf 83' lang='grc' dir='ltr'><strong>οὐκ</strong></span> <span class='ocrx_word' id='word_1_427' title='bbox 797 3239 917 3295; x_wconf 75' lang='grc' dir='ltr'><strong>ἐστι</strong></span> <span class='ocrx_word' id='word_1_428' title='bbox 944 3256 1026 3294; x_wconf 87' lang='grc' dir='ltr'><strong>σοι</strong></span> <span class='ocrx_word' id='word_1_429' title='bbox 1052 3238 1210 3311; x_wconf 76' lang='grc' dir='ltr'><strong>μερὶς</strong></span> <span class='ocrx_word' id='word_1_430' title='bbox 1241 3239 1367 3293; x_wconf 75' lang='grc' dir='ltr'><strong>οὔτε</strong></span> <span class='ocrx_word' id='word_1_431' title='bbox 1390 3240 1595 3312; x_wconf 83' lang='grc' dir='ltr'><strong>κλῆρος</strong></span> <span class='ocrx_word' id='word_1_432' title='bbox 1623 3240 1683 3293; x_wconf 84' lang='grc' dir='ltr'><strong>ὲν</strong></span> <span class='ocrx_word' id='word_1_433' title='bbox 1703 3240 1783 3310; x_wconf 81' lang='grc' dir='ltr'><strong>τῷ</strong></span> <span class='ocrx_word' id='word_1_434' title='bbox 1816 3239 1961 3310; x_wconf 82' lang='grc' dir='ltr'><strong>λόγῳ</strong></span> 
     </span>
    </p>
   </div>
   <div class='ocr_carea' id='block_1_64' title="bbox 372 3328 1963 3405">
    <p class='ocr_par' dir='ltr' id='par_1_64' title="bbox 372 3328 1963 3405">
     <span class='ocr_line' id='line_1_66' title="bbox 372 3328 1963 3405; baseline -0.004 -14"><span class='ocrx_word' id='word_1_435' title='bbox 372 3335 592 3405; x_wconf 83' lang='grc' dir='ltr'><strong>τούτῳ·</strong></span> <span class='ocrx_word' id='word_1_436' title='bbox 635 3352 652 3386; x_wconf 87' lang='grc' dir='ltr'><strong>ι</strong></span> <span class='ocrx_word' id='word_1_437' title='bbox 689 3328 837 3388; x_wconf 72' lang='grc' dir='ltr'><strong>οὗτοι</strong></span> <span class='ocrx_word' id='word_1_438' title='bbox 856 3330 1066 3394; x_wconf 78' lang='grc' dir='ltr'><strong>τούτοις</strong></span> <span class='ocrx_word' id='word_1_439' title='bbox 1098 3331 1334 3401; x_wconf 84' lang='grc' dir='ltr'><strong>μάλιστα</strong></span> <span class='ocrx_word' id='word_1_440' title='bbox 1370 3332 1485 3393; x_wconf 81' lang='grc' dir='ltr'><strong>τοῖς</strong></span> <span class='ocrx_word' id='word_1_441' title='bbox 1532 3329 1833 3402; x_wconf 79' lang='grc' dir='ltr'><strong>ίερωσύνην</strong></span> <span class='ocrx_word' id='word_1_442' title='bbox 1876 3331 1963 3384; x_wconf 77' lang='grc' dir='ltr'><strong>ὲν·</strong></span> 
     </span>
    </p>
   </div>
   <div class='ocr_carea' id='block_1_65' title="bbox 375 3421 1957 3498">
    <p class='ocr_par' dir='ltr' id='par_1_65' title="bbox 375 3421 1957 3498">
     <span class='ocr_line' id='line_1_67' title="bbox 375 3421 1957 3498; baseline -0.004 -15"><span class='ocrx_word' id='word_1_443' title='bbox 375 3427 681 3498; x_wconf 78' lang='grc' dir='ltr'><strong>εχείρισαν,</strong></span> <span class='ocrx_word' id='word_1_444' title='bbox 705 3426 822 3487; x_wconf 76' lang='grc' dir='ltr'><strong>τοῖς</strong></span> <span class='ocrx_word' id='word_1_445' title='bbox 840 3422 991 3476; x_wconf 86' lang='grc' dir='ltr'><strong>ῶσπε</strong></span> <span class='ocrx_word' id='word_1_446' title='bbox 999 3439 1031 3494; x_wconf 92' lang='grc' dir='ltr'><strong>ρ</strong></span> <span class='ocrx_word' id='word_1_447' title='bbox 1052 3421 1112 3489; x_wconf 74' lang='grc' dir='ltr'>ἐξ</span> <span class='ocrx_word' id='word_1_448' title='bbox 1136 3423 1343 3493; x_wconf 79' lang='grc' dir='ltr'><strong>ἀγορᾶς</strong></span> <span class='ocrx_word' id='word_1_449' title='bbox 1364 3422 1534 3493; x_wconf 81' lang='grc' dir='ltr'><strong>αὐτὴν</strong></span> <span class='ocrx_word' id='word_1_450' title='bbox 1555 3421 1957 3493; x_wconf 83' lang='grc' dir='ltr'><strong>ὠνησαμένοις.</strong></span> 
     </span>
    </p>
   </div>
   <div class='ocr_carea' id='block_1_66' title="bbox 377 3511 1961 3585">
    <p class='ocr_par' dir='ltr' id='par_1_66' title="bbox 377 3511 1961 3585">
     <span class='ocr_line' id='line_1_68' title="bbox 377 3511 1961 3585; baseline -0.006 -10"><span class='ocrx_word' id='word_1_451' title='bbox 377 3520 494 3575; x_wconf 68' lang='grc' dir='ltr'><strong>Καὶ</strong></span> <span class='ocrx_word' id='word_1_452' title='bbox 523 3518 583 3572; x_wconf 86' lang='grc' dir='ltr'><strong>οὐ</strong></span> <span class='ocrx_word' id='word_1_453' title='bbox 617 3515 777 3570; x_wconf 78' lang='grc' dir='ltr'><strong>τοῦτό</strong></span> <span class='ocrx_word' id='word_1_454' title='bbox 800 3532 887 3567; x_wconf 87' lang='grc' dir='ltr'><strong>πω</strong></span> <span class='ocrx_word' id='word_1_455' title='bbox 910 3512 1104 3579; x_wconf 85' lang='grc' dir='ltr'><strong>δεινὸν,</strong></span> <span class='ocrx_word' id='word_1_456' title='bbox 1131 3512 1335 3585; x_wconf 89' lang='grc' dir='ltr'><strong>καίπερ</strong></span> <span class='ocrx_word' id='word_1_457' title='bbox 1360 3512 1421 3566; x_wconf 81' lang='grc' dir='ltr'><strong>δν</strong></span> <span class='ocrx_word' id='word_1_458' title='bbox 1442 3513 1616 3566; x_wconf 85' lang='grc' dir='ltr'><strong>δεινόν</strong></span> <span class='ocrx_word' id='word_1_459' title='bbox 1634 3528 1649 3543; x_wconf 89' lang='grc'><strong>·</strong></span> <span class='ocrx_word' id='word_1_460' title='bbox 1682 3511 1823 3568; x_wconf 85' lang='grc' dir='ltr'><strong>ἀλλά</strong></span> <span class='ocrx_word' id='word_1_461' title='bbox 1863 3511 1961 3566; x_wconf 74' lang='grc' dir='ltr'><strong>καὶ</strong></span> 
     </span>
    </p>
   </div>
   <div class='ocr_carea' id='block_1_67' title="bbox 380 3605 1963 3683">
    <p class='ocr_par' dir='ltr' id='par_1_67' title="bbox 380 3605 1963 3683">
     <span class='ocr_line' id='line_1_69' title="bbox 380 3605 1963 3683; baseline -0.004 -18"><span class='ocrx_word' id='word_1_462' title='bbox 380 3610 570 3683; x_wconf 79' lang='grc' dir='ltr'><strong>μεῖζον</strong></span> <span class='ocrx_word' id='word_1_463' title='bbox 606 3606 901 3681; x_wconf 78' lang='grc' dir='ltr'><strong>φρονοῦσιν</strong></span> <span class='ocrx_word' id='word_1_464' title='bbox 924 3607 1020 3661; x_wconf 73' lang='grc' dir='ltr'><strong>ἐπὶ</strong></span> <span class='ocrx_word' id='word_1_465' title='bbox 1055 3605 1232 3677; x_wconf 82' lang='grc' dir='ltr'><strong>τούτῳ</strong></span> <span class='ocrx_word' id='word_1_466' title='bbox 1256 3605 1291 3677; x_wconf 84' lang='grc' dir='ltr'>ἢ</span> <span class='ocrx_word' id='word_1_467' title='bbox 1322 3607 1501 3677; x_wconf 71' lang='grc' dir='ltr'><strong>ἕτεροι</strong></span> <span class='ocrx_word' id='word_1_468' title='bbox 1535 3606 1629 3659; x_wconf 75' lang='grc' dir='ltr'><strong>ἐπὶ</strong></span> <span class='ocrx_word' id='word_1_469' title='bbox 1663 3605 1963 3675; x_wconf 77' lang='grc' dir='ltr'><strong>καλοκάγα-</strong></span> 
     </span>
    </p>
   </div>
   <div class='ocr_carea' id='block_1_68' title="bbox 380 3694 1962 3778">
    <p class='ocr_par' dir='ltr' id='par_1_68' title="bbox 380 3694 1962 3778">
     <span class='ocr_line' id='line_1_70' title="bbox 380 3694 1962 3778; baseline -0.005 -21"><span class='ocrx_word' id='word_1_470' title='bbox 380 3702 478 3774; x_wconf 76' lang='grc' dir='ltr'><strong>θίᾳ</strong></span> <span class='ocrx_word' id='word_1_471' title='bbox 497 3695 1008 3778; x_wconf 22' lang='grc' dir='ltr'><strong>καὶίάκτημοσύνῃ.</strong></span> <span class='ocrx_word' id='word_1_472' title='bbox 1041 3697 1155 3750; x_wconf 78' lang='grc' dir='ltr'><strong>Καὶ</strong></span> <span class='ocrx_word' id='word_1_473' title='bbox 1184 3697 1315 3751; x_wconf 78' lang='grc' dir='ltr'><strong>ὅταν</strong></span> <span class='ocrx_word' id='word_1_474' title='bbox 1344 3696 1443 3766; x_wconf 78' lang='grc' dir='ltr'><strong>μὲν</strong></span> <span class='ocrx_word' id='word_1_475' title='bbox 1463 3695 1658 3761; x_wconf 79' lang='grc' dir='ltr'><strong>δόξωσι</strong></span> <span class='ocrx_word' id='word_1_476' title='bbox 1690 3694 1844 3767; x_wconf 88' lang='grc' dir='ltr'><strong>παρά</strong></span> <span class='ocrx_word' id='word_1_477' title='bbox 1876 3712 1962 3750; x_wconf 86' lang='grc' dir='ltr'><strong>τι-</strong></span> 
     </span>
    </p>
   </div>
   <div class='ocr_carea' id='block_1_69' title="bbox 379 3786 1964 3861">
    <p class='ocr_par' dir='ltr' id='par_1_69' title="bbox 379 3786 1964 3861">
     <span class='ocr_line' id='line_1_71' title="bbox 379 3786 1964 3861; baseline -0.005 -13"><span class='ocrx_word' id='word_1_478' title='bbox 379 3809 491 3848; x_wconf 89' lang='grc' dir='ltr'><strong>νων</strong></span> <span class='ocrx_word' id='word_1_479' title='bbox 551 3788 951 3861; x_wconf 86' lang='grc' dir='ltr'><strong>λοιδορεῖσθαι,</strong></span> <span class='ocrx_word' id='word_1_480' title='bbox 1002 3786 1168 3851; x_wconf 80' lang='grc' dir='ltr'><strong>εὐθὺς</strong></span> <span class='ocrx_word' id='word_1_481' title='bbox 1217 3786 1279 3840; x_wconf 85' lang='grc' dir='ltr'><strong>τὸ</strong></span> <span class='ocrx_word' id='word_1_482' title='bbox 1329 3786 1684 3840; x_wconf 83' lang='grc' dir='ltr'><strong>ἀποστολικὸν</strong></span> <span class='ocrx_word' id='word_1_483' title='bbox 1743 3786 1964 3858; x_wconf 82' lang='grc' dir='ltr'><strong>ἀξίωμα</strong></span> 
     </span>
    </p>
   </div>
   <div class='ocr_carea' id='block_1_70' title="bbox 380 3875 1965 3952">
    <p class='ocr_par' dir='ltr' id='par_1_70' title="bbox 380 3875 1965 3952">
     <span class='ocr_line' id='line_1_72' title="bbox 380 3875 1965 3952; baseline -0.003 -17"><span class='ocrx_word' id='word_1_484' title='bbox 380 3880 761 3952; x_wconf 72' lang='grc' dir='ltr'><strong>προφέρουσιν</strong></span> <span class='ocrx_word' id='word_1_485' title='bbox 794 3877 877 3950; x_wconf 83' lang='grc' dir='ltr'><strong>(οὐ</strong></span> <span class='ocrx_word' id='word_1_486' title='bbox 904 3876 1013 3947; x_wconf 82' lang='grc' dir='ltr'><strong>γὰρ</strong></span> <span class='ocrx_word' id='word_1_487' title='bbox 1036 3877 1204 3947; x_wconf 77' lang='grc' dir='ltr'><strong>ἡμᾶς,</strong></span> <span class='ocrx_word' id='word_1_488' title='bbox 1236 3876 1421 3945; x_wconf 76' lang='grc' dir='ltr'><strong>φασὶν,</strong></span> <span class='ocrx_word' id='word_1_489' title='bbox 1448 3875 1587 3930; x_wconf 88' lang='grc' dir='ltr'><strong>ἀλλά</strong></span> <span class='ocrx_word' id='word_1_490' title='bbox 1616 3876 1714 3950; x_wconf 80' lang='grc' dir='ltr'><strong>τὴν</strong></span> <span class='ocrx_word' id='word_1_491' title='bbox 1745 3878 1965 3931; x_wconf 77' lang='grc' dir='ltr'><strong>ἐπισκο-</strong></span> 
     </span>
    </p>
   </div>
   <div class='ocr_carea' id='block_1_71' title="bbox 375 3964 1963 4041">
    <p class='ocr_par' dir='ltr' id='par_1_71' title="bbox 375 3964 1963 4041">
     <span class='ocr_line' id='line_1_73' title="bbox 375 3964 1963 4041; baseline -0.001 -20"><span class='ocrx_word' id='word_1_492' title='bbox 375 3969 491 4041; x_wconf 80' lang='grc' dir='ltr'><strong>πὴν</strong></span> <span class='ocrx_word' id='word_1_493' title='bbox 521 3964 773 4040; x_wconf 76' lang='grc' dir='ltr'><strong>ὕϐρισαν)</strong></span> <span class='ocrx_word' id='word_1_494' title='bbox 804 3981 819 3996; x_wconf 87' lang='grc'><strong>·</strong></span> <span class='ocrx_word' id='word_1_495' title='bbox 853 3966 981 4020; x_wconf 84' lang='grc' dir='ltr'><strong>ὅταν</strong></span> <span class='ocrx_word' id='word_1_496' title='bbox 1018 3965 1076 4019; x_wconf 88' lang='grc' dir='ltr'><strong>δὲ</strong></span> <span class='ocrx_word' id='word_1_497' title='bbox 1101 3965 1198 4038; x_wconf 82' lang='grc' dir='ltr'><strong>δέῃ</strong></span> <span class='ocrx_word' id='word_1_498' title='bbox 1234 3982 1288 4018; x_wconf 89' lang='grc' dir='ltr'><strong>τι</strong></span> <span class='ocrx_word' id='word_1_499' title='bbox 1331 3964 1538 4035; x_wconf 79' lang='grc' dir='ltr'><strong>πρᾶξαι</strong></span> <span class='ocrx_word' id='word_1_500' title='bbox 1564 3965 1674 4021; x_wconf 86' lang='grc' dir='ltr'><strong>τῶν</strong></span> <span class='ocrx_word' id='word_1_501' title='bbox 1711 3966 1963 4034; x_wconf 86' lang='grc' dir='ltr'><strong>δεόντων,</strong></span> 
     </span>
    </p>
   </div>
   <div class='ocr_carea' id='block_1_72' title="bbox 375 4057 1962 4132">
    <p class='ocr_par' dir='ltr' id='par_1_72' title="bbox 375 4057 1962 4132">
     <span class='ocr_line' id='line_1_74' title="bbox 375 4057 1962 4132; baseline -0.001 -15"><span class='ocrx_word' id='word_1_502' title='bbox 375 4063 483 4119; x_wconf 80' lang='grc' dir='ltr'><strong>οὐκ</strong></span> <span class='ocrx_word' id='word_1_503' title='bbox 512 4061 593 4116; x_wconf 74' lang='grc' dir='ltr'><strong>ἐτι</strong></span> <span class='ocrx_word' id='word_1_504' title='bbox 619 4058 778 4115; x_wconf 78' lang='grc' dir='ltr'><strong>τοῦτο</strong></span> <span class='ocrx_word' id='word_1_505' title='bbox 811 4058 1200 4132; x_wconf 82' lang='grc' dir='ltr'><strong>προφέρουσιν,</strong></span> <span class='ocrx_word' id='word_1_506' title='bbox 1226 4058 1301 4122; x_wconf 82' lang='grc' dir='ltr'><strong>ὡς</strong></span> <span class='ocrx_word' id='word_1_507' title='bbox 1326 4057 1446 4123; x_wconf 74' lang='grc' dir='ltr'><strong>ἐξὸν</strong></span> <span class='ocrx_word' id='word_1_508' title='bbox 1478 4058 1666 4122; x_wconf 82' lang='grc' dir='ltr'><strong>αὐτοῖς</strong></span> <span class='ocrx_word' id='word_1_509' title='bbox 1698 4062 1962 4130; x_wconf 80' lang='grc' dir='ltr'><strong>τιμᾶσθαι</strong></span> 
     </span>
    </p>
   </div>
   <div class='ocr_carea' id='block_1_73' title="bbox 380 4148 1960 4227">
    <p class='ocr_par' dir='ltr' id='par_1_73' title="bbox 380 4148 1960 4227">
     <span class='ocr_line' id='line_1_75' title="bbox 380 4148 1960 4227; baseline 0.001 -20"><span class='ocrx_word' id='word_1_510' title='bbox 380 4154 484 4227; x_wconf 80' lang='grc' dir='ltr'><strong>μὲν</strong></span> <span class='ocrx_word' id='word_1_511' title='bbox 518 4154 593 4220; x_wconf 85' lang='grc' dir='ltr'><strong>ὡς</strong></span> <span class='ocrx_word' id='word_1_512' title='bbox 624 4152 977 4216; x_wconf 85' lang='grc' dir='ltr'><strong>ἀποστόλους,</strong></span> <span class='ocrx_word' id='word_1_513' title='bbox 1008 4150 1084 4221; x_wconf 77' lang='grc' dir='ltr'><strong>μὴ</strong></span> <span class='ocrx_word' id='word_1_514' title='bbox 1121 4148 1382 4221; x_wconf 81' lang='grc' dir='ltr'><strong>πράττειν</strong></span> <span class='ocrx_word' id='word_1_515' title='bbox 1410 4148 1466 4203; x_wconf 85' lang='grc' dir='ltr'><strong>δὲ</strong></span> <span class='ocrx_word' id='word_1_516' title='bbox 1492 4149 1570 4213; x_wconf 87' lang='grc' dir='ltr'><strong>ὼς</strong></span> <span class='ocrx_word' id='word_1_517' title='bbox 1604 4152 1960 4218; x_wconf 83' lang='grc' dir='ltr'><strong>ἀποστόλους.</strong></span> 
     </span>
    </p>
   </div>
   <div class='ocr_carea' id='block_1_74' title="bbox 381 4240 1964 4316">
    <p class='ocr_par' dir='ltr' id='par_1_74' title="bbox 381 4240 1964 4316">
     <span class='ocr_line' id='line_1_76' title="bbox 381 4240 1964 4316; baseline -0.008 -16"><span class='ocrx_word' id='word_1_518' title='bbox 381 4246 599 4316; x_wconf 80' lang='grc' dir='ltr'><strong>Ὥσπερ</strong></span> <span class='ocrx_word' id='word_1_519' title='bbox 622 4244 804 4298; x_wconf 89' lang='grc' dir='ltr'><strong>τοίνυν</strong></span> <span class='ocrx_word' id='word_1_520' title='bbox 824 4244 1033 4304; x_wconf 71' lang='grc' dir='ltr'><strong>ἐκεῖνος</strong></span> <span class='ocrx_word' id='word_1_521' title='bbox 1064 4240 1308 4304; x_wconf 79' lang='grc' dir='ltr'><strong>πεισθεὶς</strong></span> <span class='ocrx_word' id='word_1_522' title='bbox 1340 4243 1407 4311; x_wconf 81' lang='grc' dir='ltr'><strong>τῇ</strong></span> <span class='ocrx_word' id='word_1_523' title='bbox 1425 4240 1672 4313; x_wconf 74' lang='grc' dir='ltr'><strong>ἡμετέρα</strong></span> <span class='ocrx_word' id='word_1_524' title='bbox 1701 4243 1964 4313; x_wconf 79' lang='grc' dir='ltr'><strong>παραινέ.</strong></span> 
     </span>
    </p>
   </div>
   <div class='ocr_carea' id='block_1_75' title="bbox 381 4330 1965 4401">
    <p class='ocr_par' dir='ltr' id='par_1_75' title="bbox 381 4330 1965 4401">
     <span class='ocr_line' id='line_1_77' title="bbox 381 4330 1965 4401; baseline 0 -11"><span class='ocrx_word' id='word_1_525' title='bbox 381 4352 491 4401; x_wconf 85' lang='grc' dir='ltr'><strong>σει,</strong></span> <span class='ocrx_word' id='word_1_526' title='bbox 528 4337 625 4391; x_wconf 74' lang='grc' dir='ltr'><strong>καὶ</strong></span> <span class='ocrx_word' id='word_1_527' title='bbox 669 4334 912 4398; x_wconf 82' lang='grc' dir='ltr'><strong>ἀκούσας</strong></span> <span class='ocrx_word' id='word_1_528' title='bbox 944 4334 1028 4387; x_wconf 83' lang='grc' dir='ltr'><strong>ὅτι</strong></span> <span class='ocrx_word' id='word_1_529' title='bbox 1057 4330 1407 4388; x_wconf 84' lang='grc' dir='ltr'><strong>ἀτοπώτατόν</strong></span> <span class='ocrx_word' id='word_1_530' title='bbox 1462 4334 1579 4388; x_wconf 76' lang='grc' dir='ltr'><strong>ἐστι</strong></span> <span class='ocrx_word' id='word_1_531' title='bbox 1635 4334 1706 4389; x_wconf 82' lang='grc' dir='ltr'><strong>τὰ</strong></span> <span class='ocrx_word' id='word_1_532' title='bbox 1753 4334 1965 4392; x_wconf 80' lang='grc' dir='ltr'><strong>ἑαυτῶν</strong></span> 
     </span>
    </p>
   </div>
   <div class='ocr_carea' id='block_1_76' title="bbox 378 4422 1962 4498">
    <p class='ocr_par' dir='ltr' id='par_1_76' title="bbox 378 4422 1962 4498">
     <span class='ocr_line' id='line_1_78' title="bbox 378 4422 1962 4498; baseline 0 -17"><span class='ocrx_word' id='word_1_533' title='bbox 378 4425 662 4498; x_wconf 82' lang='grc' dir='ltr'><strong>παρέντας</strong></span> <span class='ocrx_word' id='word_1_534' title='bbox 712 4425 879 4493; x_wconf 80' lang='grc' dir='ltr'><strong>κακὰ,</strong></span> <span class='ocrx_word' id='word_1_535' title='bbox 948 4424 1018 4479; x_wconf 82' lang='grc' dir='ltr'><strong>τὰ</strong></span> <span class='ocrx_word' id='word_1_536' title='bbox 1078 4423 1188 4479; x_wconf 87' lang='grc' dir='ltr'><strong>τῶν</strong></span> <span class='ocrx_word' id='word_1_537' title='bbox 1250 4422 1425 4478; x_wconf 83' lang='grc' dir='ltr'><strong>ἀλλων</strong></span> <span class='ocrx_word' id='word_1_538' title='bbox 1480 4425 1962 4498; x_wconf 77' lang='grc' dir='ltr'><strong>περιεργάζεσθαι,</strong></span> 
     </span>
    </p>
   </div>
   <div class='ocr_carea' id='block_1_77' title="bbox 2068 3253 3650 3326">
    <p class='ocr_par' dir='ltr' id='par_1_77' title="bbox 2068 3253 3650 3326">
     <span class='ocr_line' id='line_1_79' title="bbox 2068 3253 3650 3326; baseline 0.001 -18"><span class='ocrx_word' id='word_1_539' title='bbox 2068 3266 2193 3308; x_wconf 91' lang='lat' dir='ltr'><strong>cum</strong></span> <span class='ocrx_word' id='word_1_540' title='bbox 2223 3253 2313 3309; x_wconf 89' lang='lat' dir='ltr'><strong>ille</strong></span> <span class='ocrx_word' id='word_1_541' title='bbox 2355 3255 2447 3323; x_wconf 87' lang='lat' dir='ltr'><strong>qui</strong></span> <span class='ocrx_word' id='word_1_542' title='bbox 2502 3253 2858 3324; x_wconf 86' lang='lat' dir='ltr'><strong>apostolicam</strong></span> <span class='ocrx_word' id='word_1_543' title='bbox 2908 3256 3230 3326; x_wconf 80' lang='lat' dir='ltr'><strong>dignitatem</strong></span> <span class='ocrx_word' id='word_1_544' title='bbox 3283 3257 3510 3326; x_wconf 84' lang='lat' dir='ltr'><strong>pecunia</strong></span> <span class='ocrx_word' id='word_1_545' title='bbox 3535 3270 3650 3312; x_wconf 88' lang='lat' dir='ltr'><strong>em-</strong></span> 
     </span>
    </p>
   </div>
   <div class='ocr_carea' id='block_1_78' title="bbox 2065 3347 3646 3418">
    <p class='ocr_par' dir='ltr' id='par_1_78' title="bbox 2065 3347 3646 3418">
     <span class='ocr_line' id='line_1_80' title="bbox 2065 3347 3646 3418; baseline 0.003 -17"><span class='ocrx_word' id='word_1_546' title='bbox 2065 3352 2284 3416; x_wconf 90' lang='lat' dir='ltr'><strong>pturum</strong></span> <span class='ocrx_word' id='word_1_547' title='bbox 2314 3359 2376 3401; x_wconf 87' lang='lat' dir='ltr'><strong>se</strong></span> <span class='ocrx_word' id='word_1_548' title='bbox 2413 3355 2756 3418; x_wconf 81' lang='lat' dir='ltr'><strong>speraverat,</strong></span> <span class='ocrx_word' id='word_1_549' title='bbox 2807 3347 3127 3418; x_wconf 76' lang='lat' dir='ltr'><strong>obiurgatus</strong></span> <span class='ocrx_word' id='word_1_550' title='bbox 3162 3349 3324 3404; x_wconf 82' lang='lat' dir='ltr'><strong>fuerit</strong></span> <span class='ocrx_word' id='word_1_551' title='bbox 3358 3363 3423 3404; x_wconf 91' lang='lat' dir='ltr'><strong>ac</strong></span> <span class='ocrx_word' id='word_1_552' title='bbox 3454 3349 3646 3405; x_wconf 84' lang='lat' dir='ltr'><strong>audie-</strong></span> 
     </span>
    </p>
   </div>
   <div class='ocr_carea' id='block_1_79' title="bbox 2068 3436 3650 3511">
    <p class='ocr_par' dir='ltr' id='par_1_79' title="bbox 2068 3436 3650 3511">
     <span class='ocr_line' id='line_1_81' title="bbox 2068 3436 3650 3511; baseline 0.002 -18"><span class='ocrx_word' id='word_1_553' title='bbox 2068 3439 2162 3504; x_wconf 90' lang='lat' dir='ltr'><strong>rit,</strong></span> <span class='ocrx_word' id='word_1_554' title='bbox 2201 3458 2220 3492; x_wconf 80' lang='grc' dir='ltr'><strong>ι</strong></span> <span class='ocrx_word' id='word_1_555' title='bbox 2259 3436 2493 3493; x_wconf 84' lang='lat' dir='ltr'><strong>Pecunia</strong></span> <span class='ocrx_word' id='word_1_556' title='bbox 2525 3448 2616 3493; x_wconf 89' lang='lat' dir='ltr'><strong>tua</strong></span> <span class='ocrx_word' id='word_1_557' title='bbox 2641 3447 2823 3496; x_wconf 88' lang='lat' dir='ltr'><strong>tecum</strong></span> <span class='ocrx_word' id='word_1_558' title='bbox 2878 3440 2951 3495; x_wconf 90' lang='lat' dir='ltr'><strong>sit</strong></span> <span class='ocrx_word' id='word_1_559' title='bbox 3004 3439 3059 3496; x_wconf 88' lang='lat' dir='ltr'><strong>in</strong></span> <span class='ocrx_word' id='word_1_560' title='bbox 3093 3441 3474 3511; x_wconf 90' lang='lat' dir='ltr'><strong>perditionem,</strong></span> <span class='ocrx_word' id='word_1_561' title='bbox 3510 3456 3650 3511; x_wconf 85' lang='lat' dir='ltr'><strong>quo-</strong></span> 
     </span>
    </p>
   </div>
   <div class='ocr_carea' id='block_1_80' title="bbox 2068 3528 3644 3604">
    <p class='ocr_par' dir='ltr' id='par_1_80' title="bbox 2068 3528 3644 3604">
     <span class='ocr_line' id='line_1_82' title="bbox 2068 3528 3644 3604; baseline 0.002 -21"><span class='ocrx_word' id='word_1_562' title='bbox 2068 3528 2215 3584; x_wconf 90' lang='lat' dir='ltr'><strong>niam</strong></span> <span class='ocrx_word' id='word_1_563' title='bbox 2273 3529 2471 3584; x_wconf 89' lang='lat' dir='ltr'><strong>donum</strong></span> <span class='ocrx_word' id='word_1_564' title='bbox 2524 3529 2622 3585; x_wconf 90' lang='lat' dir='ltr'><strong>Dei</strong></span> <span class='ocrx_word' id='word_1_565' title='bbox 2665 3529 2990 3587; x_wconf 82' lang='lat' dir='ltr'><strong>existimasti</strong></span> <span class='ocrx_word' id='word_1_566' title='bbox 3049 3530 3282 3601; x_wconf 89' lang='lat' dir='ltr'><strong>pecunia</strong></span> <span class='ocrx_word' id='word_1_567' title='bbox 3335 3532 3644 3604; x_wconf 68' lang='lat' dir='ltr'><strong>possideri:</strong></span> 
     </span>
    </p>
   </div>
   <div class='ocr_carea' id='block_1_81' title="bbox 2071 3618 3642 3692">
    <p class='ocr_par' dir='ltr' id='par_1_81' title="bbox 2071 3618 3642 3692">
     <span class='ocr_line' id='line_1_83' title="bbox 2071 3618 3642 3692; baseline 0.001 -18"><span class='ocrx_word' id='word_1_568' title='bbox 2071 3634 2180 3675; x_wconf 83' lang='lat' dir='ltr'><strong>non</strong></span> <span class='ocrx_word' id='word_1_569' title='bbox 2228 3626 2313 3674; x_wconf 90' lang='lat' dir='ltr'><strong>est</strong></span> <span class='ocrx_word' id='word_1_570' title='bbox 2368 3618 2466 3675; x_wconf 84' lang='lat' dir='ltr'><strong>tibi</strong></span> <span class='ocrx_word' id='word_1_571' title='bbox 2500 3634 2626 3692; x_wconf 88' lang='lat' dir='ltr'><strong>pars</strong></span> <span class='ocrx_word' id='word_1_572' title='bbox 2683 3636 2787 3677; x_wconf 90' lang='lat' dir='ltr'><strong>nec</strong></span> <span class='ocrx_word' id='word_1_573' title='bbox 2833 3636 2956 3678; x_wconf 91' lang='lat' dir='ltr'><strong>sors</strong></span> <span class='ocrx_word' id='word_1_574' title='bbox 2985 3622 3040 3677; x_wconf 91' lang='lat' dir='ltr'><strong>in</strong></span> <span class='ocrx_word' id='word_1_575' title='bbox 3076 3622 3179 3678; x_wconf 89' lang='lat' dir='ltr'><strong>hoc</strong></span> <span class='ocrx_word' id='word_1_576' title='bbox 3223 3637 3479 3679; x_wconf 90' lang='lat' dir='ltr'><strong>sermone</strong></span> <span class='ocrx_word' id='word_1_577' title='bbox 3507 3623 3591 3680; x_wconf 73' lang='grc' dir='ltr'><strong>ηε</strong></span> <span class='ocrx_word' id='word_1_578' title='bbox 3620 3641 3642 3676; x_wconf 83' lang='grc' dir='ltr'><strong>ι</strong></span> 
     </span>
    </p>
   </div>
   <div class='ocr_carea' id='block_1_82' title="bbox 2067 3702 3646 3782">
    <p class='ocr_par' dir='ltr' id='par_1_82' title="bbox 2067 3702 3646 3782">
     <span class='ocr_line' id='line_1_84' title="bbox 2067 3702 3646 3782; baseline 0.005 -22"><span class='ocrx_word' id='word_1_579' title='bbox 2067 3702 2157 3761; x_wconf 85' lang='lat' dir='ltr'><strong>isti</strong></span> <span class='ocrx_word' id='word_1_580' title='bbox 2182 3713 2371 3761; x_wconf 83' lang='lat' dir='ltr'><strong>contra</strong></span> <span class='ocrx_word' id='word_1_581' title='bbox 2400 3708 2695 3765; x_wconf 86' lang='lat' dir='ltr'><strong>sacerdotii</strong></span> <span class='ocrx_word' id='word_1_582' title='bbox 2723 3723 2919 3766; x_wconf 86' lang='lat' dir='ltr'><strong>munus</strong></span> <span class='ocrx_word' id='word_1_583' title='bbox 2936 3710 3006 3766; x_wconf 91' lang='lat' dir='ltr'><strong>iis</strong></span> <span class='ocrx_word' id='word_1_584' title='bbox 3022 3712 3325 3782; x_wconf 79' lang='lat' dir='ltr'><strong>praesertim</strong></span> <span class='ocrx_word' id='word_1_585' title='bbox 3352 3712 3646 3768; x_wconf 83' lang='lat' dir='ltr'><strong>commise-</strong></span> 
     </span>
    </p>
   </div>
   <div class='ocr_carea' id='block_1_83' title="bbox 2070 3797 3647 3874">
    <p class='ocr_par' dir='ltr' id='par_1_83' title="bbox 2070 3797 3647 3874">
     <span class='ocr_line' id='line_1_85' title="bbox 2070 3797 3647 3874; baseline 0.004 -20"><span class='ocrx_word' id='word_1_586' title='bbox 2070 3803 2217 3862; x_wconf 89' lang='lat' dir='ltr'><strong>runt,</strong></span> <span class='ocrx_word' id='word_1_587' title='bbox 2258 3797 2353 3868; x_wconf 89' lang='lat' dir='ltr'><strong>qui</strong></span> <span class='ocrx_word' id='word_1_588' title='bbox 2411 3806 2670 3870; x_wconf 89' lang='lat' dir='ltr'><strong>tanquam</strong></span> <span class='ocrx_word' id='word_1_589' title='bbox 2721 3801 2776 3857; x_wconf 88' lang='lat' dir='ltr'><strong>in</strong></span> <span class='ocrx_word' id='word_1_590' title='bbox 2834 3799 2954 3857; x_wconf 81' lang='lat' dir='ltr'><strong>foro</strong></span> <span class='ocrx_word' id='word_1_591' title='bbox 3011 3803 3187 3874; x_wconf 90' lang='lat' dir='ltr'><strong>ipsum</strong></span> <span class='ocrx_word' id='word_1_592' title='bbox 3238 3813 3510 3860; x_wconf 89' lang='lat' dir='ltr'><strong>emerunt.</strong></span> <span class='ocrx_word' id='word_1_593' title='bbox 3533 3803 3647 3862; x_wconf 86' lang='lat' dir='ltr'><strong>Nec</strong></span> 
     </span>
    </p>
   </div>
   <div class='ocr_carea' id='block_1_84' title="bbox 2071 3888 3642 3969">
    <p class='ocr_par' dir='ltr' id='par_1_84' title="bbox 2071 3888 3642 3969">
     <span class='ocr_line' id='line_1_86' title="bbox 2071 3888 3642 3969; baseline 0.009 -28"><span class='ocrx_word' id='word_1_594' title='bbox 2071 3901 2202 3943; x_wconf 88' lang='lat' dir='ltr'><strong>vero</strong></span> <span class='ocrx_word' id='word_1_595' title='bbox 2232 3888 2338 3946; x_wconf 89' lang='lat' dir='ltr'><strong>hoc</strong></span> <span class='ocrx_word' id='word_1_596' title='bbox 2363 3891 2542 3948; x_wconf 84' lang='lat' dir='ltr'><strong>adhuc</strong></span> <span class='ocrx_word' id='word_1_597' title='bbox 2574 3906 2741 3963; x_wconf 77' lang='lat' dir='ltr'><strong>grave</strong></span> <span class='ocrx_word' id='word_1_598' title='bbox 2791 3904 2895 3962; x_wconf 88' lang='lat' dir='ltr'><strong>est,</strong></span> <span class='ocrx_word' id='word_1_599' title='bbox 2925 3896 3174 3963; x_wconf 87' lang='lat' dir='ltr'><strong>quamvis</strong></span> <span class='ocrx_word' id='word_1_600' title='bbox 3215 3896 3417 3969; x_wconf 86' lang='lat' dir='ltr'><strong>alioqui</strong></span> <span class='ocrx_word' id='word_1_601' title='bbox 3453 3912 3642 3969; x_wconf 71' lang='lat' dir='ltr'><strong>grave,</strong></span> 
     </span>
    </p>
   </div>
   <div class='ocr_carea' id='block_1_85' title="bbox 2069 3981 3635 4060">
    <p class='ocr_par' dir='ltr' id='par_1_85' title="bbox 2069 3981 3635 4060">
     <span class='ocr_line' id='line_1_87' title="bbox 2069 3981 3635 4060; baseline 0.009 -28"><span class='ocrx_word' id='word_1_602' title='bbox 2069 3993 2260 4035; x_wconf 85' lang='lat' dir='ltr'><strong>verum</strong></span> <span class='ocrx_word' id='word_1_603' title='bbox 2291 3981 2455 4037; x_wconf 85' lang='lat' dir='ltr'><strong>etiam</strong></span> <span class='ocrx_word' id='word_1_604' title='bbox 2504 3982 2607 4040; x_wconf 81' lang='lat' dir='ltr'><strong>hoc</strong></span> <span class='ocrx_word' id='word_1_605' title='bbox 2645 3986 2866 4042; x_wconf 89' lang='lat' dir='ltr'><strong>nomine</strong></span> <span class='ocrx_word' id='word_1_606' title='bbox 2915 3987 3095 4058; x_wconf 73' lang='lat' dir='ltr'><strong>magis,</strong></span> <span class='ocrx_word' id='word_1_607' title='bbox 3126 3986 3444 4059; x_wconf 77' lang='lat' dir='ltr'><strong>efferuntur,</strong></span> <span class='ocrx_word' id='word_1_608' title='bbox 3470 4004 3635 4060; x_wconf 88' lang='lat' dir='ltr'><strong>quam</strong></span> 
     </span>
    </p>
   </div>
   <div class='ocr_carea' id='block_1_86' title="bbox 2075 4070 3648 4153">
    <p class='ocr_par' dir='ltr' id='par_1_86' title="bbox 2075 4070 3648 4153">
     <span class='ocr_line' id='line_1_88' title="bbox 2075 4070 3648 4153; baseline 0.009 -27"><span class='ocrx_word' id='word_1_609' title='bbox 2075 4070 2171 4126; x_wconf 86' lang='lat' dir='ltr'><strong>alii</strong></span> <span class='ocrx_word' id='word_1_610' title='bbox 2224 4073 2295 4129; x_wconf 88' lang='lat' dir='ltr'><strong>ob</strong></span> <span class='ocrx_word' id='word_1_611' title='bbox 2340 4074 2671 4144; x_wconf 86' lang='lat' dir='ltr'><strong>probitatem</strong></span> <span class='ocrx_word' id='word_1_612' title='bbox 2715 4091 2781 4135; x_wconf 87' lang='lat' dir='ltr'><strong>ac</strong></span> <span class='ocrx_word' id='word_1_613' title='bbox 2825 4079 3189 4136; x_wconf 85' lang='lat' dir='ltr'><strong>voluntariam</strong></span> <span class='ocrx_word' id='word_1_614' title='bbox 3248 4091 3648 4153; x_wconf 85' lang='lat' dir='ltr'><strong>paupertatem.</strong></span> 
     </span>
    </p>
   </div>
   <div class='ocr_carea' id='block_1_87' title="bbox 2068 4162 3645 4245">
    <p class='ocr_par' dir='ltr' id='par_1_87' title="bbox 2068 4162 3645 4245">
     <span class='ocr_line' id='line_1_89' title="bbox 2068 4162 3645 4245; baseline 0.011 -28"><span class='ocrx_word' id='word_1_615' title='bbox 2068 4162 2247 4232; x_wconf 78' lang='lat' dir='ltr'><strong>Atque</strong></span> <span class='ocrx_word' id='word_1_616' title='bbox 2273 4178 2397 4219; x_wconf 90' lang='lat' dir='ltr'><strong>cum</strong></span> <span class='ocrx_word' id='word_1_617' title='bbox 2423 4180 2452 4219; x_wconf 83' lang='lat' dir='ltr'><strong>a</strong></span> <span class='ocrx_word' id='word_1_618' title='bbox 2486 4167 2810 4235; x_wconf 88' lang='lat' dir='ltr'><strong>quibusdam</strong></span> <span class='ocrx_word' id='word_1_619' title='bbox 2859 4170 3132 4227; x_wconf 83' lang='lat' dir='ltr'><strong>conviciis</strong></span> <span class='ocrx_word' id='word_1_620' title='bbox 3152 4171 3341 4242; x_wconf 88' lang='lat' dir='ltr'><strong>impeti</strong></span> <span class='ocrx_word' id='word_1_621' title='bbox 3368 4174 3645 4245; x_wconf 79' lang='lat' dir='ltr'><strong>videntur,</strong></span> 
     </span>
    </p>
   </div>
   <div class='ocr_carea' id='block_1_88' title="bbox 2070 4254 3648 4336">
    <p class='ocr_par' dir='ltr' id='par_1_88' title="bbox 2070 4254 3648 4336">
     <span class='ocr_line' id='line_1_90' title="bbox 2070 4254 3648 4336; baseline 0.008 -26"><span class='ocrx_word' id='word_1_622' title='bbox 2070 4254 2252 4310; x_wconf 89' lang='lat' dir='ltr'><strong>statim</strong></span> <span class='ocrx_word' id='word_1_623' title='bbox 2284 4256 2635 4324; x_wconf 88' lang='lat' dir='ltr'><strong>apostolicam</strong></span> <span class='ocrx_word' id='word_1_624' title='bbox 2669 4259 2990 4328; x_wconf 78' lang='lat' dir='ltr'><strong>dignitatem</strong></span> <span class='ocrx_word' id='word_1_625' title='bbox 3022 4261 3308 4334; x_wconf 81' lang='lat' dir='ltr'><strong>proferunt</strong></span> <span class='ocrx_word' id='word_1_626' title='bbox 3329 4263 3469 4336; x_wconf 89' lang='lat' dir='ltr'><strong>(non</strong></span> <span class='ocrx_word' id='word_1_627' title='bbox 3498 4266 3648 4323; x_wconf 90' lang='lat' dir='ltr'><strong>enim</strong></span> 
     </span>
    </p>
   </div>
   <div class='ocr_carea' id='block_1_89' title="bbox 2069 4345 3659 4422">
    <p class='ocr_par' dir='ltr' id='par_1_89' title="bbox 2069 4345 3659 4422">
     <span class='ocr_line' id='line_1_91' title="bbox 2069 4345 3659 4422; baseline 0.01 -23"><span class='ocrx_word' id='word_1_628' title='bbox 2069 4360 2190 4411; x_wconf 90' lang='lat' dir='ltr'><strong>nos,</strong></span> <span class='ocrx_word' id='word_1_629' title='bbox 2222 4345 2494 4415; x_wconf 90' lang='lat' dir='ltr'><strong>inquiunt,</strong></span> <span class='ocrx_word' id='word_1_630' title='bbox 2536 4349 2634 4406; x_wconf 90' lang='lat' dir='ltr'><strong>sed</strong></span> <span class='ocrx_word' id='word_1_631' title='bbox 2662 4351 3029 4422; x_wconf 88' lang='lat' dir='ltr'><strong>episcopatum</strong></span> <span class='ocrx_word' id='word_1_632' title='bbox 3077 4355 3403 4411; x_wconf 89' lang='lat' dir='ltr'><strong>contumelia</strong></span> <span class='ocrx_word' id='word_1_633' title='bbox 3441 4355 3659 4421; x_wconf 50' lang='lat' dir='ltr'><strong>aﬂ‘eces</strong></span> 
     </span>
    </p>
   </div>
   <div class='ocr_carea' id='block_1_90' title="bbox 2071 4429 3661 4516">
    <p class='ocr_par' dir='ltr' id='par_1_90' title="bbox 2071 4429 3661 4516">
     <span class='ocr_line' id='line_1_92' title="bbox 2071 4429 3661 4516; baseline 0.009 -27"><span class='ocrx_word' id='word_1_634' title='bbox 2071 4437 2254 4507; x_wconf 90' lang='lat' dir='ltr'><strong>runt),</strong></span> <span class='ocrx_word' id='word_1_635' title='bbox 2286 4451 2409 4492; x_wconf 91' lang='lat' dir='ltr'><strong>cum</strong></span> <span class='ocrx_word' id='word_1_636' title='bbox 2441 4446 2623 4495; x_wconf 87' lang='lat' dir='ltr'><strong>autem</strong></span> <span class='ocrx_word' id='word_1_637' title='bbox 2651 4441 2858 4512; x_wconf 91' lang='lat' dir='ltr'><strong>aliquid</strong></span> <span class='ocrx_word' id='word_1_638' title='bbox 2900 4458 3111 4513; x_wconf 88' lang='lat' dir='ltr'><strong>eorum,</strong></span> <span class='ocrx_word' id='word_1_639' title='bbox 3138 4459 3259 4516; x_wconf 85' lang='lat' dir='ltr'><strong>quae</strong></span> <span class='ocrx_word' id='word_1_640' title='bbox 3287 4443 3447 4501; x_wconf 74' lang='grc' dir='ltr'><strong>σωοίί</strong></span> <span class='ocrx_word' id='word_1_641' title='bbox 3498 4429 3661 4515; x_wconf 69' lang='lat' dir='ltr'><strong>sunt,i</strong></span> 
     </span>
    </p>
   </div>
   <div class='ocr_carea' id='block_1_91' title="bbox 376 4501 1980 4607">
    <p class='ocr_par' dir='ltr' id='par_1_91' title="bbox 376 4515 1963 4590">
     <span class='ocr_line' id='line_1_93' title="bbox 376 4515 1963 4590; baseline -0.009 -13"><span class='ocrx_word' id='word_1_642' title='bbox 376 4519 597 4590; x_wconf 73' lang='grc' dir='ltr'><strong>ἀπῆλθε</strong></span> <span class='ocrx_word' id='word_1_643' title='bbox 623 4517 840 4590; x_wconf 79' lang='grc' dir='ltr'><strong>χαλινὸν</strong></span> <span class='ocrx_word' id='word_1_644' title='bbox 868 4515 1122 4589; x_wconf 74' lang='grc' dir='ltr'><strong>ἐμϐαλὼν</strong></span> <span class='ocrx_word' id='word_1_645' title='bbox 1150 4518 1216 4588; x_wconf 77' lang='grc' dir='ltr'><strong>τῇ</strong></span> <span class='ocrx_word' id='word_1_646' title='bbox 1254 4515 1449 4570; x_wconf 74' lang='grc' dir='ltr'><strong>ἑαυτοῦ</strong></span> <span class='ocrx_word' id='word_1_647' title='bbox 1485 4516 1721 4590; x_wconf 80' lang='grc' dir='ltr'><strong>γλώττῃ,</strong></span> <span class='ocrx_word' id='word_1_648' title='bbox 1752 4520 1847 4573; x_wconf 71' lang='grc' dir='ltr'><strong>καὶ</strong></span> <span class='ocrx_word' id='word_1_649' title='bbox 1880 4537 1963 4574; x_wconf 84' lang='grc' dir='ltr'><strong>σι.</strong></span> 
     </span>
    </p>
   </div>
   <div class='ocr_carea' id='block_1_92' title="bbox 2064 4501 3648 4607">
    <p class='ocr_par' dir='ltr' id='par_1_92' title="bbox 2071 4501 3648 4607">
     <span class='ocr_line' id='line_1_94' title="bbox 2071 4501 3648 4607; baseline 0.01 -27"><span class='ocrx_word' id='word_1_650' title='bbox 2071 4501 2341 4595; x_wconf 76' lang='lat' dir='ltr'><strong>agendum</strong></span> <span class='ocrx_word' id='word_1_651' title='bbox 2371 4536 2478 4597; x_wconf 85' lang='lat' dir='ltr'><strong>est,</strong></span> <span class='ocrx_word' id='word_1_652' title='bbox 2506 4543 2616 4584; x_wconf 89' lang='lat' dir='ltr'><strong>non</strong></span> <span class='ocrx_word' id='word_1_653' title='bbox 2650 4501 2885 4601; x_wconf 76' lang='lat' dir='ltr'><strong>amplius</strong></span> <span class='ocrx_word' id='word_1_654' title='bbox 2925 4536 3031 4588; x_wconf 87' lang='lat' dir='ltr'><strong>hoc</strong></span> <span class='ocrx_word' id='word_1_655' title='bbox 3079 4501 3380 4604; x_wconf 72' lang='lat' dir='ltr'><strong>proferunt,</strong></span> <span class='ocrx_word' id='word_1_656' title='bbox 3421 4501 3648 4607; x_wconf 59' lang='lat' dir='ltr'><strong>perinde</strong></span> 
     </span>
    </p>
   </div>
   <div class='ocr_carea' id='block_1_93' title="bbox 377 4607 1957 4685">
    <p class='ocr_par' dir='ltr' id='par_1_93' title="bbox 377 4607 1957 4685">
     <span class='ocr_line' id='line_1_95' title="bbox 377 4607 1957 4685; baseline -0.001 -18"><span class='ocrx_word' id='word_1_657' title='bbox 377 4611 489 4685; x_wconf 78' lang='grc' dir='ltr'><strong>τὴν</strong></span> <span class='ocrx_word' id='word_1_658' title='bbox 503 4611 703 4667; x_wconf 66' lang='grc' dir='ltr'><strong>ἑαυτοῦ</strong></span> <span class='ocrx_word' id='word_1_659' title='bbox 723 4608 1250 4682; x_wconf 82' lang='grc' dir='ltr'><strong>καταψηφισάμενος</strong></span> <span class='ocrx_word' id='word_1_660' title='bbox 1273 4624 1288 4640; x_wconf 75' lang='grc'><strong><em>⁸</em></strong></span> <span class='ocrx_word' id='word_1_661' title='bbox 1308 4607 1453 4664; x_wconf 80' lang='grc' dir='ltr'><strong>οὕτω</strong></span> <span class='ocrx_word' id='word_1_662' title='bbox 1473 4609 1572 4664; x_wconf 74' lang='grc' dir='ltr'><strong>καὶ</strong></span> <span class='ocrx_word' id='word_1_663' title='bbox 1593 4612 1657 4664; x_wconf 84' lang='grc' dir='ltr'><strong>σὺ</strong></span> <span class='ocrx_word' id='word_1_664' title='bbox 1684 4611 1957 4683; x_wconf 87' lang='grc' dir='ltr'><strong>πείσθητι,</strong></span> 
     </span>
    </p>
   </div>
   <div class='ocr_carea' id='block_1_94' title="bbox 377 4699 1961 4776">
    <p class='ocr_par' dir='ltr' id='par_1_94' title="bbox 377 4699 1961 4776">
     <span class='ocr_line' id='line_1_96' title="bbox 377 4699 1961 4776; baseline -0.001 -15"><span class='ocrx_word' id='word_1_665' title='bbox 377 4707 483 4761; x_wconf 73' lang='grc' dir='ltr'><strong>καὶ</strong></span> <span class='ocrx_word' id='word_1_666' title='bbox 510 4706 620 4761; x_wconf 76' lang='grc' dir='ltr'><strong>ἀπὸ</strong></span> <span class='ocrx_word' id='word_1_667' title='bbox 645 4704 756 4760; x_wconf 84' lang='grc' dir='ltr'><strong>τῶν</strong></span> <span class='ocrx_word' id='word_1_668' title='bbox 800 4703 1163 4772; x_wconf 74' lang='grc' dir='ltr'><strong>διδασκάλων,</strong></span> <span class='ocrx_word' id='word_1_669' title='bbox 1209 4699 1347 4776; x_wconf 74' lang='grc' dir='ltr'><strong>πρὸς</strong></span> <span class='ocrx_word' id='word_1_670' title='bbox 1394 4703 1594 4758; x_wconf 78' lang='grc' dir='ltr'><strong>σαυτὸν</strong></span> <span class='ocrx_word' id='word_1_671' title='bbox 1632 4703 1832 4776; x_wconf 81' lang='grc' dir='ltr'><strong>τρέψον</strong></span> <span class='ocrx_word' id='word_1_672' title='bbox 1860 4704 1961 4776; x_wconf 79' lang='grc' dir='ltr'><strong>τὴν</strong></span> 
     </span>
    </p>
   </div>
   <div class='ocr_carea' id='block_1_95' title="bbox 378 4796 633 4868">
    <p class='ocr_par' dir='ltr' id='par_1_95' title="bbox 378 4796 633 4868">
     <span class='ocr_line' id='line_1_97' title="bbox 378 4796 633 4868; baseline 0.004 -18"><span class='ocrx_word' id='word_1_673' title='bbox 378 4796 633 4868; x_wconf 71' lang='grc' dir='ltr'><strong>ἔρευναν.</strong></span> 
     </span>
    </p>
   </div>
   <div class='ocr_carea' id='block_1_96' title="bbox 2069 4614 3661 4699">
    <p class='ocr_par' dir='ltr' id='par_1_96' title="bbox 2069 4614 3661 4699">
     <span class='ocr_line' id='line_1_98' title="bbox 2069 4614 3661 4699; baseline 0.006 -26"><span class='ocrx_word' id='word_1_674' title='bbox 2069 4626 2235 4688; x_wconf 81' lang='lat' dir='ltr'><strong>atque</strong></span> <span class='ocrx_word' id='word_1_675' title='bbox 2263 4619 2369 4676; x_wconf 90' lang='lat' dir='ltr'><strong>hoc</strong></span> <span class='ocrx_word' id='word_1_676' title='bbox 2425 4619 2558 4690; x_wconf 85' lang='lat' dir='ltr'><strong>ipsis</strong></span> <span class='ocrx_word' id='word_1_677' title='bbox 2599 4619 2786 4689; x_wconf 87' lang='lat' dir='ltr'><strong>liceat,</strong></span> <span class='ocrx_word' id='word_1_678' title='bbox 2811 4621 3007 4679; x_wconf 87' lang='lat' dir='ltr'><strong>honori</strong></span> <span class='ocrx_word' id='word_1_679' title='bbox 3053 4623 3241 4681; x_wconf 83' lang='lat' dir='ltr'><strong>haberi</strong></span> <span class='ocrx_word' id='word_1_680' title='bbox 3269 4634 3330 4682; x_wconf 89' lang='lat' dir='ltr'><strong>ut</strong></span> <span class='ocrx_word' id='word_1_681' title='bbox 3390 4614 3661 4699; x_wconf 72' lang='lat' dir='ltr'><strong>apostoli,’</strong></span> 
     </span>
    </p>
   </div>
   <div class='ocr_carea' id='block_1_97' title="bbox 2069 4710 3650 4790">
    <p class='ocr_par' dir='ltr' id='par_1_97' title="bbox 2069 4710 3650 4790">
     <span class='ocr_line' id='line_1_99' title="bbox 2069 4710 3650 4790; baseline 0.006 -25"><span class='ocrx_word' id='word_1_682' title='bbox 2069 4724 2174 4766; x_wconf 92' lang='lat' dir='ltr'><strong>non</strong></span> <span class='ocrx_word' id='word_1_683' title='bbox 2203 4718 2384 4766; x_wconf 78' lang='lat' dir='ltr'><strong>autem</strong></span> <span class='ocrx_word' id='word_1_684' title='bbox 2412 4710 2595 4768; x_wconf 75' lang='lat' dir='ltr'><strong>facere</strong></span> <span class='ocrx_word' id='word_1_685' title='bbox 2616 4721 2677 4768; x_wconf 88' lang='grc' dir='ltr'><strong>ιιι</strong></span> <span class='ocrx_word' id='word_1_686' title='bbox 2708 4714 2957 4784; x_wconf 85' lang='lat' dir='ltr'><strong>apostoli.</strong></span> <span class='ocrx_word' id='word_1_687' title='bbox 2976 4715 3460 4784; x_wconf 73' lang='lat' dir='ltr'><strong>Quemadmodum</strong></span> <span class='ocrx_word' id='word_1_688' title='bbox 3482 4718 3650 4790; x_wconf 74' lang='lat' dir='ltr'><strong>igitur</strong></span> 
     </span>
    </p>
   </div>
   <div class='ocr_carea' id='block_1_98' title="bbox 2074 4801 3653 4884">
    <p class='ocr_par' dir='ltr' id='par_1_98' title="bbox 2074 4801 3653 4884">
     <span class='ocr_line' id='line_1_100' title="bbox 2074 4801 3653 4884; baseline 0.009 -29"><span class='ocrx_word' id='word_1_689' title='bbox 2074 4801 2190 4868; x_wconf 89' lang='lat' dir='ltr'><strong>ille,</strong></span> <span class='ocrx_word' id='word_1_690' title='bbox 2242 4816 2371 4857; x_wconf 90' lang='lat' dir='ltr'><strong>cum</strong></span> <span class='ocrx_word' id='word_1_691' title='bbox 2428 4803 2660 4861; x_wconf 89' lang='lat' dir='ltr'><strong>consilio</strong></span> <span class='ocrx_word' id='word_1_692' title='bbox 2708 4814 2897 4864; x_wconf 89' lang='lat' dir='ltr'><strong>nostro</strong></span> <span class='ocrx_word' id='word_1_693' title='bbox 2969 4809 3266 4881; x_wconf 87' lang='lat' dir='ltr'><strong>paruisset,</strong></span> <span class='ocrx_word' id='word_1_694' title='bbox 3295 4819 3462 4884; x_wconf 77' lang='lat' dir='ltr'><strong>atque</strong></span> <span class='ocrx_word' id='word_1_695' title='bbox 3515 4810 3653 4869; x_wconf 84' lang='lat' dir='ltr'><strong>illud</strong></span> 
     </span>
    </p>
   </div>
   <div class='ocr_carea' id='block_1_99' title="bbox 379 4889 3645 4980">
    <p class='ocr_par' dir='ltr' id='par_1_99' title="bbox 379 4889 3645 4980">
     <span class='ocr_line' id='line_1_101' title="bbox 379 4889 3645 4980; baseline 0.007 -37"><span class='ocrx_word' id='word_1_696' title='bbox 379 4889 671 4957; x_wconf 73' lang='lat' dir='ltr'><strong>sudiisset,</strong></span> <span class='ocrx_word' id='word_1_697' title='bbox 691 4890 1145 4948; x_wconf 88' lang='lat' dir='ltr'><strong>absurdissimum</strong></span> <span class='ocrx_word' id='word_1_698' title='bbox 1167 4903 1309 4958; x_wconf 88' lang='lat' dir='ltr'><strong>esse,</strong></span> <span class='ocrx_word' id='word_1_699' title='bbox 1343 4890 1492 4948; x_wconf 81' lang='lat' dir='ltr'><strong>vitiis</strong></span> <span class='ocrx_word' id='word_1_700' title='bbox 1526 4891 1730 4948; x_wconf 91' lang='lat' dir='ltr'><strong>nostris</strong></span> <span class='ocrx_word' id='word_1_701' title='bbox 1753 4892 1995 4961; x_wconf 87' lang='lat' dir='ltr'><strong>omissis,</strong></span> <span class='ocrx_word' id='word_1_702' title='bbox 2037 4893 2268 4952; x_wconf 87' lang='lat' dir='ltr'><strong>aliorum</strong></span> <span class='ocrx_word' id='word_1_703' title='bbox 2300 4894 2465 4970; x_wconf 67' lang='grc'><strong>40⁸1</strong></span> <span class='ocrx_word' id='word_1_704' title='bbox 2497 4899 2628 4956; x_wconf 90' lang='lat' dir='ltr'><strong>vitia</strong></span> <span class='ocrx_word' id='word_1_705' title='bbox 2656 4900 2954 4974; x_wconf 88' lang='lat' dir='ltr'><strong>inquirere,</strong></span> <span class='ocrx_word' id='word_1_706' title='bbox 2993 4902 3148 4962; x_wconf 78' lang='lat' dir='ltr'><strong>freno</strong></span> <span class='ocrx_word' id='word_1_707' title='bbox 3184 4904 3381 4980; x_wconf 68' lang='lat' dir='ltr'><strong>lingua</strong></span> <span class='ocrx_word' id='word_1_708' title='bbox 3423 4906 3645 4980; x_wconf 80' lang='lat' dir='ltr'><strong>injecto,</strong></span> 
     </span>
    </p>
   </div>
   <div class='ocr_carea' id='block_1_100' title="bbox 380 4982 3646 5072">
    <p class='ocr_par' dir='ltr' id='par_1_100' title="bbox 380 4982 3646 5072">
     <span class='ocr_line' id='line_1_102' title="bbox 380 4982 3646 5072; baseline 0.006 -34"><span class='ocrx_word' id='word_1_709' title='bbox 380 4995 454 5039; x_wconf 73' lang='lat' dir='ltr'><strong>ac</strong></span> <span class='ocrx_word' id='word_1_710' title='bbox 480 4982 663 5054; x_wconf 80' lang='lat' dir='ltr'><strong>seipse</strong></span> <span class='ocrx_word' id='word_1_711' title='bbox 682 4984 899 5040; x_wconf 86' lang='lat' dir='ltr'><strong>silentio</strong></span> <span class='ocrx_word' id='word_1_712' title='bbox 949 4983 1179 5041; x_wconf 89' lang='lat' dir='ltr'><strong>multato</strong></span> <span class='ocrx_word' id='word_1_713' title='bbox 1234 4984 1413 5041; x_wconf 86' lang='lat' dir='ltr'><strong>abiit:</strong></span> <span class='ocrx_word' id='word_1_714' title='bbox 1442 4984 1635 5043; x_wconf 88' lang='lat' dir='ltr'><strong>eodem</strong></span> <span class='ocrx_word' id='word_1_715' title='bbox 1687 4984 1850 5044; x_wconf 88' lang='lat' dir='ltr'><strong>modo</strong></span> <span class='ocrx_word' id='word_1_716' title='bbox 1898 4995 1956 5044; x_wconf 89' lang='lat' dir='ltr'><strong>tu</strong></span> <span class='ocrx_word' id='word_1_717' title='bbox 1993 5002 2210 5060; x_wconf 87' lang='lat' dir='ltr'><strong>quoque</strong></span> <span class='ocrx_word' id='word_1_718' title='bbox 2245 4990 2583 5065; x_wconf 80' lang='lat' dir='ltr'><strong>obtempera,</strong></span> <span class='ocrx_word' id='word_1_719' title='bbox 2606 5004 2666 5052; x_wconf 87' lang='lat' dir='ltr'><strong>et</strong></span> <span class='ocrx_word' id='word_1_720' title='bbox 2691 5009 2725 5052; x_wconf 83' lang='grc' dir='ltr'><strong>ιι</strong></span> <span class='ocrx_word' id='word_1_721' title='bbox 2782 4996 3078 5069; x_wconf 64' lang='lat' dir='ltr'><strong>magistris</strong></span> <span class='ocrx_word' id='word_1_722' title='bbox 3126 4997 3196 5056; x_wconf 79' lang='lat' dir='ltr'><strong>ad</strong></span> <span class='ocrx_word' id='word_1_723' title='bbox 3239 4998 3472 5072; x_wconf 85' lang='lat' dir='ltr'><strong>teipsum</strong></span> <span class='ocrx_word' id='word_1_724' title='bbox 3540 4998 3646 5057; x_wconf 83' lang='lat' dir='ltr'><strong>hu-</strong></span> 
     </span>
    </p>
   </div>
   <div class='ocr_carea' id='block_1_101' title="bbox 369 5078 1442 5155">
    <p class='ocr_par' dir='ltr' id='par_1_101' title="bbox 369 5078 1442 5155">
     <span class='ocr_line' id='line_1_103' title="bbox 369 5078 1442 5155; baseline 0.002 -20"><span class='ocrx_word' id='word_1_725' title='bbox 369 5078 617 5155; x_wconf 76' lang='lat' dir='ltr'><strong>jusmodi</strong></span> <span class='ocrx_word' id='word_1_726' title='bbox 643 5078 1130 5151; x_wconf 87' lang='lat' dir='ltr'><strong>perscrutationem</strong></span> <span class='ocrx_word' id='word_1_727' title='bbox 1166 5090 1442 5139; x_wconf 86' lang='lat' dir='ltr'><strong>converte.</strong></span> 
     </span>
    </p>
   </div>
   <div class='ocr_carea' id='block_1_102' title="bbox 445 5272 906 5343">
    <p class='ocr_par' dir='ltr' id='par_1_102' title="bbox 445 5272 906 5343">
     <span class='ocr_line' id='line_1_104' title="bbox 445 5272 906 5343; baseline 0.004 -12"><span class='ocrx_word' id='word_1_728' title='bbox 445 5272 495 5308; x_wconf 81' lang='grc'><strong><em>³⁸</em></strong></span> <span class='ocrx_word' id='word_1_729' title='bbox 520 5273 644 5333; x_wconf 76' lang='lat' dir='ltr'><strong>Act.</strong></span> <span class='ocrx_word' id='word_1_730' title='bbox 663 5291 785 5343; x_wconf 81' lang='lat' dir='ltr'><strong>vui,</strong></span> <span class='ocrx_word' id='word_1_731' title='bbox 813 5276 906 5333; x_wconf 77' lang='lat'><strong>20.</strong></span> 
     </span>
    </p>
   </div>
   <div class='ocr_carea' id='block_1_103' title="bbox 3490 5354 3525 5387">
    <p class='ocr_par' dir='ltr' id='par_1_103' title="bbox 3490 5354 3525 5387">
     <span class='ocr_line' id='line_1_105' title="bbox 3490 5354 3525 5387; baseline 0 -6"><span class='ocrx_word' id='word_1_732' title='bbox 3490 5354 3525 5387; x_wconf 61' lang='grc' dir='ltr'><strong><em>ι</em></strong></span> 
     </span>
    </p>
   </div>
   <div class='ocr_carea' id='block_1_104' title="bbox 1495 5429 2552 5502">
    <p class='ocr_par' dir='ltr' id='par_1_104' title="bbox 1495 5429 2552 5502">
     <span class='ocr_line' id='line_1_106' title="bbox 1495 5429 2552 5502; baseline 0.013 -16"><span class='ocrx_word' id='word_1_733' title='bbox 1495 5429 1727 5492; x_wconf 60' lang='grc' dir='ltr'><strong>νΑιιιίΕ</strong></span> <span class='ocrx_word' id='word_1_734' title='bbox 1758 5433 2147 5497; x_wconf 81' lang='lat' dir='ltr'><strong>LECTIONES</strong></span> <span class='ocrx_word' id='word_1_735' title='bbox 2179 5436 2270 5497; x_wconf 78' lang='grc' dir='ltr'><strong>ΕΤ</strong></span> <span class='ocrx_word' id='word_1_736' title='bbox 2308 5438 2552 5502; x_wconf 62' lang='grc' dir='ltr'><strong>ΝΟΤῶδ</strong></span> 
     </span>
    </p>
   </div>
   <div class='ocr_carea' id='block_1_105' title="bbox 378 5592 911 5722">
    <p class='ocr_par' dir='ltr' id='par_1_105' title="bbox 378 5592 911 5722">
     <span class='ocr_line' id='line_1_107' title="bbox 378 5592 911 5722; baseline -0.006 -3"><span class='ocrx_word' id='word_1_737' title='bbox 378 5592 911 5722; x_wconf 44' lang='grc' dir='ltr'><strong>τῶῗῶἓθῖὥῗ</strong></span> 
     </span>
    </p>
   </div>
   <div class='ocr_carea' id='block_1_106' title="bbox 699 5760 1525 5842">
    <p class='ocr_par' dir='ltr' id='par_1_106' title="bbox 699 5760 1525 5842">
     <span class='ocr_line' id='line_1_108' title="bbox 699 5760 1525 5842; baseline 0.004 -3"><span class='ocrx_word' id='word_1_738' title='bbox 699 5777 979 5840; x_wconf 65' lang='lat' dir='ltr'><strong>Panos.</strong></span> <span class='ocrx_word' id='word_1_739' title='bbox 1021 5773 1140 5838; x_wconf 84' lang='lat' dir='ltr'><strong>Gn.</strong></span> <span class='ocrx_word' id='word_1_740' title='bbox 1200 5760 1525 5842; x_wconf 64' lang='lat' dir='ltr'><strong>LXXVIII.</strong></span> 
     </span>
    </p>
   </div>
   <div class='ocr_carea' id='block_1_107' title="bbox 636 5589 1980 5676">
    <p class='ocr_par' dir='ltr' id='par_1_107' title="bbox 636 5589 1980 5676">
     <span class='ocr_line' id='line_1_109' title="bbox 636 5589 1980 5676; baseline 0 -29"><span class='ocrx_word' id='word_1_741' title='bbox 636 5593 792 5676; x_wconf 43' lang='lat' dir='ltr'><strong>gum”</strong></span> <span class='ocrx_word' id='word_1_742' title='bbox 813 5598 1114 5661; x_wconf 85' lang='lat' dir='ltr'><strong>sequuntur</strong></span> <span class='ocrx_word' id='word_1_743' title='bbox 1164 5599 1288 5662; x_wconf 83' lang='lat' dir='ltr'><strong>post</strong></span> <span class='ocrx_word' id='word_1_744' title='bbox 1343 5589 1430 5645; x_wconf 73' lang='grc' dir='ltr'><strong>ἵνα</strong></span> <span class='ocrx_word' id='word_1_745' title='bbox 1482 5593 1614 5667; x_wconf 84' lang='grc' dir='ltr'><strong>γὰρ,</strong></span> <span class='ocrx_word' id='word_1_746' title='bbox 1648 5598 1917 5669; x_wconf 75' lang='lat' dir='ltr'><strong>usquead</strong></span> <span class='ocrx_word' id='word_1_747' title='bbox 1967 5598 1980 5652; x_wconf 79' lang='grc' dir='ltr'><strong>Ι</strong></span> 
     </span>
    </p>
   </div>
   <div class='ocr_carea' id='block_1_108' title="bbox 2064 5589 3637 5676">
    <p class='ocr_par' dir='ltr' id='par_1_108' title="bbox 2067 5594 3637 5676">
     <span class='ocr_line' id='line_1_110' title="bbox 2067 5594 3637 5676; baseline 0 -24"><span class='ocrx_word' id='word_1_748' title='bbox 2067 5598 2163 5676; x_wconf 77' lang='grc' dir='ltr'><strong>ινφ</strong></span> <span class='ocrx_word' id='word_1_749' title='bbox 2190 5600 2320 5672; x_wconf 80' lang='grc' dir='ltr'><strong>γάρ,</strong></span> <span class='ocrx_word' id='word_1_750' title='bbox 2347 5599 2634 5659; x_wconf 84' lang='lat' dir='ltr'><strong>omittebat</strong></span> <span class='ocrx_word' id='word_1_751' title='bbox 2687 5598 2773 5658; x_wconf 83' lang='lat' dir='ltr'><strong>ed.</strong></span> <span class='ocrx_word' id='word_1_752' title='bbox 2828 5598 3026 5659; x_wconf 75' lang='lat' dir='ltr'><strong>Psris.‘</strong></span> <span class='ocrx_word' id='word_1_753' title='bbox 3060 5596 3347 5654; x_wconf 77' lang='lat' dir='ltr'><strong>Adduntur</strong></span> <span class='ocrx_word' id='word_1_754' title='bbox 3402 5607 3466 5652; x_wconf 81' lang='lat' dir='ltr'><strong>ex</strong></span> <span class='ocrx_word' id='word_1_755' title='bbox 3515 5594 3637 5652; x_wconf 82' lang='lat' dir='ltr'><strong>eod.</strong></span> 
     </span>
    </p>
   </div>
   <div class='ocr_carea' id='block_1_109' title="bbox 3205 5770 3286 5833">
    <p class='ocr_par' dir='ltr' id='par_1_109' title="bbox 3205 5770 3286 5833">
     <span class='ocr_line' id='line_1_111' title="bbox 3205 5770 3286 5833; baseline 0.012 -1"><span class='ocrx_word' id='word_1_756' title='bbox 3205 5770 3286 5833; x_wconf 79' lang='lat'><strong>83</strong></span> 
     </span>
    </p>
   </div>
  </div>
