4084 6374
524 368 531 378 .
561 325 589 338 ⁸
1664 324 1722 381 S.
1768 322 1825 381 IS

453 318 592 385 Ima
667 426 1288 488 CCCXCV.——PET|{O
1328 428 1825 487 SCIIOLASTICO.

462 558 469 563 ‘
526 544 752 601 Sacrum
797 554 1123 599 conventum
1185 544 1436 614 equidem
1486 544 1601 614 ipse
1640 561 1763 602 eum
1824 547 2042 619 proprie

455 650 573 690 esse
603 635 857 703 dixerim,
887 636 977 704 qui
1019 651 1048 688 ιι
1080 635 1227 691 nulla
1276 637 1420 705 turpi
1462 638 1817 707 permistioue
1853 647 2042 696 conta-

458 725 712 789 minatur,
747 739 933 780 verum
960 725 1214 782 castitate
1249 734 1413 794 atque
1440 725 1564 782 aliis
1598 727 1857 782 virtutum
1879 742 2042 799 gene-

458 817 603 871 ribus
624 816 878 871 exsultat.

648 928 872 986 CCCXC
882 929 967 986 Vl.
982 960 1052 973 -—
1067 927 1373 988 AUSONIO
1412 931 1735 1001 CORRECT
1740 931 1875 989 0R1.

496 1040 847 1108 ΔΡιπιιιιειιιίιι,
896 1056 1022 1097 cum
1086 1044 1445 1111 pecuniarum
1513 1058 1752 1101 amorem
1812 1046 2039 1115 expulit,

452 1134 757 1189 certissima
803 1142 858 1187 et
920 1133 1205 1189 verissima
1259 1150 1347 1190 res
1390 1143 1494 1201 est,
1524 1138 1591 1191 ad
1628 1152 1790 1206 quam
1829 1137 2041 1206 justitia

451 1225 781 1296 exploretur.
823 1225 896 1280 At
921 1226 967 1281 si
1012 1227 1157 1283 hunc
1215 1227 1524 1297 admiserit,
1554 1230 1644 1300 jus
1674 1230 1904 1300 quaestui
1938 1230 2039 1286 ha-

452 1316 581 1371 bere
606 1331 671 1369 ac
698 1317 1023 1372 sententiam
1068 1314 1377 1372 adulterare
1416 1317 1640 1373 minime
1670 1318 1963 1375 recusabit.

607 1450 948 1509 CCCXCVH.
973 1450 1449 1510 -—-THEODDSIO
1520 1452 1879 1512 EPISCOPO.

523 1561 649 1619 Scio
683 1579 769 1619 me
814 1577 1055 1635 persaepe
1114 1564 1246 1620 mihi
1290 1565 1392 1636 ipsi
1429 1566 1733 1637 hujusmodi
1762 1568 2037 1637 quoddam

450 1654 734 1710 consilium
759 1654 1056 1724 praebuisse
1090 1671 1105 1708 :
1138 1653 1183 1711 Ο
1218 1654 1444 1723 Isidore,
1478 1657 1736 1727 quoniam
1784 1673 1876 1716 res
1923 1674 2041 1714 ma-

1664 324 1722 381 S.
1768 324 1790 381 Ι
1801 318 2059 385 SIDORI
2103 320 2545 386 PELUSIOT.E

3597 338 3735 405 10.36

2428 435 2590 504 TL_E'.
2633 468 2702 478 —
2741 440 2971 515 ΠΕΤΡῼ
3010 446 3466 520 ΣΧΟΛΑΣΤΣΚῼ.

2216 545 2539 617 Πανήγυριν
2571 546 2749 618 ἔγωγε
2771 552 2977 622 κυρίως
3003 546 3145 608 εἶναί
3170 572 3339 626 φημι,
3362 557 3462 627 τὴν
3493 557 3599 610 ὑπὸ
3629 577 3732 632 μη-

2144 637 2336 710 δεμιᾶς
2389 642 2628 712 αἰσχρᾶς
2684 644 2971 716 ἐπιμιξίας
3025 650 3418 721 χραινομένην,
3475 650 3612 707 ἀλλὰ
3663 657 3731 728 τῇ

2146 731 2340 806 ἁγνείᾳ
2373 734 2466 787 καὶ
2486 737 2607 800 ταῖς
2627 736 2851 807 ἀρεταῖς
2880 739 3342 815 ἐναϐρυνομένην.

2369 944 2549 1013 Τιιςι.
2590 976 2661 986 --
2700 947 3002 1023 ΑΥΣΟΝΙῼ
3042 951 3521 1008 ΚΟΡΡΗΚΤΩΡΙ.

2227 1056 2292 1108 Ἢ
2325 1056 2560 1125 σύνεσις,
2597 1058 2728 1115 ὅταν
2760 1061 2855 1116 τὸν
2887 1064 2999 1118 τῶν
3027 1064 3331 1135 χρημάτων
3366 1064 3732 1143 ὲξοστρακίσῃ

2148 1145 2350 1217 ἔρωτα,
2382 1147 2810 1222 βασανιστήριόν
2850 1153 2973 1208 ἐστι
3003 1154 3355 1226 δικαιοσύνης
3389 1156 3734 1227 ἀψευδέστα-

2142 1254 2256 1292 τον.
2285 1239 2351 1294 Εί
2383 1239 2443 1293 δὲ
2479 1239 2672 1294 τοῦτον
2697 1242 3000 1313 προσίοιτο,
3024 1244 3371 1315 καπηλεῖωαι
3412 1247 3475 1301 τὸ
3500 1247 3730 1317 δίκαιον,

2143 1328 2238 1382 καὶ
2263 1328 2516 1384 νοθεῦσαι
2542 1332 2643 1403 τὴν
2670 1333 2851 1406 ψῆφον
2872 1335 2934 1389 ού
2965 1338 3385 1411 παραιτήσοιτο.

2413 1464 2575 1531 ΤιιΖν.
2616 1494 2687 1505 -
2724 1465 3057 1541 ΘΕΟΔΟΣΙῼ
3094 1470 3466 1545 ΕΠΙΣΚΟΙΙῼ.

2215 1569 2349 1629 Οἶδα
2388 1574 2654 1640 πολλάκις
2686 1579 2911 1650 ἐμαυτῷ
2943 1581 3287 1652 παραινέσας
3306 1583 3534 1640 τοιαῦτά
3569 1603 3690 1641 τινα
3714 1604 3728 1618 ’

2147 1655 2221 1715 Ὦ
2256 1660 2517 1736 Ἰσίδωρε,
2546 1668 2735 1738 ἐπειδὴ
2764 1668 2834 1722 τὰ
2877 1671 3090 1740 μεγάλα
3131 1674 3439 1745 πράγματα
3474 1678 3732 1748 μεγάλοις

449 1762 566 1817 gnae
598 1748 807 1816 magnis
836 1746 1092 1816 periculis
1144 1747 1338 1803 confici
1385 1748 1585 1818 solent,
1609 1764 1696 1817 ea,
1717 1765 1825 1821 qua
1855 1750 2035 1820 decet,

2143 1753 2413 1819 κινδύνοις
2467 1756 2613 1826 φιλεῖ
2655 1759 3076 1830 κατορθοῦσθαι,
3109 1765 3312 1834 χρῆσαι
3343 1768 3410 1836 τῇ
3442 1746 3733 1841 πρεπούσῃ

456 1838 706 1908 loquendi
754 1839 1009 1895 libertate
1052 1847 1236 1895 utere.
1278 1838 1554 1898 Fortassis
1597 1845 1930 1902 erubescent
1974 1847 2035 1916 ii,

453 1932 542 1998 qui
581 1931 631 1984 'm
662 1931 897 1999 peccatis
924 1934 1252 1989 erubescere
1300 1934 1530 1990 minime
1561 1945 1781 1992 norunt.
1804 1936 1885 1994 Ac
1913 1942 2037 2010 qui-

449 2025 573 2076 dem
645 2022 881 2078 fortasse
938 2023 1145 2093 aliquid
1201 2023 1430 2081 eﬂicies.
1462 2025 1557 2082 Sin
1608 2039 1790 2085 autent
1830 2032 2037 2103 aliquid

446 2114 607 2169 etiam
646 2113 923 2183 injucundi
950 2116 1200 2185 patiaris,
1219 2131 1344 2172 cum
1367 2118 1652 2188 prophetis
1675 2130 1729 2176 et
1753 2125 2036 2193 apostolis,

446 2216 608 2276 atque
640 2206 762 2260 aliis
790 2209 997 2263 sanctis
1042 2208 1180 2265 viris
1234 2210 1484 2281 patieris,
1511 2226 1634 2267 cum
1684 2214 1883 2285 quibus
1913 2217 2036 2286 tibi,

443 2302 533 2367 qui
565 2315 706 2355 unus
735 2315 764 2354 e
794 2301 953 2369 vulgo
977 2316 1055 2365 es,
1092 2302 1393 2370 optandum
1441 2311 1545 2370 est,
1574 2305 1792 2362 etiamsi
1837 2323 1945 2364 non
1981 2309 2034 2364 in

447 2392 757 2455 \irtutibus,
811 2403 868 2447 at
915 2403 1066 2447 certe
1130 2393 1185 2448 in
1251 2397 1695 2465 perpessionibus
1735 2403 2033 2459 numerari.

447 2482 643 2537 Verum
670 2483 734 2536 ad
767 2483 911 2539 hunc
944 2486 1162 2540 modum
1186 2495 1380 2548 contra
1412 2487 1543 2543 mihi
1579 2487 1694 2559 ipse
1732 2494 1988 2561 respondi
2017 2511 2030 2548 :

443 2573 576 2628 Aliis
607 2572 827 2643 quidem
868 2575 925 2629 in
972 2576 1136 2632 rebus
1191 2578 1457 2647 praeclare
1518 2578 1781 2649 loqueris,
1818 2598 1882 2639 ac
1942 2585 2037 2642 tibi

445 2680 648 2721 morem
676 2680 868 2735 gerere
902 2677 1124 2736 paratus
1145 2668 1381 2725 sum.At
1403 2684 1640 2740 quonam
1675 2683 1838 2742 pacto
1866 2675 2037 2734 libere

445 2757 761 2826 loquemur?
788 2755 951 2814 Sicne
983 2768 1041 2813 ut
1076 2774 1289 2816 meram
1306 2760 1617 2816 libertatem
1656 2765 2036 2835 adhibeamus,

443 2863 510 2900 an
544 2854 603 2901 ut
632 2846 806 2914 ipsam
839 2847 1109 2902 suavitate
1153 2850 1562 2918 temperemus?
1591 2850 1865 2917 Quosdam
1891 2854 2036 2909 enim

445 2939 703 3009 novi,qui
735 2938 851 2994 acri
916 2954 982 2995 ac
1042 2940 1354 2996 vehementi
1395 2942 1790 3013 objurgationis
1836 2961 2040 3017 genere

442 3032 617 3085 sanati
649 3043 777 3086 sunt
805 3050 819 3087 :
862 3032 1124 3101 quosdam
1153 3048 1391 3099 rursum,
1429 3036 1520 3103 qui
1550 3051 1614 3092 eo
1664 3038 1853 3094 obtriti
1879 3050 2031 3107 sunt,

444 3134 607 3195 atque
635 3123 701 3180 ad
760 3125 1070 3196 graviorem
1129 3125 1539 3197 improbitatem
1597 3130 1802 3187 eruditi
1839 3149 1854 3186 :
1896 3134 2036 3191 alios
2063 3154 2106 3213 ο

445 3214 698 3283 denique,
742 3215 834 3284 qui
861 3216 1192 3271 moderatam
1220 3217 1647 3274 admonitionem
1684 3229 1849 3292 atque
1902 3238 2031 3280 ora-

446 3306 607 3360 tionis
665 3306 975 3365 libertatem
1022 3307 1257 3364 ludibrio
1316 3309 1646 3379 habuerunt,
1675 3326 1909 3385 eamque
1935 3331 2036 3386 pro

443 3395 614 3450 nihilo
638 3406 917 3465 putarunt.
950 3395 1197 3463 Quonam
1234 3396 1401 3466 igitur
1438 3400 1600 3455 modo
1651 3400 1921 3471 quiSpiam
1958 3413 2038 3459 tot

444 3487 648 3543 morbis
680 3504 847 3543 unum
880 3489 1184 3545 remedium
1227 3487 1460 3546 sileret?
1500 3505 1844 3562 quonamque
1876 3495 2035 3552 modo

440 3597 534 3637 eos
599 3582 838 3649 curabit,
873 3598 997 3638 eum
1054 3598 1235 3639 causa;
1266 3598 1335 3639 ex
1365 3584 1598 3641 diversis
1653 3586 2032 3646 alleCtionibus

439 3675 727 3731 oriuntur?
771 3675 938 3747 Ergo,
978 3677 1048 3731 ad
1090 3678 1360 3746 meipsum
1417 3677 1529 3733 dixi
1574 3678 1628 3733 id
1677 3682 1820 3749 quod
1865 3683 2030 3741 etiam

442 3780 585 3820 nunc
615 3767 684 3820 ad
703 3777 757 3821 te
782 3767 902 3822 dico
936 3783 950 3820 :
981 3766 1040 3821 Si
1086 3776 1142 3820 tu
1168 3766 1320 3822 solus
1347 3765 1566 3823 futurus
1591 3784 1763 3838 esses,
1791 3772 1882 3842 qui
1905 3787 2032 3841 epe-

443 3870 558 3910 ram
605 3858 841 3923 luderes,
893 3857 1168 3934 cunctari,
1194 3865 1357 3927 atque
1413 3857 1467 3913 id
1526 3875 1727 3916 munus
1777 3862 2031 3934 defugere

440 3958 742 4017 oporteret.
777 3948 913 4004 Cum
938 3959 1120 4004 autem
1154 3932 1224 4005 et
1250 3948 1427 4005 Moses
1458 3959 1512 4005 et
1536 3950 1679 4009 Elias
1701 3932 2028 4025 etJoannes,

443 4043 516 4118 pii
551 4056 615 4096 ac
648 4041 759 4097 Deo
812 4042 965 4098 chari
993 4042 1118 4110 viri,
1155 4058 1335 4113 neque
1376 4045 1628 4112 consilio,
1662 4060 1838 4118 neque
1860 4050 2028 4109 libera

442 4116 872 4203 reprehensione
906 4134 1028 4191 illos
1070 4134 1341 4205 juverint,
1375 4150 1475 4190 nec
1508 4143 1688 4192 tamen
1742 4149 2025 4208 propterea

2145 1846 2469 1920 παρρησίᾳο
2500 1848 2644 1919 τάχα
2687 1867 2805 1913 πως
2853 1851 3312 1925 ὲρυθριάσουσιν,
3358 1858 3406 1909 oi
3444 1858 3580 1927 μηδὲ
3608 1861 3734 1930 Epu-

2146 1937 2307 2009 θριᾷν
2335 1938 2394 1992 ὲν
2415 1941 2529 2003 τοῖς
2551 1941 2896 2012 πταίσμασιν
2923 1942 3036 2016 (16)
3061 1945 3288 2009 εἰδότες.
3313 1947 3475 2011 Ἴσως
3507 1949 3606 2020 μὲν
3622 1949 3732 2022 γὰρ

2143 2029 2572 2100 κατορθώσειας.
2599 2029 2664 2084 Et
2694 2031 2754 2086 δέ
2783 2049 2837 2087 τι
2871 2034 2968 2088 καὶ
2997 2036 3215 2090 πείσαιο
3238 2037 3427 2110 ἄχαρι,
3465 2041 3601 2110 μετὰ
3622 2042 3732 2095 τῶν

2142 2123 2464 2193 προφητῶν,
2487 2122 2584 2176 καὶ
2609 2121 2717 2176 τῶν
2738 2124 3080 2194 ἀποστόλων,
3104 2129 3203 2181 καὶ
3222 2128 3333 2183 τῶν
3361 2130 3538 2185 ἄλλων
3560 2132 3731 2200 ἁγίων

2142 2210 2329 2285 πείσῃ,
2361 2211 2479 2283 μεθ’
2512 2205 2588 2266 ὧν
2625 2230 2707 2268 σοι
2757 2214 3013 2271 εὐκταῖόν
3056 2220 3206 2272 ἐστιν
3247 2221 3329 2274 ἑνὶ
3376 2221 3486 2275 τῶν
3519 2222 3730 2277 πολλῶν

2139 2301 2275 2368 ὄντι,
2301 2306 2351 2356 ει
2382 2302 2475 2355 καὶ
2507 2302 2585 2374 μὴ
2615 2305 2675 2356 ὲν
2701 2306 2816 2367 τοῖς
2839 2308 3290 2380 κατορθώμασιν,
3321 2310 3438 2364 ἀλλ’
3468 2308 3564 2367 οὖν
3585 2331 3649 2383 γε
3672 2315 3731 2367 ἐν

2141 2395 2256 2457 τοῖς
2309 2393 2634 2465 παθήμασιν
2683 2396 3064 2468 ἀριθμεῖσθαι.
3126 2401 3271 2455 Ἀλλ’
3319 2404 3731 2478 ἀνταπεκρίθην

2139 2485 2367 2556 ἐμαυτῴ
2406 2485 2602 2555 λέγων,
2633 2488 2718 2542 ὅτι
2746 2488 2818 2543 τὰ
2867 2490 2968 2561 μὲν
2996 2491 3134 2545 ἄλλα
3171 2490 3233 2547 εὖ
3262 2493 3467 2564 λέγεις,
3498 2498 3594 2551 καί
3646 2515 3729 2553 σοι

2139 2575 2359 2660 ἕτοιμός
2382 2577 2502 2644 εἰμι
2532 2578 2840 2637 πείθεσθαι.
2872 2582 2999 2647 Πῶς
3016 2583 3075 2638 δὲ
3103 2585 3168 2656 δὴ
3194 2589 3727 2660 παρρησιασόμεθας

2140 2659 2290 2736 Ἀρα
2320 2667 2546 2738 ἀκράτῳ
2568 2673 2637 2741 τῇ
2678 2673 2969 2745 παρρησία
2999 2659 3427 2750 χρησάμενοι,γῆ
3457 2659 3732 2752 κεράσαν-

2139 2775 2231 2821 τες
2271 2759 2442 2828 αὐτὴν
2482 2763 2818 2835 προσηνείᾳ;
2858 2762 2993 2820 Οἶδα
3020 2769 3129 2839 γὰρ
3152 2773 3305 2834 τινας
3355 2772 3455 2841 μὲν
3498 2774 3729 2847 ὑπὸτῆς

2143 2847 2380 2919 σφοδρᾶς
2415 2850 2792 2922 ἐπιτιμήσεως
2820 2855 3072 2922 ίαθὲντας
3096 2875 3110 2889 °
3145 2860 3299 2924 τινας
3324 2863 3384 2916 δὲ
3416 2865 3730 2936 ἐπιτριϐέν-

2139 2953 2261 3003 τας,
2292 2942 2388 2992 καὶ
2421 2941 2500 3004 εἰς
2536 2942 2924 3016 χαλεπωτέραν
2947 2949 3473 3024 παιδοτριϐηθέντας
3494 2958 3726 3016 κακίαν·

2139 3026 2335 3094 ἄλλους
2380 3030 2438 3083 δὲ
2490 3032 2589 3102 τῆς
2625 3037 2858 3106 μετρίας
2903 3039 3220 3115 συμϐουλῆς
3270 3046 3369 3101 καὶ
3412 3050 3732 3121 παρρησίας

2141 3125 2655 3195 καταγελάσαντας,
2709 3134 2806 3186 καὶ
2855 3135 3011 3190 οὐδὲν
3057 3139 3232 3213 αὐτὴν
3265 3139 3409 3199 εἶναι
3439 3150 3729 3222 ἡγησαμέ-

2139 3232 2284 3281 νους.
2319 3217 2446 3282 Πῶς
2473 3215 2567 3274 οὖν
2606 3239 2690 3286 τις
2715 3225 2994 3293 τοσούτοις
3034 3232 3265 3292 πάθεσιν
3289 3237 3348 3291 ἓν
3384 3215 3728 3317 προσενέγκῃ

2137 3308 2465 3400 φάρμακση
2497 3313 2621 3378 Πῶς
2649 3314 2708 3368 δὲ
2744 3317 3098 3389 θεραπεύσει,
3125 3327 3236 3381 τῶν
3268 3308 3458 3387 αἰτιῶν
3483 3335 3544 3400 ἐξ
3573 3308 3731 3392 ὲνανζ

2136 3397 2269 3452 τίων
2302 3399 2493 3455 παθῶν
2528 3405 2819 3475 φυουσῶν;
2863 3412 3073 3468 Οὐκοῦν
3127 3415 3267 3489 ἔφην
3296 3422 3437 3493 πρὸς
3465 3397 3727 3495 ἐμαυτὸν,

2136 3488 2273 3588 δπερ
2322 3492 2417 3588 καὶἷ
2460 3494 2596 3588 πρδλς
2645 3497 2706 3588 σὲ
2736 3498 2831 3553 νῦν
2867 3518 3045 3574 φημι*
3093 3506 3178 3560 ὅτι
3217 3488 3281 3565 Εἰ
3320 3488 3420 3582 μὲν
3468 3488 3534 3569 ab
3560 3488 3724 3588 μόνος

2137 3576 2534 3680 άπρτυγχάνειν
2548 3585 2794 3657 ἔμελλες,
2818 3591 3000 3649 ὀκνεῖν
3021 3597 3211 3670 ἐχρῆν,
3229 3603 3279 3656 εί
3300 3576 3396 3659 καὶ
3411 3576 3618 3680 Mincii];
3631 3576 3728 3666 xui

2151 3671 2338 3774 ἰΗλίας
2365 3677 2461 3731 καὶ
2498 3679 2775 3774 Ἰωάννης,
2803 3686 2854 3738 ot
2886 3685 3156 3759 θεοφιλεῖς
3181 3695 3393 3767 ἄνδρες,
3424 3700 3552 3756 οὔτε
3572 3671 3721 3774 συμ-

2137 3764 2553 3838 ϐουλεύσαντες,
2595 3771 2718 3826 οὔτε
2764 3764 3296 3856 παρρησιασάμενοί
3318 3789 3540 3863 ὤνησαν
3577 3764 3726 3852 ὲκεί-

2137 3878 2301 3964 νουςῖ
2334 3866 2395 3918 οὐ
2427 3865 2536 3937 μὴν
2561 3870 2629 3921 τὰ
2657 3869 2781 3923 καθ’
2818 3875 3050 3943 ἑαυτοὺς
3079 3883 3262 3954 χεῖρον
3299 3884 3571 3957 διέθεσαν,
3615 3893 3724 3964 χρὴ

2137 3955 2219 4055 fi}.
2243 3955 2375 4055 pip!-
2395 3960 2682 4055 τξαρρησίᾳ
2725 3966 2987 4034 μιγνύναι
3028 3971 3130 4043 τὴν
3162 3978 3498 4049 προσήνειαν
3517 3997 3530 4012 ⁸

2137 4042 2259 4149 θείᾳ
2288 4048 2435 4119 δεξιᾷ
2485 4052 2803 4124 ἐπιτρέπειν
2846 4042 3253 4136 τὴνίατρείαν·
3312 4042 3383 4125 τὰ
3427 4042 3724 4149 κακὰ-γὰρ

2139 4136 2288 4193 ἴσασι
2320 4143 2521 4209 πάντες
2549 4144 2828 4217 ἅνθρωποι
2862 4154 3053 4223 σχεδὸν
3091 4158 3185 4229 ἀφ’
3217 4161 3459 4218 ὲαυτῶψ
3489 4165 3561 4220 τὰ
3581 4136 3727 4223 καλιὶ

441 4225 553 4280 suis
575 4227 737 4282 rebus
763 4228 1010 4285 deterius
1065 4228 1461 4297 consuluerint,
1488 4230 1756 4287 sermonis
1805 4233 2024 4304 quidem

2139 4234 2211 4298 δὲ,
2260 4234 2384 4288 οὐδὲ
2426 4239 2558 4309 παρ’
2600 4238 2777 4294 ἄλλων
2819 4225 3152 4318 ἀκούοντες,
3185 4254 3378 4324 μαθεῖν
3423 4256 3722 4317 ἐθέλουσιν,

442 4317 679 4374 libertati
769 4322 1097 4378 suavitatem
1165 4324 1473 4381 admiscere
1544 4338 1787 4398 oportet,
1841 4327 2039 4381 divina:
2074 4337 2256 4384 autem
2317 4328 2527 4386 dextrae
2611 4335 2952 4394 sanationem
3040 4317 3375 4414 permittere.
3400 4349 3537 4405 Mala
3576 4354 3722 4408 enim

440 4414 829 4483 propemodum
866 4430 934 4469 ex
983 4416 1175 4487 seipsis
1221 4430 1412 4474 omnes
1462 4419 1706 4475 homines
1742 4428 1941 4476 norunt
1976 4437 1993 4477 :
2037 4422 2178 4478 bona
2213 4431 2417 4493 autem,
2444 4437 2547 4485 nec
2581 4425 2650 4481 ab
2684 4426 2806 4483 aliis
2847 4432 3068 4502 quidem
3109 4440 3412 4510 audientes,
3442 4444 3725 4502 addiscere

444 4508 495 4558 iu
520 4506 761 4561 animum
797 4507 1083 4564 inducunt.

776 4620 945 4694 nos
966 4620 1333 4681 cccxcvut.
1348 4625 1698 4684 -—-ALYl’l0.

622 4711 699 4766 De
723 4730 784 4767 eo
807 4717 894 4768 cui
918 4716 1119 4771 credita
1148 4727 1268 4770 tum
1290 4719 1531 4788 quinque
1565 4719 1762 4773 talenta
1782 4718 1830 4751 ³³

517 4825 768 4882 Pecuniae
812 4832 1381 4896 uumeratim:em,vir
1435 4835 1660 4903 Optime,
1721 4834 2031 4889 divinarum

445 4919 851 4987 Scripturarum
885 4921 1188 4978 doctrinam
1214 4936 1284 4979 “ac
1317 4927 1732 4996 prteCEptinnclu
1777 4926 2030 4995 appellat,

444 5009 739 5066 auditionis
776 5020 958 5067 autem
1012 5012 1193 5083 fenus,
1219 5028 1445 5085 operum
1481 5019 2026 5073 tlemonstrationem.

2643 4636 2812 4705 Τιιιιν.
2854 4671 2923 4681 -
2960 4644 3240 4723 ΑΛΥΠΙῼ.

2308 4725 2450 4795 Περὶ
2482 4727 2591 4783 τοῦ
2622 4734 3054 4802 πιστευθέντος
3074 4737 3147 4793 τὰ
3184 4741 3230 4793 ε’
3262 4743 3550 4802 τάλαντα.

2207 4834 2552 4934 βαταδολὴν,
2676 4842 2942 4914 βέλτιστε,
2977 4849 3241 4924 ἀργυρίου
3275 4854 3441 4927 λέγει,
3481 4861 3583 4934 τὴν
3613 4864 3721 4919 τῶν

2135 4921 2298 5027 θείων
2327 4923 2560 4999 Γραφῶν
2585 4932 2934 4992 διδασκαλίαν
2955 4955 2970 4969 ⁶
2997 4921 3155 4996 τόκον
3183 4945 3241 5000 δὲ
3262 4921 3599 5021 ἀκροάσεως,
3623 4957 3722 5027 τὴν

2132 5011 2242 5114 ’.τῶν
2273 5011 2451 5114 ἔργων
2482 5018 2764 5114 ἐπίδειξιν.
2795 5025 3030 5096 Ὄφελος
3050 5033 3159 5113 γάρ
3192 5011 3355 5090 οὐδὲν.
3375 5011 3719 5114 ἀκροάσεως,

442 5098 585 5154 Nihil
617 5102 762 5156 enim
796 5104 1051 5159 utilitatis
1103 5120 1168 5161 cx
1233 5108 1511 5162 auditione
1549 5111 1869 5179 percipitur,
1905 5126 2028 5164 cum

2139 5103 2261 5203 btav
2295 5108 2442 5203 ηδιὰ
2504 5112 2614 5165 τῶν
2655 5115 2834 5186 ἔργων
2870 5098 3139 5190 ἐπίδειξις
3168 5127 3243 5198 μὴ
3287 5098 3577 5199 συμβάίνει
3608 5098 3721 5203 τοξξ

442 5205 668 5256 operum
705 5190 1103 5248 demonstratio
1148 5208 1271 5250 cum
1320 5195 1407 5264 iis,
1433 5211 1555 5268 qua:
1604 5198 1880 5262 dicuntur,
1920 5213 2025 5252 non

2139 5194 2465 5268 λεγομένοις.
2500 5203 2623 5257 ’Ὁτι
2649 5206 2706 5259 δὲ
2730 5208 2873 5262 τοῦτ’
2910 5210 3057 5269 ἔστιν
3083 5190 3300 5291 ἀληθές,
3318 5190 3565 5299 τιμωρία

525 5365 572 5398 ⁸⁸
595 5365 788 5423 Matth.
818 5383 946 5435 xxv,
985 5370 1073 5425 15.

1549 5487 1787 5545 vnum:
1818 5470 2208 5551 LECTIONES
2258 5493 2347 5549 ET
2381 5494 2614 5554 NOTAi.

468 5626 473 5633 ’
514 5639 625 5712 (16)
662 5637 768 5696 Pro
802 5645 1139 5720 πταίσμασιν
1171 5642 1292 5720 cod:
1321 5642 1385 5698 V.
1418 5645 1521 5700 650
1545 5649 1733 5703 scribit
1760 5651 2021 5720 πράγμα-

514 5669 625 5712 μν)
662 5669 768 5696 ινιυ
802 5669 1139 5715 πῑαισμασιν
1171 5669 1292 5700 cuu.
1331 5669 1385 5698 ν.
1418 5669 1521 5700 σου
1545 5669 1733 5703 δςτιυιι
1760 5669 1909 5720 πραγ
1958 5670 2018 5705 α-

446 5723 553 5777 σιν,
587 5722 639 5767 et
684 5726 827 5767 vers.
864 5725 985 5785 post
1024 5714 1081 5784 2,
1119 5728 1217 5783 pro
1255 5713 1419 5787 ἄχαρι
1453 5720 1612 5775 habet
1660 5722 1862 5790 χεῖρον.
1916 5669 2018 5778 Be—

818 5792 847 5823 ι

2126 5653 2465 5779 augurem.
2530 5656 2624 5712 uit.
2670 5673 2756 5728 ep.
2810 5674 2908 5731 pro
2962 5664 3156 5735 μαθεῖν
3210 5668 3342 5743 legit
3403 5679 3714 5751 μανθάνειν.
