4084 6354
383 353 518 420 1037

1242 361 1774 423 EPlSTOLARUM
1812 361 1958 422 LIB.
2000 361 2116 424 III.
2145 387 2217 399 -
2253 360 2488 422 EPIST.
2530 361 2738 423 CDIlI.

3518 352 3654 419 1038

385 491 481 528 ται
507 471 586 542 τῷ
621 471 719 542 μιν
747 472 1051 528 διδάσκοντι
1083 472 1195 545 (l7)
1225 476 1322 528 καὶ
1352 475 1669 547 πράττοντι,
1701 475 1750 529 εί
1778 475 1854 547 μὴ
1874 473 1972 530 καὶ

2082 474 2378 532 concurrit.
2402 473 2556 540 Quod
2587 482 2766 528 autem
2798 472 2900 527 hoc
2927 483 3113 526 verum
3142 467 3232 533 sit,
3257 465 3388 524 hinc
3415 475 3652 532 constat,

389 561 684 634 φράσειενο
713 559 793 632 τῷ
820 561 878 616 δὲ
903 559 1175 627 ἀκούοντι,
1207 564 1256 615 εί
1281 561 1358 633 μὴ
1385 563 1480 616 καὶ
1501 561 1778 632 πράξειεν.

852 854 1015 924 mea
1057 884 1127 896 —
1159 857 1534 928 APXONTIQ.

561 945 665 1014 Είς
694 946 784 1014 τὸ,
825 967 845 998 ι
889 947 1028 1003 Καθ’
1060 947 1290 1019 ἡμέραν
1314 947 1702 1017 ἀποθνήσκω.
1742 971 1762 1002 ι

463 1077 484 1114 ε
520 1059 660 1115 Καθ’
707 1059 922 1132 ἡμέραν
953 1061 1304 1132 ἀποθνήσκω,
1344 1079 1364 1114 ι
1412 1061 1517 1132 ἔφη
1545 1063 1574 1116 ὁ
1627 1060 1970 1128 ’Δπόστολος,

378 1147 465 1220 τῷ
494 1149 632 1224 πρὸς
669 1148 831 1205 τοῦτο
859 1151 1328 1222 παρεσκευάσθαι.
1365 1151 1423 1207 '0
1470 1155 1580 1225 γὰρ
1613 1171 1972 1226 παρασκευα-

383 1237 618 1306 ζόμενος
647 1237 729 1302 είς
759 1255 834 1304 τι,
875 1241 924 1293 εἰ
967 1241 1062 1294 καὶ
1112 1241 1187 1313 μὴ
1219 1245 1284 1312 τῇ
1321 1243 1488 1316 πείρᾳ.
1515 1244 1647 1299 αὐτὸ
1681 1245 1972 1316 ὑποσταίη,

383 1328 684 1398 ὑφίσταται
705 1331 774 1401 τῇ
805 1330 1104 1402 προσδοκίᾳ
1137 1334 1234 1386 καὶ
1260 1336 1328 1405 τῇ
1363 1334 1663 1407 προθυμίᾳ.
1709 1336 1844 1390 Ἀπὸ
1866 1333 1975 1407 γὰρ

382 1416 499 1470 τῶν
540 1416 1011 1490 ἐπιχειρημάτων,
1050 1419 1149 1474 ούκ
1179 1423 1244 1475 ὲκ
1271 1421 1380 1476 τῶν
1411 1423 1874 1495 ἀποτελεσμάτων
1906 1425 1975 1480 τὰ

385 1509 720 1578 πράγματα,
757 1509 835 1574 ὡς
885 1510 957 1564 τὰ
1001 1511 1194 1576 πολλὰ,
1234 1513 1481 1586 κρίνεται
1505 1530 1518 1544 '
1561 1516 1669 1570 ἀπὸ
1698 1517 1798 1590 τῆς
1831 1517 1974 1586 γνὼ-

389 1617 525 1672 μης,
552 1601 654 1654 οὐκ
685 1601 795 1654 άπὸ
816 1601 910 1655 τοῦ
940 1603 1130 1668 τέλους
1163 1606 1192 1658 ὁ
1227 1607 1490 1676 στέφανος
1519 1609 1801 1664 πλέκεται.
1827 1611 1891 1664 Εἰ
1919 1610 1978 1664 δὲ

387 1693 508 1758 καὶ,
543 1692 628 1745 ὅτι
660 1691 1068 1748 κινδυνεύουσιν
1102 1696 1152 1748 oi
1208 1695 1384 1767 ὀρθῶς
1413 1698 1708 1770 ἁπτόμενοι
1763 1700 1980 1772 φιλοσο-

2073 565 2216 636 qnod
2249 564 2532 620 docentem
2562 561 2780 632 quidem
2814 568 2870 615 et
2896 557 3180 614 facientem
3205 569 3365 628 pmna
3385 555 3652 627 sequitur,

2077 655 2120 709 si
2147 669 2250 710 non
2287 655 2451 709 etiam
2507 652 2761 722 loquatur
2803 667 2816 704 :
2866 649 3173 705 audientem
3229 658 3432 713 autem,
3458 648 3505 704 si
3545 662 3653 703 non

2075 747 2238 801 etiam
2274 747 2459 802 faciat.

2448 854 2763 913 CCCXCIX.
2777 885 2848 934 τ-
2863 852 3282 912 ARCHONTIO.

2384 946 2449 1002 In
2477 947 2630 1014 illud,
2661 966 2680 998 ε
2722 945 2970 1012 Quotidie
2999 947 3198 1000 morior
3222 944 3286 1000 ³⁸.
3327 963 3347 997 ι

2156 1083 2174 1115 ε
2205 1060 2456 1128 Quotidie
2502 1058 2728 1126 morior,
2765 1075 2784 1110 ι
2817 1057 2939 1114 ideo
2985 1056 3124 1113 dixit
3162 1053 3454 1126 Apostolus
3511 1055 3660 1126 quod

2080 1156 2145 1209 ad
2173 1154 2224 1210 id
2254 1159 2479 1223 paratus
2503 1158 2670 1207 esset.
2692 1147 2828 1204 Nam
2865 1147 2956 1219 qui
2983 1148 3051 1204 ad
3091 1146 3294 1217 aliquid
3317 1155 3534 1216 paratus
3550 1154 3657 1208 est.

2080 1244 2212 1301 etsi
2256 1245 2430 1311 reipsa
2450 1243 2501 1297 id
2552 1255 2657 1296 non
2716 1237 2964 1307 sufferat,
3015 1237 3423 1306 exspectatione
3476 1246 3662 1291 tamen

2081 1337 2362 1405 animique
2393 1331 2824 1403 promptitudine
2872 1331 2924 1386 id
2955 1328 3166 1386 suli'ert.
3207 1327 3488 1398 Siquidem
3519 1343 3605 1384 res
3629 1343 3662 1382 a

2083 1425 2365 1481 conatibus
2387 1423 2724 1496 plerumque,
2760 1437 2866 1478 nou
2897 1419 2965 1476 ab
2986 1417 3272 1476 aﬂ'ectibus
3296 1419 3614 1492 judicantur
3644 1434 3660 1470 :

2083 1524 2248 1584 atque
2283 1515 2350 1568 ab
2381 1513 2550 1568 animi
2575 1512 2846 1568 sententia
2898 1521 2955 1566 et
2998 1510 3299 1580 voluntate,
3335 1523 3440 1565 non
3471 1523 3500 1562 a
3530 1507 3663 1570 fine,

2084 1619 2282 1662 corona
2307 1605 2564 1659 nectitur.
2600 1601 2740 1658 Num
2781 1611 2981 1658 autem.
3019 1603 3209 1669 etiam,
3245 1602 3372 1670 quia
3421 1598 3516 1671 qui
3541 1597 3664 1668 phi-

2087 1695 2389 1764 loSOpltiam
2439 1707 2586 1749 recte
2623 1701 2938 1764 capessunt,
2967 1693 3376 1763 periclitantur,
3409 1691 3667 1763 ignorant

389 1781 545 1886 (fug,
580 1780 774 1853 λέληθε
809 1783 936 1849 τοὺς
987 1783 1216 1848 πολλοὺς
1247 1786 1380 1857 (18),
1411 1788 1588 1860 ὅτιτῷ
1613 1788 1806 1862 κόσμῳ
1847 1792 1981 1845 ἀπο-

2087 1785 2330 1856 plerique
2378 1799 2472 1839 eos
2535 1783 2734 1839 mundo
2781 1784 2920 1839 mori
2967 1784 3095 1839 dum
3131 1783 3441 1851 voluptates
3489 1787 3668 1834 morte

386 1872 713 1943 θνήσκουσι,
759 1873 848 1928 διὰ
879 1874 974 1929 τοῦ
1005 1875 1236 1950 νεκροῢν
1273 1878 1374 1942 τὰς
1405 1879 1620 1950 ἡδονὰς,
1659 1881 1976 1954 ἐπίστησον.

404 1963 618 2019 Ἐκεῖνο
645 1965 744 2037 μὲν
778 1964 889 2038 γὰρ
913 1965 1311 2041 πιθανώτερον,
1344 1969 1504 2024 τοῦτο
1540 1970 1598 2024 δὲ
1628 1972 1979 2044 πικρότερον.

631 2078 712 2132 Υν.
743 2108 814 2120 -
843 2079 1095 2152 male
1127 2080 1582 2156 ΠΡΕΣΒΥΤΕΡῼ
1609 2081 1744 2154 (19).

468 2191 544 2247 Τὸ
577 2190 680 2262 μὲν
708 2191 909 2249 είδέναι
929 2193 1286 2267 αίσχύνεσθαι
1323 2195 1359 2252 ἃ
1384 2197 1486 2262 δεῖ,
1517 2196 1783 2269 αἰσχύνης
1811 2198 1984 2264 ὅντως

390 2283 752 2340 ἀπαλλάττει.
788 2284 861 2338 Τὸ
909 2285 966 2339 δὲ
1011 2286 1090 2357 μὴ
1153 2285 1377 2351 εἰδέναι,
1445 2287 1678 2360 αίσχύνῃ
1726 2288 1984 2362 ἀθανάτῳ

395 2374 740 2448 περιϐάλλει.

651 2488 784 2544 ΥΑσ.
821 2515 894 2529 -
926 2487 1178 2560 ΖΩΣΙΜῼ
1213 2490 1668 2564 ΠΡΕΣΒΥΤΕΡῼ

469 2603 537 2658 Εί
586 2602 636 2657 oi
685 2601 964 2673 νηστείαις
1005 2601 1101 2655 καὶ
1149 2603 1474 2675 χαμευνίαις
1517 2607 1614 2661 καὶ
1644 2608 1768 2671 ταῖς
1798 2607 1986 2674 ἄλλαις

399 2691 855 2764 σκληραγωγίαις
885 2689 946 2744 τὸ
978 2691 1136 2762 σῶμα
1173 2692 1530 2764 δαμάζοντες,
1561 2697 1654 2750 καὶ
1685 2697 1858 2772 ταύτῃ
1885 2696 1987 2770 τὴν

394 2783 594 2851 ἄλογον
623 2783 734 2836 τῶν
759 2781 953 2836 παθῶν
1001 2782 1252 2850 ἐξουσίαν
1277 2784 1625 2852 κολάζοντες,
1653 2789 1770 2842 ἀλλ’
1801 2791 1850 2844 oi
1894 2791 1982 2844 ὲν-

396 2875 550 2943 ἀπαξ
580 2875 693 2946 (20)
730 2874 836 2928 ὑπὸ
868 2875 1166 2946 ἐπιθυμίας
1201 2878 1614 2949 κεχειρωμένοι,
1653 2881 1714 2934 ού
1742 2898 1984 2952 συγγνω·

399 2964 728 3036 σθήσονται·
759 2965 810 3017 oi
853 2963 913 3016 τὸ
945 2964 1246 3021 ἀκόλαστον
1281 2969 1748 3040 παρακαλοῦντες,
1779 2973 1874 3026 καὶ
1901 2973 1990 3028 διὰ

395 3055 501 3126 τῆς
555 3055 769 3126 τρυφῆς
819 3054 980 3110 τοῦτο
1023 3056 1400 3130 διεγείροντες,
1449 3055 1525 3118 ὧν
1571 3061 1668 3115 ἕνα
1707 3062 1768 3116 σέ
1825 3080 1988 3134 φασιν

397 3143 565 3213 εἶναι,
610 3147 775 3210 ποίας
803 3145 1177 3203 ἀπολαύσειαν
1208 3148 1576 3223 συγγνώμης;

706 3351 828 3406 ΥΒ⁰.
868 3381 940 3394 --
975 3353 1321 3426 ΚΔΣΣΙΑΝῼ
1357 3353 1685 3428 ΔΙᾹΚΟΝῼ.

405 3443 522 3514 Τῆς
550 3444 730 3511 Νέας,
755 3443 874 3500 τῶν
895 3443 949 3498 δ’
975 3446 1378 3518 Εξύαγγελίων.
1414 3449 1520 3514 Εἰς
1541 3445 1628 3512 τὸ,
1659 3465 1680 3500 ‹
1701 3447 1804 3503 Ἐν
1830 3447 1986 3518 ἀρχῇ

979 3512 1061 3585 ἦν
1082 3512 1122 3570 δ’
1140 3512 1351 3586 λόγος.
1383 3535 1402 3570 ›

484 3627 545 3680 Ὀ
576 3626 826 3696 θεολόγος
849 3629 942 3682 καὶ
975 3625 1232 3701 θεοφιλὴς
1270 3627 1546 3699 Ἰωάννης,
1567 3631 1594 3683 ὁ
1617 3629 1720 3700 τῆς
1755 3630 1990 3702 βροντῆς

400 3719 576 3782 ὃντως
639 3718 779 3784 υίὸς,
849 3717 1171 3790 θεοφράστῳ
1216 3717 1432 3791 γλώττῃ
1482 3719 1610 3792 (ὑπὸ
1663 3721 1822 3791 ἁγίου
1880 3723 1989 3796 γὰρ

402 3809 729 3881 Πνεύματος
755 3809 1012 3878 ἐκινεῖτο)
1042 3809 1140 3882 τὴν
1169 3809 1262 3864 τοῦ
1297 3809 1444 3866 θείου
1483 3811 1660 3882 Λόγου
1693 3813 1990 3870 ὑπόστασιν

401 3920 461 3958 τε
506 3903 603 3958 καὶ
641 3902 916 3976 ἰδιότητα,
971 3903 1255 3976 άῖδιότητά
1297 3922 1357 3958 τε
1406 3907 1500 3959 καὶ
1543 3905 1844 3978 βασιλείαν,
1889 3907 1992 3964 οὐκ

404 3997 724 4067 ἐπίκτητον,
777 3995 894 4050 ἀλλ’
951 3995 1188 4067 οὐσιὼδη
1237 3997 1614 4066 τυγχάνουσαν
1663 3997 1988 4070 ἀνεκήρυξε.

401 4087 516 4140 Καὶ
531 4086 611 4157 τῷ
627 4086 892 4152 πολλάκις
915 4086 975 4140 τὸ
999 4081 1080 4156 ἦν
1107 4087 1304 4152 εἰπεῖν,
1331 4087 1392 4141 τὸ
1417 4088 1490 4142 ἐκ
1531 4087 1619 4159 μὴ
1658 4087 1874 4156 ὄντων,
1900 4089 1989 4157 ἐξ·

399 4178 740 4250 ωστράκισε.
1422 4185 1426 4189 ’

895 4289 1017 4345 Υιν.
1059 4321 1129 4332 -
1160 4289 1248 4363 To
1275 4291 1476 4365 ΑΥΤῼ.

479 4423 694 4494 Κιρνᾷν
723 4421 853 4494 χρὴ,
882 4414 929 4476 ὧ
963 4418 1272 4490 σοφώτατε,
1299 4423 1365 4491 τῇ
1392 4421 1501 4476 τῶν
1531 4421 1818 4494 δογμάτων
1839 4422 1990 4496 ὀρθό-

2085 1874 2346 1939 ailiciuut,
2380 1875 2788 1931 animadvertas
2840 1874 3028 1930 velim.
3059 1873 3193 1930 Illud
3223 1874 3368 1930 enim
3403 1870 3666 1945 probabi-

2085 1966 2188 2022 lius
2223 1975 2345 2022 est:
2385 1969 2486 2022 ItOC
2514 1976 2696 2024 autem
2727 1966 3139 2022 amarulentius.

2377 2078 2485 2134 CD.
2499 2075 2824 2133 —CASSIO
2861 2072 3338 2133 PRESBYTERO.

2155 2187 2371 2244 Pudore
2407 2191 2478 2244 ob
2507 2206 2572 2246 ea
2595 2205 2716 2260 qua:
2743 2199 2957 2260 oportet
2980 2191 3124 2248 scire
3173 2187 3336 2252 aﬁici,
3375 2203 3405 2244 a
3453 2187 3666 2258 pudore

2085 2282 2276 2352 procul
2297 2282 2464 2340 dubio
2487 2281 2706 2340 liberat.
2738 2281 2962 2340 Nescire
2977 2293 3184 2348 autem,
3218 2281 3272 2338 in
3297 2281 3665 2338 immortalem

2085 2373 2368 2430 infamiam
2400 2373 2644 2443 conjicit.

2373 2487 2506 2542 CDI.
2526 2516 2596 2527 —
2609 2483 2864 2543 ZOSIMO
2920 2485 3396 2545 PRESBYTERO.

2159 2597 2240 2664 Si,
2279 2597 2370 2668 qui
2393 2597 2638 2668 ieiuniis,
2674 2606 2728 2654 et
2747 2599 2894 2654 humi
2915 2585 3412 2667 dormitationibus,
3437 2597 3670 2668 aliisque

2087 2689 2385 2758 asperioris
2439 2691 2568 2745 vitae
2613 2690 2923 2760 generibus,
2968 2705 3166 2760 corpus
3227 2690 3472 2756 domant,
3503 2697 3670 2759 atque

2088 2781 2192 2837 hac
2229 2781 2438 2836 ratione
2479 2779 2694 2836 brutam
2732 2779 3015 2838 libidinum
3055 2781 3352 2852 potentiam
3388 2789 3666 2838 coercent.

2088 2874 2185 2929 sia
2215 2873 2438 2928 libidine
2465 2871 2633 2929 semel
2669 2872 2883 2929 subacti
2916 2872 3422 2944 deprehendantur,
3444 2869 3664 2926 veniam

2088 2964 2507 3035 haudquaquam
2571 2963 2924 3020 consecuturi
2985 2973 3170 3020 sunt:
3213 2962 3306 3034 qui
3385 2961 3669 3017 libidinem

2090 3056 2362 3120 alliciunt,
2407 3069 2472 3110 ac
2505 3069 2604 3124 per
2654 3055 2841 3111 luxum
2900 3070 3022 3112 eam
3053 3055 3297 3112 excitant
3331 3057 3350 3125 (
3364 3053 3506 3110 inter
3533 3067 3671 3123 quos

2014 3183 2058 3240 ο
2093 3162 2290 3203 nomen
2323 3155 2475 3202 tuum
2497 3147 2657 3218 vulgo
2694 3145 2962 3219 referunt)
2985 3163 3146 3218 quam
3177 3149 3393 3204 tandem
3448 3146 3666 3204 veniam

2093 3238 2341 3294 obtinere
2362 3238 2604 3310 queant?

2400 3349 2642 3408 (ιω-
2662 3326 3004 3408 cassum
3039 3349 3360 3408 nucem.

2217 3445 2272 3501 -1
2284 3457 2316 3500 rt
2343 3445 2504 3512 illud,
2531 3463 2554 3499 ε
2601 3445 2662 3499 In
2682 3447 2938 3518 principio
2967 3457 3082 3503 erat
3123 3445 3351 3504 Verbum
3377 3447 3444 3501 ³⁸.
3475 3467 3496 3502 ιι

2150 3630 2463 3703 Tlteologus
2492 3628 2581 3685 ille
2611 3644 2677 3686 ac
2712 3631 2822 3686 Deo
2873 3630 3073 3688 cbarus
3127 3630 3386 3702 Joannes,
3419 3651 3484 3692 ac
3535 3652 3662 3695 vere

2092 3719 2316 3777 tonitrui
2368 3719 2533 3786 illius,
2595 3719 2848 3790 deiloqua
2919 3721 3100 3791 lingua
3145 3721 3313 3794 (nam
3362 3739 3392 3780 a
3454 3725 3662 3798 Spiritu

2091 3820 2282 3869 sancto
2338 3809 2698 3884 movebatur)
2755 3809 2927 3866 divini
3009 3809 3174 3868 Verbi
3226 3813 3564 3886 hypostasim
3619 3831 3674 3876 et

2091 3903 2503 3974 proprietatem,
2541 3910 2707 3974 atque
2747 3902 3110 3959 aeternitatem
3153 3913 3210 3962 et
3259 3911 3672 3980 regnum,quod

2092 4010 2200 4052 non
2226 3993 2583 4051 adventitium
2629 3993 2723 4049 sed
2761 3994 3056 4052 essentiale
3093 3995 3185 4063 sit,
3220 3997 3558 4068 praedicavit.
3593 4002 3673 4059 Ac

2091 4099 2190 4156 per
2217 4087 2272 4141 id
2291 4087 2432 4156 quod
2457 4100 2483 4140 s
2499 4085 2670 4156 sepius
2687 4084 2844 4155 dixit,
2869 4095 3000 4153 erat,
3023 4085 3174 4155 illud,
3204 4104 3270 4144 ea:
3292 4106 3396 4147 non
3417 4092 3670 4148 exsistan-

2091 4179 2254 4245 tibus,
2277 4177 2602 4235 climinavit.

2617 4287 2796 4346 CDlll.
2813 4319 2885 4332 --
2906 4291 3136 4350 EIDEM.

2160 4422 2296 4480 Cum
2347 4421 2510 4478 rectis
2557 4419 2925 4492 dogmatibus,
2950 4423 3036 4481 vir
3087 4423 3514 4497 sapientissime,
3545 4427 3670 4484 vitae

397 4529 552 4583 τητι,
581 4512 680 4584 τὴν
705 4512 817 4568 ἀπὸ
841 4511 942 4582 τῆς
974 4509 1251 4575 πολιτείας
1278 4511 1618 4581 φιλοσοφίαν,
1651 4513 1766 4582 είγε
1789 4512 1982 4585 ἀληθές

2091 4514 2331 4584 probata:
2362 4511 2604 4568 studium
2641 4510 2977 4581 conjungere
3032 4523 3270 4586 oportet,
3293 4515 3464 4590 ιω
3497 4518 3670 4591 siqui.

395 4605 573 4671 ἐστιν,
614 4602 814 4674 ἀληθὲς
845 4603 924 4670 δὲ,
955 4603 1037 4656 ὅτι
1068 4602 1104 4673 ἡ
1143 4601 1326 4666 πίστις
1356 4601 1524 4674 χωρὶς
1551 4602 1661 4656 τῶν
1695 4605 1873 4676 ἔργων
1899 4619 1982 4658 νε-

2092 4606 2218 4662 dem
2241 4602 2372 4658 illud
2393 4617 2582 4660 verum
2616 4613 2722 4672 est,
2759 4615 2820 4662 ut
2845 4615 2994 4662 certe
3014 4613 3119 4672 est,
3155 4607 3314 4664 fidem
3338 4609 3459 4666 siue
3479 4613 3666 4681 operi-

398 4693 516 4765 κρά
538 4696 709 4750 ἐστιν.
737 4695 801 4748 Εἰ
837 4693 896 4748 δὲ
933 4693 994 4748 τὸ
1021 4693 1208 4766 μεῖζον
1241 4693 1411 4765 χωρὶς
1449 4695 1544 4748 τοῦ
1585 4694 1868 4760 ἐλάττονος
1893 4713 1982 4750 νε-

2093 4699 2195 4753 bus
2239 4705 2516 4758 mortuam
2551 4709 2692 4752 esse.
2721 4696 2783 4754 Si
2835 4705 3020 4756 autem
3067 4697 3244 4770 majus
3283 4700 3404 4758 sine
3455 4703 3670 4761 minore

397 4785 537 4857 κρόν
583 4787 753 4851 ἔστιν,
789 4784 1014 4858 εύδηλον
1045 4785 1128 4840 ὅτι
1163 4787 1259 4839 καὶ
1303 4784 1365 4838 τὸ
1403 4785 1624 4841 ἔλαττον
1662 4788 1833 4860 χωρὶς
1889 4785 1982 4842 τοῦ

2095 4794 2366 4842 mortuum
2413 4795 2524 4856 est,
2571 4788 2818 4859 sequitur
2865 4789 3030 4848 etiam
3073 4791 3260 4852 minus
3299 4792 3420 4852 sine
3459 4794 3671 4868 majore

398 4876 651 4948 μείζονος
680 4876 816 4949 (21).
847 4878 909 4931 Ei
935 4877 1290 4948 δ’ἀμφότερα
1322 4877 1637 4949 κερασθείη,
1665 4878 1758 4932 καὶ
1783 4879 1982 4950 τρόπον

2098 4886 2371 4936 mortuum
2414 4892 2558 4938 esse.
2583 4879 2738 4947 Quod
2757 4881 2831 4955 ,εἰ
2885 4883 3048 4942 ambo
3095 4885 3571 4958 .ppertuisceaatur,
3604 4902 3670 4946 ac

463 5055 514 5087 “
544 5054 714 5112 lCor.
743 5071 833 5121 xv,
869 5055 961 5110 3i.
1039 5055 1086 5089 "
1118 5054 1274 5111 Joau.
1309 5070 1349 5122 ι,
1386 5056 1434 5110 1.

1507 5188 1735 5248 νΑΒΙΑΕ
1767 5192 2153 5250 LECTIONES
2185 5193 2273 5252 ET
2294 5193 2528 5255 NOTAE.

439 5345 588 5430 _(l7_)
616 5349 744 5430 [ire
763 5351 851 5407 his
875 5347 1057 5430 verbis
1084 5361 1206 5430 quae
1236 5345 1571 5430 leguntur-Ain
1595 5347 1977 5430 edito,_axerat

394 5415 1068 5498 ξῷμξν-διδάσκοντεζίη
1099 5415 1220 5498 eod.
1252 5415 1374 5498 Yet.
1412 5415 1518 5472 650
1545 5415 1660 5472 haec
1687 5415 1981 5486 baheutur,

392 5487 575 5562 ῑποιτέ
601 5489 668 5562 ay
689 5490 898 5562 τεῷ-μὲν
918 5487 1361 5562 διδασκάλῳκξο.

2169 5349 2286 5423 (eo)
2321 5351 2548 5427 lfrolris
2572 5353 2691 5427 ἀλλ’
2724 5353 2776 5427 ot
2809 5355 3052 5427 ὲνάπαξ,
3080 5365 3228 5419 recte
3259 5361 3382 5422 eod.
3412 5359 3533 5420 Vat.
3561 5361 3668 5418 eeo

2085 5419 2202 5492 haec
2220 5419 2404 5492 potiit,
2425 5422 2606 5478 άλοτεν
2629 5423 2798 5492 ἅπαξ.
2837 5419 3051 5486 Possum;

779 5489 1413 5574 ,ιξένὲίδοίσέίάλφκΨκ
1651 5555 1755 5574 η.
1823 5557 1836 5574 .

2152 5489 2266 5574 (ξιξ
2438 5493 2636 5574 Pa_ris.,
2671 5489 2832 5568 [είδὲ
2855 5499 2916 5574 ἐδ
2949 5500 3132 5574 μεῖζον
3166 5501 3334 5572 χωρὶς
3348 5497 3455 5574 τοῦ
3481 5498 3665 5574 petie-

624 5555 752 5615 Pro'
779 5555 974 5640 λέλῃθε
1019 5557 1144 5640 τοὺς
1189 5555 1414 5621 πολλούς
1461 5555 1603 5612 idem
1645 5555 1768 5612 cod.
1823 5556 1982 5616 habet

2083 5555 2192 5640 νρέ]
2219 5555 2268 5640 5}
2289 5560 2335 5640 δς
2366 5555 2830 5640 ὰμςρρτεραζμειο.
2865 5555 3663 5640 Lectionetnnse'quimur'codi-

392 5625 840 5712 Aeéqgevat‘irouc
863 5625 1076 5712 φίλους.
1113 5626 1192 5712 [υς
1235 5696 1250 5712 ,
1599 5695 1629 5712 ,
1712 5695 1724 5712 .
1835 5697 1848 5711 .
1871 5697 1886 5712 .

2082 5629 2160 5712 gis
2184 5625 2191 5629 ’
2219 5625 2715 5702 Vatic.'650,'scd
2758 5651 2866 5694 non
2919 5638 3038 5696 sine
3087 5625 3303 5712 glosste'
3330 5625 3658 5711 suspicione.

469 5697 584 5770 (19)
609 5698 664 5770 In
692 5699 849 5770 titulo
875 5697 1039 5770 hujus
1058 5696 1300 5770 epistolae
1326 5712 1424 5770 pro
1450 5695 1810 5769 πρεσϐυτέρῳ
1835 5697 1976 5756 idem
2078 5697 2236 5757 Eutr.

393 5767 520 5822 cod.
558 5766 685 5840 legit
719 5767 1141 5837 πολιτευομένῳ.
1173 5766 1247 5822 Ιο.
