2042 3179
217 194 284 227 1039

219 247 418 285 quodammodo
432 242 600 280 capulantur,
619 248 674 271 tum
702 243 818 277 denique
840 241 961 277 perlecta
978 244 1005 268 et
1020 242 1045 270 Α

217 302 344 331 suprema
373 292 459 329 gloria
476 291 575 324 elucet,
594 291 697 326 pietate
716 288 845 317 nimirum
866 291 893 315 et
906 287 1008 315 virtute

217 343 244 370 in
263 349 344 370 unum
358 338 592 369 concurrentibus.

460 395 551 425 CDlV.
562 410 596 415 —-
609 392 751 422 MARONI.

253 454 475 489 Quandoquidem
493 452 597 487 exiguae
612 457 701 478 causae
715 448 834 484 ingentia
851 445 921 474 bella
946 451 1009 480 per-

217 509 288 535 smpe
303 499 465 531 accendunt,
480 498 607 525 dehortor
624 500 649 523 te
667 502 701 522 ne
720 493 922 522 contentionum
940 490 1010 526 igni-

218 548 292 575 culos
307 546 421 580 iujicias.
435 544 503 571 Nam
530 550 590 571 cum
607 547 702 576 pugna:
728 539 891 570 excitantur,
918 535 1008 564 omnia

216 594 287 622 bona
303 601 334 619 ex
351 599 455 624 eorum,
472 589 518 625 qui
543 590 614 617 inter
640 595 670 616 se
682 585 825 619 dissident,
852 583 950 611 animis
966 589 1010 609 ra-

216 640 318 669 dicitus
333 638 461 667 evellant.

361 693 439 723 CDV.
456 688 673 721 —-PALLADIO
701 684 861 715 DlACONO.

217 745 252 773 1η
263 744 351 778 illud,
373 751 382 769 ι
401 740 514 778 Propter
534 746 577 764 vos
600 733 795 778 blaspllcmalur
816 736 909 757 nomen
924 735 1009 755 meum

482 776 551 801 inter
567 776 653 807 gentes
678 769 710 795 ".
732 777 741 793 ι

255 835 389 870 Quoniam
405 839 455 868 per
469 831 574 858 litteras
597 835 630 855 ex
645 833 688 854 me
701 822 864 860 quaesivisti,
881 820 1009 856 quidnam

216 865 282 911 illud
296 880 347 909 sibi
376 865 440 906 velit
458 886 464 904 τ
486 885 495 902 ‹
512 875 623 908 Propter
644 878 692 898 vos
709 876 807 897 nomen
824 874 913 894 meum
935 865 1010 892 blas-

216 909 371 965 phematur,
392 933 401 950 ι
421 923 472 950 hoc
495 918 654 954 respondeo,
677 914 748 951 quod
763 913 827 948 quia
847 911 931 939 Judaei
948 909 1009 944 qui-

256 948 371 958 VW“‘“-1
392 948 399 950 -
422 948 469 950 -έν
541 948 549 954 .
648 948 652 950 -
686 948 693 951 .

220 948 293 1007 ἔξω,
309 980 369 1000 cum
385 969 546 1006 peccabant,
563 966 589 993 in
603 963 773 999 captivitates
788 958 1006 990 adducebantur;
1024 948 1045 976 Β

220 1021 267 1056 qui
280 1002 369 1046 autem
385 1002 431 1043 eos
443 1014 564 1056 captivos
578 1009 758 1039 abducebant,
773 1013 824 1033 non
841 1004 937 1031 divina:
952 1002 1008 1035 irae,

217 1048 266 1095 sed
285 1048 490 1093 simulacrorum
502 1052 611 1087 suorum
626 1054 753 1091 potentiae
768 1051 909 1080 victoriam
925 1048 1010 1076 ascri—

217 1114 323 1144 bentes,
336 1116 428 1138 rerum
441 1106 562 1134 omnium
573 1104 767 1139 pmpotentem
783 1099 907 1126 dextram
924 1094 1011 1122 imbe-

219 1139 338 1187 cillitatis
367 1154 535 1183 damnabant
557 1160 564 1178 :
591 1156 653 1177 eam
678 1147 712 1174 ob
727 1151 836 1173 causam
863 1142 905 1169 his
917 1139 1009 1167 verbis

219 1210 284 1231 usus
298 1205 349 1229 est.
374 1199 507 1227 Auctores
525 1196 596 1223 enim
612 1197 699 1224 erant,
724 1191 786 1218 dum
799 1188 953 1222 peccarent,
970 1188 1011 1211 at-

218 1256 272 1284 que
298 1246 421 1275 hostibus
446 1243 622 1273 dederentur,
638 1235 793 1273 huiusmodi
816 1231 952 1268 opinionis
979 1236 1011 1256 ac

218 1279 404 1329 blasphemiae.
416 1291 544 1318 Fortasse
558 1287 640 1315 etiam
652 1285 715 1320 quia
741 1279 888 1329 pugnantia
901 1282 1012 1329 'qitoque

219 1320 347 1371 emittitis,
364 1343 424 1371 quae
440 1341 520 1370 agere
534 1332 708 1368 jubebantur,
725 1325 887 1371 efﬁciebant.
901 1321 929 1348 ιιι
940 1320 1013 1355 quod

219 1386 301 1414 etiam
316 1383 387 1418 apud
403 1389 452 1409 nos
465 1387 538 1408 nunc
560 1386 610 1405 usu
625 1376 719 1404 venire
732 1373 848 1400 videtur.
861 1369 929 1396 Nam
948 1373 1012 1395 cum

219 1429 299 1457 nobis
314 1428 476 1460 imperatum
494 1423 529 1451 sit
545 1426 574 1449 ut
587 1420 711 1448 inimicos
722 1424 852 1447 amemus,
870 1420 962 1442 tamen
978 1418 1012 1439 ne

219 1475 323 1502 amicos
336 1471 446 1507 quidem
471 1475 615 1501 amamus;
629 1472 691 1493 cum
708 1466 895 1499 paupertatem
909 1458 1011 1490 colere,

219 1528 270 1549 nos
285 1523 377 1547 contra
404 1523 458 1544 non
481 1514 561 1542 modo
581 1513 623 1541 his
650 1519 710 1546 quae
735 1509 871 1537 habemus
887 1503 1011 1533 contenti

218 1574 274 1594 non
290 1571 393 1596 sumus,
403 1561 451 1590 sed
467 1561 550 1590 etiam
566 1566 600 1587 ex
614 1557 711 1586 alienis
734 1552 936 1583 calamitatibus
945 1556 1011 1584 opes

219 1615 327 1639 nostras
338 1614 485 1646 augemus;
501 1613 562 1634 cum
578 1603 657 1632 nobis
676 1602 816 1630 inductum
828 1598 873 1630 sit,
891 1601 920 1624 ut
935 1596 1012 1646 quie-
1026 1616 1047 1644 Ο

221 1662 274 1683 tem
288 1639 421 1690 agamtis,
443 1659 493 1680 nos
516 1655 612 1679 contra
635 1648 806 1684 negotiorum
834 1646 958 1671 amantes
978 1639 1012 1666 iis

217 1688 318 1734 etiam,—
340 1699 385 1734 qui
401 1697 519 1733 quietem
547 1698 647 1731 agunt,
662 1692 814 1721 molestiam
839 1688 1011 1716 exhibemus.

250 1745 310 1774 Nec
340 1732 429 1772 solum
457 1743 516 1770 haec
532 1741 656 1772 facimus,
675 1739 721 1767 sed
737 1737 819 1765 etiam
837 1735 905 1761 alios
919 1732 1017 1759 ducere

219 1790 402 1827 aggredimur,
414 1796 474 1824 qua:
490 1787 541 1822 ipsi
557 1786 648 1814 facere
667 1784 802 1811 nolumus.
816 1779 930 1813 Reliqua
943 1774 1015 1803 enim

219 1822 498 1873 praetermitto,nlhil
514 1832 598 1865 enim,
614 1830 685 1866 quod
702 1829 808 1857 animos
823 1826 955 1857 oﬂ'endat,
973 1822 1014 1850 di-

219 1891 282 1911 cere
293 1882 384 1917 cupio.
400 1880 462 1907 Haec
474 1878 556 1913 igitur
569 1885 630 1905 cum
644 1875 768 1903 homines
780 1873 903 1906 audiunt,
917 1879 948 1899 ac
962 1878 1011 1899 nos

221 1928 273 1955 alia
291 1927 400 1961 quidem
422 1925 520 1952 docere
535 1921 641 1955 conari,
658 1921 710 1947 alia
723 1924 813 1947 autem
839 1926 921 1953 agere
946 1925 1012 1946 con-

817 186 847 217 S.
861 183 1013 217 'ISIDOR'I
1034 183 1254 215 PELUSIOTJi

1784 175 1852 208 1040

1059 240 1120 266 τινὰ
1134 238 1259 273 ἐνωθείη,
1279 237 1339 264 τότε
1354 236 1396 272 δὴ,
1420 236 1479 262 τότε
1498 236 1514 270 ἡ
1531 233 1621 261 τελεία
1638 233 1686 260 καὶ
1711 233 1851 268 ἀκροτάτη

1059 285 1235 319 εὐδοκίμησις
1252 282 1428 317 ἀναφαίνεται
1441 281 1508 317 (2‘2),
1529 279 1670 311 εὐσεϐείας
1688 280 1735 306 καὶ
1750 279 1852 314 ἀρετῆς

1059 331 1099 362 είς
1118 330 1215 357 ταύτὸν
1237 328 1455 364 συνδραμούσης.

1317 384 1377 410 ΥΔ’.
1391 397 1426 403 ——
1441 382 1583 409 MAI'QNL

1110 441 1220 477 Ἐπειδὴ
1246 441 1342 477 μικραὶ
1360 439 1456 475 ξαίτίαι
1484 438 1619 474 μεγάλους
1648 435 1778 467 πολλάκις
1803 436 1852 462 άν-

1062 488 1178 515 άπτουσι
1194 486 1340 522 πολέμους,
1359 484 1485 520 παραινῶ
1503 493 1542 510 σοι
1561 483 1597 518 μὴ
1613 482 1764 517 σπινθῆρας
1777 481 1853 515 φιλο-

1061 533 1171 561 νεικιῶν
1187 532 1341 568 ἐμϐάλλειν.
1364 530 1625 566 Ἀναρριπιξὸμεναι
1647 528 1701 563 γὰρ
1714 529 1741 554 al
1754 527 1851 562 μάχαι,

1060 580 1150 607 πάντα
1166 580 1200 606 τὰ
1214 579 1285 606 καλὰ
1301 579 1333 605 ὲκ
1352 578 1402 612 τῆς
1417 577 1471 603 τῶν
1488 575 1695 610 διαφερομένων
1712 573 1852 609 ὲκριζοῦσι

1059 626 1174 662 ψυχῆς-ν-

1203 681 1266 708 ΥΕν.
1287 696 1322 700 —
1341 679 1514 713 ΠᾹΛΛΛΔῘῼ
1535 677 1697 713 ΔῐΑΚυΝῼ.

1057 728 1109 762 Εἰς
1129 727 1172 761 τὸ,
1186 736 1196 754 ι
1210 727 1249 753 Δι’
1263 725 1341 759 ὑμᾶς
1352 723 1579 762 ,ϐὲίιίς-φημεῖται
1595 724 1626 748 τὸ
1639 721 1733 755 ὄνομά
1745 729 1803 756 μου
1818 720 1854 748 ἐν

1333 761 1396 793 τοῖς
1416 760 1548 786 ἔθνεσιν.

1103 817 1212 852 Ἐπειδὴ
1223 816 1366 851 γέγραφας
1378 815 1403 841 τί
1416 815 1484 847 ἐστι,
1500 824 1509 840 ι
1522 813 1558 840 Τὸ
1570 812 1655 848 ὄνομα
1673 821 1723 848 μου
1735 811 1768 838 δι’
1782 811 1855 846 ὑμᾶς

1062 864 1270 899 βλασφημεῖται·
1285 872 1295 888 ι
1311 862 1392 898 φημι,
1405 862 1444 887 ὅτι
1458 860 1551 895 ἐπειδὴ
1570 859 1690 886 Ἰουδαῖοι
1703 858 1752 892 μὲν
1765 858 1855 893 ἁμαρ-

1060 910 1187 941 τάνοντες
1202 930 1210 942 ,
1226 908 1427 943 αἰχμαλωσίαις
1449 906 1624 942 παρεδίδοντο
1636 913 1642 920 ·
1667 905 1691 931 οἱ
1711 905 1733 931 δ’
1752 905 1855 939 αίχμα-

1060 956 1232 989 λωτεὺοντες,
1247 955 1278 981 οὺ
1295 956 1327 990 τῇ
1339 954 1385 980 τοῦ
1397 953 1463 979 Θεοῦ
1476 951 1624 988 ὀργῇ,ἀλλὰ
1636 952 1668 987 τῇ
1684 951 1736 977 τῶν
1749 950 1856 977 οἰκείων

1061 1003 1163 1036 ξοάνων
1177 1002 1291 1037 δυνάμει
1303 1001 1353 1036 τὴν
1365 1000 1444 1035 νίκην
1458 999 1657 1034 ἐπιγράφοντες
1669 998 1717 1032 τῆς
1730 1005 1856 1032 παγκρα-

1060 1049 1161 1085 τούσης
1176 1048 1266 1081 δεξιᾶς
1281 1047 1426 1075 ἀσθένειαν
1450 1045 1669 1081 κατεψηφὶζοντο
1679 1051 1687 1059 ·
1703 1043 1748 1070 διὰ
1764 1043 1854 1075 τοῦτο,

1060 1096 1140 1123 τοῦτο
1155 1096 1218 1130 ἔφη.
1232 1096 1318 1121 Ali-ttat
1335 1094 1389 1128 γάρ
1404 1101 1434 1120 τε
1454 1092 1575 1127 ἐγίνοντο
1590 1090 1795 1127 ἁμαρτάνοντες
1807 1090 1854 1115 καὶ

1061 1141 1272 1178 παραδιδόμενοι
1287 1140 1338 1174 τῆς
1345 1140 1473 1174 τοιαύτης
1491 1139 1619 1170 ὑπονοίας
1634 1146 1663 1163 τε
1678 1138 1724 1163 καὶ
1733 1136 1856 1172 βλασφη-

1063 1189 1224 1224 μίας.Ἵσως
1237 1187 1266 1214 δὲ
1278 1186 1373 1221 ἐπειδὴ
1382 1186 1429 1212 καὶ
1440 1184 1570 1212 τάναντία
1584 1181 1621 1211 ὧν
1638 1183 1856 1219 προσετάττοντο

1063 1236 1151 1261 ποιεῖν
1166 1233 1313 1269 ἔπραττον,
1325 1233 1395 1267 ὅπερ
1414 1232 1462 1258 καὶ
1475 1231 1517 1265 ἐφ’
1530 1230 1609 1266 ἡμῶν
1627 1230 1687 1256 νυνι
1702 1227 1853 1256 κινδυνεύει

1065 1279 1245 1315 συμϐαίνειν
1271 1278 1462 1309 κελευσθέντες
1490 1276 1543 1312 γὰρ
1561 1277 1624 1307 τοὺς
1649 1275 1762 1310 ἐχθροὺς
1788 1274 1858 1308 ἀγα-

1063 1326 1128 1360 πᾷν,
1146 1324 1206 1351 οὐδὲ
1220 1324 1283 1355 τοὺς
1301 1323 1396 1357 φίλους
1410 1322 1562 1357 ἀγαπῶμεν
1575 1330 1582 1337 ·
1599 1321 1646 1347 καὶ
1660 1319 1856 1354 ἀκτημοσύνην

1063 1370 1208 1402 ἀσκεῖν,οὺ
1224 1369 1304 1404 μόνον
1316 1367 1355 1399 οἷς
1366 1368 1464 1403 ἔχομεν
1480 1367 1530 1393 οὐκ
1547 1364 1717 1401 ἀρκούμεθα,
1726 1364 1794 1392 ἀλλὰ
1809 1365 1857 1391 καὶ

1063 1416 1095 1443 ὲκ
1115 1415 1168 1442 τῶν
1193 1414 1341 1449 ἀλλοτρίων
1368 1407 1596 1449 χρηματιζόμεθα
1620 1411 1769 1446 συμφορῶν
1784 1419 1791 1426 ·
1809 1411 1858 1437 καὶ

1062 1461 1177 1496 ἠρεμεῖν
1194 1458 1423 1495 προσταχθέντες,
1440 1455 1727 1492 φιλοπραγμονοῦντες
1741 1455 1858 1486 καὶτοῖς

1063 1505 1230 1542 ἡσυχάζουσι
1241 1504 1472 1539 παρενοχλοῦμεν.
1487 1503 1542 1530 Καὶ
1555 1503 1584 1529 οὐ
1598 1502 1677 1537 μόνον
1688 1501 1774 1528 ταῦτα
1787 1500 1858 1536 δρῶ-

1065 1561 1130 1588 μεν,
1155 1551 1224 1578 ἀλλὰ
1248 1550 1295 1577 καὶ
1321 1550 1457 1578 διδάσκειν
1485 1549 1582 1580 ἄλλους
1607 1547 1811 1583 ἐπιχειροῦμεν,
1840 1546 1859 1574 ἃ.

1064 1600 1151 1624 ποιεῖν
1167 1598 1218 1623 οὐκ
1235 1595 1363 1632 ἐθέλομεν
1375 1604 1382 1610 ·
1398 1595 1432 1621 τὰ
1458 1594 1513 1630 γὰρ
1533 1594 1601 1621 ἄλλα
1626 1593 1746 1629 παρίημι
1760 1601 1765 1608 ·
1782 1593 1858 1619 οὐδὲν

1063 1643 1117 1677 γὰρ
1131 1642 1260 1677 βούλομαι
1272 1641 1402 1676 δυσχερὲς
1413 1641 1509 1667 εἰπεῖν.
1521 1639 1605 1666 Ταῦτ’
1617 1637 1663 1665 οὖν
1677 1638 1821 1670 ἀκούοντες
1833 1639 1858 1664 οἱ

1064 1691 1213 1726 ἄνθρωποι⁷
1232 1690 1279 1715 καὶ
1302 1688 1438 1724 ὁρῶντες,
1468 1687 1536 1714 ἄλλα
1554 1686 1603 1721 μὲν
1627 1686 1700 1720 ὑμᾶς
1720 1686 1858 1712 διδάσκειν

1064 1735 1271 1771 ἐπιχειροῦντας
1283 1754 1290 1767 ,
1309 1734 1377 1761 ἄλλα
1393 1733 1421 1760 δὲ
1436 1733 1558 1768 δρῶντας
1572 1752 1578 1765 ,
1597 1731 1692 1767 ὥσπερ
1712 1730 1857 1766 εἰρωνεύε-

1066 1782 1128 1808 σθαι
1151 1782 1226 1816 ἡμᾶς
1245 1780 1293 1806 καὶ
1316 1778 1425 1810 παίζειν
1444 1779 1472 1804 ὲν
1497 1778 1529 1804 οὐ
1548 1778 1674 1808 παικτοῖς
1699 1776 1857 1812 ἡγούμενοι,

1065 1827 1137 1854 κατὰ
1163 1828 1212 1861 τῆς
1239 1826 1316 1857 θείας
1336 1824 1464 1860 προνοίας
1493 1823 1612 1850 ἀκονῶσι
1640 1822 1689 1853 τὰς
1713 1821 1856 1856 γλώττας·

1064 1874 1126 1909 ἥτις
1144 1872 1192 1898 καὶ
1211 1871 1309 1902 αὐτοὺς
1327 1870 1387 1906 μὲν,
1402 1870 1475 1905 ἡμᾶς
1491 1868 1520 1895 δὲ
1538 1868 1618 1895 πλέον
1632 1869 1785 1903 ἀμυνεῖται,
1795 1866 1859 1898 τοὺς

1066 1918 1171 1949 αίτίους
1182 1917 1230 1952 τῆς
1241 1915 1367 1951 τοιαύτης
1381 1914 1553 1951 βλασφημίας
1565 1914 1733 1949 γινομένους.

220 1974 350 2009 spiciunt,
377 1978 426 1999 nos
458 1975 586 2004 tanquam
605 1967 780 1996 simulatione
808 1967 857 1999 uti,
881 1971 963 2002 atque
989 1968 1015 1994 in
1036 1966 1117 1993 rebus
1133 1964 1243 1991 minime
1258 1963 1369 1990 ludicris
1400 1961 1494 1989 ludere
1522 1961 1712 1989 existimantes
1728 1960 1860 1988 adversus

221 2021 339 2048 divinam
360 2017 558 2054 providentiam
584 2015 691 2050 linguas
708 2019 809 2042 acuunt
826 2023 833 2042 :
848 2022 908 2049 quae
927 2015 1008 2042 etiam
1028 2013 1137 2048 quidem
1153 2011 1180 2038 in
1197 2010 1280 2046 ipsos,
1300 2016 1392 2037 verum
1410 2009 1436 2036 in
1467 2016 1527 2042 nos,
1552 2009 1599 2044 qui
1613 2005 1770 2041 hujusmodi
1785 2006 1862 2034 blas-

224 2067 339 2103 phemiae
364 2072 475 2093 causam
494 2064 657 2099 prazbemus,
677 2062 787 2097 gravius
802 2061 1011 2089 animadvertet.

362 2111 453 2140 CDVl.
466 2126 502 2132 —-
512 2109 639 2139 ZOSlMO
663 2110 707 2137 ET
726 2108 869 2138 MARONI.

257 2170 285 2198 Si
298 2177 340 2202 ea,
356 2177 416 2205 quae
443 2172 598 2196 nostrarum
623 2167 740 2202 partium
760 2170 842 2200 sunt,
874 2166 934 2194 sine
959 2165 1010 2192 ulla

1222 2114 1293 2147 YQ".
1308 2128 1342 2133 —
1357 2113 1482 2149 ΖΩΣΙΜῼ
1499 2112 1560 2140 ΚΑΙ
1573 2113 1716 2140 ΜΑΡΩΝΙ.

1103 2170 1133 2196 Εἰ
1154 2169 1203 2205 μὲν
1219 2169 1253 2196 τὰ
1269 2170 1333 2205 παρ’
1354 2169 1431 2204 ἡμῶν
1456 2168 1684 2204 ἀπαραλείπτως,
1709 2168 1758 2195 καὶ
1789 2168 1860 2203 μετὰ

221 2215 451 2252 praetermissione
468 2222 501 2242 ac
520 2221 581 2241 cum
605 2212 678 2240 omni
705 2212 795 2240 studio
818 2216 846 2239 et
876 2211 1013 2245 diligentia

1069 2216 1159 2250 πάσης
1182 2215 1300 2250 σπουδῆς
1317 2214 1437 2249 γίγνοιτο
1448 2235 1455 2247 ,
1470 2214 1532 2241 τότε
1554 2215 1601 2240 καὶ
1616 2215 1666 2249 τὴν
1683 2213 1759 2241 θείαν
1773 2214 1859 2249 ῥοπὴν

221 2262 300 2294 ﬁant,
316 2266 371 2289 tum
387 2261 494 2288 demum
511 2258 594 2286 divini
615 2264 722 2293 quoque
737 2256 830 2284 auxilii
844 2261 1009 2284 momentum

222 2306 420 2341 implorandum
441 2310 493 2334 est.
515 2304 612 2333 Veniet
635 2304 707 2331 enim
726 2302 847 2335 omnino,
868 2302 1010 2330 victoriam

221 2352 385 2380 concilians.
399 2351 428 2379 Si
445 2355 536 2379 autem
552 2349 620 2377 nihil
636 2356 743 2381 eorum,
759 2355 821 2383 quae
832 2347 910 2375 oﬂlcii
927 2348 1011 2375 nostri

221 2403 295 2432 sunt,
314 2398 372 2431 ﬁat,
392 2397 493 2424 {rustra
519 2396 604 2431 ipsius
629 2395 758 2422 auxilium
773 2394 942 2428 imploratur.
959 2393 1012 2421 Ne-

220 2450 273 2478 que
288 2444 360 2470 cnim
376 2442 577 2470 simulationem
590 2440 717 2476 perferet,
726 2447 780 2467 nec
794 2441 826 2467 ad
837 2447 884 2467 eos
892 2439 1013 2472 accedet,

221 2489 268 2524 qui
283 2489 310 2516 in
321 2488 483 2523 profundum
508 2488 585 2516 exitii
610 2487 721 2523 pelagus
735 2486 831 2514 libenti
846 2486 936 2514 animo
954 2493 1015 2514 sese

219 2535 378 2571 projiciunt.

319 2580 401 2616 410
412 2579 514 2608 Ωῡγιι.
528 2594 562 2600 —-
576 2578 911 2625 ΙΗΟΕΕΝΙΆΡΙΑΟΟΝΟἸ

256 2638 404 2665 Peccatum
416 2636 496 2664 venia
506 2637 614 2671 gravius
629 2623 812 2668 admittis,'vir
824 2635 936 2671 Optime,
952 2635 1016 2663 dum

221 2682 333 2712 Eusebii
358 2683 533 2719 tyrannidem
561 2683 646 2718 magis
660 2689 743 2718 quam
765 2682 921 2717 aequitatem
949 2681 1015 2710 colis

252 2764 277 2781 ¹⁶
288 2764 342 2794 lsa.
355 2772 405 2798 ιιι,
422 2764 450 2791 5.

504 2822 522 2840 α

1062 2263 1175 2298 κλητέον
1190 2263 1228 2293 εἰς
1245 2261 1402 2297 συμμαχίαν
1414 2268 1420 2274 ·
1442 2259 1502 2295 ἣξει
1519 2261 1573 2295 γὰρ
1590 2259 1671 2286 παντὶ
1694 2259 1788 2295 τρόπῳ
1809 2259 1859 2295 τὴν

1064 2309 1146 2344 νίκην
1161 2307 1379 2343 πρυτανεύουσα.
1394 2306 1426 2333 Et
1444 2306 1472 2332 δὲ
1489 2306 1571 2340 μηδὲν
1586 2306 1641 2332 τῶν
1658 2305 1774 2332 δεόντων
1792 2308 1859 2340 παρ’

1065 2353 1143 2389 ἡμῶν
1161 2353 1290 2388 γίγνοιτο,
1302 2352 1417 2387 περιττὴ
1428 2352 1475 2378 καὶ
1492 2352 1509 2385 ἡ
1524 2351 1619 2386 κλῆσις
1629 2359 1636 2366 ·
1650 2351 1792 2386 είρωνείας
1804 2351 1859 2386 γὰρ

1065 2399 1116 2426 οὐκ
1130 2399 1255 2431 ἀνέξεται
1268 2418 1274 2430 ,
1293 2397 1347 2424 οὐδ’
1370 2396 1540 2431 ἐπιφοιτήσει
1562 2398 1618 2428 τοῖς
1641 2397 1756 2428 ἑαυτοὺς
1775 2398 1814 2428 είς
1830 2398 1860 2423 τὸ

1066 2445 1167 2482 ἀχανὲς
1184 2445 1235 2480 τῆς
1248 2443 1384 2475 ἀπωλείας
1398 2443 1525 2478 ἀσμένως
1539 2443 1665 2478 ῥίπτουσι
1682 2443 1809 2477 πέλαγος.

1231 2579 1280 2605 ΥΖ¹
1298 2593 1332 2598 --
1352 2578 1509 2605 ΔΙΟΓΕΝΕΙ
1528 2579 1689 2614 ΔΙΑΚΟΝῼ.

1107 2636 1274 2670 Συγγνώμης
1294 2635 1415 2670 μείζονα,
1431 2634 1453 2662 ὦ
1468 2634 1601 2670 βέλτιστε,
1615 2635 1795 2671 ἁμαρτάνεις,
1811 2635 1860 2671 τὴν

1070 2681 1202 2708 Εὐσεὸίου
1218 2681 1363 2717 τυραννίδα
1378 2681 1431 2716 πρὸ
1446 2681 1504 2722 τοῦ.
1515 2680 1621 2707 δικαίου
1635 2680 1808 2717 θεραπεύων.
1824 2680 1861 2707 ’Ἦ

770 2818 888 2847 νΔῐὶΙΛΕ
902 2818 1097 2848 LECTIONES
1117 2818 1162 2846 ET
1184 2818 1302 2847 ΝΟΤιΕ.

259 2897 314 2934 (22)
328 2897 407 2927 Vere.
426 2898 528 2934 penult.
544 2904 588 2934 ep.
604 2897 657 2928 Pro
669 2896 850 2933 ἀναφαίνεται
864 2897 936 2927 idem
948 2897 1012 2927 cod.

1062 2901 1094 2926 ιι.
1111 2896 1193 2927 habet
1207 2897 1395 2933 ἀναφανεῖται.
1409 2896 1515 2926 Possm.
