4084 6390
394 311 536 382 ιοιι

1336 313 1877 381 EPISTOLABUM
1913 315 2062 380 LIB.
2117 315 2262 415 ΙΙΙὈ
2298 343 2338 354 -
2370 318 2608 382 EPIST.
2640 318 2810 382 CDX.

3537 310 3683 380 ιω

396 425 579 484 τοίνυν
609 428 810 500 συνὼν,
839 431 1095 504 αἱσθησιν
1116 430 1266 505 αὐτῷ
1303 431 1523 504 ιμποίει
1549 430 1652 503 τῆς
1684 426 1989 502 ἀνηκέστου

2094 435 2258 498 atque
2273 427 2552 485 observas.
2585 426 2954 496 Quamobrem
3005 431 3101 483 aut
3142 437 3268 482 cunt
3295 437 3364 482 eo
3385 435 3678 484 conmotu-

396 517 584 587 νόσου,
609 518 645 593 ἢ
675 521 970 596 sudumst,
1002 523 1304 597 ἐπιτρίϐων
1334 521 1502 580 αὑτοῦ
1529 521 1630 595 τὴν
1653 520 1878 578 κακίαν.

683 818 814 876 ΥΗ⁹.
843 849 915 860 -
951 817 1210 874 ΖΗΝΩΝΙ
1241 819 1533 890 ΜΟΝΔΧῼ
1565 817 1702 889 (2'5).

472 907 595 964 Ὀτι
627 909 730 982 μὲν
762 910 1122 984 ἀκμαζούσης
1159 911 1263 982 τῆς
1303 910 1655 982 Ἐκκλησίας,
1695 909 1792 964 και
1817 908 1988 980 μήπω

395 1001 786 1072 νενοσηκυίας,
809 1002 882 1056 τὰ
905 1002 1024 1057 θεῖα
1050 1003 1178 1075 περὶ
1206 1002 1378 1074 αὐτὴν
1397 1003 1620 1073 ὲχόρευε
1650 1002 1988 1073 χαρίσματα,

395 1091 494 1148 τοῦ
527 1092 686 1162 ἁγίου
716 1094 1036 1167 Πνεύματος
1065 1095 1549 1166 δημαγωγοῦντος,
1581 1096 1674 1149 καὶ
1706 1094 1816 1148 τῶν
1854 1110 1989 1166 προσ

397 1181 656 1238 εστώτων
678 1183 909 1240 ἕκαστον
931 1183 1230 1252 κινοῦντος,
1260 1185 1356 1238 καὶ⁸
1379 1184 1606 1252 οὐρανὸν
1627 1185 1730 1254 τὴν
1759 1183 1990 1256 Ἐκκλη-

400 1281 528 1336 σίαν
558 1281 844 1346 ποιοῦντος
868 1325 883 1350 ,
923 1283 1058 1336 πᾶσι
1093 1281 1262 1352 δῆλόν
1283 1281 1454 1334 ἐστιν.
1493 1280 1618 1333 Ὅτι
1658 1279 1718 1333 δὲ
1749 1276 1989 1348 νοσησά-

399 1388 506 1442 σης
549 1371 647 1425 καὶ
695 1373 1090 1442 στασιασάσης,
1119 1371 1343 1440 ἀπέπτη
1389 1371 1568 1425 πάντα
1627 1371 1834 1434 ἐκεῖνα,
1886 1366 1986 1420 καὶΙ

397 1465 775 1538 ἀπεπήδησεν,
807 1465 871 1518 οὐ
892 1465 962 1518 τὰ
981 1463 1301 1536 χαρίσματα
1332 1463 1515 1530 μόνον·
1544 1463 1606 1516 οὐ
1634 1461 1744 1534 γὰρ
1760 1455 1991 1534 ἦνοῦτω

397 1557 587 1611 δεινδνι
610 1558 659 1610 εί
687 1555 852 1610 τοῦτο
885 1555 1046 1628 μόνον
1065 1551 1132 1628 ἦν
1157 1571 1172 1588 ·
1205 1554 1340 1610 ἀλλὰ
1377 1555 1474 1609 καὶ
1505 1553 1620 1624 βίος
1661 1553 1760 1606 καὶ
1789 1551 1984 1625 ἀρετὴ,

399 1649 499 1703 καὶ
537 1647 697 1702 τοῦτο
742 1649 880 1704 πᾶσι
917 1647 1099 1718 δῆλον.
1137 1647 1258 1702 Ἵνα
1311 1645 1422 1717 γὰρ
1465 1645 1636 1699 τᾶλλα
1688 1642 1894 1716 παρῶο,
1931 1642 1992 1708 εξ

2091 521 2278 578 dinem
2308 519 2515 576 habens
2542 519 2852 590 gravissimi
2879 532 2948 576 ac
2966 530 3107 588 pene
3149 514 3470 574 incurabilis
3496 515 3678 572 morbi

2090 625 2310 668 sensum
2340 611 2445 682 ipsi
2477 613 2733 681 ingenera
2769 630 2785 668 :
2814 619 2907 668 aut
2941 609 3112 683 ipsius
3139 607 3545 680 improbitatem
3573 606 3677 664 ob.

2093 713 2294 770 terens,
2329 703 2399 760 ab
2423 717 2488 759 eo
2519 712 2572 756 te
2603 717 2850 759 remove.
3465 780 3506 818 ἢ,

2371 816 2598 874 CDVHI.
2618 847 2692 858 --
2729 816 2981 874 Z-ENONI
3014 815 3370 875 MONACHO‘.

2163 909 2316 978 Quod
2346 911 2571 966 ﬂorente
2623 909 2890 976 Ecclesia,
2936 919 2992 964 et
3046 910 3284 966 nondum
3314 909 3505 966 morbo
3526 908 3678 965 labo-

2091 1009 2247 1054 rante
2273 999 2471 1055 divinae
2497 1000 2686 1071 gratia:
2709 1001 2918 1056 circum
2946 1013 3063 1055 eam
3092 999 3242 1056 velut
3283 1002 3512 1057 chorum
3545 1015 3676 1070 age-

2094 1103 2233 1158 rent,
2287 1106 2479 1149 sancto
2527 1092 2786 1149 videlicet
2828 1091 3036 1162 Spiritu
3096 1105 3184 1149 res
3224 1093 3665 1159 administrante,

2091 1193 2254 1256 atque
2313 1187 2620 1241 antistitum
2679 1199 3120 1256 unumquemque
3146 1184 3429 1254 incitante,
3459 1201 3522 1242 ac
3569 1183 3677 1242 Ec-

2091 1275 2310 1330 ‘clesiam
2351 1275 2406 1331 in
2458 1277 2658 1332 coelum
2696 1285 3080 1342 convertente,
3111 1276 3364 1333 omnibus
3404 1287 3590 1333 notum
3619 1287 3678 1334 ot

2089 1368 2434 1438 perspicuum
2461 1377 2563 1424 est.
2599 1368 2752 1436 Quod
2775 1377 2980 1437 autem,
3007 1375 3356 1440 posteaquam
3388 1384 3452 1425 ea
3482 1372 3676 1427 morbo

2093 1457 2297 1515 affecta
2315 1467 2421 1524 est,
2451 1449 2516 1516 ac
2545 1459 2812 1516 seditione
2855 1459 3145 1526 laboravit,
3183 1465 3367 1516 omnia
3421 1461 3512 1517 illa
3546 1477 3677 1518 avo-

2093 1548 2278 1616 larint,
2311 1557 2476 1620 alque
2507 1563 2615 1604 non
2667 1549 2857 1620 gratiae
2912 1549 3175 1604 duntaxat
3200 1549 3402 1620 (neque
3423 1551 3570 1607 enim
3599 1549 3677 1608 ita

2091 1643 2273 1714 gravis
2295 1655 2384 1698 res
2413 1650 2580 1706 esset,
2607 1641 2652 1697 si
2679 1643 2782 1697 boc
2825 1640 2998 1698 solum
3027 1642 3156 1698 mali
3181 1642 3348 1711 esset)
3389 1641 3678 1698 sed-etiam

399 1740 528 1805 ινὸς
559 1740 888 1812 πράγματος
922 1739 1020 1794 καὶ
1047 1739 1178 1811 περὶ
1207 1738 1318 1792 τῶν
1356 1737 1562 1790 λοιπῶν
1587 1735 1882 1807 αἰνίξομαι.
1915 1734 1989 1788 Τδ

2095 1735 2202 1790 vita
2227 1743 2283 1789 et
2310 1733 2480 1789 virtus
2505 1733 2894 1802 abscesserint,
2917 1733 2972 1790 id
2992 1747 3212 1806 quoque
3243 1733 3448 1790 nemini
3474 1733 3678 1790 obscu-

405 1833 515 1904 μὲν
545 1831 658 1904 γὰρ
683 1831 785 1902 τῆς
825 1832 1052 1902 εἰρήνης
1077 1831 1272 1901 ὄνομα,
1299 1827 1574 1900 πανταχοῦ
1601 1843 1616 1859 ο
1640 1826 1702 1880 τὺ
1729 1826 1788 1880 δὲ
1810 1827 1991 1898 πρᾶγ-

402 1939 506 1996 μα,
562 1921 822 1992 οὐδαμοῦ.
867 1921 1008 1975 Ἀλλ’
1050 1921 1227 1976 ἔοικεν
1271 1921 1570 1993 Ἐκκλησία
1609 1918 1831 1989 γυναικί
1881 1934 1990 1972 τινι

396 2014 506 2086 τῆς
532 2012 765 2086 ἀρχαίας
793 2013 1098 2084 εὐημερίας
1129 2011 1442 2086 ἐκπεσούσῃ
1466 2053 1482 2078 ,
1517 2011 1612 2066 καὶ
1639 2011 1710 2066 τὰ
1743 2009 1990 2082 σύμϐολα

401 2103 572 2175 μόνον
627 2103 850 2175 ἐχούσῃ.
914 2103 1026 2168 Τὰς
1065 2103 1164 2174 μὲν
1221 2102 1332 2174 γὰρ
1379 2102 1554 2172 θήκας
1595 2101 1704 2155 τῶν
1736 2099 1986 2172 κοσμίων

397 2193 518 2266 εχει
559 2195 656 2248 καὶ
693 2195 762 2250 τὰ
797 2193 1068 2250 κιϐώτιαο
1122 2193 1218 2248 τοῦ
1270 2193 1328 2248 δὲ
1381 2193 1616 2248 πλούτου
1666 2192 1982 2264 ἐστέρηται,

396 2287 466 2341 οὐ
495 2286 649 2358 παρὰ
696 2286 797 2358 τὴν
825 2285 921 2338 τοῦ
959 2286 1020 2353 ἐξ
1049 2284 1228 2356 ἀρχῆς
1273 2285 1650 2356 κοσμήσαντος
1699 2282 1990 2354 ἀμέλειαν,

395 2374 543 2430 ἀλλὰ
579 2373 732 2446 παρὰ
759 2377 861 2446 τὴν
897 2373 1011 2428 τῶν
1043 2375 1104 2427 οὐ
1137 2373 1368 2438 δεόντως
1393 2373 1461 2428 τὰ
1491 2373 1794 2446 πράγματα
1828 2389 1992 2446 μετα-

394 2443 796 2536 χαριζομένων
816 2443 1044 2522 κακίαν.
1073 2465 1138 2518 Oi
1175 2463 1274 2534 μὲν
1302 2463 1414 2534 γὰρ
1445 2443 1666 2528 πωλεῖν,
1698 2464 1748 2516 oi
1769 2443 1840 2516 δε
1864 2443 1993 2532 ᾖον

395 2554 593 2629 ράζειν
620 2555 720 2626 τὴν
759 2553 1064 2627 ἱερωσύνην
1091 2554 1387 2625 τολμῶσιν.
1413 2555 1480 2608 Oi
1506 2554 1606 2624 μὲν
1633 2553 1990 2626 πράττουσιν,

395 2645 438 2700 ἃ
475 2643 614 2716 μηδὲ
647 2645 828 2714 λέγειν
867 2645 1052 2716 τολμῶ
1093 2643 1216 2710 ἐξόν
1240 2661 1265 2676 ι
1290 2645 1342 2698 οι
1387 2645 1446 2699 δὲ
1480 2644 1754 2714 λέγουσιν,
1791 2643 1829 2698 ἃ.
1862 2642 1990 2714 μηδ’

393 2739 616 2792 ιννοεῖν-
632 2735 812 2806 Θέμις.
843 2736 1087 2800 Είκότως
1111 2730 1204 2792 οὖν
1231 2735 1502 2808 ἠπείλησε
1526 2737 1642 2800 τοῖς
1669 2733 1934 2799 τοιούτοις
1963 2735 1993 2788 ό

392 2827 500 2897 τῆς
544 2823 876 2895 Ἐκκλησίας
919 2824 1204 2896 Δεσπότης
1245 2825 1342 2879 καὶ
1388 2823 1624 2895 νυμφίος
1671 2821 1820 2876 τοῦθ’
1852 2823 1992 2894 ὅπερ

398 2917 597 2990 μαθεῖν
619 2917 914 2988 ἐζήτησας,
939 2917 1023 2972 ὅτι
1043 2916 1210 2984 Ἥξει
1229 2917 1258 2970 ὁ
1278 2914 1486 2996 Κύριος
1505 2915 1602 2970 τοῦ
1624 2914 1814 2970 δούλου
1842 2913 1992 2968 ὲκεί-

393 3025 494 3064 νου
515 3048 533 3074 ,
565 3009 664 3062 καὶ
707 3008 1059 3081 διχοτομήσει
1103 3008 1290 3074 αὐτὸν,
1351 3007 1448 3063 καὶ
1491 3007 1554 3062 τὺ
1600 3008 1771 3080 μέρος
1821 3005 1988 3063 αὐτοῦ

2093 1841 2214 1882 rum
2241 1834 2346 1882 est.
2378 1825 2451 1882 Ut
2480 1827 2624 1882 enim
2653 1825 2756 1881 alia
2792 1825 3062 1894 omittam,
3110 1841 3178 1884 ex
3225 1842 3335 1882 una
3389 1841 3454 1884 re
3476 1835 3678 1883 caetera

2091 1919 2259 1972 etiam
2285 1916 2618 1988 signiﬁcabo.
2659 1916 2874 1973 Etenim
2899 1917 3050 1988 pacis
3072 1917 3302 1988 quidem
3321 1931 3523 1972 nomen
3551 1916 3678 1974 ubi-

2092 2021 2197 2076 que
2222 2015 2304 2062 est
2335 2025 2350 2063 :
2383 2021 2472 2062 res
2501 2017 2682 2062 autem
2713 2008 2830 2079 ipsa
2855 2023 3125 2078 nusquam
3157 2025 3174 2063 :
3212 2018 3400 2064 verum
3431 2007 3680 2064 Ecclesia

2092 2098 2313 2155 feminae
2337 2100 2577 2166 cuidam,
2609 2114 2730 2170 qua:
2769 2114 2838 2156 ex
2871 2101 3097 2171 antiqua
3142 2099 3408 2156 felicitate
3449 2099 3675 2165 excidit,

2093 2205 2160 2246 ac
2191 2191 2345 2264 signa
2375 2199 2584 2247 tantum
2624 2166 2814 2262 babet,
2844 2166 3039 2249 similis
3081 2201 3186 2248 est.
3217 2190 3678 2248 Ornamentorum
3733 2166 3742 2194 ⁸

2091 2284 2236 2340 enim
2267 2299 2488 2340 suorum
2519 2285 2706 2341 thecas
2727 2293 2785 2340 et
2807 2285 3020 2340 arculas
3068 2283 3252 2350 habet,
3278 2282 3470 2353 opibus
3495 2288 3680 2336 autem

2092 2373 2324 2444 spoliata
2353 2381 2480 2430 est:
2511 2388 2618 2429 non
2641 2374 2712 2430 ob
2743 2373 2881 2444 ejus,
2907 2375 3000 2444 qui
3023 2387 3144 2430 eam
3169 2373 3407 2444 primum
3446 2375 3681 2427 exorna-

2092 2466 2191 2532 vit,
2221 2465 2489 2521 incuriam
2517 2481 2582 2522 ac
2626 2466 3040 2536 negligentiam,
3076 2465 3175 2524 sed
3224 2465 3296 2522 ob
3341 2471 3555 2530 eorum,
3582 2460 3684 2534 q-ttl

2091 2569 2222 2623 non,
2257 2566 2318 2612 ut
2342 2557 2620 2626 convenit,
2676 2571 2766 2614 res
2804 2557 3210 2625 administrant,
3239 2555 3676 2626 improbitatem.

2091 2647 2199 2704 Alii
2228 2646 2375 2702 enim
2407 2649 2672 2715 vendere,
2701 2648 2796 2704 alii
2828 2662 3012 2704 emere
3050 2648 3420 2704 sacerdotium
3450 2647 3674 2702 audent.
3762 2653 3768 2658 '

2091 2739 2199 2795 Atii
2231 2754 2294 2795 ea
2327 2749 2517 2812 agunt,
2551 2755 2676 2811 quae
2694 2740 2909 2797 etiamsi
2936 2740 3116 2806 liceat,
3149 2739 3333 2797 dicere
3357 2748 3536 2794 tamen
3568 2750 3682 2795 non

2095 2831 2313 2898 audeo;
2347 2831 2439 2886 alii
2473 2840 2654 2887 autem
2681 2844 2754 2888 ea
2799 2831 3008 2898 dicunt,
3039 2845 3160 2902 qua
3193 2845 3263 2887 ne
3288 2829 3534 2900 cogitare
3553 2829 3678 2899 qui-

2100 2923 2222 2978 dem
2253 2921 2338 2979 i’as
2363 2931 2472 2978 est.
2497 2922 2697 2978 Merito
2739 2921 2970 2993 proinde
2995 2921 3314 2993 huiusmodi
3365 2919 3680 2978 hominibus

2093 3013 2355 3072 Ecclesia:
2376 3012 2648 3072 Dominus
2665 3029 2731 3072 ac
2761 3013 3008 3086 Sponsus
3029 3015 3136 3072 hoc
3165 3015 3546 3072 interminatus
3571 3021 3678 3080 est,

398 3099 545 3173 μετὰ
579 3100 690 3154 τῶν
739 3102 988 3156 ἀπίστων
1042 3100 1222 3172 θήσει.
1273 3099 1438 3154 una:
1491 3098 1660 3170 μῦθος
1717 3099 1906 3164 αὐτοῖς
1953 3101 1988 3171 ὴ

2097 3107 2242 3176 quod
2284 3107 2380 3162 tibi
2417 3121 2460 3161 at
2484 3119 2574 3162 me
2617 3106 2820 3177 exponi
2865 3105 3384 3178 quesiisti:Veniet
3423 3105 3681 3162 Dominus

395 3191 630 3264 τοιαύτη
661 3191 884 3265 ἀπειλὴ,
920 3193 1018 3246 καὶ
1054 3192 1088 3264 ἠ
1115 3190 1415 3262 ἀπόφασις,
1463 3189 1738 3262 ἀγυρτικὴ
1771 3188 1991 3262 νομίζε-

394 3299 494 3339 ται
533 3281 860 3352 λογοποιία⁶
901 3283 1082 3338 καίτοι
1122 3283 1310 3337 λοιπὸν
1350 3281 1446 3336 τοῦ
1473 3281 1682 3351 κόσμου
1727 3283 1808 3346 είς
1837 3281 1990 3346 τέλος

399 3373 788 3444 ἐπειγομένου,
821 3373 915 3428 καὶ
942 3373 1042 3445 τὴν
1061 3371 1332 3444 τιμωρίαν
1357 3371 1666 3436 ὠδίνοντος.
1709 3369 1872 3425 Ἀλλὰ
1899 3372 1988 3438 σὺ,

395 3455 448 3519 ὦ
487 3462 594 3534 τῆς
647 3461 982 3535 Ἐκκλησίας
1025 3462 1250 3534 θρέμμα
1303 3459 1692 3532 περίϐλεπτον,
1741 3459 1817 3533 μὴ
1871 3463 1988 3524 τοῖς

397 3553 706 3625 ναυαγοῦσι
736 3555 1001 3626 πρόσεχε,
1039 3554 1176 3626 μηδὲ
1197 3553 1310 3618 τοῖς
1336 3551 1639 3625 ῥαθυμοῦσι
1670 3551 1993 3625 παράϐαλλε

399 3646 656 3715 σεαυτὸν,
709 3645 847 3702 ἀλλά
899 3647 960 3700 τὸ
1007 3645 1126 3716 φῶς
1155 3645 1254 3717 τῆς
1301 3643 1558 3714 γνώσεως
1605 3641 1990 3716 λαμπρότερον

399 3736 787 3802 κατασκεύαζε
810 3777 827 3805 ,
860 3737 1098 3802 ποτίζων
1147 3736 1262 3809 (24)
1301 3735 1434 3794 αὐτὸ
1463 3734 1552 3790 διὰ
1577 3735 1679 3807 τῆς
1723 3735 1868 3790 κατὰ
1893 3735 1986 3793 τὸν

405 3830 522 3903 βίον
559 3829 789 3902 ἀρετῆς.
821 3830 934 3884 Καὶ
961 3829 1055 3883 τὸν
1083 3829 1317 3900 νυμφίον
1345 3827 1611 3900 περίμενε
1629 3866 1646 3894 ,
1683 3827 1992 3886 είσελευσό-

403 3939 574 3996 μενον
601 3921 702 3992 μὲν
733 3919 1003 3993 μετὰτῶν
1023 3919 1314 3991 παρθένων
1335 3917 1538 3990 ψυχαῖς
1552 3933 1614 3970 τε
1637 3916 1729 3971 καὶ
1753 3916 1990 3990 σώμασιο

407 4012 878 4092 μετελευσόμενον
909 4011 974 4069 δὲ,
1005 4011 1135 4074 τοὺς
1165 4009 1227 4066 τὸ
1252 4011 1357 4081 τῆς
1401 4007 1704 4080 παρθενίας
1745 4009 1840 4066 καὶ
1883 4010 1986 4082 τῆς

401 4103 711 4177 ἱερωσύνης
741 4103 1000 4176 ἀξίωμα,
1044 4101 1114 4158 δι’
1142 4093 1220 4159 ὧν
1258 4100 1586 4175 δεδράκασιν
1613 4140 1634 4176 ,
1669 4100 1990 4175 ἐνυϐρίσαν-

403 4213 530 4263 τας.

697 4473 825 4531 ΥΘν.
847 4502 920 4515 -—
945 4471 1306 4546 ΔΔΜΠΕΤΙῼ
1331 4472 1702 4544 ΕΠΙΣΚΟΠῼ.

488 4562 801 4632 Ἐξανύσων
839 4562 902 4618 τὸ
929 4561 1086 4636 παρὰ
1132 4563 1228 4618 σοῦ
1263 4562 1816 4635 προπαχθησόμενον
1847 4561 1987 4634 (25),

404 4651 645 4722 ἄσμενος
683 4644 820 4723 ἧκεν
865 4651 898 4705 ὁ
936 4650 1121 4720 φίλος,
1172 4643 1233 4706 εὖ
1281 4649 1436 4714 εἰδὼς
1463 4651 1547 4704 ὅτι
1590 4649 1663 4704 τὰ
1696 4649 1849 4722 παρὰ
1893 4647 1988 4706 σοῦ

405 4742 775 4814 κελευόμενα,
807 4743 890 4808 είς
942 4742 1228 4798 εὐσέϐειαν
1259 4743 1356 4798 καὶ
1391 4741 1739 4814 δικαιοσύνην
1779 4741 1990 4814 βλέπει.

417 4829 714 4902 Ἀγασθεὶς
739 4825 833 4887 οὖν
853 4831 952 4906 τὴν
990 4831 1323 4906 προθυμίαν,
1347 4831 1578 4904 ἄμειψαι
1603 4835 1672 4904 τῇ
1705 4832 1993 4906 εὐμενείᾳ.

514 5032 637 5102 ιϊιο.
669 5063 743 5077 -
779 5033 1216 5108 ΜΔΡΤΙΝῙΔΝῼ
1246 5033 1360 5106 (26)
1391 5033 1864 5108 ΠΡΕΣΒΥΤΕΡῼ.

492 5143 640 5216 Ἐγὼ
664 5143 793 5200 οὕτε
819 5147 1120 5215 ἄπταιστός
1149 5149 1299 5222 εἰμι,
1325 5147 1452 5204 οὔτε
1471 5148 1806 5214 ἀπταίστους
1835 5148 1985 5222 ζητῶ

487 5298 538 5334 ⁸⁷
574 5297 712 5360 Luc.
731 5317 828 5372 ιιι,
866 5303 958 5361 ιϐ.

2026 4444 2072 4502 D

2091 3195 2236 3254 servi
2261 3195 2426 3263 illius,
2451 3203 2509 3251 et
2532 3195 2738 3284 dividet
2765 3210 2914 3263 eum,
2959 3204 3015 3251 et
3043 3205 3254 3266 partem
3283 3195 3404 3268 ejus
3431 3210 3560 3252 cum
3592 3195 3678 3251 in-

2091 3289 2346 3346 ﬁdelibus
2380 3297 2550 3361 ponet
2575 3287 2648 3342 ⁵³.
2675 3288 2878 3344 Verum
2928 3285 3238 3354 huiusmodi
3297 3285 3680 3344 comminatio-

2092 3396 2216 3438 nem
2241 3397 2342 3453 pro
2368 3380 2549 3436 fabula
2583 3381 2808 3448 ducunt,
2843 3387 3008 3448 atque
3045 3378 3190 3435 hanc
3211 3379 3542 3434 sententiam
3572 3393 3676 3448 pro

2091 3472 2433 3528 circulatoris
2491 3469 2774 3539 cujusdam
2837 3469 3146 3540 ﬁgmento:
3182 3469 3398 3526 etiamsi
3445 3468 3680 3526 mundus

2089 3563 2205 3636 jam
2251 3564 2320 3620 ad
2361 3565 2522 3619 linem
2573 3569 2962 3634 properetgac
3013 3560 3337 3632 supplicium
3387 3560 3678 3632 parturiat.

2093 3655 2166 3711 At
2194 3661 2273 3722 tu,
2301 3669 2336 3711 o
2367 3653 2660 3725 conspicue
2684 3652 2942 3710 Ecclesiae
2975 3653 3211 3720 alumne,
3249 3666 3320 3708 ne
3339 3653 3406 3709 ad
3437 3667 3554 3718 eos,
3587 3651 3684 3722 qui

2095 3743 2382 3816 naufragio
2425 3751 2674 3815 pereunt,
2712 3743 2956 3800 animum
3005 3743 3280 3808 attendas,
3313 3757 3414 3798 nec
3434 3757 3560 3798 cum
3591 3755 3682 3798 se-

2094 3836 2292 3910 gnibus
2327 3845 2382 3891 et
2407 3835 2618 3907 ignavis
2655 3835 2887 3906 teipsum
2915 3849 3203 3906 compares
3235 3853 3251 3891 :
3277 3849 3467 3891 verum
3497 3833 3682 3892 scien-

2095 3925 2184 3982 tiae
2210 3925 2397 3980 lumen
2419 3923 2754 3996 splendidius
2789 3923 3022 3982 subinde
3063 3924 3251 3990 redde,
3289 3939 3388 3996 per
3401 3924 3526 3980 vitae
3554 3939 3706 3996 pro-

2095 4018 2322 4074 bitatem
2377 4017 2553 4089 ipsum
2591 4016 2848 4088 irrigans.
2889 4016 3069 4088 Atque
3117 4030 3378 4087 sponsum
3421 4023 3681 4086 exspecta

2095 4107 2470 4182 ingressurum
2515 4108 2734 4180 quidem
2761 4122 2884 4164 cum
2915 4108 3011 4176 iis,
3045 4107 3135 4178 qui
3165 4107 3364 4164 animis
3396 4116 3452 4160 et
3482 4120 3682 4176 corpo-

2096 4201 2250 4258 ribus
2277 4202 2516 4273 virgines
2544 4211 2672 4258 sunt
2705 4221 2720 4258 :
2749 4203 2816 4258 de
2861 4202 2932 4258 iis
2974 4209 3180 4266 autem,
3211 4199 3302 4270 qui
3346 4198 3680 4267 virginitatis

2095 4300 2150 4350 et
2177 4292 2472 4350 sacerdotii
2519 4291 2771 4364 dignitati
2800 4306 2897 4364 per
2925 4290 3130 4359 ﬂagitia
3163 4303 3262 4346 sua
3293 4288 3684 4348 contumeliam

2097 4383 2416 4448 intulerunt,
2446 4382 2773 4452 supplicium
2803 4391 3164 4451 sumpturum.

2368 4470 2554 4526 CDIX.
2573 4501 2644 4512 —
2664 4469 3014 4526 LAMPETIO
3051 4466 3408 4524 EPISCOPO.

2173 4561 2386 4620 Libenti
2419 4563 2622 4630 animo,
2649 4561 2879 4632 utquod
2907 4561 3005 4617 abs
3052 4570 3106 4616 te
3139 4560 3464 4630 imperatum
3494 4556 3693 4624 fuerit,

2101 4660 2460 4724 exsequatur,
2512 4650 2722 4706 amicus
2763 4650 2935 4716 venit,
2978 4663 3079 4720 pro
3121 4657 3272 4706 certo
3312 4645 3688 4704 videiicetha—

2095 4743 2240 4809 benef
2271 4758 2363 4809 ea,
2399 4757 2522 4812 qum
2573 4742 2672 4798 abs
2703 4749 2756 4797 te
2802 4741 3163 4810 imperantur,
3219 4740 3288 4796 ad
3336 4739 3592 4810 pietatem
3628 4747 3686 4795 et

2091 4833 2360 4906 justitiam
2387 4845 2656 4904 spectare.
2705 4832 3072 4900 Quamobrem
3104 4831 3274 4889 animi
3300 4829 3686 4902 prompmudi-

2099 4942 2224 4986 nem
2252 4925 2576 4994 admiratus,
2614 4924 3051 4985 benevolentiam
3103 4924 3208 4994 ipsi
3241 4926 3536 4996 repende...

2164 5037 2327 5111 ul
2363 5036 2526 5094 σοι.
2557 5062 2630 5080 --
2659 5032 3098 5092 MARTINIANO
3127 5033 3616 5092 PRESBYTERO.
3637 5091 3646 5095 ,.

2163 5147 2278 5221 Ego
2303 5161 2406 5210 nec
2443 5147 2603 5220 culpa
2646 5159 2829 5216 careo,
2876 5158 2980 5204 nec
3008 5143 3235 5212 amicos,
3263 5143 3358 5217 qui
3404 5141 3562 5214 culpa
3587 5153 3699 5198 eam
3738 5214 3744 5218 _

1512 5418 1749 5478 VARIAE
1775 5420 2159 5480 LECTIONES
2196 5418 2286 5478 ET
2325 5419 2558 5477 ΝΟΤιΕ.

487 5574 604 5701 g3)
629 5579 692 5632 In
723 5577 808 5634 tit.
843 5576 1004 5650 hujus
1028 5591 1114 5648 ep.
1149 5591 1248 5646 pro
1289 5576 1507 5651 μοναχῷ
1533 5580 1654 5638 cod.
1683 5578 1861 5639 Vatic.
1897 5579 2002 5639 650

557 5655 605 5701 ι.
633 5647 908 5701 ναυόιονω.
941 5647 1224 5701 navare/to.
1255 5645 1461 5701 Possm.

407 5645 605 5721 habet,
633 5645 1224 5721 yaudtpxq),'uavdrcjto.
1255 5645 1461 5721 Eossui.

483 5715 600 5784 (ει)
635 5715 946 5784 ιίίθηίόὂίίη
978 5716 1244 5786 φωτίζων.
1278 5717 1356 5776 ID.

2204 5579 2296 5652 25)
2328 5577 2654 5652 igiem__cod.,
2693 5580 3058 5652 προσταχθέν.
3087 5577 3165 5636 in.

2204 5579 2276 5634 25
2328 5579 2474 5635 Idem
2505 5579 2654 5646 cod.,
2693 5580 3058 5652 προσταχθέν.
3087 5579 3165 5636 In.

2203 5579 2296 5721 ἰδὲ
2327 5649 2445 5734 Non
2468 5647 2818 5776 Μαρτινιανὲ
2861 5651 2958 5706 sed
3001 5646 3319 5720 Μαρτυρίῳ.
3355 5643 3681 5704 inscribitur

2203 5736 2222 5776 ε
2256 5737 2343 5776 eu.
2378 5735 2431 5776 in
2461 5723 2582 5776 cod.
2617 5717 2736 5776 Vat.
2810 5717 2898 5776 50.
2935 5719 3011 5776 In.

2109 5717 2222 5776 haec
2256 5717 2343 5792 ep.
2378 5719 2431 5776 in
2461 5717 2582 5778 cod.
2617 5717 2736 5776 Vat.
2775 5717 2898 5776 650.
2935 5719 3011 5776 In.
