4084 6386
448 347 579 414 1051
1649 354 1708 413 S.
1754 354 1850 413 IS]
1862 355 2049 419 DORI
2088 357 2528 419 PELUSIOTI‘E
3584 348 3723 416 1052

450 465 593 517 cutim
619 472 702 519 est
733 461 873 518 istud
909 472 1111 529 votum,
1157 464 1250 535 qui
1278 465 1583 521 meretricis
1629 470 1833 524 retibus
1877 471 2006 527 altiu

2107 524 2111 536 ,
2142 474 2366 545 ῥίπτων,
2394 476 2729 548 ἀντιϐολοίης
2759 474 3000 544 σωθῆναι
3031 472 3383 542 ἐμϐρόντητε,
3414 469 3597 539 σαυτῷ
3621 487 3723 524 κα-

449 553 633 606 volant
674 571 687 606 :
734 569 839 608 non
880 568 1091 618 eorum,
1137 556 1225 624 qui
1277 548 1445 626 ipsius
1490 560 1841 628 wmpedibus
1892 565 2007 618 ultu

2139 567 2494 632 τασκεύαζων
2540 569 2631 624 τὸν
2662 569 2938 633 κίνδυνον,
2979 566 3113 636 εὐχῇ
3162 563 3401 633 σωθῆναι
3441 560 3576 632 (58).
3610 563 3722 615 Καὶ

450 642 773 710 semetipsos
806 635 1165 700 induunLVel
1188 646 1430 715 perinde,
1453 648 1605 717 quasi
1639 663 1707 705 ex
1733 652 1852 705 navi
1879 661 1930 708 te
1952 653 2007 722 ip

2139 658 2255 722 πῶς
2284 654 2395 712 οἶόν
2434 677 2529 727 τες
2570 660 2692 714 Τῶν
2726 659 2835 731 γὰρ
2865 635 3052 712 πάντα
3070 657 3137 709 τὰ
3167 657 3296 727 παρ’
3335 653 3542 708 ἑαυτῶν
3583 651 3723 722 πλη-

413 759 421 767 ~
448 745 579 785 sum
602 730 654 785 in
683 732 1002 790 immensum
1027 735 1247 806 pelagus
1277 738 1588 805 proﬁciens,
1610 749 1663 794 et
1694 741 1833 798 ultro
1860 752 1915 800 te
1934 759 2007 814 pe

2140 746 2409 817 ρούντων,
2459 749 2552 802 καὶ
2601 730 3062 818 παρακαλούντων
3098 745 3173 816 μὴ
3204 741 3566 814 βαπτισθῆναι
3624 743 3721 811 τὴν

449 822 619 876 riculo
642 824 924 891 ohjiciens,
952 842 1051 897 pro
1073 828 1245 883 salute
1274 838 1328 883 et
1352 832 1770 888 censet-vatione
1796 835 1870 889 tui
1900 851 2007 906 supr

2134 834 2341 889 οἰκείαν
2372 837 2568 907 τέχνην
2595 837 2700 891 ὑπὸ
2728 836 2821 890 τοῦ
2858 834 3147 931 χειμῶνος,
3181 832 3329 885 ἐστὶν
3360 830 3501 931 αἰύτη
3596 829 3721 931 δέη;

446 912 693 979 plicares.
726 915 793 971 Et
819 933 929 987 quo
952 929 1138 987 pacto,
1166 934 1372 990 quaeso,
1404 921 1543 977 hunc
1571 922 1730 979 talem
1756 926 2007 984 hominen

2130 942 2250 989 σις’
2284 927 2345 980 οὐ
2393 927 2501 981 τῶν
2544 929 2778 993 ἑαυτοὺς
2821 929 2901 990 είς
2937 928 2999 979 τὸ
3046 924 3281 992 πέλαγος
3332 922 3428 976 καὶ
3467 922 3574 993 πρὸ
3624 921 3719 973 τοῦ

446 1003 582 1072 ipsa,
608 1003 653 1059 si
688 1006 838 1071 velit,
871 1006 1019 1062 salus
1041 1022 1262 1064 servare
1283 1011 1491 1080 possit?
1518 1012 1653 1069 Nam
1685 1015 1772 1082 iis,
1796 1017 1887 1086 qui
1911 1033 1998 1073 om

2110 1014 2397 1091 ,κλύδωνος
2425 1019 2782 1090 ῥιπτούντων.
2809 1016 3022 1073 Παῦσαι
3053 1015 3233 1070 τοίνυν
3254 1014 3499 1085 τρυφῶν.
3522 1014 3586 1066 Εἰ
3611 1013 3721 1083 γὰρ

446 1095 532 1147 uia
567 1114 687 1163 qua:
718 1099 769 1150 in
801 1113 860 1153 se
889 1108 1037 1164 sunt,
1064 1101 1320 1169 implent,
1350 1105 1552 1173 quique
1574 1117 1748 1162 artem
1784 1123 1937 1164 suam
1976 1111 2007 1164 it

2126 1108 2364 1177 γαστρὸς
2388 1110 2639 1181 περιὲσῃ,
2670 1111 2766 1163 κα)⁸
2790 1109 2898 1162 τῶν
2931 1108 3069 1178 μετά
3104 1105 3349 1194 γαστέρα
3387 1106 3713 1189 κρατήσεις..

444 1185 700 1237 ουιξιίιιιιι
753 1198 963 1254 vocant,
1015 1204 1083 1244 ne
1132 1206 1163 1245 a
1222 1200 1543 1261 tempestate
1586 1196 2003 1267 submerguntur

2128 1199 2224 1252 καὶ
2251 1198 2464 1268 γέλωτα
2488 1201 2589 1253 οὐκ
2610 1200 2892 1270 ὀφλήσεις,
2919 1198 2995 1262 ὠς
3018 1196 3279 1251 τάναντία
3308 1188 3385 1250 ὧν
3408 1185 3716 1267 διαπράττῂ

441 1276 709 1344 ejusmodi
758 1283 1009 1337 convenit
1054 1284 1340 1352 precatio:
1384 1301 1724 1357 nequaquam
1766 1302 1897 1342 vero
1932 1288 2007 1354 iis,

2129 1288 2314 1343 λαϐεῖν
2349 1292 2808 1363 προσευχόμενος·
3305 1383 3341 1393 ﬁ
3412 1383 3424 1393 _
3546 1382 3556 1392 _
3602 1381 3613 1393 ,

447 1370 537 1439 qui
593 1372 755 1427 etiam
815 1384 1105 1445 alitequam
1163 1390 1350 1433 coorta
1391 1380 1444 1435 in
1495 1383 1630 1436 mari
1669 1381 1832 1437 fuerit
1891 1389 2207 1452 tempestas,
2265 1386 2475 1456 seipsos
2526 1387 2579 1440 in
2622 1387 2843 1457 pelagus
2894 1386 3254 1457 praecipitant.
3305 1383 3500 1439 Desine
3545 1381 3712 1451 igitur

444 1465 664 1521 delicias
692 1459 1048 1525 facere.iNam
1084 1472 1130 1527 si
1166 1483 1405 1528 ventrem
1443 1477 1836 1545 perdomueris,
1857 1478 2025 1533 etiam
2076 1478 2146 1532 iis
2187 1495 2309 1549 qua:
2351 1482 2450 1536 sub
2498 1492 2689 1537 ventre
2750 1493 2895 1548 sunt,
2928 1482 3037 1537 eris
3075 1482 3370 1552 superior:
3432 1493 3533 1534 nec
3575 1477 3716 1532 ultra

443 1556 727 1613 ridiculum
761 1568 811 1614 te
844 1561 1126 1629 prabebis,
1162 1574 1219 1618 ut
1248 1565 1339 1633 qui
1366 1569 1639 1622 contraria
1685 1578 1737 1625 te
1764 1569 2021 1638 consequi
2060 1583 2219 1639 posse
2248 1577 2402 1638 optes
2436 1571 2500 1624 iis
2539 1587 2662 1641 quae
2695 1572 2834 1641 agis.

1013 1693 1105 1750 Ill.
1133 1725 1205 1736 —
1233 1695 1464 1754 EIDEM.
1545 1705 1549 1710 ’

1071 1782 1148 1837 De
1193 1783 1396 1842 eodem.

511 1894 774 1960 Quoniam
816 1913 911 1966 per
947 1897 1156 1956 litteras
1184 1915 1251 1956 ex
1294 1916 1380 1958 me
1418 1904 1733 1972 quaesivisti,
1776 1908 1903 1978 quid
1922 1909 2023 1965 sibi

438 1986 569 2041 velit
614 1988 740 2042 illud
779 2007 793 2042 :
828 2007 846 2040 ι
881 1989 1102 2063 Confige
1157 1993 1351 2049 timore
1411 2003 1501 2051 tuo
1553 2012 1746 2054 carnes
1795 2016 1944 2055 nicas
1999 2021 2019 2055 ι

437 2076 709 2145 (fortassis
739 2080 880 2134 enim
914 2083 1224 2151 imprudens
1262 2085 1311 2139 id
1336 2086 1560 2155 petiisti,
1613 2090 1757 2159 quod
1777 2092 2023 2162 accipere

437 2165 674 2237 noluisti)
714 2170 977 2225 ausculta.
1019 2170 1147 2243 Fige
1178 2173 1342 2243 ipsas,
1376 2177 1666 2244 tuortiﬂca,
1718 2180 2020 2239 immobiles

437 2256 525 2311 fac
552 2260 618 2311 ad
656 2259 985 2341 voluptatem
1014 2280 1027 2316 :
1066 2278 1163 2332 pro
1187 2264 1354 2320 clavis
1386 2266 1547 2321 timor
1585 2272 1657 2323 tui
1695 2270 1841 2339 ipsas
1868 2272 2017 2343 figat,

433 2354 489 2401 et
536 2357 705 2403 niorte
733 2331 948 2418 alliciat,
993 2331 1148 2409 etin
1184 2370 1401 2412 crucem
1448 2367 1594 2429 agat,
1628 2368 1684 2416 et
1714 2331 2019 2419 immobiles

434 2447 596 2508 atque
622 2440 922 2500 ineliicaces
950 2444 1017 2499 ad
1048 2454 1326 2515 peccatum
1362 2446 1544 2507 faciat.
1590 2449 1818 2523 Cognita
1855 2455 2018 2526 igitur

435 2528 900 2600 interpretatione,
961 2544 1018 2591 tu
1079 2539 1169 2608 qui
1222 2539 1430 2597 deliciis
1482 2541 1750 2614 indulges,
1799 2561 1867 2601 ne
1911 2548 2017 2603 hoc

430 2629 583 2687 petas
618 2643 629 2678 :
663 2634 756 2679 aut
802 2625 848 2680 si
899 2628 1059 2696 petis,
1108 2630 1346 2686 deliciari
1379 2647 1444 2688 ac
1477 2632 1754 2693 luxuriare
1779 2637 2010 2694 desine:

429 2715 754 2780 praesertim,
785 2731 908 2770 cum
946 2733 1014 2772 ne
1045 2719 1262 2789 quidem
1299 2722 1443 2778 domi
1490 2733 1593 2780 tua:
1647 2727 1741 2781 tibi
1784 2730 2010 2785 materia

428 2800 744 2857 deliciarqu
791 2808 1187 2876 suppeditetur,
1228 2811 1321 2866 sed
1362 2812 1554 2870 alienis
1604 2818 1806 2873 mensis
1838 2820 2008 2889 impu-

427 2891 620 2944 denter
656 2892 901 2951 insiliens
939 2898 1107 2968 (quod
1135 2916 1299 2955 unum
1328 2917 1396 2957 ex
1431 2904 1591 2961 rebus
1632 2908 2006 2966 abominandis

427 2996 494 3037 ac
542 2984 757 3042 miseris
799 3003 920 3045 esse
967 2994 1337 3061 pronuntiavit
1386 2997 1662 3070 Salomon)
1716 3019 1730 3056 :
1783 3017 2003 3059 carnem

427 3087 656 3142 prorsus
682 3078 936 3135 indecore
964 3082 1350 3152 pinguefacias.
1377 3086 1492 3142 Non
1523 3091 1666 3144 enim
1697 3092 2003 3148 necessitati
2031 3085 2075 3143 C

430 3174 484 3219 te
502 3169 903 3241 accommodas;
935 3173 1030 3228 sed
1056 3183 1111 3230 et
1141 3169 1443 3234 satietatem
1466 3182 1793 3239 contumelia
1816 3182 2008 3240 silicis.

876 3285 1039 3359 515
1080 3287 1168 3345 tv.
1210 3321 1281 3331 —
1308 3291 1542 3350 EIDEM.

1026 3397 1103 3455 De
1128 3403 1308 3457 eadem
1331 3419 1402 3458 re.

492 3529 545 3586 ls
571 3532 810 3603 quidem,
836 3537 926 3605 qui
956 3538 1208 3595 virtutem
1238 3543 1575 3611 germanitus
1596 3552 1760 3613 atque
1788 3559 1858 3600 ex
1889 3545 2010 3600 ani-

420 3635 512 3678 mo
548 3623 784 3693 adamat,
828 3629 994 3683 etiam
1026 3629 1270 3687 divinum
1314 3647 1514 3688 numen
1540 3634 1667 3697 jure
1704 3637 2009 3706 tnerltoque

422 3712 634 3770 invocet
668 3715 738 3769 ad
769 3731 925 3787 Opem
975 3717 1275 3789 ferendam,
1324 3737 1434 3792 quo
1476 3724 1744 3781 desideria
1786 3740 1882 3785 sua
1933 3727 2003 3785 ad

419 3810 663 3873 optatum
692 3806 898 3860 exitum
933 3808 1212 3875 perducat.
1239 3811 1422 3882 Atqui
1450 3828 1573 3869 cum
1597 3830 1663 3873 ea
1686 3826 2001 3887 perpetuum

419 3894 616 3950 bellum
645 3897 806 3966 gerit,
838 3899 885 3953 is
910 3913 979 3955 ne
1004 3901 1222 3970 quidem
1249 3903 1297 3958 si
1331 3903 1500 3960 Deum
1532 3907 1585 3961 in
1608 3908 1867 3964 auxilium
1905 3926 2000 3966 vo-

419 3985 577 4051 carit,
620 3987 910 4055 propitium
945 3990 1185 4049 habebit.
1216 3993 1349 4061 Quze
1389 4011 1518 4066 ergo
1552 3998 1669 4053 haec
1706 4009 1792 4055 est
1816 4016 2002 4058 amen-

420 4075 515 4141 tia,
541 4079 682 4146 quod
713 4094 835 4135 cum
864 4095 1081 4138 carnem
1117 4091 1262 4141 tuam
1293 4088 1509 4158 crapula
1531 4099 1587 4148 et
1615 4091 1878 4149 ebrietate
1912 4109 2001 4150 as-

416 4165 575 4220 sidua
605 4166 975 4236 pinguefacias
997 4186 1063 4227 ac
1089 4174 1327 4246 sagines,
1353 4175 1639 4249 ignemque
1671 4181 1781 4251 igni
1805 4182 1997 4248 addas.

414 4264 470 4311 et
492 4256 699 4311 nullam
725 4274 833 4313 non
858 4261 1150 4333 voluptatis
1180 4266 1322 4321 viam
1350 4281 1543 4323 novam
1574 4270 1819 4335 rimeris,
1849 4281 1904 4328 et
1934 4272 1999 4327 li-

416 4347 652 4405 bidinem
698 4353 926 4421 sopitum
957 4370 1173 4427 quoque
1213 4358 1418 4415 excites
1464 4370 1519 4416 et
1566 4360 1790 4433 instiges
1832 4363 1996 4431 ultro,

415 4447 594 4497 tamen
639 4442 692 4497 in
727 4445 978 4514 precibus
1026 4448 1205 4504 dicere
1245 4449 1435 4507 ausis:
1475 4468 1494 4503 ι
1527 4430 1747 4523 Confige
1801 4430 1997 4513 timore
2026 4430 2071 4487 D

414 4538 506 4585 tuo
533 4546 726 4588 carnes
753 4549 904 4591 meas
927 4534 1004 4588 "‘1
1030 4555 1050 4589 ι
1074 4537 1209 4593 Nam
1241 4539 1292 4595 ei
1315 4540 1554 4609 quidem,
1583 4543 1673 4611 qui
1696 4542 1920 4613 jejuniis
1937 4553 1994 4601 et

414 4619 560 4674 humi
587 4625 962 4681 cubationibus
981 4637 1036 4682 et
1056 4642 1152 4697 per
1171 4630 1379 4699 vigilias
1401 4646 1620 4689 carnem
1647 4649 1804 4689 suam
1829 4637 1983 4692 tabe-

412 4706 561 4778 facit,
591 4720 645 4765 et
672 4715 892 4782 spiritus
925 4719 1150 4775 habenis
1191 4721 1581 4792 obsequentem
1620 4725 1790 4796 ipsam
1838 4728 1992 4784 exhi-

412 4799 524 4865 bet,
560 4802 840 4870 aptissima
872 4809 1493 4886 convenientissimaque
1522 4825 1606 4873 est
1650 4817 1769 4874 haec
1795 4833 1991 4889 preca-

414 4888 509 4945 tio.
543 4891 643 4957 Qui
674 4907 825 4962 vero,
855 4897 907 4951 id
940 4901 1081 4968 quod
1114 4910 1169 4959 tu
1200 4905 1356 4972 facis,
1395 4907 1473 4962 ita
1509 4918 1664 4978 parat
1702 4921 1758 4966 et
1804 4924 1992 4967 assue-

418 4979 799 5051 facitcarnem,
832 4997 890 5041 ut
918 4987 1128 5048 luxuria
1152 4996 1403 5064 exsultet,
1438 5000 1641 5070 quique
1681 4999 1991 5060 luxuriosas

412 5073 835 5134 comessationes
875 5090 931 5134 et
966 5083 1333 5143 temulentiatu
1360 5100 1625 5161 perpetuo
1658 5102 1989 5160 assectatur,

483 5249 529 5283 ”
555 5248 693 5307 Psal.
722 5268 914 5323 cxvm,
946 5254 1069 5312 120.

2639 1702 2712 1759 ιν.
2754 1734 2823 1742 -
2862 1704 2947 1775 Τῼ
2988 1703 3189 1774 arm.

2717 1799 2822 1863 Εἰς
2861 1798 2927 1850 τὸ
2959 1798 3128 1850 αὐτό.

2210 1911 2427 1982 Ἐπειδὴ
2462 1911 2768 1981 γέγραφας,
2815 1913 2866 1965 τί
2911 1914 3026 1966 ἐστι
3072 1913 3167 1966 τό·
3218 1931 3237 1964 ι
3279 1912 3614 1983 Καθήλωσον
3649 1914 3713 1965 ὲκ

2123 1999 2218 2054 τοῦ
2260 2003 2424 2071 φόϐου
2457 2021 2549 2056 σου
2598 2004 2695 2067 τὰς
2724 2005 2934 2075 σάρκας
2971 2022 3072 2076 μου
3101 2024 3117 2055 ι
3164 2004 3319 2075 (ἴσως
3361 2003 3472 2075 γάρ
3499 2001 3711 2071 ἀγνοῶν

2123 2091 2274 2161 ﬁrst;
2303 2091 2330 2143 ὃ
2378 2092 2453 2162 μὴ
2500 2092 2722 2146 ἐϐούλου
2760 2092 3013 2160 λαϐεῖν)’
3060 2095 3249 2149 ἄκουε.
3296 2093 3473 2166 Πῆξον
3507 2092 3707 2157 αὑτὰς,

2124 2180 2416 2250 νέκρωσον,
2445 2185 2732 2255 ἀκινήτους
2761 2185 2984 2256 ποίησον
3013 2184 3148 2257 πρὸς
3179 2185 3392 2257 ἡδονὴν,
3420 2184 3540 2238 ἀντὶ
3566 2185 3712 2256 ἥλων

2121 2274 2148 2324 ὁ
2186 2273 2348 2341 φόϐος
2390 2278 2417 2327 ὁ
2455 2274 2543 2335 σὸς
2591 2275 2852 2344 πηγνύτω
2897 2277 3089 2343 αὑτὰς,
3133 2277 3225 2331 καὶ
3267 2276 3564 2347 νεκρούτω,
3615 2276 3711 2330 καὶ

2123 2362 2475 2434 σταυρούτω,
2517 2364 2609 2418 καὶ
2654 2365 2946 2438 ἀκινήτους
2995 2368 3089 2420 καὶ
3125 2369 3519 2440 ἀνενεργήτους
3573 2367 3709 2437 πρὸς

2119 2455 2395 2526 ἁμαρτίαν
2418 2459 2906 2528 παρασκευαζέτω.
2931 2461 3098 2525 Γνοὺς
3118 2456 3212 2515 οὖν
3232 2460 3329 2533 τὴν
3358 2461 3657 2534 ἑρμηνείαν
3681 2463 3711 2515 ὁ

2116 2545 2361 2614 τρυφῶν,
2398 2546 2553 2600 τοῦτο
2603 2547 2677 2618 μὴ
2723 2547 2905 2601 αἵτειο
2943 2549 2974 2620 ἢ
3020 2550 3187 2604 αἰτῶν
3243 2550 3319 2621 μὴ
3370 2548 3578 2621 τρύφα·
3615 2551 3709 2603 καὶ

2117 2639 2372 2707 μάλιστα,
2396 2642 2476 2694 ὅτι
2496 2641 2603 2695 οὐδ’
2625 2643 2658 2713 ή
2679 2644 2862 2715 τρυφὴ
2883 2643 3065 2698 οἴκαδέ
3090 2661 3172 2699 σοι
3201 2644 3705 2717 παρασκευάζεται.

2113 2730 2230 2783 ἀλλ’
2282 2729 2592 2803 ἀλλοτρίαις
2636 2733 3009 2805 ἀναισχύντως
3041 2736 3323 2807 ὲπιπηδῶν
3366 2736 3707 2808 τραπέζαις’

2111 2822 2248 2893 ὅπερ
2281 2823 2338 2876 ἓν
2365 2823 2473 2877 τῶν
2504 2826 2853 2880 ἀπευκταίων
2889 2827 2985 2879 καὶ
3009 2826 3208 2882 ἀθλίων
3233 2828 3470 2899 ὡρίσατο
3498 2824 3637 2882 εἶναι
3679 2830 3709 2881 ὀ

2111 2914 2395 2985 Σολομὼν·
2433 2917 2529 2987 τὴν
2563 2917 2746 2989 σάρκα
2786 2920 2848 2972 οὐ
2893 2919 3121 2982 δεόντως
3159 2919 3296 2983 ὅλως
3336 2919 3589 2983 πιαίνεις.
3628 2921 3709 2973 Οὐ

2109 3007 2220 3078 γὰρ
2247 3008 2345 3079 τῆς
2373 3008 2563 3079 χρείας
2591 3010 2750 3083 γίνῃ·
2780 3010 2916 3066 ἀλλά
2947 3011 3152 3066 καὶτὸν
3183 3011 3343 3083 κόρον
3368 3010 3632 3082 ὑϐρίζεις.

2618 3306 2692 3357 Δο.
2738 3334 2810 3345 -
2856 3304 2947 3376 τᾳ
2988 3303 3190 3377 arm.

2692 3413 2796 3480 Είς
2828 3412 2896 3467 τὸ
2929 3413 3097 3468 αὐτό.

2189 3541 2250 3596 Ὀ
2284 3542 2383 3612 μὲν
2410 3543 2509 3612 τῆς
2536 3544 2738 3615 ἀρετῆς
2766 3544 2989 3615 γνήσιός
3022 3545 3291 3617 ἐραστὴς,
3327 3544 3421 3600 καὶ
3449 3545 3511 3600 τδ
3537 3546 3697 3602 θετον

2106 3635 2187 3697 είς
2218 3633 2281 3687 τὸ
2321 3635 2554 3703 ἀγαγεῖν
2594 3635 2656 3689 τὸ
2691 3634 3025 3706 ποθούμενον
3063 3636 3142 3700 εἰς
3185 3637 3362 3708 πέρας
3396 3636 3601 3701 δίκαιος
3629 3637 3700 3692 ἃν

2105 3725 2191 3795 εἴη
2225 3724 2446 3781 καλεῖν·
2485 3726 2515 3778 ὀ
2554 3725 2613 3779 δὲ
2664 3725 2930 3787 ἄσπονδος
2975 3726 3204 3797 ἐχθρὸς,
3252 3726 3373 3781 οὐδὲ
3420 3726 3488 3782 ἂν
3539 3728 3700 3781 καλὼ

2105 3831 2205 3878 σας
2251 3814 2364 3887 (59)
2410 3816 2645 3887 ἐπήκοον
2688 3812 2801 3879 ἕξει
2861 3815 2921 3869 τὸ
2949 3816 3124 3871 Θείον.
3180 3815 3246 3870 Τί
3283 3816 3570 3889 τοιγαροῦν
3597 3817 3698 3890 τήν

2105 3906 2284 3977 σάρκα
2314 3906 2416 3978 τήν
2449 3905 2647 3959 σαυτοῦ
2685 3904 3016 3977 κραιπάλαις
3044 3906 3139 3960 καὶ
3174 3904 3368 3977 μέθαις
3398 3908 3695 3961 καταπιαί-

2102 4012 2230 4063 νων,
2262 3996 2358 4049 καὶ
2388 3994 2500 4066 πῦρ
2529 3995 2624 4048 ἐπὶ
2664 3993 2774 4065 πῦρ
2818 3993 3110 4065 ὀχετεύων,
3150 3994 3246 4049 καὶ
3289 3996 3475 4050 πᾶσαν
3511 4013 3697 4051 καινοι-

2099 4088 2284 4160 τομῶν
2308 4088 2426 4144 ὁδὸν
2446 4088 2663 4160 ἡδονῆς,
2695 4088 2874 4144 καὶτὸ
2902 4088 3203 4147 ἀκόλαστον
3228 4089 3321 4144 καὶ
3343 4090 3691 4162 κοιμώμενον

2099 4181 2386 4252 διεγείρων
2418 4198 2480 4235 τε
2512 4181 2606 4236 καὶ
2634 4180 2992 4253 παρακαλῶν,
3026 4181 3085 4236 ὲν
3110 4183 3232 4246 ταῖς
3255 4182 3445 4254 εὐχαῖς
3467 4183 3649 4254 λέγεις
3673 4202 3688 4215 ·

2106 4291 2126 4325 ι
2169 4273 2502 4344 Καθήλωσον
2536 4274 2600 4327 ὲκ
2633 4271 2729 4327 τοῦ
2777 4273 2942 4343 φόϐου
2977 4290 3072 4328 σου
3109 4273 3210 4339 τὰς
3251 4274 3459 4347 σάρκας
3490 4293 3632 4346 μου;
3665 4296 3686 4329 ι

2102 4364 2195 4433 Τῷ
2223 4365 2323 4437 μὲν
2348 4364 2457 4437 γὰρ
2481 4366 2757 4436 νηστείαις
2784 4366 2881 4421 καὶ
2910 4366 3258 4438 χαμευνίαις,
3282 4369 3385 4422 καὶ
3400 4369 3687 4439 παννυχίσι

2100 4457 2201 4528 τὴν
2242 4459 2450 4515 οἰκείαν
2481 4460 2850 4531 κατατήκοντι
2891 4458 3108 4529 σάρκα,
3139 4460 3232 4514 καὶ
3268 4461 3481 4531 εὐήνιον
3519 4461 3691 4531 αὐτὴν

2101 4547 2180 4619 τῷ
2207 4548 2481 4619 πνεύματι
2508 4549 2994 4616 κατασκευάζοντι,
3026 4548 3455 4619 πρεπωδεστάτη
3485 4547 3627 4619 αὕτη
3655 4549 3688 4619 ἡ

2098 4639 2263 4712 εὐχήο
2310 4639 2386 4711 τῷ
2417 4641 2509 4706 δὲ,
2550 4640 2742 4713 ὥσπερ
2783 4641 2847 4694 σὺ
2875 4681 2890 4707 ,
2943 4641 3169 4712 σκιρτᾷν
3212 4639 3689 4711 παρασκευάζοντι

2098 4731 2197 4803 τὴν
2236 4733 2454 4803 σάρκα,
2487 4733 2583 4787 καὶ
2615 4733 2715 4797 τὰς
2752 4732 2997 4796 ἀσώτους
3042 4731 3415 4797 συνεστιάσεις
3456 4732 3552 4786 καὶ
3589 4731 3688 4795 τὰς

2099 4822 2410 4893 κραιπάλας
2436 4822 2708 4889 διώκοντι,
2738 4824 2797 4890 ἐξ
2817 4817 2892 4878 ὧν
2913 4823 3100 4893 ήδοναὶ
3124 4823 3406 4895 βρύουσιν,
3432 4825 3494 4878 οὐ
3522 4824 3687 4896 μόνον

2098 4910 2353 4983 ἀπρεπὴς
2382 4912 2519 4982 αὕτη
2549 4914 2582 4983 ή
2619 4911 2782 4983 εὐχὴ,
2815 4911 2953 4965 ἀλλά
2983 4911 3079 4964 κα)⁸
3124 4911 3442 4982 εἰρωνείας,
3486 4911 3695 4982 μᾶλλον

2097 5002 2157 5058 δὲ
2203 5002 2447 5058 κινδύνου
2482 5006 2654 5075 μεστή
2700 5004 2838 5077 (40).
2894 5004 3062 5059 Ὅταν
3112 5003 3223 5075 γὰρ
3257 5003 3352 5057 τὸν
3403 5004 3693 5076 ἀκήρατον

2098 5092 2223 5149 νοῦν
2251 5093 2422 5148 ταῦτα
2450 5097 2575 5167 αἰτῇ
2596 5134 2611 5162 ,
2638 5096 2676 5151 ἃ.
2701 5097 2878 5151 ποιεῖν
2906 5097 2969 5150 οὐ
2999 5094 3164 5163 θέλει,
3196 5095 3258 5149 οὐ
3287 5095 3447 5167 μόνον
3474 5092 3686 5164 ἀνθρὼ-

1506 5396 1745 5457 ἾΑΒΙᾹ]
1785 5400 2171 5463 LECTIONES
2208 5405 2297 5464 ET
2335 5405 2574 5464 NOTAE.

483 5542 594 5614 (38)
630 5542 788 5611 Haec,
822 5543 1156 5669 ἑμϐρόνττιξθε
1199 5547 1472 5673 σαυτῇ...

483 5622 558 5667 )at
585 5614 672 5666 ed.
699 5613 877 5666 Paris.
920 5625 975 5668 et
1004 5615 1071 5667 ha
1147 5618 1314 5670 tcod.
1393 5630 1468 5673 at.

1520 5551 1790 5625 σωθῆναι,
1823 5556 1986 5613 omit-

413 5612 558 5667 tebat
576 5612 672 5666 ed.
699 5612 877 5666 Paris.
920 5612 975 5668 et
1004 5612 1168 5669 habet
1194 5618 1314 5670 cod.

1503 5620 1626 5676 650.
1657 5620 1756 5679 Eni
1768 5642 1820 5680 τ.

481 5682 753 5774 (τωρωι.
782 5682 956 5767 V’atic.
979 5682 1361 5774 ϐὅρζὲαλέσῃ,
1393 5698 1446 5743 et
1473 5707 1614 5774 vers.
1639 5704 1759 5761 post
1790 5703 1982 5774 quarto

2107 5682 2303 5774 :x:co(l.
2327 5682 2515 5758 νεῖιίέζ

417 5764 514 5816 pro
540 5752 632 5807 καὶ
671 5752 1030 5823 κοιμώμενων
1059 5753 1249 5812 scribit
1282 5752 1387 5817 uno
1433 5763 1598 5819 verbo
1629 5752 1983 5833 κεκοιμημέ-

2095 5575 2220 5614 νων.
2249 5557 2325 5615 In.

2162 5627 2273 5700 (40)
2304 5628 2422 5684 Vox
2448 5630 2647 5713 μεστή,
2672 5648 2791 5702 (ιντο
2816 5634 2871 5696 in
2904 5636 2991 5695 ed.
3014 5633 3193 5696 Paris.
3221 5639 3428 5705 deerat,
3458 5637 3676 5697 additur

2184 5702 2303 5756 cod.
2341 5698 2515 5758 Vattc.
2559 5702 2718 5759 Eutr.
