4084 6372
343 332 485 404 1057

1332 341 1868 405 EPISTOLARUM
1909 346 2058 406 LIB.
2093 349 2192 410 ιν.
2232 377 2302 387 --·
2341 349 2580 418 EPIST.
2624 355 2727 417 XI.

3493 361 3635 430 1058

340 451 506 520 Θεὸν,
537 451 645 524 ίδίᾳ
673 453 748 525 τῷ
772 454 971 526 Δανιὴλ
1021 457 1630 529 παρεκελεύσαντο(50).
1657 459 1804 530 Φημὶ
1832 459 1931 513 τοί-

2047 463 2469 522 benedicendum
2529 470 2716 534 Deum,
2782 471 3032 540 privatim
3098 471 3370 529 Danlclem
3431 476 3631 532 hortati

339 560 464 608 νυν,
489 547 572 600 δτι
604 543 718 616 (Si)
743 545 930 617 ἐπειδὴ
961 547 1011 600 ot
1037 548 1137 618 μὲν
1172 550 1358 620 κοινῆς
1387 551 1667 623 προνοίας,
1686 553 1734 605 οί
1755 551 1810 606 δὲ
1841 553 1936 606 καὶ

339 637 525 709 tam;
553 636 650 691 καὶ
676 635 960 707 ὲξαιρὲτου
999 639 1339 709 προστασίας
1384 641 1729 713 ἀπήλαυσανο
1764 644 1859 698 καὶ
1885 644 1935 697 oi

341 729 450 801 μὲν
489 729 582 784 τὸν
607 728 848 801 ἔμφυτον
882 723 1049 802 εἴχονο
1099 733 1148 786 oi
1189 731 1246 786 δὲ
1284 734 1379 789 καὶ
1415 733 1508 788 τὸν
1539 735 1788 807 γραπτὸν
1821 735 1936 790 ὲδέ-

339 819 510 890 ξαντο
528 823 716 894 νόμον.

667 1098 772 1174 ιιι.
812 1125 884 1138 -
915 1097 1177 1170 Ismaro
1207 1097 1579 1172 Eutzxoun.

337 1188 488 1261 Περὶ
531 1187 641 1246 τοῦ
675 1189 871 1260 ῥητοῦ
911 1189 1024 1272 τῇς
1061 1189 1395 1272 ἐπιστρλῆς
1456 1190 1758 1249 ἰακὼϐουο
1803 1210 1824 1244 ι
1868 1189 1938 1248 Ἦ

889 1263 1146 1331 γλῶσσα
1181 1263 1326 1329 πῦρ.
1367 1280 1388 1315 ι

424 1353 626 1424 Διττήν
688 1369 778 1423 μοι
827 1351 1010 1421 ξδοκεῖ,
1073 1353 1174 1424 τὴν
1231 1355 1332 1425 μὲν
1363 1353 1786 1429 πιθανωτέραν,
1835 1355 1938 1428 τὴν

334 1441 399 1496 δὲ
427 1442 542 1514 (52)
578 1442 911 1514 πικροτέραν
944 1444 1243 1514 ἑρμηνείαν
1269 1443 1414 1515 ἔχειν
1441 1445 1502 1498 τὸ
1527 1445 1808 1516 παρά,σοῦ
1837 1443 1938 1516 ζηο

333 1534 526 1604 τηθινο
547 1552 568 1586 ι
591 1533 654 1588 Ἦ
683 1535 905 1603 γλῶσσα
937 1534 1071 1605 πῦρ,
1099 1535 1130 1586 ό
1156 1535 1358 1604 κόσμος
1391 1535 1506 1608 (55)
1533 1538 1632 1607 τῆς
1665 1536 1932 1600 ἀδικίας.»

331 1627 594 1683 Μάλιστα
629 1626 730 1696 μὲν
762 1625 953 1697 ἐπειδὴ
981 1624 1284 1697 εὖστροφος
1316 1623 1452 1682 οὖσα
1499 1629 1596 1682 καὶ
1643 1629 1817 1702 ῥᾴστη
1846 1629 1939 1682 εὐ-

332 1718 519 1790 χερῶς
544 1717 716 1772 πολλὰ
743 1716 982 1772 λαλοῦσα
1011 1719 1179 1774 κακά.
1211 1719 1323 1773 Καὶ
1354 1718 1462 1792 γάρ
1493 1721 1587 1773 καὶ
1619 1723 1935 1790 κατηγορεῖ,

2041 555 2240 612 fuerint
2277 557 2367 630 (ad
2405 560 2544 614 idem
2587 560 2868 631 cilicium).
2907 565 3005 619 Aio
3042 565 3228 635 itaque
3275 567 3440 637 (hanc
3493 569 3630 624 mihi

2039 649 2158 720 ejus
2188 651 2267 704 rei
2293 666 2511 706 causam
2545 653 2714 708 videri
2756 655 2965 728 fuisse),
3004 659 3256 726 quoniam
3293 660 3369 714 illi
3413 662 3630 728 quidem

2038 747 2310 818 generalis
2349 745 2734 816 Providentiae,
2775 751 2828 806 hi
2859 767 2988 807 vero
3013 755 3176 808 etiam
3209 754 3432 826 insuper
3466 771 3632 826 pecu-

2038 836 2191 892 liaris
2222 848 2386 908 atque
2429 840 2643 896 eximiae
2677 842 2956 911 cujusdam
2996 847 3348 915 protectionis
3391 847 3628 904 fructum

2037 939 2429 1002 perceperunt;
2473 941 2528 988 et
2565 933 2641 988 illi
2683 935 2898 1005 quidem
2939 948 3127 992 natura
3164 938 3383 994 insitam
3421 941 3628 996 habue-

2039 1031 2188 1091 runt,
2219 1023 2274 1078 lti
2303 1039 2430 1079 vero
2463 1025 2626 1080 etiam
2649 1028 2904 1095 scriptam
2939 1027 3106 1098 legem
3137 1040 3482 1098 acceperunt.

2395 1115 2466 1170 Χ.
2509 1147 2582 1158 —
2615 1117 2892 1174 lSlDORO
2930 1118 3282 1176 EPISCOPO.

2128 1207 2206 1262 De
2258 1208 2401 1264 dicto
2443 1207 2701 1284 Epistoltv
2741 1210 2978 1284 Jacobi,
3043 1230 3063 1262 ι
3101 1210 3302 1284 Lingua
3349 1224 3423 1268 est
3468 1215 3548 1284 ig-

2628 1283 2711 1335 nis
2739 1283 2813 1348 ⁷ο,
2839 1300 2858 1334 ι
2901 1292 3009 1338 etc.

2109 1367 2391 1423 Geminam
2425 1369 2558 1424 mihi
2602 1371 2818 1426 videtur
2865 1373 3393 1443 interpretationem,
3431 1373 3624 1443 partim

2037 1461 2478 1528 probabiliorem,
2515 1463 2710 1531 partim
2745 1479 2877 1518 vero
2924 1465 3286 1531 acerbiorem,
3327 1466 3527 1521 habere
3560 1467 3628 1521 ii-

2040 1550 2132 1605 lud
2179 1552 2278 1608 abs
2323 1561 2375 1606 te
2416 1556 2699 1622 qnmsitum
2747 1573 2762 1610 :
2804 1575 2824 1608 ι
2850 1556 3053 1626 Lingua
3091 1559 3230 1627 ignis
3255 1568 3359 1623 est,
3398 1559 3630 1614 mundus

2041 1639 2376 1710 iniquitatis;
2410 1661 2430 1696 ι
2457 1645 2692 1700 maxime
2717 1647 2956 1716 quidem,
2984 1649 3108 1716 quia
3150 1651 3420 1703 versatilis
3451 1659 3507 1703 et
3546 1648 3631 1704 lu-

2041 1731 2191 1787 brica
2231 1744 2349 1802 cst,
2392 1737 2669 1806 multaque
2711 1739 2871 1793 facile
2925 1741 3064 1795 mala
3103 1741 3363 1812 loquitur.
3403 1741 3534 1796 Nam
3574 1748 3631 1796 et

329 1811 435 1865 καὶ
485 1811 825 1881 κακηγορεῖ,
886 1810 983 1863 καὶ
1035 1813 1320 1882 ἐπιορκεῖ,
1377 1813 1466 1865 καὶ
1515 1811 1808 1882 ψεύδεται,
1841 1813 1931 1866 καὶ

2038 1833 2280 1889 accusat,
2312 1836 2366 1880 et
2397 1827 2694 1891 maledicit,
2715 1841 2769 1884 et
2793 1829 3022 1899 peierat,
3052 1841 3108 1886 et
3139 1810 3414 1890 mentitur.
3451 1842 3506 1886 et
3530 1831 3629 1886 fal-

328 1902 780 1974 ψευδομαρτυρεῖ
803 1942 818 1965 ,
853 1901 952 1954 καὶ
983 1901 1214 1966 πολλοὺς
1242 1902 1446 1966 ἀδίκως
1475 1905 1558 1967 είς
1585 1903 1698 1975 πῦρ
1727 1904 1932 1974 tam-

329 1993 417 2050 λει
436 2035 452 2060 ,
489 1994 586 2047 καὶ
611 1994 690 2057 εἰς
719 1991 895 2062 ξίφος,
923 1993 1020 2047 καὶ
1051 1995 1130 2058 είς
1157 1993 1394 2064 πέλαγος
1440 1994 1591 2051 ὠθεῖ.
1627 1995 1846 2066 Κόσμον
1874 1994 1932 2049 δὲ

329 2083 444 2143 οἶδε
472 2086 664 2142 καλεῖν
699 2088 732 2158 ή
767 2086 960 2158 Γραφὴ
998 2085 1062 2140 τὸ
1107 2086 1334 2158 πλῆθος.
1373 2105 1392 2140 ι
1446 2087 1508 2141 '0
1540 2087 1746 2158 κόσμος
1777 2087 1888 2160 γὰρ
1909 2125 1926 2154 ,

329 2180 536 2251 φησιν,
567 2177 730 2234 αὐτὸν
756 2180 860 2234 οὐκ
887 2179 1032 2250 ἔγνω
1051 2197 1065 2211 ·
1096 2198 1117 2232 ι
1149 2179 1298 2234 τοῦτ’
1319 2179 1458 2245 ἐστι,
1490 2179 1554 2234 τὸ
1589 2181 1815 2252 πλῆθος.
1865 2179 1934 2234 Ἦ

329 2271 562 2342 γλῶσσα
587 2266 701 2334 οὖν,
731 2273 918 2342 φησὶν,
947 2271 980 2343 ἢ
1024 2269 1137 2342 πῦρ
1171 2272 1290 2326 ἐστι
1309 2310 1326 2336 ,
1361 2269 1570 2344 πλῆθος
1599 2271 1803 2336 ἀδίκως
1834 2289 1932 2326 κα-

327 2362 662 2427 τακαίουσα,
685 2363 720 2434 ἢ
757 2362 999 2433 πλήθους
1027 2362 1202 2434 πυρὸς
1229 2362 1417 2416 ἀδίκου
1447 2362 1672 2433 δοχεῖον.
1714 2361 1932 2433 Ἐπειδὴ

327 2455 390 2511 δὲ
414 2455 607 2508 πολλοὶ
638 2458 705 2528 τῇ
737 2455 906 2527 κακίᾳ
945 2455 1394 2527 συμπράττοντες
1417 2493 1433 2520 ,
1469 2455 1564 2508 καὶ
1587 2453 1688 2526 τὴν
1715 2455 1933 2508 ἀδικίαν

332 2547 696 2620 σεμνύνοντες
719 2589 734 2614 ,
765 2547 1062 2602 δεινότατοι
1102 2547 1256 2612 ὅντες
1283 2545 1603 2620 ῥητορεύειν
1641 2547 1738 2600 ἐπὶ
1784 2547 1931 2619 πρά-

329 2638 452 2705 ξεσι
493 2641 764 2710 πονηραῖς
798 2638 894 2692 καὶ
944 2637 1284 2710 παρανόμοις
1309 2677 1325 2701 ,
1372 2636 1545 2706 λόγων
1595 2635 1932 2707 εὐπρέπειαν

328 2730 571 2802 ἀκόντων
615 2731 718 2784 οὐκ
770 2730 1107 2802 ἀποροῦντες
1131 2771 1148 2795 ,
1195 2729 1520 2784 λανθάνουσι
1565 2729 1690 2783 καθ’
1721 2729 1932 2784 ἑαυτῶν

328 2823 435 2896 τὴν
466 2821 651 2892 ψῆφον
681 2821 982 2893 τιθέμενοι,
1018 2821 1116 2876 καὶ
1147 2821 1345 2892 δεῖγμα
1372 2820 1470 2891 τῆς
1495 2819 1706 2876 ἑαυτῶν
1740 2837 1928 2891 προαι-

331 2915 541 2986 ρέσεως
586 2915 688 2986 τῆς
714 2915 808 2968 ἐπὶ
835 2913 907 2968 τά
940 2913 1120 2984 φαῦλα
1153 2911 1427 2984 ῥεπούσης
1471 2912 1560 2967 διὰ
1603 2911 1714 2968 τῶν
1757 2911 1932 2980 λόγων

326 3005 540 3060 τούτων
583 3005 934 3078 ἐκφέρουσιν,
967 3003 1115 3070 ὶῖσως
1165 3004 1498 3076 στηλιτεύων
1536 3004 1735 3068 αὐτοὺς
1783 3003 1930 3058 τοῦτ’

329 3097 461 3168 εφη·
503 3115 524 3149 ι
567 3095 636 3152 Ἦ
663 3097 887 3167 γλῶσσα
919 3096 1030 3170 πῦρ
1049 3137 1064 3162 ,
1093 3099 1122 3152 ὁ
1152 3097 1357 3170 κόσμος
1387 3101 1487 3170 τῆς
1517 3097 1762 3162 ἀδικίας’
1798 3117 1816 3150 ι
1853 3097 1930 3162 ὡς

2035 1930 2158 1970 sum
2195 1916 2327 1970 dicit
2369 1918 2761 1986 testimonium,
2800 1930 2854 1974 et
2883 1921 3082 1974 multos
3120 1923 3174 1976 in
3217 1922 3393 1991 ignem
3431 1922 3628 1992 iniusto

2036 2004 2280 2076 coniicit,
2311 2019 2366 2062 et
2386 2009 2438 2062 in
2466 2008 2702 2079 gladium
2735 2017 2789 2064 et
2820 2013 2872 2064 in
2897 2027 3048 2065 mare
3085 2012 3331 2081 impellit.
3363 2013 3622 2069 Mnndum

2035 2103 2216 2150 autem
2256 2095 2393 2151 solet
2435 2113 2632 2153 vocare
2679 2098 2957 2170 Scriptura
3006 2102 3432 2160 multitudinem.
3488 2104 3624 2160 Nam

2036 2187 2114 2257 (et
2131 2183 2370 2242 Joannes
2393 2189 2748 2262 evangelista)
2779 2193 2953 2260 inquit
2985 2210 2999 2246 :
3038 2211 3060 2245 ι
3104 2193 3334 2250 Mundus
3361 2211 3483 2250 eum
3517 2213 3624 2254 non

2033 2279 2289 2348 cognovit
2321 2279 2398 2346 7';
2441 2297 2462 2333 ι
2499 2281 2603 2336 hoc
2642 2291 2726 2337 est
2775 2284 3087 2349 multitudo,
3127 2301 3222 2342 seu
3269 2288 3441 2357 plebs.
3492 2289 3624 2346 Lin-

2033 2385 2139 2442 gua
2162 2370 2346 2441 igitur,
2376 2371 2572 2443 inquit,
2597 2381 2691 2428 aut
2719 2373 2859 2444 ignis
2876 2383 2985 2440 est,
3012 2377 3411 2434 multitudinem
3445 2381 3629 2452 inique

2034 2462 2380 2530 comburens,
2416 2475 2510 2519 aut
2538 2467 2940 2535 receptaculum
2975 2469 3340 2526 multitudinis
3369 2473 3509 2544 ignis
3539 2475 3626 2529 in-

2027 2554 2188 2624 iusti.
2226 2554 2362 2622 Quia
2398 2573 2528 2612 vero
2567 2558 2722 2612 multi
2761 2559 3008 2616 faventes
3041 2561 3396 2630 improbitati,
3435 2575 3492 2619 et
3522 2567 3628 2621 ini-

2033 2647 2294 2719 quitatem
2326 2649 2552 2705 honesta
2585 2651 2767 2720 specie
2807 2661 3157 2716 exornantes,
3191 2654 3402 2708 dicendi
3437 2656 3625 2712 rheto-

2032 2737 2146 2792 rica
2178 2735 2437 2792 facultate
2471 2739 2688 2808 egregie
2711 2737 2954 2794 valentes
2991 2739 3042 2792 in
3087 2741 3393 2794 actionibus
3423 2741 3629 2810 impro-

2031 2829 2117 2886 bis
2138 2840 2194 2886 et
2227 2829 2468 2899 iniustis,
2499 2846 2680 2901 neque
2717 2829 2967 2886 destituti
2998 2832 3308 2886 orationum
3344 2833 3626 2902 pulchram

2031 2922 2267 2992 speciem
2301 2921 2613 2976 habentium
2646 2921 2821 2990 copia,
2855 2936 2962 2976 non
3005 2923 3442 2977 animadvertunt
3483 2924 3628 2994 quod

2031 3012 2296 3066 adversus
2335 3011 2661 3080 semetipsos
2688 3009 2956 3065 calculum
2989 3009 3186 3078 ferant,
3223 3022 3280 3068 et
3319 3012 3626 3069 istiusmodi

2032 3103 2371 3158 orationibus
2397 3103 2670 3173 specimen
2701 3117 2812 3157 sua!
2841 3103 3148 3159 animorum
3191 3103 3524 3160 inductionis
3546 3110 3626 3179 _atl

328 3191 398 3247 ἀν
434 3191 484 3245 εί
531 3189 741 3259 ἔλεγεν,
792 3191 874 3245 ὅτι
913 3191 942 3244 ό
975 3191 1077 3262 τῆς
1129 3191 1462 3260 εὐγλωττίας
1503 3190 1749 3262 πυρσὸς,
1799 3191 1928 3245 ὅταν

2034 3208 2121 3248 res
2150 3193 2322 3246 malas
2361 3207 2639 3262 propensa:
2673 3191 2990 3261 proferunt;
3025 3193 3228 3250 idcirco
3268 3194 3516 3252 fortassis
3545 3198 3627 3268 ip-

326 3285 458 3348 τοῦς
495 3284 708 3356 μεγάλα
739 3283 1030 3348 πταίοντας
1059 3286 1239 3356 κοσμῇ
1265 3325 1280 3349 ,
1310 3283 1746 3354 ὲγκαλλώπισμα
1773 3283 1928 3337 δοκεῖ

2034 3301 2125 3342 sos
2157 3285 2588 3356 reprehendendi
2634 3300 2796 3339 causa
2834 3287 2940 3340 hoc
2971 3286 3126 3340 dixit.
3163 3305 3182 3338 ι
3229 3286 3434 3358 Lingua
3487 3289 3628 3358 ignis

325 3376 432 3447 τῆς
461 3375 745 3446 ἀληθείας.
776 3373 898 3447 Χρὴ
922 3375 1216 3448 τοιγαροῦν
1239 3378 1304 3446 τῇ
1328 3375 1596 3446 δεινότητι
1622 3374 1925 3446 κεχρῆσθαι

2034 3383 2132 3440 est,
2164 3374 2398 3429 mundus
2443 3373 2765 3442 iniquitatis.
2804 3392 2824 3426 ι
2858 3374 3024 3441 Quasi
3062 3376 3310 3430 diceret:
3353 3377 3626 3446 Eloquen-

323 3468 390 3522 οὐ
440 3467 580 3539 πρὸς
626 3467 690 3520 τὸ
719 3467 817 3538 τὴν
859 3467 1060 3522 κακίαν
1105 3471 1354 3538 κοσμεῖν,
1390 3467 1526 3522 ἀλλά
1569 3467 1706 3539 πρὸς
1735 3467 1794 3521 τὸ
1823 3467 1926 3540 τὴν

2034 3466 2118 3520 tiae
2165 3472 2221 3520 et
2275 3473 2482 3518 ornatae
2529 3464 2784 3518 dictionis
2829 3461 2920 3518 fax
2972 3464 3060 3518 ubi
3109 3479 3204 3519 eos
3240 3466 3332 3534 qui
3383 3467 3628 3536 graviter

324 3558 535 3630 ἀρετὴν
574 3558 884 3631 σεμνύνειν,
931 3559 1030 3630 τὴν
1056 3558 1152 3613 καὶ
1189 3559 1360 3630 χωρὶς
1406 3558 1582 3628 λόγων
1629 3558 1918 3631 ὑπέρλαμ-

2034 3557 2159 3626 lapsi
2174 3565 2302 3612 sunt
2316 3563 2567 3621 exornat,
2585 3555 2767 3610 fucum
2788 3554 2969 3610 facere
2989 3555 3202 3610 videtur
3219 3558 3628 3632 veritati.ﬁ.18

325 3667 492 3724 τερον,
2026 3646 2207 3714 Quare
2237 3646 2450 3702 dicendi
2485 3645 2748 3701 facultate
2777 3661 2883 3700 non
2912 3655 3128 3714 Oportet
3155 3647 3302 3702 abuti
3336 3649 3403 3704 ad
3433 3651 3632 3720 itnproo

324 3739 555 3794 bitatem
592 3739 918 3806 ornandam,
944 3740 1038 3796 sed
1069 3741 1136 3796 ad
1165 3740 1420 3797 virtutem
1463 3739 1826 3798 decorandam
1859 3753 1922 3795 ea
1968 3738 2342 3796 transferenda
2374 3745 2478 3805 est,
2503 3752 2624 3808 qua»
2655 3738 2871 3808 quidem
2913 3738 3084 3793 etiam
3157 3739 3362 3810 absque
3422 3742 3625 3798 oratio-

325 3833 572 3889 tionibus
603 3845 795 3905 su0pte
815 3835 1104 3902 splendore
1127 3835 1430 3905 praefulget.

529 3925 634 3982 lA'.
664 3954 736 3965 —
767 3925 1074 4000 eno-sora
1095 3927 1228 3998 {(54)
1275 3924 1730 3998 ΣΧΟΛΑΣΤΙΚῼ.

2251 3919 2348 3975 XI.
2383 3951 2444 3962 —
2487 3917 2870 3976 TliEODORO
2911 3917 3408 3979 SCliOLASTlCO.

323 4015 438 4081 Είς
479 4013 581 4066 τό⁸
643 4031 661 4064 ι
731 4013 874 4068 Ἐὰν
927 4012 1179 4138 πειῖᾶόό
1232 4014 1450 4084 ἐχθρός
1496 4028 1614 4068 σου
1639 4055 1656 4082 ,
1709 4009 1931 4082 ψώμιζε

991 4101 1030 4138 α
1074 4101 1106 4137 τ
1141 4101 1200 4138 ν.
1240 4101 1261 4136 ι

2036 4012 2107 4070 In
2140 4013 2296 4082 illud,
2333 4032 2352 4067 ι
2388 4012 2448 4070 Si
2471 4015 2715 4069 esurierit
2743 4015 2990 4072 inimicus
3031 4023 3176 4082 tuus,
3206 4016 3322 4070 ciba
3355 4033 3476 4071 eum
3505 4019 3572 4074 ".
3600 4037 3622 4074 ι

991 4101 1200 4138 αυτον.
1240 4101 1261 4136 ι

413 4173 682 4244 Ἀγνοεῖς,
728 4173 806 4238 ὡς
843 4171 1037 4238 ἔοικεν,
1083 4174 1168 4227 ὅτι
1212 4175 1247 4246 ἡ
1283 4172 1380 4228 νέα
1408 4171 1697 4243 φιλοσοφία
1721 4174 1820 4242 τῆς
1851 4171 1930 4236 ὡς

2107 4177 2325 4233 Videris
2362 4177 2616 4246 ignorare
2661 4177 2805 4246 quod
2839 4191 2978 4232 nova
3023 4175 3347 4248 (Evangelii)
3383 4178 3631 4248 philoso-

321 4265 548 4340 νηπίοις
593 4265 1042 4337 διαγορευθείσης
1091 4265 1195 4337 τῆς
1256 4265 1495 4330 παλαιᾶς
1544 4265 1926 4336 παραινέσεώς

2034 4269 2162 4338 phia
2190 4269 2476 4323 sublimior
2508 4270 2580 4324 sit
2617 4269 2789 4324 veteri
2817 4269 2904 4324 illa
2935 4271 3322 4338 praceptione,
3360 4287 3481 4342 qua:
3503 4284 3625 4328 tau-

321 4361 482 4414 ιστιν
535 4359 866 4430 ὑψηλοτέρα.
925 4359 1000 4412 Τὸ
1062 4358 1173 4430 γὰρ
1225 4357 1545 4428 θαυμασθὲν
1597 4356 1753 4430 παρὰ
1807 4355 1924 4422 σοῦ,

2036 4369 2200 4424 quam
2241 4353 2540 4410 infantibus
2564 4357 2709 4412 edita
2737 4366 2840 4412 est.
2881 4356 3018 4412 Nam
3051 4359 3179 4412 illttd
3219 4359 3442 4425 dictum,
3481 4363 3624 4431 quod

328 4469 352 4504 ι
396 4450 529 4504 Ἐὰν
570 4451 734 4522 πεινᾷ
778 4452 808 4504 ό
853 4449 1048 4522 ἐχθρός
1087 4467 1182 4504 σου
1208 4489 1224 4516 ,
1277 4448 1528 4521 ψώμισον
1578 4449 1778 4503 αὐτόν·
1829 4448 1928 4502 ἐὰν

2039 4447 2135 4502 tibi
2171 4447 2521 4502 admirationi
2552 4456 2681 4503 est:
2721 4467 2741 4501 ι
2785 4449 2842 4502 Si
2873 4449 3134 4504 esurierit
3176 4451 3433 4507 inimicus
3474 4463 3620 4518 tuus,

322 4539 462 4614 διψᾷ
485 4581 502 4608 ,
543 4542 735 4607 πότιζε
784 4541 984 4596 αὐτόν·
1023 4561 1043 4596 ι
1087 4541 1148 4596 οὐ
1187 4541 1310 4595 λίαν
1347 4541 1492 4612 μέγα
1527 4541 1624 4594 καὶ
1652 4541 1921 4608 νεανικὸν,

2034 4539 2156 4595 ciba
2185 4554 2349 4607 eum;
2379 4539 2423 4595 si
2456 4539 2677 4606 sitierit,
2723 4550 2908 4610 potum
2947 4542 3024 4597 illi
3071 4542 3280 4612 praebe;
3323 4561 3344 4594 ι
3390 4559 3498 4598 non
3541 4556 3626 4600 est

319 4631 447 4687 ἀλλ’
473 4632 640 4704 εὐχῆς
677 4632 840 4702 ἔργον
882 4631 1020 4686 ἐστί.
1053 4631 1128 4686 Τὸ
1168 4631 1280 4704 γὰρ
1315 4631 1396 4696 είς
1436 4629 1709 4698 τοσαύτην
1753 4631 1928 4700 εμπε-

2035 4629 2175 4685 atleo
2205 4644 2294 4686 res
2316 4630 2575 4700 praetera
2598 4641 2654 4686 et
2673 4632 2896 4698 eximia,
2934 4633 3027 4687 sed
3044 4633 3336 4703 eiusmodi,
3363 4651 3484 4706 que
3503 4651 3624 4691 ma-

323 4725 448 4780 σεῖν
475 4723 686 4779 ἐκεῖνον
715 4723 962 4794 ἀνάγκην
987 4721 1066 4788 ὡς
1095 4721 1208 4776 τῶν
1239 4721 1557 4791 ἀναγκαίων
1589 4721 1703 4797 (55)
1731 4721 1926 4794 δεηθῆ-

2039 4721 2124 4792 gis
2157 4721 2395 4792 optanda
2428 4723 2520 4792 sit,
2559 4729 2618 4779 ut
2649 4723 2948 4794 contingat.
2975 4721 3113 4780 Nam
3139 4738 3266 4781 cum
3295 4725 3386 4784 ille
3413 4727 3469 4782 in
3506 4735 3630 4784 tan-

1408 4878 1455 4911 rs
1482 4876 1646 4933 ρι-ον.
1678 4891 1810 4944 xxv,
1837 4873 1900 4930 2|
1931 4889 1948 4942 ;
1975 4873 2152 4949 μου).
2181 4894 2281 4946 xtt,
2310 4877 2404 4934 20.

1451 5027 1692 5090 ἾΛΒΙᾸΕ
1730 5029 2119 5088 LECTIONES
2157 5031 2248 5087 ΕΤ
2285 5032 2516 5090 NOTAE.

422 4879 473 4913 ⁷⁸
489 4879 611 4937 Jac.
637 4893 728 4946 ιιι,
751 4877 808 4935 θ.
881 4879 929 4912 ’⁸
959 4877 1120 4936 Joan.
1167 4893 1207 4946 ι,
1239 4877 1331 4934 10.

396 5192 516 5266 (50)
581 5191 668 5261 Τῷ
709 5167 960 5269 ΔαιλιὴξιΔ
991 5191 1545 5269 παρεκελεύσαντο.
1599 5186 1660 5244 1η
1714 5186 1930 5269 cantico
2029 5186 2122 5269 τὸν
2153 5187 2362 5269 κόσμον
2383 5189 2572 5248 τοῦτον
2593 5191 2783 5250 καλεῖν
2809 5193 2842 5266 ή
2875 5192 3065 5268 Γραφῇ
3087 5194 3186 5261 τὰς
3217 5197 3461 5269 πονηρὰς
3483 5197 3626 5269 πρά.

317 5258 507 5340 triimt'
523 5258 834 5340 puerorum,
857 5258 962 5340 qui
980 5258 1276 5340 vocantur,
1305 5261 1542 5316 Danielis
1567 5273 1700 5340 cap.-
1725 5273 1804 5322 tu,
1835 5258 1920 5340 hic

318 5336 479 5392 locus
509 5327 669 5404 quem
717 5327 929 5400 innuit,
964 5334 1138 5404 hodie
1171 5327 1276 5390 non
1317 5340 1540 5386 exstat:
1589 5327 1738 5384 nulla
1773 5329 1921 5384 enim

316 5405 400 5464 ibi
433 5403 670 5460 Danielis
704 5406 931 5468 mentio,
963 5403 1127 5459 Rm.

417 5474 512 5544 51)
542 5475 677 5530 Cod.
706 5473 883 5530 Vatic.
913 5471 1018 5528 650
1047 5471 1224 5544 omitti
1240 5473 1349 5544 an.
1374 5470 1587 5544 Possm.

419 5537 512 5618 52)
539 5544 686 5618 Inter
709 5544 863 5618 ﬁget
872 5541 1206 5618 πικροτέραν
1233 5543 1377 5618 idem
1403 5539 1524 5618 cod.
1549 5538 1778 5618 inserit,
1800 5537 1914 5618 δειο

311 5608 552 5686 νοτέραν
574 5614 693 5686 καί.
731 5608 995 5686 Similiter
1021 5608 1144 5670 vers
1172 5613 1206 5668 5
1233 5613 1375 5668 inter
1404 5610 1576 5665 πολλὰ
1599 5620 1654 5667 et
1675 5608 1915 5664 λαλοῦσα

313 5684 712 5756 idemittlittdit
731 5685 857 5756 δρᾷ.
883 5684 958 5738 In.

392 5739 514 5828 (55)
555 5739 1072 5828 Confer'Cbrysost.
1101 5751 1290 5812 homil.
1321 5750 1415 5822 22,
1445 5751 1514 5810 ad
1542 5749 1741 5822 Ephes.
1785 5743 1910 5804 ore:

2037 5255 2170 5323 ξεις.
2201 5255 2368 5314 Rt".

2099 5329 2212 5408 (54)
2235 5327 2387 5408 _Non_
2409 5329 2824 5408 Theodorosed
2861 5333 3228 5408 ’Asapgvriqi,
3251 5335 3614 5408 Adamantio,

2023 5397 2341 5472 inscribitur
2375 5401 2489 5456 haec
2523 5403 2752 5472 epistola
2785 5405 2838 5458 in
2870 5397 3008 5460 cod.‘
3029 5397 3366 5467 Vatic'.'650,
3399 5419 3540 5458 vers.
3585 5404 3623 5459 2

2025 5483 2115 5536 ep.
2160 5470 2304 5544 quod
2343 5480 2427 5544 est
2465 5472 2518 5524 itt
2550 5470 2697 5544 edito
2717 5513 2732 5534 ,
2757 5473 2883 5544 τῆς,
2915 5479 3069 5530 abest
3100 5491 3130 5528 a
3169 5475 3371 5530 codice.
3401 5489 3541 5528 vers.
3585 5473 3622 5528 3

2025 5539 2318 5614 posticam
2353 5540 2494 5614 idem
2523 5543 2674 5614 addit
2702 5539 2903 5614 πολλῷ.
2935 5545 3149 5600 Possm.

2097 5609 2208 5686 ($5)
2235 5607 2616 5686 Haithbgth
2638 5607 2954 5686 ἀναγκαίων
2982 5615 3304 5686 supplentur
3332 5627 3400 5670 ex
3427 5610 3621 5670 codice

2023 5675 2288 5737 Vaticano
2305 5678 2431 5736 650.
2463 5680 2626 5740 Ebl'l’.
