4084 6358
450 5285 481 5320 /

433 5321 450 5386 (

499 324 518 388 l
529 323 635 390 059

1689 319 1760 381 .S.
1801 318 2097 380 ISIDORI
2135 315 2580 378 PELUSIOTIE

3634 313 3772 382 1060

496 455 608 500 tam
640 438 830 494 incidit
858 437 1135 508 penuriam
1156 444 1214 489 nt
1238 435 1304 490 ad
1335 436 1496 488 vitam
1522 433 1848 490 necessariis
1872 443 2076 500 careat,

2191 450 2270 487 ναι
2310 433 2404 487 καὶ
2434 433 2586 503 παρὰ
2613 429 2708 485 τοῦ
2752 430 2949 503 ἐχθροῦ
2981 430 3300 502 ἐλεηθῆναι,
3345 432 3526 502 πάσης
3559 447 3771 503 συμφο-

497 545 554 588 et
577 532 627 588 ei
657 546 794 602 opus
826 529 900 584 sit
927 528 1090 583 etiam
1117 527 1320 582 inimici
1347 526 1843 591 commiseratione,
1878 525 1929 580 id
1953 538 2082 580 vero

499 625 691 692 quavis
723 621 972 692 equidem
1017 619 1330 675 calamitate
1353 627 1409 672 et
1433 617 1624 687 quovis
1647 617 1782 672 adeo
1817 614 2082 684 supplicio

499 715 751 770 acerbius
785 723 842 768 et
879 713 1098 782 gravius
1137 725 1258 768 esse
1301 712 1410 766 aio.
1453 707 1629 780 Atque
1655 709 1732 763 ita
1767 707 1954 778 vulgus
1983 707 2083 762 ho-

500 806 704 860 minum
746 803 850 859 sibi
890 803 941 857 id
976 816 1296 872 persuasum
1334 800 1516 864 habet,
1547 814 1670 855 cum
1701 798 1830 854 dicit
1859 811 1875 850 :
1903 795 1980 852 Ne
2015 811 2084 852 eo

500 897 732 966 redigar,
753 904 810 948 ut
839 895 907 950 ab
938 893 1174 948 inimicis
1206 893 1340 946 meis
1364 906 1532 960 cogar
1568 891 1762 959 stipem
1805 889 2079 958 accipere.

500 986 652 1054 Quod
677 989 721 1040 si
757 985 922 1054 igitur
949 984 1000 1037 id
1032 983 1174 1052 quod
1213 982 1416 1037 dictum
1449 991 1554 1046 est,
1601 979 1861 1048 ejusmodi
1889 988 1996 1044 est,
2027 991 2086 1032 ut

503 1077 824 1132 facientibus
857 1075 1070 1143 quidem
1103 1074 1361 1142 Optabile,
1401 1073 1470 1130 iis
1497 1087 1627 1128 vero
1669 1073 1758 1142 qui
1807 1071 2086 1142 patiuntur

501 1166 749 1238 supplicii
785 1165 904 1222 loco
939 1165 1048 1220 sit:
1079 1163 1205 1234 quid
1243 1173 1325 1219 est
1363 1163 1506 1231 quod
1547 1163 1794 1216 mireris?
1827 1162 2080 1226 maxime,

499 1275 623 1313 cum
657 1272 756 1312 nec
791 1255 1018 1324 simplex
1053 1255 1125 1310 sit
1157 1253 1500 1318 beneﬁcium,
1531 1253 1626 1307 sed
1665 1251 1841 1322 majus
1869 1267 2086 1321 quoque

501 1347 692 1402 aﬂ'erat
723 1346 1070 1416 supplicium.
1120 1344 1231 1400 Hoc
1271 1345 1416 1399 enim
1461 1343 1690 1408 faciens,
1735 1343 1932 1412 inquit,
1965 1359 2085 1398 car-

504 1439 676 1494 bones
719 1436 859 1507 ignis
890 1435 1242 1492 coacervabis
1271 1449 1433 1504 supra
1459 1444 1621 1504 caput
1657 1435 1796 1503 ejus.
1825 1435 1880 1488 Si
1919 1435 2084 1504 igitur

505 1531 620 1598 ipsa
651 1544 745 1600 per
771 1543 892 1584 sese
923 1543 1008 1584 res
1043 1528 1292 1597 supplicii
1333 1528 1452 1582 loco
1477 1529 1642 1591 cedit,
1672 1543 1836 1582 causa
1871 1542 2085 1598 quoque

505 1622 574 1676 ob
605 1635 768 1690 quam
809 1620 900 1684 sit,
938 1619 1162 1676 alterius
1202 1633 1374 1688 ptume
1422 1619 1596 1688 gratia
1641 1621 1735 1674 sit.
1772 1617 1904 1674 Nam
1951 1619 2080 1682 illis,

503 1711 597 1780 qui
634 1711 820 1767 dicunt
862 1711 962 1781 (sic
994 1709 1164 1780 accipi
1199 1725 1260 1764 ea
1298 1712 1461 1766 verba
1489 1709 1760 1782 oportere)
1798 1711 2084 1767 calefacias

508 1778 676 1872 ipsius
699 1778 996 1874 principem
1023 1778 1214 1856 animae
1237 1811 1469 1872 partem,
1492 1778 1548 1857 et
1575 1778 1776 1857 ellicies
1812 1812 1873 1858 ut
1903 1802 1968 1856 ad
1995 1818 2083 1858 so-
2117 1778 2160 1834 Β

507 1893 792 1948 brietatem
823 1893 1006 1948 redeat
1031 1911 1046 1948 :
1076 1907 1184 1948 non
1209 1902 1294 1948 est
1315 1893 1470 1947 valde
1490 1893 1923 1948 auscultandum.
1946 1893 2080 1947 Nam

505 1984 572 2052 (si
604 1981 710 2038 hoc
735 1983 994 2038 voluisset
1034 1982 1286 2054 intelligi)
1329 1998 1436 2038 non
1471 1983 1812 2054 adjunxisset
1840 1984 2082 2038 necessi-

497 2082 666 2128 tatem
706 2072 896 2139 l‘amis;
923 2075 1018 2130 sed
1040 2076 1235 2143 quovis
1258 2083 1502 2144 tempore
1531 2076 1832 2131 addidisset
1855 2075 1990 2130 bene
2022 2090 2080 2130 se

503 2162 722 2218 habere.
765 2161 883 2218 Non
924 2163 1088 2233 igitur
1125 2166 1373 2232 equidem
1421 2167 1588 2220 miror
1627 2176 1682 2221 et
1725 2167 1905 2237 magni
1938 2167 2080 2220 facio

501 2269 593 2310 eos
623 2255 713 2324 qui
746 2256 849 2310 hoc
877 2254 1108 2320 iaciunt,
1139 2256 1233 2311 sed
1267 2256 1384 2311 illos
1409 2255 1608 2324 potius,
1640 2257 1732 2327 qui
1761 2271 1886 2310 cum
1918 2255 2082 2309 rebus

500 2351 758 2406 secundis
779 2349 1061 2406 aﬂluentes
1083 2351 1300 2406 videant
1321 2351 1570 2406 inimicos
1597 2366 1744 2416 suns,
1772 2360 1950 2405 tamen
1978 2363 2080 2403 non

496 2441 675 2498 solum
727 2457 834 2498 non
890 2441 1242 2510 indignantur
1293 2441 1488 2512 (super
1517 2457 1578 2497 ea
1632 2441 1948 2510 felicitate),
1987 2439 2082 2494 sed

489 2533 668 2588 etiam
703 2533 920 2588 laudant
945 2547 1062 2600 eos,
1091 2543 1145 2589 et
1172 2548 1272 2604 pro
1310 2535 1446 2604 ipsis
1475 2545 1655 2598 orant,
1689 2533 1742 2588 id
1776 2533 1919 2603 quod
1950 2547 2083 2586 nova

498 2623 826 2696 (Evangelii)
865 2625 1206 2696 philosophia
1249 2627 1573 2696 praecipiens
1608 2625 1685 2680 ait
1734 2642 1748 2680 :
1797 2641 1816 2677 ι
1871 2623 2087 2694 Diligite

489 2715 760 2772 inimicos
801 2725 1044 2783 vestros;
1080 2717 1390 2773 benefacite
1438 2719 1539 2785 iis,
1571 2717 1660 2788 qui
1700 2718 1928 2772 oderunt
1967 2731 2083 2771 vos.

503 2804 672 2860 Orate
735 2819 835 2875 pro
901 2804 1286 2862 infestantibus
1351 2822 1448 2862 vos
1513 2818 1570 2862 et
1642 2805 2088 2878 persequentibus

2187 524 2286 595 ρᾶς
2325 521 2500 590 ἔγωγε
2543 516 2682 574 εἶναι
2725 521 2980 592 ὁρίζομαι
3025 518 3326 591 βαρύτερον
3354 521 3450 573 καὶ
3479 519 3664 590 πάσης
3695 538 3775 576 τε-

2187 613 2397 684 μωρίας
2449 611 2854 683 χαλεπώτερον.
2909 609 3066 664 Οὕτω
3115 608 3248 678 γοῦν
3295 611 3346 664 οἱ
3402 609 3589 664 πολλοὶ
3627 611 3774 666 τοῦθ’

2183 707 2346 778 ὅρκον
2371 705 2632 776 μέγιστον
2654 703 2994 774 νενομίκασι,
3016 702 3265 770 λέγοντες
3285 717 3301 733 ⁸
3329 701 3422 776 Μὴ
3445 702 3599 758 λάϐω
3624 703 3777 774 παρὰ

2185 797 2396 868 ἐχθρῶν
2433 814 2535 867 μου
2562 797 2774 868 ἔρανον.
2810 795 2872 848 Εί
2904 796 3087 850 τοίνυν
3113 797 3224 858 τοῖς
3261 796 3361 866 μὲν
3401 795 3620 851 ποιοῦσι
3649 797 3774 851 κατ’

2187 887 2378 959 εὐχὴν,
2409 890 2522 951 τοῖς
2551 887 2610 940 δὲ
2641 888 2911 957 πάσχουσι
2943 885 3086 939 κατὰ
3126 885 3400 957 τιμωρίαν
3447 885 3658 954 γίνεται
3677 925 3692 948 ,
3723 885 3776 938 τί

2187 977 2521 1047 θαυμάζειςς
2571 977 2682 1032 Καὶ
2719 977 2955 1045 μάλιστα
2977 1017 2992 1041 ,
3023 975 3152 1031 ὅταν
3205 975 3340 1046 μηδέ
3371 975 3514 1046 ἁπλῆ
3545 978 3579 1048 ἡ
3620 975 3776 1046 εὐερ-

2186 1069 2348 1138 γεσία
2371 1110 2386 1136 ,
2424 1067 2563 1122 ἀλλὰ
2587 1068 2858 1139 τιμωρίας
2887 1065 3132 1138 μείζονος
3160 1067 3442 1138 ποιητική.
3475 1066 3646 1120 Τοῦτο
3669 1067 3777 1138 γὰρ

2185 1161 2380 1227 ποιῶν,
2413 1164 2602 1230 φησὶν,
2643 1161 2930 1230 ἄνθρακας
2975 1159 3150 1230 πυρὸς
3189 1161 3490 1228 σωρεύσεις
3541 1161 3638 1213 ἐπὶ
3678 1161 3777 1231 τὴν

2186 1251 2430 1320 κεφαλὴν
2449 1249 2636 1305 αὐτοῦ.
2665 1251 2728 1303 Et
2753 1251 2935 1304 τοίνυν
2961 1249 3095 1302 αὐτὸ
3116 1249 3240 1302 καθ’
3267 1249 3429 1302 ἐαυτὸ
3450 1249 3513 1303 τὸ
3541 1251 3778 1322 πρᾶγμα

2185 1342 2245 1395 ὲν
2274 1340 2548 1414 τιμωρίας
2584 1340 2792 1410 γίνεται
2824 1340 3012 1412 μέρει,
3053 1339 3208 1410 καὶὴ
3239 1339 3390 1393 αἰτία
3419 1339 3490 1394 δι’
3531 1341 3598 1410 ἢν
3629 1340 3778 1409 γίνε-

2185 1449 2315 1496 ται,
2343 1430 2432 1484 διὰ
2475 1430 2699 1485 κόλασιν
2729 1430 2898 1501 ἄλλην
2925 1431 3156 1499 γίνεται.
3188 1431 3314 1494 Τοῖς
3356 1431 3466 1504 γὰρ
3504 1431 3776 1500 λέγουσιν,

2186 1521 2268 1576 δτι
2301 1523 2608 1593 Θερμανεῖς
2649 1521 2816 1576 αὐτοῦ
2857 1521 2919 1576 τὸ
2965 1521 3314 1593 ἡγεμονικὸν,
3355 1523 3452 1576 καὶ
3496 1521 3777 1595 ἀνανῆψαι

2187 1615 2471 1684 ποιήσεις,
2521 1614 2582 1666 οὐ
2627 1615 2772 1668 πάνυ
2803 1613 3152 1684 προσεκτέον.
3203 1609 3278 1667 Ἦ
3319 1613 3428 1686 γὰρ
3469 1613 3540 1669 ἂν
3579 1615 3641 1668 οὐ
3679 1615 3778 1686 τὴν

2187 1703 2435 1774 ἀνάγκην
2455 1703 2552 1756 τοῦ
2586 1701 2746 1774 λιμοῦ
2776 1704 3138 1775 προσέθηκεν,
3171 1704 3286 1758 ἀλλ’
3325 1705 3384 1757 ἐν
3407 1705 3575 1758 παντὶ
3599 1706 3777 1776 καιρῷ

2190 1795 2373 1859 καλῶς
2400 1795 2637 1867 χρῆσθαι
2665 1796 2778 1867 (56)
2807 1795 3163 1868 προσέταξεν.
3199 1797 3274 1852 Οὐ
3304 1797 3573 1867 θαυμάζω
3603 1798 3779 1868 ἔγωγε

2188 1887 2315 1952 τοὺς
2351 1887 2512 1942 τοῦτο
2546 1887 2868 1952 ποιοῦντας,
2894 1888 3030 1942 ἀλλὰ
3060 1890 3188 1954 τοὺς
3217 1891 3277 1942 ἐν
3304 1889 3576 1962 εὐημερίᾳ
3604 1889 3779 1961 δρῶν-

2189 1996 2288 2042 τας
2331 1981 2457 2042 τοὺς
2497 1979 2744 2051 ἐχθροὺς,
2796 1979 2872 2052 μὴ
2913 1981 3074 2051 μόνον
3116 1982 3242 2046 τοὺς
3291 1979 3777 2054 δυσχεραίνοντας,

2189 2069 2328 2124 ἀλλὰ
2361 2072 2455 2124 καὶ
2487 2071 2870 2136 ἐπαινοῦντας,
2899 2071 2996 2126 καὶ
3041 2073 3367 2144 εὐχομένους
3407 2073 3550 2142 ὑπὲρ
3575 2073 3778 2134 αὐτῶν,

2188 2161 2378 2232 ὥσπερ
2417 2161 2518 2233 (57
2542 2161 2562 2230 )
2587 2164 2620 2232 ή
2649 2161 2744 2215 νέα
2793 2163 3083 2232 φιλοσοφία
3131 2163 3544 2234 προστάττουσα
3573 2162 3742 2233 φησίν
3761 2179 3774 2196 ·

2195 2271 2214 2304 ι
2239 2253 2512 2322 ’Δγαπᾶτε
2533 2253 2660 2316 τοὺς
2675 2253 2768 2324 ὲχθ
2777 2255 2904 2326 pob;
2923 2253 3100 2326 ὑμῶν’
3115 2254 3297 2320 καλῶς
3311 2257 3515 2308 ποιεῖτε
3530 2255 3659 2318 τοὺς
3685 2270 3777 2324 μι-

2193 2343 2420 2407 σοῦντας
2452 2344 2624 2414 ὑμᾶς’
2653 2343 3019 2416 προσεύχεσθε
3053 2345 3198 2418 ὑπὲρ
3221 2346 3332 2400 τῶν
3361 2344 3779 2416 ἐπηρεαζόντων

2193 2437 2340 2506 ὑμᾶς
2366 2437 2462 2489 καὶ
2492 2435 2836 2490 διωκὼντων.
2871 2455 2890 2488 ι
2948 2437 3096 2490 Ἐκεῖ
3135 2437 3237 2508 μὲν
3267 2437 3378 2506 γὰρ
3407 2435 3624 2505 ἀνάγκη
3657 2435 3783 2487 ἐπι-

2191 2528 2326 2600 κλᾷν
2359 2524 2498 2582 οἶδεν
2517 2543 2532 2560 ⁸
2582 2527 2820 2583 ἐνταῦθα
2857 2529 2916 2583 δέ
2963 2530 3146 2601 γυμνή
3181 2531 3298 2584 ἐστι
3339 2529 3440 2600 τῆς
3478 2525 3717 2590 διανοίας
3747 2527 3783 2596 ἡ

2193 2619 2448 2690 βάσανος.
2501 2620 2564 2672 Εἰ
2603 2619 2660 2673 δὲ
2699 2621 2796 2674 καὶ
2832 2621 2862 2675 ὁ
2903 2620 3226 2685 ’Δπόστολος
3253 2623 3320 2692 τῇ
3364 2619 3572 2690 παλαιᾷ
3599 2617 3786 2689 ίέχρή-

2193 2727 2325 2764 σατο
2365 2711 2718 2780 παραινέσει,
2763 2710 2900 2765 ἀλλὰ
2945 2713 3082 2765 πᾶσι
3117 2710 3277 2784 δῆλόν
3307 2713 3477 2776 ἐστιν,
3529 2711 3613 2764 ὅτι
3646 2706 3786 2780 πρὸς

2191 2803 2584 2874 ἀτελεστὲρους
2606 2805 2636 2857 ὁ
2671 2803 2830 2872 λόγος
2860 2799 2932 2875 ἦν
2969 2803 3141 2875 αὐτῷ.

504 2911 605 2952 vos
653 2898 720 2950 ⁷³.
756 2914 776 2948 ›
821 2894 935 2951 illic
983 2901 1126 2956 enim
1170 2899 1470 2954 necessitas
1517 2899 1770 2968 frangere
1812 2896 1950 2952 solet
1990 2895 2301 2968 (animum).
2377 2895 2508 2950 Istic
2575 2903 2758 2950 autem
2815 2895 2959 2950 nuda
2999 2905 3085 2952 est
3111 2895 3412 2952 voluntaris
3456 2890 3777 2964 exploratio.

499 2989 656 3059 Quod
688 2991 732 3044 si
765 2991 1054 3060 Apostolus
1095 3005 1310 3062 quoque
1357 2992 1526 3047 veteri
1574 2991 1662 3045 illa
1703 2988 2084 3045 exhortatione
2115 3002 2246 3042 usus
2271 2996 2394 3042 est:
2421 2995 2475 3040 at
2495 2985 2752 3041 erunibus
2787 2983 2974 3056 liquet,
3002 2987 3106 3057 ipsi
3167 3000 3474 3044 sermonem
3529 2984 3787 3042 cumim-

505 3089 930 3160 perl'ectioribus
963 3090 1150 3148 fuisse.

789 3181 909 3237 Xll.
948 3210 1021 3224 --
1060 3180 1436 3238 THEODORO
1479 3182 1797 3240 DIACONO.

505 3271 683 3339 Quare
717 3272 941 3340 Paulus,
961 3291 1080 3329 cum
1107 3276 1325 3331 dixisset
1354 3291 1374 3330 :
1405 3293 1424 3328 ι
1459 3275 1553 3331 Vis
1573 3285 1748 3330 autem
1773 3291 1875 3328 non
1907 3277 2087 3328 timere

579 3355 907 3410 potestatem,
938 3354 1069 3410 etc.,
1093 3363 1114 3398 ι
1143 3348 1300 3409 paulo
1328 3358 1441 3414 post
1465 3347 1606 3400 dicat
1633 3362 1650 3400 :
1681 3363 1700 3396 ι
1727 3345 1944 3400 Reddite
1967 3359 2086 3414 ergo

573 3415 621 3468 ei
648 3415 734 3468 cui
759 3419 994 3470 timorem
1025 3415 1265 3489 (debetis)
1309 3419 1551 3472 timorem
1586 3417 1652 3471 ⁷⁵.
1695 3435 1715 3467 ι

576 3597 891 3670 Quanquam
929 3599 1026 3654 tibi
1062 3615 1171 3656 non
1211 3601 1502 3672 oportebat
1533 3599 1862 3665 rescribere,
1888 3599 2088 3669 petenti

489 3695 566 3763 ,ιιι
595 3687 798 3756 absque
829 3689 1222 3756 praeparatione
1251 3696 1308 3743 et
1334 3687 1800 3743 demonstratione
1833 3685 2091 3755 apostoli-

507 3794 630 3832 cmn
645 3777 820 3833 locum
836 3779 1334 3851 ἰιιιειριειει419
1348 3781 1660 3851 (tecumque
1674 3779 2089 3847 communicem)

509 3867 601 3936 qui
643 3868 808 3920 etiam
852 3867 1096 3922 adhibita
1137 3867 1265 3922 licet
1310 3869 1553 3938 diligenti
1613 3869 2004 3939 praeparatione
2036 3875 2094 3923 et

508 3958 722 4029 prolixo
753 3959 1023 4016 orationis
1059 3959 1289 4029 ambitu,
1332 3961 1625 4016 difﬁculter
1656 3971 1832 4016 tamen
1856 3961 2093 4030 explica-

515 4063 604 4104 tur
637 4067 650 4104 :
685 4058 863 4104 tamen
894 4051 1018 4120 quia
1050 4057 1332 4124 tyrannica
1365 4055 1609 4124 qumdam
1653 4053 1734 4110 vis
1761 4055 1964 4108 amoris
2006 4067 2093 4109 me

489 4139 710 4212 ,subigit
739 4142 841 4197 hoc
874 4140 1076 4210 facere,
1114 4144 1288 4199 dicam
1335 4145 1509 4217 (tnmn
1543 4153 1725 4201 autem
1757 4144 1917 4202 fuerit
1943 4145 2092 4202 testi-

514 4244 688 4298 mare,
741 4245 809 4285 an
843 4233 1046 4301 possim
1088 4233 1381 4304 fugientem
1411 4233 1654 4304 Apostoli
1677 4244 1909 4290 mentem
1943 4249 2093 4290 com-

512 4324 774 4404 pendiose
801 4323 1152 4398 investigare)
1185 4328 1326 4397 quod
1351 4327 1428 4382 ait
1449 4327 1690 4400 (Paulus)
1723 4327 1775 4382 id
1797 4341 1918 4382 esse
1943 4327 2091 4397 ejus—

516 4415 680 4471 modi.
710 4415 767 4470 Si
793 4432 916 4472 cmn
949 4432 1140 4474 servus
1176 4433 1349 4484 esses,
1381 4419 1450 4474 ad
1483 4419 1640 4475 iidem
1683 4418 2092 4490 (Christianam)

2523 3179 2624 3234 iB'.
2667 3207 2735 3218 -
2784 3177 3090 3249 ΘΕΟΔΩΡῼ
3126 3173 3448 3244 “suum.

2191 3275 2296 3328 Διὰ
2327 3274 2386 3327 τί
2423 3276 2456 3328 ὁ
2488 3273 2730 3336 Παῦλος
2751 3310 2766 3334 ,
2819 3267 3022 3324 εἰπών’
3070 3287 3090 3320 ι
3123 3267 3330 3331 Θέλεις
3360 3264 3430 3318 δὲ
3457 3263 3546 3333 μὴ
3591 3261 3790 3336 φοϐεῖ-

2261 3347 2402 3398 σθαι
2461 3343 2576 3410 τὴν
2622 3331 2954 3405 έξδύσίανξ
3004 3357 3051 3410 ί»
3094 3335 3222 3410 μετ’
3291 3331 3786 3410 ὀλίγοὶθρησιη·

2273 3427 2295 3462 ι
2324 3403 2854 3480 Ἀπόδὸτείςεησὶ
2885 3448 2898 3472 ,
2953 3409 3034 3476 τῷ
3082 3403 3190 3462 τόν
3259 3403 3467 3477 φόϐον,
3521 3405 3629 3458 τὸν
3673 3403 3792 3472 φό-

2262 3486 2372 3539 60?
2397 3483 2530 3554 (58).
2563 3503 2583 3534 ι

2273 3595 2758 3665 Ἀντεπισταλῆναι
2809 3591 2908 3664 μέν
2959 3609 3040 3644 σοι
3090 3591 3190 3644 οὐκ
3228 3589 3419 3661 ἐχρῆν,
3469 3586 3790 3660 παρακαλέο

2194 3707 2348 3745 σαντι
2389 3690 2519 3744 ἄνευ
2555 3685 3012 3760 προκατασκευῆς
3051 3683 3146 3737 καὶ
3179 3681 3512 3750 ἀποδείξεως
3549 3681 3610 3735 τὺ
3648 3681 3777 3735 ἀπο-

2196 3781 2442 3837 στολικον
2489 3777 2868 3852 μεταφρασοὲν
2901 3777 3013 3845 (59)
3042 3774 3262 3846 χωρίον,
3303 3773 3332 3826 δ
3362 3772 3454 3826 καὶ
3481 3771 3619 3844 μετὰ
3651 3787 3774 3842 προ-

2194 3871 2540 3941 κατασκευῆς
2581 3870 2676 3924 καὶ
2703 3868 2919 3940 μακρᾶς
2949 3865 3200 3938 περιόδου
3227 3862 3379 3934 μόλις
3406 3859 3789 3932 σαφηνίζεται.

2206 3963 2422 4035 Ἐπειδὴ
2443 3963 2486 4016 δ’
2505 3961 2608 4016 ὑπὸ
2629 3961 2728 4030 τῆς
2744 3959 2964 4028 ἀγάπης
2979 3975 3042 4010 τυ
3051 3954 3243 4029 ραννοὺ
3249 3971 3411 4026 μενος
3437 3951 3790 4024 ἐξεϐιάσθην,

2194 4057 2340 4128 φημὶ
2367 4054 2492 4127 (σὺν
2529 4054 2573 4108 δ’
2605 4055 2672 4108 ἂν
2703 4053 2786 4122 είη
2821 4051 3032 4123 (ϐο-61)
3064 4051 3268 4122 κρίναι,
3304 4047 3354 4102 εἰ
3387 4046 3620 4118 δύναμαι
3656 4062 3793 4099 συν-

2191 4147 2376 4218 τόμως
2428 4143 2692 4218 Θηρεῦσαι
2726 4141 2927 4213 φεῦγον
2983 4142 3045 4196 τὸ
3080 4139 3174 4194 τοῦ
3220 4137 3546 4192 Ἀποστόλου
3584 4136 3790 4208 βούλη-

2196 4237 2332 4308 μα),
2356 4238 2437 4291 ὅτι
2467 4237 2496 4290 ὃ
2517 4252 2686 4306 φησι,
2713 4233 2872 4289 τοῦτό
2910 4235 3082 4288 ἐστιν.
3113 4233 3176 4286 Εἰ
3207 4230 3391 4294 δοῦλος
3432 4230 3508 4285 ὣν
3545 4227 3792 4300 ἐκλήθης

2194 4330 2274 4393 είς
2298 4327 2396 4398 τὴν
2421 4327 2624 4392 πίστιν,
2654 4327 2729 4396 μὴ
2755 4325 2916 4393 diue,
2947 4324 3084 4396 μηδὲ
3112 4323 3430 4396 δυσχέραινε
3451 4361 3466 4387 ,
3503 4322 3578 4386 ὡς
3607 4320 3794 4394 ταύτῃ

2197 4419 2744 4490 παραϐλαπτόμενος.
2781 4417 2902 4472 Ὅτι
2935 4418 3046 4488 γὰρ
3073 4417 3225 4470 οὐδέν
3257 4417 3374 4469 ἐστι
3401 4413 3563 4468 τοῦτο
3586 4413 3786 4480 δεινὸν,

513 4517 740 4564 vocatus
769 4523 852 4575 es,
889 4509 1000 4566 noli
1043 4510 1204 4583 ringi,
1235 4511 1344 4566 noli
1394 4511 1622 4566 moleste
1655 4511 1822 4578 ferre,
1867 4511 2087 4582 perinde

2199 4511 2587 4584 συμϐουλεύσω
2613 4528 2734 4577 σοι,
2769 4511 2853 4566 ὅτι
2883 4512 2932 4564 εἰ
2959 4510 3056 4566 καὶ
3082 4509 3309 4563 δύνασαι
3342 4505 3597 4577 γενέσθαι
3631 4505 3794 4560 ἐλεύ-

495 4603 668 4671 .quasi
700 4605 802 4660 hae
834 4606 889 4660 iu
925 4618 986 4660 re
1029 4605 1234 4676 aliquid
1279 4607 1376 4663 tibi
1416 4605 1729 4662 detrimenti
1779 4603 2090 4661 all'erretur.

511 4698 650 4768 Quia
679 4697 826 4752 enim
866 4699 1004 4758 nihil
1035 4700 1139 4756 hoc
1169 4699 1388 4759 adversi
1421 4700 1605 4768 habet,
1630 4699 1754 4754 ideo
1779 4698 1874 4756 tibi
1917 4697 2101 4754 consi-

581 4857 629 4891 ⁷³
655 4857 850 4913 Matth.
880 4871 936 4926 ν,
966 4855 1059 4913 44.
1133 4857 1181 4890 ⁷⁸
1205 4855 1364 4912 Rom.
1406 4871 1527 4921 xm,
1560 4855 1677 4912 5-7.

2202 4605 2380 4676 θερος,
2408 4604 2610 4676 μᾶλλον
2637 4601 2948 4675 χρήσασθαι
2975 4603 3043 4673 τῇ
3076 4598 3309 4672 δουλείᾳ.
3351 4597 3646 4652 Ἐλάττονα
3673 4597 3796 4670 γὰρ

2207 4695 2364 4766 λόγον
2397 4697 2455 4751 ἐν
2485 4698 2608 4762 ταῖς
2635 4694 2887 4760 εὐθύναις
2919 4692 3274 4766 unaunam
3293 4731 3308 4760 ,
3360 4691 3457 4748 ἅτε
3501 4689 3580 4762 μὴ
3621 4689 3794 4761 μόνον

1615 4989 1853 5048 VARUE
1891 4988 2280 5047 LECTIONES
2319 4987 2408 5044 ET
2446 4987 2680 5046 ΝΟΤΛΕ.

583 5149 695 5223 (56)
731 5151 942 5223 Καλῷς
982 5147 1243 5223 χρῆσθαι
1279 5147 1421 5223 forte
1446 5161 1634 5223 verum
1673 5156 1755 5223 est
1773 5187 1787 5208 ,
1815 5147 2002 5223 καλοῖς
2029 5146 2091 5201 οὐ

514 5217 682 5300 μόνον
707 5223 854 5300 τοῦς.
883 5217 1278 5300 P'utoélegenth
1300 5217 1360 5300 uti
1392 5218 1564 5299 privav-
1583 5217 1644 5270 οὐ
1668 5217 1822 5300 δυσχ.
1848 5218 1974 5280 τοὺς
2001 5234 2094 5289 μι-

517 5287 765 5357 σοῦντας.
792 5293 852 5346 ιιι
877 5305 977 5344 ms.
1010 5287 1074 5343 Β.
1098 5287 1236 5358 erat,
1267 5290 1380 5352 τοῖς
1395 5287 1680 5358 μισοῦσιν.
1711 5287 1878 5344 Βιττ.

584 5365 698 5434 (57)
727 5355 855 5417 ‘Pro
906 5357 1095 5434 ὥσπερ
1146 5357 1286 5412 idem
1302 5355 1446 5434 _cod.
1487 5361 1696 5434 scribit,
1724 5359 1888 5434 ῥπερ.
1933 5355 2090 5434 Yers.

549 5425 634 5490 ost
661 5425 698 5488 2'
718 5434 858 5486 idem
883 5443 979 5498 pro
1013 5425 1136 5491 τοὺς
1173 5425 1463 5499 μισοῦντας
1505 5429 1632 5499 legit
1661 5431 1774 5492 τοῖς
1810 5425 2081 5499 μισοῦσιν.

549 5452 634 5490 οει
661 5452 698 5488 z
719 5452 858 5486 ttlcm
884 5452 979 5498 pro
1013 5452 1136 5491 τους
1173 5452 1463 5496 μιουυπας
1505 5452 1632 5499 lugu.
1661 5452 1774 5492 τοις
1810 5452 2081 5498 μισοῦσιν.

513 5452 670 5559 curs.
699 5503 824 5557 inde
847 5501 881 5556 5
912 5497 1328 5570 ροειγάρ-ιιάάὶι
1347 5499 1408 5568 ὴ,
1439 5508 1495 5555 et
1531 5514 1656 5554 mox
1689 5513 1786 5567 pro
1811 5497 2085 5570 ἐχρήσατο

513 5574 677 5646 habet
715 5567 1357 5646 XETgXpﬁGG?O._P0§SlN.

586 5644 699 5714 (58)
747 5636 998 5712 Epis'tolie
1031 5638 1191 5714 hujus
1227 5636 1508 5714 inscriptio
1529 5639 1741 5714 videtur
1767 5636 2089 5714 alienaesse

516 5725 546 5764 ιι
577 5705 850 5783 proposito
887 5729 900 5768 :
937 5727 1042 5768 non
1083 5705 1228 5764 enim
1257 5705 1345 5760 hic
1382 5705 1558 5778 agitur
1588 5709 1654 5764 de
1689 5710 1807 5762 loco
1842 5706 1988 5761 Pauli
2023 5706 2086 5758 ad

2199 5145 2437 5202 Roman.
2479 5162 2615 5211 ιιιιι,
2657 5144 2752 5203 sed
2799 5145 2866 5203 ad
2899 5143 3147 5201 Corinth.
3189 5143 3234 5210 1,
3277 5157 3398 5214 cap.
3435 5160 3534 5200 vit.
3583 5144 3794 5202 Deinde

2199 5217 2430 5287 alterum
2481 5217 2617 5286 φησὶ
2647 5217 2948 5287 redundare
2978 5222 3130 5284 puto,
3174 5215 3258 5271 vel
3301 5229 3398 5285 pro
3423 5228 3488 5270 eo
3515 5229 3792 5287 repmien-

2201 5287 2325 5342 dum
2355 5281 2448 5340 οῦν
2467 5281 2697 5340 ἆπῦδοτε
2727 5281 2842 5342 οῦν.
2875 5281 3044 5342 Βιτῖι.

2277 5355 2391 5428 (59)
2434 5355 3030 5430 ΜεταφρασθέγεΑυι
3063 5355 3541 5430 μεταφρασθῆναε
3574 5354 3790 5425 legend.

2193 5425 2302 5498 ᾼυί
2349 5427 2572 5498 verbum
2599 5425 2839 5496 aliquod
2869 5427 3024 5498 deest
3050 5425 3078 5494 ,’
3101 5435 3180 5493 ul,
3216 5425 3473 5498 πέμπειν.
3507 5425 3672 5481 Rt‘n'.
3713 5451 3792 5464 -

2193 5495 2570 5567 Cod.7Vatic.,
2611 5495 3090 5567 μεταφρασθῇναι.
3283 5495 3302 5567 ξ
3819 5504 3822 5506 ⁷

2275 5515 2328 5552 ιι.
2378 5515 2570 5558 vauc.,
2654 5515 3090 5567 εταφρασυηναι.

2269 5566 2484 5638 (BQ-(il)
2514 5515 2650 5622 Cod:
2667 5566 2791 5638 Yat.
2821 5581 2918 5634 pro
2934 5565 2982 5638 δ⁴
3007 5568 3073 5623 διν
3103 5563 3372 5638 eiqhabct
3399 5564 3444 5638 δ’
3471 5565 3608 5638 ἐστι.
3635 5575 3786 5616 vers.

2196 5632 2317 5705 post
2347 5637 2402 5698 5,
2443 5632 2566 5690 ante
2609 5635 2794 5699 δοῦλος
2822 5632 3038 5694 ἶηηὶιιίι
3080 5639 3149 5690 εί.
3176 5632 3352 5691 'Vers.
3409 5634 3534 5691 inde
3567 5632 3624 5704 2,
3663 5644 3794 5702 post

2197 5707 2306 5777 γάρ
2332 5707 2474 5764 addit
2508 5725 2630 5778 περ.
2673 5705 2882 5763 Ροεδικ.
