  <div class='ocr_page' id='page_1' title='image "/cluster/home/n/w/nwhite01/storage/ocr_20150623/78/coo.31924054869791/541.png"; bbox 0 0 4084 6364; ppageno 0'>
   <div class='ocr_carea' id='block_1_1' title="bbox 400 351 555 417">
    <p class='ocr_par' dir='ltr' id='par_1_1' title="bbox 400 351 555 417">
     <span class='ocr_line' id='line_1_1' title="bbox 400 351 555 417; baseline -0.013 0"><span class='ocrx_word' id='word_1_1' title='bbox 400 351 555 417; x_wconf 63' lang='lat' dir='ltr'><strong>r1057</strong></span> 
     </span>
    </p>
   </div>
   <div class='ocr_carea' id='block_1_2' title="bbox 1590 328 2495 393">
    <p class='ocr_par' dir='ltr' id='par_1_2' title="bbox 1590 328 2495 393">
     <span class='ocr_line' id='line_1_2' title="bbox 1590 328 2495 393; baseline -0.004 -1"><span class='ocrx_word' id='word_1_2' title='bbox 1590 342 1595 347; x_wconf 88' lang='lat'>&#39;</span> <span class='ocrx_word' id='word_1_3' title='bbox 1618 335 1678 393; x_wconf 92' lang='lat' dir='ltr'><strong>S.</strong></span> <span class='ocrx_word' id='word_1_4' title='bbox 1720 332 2014 392; x_wconf 81' lang='lat' dir='ltr'><strong>lSlDURl</strong></span> <span class='ocrx_word' id='word_1_5' title='bbox 2055 328 2495 390; x_wconf 68' lang='lat' dir='ltr'><strong>PELUSIOTAL&#39;</strong></span> 
     </span>
    </p>
   </div>
   <div class='ocr_carea' id='block_1_3' title="bbox 3546 328 3688 395">
    <p class='ocr_par' dir='ltr' id='par_1_3' title="bbox 3546 328 3688 395">
     <span class='ocr_line' id='line_1_3' title="bbox 3546 328 3688 395; baseline 0.021 -3"><span class='ocrx_word' id='word_1_6' title='bbox 3546 328 3688 395; x_wconf 78' lang='lat'><strong>1068</strong></span> 
     </span>
    </p>
   </div>
   <div class='ocr_carea' id='block_1_4' title="bbox 420 436 2009 535">
    <p class='ocr_par' dir='ltr' id='par_1_4' title="bbox 420 447 1998 535">
     <span class='ocr_line' id='line_1_4' title="bbox 420 447 1998 535; baseline -0.016 -14"><span class='ocrx_word' id='word_1_7' title='bbox 420 481 543 522; x_wconf 85' lang='lat' dir='ltr'><strong>nem</strong></span> <span class='ocrx_word' id='word_1_8' title='bbox 578 459 839 535; x_wconf 89' lang='lat' dir='ltr'><strong>(morum)</strong></span> <span class='ocrx_word' id='word_1_9' title='bbox 880 462 1240 525; x_wconf 77' lang='lat' dir='ltr'><strong>magnamque</strong></span> <span class='ocrx_word' id='word_1_10' title='bbox 1283 447 1573 505; x_wconf 92' lang='lat' dir='ltr'><strong>ostendant</strong></span> <span class='ocrx_word' id='word_1_11' title='bbox 1617 448 1998 510; x_wconf 72' lang='lat' dir='ltr'><strong>mutationem,</strong></span> 
     </span>
    </p>
   </div>
   <div class='ocr_carea' id='block_1_5' title="bbox 2111 436 3690 535">
    <p class='ocr_par' dir='ltr' id='par_1_5' title="bbox 2111 436 3690 514">
     <span class='ocr_line' id='line_1_5' title="bbox 2111 436 3690 514; baseline 0.002 -19"><span class='ocrx_word' id='word_1_12' title='bbox 2111 442 2348 513; x_wconf 82' lang='grc' dir='ltr'>μεγάλην</span> <span class='ocrx_word' id='word_1_13' title='bbox 2407 439 2649 494; x_wconf 80' lang='grc' dir='ltr'><strong>δεικτέον</strong></span> <span class='ocrx_word' id='word_1_14' title='bbox 2705 436 2805 511; x_wconf 75' lang='grc' dir='ltr'>τὴν</span> <span class='ocrx_word' id='word_1_15' title='bbox 2856 438 3191 514; x_wconf 76' lang='grc' dir='ltr'>μεταϐολὴν,</span> <span class='ocrx_word' id='word_1_16' title='bbox 3239 438 3545 506; x_wconf 68' lang='grc' dir='ltr'>ἀσκοῦντας</span> <span class='ocrx_word' id='word_1_17' title='bbox 3594 446 3690 498; x_wconf 74' lang='grc' dir='ltr'>καὶ</span> 
     </span>
    </p>
   </div>
   <div class='ocr_carea' id='block_1_6' title="bbox 408 538 2001 621">
    <p class='ocr_par' dir='ltr' id='par_1_6' title="bbox 408 538 2001 621">
     <span class='ocr_line' id='line_1_6' title="bbox 408 538 2001 621; baseline -0.014 -8"><span class='ocrx_word' id='word_1_18' title='bbox 408 562 737 612; x_wconf 72' lang='lat' dir='ltr'><strong>exercentes</strong></span> <span class='ocrx_word' id='word_1_19' title='bbox 763 564 821 606; x_wconf 90' lang='lat' dir='ltr'><strong>se</strong></span> <span class='ocrx_word' id='word_1_20' title='bbox 855 549 930 621; x_wconf 88' lang='lat' dir='ltr'><strong>(in</strong></span> <span class='ocrx_word' id='word_1_21' title='bbox 950 544 1171 617; x_wconf 88' lang='lat' dir='ltr'><strong>pietatis</strong></span> <span class='ocrx_word' id='word_1_22' title='bbox 1198 539 1401 609; x_wconf 88' lang='lat' dir='ltr'><strong>studio)</strong></span> <span class='ocrx_word' id='word_1_23' title='bbox 1435 547 1491 595; x_wconf 89' lang='lat' dir='ltr'><strong>et</strong></span> <span class='ocrx_word' id='word_1_24' title='bbox 1516 538 1753 607; x_wconf 92' lang='lat' dir='ltr'><strong>quietam</strong></span> <span class='ocrx_word' id='word_1_25' title='bbox 1782 545 2001 607; x_wconf 80' lang='lat' dir='ltr'><strong>agentes</strong></span> 
     </span>
    </p>
   </div>
   <div class='ocr_carea' id='block_1_7' title="bbox 420 628 2002 711">
    <p class='ocr_par' dir='ltr' id='par_1_7' title="bbox 420 628 2002 711">
     <span class='ocr_line' id='line_1_7' title="bbox 420 628 2002 711; baseline -0.012 -11"><span class='ocrx_word' id='word_1_26' title='bbox 420 646 611 711; x_wconf 89' lang='lat' dir='ltr'><strong>vitam,</strong></span> <span class='ocrx_word' id='word_1_27' title='bbox 646 652 701 697; x_wconf 89' lang='lat' dir='ltr'><strong>et</strong></span> <span class='ocrx_word' id='word_1_28' title='bbox 744 654 851 695; x_wconf 92' lang='lat' dir='ltr'><strong>non</strong></span> <span class='ocrx_word' id='word_1_29' title='bbox 887 637 1159 691; x_wconf 82' lang='lat' dir='ltr'><strong>inhiantes</strong></span> <span class='ocrx_word' id='word_1_30' title='bbox 1192 631 1461 703; x_wconf 87' lang='lat' dir='ltr'><strong>pecuniis,</strong></span> <span class='ocrx_word' id='word_1_31' title='bbox 1493 631 1538 683; x_wconf 85' lang='lat' dir='ltr'><strong>si</strong></span> <span class='ocrx_word' id='word_1_32' title='bbox 1587 628 1745 682; x_wconf 89' lang='lat' dir='ltr'><strong>modo</strong></span> <span class='ocrx_word' id='word_1_33' title='bbox 1793 628 2002 696; x_wconf 89' lang='lat' dir='ltr'><strong>aliquos</strong></span> 
     </span>
    </p>
   </div>
   <div class='ocr_carea' id='block_1_8' title="bbox 423 716 2005 790">
    <p class='ocr_par' dir='ltr' id='par_1_8' title="bbox 423 716 2005 790">
     <span class='ocr_line' id='line_1_8' title="bbox 423 716 2005 790; baseline -0.012 -2"><span class='ocrx_word' id='word_1_34' title='bbox 423 735 590 790; x_wconf 82' lang='lat' dir='ltr'><strong>velint</strong></span> <span class='ocrx_word' id='word_1_35' title='bbox 614 741 851 787; x_wconf 84' lang='lat' dir='ltr'><strong>mentem</strong></span> <span class='ocrx_word' id='word_1_36' title='bbox 895 726 999 782; x_wconf 79' lang='lat' dir='ltr'><strong>sibi</strong></span> <span class='ocrx_word' id='word_1_37' title='bbox 1031 724 1291 779; x_wconf 88' lang='lat' dir='ltr'><strong>adhibere</strong></span> <span class='ocrx_word' id='word_1_38' title='bbox 1322 729 1379 776; x_wconf 89' lang='lat' dir='ltr'><strong>et</strong></span> <span class='ocrx_word' id='word_1_39' title='bbox 1412 720 1595 775; x_wconf 89' lang='lat' dir='ltr'><strong>fidem.</strong></span> <span class='ocrx_word' id='word_1_40' title='bbox 1638 717 1771 772; x_wconf 76' lang='lat' dir='ltr'><strong>Nam</strong></span> <span class='ocrx_word' id='word_1_41' title='bbox 1808 716 1850 771; x_wconf 90' lang='lat' dir='ltr'><strong>si</strong></span> <span class='ocrx_word' id='word_1_42' title='bbox 1891 716 2005 769; x_wconf 85' lang='lat' dir='ltr'><strong>haec</strong></span> 
     </span>
    </p>
   </div>
   <div class='ocr_carea' id='block_1_9' title="bbox 422 807 2053 886">
    <p class='ocr_par' dir='ltr' id='par_1_9' title="bbox 422 807 2053 886">
     <span class='ocr_line' id='line_1_9' title="bbox 422 807 2053 886; baseline -0.01 -12"><span class='ocrx_word' id='word_1_43' title='bbox 422 821 669 886; x_wconf 81' lang='lat' dir='ltr'><strong>fecerint,</strong></span> <span class='ocrx_word' id='word_1_44' title='bbox 703 831 808 872; x_wconf 90' lang='lat' dir='ltr'><strong>non</strong></span> <span class='ocrx_word' id='word_1_45' title='bbox 855 815 1029 871; x_wconf 89' lang='lat' dir='ltr'><strong>solum</strong></span> <span class='ocrx_word' id='word_1_46' title='bbox 1066 827 1155 868; x_wconf 88' lang='lat' dir='ltr'><strong>res</strong></span> <span class='ocrx_word' id='word_1_47' title='bbox 1182 810 1523 866; x_wconf 82' lang='lat' dir='ltr'><strong>subditorum</strong></span> <span class='ocrx_word' id='word_1_48' title='bbox 1568 809 1706 862; x_wconf 83' lang='lat' dir='ltr'><strong>bene</strong></span> <span class='ocrx_word' id='word_1_49' title='bbox 1741 807 2005 874; x_wconf 81' lang='lat' dir='ltr'><strong>beateque</strong></span> <span class='ocrx_word' id='word_1_50' title='bbox 2042 819 2053 826; x_wconf 92' lang='grc'><strong>·</strong></span> 
     </span>
    </p>
   </div>
   <div class='ocr_carea' id='block_1_10' title="bbox 422 898 2006 972">
    <p class='ocr_par' dir='ltr' id='par_1_10' title="bbox 422 898 2006 972">
     <span class='ocr_line' id='line_1_10' title="bbox 422 898 2006 972; baseline -0.012 -5"><span class='ocrx_word' id='word_1_51' title='bbox 422 928 482 967; x_wconf 90' lang='lat' dir='ltr'><strong>se</strong></span> <span class='ocrx_word' id='word_1_52' title='bbox 513 912 778 967; x_wconf 71' lang='lat' dir='ltr'><strong>habitum</strong></span> <span class='ocrx_word' id='word_1_53' title='bbox 805 915 952 972; x_wconf 88' lang='lat' dir='ltr'><strong>sunt,</strong></span> <span class='ocrx_word' id='word_1_54' title='bbox 986 918 1169 959; x_wconf 89' lang='lat' dir='ltr'><strong>verum</strong></span> <span class='ocrx_word' id='word_1_55' title='bbox 1201 902 1365 957; x_wconf 89' lang='lat' dir='ltr'><strong>etiam</strong></span> <span class='ocrx_word' id='word_1_56' title='bbox 1406 900 1506 970; x_wconf 84' lang='lat' dir='ltr'><strong>ipsi</strong></span> <span class='ocrx_word' id='word_1_57' title='bbox 1536 898 1822 969; x_wconf 77' lang='lat' dir='ltr'><strong>praeconiis</strong></span> <span class='ocrx_word' id='word_1_58' title='bbox 1844 911 2006 952; x_wconf 85' lang='lat' dir='ltr'><strong>orna-</strong></span> 
     </span>
    </p>
   </div>
   <div class='ocr_carea' id='block_1_11' title="bbox 423 989 2000 1070">
    <p class='ocr_par' dir='ltr' id='par_1_11' title="bbox 423 989 2000 1070">
     <span class='ocr_line' id='line_1_11' title="bbox 423 989 2000 1070; baseline -0.011 -12"><span class='ocrx_word' id='word_1_59' title='bbox 423 1004 643 1058; x_wconf 88' lang='lat' dir='ltr'><strong>buntur.</strong></span> <span class='ocrx_word' id='word_1_60' title='bbox 668 1000 855 1070; x_wconf 79' lang='lat' dir='ltr'><strong>Neque</strong></span> <span class='ocrx_word' id='word_1_61' title='bbox 881 1011 1010 1051; x_wconf 88' lang='lat' dir='ltr'><strong>vero</strong></span> <span class='ocrx_word' id='word_1_62' title='bbox 1044 994 1096 1048; x_wconf 94' lang='lat' dir='ltr'><strong>id</strong></span> <span class='ocrx_word' id='word_1_63' title='bbox 1123 991 1266 1063; x_wconf 90' lang='lat' dir='ltr'><strong>quod</strong></span> <span class='ocrx_word' id='word_1_64' title='bbox 1310 991 1359 1062; x_wconf 90' lang='lat' dir='ltr'><strong>(a</strong></span> <span class='ocrx_word' id='word_1_65' title='bbox 1393 989 1635 1057; x_wconf 86' lang='lat' dir='ltr'><strong>Christo)</strong></span> <span class='ocrx_word' id='word_1_66' title='bbox 1661 989 1864 1043; x_wconf 92' lang='lat' dir='ltr'><strong>dictum</strong></span> <span class='ocrx_word' id='word_1_67' title='bbox 1896 995 2000 1052; x_wconf 87' lang='lat' dir='ltr'><strong>est,</strong></span> 
     </span>
    </p>
   </div>
   <div class='ocr_carea' id='block_1_12' title="bbox 423 1080 2000 1155">
    <p class='ocr_par' dir='ltr' id='par_1_12' title="bbox 423 1080 2000 1155">
     <span class='ocr_line' id='line_1_12' title="bbox 423 1080 2000 1155; baseline -0.011 -9"><span class='ocrx_word' id='word_1_68' title='bbox 423 1091 491 1147; x_wconf 88' lang='lat' dir='ltr'><strong>ad</strong></span> <span class='ocrx_word' id='word_1_69' title='bbox 515 1092 638 1155; x_wconf 86' lang='lat' dir='ltr'><strong>hoc,</strong></span> <span class='ocrx_word' id='word_1_70' title='bbox 683 1098 742 1143; x_wconf 89' lang='lat' dir='ltr'><strong>ut</strong></span> <span class='ocrx_word' id='word_1_71' title='bbox 776 1086 954 1142; x_wconf 88' lang='lat' dir='ltr'><strong>nullus</strong></span> <span class='ocrx_word' id='word_1_72' title='bbox 987 1082 1217 1138; x_wconf 89' lang='lat' dir='ltr'><strong>subditis</strong></span> <span class='ocrx_word' id='word_1_73' title='bbox 1241 1080 1633 1148; x_wconf 83' lang='lat' dir='ltr'><strong>relinqueretur</strong></span> <span class='ocrx_word' id='word_1_74' title='bbox 1663 1082 1958 1145; x_wconf 66' lang='lat' dir='ltr'><strong>praeteritus</strong></span> <span class='ocrx_word' id='word_1_75' title='bbox 1987 1091 2000 1128; x_wconf 90' lang='lat'><strong>:</strong></span> 
     </span>
    </p>
   </div>
   <div class='ocr_carea' id='block_1_13' title="bbox 429 1166 2005 1253">
    <p class='ocr_par' dir='ltr' id='par_1_13' title="bbox 429 1166 2005 1253">
     <span class='ocr_line' id='line_1_13' title="bbox 429 1166 2005 1253; baseline -0.011 -16"><span class='ocrx_word' id='word_1_76' title='bbox 429 1202 449 1237; x_wconf 80' lang='grc' dir='ltr'><strong>ι</strong></span> <span class='ocrx_word' id='word_1_77' title='bbox 479 1183 654 1253; x_wconf 85' lang='lat' dir='ltr'><strong>Super</strong></span> <span class='ocrx_word' id='word_1_78' title='bbox 670 1179 924 1235; x_wconf 83' lang='lat' dir='ltr'><strong>cathedra</strong></span> <span class='ocrx_word' id='word_1_79' title='bbox 943 1174 1110 1231; x_wconf 81' lang='lat' dir='ltr'><strong>Musis</strong></span> <span class='ocrx_word' id='word_1_80' title='bbox 1134 1173 1391 1229; x_wconf 89' lang='lat' dir='ltr'><strong>sederunt</strong></span> <span class='ocrx_word' id='word_1_81' title='bbox 1418 1168 1623 1225; x_wconf 63' lang='lat' dir='ltr'><strong>Scriba</strong></span> <span class='ocrx_word' id='word_1_82' title='bbox 1646 1177 1702 1223; x_wconf 85' lang='lat' dir='ltr'><strong>et</strong></span> <span class='ocrx_word' id='word_1_83' title='bbox 1725 1166 2005 1221; x_wconf 80' lang='lat' dir='ltr'><strong>Pharisaei.</strong></span> 
     </span>
    </p>
   </div>
   <div class='ocr_carea' id='block_1_14' title="bbox 424 1256 2010 1348">
    <p class='ocr_par' dir='ltr' id='par_1_14' title="bbox 424 1256 2010 1348">
     <span class='ocr_line' id='line_1_14' title="bbox 424 1256 2010 1348; baseline -0.015 -15"><span class='ocrx_word' id='word_1_84' title='bbox 424 1276 588 1348; x_wconf 66' lang='grc'><strong>422</strong></span> <span class='ocrx_word' id='word_1_85' title='bbox 628 1272 824 1328; x_wconf 83' lang='lat' dir='ltr'><strong>Omnia</strong></span> <span class='ocrx_word' id='word_1_86' title='bbox 877 1269 1044 1339; x_wconf 80' lang='lat' dir='ltr'><strong>igitur</strong></span> <span class='ocrx_word' id='word_1_87' title='bbox 1084 1275 1423 1335; x_wconf 62' lang='lat' dir='ltr'><strong>quacunque</strong></span> <span class='ocrx_word' id='word_1_88' title='bbox 1457 1259 1694 1313; x_wconf 81' lang='lat' dir='ltr'><strong>dixerint</strong></span> <span class='ocrx_word' id='word_1_89' title='bbox 1745 1256 1898 1312; x_wconf 87' lang='lat' dir='ltr'><strong>vobis</strong></span> <span class='ocrx_word' id='word_1_90' title='bbox 1951 1265 2010 1310; x_wconf 90' lang='lat' dir='ltr'><strong>ut</strong></span> 
     </span>
    </p>
   </div>
   <div class='ocr_carea' id='block_1_15' title="bbox 426 1351 2003 1431">
    <p class='ocr_par' dir='ltr' id='par_1_15' title="bbox 426 1351 2003 1431">
     <span class='ocr_line' id='line_1_15' title="bbox 426 1351 2003 1431; baseline -0.012 -12"><span class='ocrx_word' id='word_1_91' title='bbox 426 1366 659 1431; x_wconf 74' lang='lat' dir='ltr'><strong>faciatis,</strong></span> <span class='ocrx_word' id='word_1_92' title='bbox 687 1363 882 1426; x_wconf 87' lang='lat' dir='ltr'><strong>facite;</strong></span> <span class='ocrx_word' id='word_1_93' title='bbox 922 1377 942 1411; x_wconf 78' lang='grc' dir='ltr'><strong>ι</strong></span> <span class='ocrx_word' id='word_1_94' title='bbox 984 1358 1037 1413; x_wconf 91' lang='lat' dir='ltr'><strong>id</strong></span> <span class='ocrx_word' id='word_1_95' title='bbox 1069 1369 1199 1426; x_wconf 87' lang='lat' dir='ltr'><strong>ergo</strong></span> <span class='ocrx_word' id='word_1_96' title='bbox 1220 1354 1286 1408; x_wconf 85' lang='lat' dir='ltr'><strong>ad</strong></span> <span class='ocrx_word' id='word_1_97' title='bbox 1316 1367 1469 1407; x_wconf 88' lang='lat' dir='ltr'><strong>suam</strong></span> <span class='ocrx_word' id='word_1_98' title='bbox 1501 1351 1741 1420; x_wconf 88' lang='lat' dir='ltr'><strong>ipsorum</strong></span> <span class='ocrx_word' id='word_1_99' title='bbox 1781 1362 2003 1403; x_wconf 89' lang='lat' dir='ltr'><strong>excusa-</strong></span> 
     </span>
    </p>
   </div>
   <div class='ocr_carea' id='block_1_16' title="bbox 429 1443 2003 1520">
    <p class='ocr_par' dir='ltr' id='par_1_16' title="bbox 429 1443 2003 1520">
     <span class='ocr_line' id='line_1_16' title="bbox 429 1443 2003 1520; baseline -0.013 -6"><span class='ocrx_word' id='word_1_100' title='bbox 429 1462 627 1514; x_wconf 88' lang='lat' dir='ltr'><strong>tionem</strong></span> <span class='ocrx_word' id='word_1_101' title='bbox 681 1454 1182 1520; x_wconf 87' lang='lat' dir='ltr'><strong>defensionemque,</strong></span> <span class='ocrx_word' id='word_1_102' title='bbox 1227 1458 1284 1503; x_wconf 87' lang='lat' dir='ltr'><strong>et</strong></span> <span class='ocrx_word' id='word_1_103' title='bbox 1331 1446 1399 1499; x_wconf 88' lang='lat' dir='ltr'><strong>ad</strong></span> <span class='ocrx_word' id='word_1_104' title='bbox 1448 1445 1678 1499; x_wconf 86' lang='lat' dir='ltr'><strong>aliorum</strong></span> <span class='ocrx_word' id='word_1_105' title='bbox 1707 1457 1803 1497; x_wconf 92' lang='lat' dir='ltr'><strong>ora</strong></span> <span class='ocrx_word' id='word_1_106' title='bbox 1847 1443 2003 1498; x_wconf 89' lang='lat' dir='ltr'><strong>obtu-</strong></span> 
     </span>
    </p>
   </div>
   <div class='ocr_carea' id='block_1_17' title="bbox 402 1531 2010 1617">
    <p class='ocr_par' dir='ltr' id='par_1_17' title="bbox 402 1531 2010 1617">
     <span class='ocr_line' id='line_1_17' title="bbox 402 1531 2010 1617; baseline -0.012 -13"><span class='ocrx_word' id='word_1_107' title='bbox 402 1551 596 1604; x_wconf 83' lang='lat' dir='ltr'><strong>~randa</strong></span> <span class='ocrx_word' id='word_1_108' title='bbox 625 1544 868 1617; x_wconf 89' lang='lat' dir='ltr'><strong>proferre</strong></span> <span class='ocrx_word' id='word_1_109' title='bbox 891 1543 1107 1597; x_wconf 87' lang='lat' dir='ltr'><strong>debent.</strong></span> <span class='ocrx_word' id='word_1_110' title='bbox 1139 1537 1270 1591; x_wconf 80' lang='lat' dir='ltr'><strong>Nam</strong></span> <span class='ocrx_word' id='word_1_111' title='bbox 1297 1550 1360 1590; x_wconf 91' lang='lat' dir='ltr'><strong>ea</strong></span> <span class='ocrx_word' id='word_1_112' title='bbox 1400 1548 1525 1603; x_wconf 71' lang='lat' dir='ltr'><strong>quae</strong></span> <span class='ocrx_word' id='word_1_113' title='bbox 1567 1531 1846 1589; x_wconf 83' lang='lat' dir='ltr'><strong>excusatio</strong></span> <span class='ocrx_word' id='word_1_114' title='bbox 1889 1543 2010 1585; x_wconf 86' lang='lat' dir='ltr'><strong>esse</strong></span> 
     </span>
    </p>
   </div>
   <div class='ocr_carea' id='block_1_18' title="bbox 430 1618 2011 1705">
    <p class='ocr_par' dir='ltr' id='par_1_18' title="bbox 430 1618 2011 1705">
     <span class='ocr_line' id='line_1_18' title="bbox 430 1618 2011 1705; baseline -0.011 -14"><span class='ocrx_word' id='word_1_115' title='bbox 430 1638 659 1697; x_wconf 83' lang='lat' dir='ltr'><strong>videtur.</strong></span> <span class='ocrx_word' id='word_1_116' title='bbox 681 1632 898 1705; x_wconf 78' lang='lat' dir='ltr'><strong>augebit</strong></span> <span class='ocrx_word' id='word_1_117' title='bbox 927 1628 1347 1689; x_wconf 82' lang='lat' dir='ltr'><strong>accusationem,</strong></span> <span class='ocrx_word' id='word_1_118' title='bbox 1374 1638 1480 1678; x_wconf 90' lang='lat' dir='ltr'><strong>non</strong></span> <span class='ocrx_word' id='word_1_119' title='bbox 1513 1621 1672 1677; x_wconf 89' lang='lat' dir='ltr'><strong>modo</strong></span> <span class='ocrx_word' id='word_1_120' title='bbox 1700 1618 2011 1674; x_wconf 84' lang='lat' dir='ltr'><strong>inevitabile</strong></span> 
     </span>
    </p>
   </div>
   <div class='ocr_carea' id='block_1_19' title="bbox 428 1711 2008 1798">
    <p class='ocr_par' dir='ltr' id='par_1_19' title="bbox 428 1711 2008 1798">
     <span class='ocr_line' id='line_1_19' title="bbox 428 1711 2008 1798; baseline -0.012 -16"><span class='ocrx_word' id='word_1_121' title='bbox 428 1726 749 1798; x_wconf 82' lang='lat' dir='ltr'><strong>supplicium</strong></span> <span class='ocrx_word' id='word_1_122' title='bbox 770 1724 1004 1792; x_wconf 83' lang='lat' dir='ltr'><strong>pariens,</strong></span> <span class='ocrx_word' id='word_1_123' title='bbox 1031 1733 1214 1775; x_wconf 85' lang='lat' dir='ltr'><strong>verum</strong></span> <span class='ocrx_word' id='word_1_124' title='bbox 1248 1716 1410 1771; x_wconf 87' lang='lat' dir='ltr'><strong>etiam</strong></span> <span class='ocrx_word' id='word_1_125' title='bbox 1443 1712 1725 1768; x_wconf 76' lang='lat' dir='ltr'><strong>dementire</strong></span> <span class='ocrx_word' id='word_1_126' title='bbox 1750 1711 2008 1781; x_wconf 84' lang='lat' dir='ltr'><strong>probrum</strong></span> 
     </span>
    </p>
   </div>
   <div class='ocr_carea' id='block_1_20' title="bbox 2101 530 3684 606">
    <p class='ocr_par' dir='ltr' id='par_1_20' title="bbox 2101 530 3684 606">
     <span class='ocr_line' id='line_1_20' title="bbox 2101 530 3684 606; baseline 0.001 -20"><span class='ocrx_word' id='word_1_127' title='bbox 2101 533 2465 606; x_wconf 74' lang='grc' dir='ltr'><strong>ἠρεμοῦντας,</strong></span> <span class='ocrx_word' id='word_1_128' title='bbox 2517 532 2611 585; x_wconf 76' lang='grc' dir='ltr'>καὶ</span> <span class='ocrx_word' id='word_1_129' title='bbox 2664 530 2739 602; x_wconf 80' lang='grc' dir='ltr'>μὴ</span> <span class='ocrx_word' id='word_1_130' title='bbox 2786 531 3313 602; x_wconf 71' lang='grc' dir='ltr'><strong>χρηματιζομένους,</strong></span> <span class='ocrx_word' id='word_1_131' title='bbox 3362 533 3518 604; x_wconf 77' lang='grc' dir='ltr'>εἴπερ</span> <span class='ocrx_word' id='word_1_132' title='bbox 3556 533 3684 605; x_wconf 75' lang='grc' dir='ltr'><strong>βούο</strong></span> 
     </span>
    </p>
   </div>
   <div class='ocr_carea' id='block_1_21' title="bbox 2103 626 3687 699">
    <p class='ocr_par' dir='ltr' id='par_1_21' title="bbox 2103 626 3687 699">
     <span class='ocr_line' id='line_1_21' title="bbox 2103 626 3687 699; baseline 0.001 -18"><span class='ocrx_word' id='word_1_133' title='bbox 2103 628 2280 683; x_wconf 85' lang='grc' dir='ltr'>λοιντό</span> <span class='ocrx_word' id='word_1_134' title='bbox 2304 644 2455 690; x_wconf 87' lang='grc' dir='ltr'>τινας</span> <span class='ocrx_word' id='word_1_135' title='bbox 2480 628 2665 689; x_wconf 73' lang='grc' dir='ltr'>αὐτοῖς</span> <span class='ocrx_word' id='word_1_136' title='bbox 2694 626 2978 698; x_wconf 79' lang='grc' dir='ltr'><strong>προσέξειν</strong></span> <span class='ocrx_word' id='word_1_137' title='bbox 3001 626 3096 681; x_wconf 79' lang='grc' dir='ltr'>τὸν</span> <span class='ocrx_word' id='word_1_138' title='bbox 3120 627 3263 682; x_wconf 82' lang='grc' dir='ltr'>νοῦν.</span> <span class='ocrx_word' id='word_1_139' title='bbox 3291 629 3355 682; x_wconf 72' lang='lat' dir='ltr'><strong>Ei</strong></span> <span class='ocrx_word' id='word_1_140' title='bbox 3381 628 3493 699; x_wconf 79' lang='grc' dir='ltr'><strong>γὰρ</strong></span> <span class='ocrx_word' id='word_1_141' title='bbox 3513 627 3687 683; x_wconf 82' lang='grc' dir='ltr'>ταῦτα</span> 
     </span>
    </p>
   </div>
   <div class='ocr_carea' id='block_1_22' title="bbox 2104 713 3685 789">
    <p class='ocr_par' dir='ltr' id='par_1_22' title="bbox 2104 713 3685 789">
     <span class='ocr_line' id='line_1_22' title="bbox 2104 713 3685 789; baseline 0.001 -17"><span class='ocrx_word' id='word_1_142' title='bbox 2104 720 2384 789; x_wconf 75' lang='grc' dir='ltr'><strong>πράξοιεν,</strong></span> <span class='ocrx_word' id='word_1_143' title='bbox 2411 718 2473 770; x_wconf 88' lang='grc' dir='ltr'>οὐ</span> <span class='ocrx_word' id='word_1_144' title='bbox 2520 715 2681 788; x_wconf 89' lang='grc' dir='ltr'>μόνον</span> <span class='ocrx_word' id='word_1_145' title='bbox 2710 718 2777 770; x_wconf 79' lang='grc' dir='ltr'>τὰ</span> <span class='ocrx_word' id='word_1_146' title='bbox 2808 717 2916 770; x_wconf 85' lang='grc' dir='ltr'><strong>τῶν</strong></span> <span class='ocrx_word' id='word_1_147' title='bbox 2943 717 3201 788; x_wconf 81' lang='grc' dir='ltr'><strong>ὑπηκόων</strong></span> <span class='ocrx_word' id='word_1_148' title='bbox 3230 713 3289 771; x_wconf 72' lang='grc' dir='ltr'>εὖ</span> <span class='ocrx_word' id='word_1_149' title='bbox 3327 718 3685 784; x_wconf 71' lang='grc' dir='ltr'><strong>διακείσεται,</strong></span> 
     </span>
    </p>
   </div>
   <div class='ocr_carea' id='block_1_23' title="bbox 2104 810 3688 886">
    <p class='ocr_par' dir='ltr' id='par_1_23' title="bbox 2104 810 3688 886">
     <span class='ocr_line' id='line_1_23' title="bbox 2104 810 3688 886; baseline 0 -19"><span class='ocrx_word' id='word_1_150' title='bbox 2104 812 2240 867; x_wconf 76' lang='grc' dir='ltr'>ἀλλὰ</span> <span class='ocrx_word' id='word_1_151' title='bbox 2268 814 2361 867; x_wconf 75' lang='grc' dir='ltr'>καὶ</span> <span class='ocrx_word' id='word_1_152' title='bbox 2393 812 2546 865; x_wconf 69' lang='grc' dir='ltr'>αὐτοὶ</span> <span class='ocrx_word' id='word_1_153' title='bbox 2592 810 3085 884; x_wconf 75' lang='grc' dir='ltr'>ἀναρρηθήσονται.</span> <span class='ocrx_word' id='word_1_154' title='bbox 3126 812 3220 884; x_wconf 79' lang='grc' dir='ltr'><strong>Μὴ</strong></span> <span class='ocrx_word' id='word_1_155' title='bbox 3257 813 3367 884; x_wconf 87' lang='grc' dir='ltr'><strong>γὰρ</strong></span> <span class='ocrx_word' id='word_1_156' title='bbox 3407 814 3471 886; x_wconf 79' lang='grc' dir='ltr'>δὴ</span> <span class='ocrx_word' id='word_1_157' title='bbox 3500 813 3563 868; x_wconf 82' lang='grc' dir='ltr'>τὸ</span> <span class='ocrx_word' id='word_1_158' title='bbox 3608 815 3688 867; x_wconf 79' lang='grc' dir='ltr'><strong>εἰ·</strong></span> 
     </span>
    </p>
   </div>
   <div class='ocr_carea' id='block_1_24' title="bbox 2107 900 3689 975">
    <p class='ocr_par' dir='ltr' id='par_1_24' title="bbox 2107 900 3689 975">
     <span class='ocr_line' id='line_1_24' title="bbox 2107 900 3689 975; baseline 0.001 -20"><span class='ocrx_word' id='word_1_159' title='bbox 2107 903 2365 974; x_wconf 87' lang='grc' dir='ltr'>ρημένον,</span> <span class='ocrx_word' id='word_1_160' title='bbox 2419 901 2557 974; x_wconf 82' lang='grc' dir='ltr'>πρὸς</span> <span class='ocrx_word' id='word_1_161' title='bbox 2613 900 2674 954; x_wconf 83' lang='grc' dir='ltr'>τὸ</span> <span class='ocrx_word' id='word_1_162' title='bbox 2728 901 2997 972; x_wconf 86' lang='grc' dir='ltr'>μηδεμίαν</span> <span class='ocrx_word' id='word_1_163' title='bbox 3051 903 3251 972; x_wconf 74' lang='grc' dir='ltr'>σκῆψιν</span> <span class='ocrx_word' id='word_1_164' title='bbox 3297 902 3689 975; x_wconf 80' lang='grc' dir='ltr'>ὑπολειφθῆναι</span> 
     </span>
    </p>
   </div>
   <div class='ocr_carea' id='block_1_25' title="bbox 2104 991 3688 1064">
    <p class='ocr_par' dir='ltr' id='par_1_25' title="bbox 2104 991 3688 1064">
     <span class='ocr_line' id='line_1_25' title="bbox 2104 991 3688 1064; baseline 0.001 -18"><span class='ocrx_word' id='word_1_165' title='bbox 2104 996 2215 1057; x_wconf 79' lang='grc' dir='ltr'>τοῖς</span> <span class='ocrx_word' id='word_1_166' title='bbox 2250 993 2543 1064; x_wconf 74' lang='grc' dir='ltr'>ὑπηκόοιςο</span> <span class='ocrx_word' id='word_1_167' title='bbox 2584 1012 2604 1045; x_wconf 81' lang='grc' dir='ltr'><strong>ι</strong></span> <span class='ocrx_word' id='word_1_168' title='bbox 2653 991 2777 1045; x_wconf 83' lang='grc' dir='ltr'><strong>Ἐπὶ</strong></span> <span class='ocrx_word' id='word_1_169' title='bbox 2805 992 2905 1063; x_wconf 82' lang='grc' dir='ltr'>τῆς</span> <span class='ocrx_word' id='word_1_170' title='bbox 2944 992 3214 1064; x_wconf 82' lang='grc' dir='ltr'><strong>καθέδρας</strong></span> <span class='ocrx_word' id='word_1_171' title='bbox 3245 994 3527 1057; x_wconf 85' lang='grc' dir='ltr'>Μωῦσέως</span> <span class='ocrx_word' id='word_1_172' title='bbox 3556 995 3688 1047; x_wconf 75' lang='grc' dir='ltr'>ἐκά-</span> 
     </span>
    </p>
   </div>
   <div class='ocr_carea' id='block_1_26' title="bbox 2106 1080 3691 1156">
    <p class='ocr_par' dir='ltr' id='par_1_26' title="bbox 2106 1080 3691 1156">
     <span class='ocr_line' id='line_1_26' title="bbox 2106 1080 3691 1156; baseline 0 -19"><span class='ocrx_word' id='word_1_173' title='bbox 2106 1084 2266 1137; x_wconf 86' lang='grc' dir='ltr'>θισαν</span> <span class='ocrx_word' id='word_1_174' title='bbox 2309 1086 2355 1136; x_wconf 86' lang='grc' dir='ltr'><strong>οί</strong></span> <span class='ocrx_word' id='word_1_175' title='bbox 2401 1084 2758 1156; x_wconf 85' lang='grc' dir='ltr'>Γραμματεῖς</span> <span class='ocrx_word' id='word_1_176' title='bbox 2795 1083 2889 1137; x_wconf 77' lang='grc' dir='ltr'>καὶ</span> <span class='ocrx_word' id='word_1_177' title='bbox 2937 1085 2986 1137; x_wconf 82' lang='lat' dir='ltr'><strong>oi</strong></span> <span class='ocrx_word' id='word_1_178' title='bbox 3031 1085 3332 1154; x_wconf 81' lang='grc' dir='ltr'>Φαρισαῖοι.</span> <span class='ocrx_word' id='word_1_179' title='bbox 3372 1086 3555 1140; x_wconf 83' lang='grc' dir='ltr'>Πάντα</span> <span class='ocrx_word' id='word_1_180' title='bbox 3599 1080 3691 1138; x_wconf 78' lang='grc' dir='ltr'>οὖν</span> 
     </span>
    </p>
   </div>
   <div class='ocr_carea' id='block_1_27' title="bbox 2105 1175 3693 1248">
    <p class='ocr_par' dir='ltr' id='par_1_27' title="bbox 2105 1175 3693 1248">
     <span class='ocr_line' id='line_1_27' title="bbox 2105 1175 3693 1248; baseline -0.001 -19"><span class='ocrx_word' id='word_1_181' title='bbox 2105 1176 2205 1229; x_wconf 82' lang='grc' dir='ltr'>ὅσα</span> <span class='ocrx_word' id='word_1_182' title='bbox 2241 1176 2308 1229; x_wconf 83' lang='grc' dir='ltr'>ἂν</span> <span class='ocrx_word' id='word_1_183' title='bbox 2353 1175 2587 1244; x_wconf 77' lang='grc' dir='ltr'><strong>λέγωσιν</strong></span> <span class='ocrx_word' id='word_1_184' title='bbox 2645 1176 2776 1246; x_wconf 82' lang='grc' dir='ltr'>ὑμῖν</span> <span class='ocrx_word' id='word_1_185' title='bbox 2822 1178 3015 1240; x_wconf 83' lang='grc' dir='ltr'>ποιεῖν,</span> <span class='ocrx_word' id='word_1_186' title='bbox 3053 1177 3295 1229; x_wconf 62' lang='grc' dir='ltr'><strong>ποιεῖτε⁹</strong></span> <span class='ocrx_word' id='word_1_187' title='bbox 3349 1194 3368 1227; x_wconf 78' lang='grc' dir='ltr'><strong>ι</strong></span> <span class='ocrx_word' id='word_1_188' title='bbox 3423 1176 3561 1248; x_wconf 77' lang='grc' dir='ltr'>πρὸς</span> <span class='ocrx_word' id='word_1_189' title='bbox 3594 1176 3693 1247; x_wconf 76' lang='grc' dir='ltr'>τὴν</span> 
     </span>
    </p>
   </div>
   <div class='ocr_carea' id='block_1_28' title="bbox 2106 1265 3694 1338">
    <p class='ocr_par' dir='ltr' id='par_1_28' title="bbox 2106 1265 3694 1338">
     <span class='ocr_line' id='line_1_28' title="bbox 2106 1265 3694 1338; baseline 0.001 -19"><span class='ocrx_word' id='word_1_190' title='bbox 2106 1266 2314 1321; x_wconf 82' lang='grc' dir='ltr'>οἰκείαν</span> <span class='ocrx_word' id='word_1_191' title='bbox 2364 1265 2681 1334; x_wconf 88' lang='grc' dir='ltr'>ἀπολογίαν,</span> <span class='ocrx_word' id='word_1_192' title='bbox 2731 1266 2826 1319; x_wconf 76' lang='grc' dir='ltr'>καὶ</span> <span class='ocrx_word' id='word_1_193' title='bbox 2879 1265 3016 1337; x_wconf 74' lang='grc' dir='ltr'>πρὸς</span> <span class='ocrx_word' id='word_1_194' title='bbox 3063 1267 3123 1320; x_wconf 80' lang='grc' dir='ltr'>τὸ</span> <span class='ocrx_word' id='word_1_195' title='bbox 3170 1267 3521 1338; x_wconf 84' lang='grc' dir='ltr'>ἐπιστομίσαι</span> <span class='ocrx_word' id='word_1_196' title='bbox 3567 1270 3694 1331; x_wconf 79' lang='grc' dir='ltr'>τοὺς</span> 
     </span>
    </p>
   </div>
   <div class='ocr_carea' id='block_1_29' title="bbox 2107 1357 3695 1430">
    <p class='ocr_par' dir='ltr' id='par_1_29' title="bbox 2107 1357 3695 1430">
     <span class='ocr_line' id='line_1_29' title="bbox 2107 1357 3695 1430; baseline 0.001 -18"><span class='ocrx_word' id='word_1_197' title='bbox 2107 1358 2301 1421; x_wconf 72' lang='grc' dir='ltr'>ἄλλους</span> <span class='ocrx_word' id='word_1_198' title='bbox 2332 1357 2465 1429; x_wconf 83' lang='grc'><strong>(78),</strong></span> <span class='ocrx_word' id='word_1_199' title='bbox 2505 1358 2946 1430; x_wconf 74' lang='grc' dir='ltr'>προφερέτωσαν.</span> <span class='ocrx_word' id='word_1_200' title='bbox 2994 1358 3059 1412; x_wconf 85' lang='grc' dir='ltr'><strong><em>Ἥ</em></strong></span> <span class='ocrx_word' id='word_1_201' title='bbox 3101 1358 3207 1430; x_wconf 85' lang='grc' dir='ltr'><strong>γὰρ</strong></span> <span class='ocrx_word' id='word_1_202' title='bbox 3237 1359 3469 1414; x_wconf 78' lang='grc' dir='ltr'>δοκοῦσα</span> <span class='ocrx_word' id='word_1_203' title='bbox 3501 1360 3695 1414; x_wconf 74' lang='grc' dir='ltr'>ἀπολο-</span> 
     </span>
    </p>
   </div>
   <div class='ocr_carea' id='block_1_30' title="bbox 2107 1449 3696 1523">
    <p class='ocr_par' dir='ltr' id='par_1_30' title="bbox 2107 1449 3696 1523">
     <span class='ocr_line' id='line_1_30' title="bbox 2107 1449 3696 1523; baseline 0.002 -21"><span class='ocrx_word' id='word_1_204' title='bbox 2107 1450 2202 1518; x_wconf 86' lang='grc' dir='ltr'><strong>γία</strong></span> <span class='ocrx_word' id='word_1_205' title='bbox 2243 1450 2397 1515; x_wconf 76' lang='grc' dir='ltr'>αὒξει</span> <span class='ocrx_word' id='word_1_206' title='bbox 2435 1449 2533 1521; x_wconf 82' lang='grc' dir='ltr'>τὴν</span> <span class='ocrx_word' id='word_1_207' title='bbox 2577 1449 2931 1520; x_wconf 82' lang='grc' dir='ltr'>κατηγορίαν,</span> <span class='ocrx_word' id='word_1_208' title='bbox 2977 1451 3038 1504; x_wconf 85' lang='grc' dir='ltr'>οὐ</span> <span class='ocrx_word' id='word_1_209' title='bbox 3106 1451 3271 1520; x_wconf 87' lang='grc' dir='ltr'>μόνον</span> <span class='ocrx_word' id='word_1_210' title='bbox 3318 1452 3696 1523; x_wconf 80' lang='grc' dir='ltr'>ἀπαραίτητον</span> 
     </span>
    </p>
   </div>
   <div class='ocr_carea' id='block_1_31' title="bbox 2107 1539 3696 1612">
    <p class='ocr_par' dir='ltr' id='par_1_31' title="bbox 2107 1539 3696 1612">
     <span class='ocr_line' id='line_1_31' title="bbox 2107 1539 3696 1612; baseline -0.001 -19"><span class='ocrx_word' id='word_1_211' title='bbox 2107 1541 2379 1612; x_wconf 79' lang='grc' dir='ltr'>τιμωρίαν</span> <span class='ocrx_word' id='word_1_212' title='bbox 2403 1540 2688 1606; x_wconf 85' lang='grc' dir='ltr'>ὠδίνουσα,</span> <span class='ocrx_word' id='word_1_213' title='bbox 2716 1539 2852 1593; x_wconf 82' lang='grc' dir='ltr'>ἀλλὰ</span> <span class='ocrx_word' id='word_1_214' title='bbox 2881 1540 2974 1592; x_wconf 75' lang='grc' dir='ltr'>καὶ</span> <span class='ocrx_word' id='word_1_215' title='bbox 3001 1540 3190 1603; x_wconf 80' lang='grc' dir='ltr'>ἀνοίας</span> <span class='ocrx_word' id='word_1_216' title='bbox 3216 1540 3417 1603; x_wconf 76' lang='grc' dir='ltr'>ὄνειδος</span> <span class='ocrx_word' id='word_1_217' title='bbox 3440 1556 3696 1611; x_wconf 85' lang='grc' dir='ltr'>προστρι-</span> 
     </span>
    </p>
   </div>
   <div class='ocr_carea' id='block_1_32' title="bbox 2110 1629 3698 1703">
    <p class='ocr_par' dir='ltr' id='par_1_32' title="bbox 2110 1629 3698 1703">
     <span class='ocr_line' id='line_1_32' title="bbox 2110 1629 3698 1703; baseline -0.002 -18"><span class='ocrx_word' id='word_1_218' title='bbox 2110 1632 2336 1703; x_wconf 77' lang='grc' dir='ltr'>ϐομένη.</span> <span class='ocrx_word' id='word_1_219' title='bbox 2365 1633 2429 1686; x_wconf 84' lang='grc' dir='ltr'><strong>Εἰ</strong></span> <span class='ocrx_word' id='word_1_220' title='bbox 2462 1631 2572 1703; x_wconf 80' lang='grc' dir='ltr'><strong>γὰρ</strong></span> <span class='ocrx_word' id='word_1_221' title='bbox 2622 1632 2716 1685; x_wconf 71' lang='grc' dir='ltr'>καὶ</span> <span class='ocrx_word' id='word_1_222' title='bbox 2756 1633 2868 1694; x_wconf 82' lang='grc' dir='ltr'>τοῖς</span> <span class='ocrx_word' id='word_1_223' title='bbox 2908 1633 3195 1701; x_wconf 83' lang='grc' dir='ltr'>φοιτηταῖς</span> <span class='ocrx_word' id='word_1_224' title='bbox 3242 1631 3399 1685; x_wconf 80' lang='grc' dir='ltr'>τοῦτο</span> <span class='ocrx_word' id='word_1_225' title='bbox 3428 1629 3698 1684; x_wconf 80' lang='grc' dir='ltr'>λυσιτελεῖ</span> 
     </span>
    </p>
   </div>
   <div class='ocr_carea' id='block_1_33' title="bbox 2108 1723 3693 1795">
    <p class='ocr_par' dir='ltr' id='par_1_33' title="bbox 2108 1723 3693 1795">
     <span class='ocr_line' id='line_1_33' title="bbox 2108 1723 3693 1795; baseline -0.001 -17"><span class='ocrx_word' id='word_1_226' title='bbox 2108 1723 2361 1790; x_wconf 78' lang='grc' dir='ltr'>ἀκοῦσαι,</span> <span class='ocrx_word' id='word_1_227' title='bbox 2395 1723 2510 1777; x_wconf 87' lang='grc' dir='ltr'>ἀλλ’</span> <span class='ocrx_word' id='word_1_228' title='bbox 2537 1724 2599 1777; x_wconf 84' lang='grc' dir='ltr'>οὐ</span> <span class='ocrx_word' id='word_1_229' title='bbox 2647 1725 2758 1786; x_wconf 85' lang='grc' dir='ltr'>τοῖς</span> <span class='ocrx_word' id='word_1_230' title='bbox 2791 1723 3099 1794; x_wconf 80' lang='grc' dir='ltr'>ὑφηγηταίς</span> <span class='ocrx_word' id='word_1_231' title='bbox 3136 1723 3337 1795; x_wconf 78' lang='grc' dir='ltr'>πρέπει</span> <span class='ocrx_word' id='word_1_232' title='bbox 3376 1725 3693 1795; x_wconf 73' lang='grc' dir='ltr'>προφέρειν,</span> 
     </span>
    </p>
   </div>
   <div class='ocr_carea' id='block_1_34' title="bbox 431 1801 2009 1888">
    <p class='ocr_par' dir='ltr' id='par_1_34' title="bbox 431 1801 2009 1875">
     <span class='ocr_line' id='line_1_34' title="bbox 431 1801 2009 1875; baseline -0.011 -1"><span class='ocrx_word' id='word_1_233' title='bbox 431 1818 703 1875; x_wconf 83' lang='lat' dir='ltr'><strong>alIricans.</strong></span> <span class='ocrx_word' id='word_1_234' title='bbox 732 1815 804 1871; x_wconf 90' lang='lat' dir='ltr'><strong>Ut</strong></span> <span class='ocrx_word' id='word_1_235' title='bbox 832 1814 1069 1869; x_wconf 82' lang='lat' dir='ltr'><strong>maxime</strong></span> <span class='ocrx_word' id='word_1_236' title='bbox 1104 1809 1251 1865; x_wconf 89' lang='lat' dir='ltr'><strong>enim</strong></span> <span class='ocrx_word' id='word_1_237' title='bbox 1282 1804 1563 1875; x_wconf 82' lang='lat' dir='ltr'><strong>discipulis</strong></span> <span class='ocrx_word' id='word_1_238' title='bbox 1590 1812 1644 1859; x_wconf 88' lang='lat' dir='ltr'><strong>et</strong></span> <span class='ocrx_word' id='word_1_239' title='bbox 1671 1801 2009 1858; x_wconf 83' lang='lat' dir='ltr'><strong>auditoribus</strong></span> 
     </span>
    </p>
   </div>
   <div class='ocr_carea' id='block_1_35' title="bbox 2111 1801 3695 1888">
    <p class='ocr_par' dir='ltr' id='par_1_35' title="bbox 2111 1813 3695 1888">
     <span class='ocr_line' id='line_1_35' title="bbox 2111 1813 3695 1888; baseline 0.001 -21"><span class='ocrx_word' id='word_1_240' title='bbox 2111 1814 2172 1868; x_wconf 84' lang='grc' dir='ltr'>τὸ</span> <span class='ocrx_word' id='word_1_241' title='bbox 2202 1814 2302 1887; x_wconf 75' lang='grc' dir='ltr'>τὴν</span> <span class='ocrx_word' id='word_1_242' title='bbox 2334 1814 2608 1887; x_wconf 73' lang='grc' dir='ltr'>ρᾳθυμίαν</span> <span class='ocrx_word' id='word_1_243' title='bbox 2638 1814 2818 1869; x_wconf 81' lang='grc' dir='ltr'>αὐτῶν</span> <span class='ocrx_word' id='word_1_244' title='bbox 2864 1813 3232 1886; x_wconf 83' lang='grc' dir='ltr'>ἐκπομπεῦον.</span> <span class='ocrx_word' id='word_1_245' title='bbox 3291 1816 3521 1887; x_wconf 71' lang='grc' dir='ltr'>Ἐρῤἐθη</span> <span class='ocrx_word' id='word_1_246' title='bbox 3552 1816 3661 1888; x_wconf 87' lang='grc' dir='ltr'><strong>γάρ</strong></span> <span class='ocrx_word' id='word_1_247' title='bbox 3680 1830 3695 1847; x_wconf 79' lang='grc'><strong>⁸</strong></span> 
     </span>
    </p>
   </div>
   <div class='ocr_carea' id='block_1_36' title="bbox 428 1892 2011 1976">
    <p class='ocr_par' dir='ltr' id='par_1_36' title="bbox 428 1892 2011 1976">
     <span class='ocr_line' id='line_1_36' title="bbox 428 1892 2011 1976; baseline -0.012 -9"><span class='ocrx_word' id='word_1_248' title='bbox 428 1914 532 1967; x_wconf 91' lang='lat' dir='ltr'><strong>hoc</strong></span> <span class='ocrx_word' id='word_1_249' title='bbox 560 1910 747 1965; x_wconf 86' lang='lat' dir='ltr'><strong>audire</strong></span> <span class='ocrx_word' id='word_1_250' title='bbox 778 1905 1052 1976; x_wconf 80' lang='lat' dir='ltr'><strong>expediat,</strong></span> <span class='ocrx_word' id='word_1_251' title='bbox 1081 1910 1264 1956; x_wconf 86' lang='lat' dir='ltr'><strong>tamen</strong></span> <span class='ocrx_word' id='word_1_252' title='bbox 1319 1896 1634 1955; x_wconf 86' lang='lat' dir='ltr'><strong>doctoribus</strong></span> <span class='ocrx_word' id='word_1_253' title='bbox 1661 1893 1884 1949; x_wconf 86' lang='lat' dir='ltr'><strong>minime</strong></span> <span class='ocrx_word' id='word_1_254' title='bbox 1915 1892 2011 1948; x_wconf 90' lang='lat' dir='ltr'><strong>de-</strong></span> 
     </span>
    </p>
   </div>
   <div class='ocr_carea' id='block_1_37' title="bbox 426 1983 2009 2067">
    <p class='ocr_par' dir='ltr' id='par_1_37' title="bbox 426 1983 2009 2067">
     <span class='ocr_line' id='line_1_37' title="bbox 426 1983 2009 2067; baseline -0.014 -8"><span class='ocrx_word' id='word_1_255' title='bbox 426 2018 612 2059; x_wconf 89' lang='lat' dir='ltr'><strong>corum</strong></span> <span class='ocrx_word' id='word_1_256' title='bbox 654 2007 741 2056; x_wconf 89' lang='lat' dir='ltr'><strong>est</strong></span> <span class='ocrx_word' id='word_1_257' title='bbox 795 1997 1060 2067; x_wconf 90' lang='lat' dir='ltr'><strong>proferre,</strong></span> <span class='ocrx_word' id='word_1_258' title='bbox 1094 1991 1238 2063; x_wconf 90' lang='lat' dir='ltr'><strong>quod</strong></span> <span class='ocrx_word' id='word_1_259' title='bbox 1297 1989 1563 2061; x_wconf 86' lang='lat' dir='ltr'><strong>ignaviam</strong></span> <span class='ocrx_word' id='word_1_260' title='bbox 1604 1996 1662 2042; x_wconf 92' lang='lat' dir='ltr'><strong>et</strong></span> <span class='ocrx_word' id='word_1_261' title='bbox 1706 1983 2009 2041; x_wconf 86' lang='lat' dir='ltr'><strong>socordiam</strong></span> 
     </span>
    </p>
   </div>
   <div class='ocr_carea' id='block_1_38' title="bbox 425 2074 2014 2163">
    <p class='ocr_par' dir='ltr' id='par_1_38' title="bbox 425 2074 2014 2163">
     <span class='ocr_line' id='line_1_38' title="bbox 425 2074 2014 2163; baseline -0.011 -15"><span class='ocrx_word' id='word_1_262' title='bbox 425 2095 664 2163; x_wconf 85' lang='lat' dir='ltr'><strong>ipsorum</strong></span> <span class='ocrx_word' id='word_1_263' title='bbox 701 2090 878 2161; x_wconf 79' lang='lat' dir='ltr'><strong>arguit</strong></span> <span class='ocrx_word' id='word_1_264' title='bbox 904 2103 967 2143; x_wconf 87' lang='lat' dir='ltr'><strong>ac</strong></span> <span class='ocrx_word' id='word_1_265' title='bbox 999 2084 1253 2141; x_wconf 85' lang='lat' dir='ltr'><strong>traducit.</strong></span> <span class='ocrx_word' id='word_1_266' title='bbox 1282 2079 1495 2137; x_wconf 89' lang='lat' dir='ltr'><strong>Dictum</strong></span> <span class='ocrx_word' id='word_1_267' title='bbox 1517 2087 1605 2134; x_wconf 88' lang='lat' dir='ltr'><strong>est</strong></span> <span class='ocrx_word' id='word_1_268' title='bbox 1625 2078 1768 2133; x_wconf 89' lang='lat' dir='ltr'><strong>enim</strong></span> <span class='ocrx_word' id='word_1_269' title='bbox 1803 2095 1818 2130; x_wconf 90' lang='lat'><strong>:</strong></span> <span class='ocrx_word' id='word_1_270' title='bbox 1852 2094 1873 2129; x_wconf 82' lang='lat' dir='ltr'><strong>r</strong></span> <span class='ocrx_word' id='word_1_271' title='bbox 1912 2074 2014 2131; x_wconf 84' lang='lat' dir='ltr'><strong>Se-</strong></span> 
     </span>
    </p>
   </div>
   <div class='ocr_carea' id='block_1_39' title="bbox 424 2168 2012 2250">
    <p class='ocr_par' dir='ltr' id='par_1_39' title="bbox 424 2168 2012 2250">
     <span class='ocr_line' id='line_1_39' title="bbox 424 2168 2012 2250; baseline -0.011 -12"><span class='ocrx_word' id='word_1_272' title='bbox 424 2183 660 2239; x_wconf 90' lang='lat' dir='ltr'><strong>cundum</strong></span> <span class='ocrx_word' id='word_1_273' title='bbox 688 2194 853 2250; x_wconf 89' lang='lat' dir='ltr'><strong>opera</strong></span> <span class='ocrx_word' id='word_1_274' title='bbox 879 2192 1010 2233; x_wconf 80' lang='lat' dir='ltr'><strong>vero</strong></span> <span class='ocrx_word' id='word_1_275' title='bbox 1058 2171 1518 2245; x_wconf 82' lang='lat' dir='ltr'><strong>ipsorum&#39;nolite</strong></span> <span class='ocrx_word' id='word_1_276' title='bbox 1562 2169 1766 2225; x_wconf 83' lang='lat' dir='ltr'><strong>facere.</strong></span> <span class='ocrx_word' id='word_1_277' title='bbox 1813 2168 2012 2223; x_wconf 85' lang='lat' dir='ltr'><strong>Dicunt</strong></span> 
     </span>
    </p>
   </div>
   <div class='ocr_carea' id='block_1_40' title="bbox 401 2257 2006 2337">
    <p class='ocr_par' dir='ltr' id='par_1_40' title="bbox 401 2257 2006 2337">
     <span class='ocr_line' id='line_1_40' title="bbox 401 2257 2006 2337; baseline -0.011 -9"><span class='ocrx_word' id='word_1_278' title='bbox 401 2273 592 2337; x_wconf 63' lang='lat' dir='ltr'><strong>enim,</strong></span> <span class='ocrx_word' id='word_1_279' title='bbox 616 2279 673 2326; x_wconf 89' lang='lat' dir='ltr'><strong>et</strong></span> <span class='ocrx_word' id='word_1_280' title='bbox 702 2285 806 2325; x_wconf 93' lang='lat' dir='ltr'><strong>non</strong></span> <span class='ocrx_word' id='word_1_281' title='bbox 831 2267 1040 2323; x_wconf 86' lang='lat' dir='ltr'><strong>faciunt</strong></span> <span class='ocrx_word' id='word_1_282' title='bbox 1068 2265 1137 2318; x_wconf 76' lang='lat'><strong>“.</strong></span> <span class='ocrx_word' id='word_1_283' title='bbox 1174 2283 1194 2316; x_wconf 78' lang='grc' dir='ltr'><strong>ι</strong></span> <span class='ocrx_word' id='word_1_284' title='bbox 1241 2261 1456 2317; x_wconf 87' lang='lat' dir='ltr'><strong>Etenim</strong></span> <span class='ocrx_word' id='word_1_285' title='bbox 1485 2258 1737 2314; x_wconf 83' lang='lat' dir='ltr'><strong>Christus</strong></span> <span class='ocrx_word' id='word_1_286' title='bbox 1766 2257 2006 2327; x_wconf 87' lang='lat' dir='ltr'><strong>quidem,</strong></span> 
     </span>
    </p>
   </div>
   <div class='ocr_carea' id='block_1_41' title="bbox 424 2346 2012 2433">
    <p class='ocr_par' dir='ltr' id='par_1_41' title="bbox 424 2346 2012 2433">
     <span class='ocr_line' id='line_1_41' title="bbox 424 2346 2012 2433; baseline -0.011 -16"><span class='ocrx_word' id='word_1_287' title='bbox 424 2372 742 2433; x_wconf 69' lang='lat' dir='ltr'><strong>praetextum</strong></span> <span class='ocrx_word' id='word_1_288' title='bbox 762 2373 977 2414; x_wconf 87' lang='lat' dir='ltr'><strong>omnem</strong></span> <span class='ocrx_word' id='word_1_289' title='bbox 1003 2353 1369 2411; x_wconf 80' lang='lat' dir='ltr'><strong>exterminare</strong></span> <span class='ocrx_word' id='word_1_290' title='bbox 1399 2349 1610 2415; x_wconf 89' lang='lat' dir='ltr'><strong>volens,</strong></span> <span class='ocrx_word' id='word_1_291' title='bbox 1646 2346 1904 2418; x_wconf 76' lang='lat' dir='ltr'><strong>praecepit</strong></span> <span class='ocrx_word' id='word_1_292' title='bbox 1952 2355 2012 2401; x_wconf 89' lang='lat' dir='ltr'><strong>ut</strong></span> 
     </span>
    </p>
   </div>
   <div class='ocr_carea' id='block_1_42' title="bbox 425 2438 2010 2522">
    <p class='ocr_par' dir='ltr' id='par_1_42' title="bbox 425 2438 2010 2522">
     <span class='ocr_line' id='line_1_42' title="bbox 425 2438 2010 2522; baseline -0.012 -14"><span class='ocrx_word' id='word_1_293' title='bbox 425 2466 600 2522; x_wconf 90' lang='lat' dir='ltr'><strong>neque</strong></span> <span class='ocrx_word' id='word_1_294' title='bbox 632 2452 743 2505; x_wconf 82' lang='lat' dir='ltr'><strong>vita</strong></span> <span class='ocrx_word' id='word_1_295' title='bbox 778 2448 1147 2504; x_wconf 89' lang='lat' dir='ltr'><strong>attenderetur</strong></span> <span class='ocrx_word' id='word_1_296' title='bbox 1171 2443 1575 2513; x_wconf 84' lang='lat' dir='ltr'><strong>magistrorum,</strong></span> <span class='ocrx_word' id='word_1_297' title='bbox 1607 2440 1651 2493; x_wconf 88' lang='lat' dir='ltr'><strong>si</strong></span> <span class='ocrx_word' id='word_1_298' title='bbox 1682 2438 1897 2508; x_wconf 82' lang='lat' dir='ltr'><strong>quando</strong></span> <span class='ocrx_word' id='word_1_299' title='bbox 1925 2451 2010 2490; x_wconf 85' lang='lat' dir='ltr'><strong>re-</strong></span> 
     </span>
    </p>
   </div>
   <div class='ocr_carea' id='block_1_43' title="bbox 425 2528 2006 2613">
    <p class='ocr_par' dir='ltr' id='par_1_43' title="bbox 425 2528 2006 2613">
     <span class='ocr_line' id='line_1_43' title="bbox 425 2528 2006 2613; baseline -0.009 -17"><span class='ocrx_word' id='word_1_300' title='bbox 425 2541 799 2613; x_wconf 85' lang='lat' dir='ltr'><strong>prehensionis</strong></span> <span class='ocrx_word' id='word_1_301' title='bbox 827 2539 1065 2607; x_wconf 85' lang='lat' dir='ltr'><strong>aliquam</strong></span> <span class='ocrx_word' id='word_1_302' title='bbox 1103 2534 1438 2591; x_wconf 87' lang='lat' dir='ltr'><strong>intuentibus</strong></span> <span class='ocrx_word' id='word_1_303' title='bbox 1487 2544 1677 2585; x_wconf 90' lang='lat' dir='ltr'><strong>ansam</strong></span> <span class='ocrx_word' id='word_1_304' title='bbox 1719 2528 2006 2599; x_wconf 62' lang='lat' dir='ltr'><strong>praeberet,</strong></span> 
     </span>
    </p>
   </div>
   <div class='ocr_carea' id='block_1_44' title="bbox 406 2620 2008 2706">
    <p class='ocr_par' dir='ltr' id='par_1_44' title="bbox 406 2620 2008 2706">
     <span class='ocr_line' id='line_1_44' title="bbox 406 2620 2008 2706; baseline -0.01 -17"><span class='ocrx_word' id='word_1_305' title='bbox 406 2648 600 2706; x_wconf 84' lang='lat' dir='ltr'><strong>neque</strong></span> <span class='ocrx_word' id='word_1_306' title='bbox 626 2647 692 2689; x_wconf 86' lang='lat' dir='ltr'><strong>ea</strong></span> <span class='ocrx_word' id='word_1_307' title='bbox 729 2644 850 2700; x_wconf 87' lang='lat' dir='ltr'><strong>quae</strong></span> <span class='ocrx_word' id='word_1_308' title='bbox 880 2628 1135 2699; x_wconf 84' lang='lat' dir='ltr'><strong>privatim</strong></span> <span class='ocrx_word' id='word_1_309' title='bbox 1173 2625 1241 2679; x_wconf 90' lang='lat' dir='ltr'><strong>ab</strong></span> <span class='ocrx_word' id='word_1_310' title='bbox 1269 2625 1399 2693; x_wconf 86' lang='lat' dir='ltr'><strong>ipsis</strong></span> <span class='ocrx_word' id='word_1_311' title='bbox 1419 2623 1794 2692; x_wconf 77' lang='lat' dir='ltr'><strong>designantur,</strong></span> <span class='ocrx_word' id='word_1_312' title='bbox 1828 2620 1874 2675; x_wconf 89' lang='lat' dir='ltr'><strong>si</strong></span> <span class='ocrx_word' id='word_1_313' title='bbox 1902 2633 2008 2673; x_wconf 91' lang='lat' dir='ltr'><strong>non</strong></span> 
     </span>
    </p>
   </div>
   <div class='ocr_carea' id='block_1_45' title="bbox 425 2708 2012 2779">
    <p class='ocr_par' dir='ltr' id='par_1_45' title="bbox 425 2708 2012 2779">
     <span class='ocr_line' id='line_1_45' title="bbox 425 2708 2012 2779; baseline -0.01 -1"><span class='ocrx_word' id='word_1_314' title='bbox 425 2723 771 2779; x_wconf 83' lang='lat' dir='ltr'><strong>consentiant</strong></span> <span class='ocrx_word' id='word_1_315' title='bbox 793 2734 918 2774; x_wconf 89' lang='lat' dir='ltr'><strong>cum</strong></span> <span class='ocrx_word' id='word_1_316' title='bbox 945 2716 1263 2772; x_wconf 89' lang='lat' dir='ltr'><strong>coelestibus</strong></span> <span class='ocrx_word' id='word_1_317' title='bbox 1314 2712 1579 2779; x_wconf 87' lang='lat' dir='ltr'><strong>oraculis;</strong></span> <span class='ocrx_word' id='word_1_318' title='bbox 1625 2712 1719 2766; x_wconf 90' lang='lat' dir='ltr'><strong>sed</strong></span> <span class='ocrx_word' id='word_1_319' title='bbox 1768 2709 1882 2765; x_wconf 88' lang='lat' dir='ltr'><strong>sola</strong></span> <span class='ocrx_word' id='word_1_320' title='bbox 1914 2708 2012 2763; x_wconf 87' lang='lat' dir='ltr'><strong>do-</strong></span> 
     </span>
    </p>
   </div>
   <div class='ocr_carea' id='block_1_46' title="bbox 2116 1904 3697 1977">
    <p class='ocr_par' dir='ltr' id='par_1_46' title="bbox 2116 1904 3697 1977">
     <span class='ocr_line' id='line_1_46' title="bbox 2116 1904 3697 1977; baseline 0 -19"><span class='ocrx_word' id='word_1_321' title='bbox 2116 1925 2135 1958; x_wconf 83' lang='grc' dir='ltr'><strong>ι</strong></span> <span class='ocrx_word' id='word_1_322' title='bbox 2180 1906 2334 1960; x_wconf 84' lang='grc' dir='ltr'>Κατὰ</span> <span class='ocrx_word' id='word_1_323' title='bbox 2364 1906 2421 1960; x_wconf 87' lang='grc' dir='ltr'><strong>δέ</strong></span> <span class='ocrx_word' id='word_1_324' title='bbox 2451 1906 2520 1960; x_wconf 82' lang='grc' dir='ltr'>τὰ</span> <span class='ocrx_word' id='word_1_325' title='bbox 2549 1904 2686 1975; x_wconf 76' lang='grc' dir='ltr'>ἔργα</span> <span class='ocrx_word' id='word_1_326' title='bbox 2714 1905 2893 1959; x_wconf 80' lang='grc' dir='ltr'>αὐτῶν</span> <span class='ocrx_word' id='word_1_327' title='bbox 2929 1905 3002 1977; x_wconf 84' lang='grc' dir='ltr'>μὴ</span> <span class='ocrx_word' id='word_1_328' title='bbox 3047 1909 3271 1961; x_wconf 82' lang='grc' dir='ltr'>ποιεῖτε.</span> <span class='ocrx_word' id='word_1_329' title='bbox 3307 1907 3541 1975; x_wconf 83' lang='grc' dir='ltr'>Λέγουσι</span> <span class='ocrx_word' id='word_1_330' title='bbox 3566 1906 3697 1977; x_wconf 74' lang='grc' dir='ltr'>γὰρ,</span> 
     </span>
    </p>
   </div>
   <div class='ocr_carea' id='block_1_47' title="bbox 2111 1992 3696 2069">
    <p class='ocr_par' dir='ltr' id='par_1_47' title="bbox 2111 1992 3696 2069">
     <span class='ocr_line' id='line_1_47' title="bbox 2111 1992 3696 2069; baseline -0.002 -18"><span class='ocrx_word' id='word_1_331' title='bbox 2111 1998 2209 2051; x_wconf 74' lang='grc' dir='ltr'>καὶ</span> <span class='ocrx_word' id='word_1_332' title='bbox 2257 1998 2320 2051; x_wconf 83' lang='grc' dir='ltr'>οὐ</span> <span class='ocrx_word' id='word_1_333' title='bbox 2355 1996 2621 2050; x_wconf 75' lang='grc' dir='ltr'>ποιοῦσιν.</span> <span class='ocrx_word' id='word_1_334' title='bbox 2675 2016 2695 2050; x_wconf 77' lang='grc' dir='ltr'><strong>ι</strong></span> <span class='ocrx_word' id='word_1_335' title='bbox 2742 1997 2801 2050; x_wconf 85' lang='lat'><strong>&#39;0</strong></span> <span class='ocrx_word' id='word_1_336' title='bbox 2822 1992 2938 2067; x_wconf 80' lang='grc' dir='ltr'>’μὲν</span> <span class='ocrx_word' id='word_1_337' title='bbox 2961 1996 3067 2068; x_wconf 82' lang='grc' dir='ltr'><strong>γὰρ</strong></span> <span class='ocrx_word' id='word_1_338' title='bbox 3115 1998 3371 2066; x_wconf 79' lang='grc' dir='ltr'>Χριστὸς,</span> <span class='ocrx_word' id='word_1_339' title='bbox 3422 1998 3696 2069; x_wconf 79' lang='grc' dir='ltr'>πρόφασιν</span> 
     </span>
    </p>
   </div>
   <div class='ocr_carea' id='block_1_48' title="bbox 2112 2087 3700 2159">
    <p class='ocr_par' dir='ltr' id='par_1_48' title="bbox 2112 2087 3700 2159">
     <span class='ocr_line' id='line_1_48' title="bbox 2112 2087 3700 2159; baseline 0 -19"><span class='ocrx_word' id='word_1_340' title='bbox 2112 2090 2292 2142; x_wconf 80' lang='grc' dir='ltr'>πᾶσαν</span> <span class='ocrx_word' id='word_1_341' title='bbox 2324 2087 2567 2156; x_wconf 73' lang='grc' dir='ltr'>ἐξορίσαι</span> <span class='ocrx_word' id='word_1_342' title='bbox 2616 2087 2960 2158; x_wconf 85' lang='grc' dir='ltr'>βουλόμενος,</span> <span class='ocrx_word' id='word_1_343' title='bbox 2994 2087 3269 2153; x_wconf 85' lang='grc' dir='ltr'>ἐκέλευσε,</span> <span class='ocrx_word' id='word_1_344' title='bbox 3319 2089 3456 2159; x_wconf 88' lang='grc' dir='ltr'>μήτε</span> <span class='ocrx_word' id='word_1_345' title='bbox 3486 2087 3564 2159; x_wconf 84' lang='grc' dir='ltr'><strong>τῷ</strong></span> <span class='ocrx_word' id='word_1_346' title='bbox 3598 2087 3700 2158; x_wconf 83' lang='grc' dir='ltr'><strong>βίῳ</strong></span> 
     </span>
    </p>
   </div>
   <div class='ocr_carea' id='block_1_49' title="bbox 2109 2179 3699 2252">
    <p class='ocr_par' dir='ltr' id='par_1_49' title="bbox 2109 2179 3699 2252">
     <span class='ocr_line' id='line_1_49' title="bbox 2109 2179 3699 2252; baseline 0.001 -20"><span class='ocrx_word' id='word_1_347' title='bbox 2109 2181 2399 2251; x_wconf 81' lang='grc' dir='ltr'>προσέχειν</span> <span class='ocrx_word' id='word_1_348' title='bbox 2441 2180 2551 2233; x_wconf 87' lang='grc' dir='ltr'><strong>τῶν</strong></span> <span class='ocrx_word' id='word_1_349' title='bbox 2601 2179 2958 2245; x_wconf 86' lang='grc' dir='ltr'>διδασκάλων,</span> <span class='ocrx_word' id='word_1_350' title='bbox 2999 2179 3129 2234; x_wconf 83' lang='grc' dir='ltr'>ὅταν</span> <span class='ocrx_word' id='word_1_351' title='bbox 3171 2179 3341 2251; x_wconf 78' lang='grc' dir='ltr'>λαϐὴν</span> <span class='ocrx_word' id='word_1_352' title='bbox 3382 2184 3493 2244; x_wconf 83' lang='grc' dir='ltr'>τοῖς</span> <span class='ocrx_word' id='word_1_353' title='bbox 3530 2179 3699 2252; x_wconf 84' lang='grc' dir='ltr'>ὁρῶσι</span> 
     </span>
    </p>
   </div>
   <div class='ocr_carea' id='block_1_50' title="bbox 2111 2270 3697 2344">
    <p class='ocr_par' dir='ltr' id='par_1_50' title="bbox 2111 2270 3697 2344">
     <span class='ocr_line' id='line_1_50' title="bbox 2111 2270 3697 2344; baseline 0.001 -20"><span class='ocrx_word' id='word_1_354' title='bbox 2111 2270 2350 2343; x_wconf 80' lang='grc' dir='ltr'>παρέχῃ,</span> <span class='ocrx_word' id='word_1_355' title='bbox 2386 2271 2522 2342; x_wconf 84' lang='grc' dir='ltr'>μήτε</span> <span class='ocrx_word' id='word_1_356' title='bbox 2570 2273 2684 2335; x_wconf 78' lang='grc' dir='ltr'>τοῖς</span> <span class='ocrx_word' id='word_1_357' title='bbox 2716 2271 2837 2324; x_wconf 81' lang='grc' dir='ltr'>κατ’</span> <span class='ocrx_word' id='word_1_358' title='bbox 2869 2270 3006 2324; x_wconf 85' lang='grc' dir='ltr'>ἰδίαν</span> <span class='ocrx_word' id='word_1_359' title='bbox 3051 2272 3447 2343; x_wconf 81' lang='grc' dir='ltr'>πραττομένοις</span> <span class='ocrx_word' id='word_1_360' title='bbox 3479 2272 3614 2344; x_wconf 86' lang='lat'><strong>(79),</strong></span> <span class='ocrx_word' id='word_1_361' title='bbox 3649 2274 3697 2326; x_wconf 81' lang='lat' dir='ltr'><strong>ei</strong></span> 
     </span>
    </p>
   </div>
   <div class='ocr_carea' id='block_1_51' title="bbox 2113 2361 3695 2436">
    <p class='ocr_par' dir='ltr' id='par_1_51' title="bbox 2113 2361 3695 2436">
     <span class='ocr_line' id='line_1_51' title="bbox 2113 2361 3695 2436; baseline 0.001 -21"><span class='ocrx_word' id='word_1_362' title='bbox 2113 2361 2191 2434; x_wconf 80' lang='grc' dir='ltr'>μὴ</span> <span class='ocrx_word' id='word_1_363' title='bbox 2223 2365 2333 2425; x_wconf 85' lang='grc' dir='ltr'>τοῖς</span> <span class='ocrx_word' id='word_1_364' title='bbox 2359 2364 2628 2433; x_wconf 82' lang='grc' dir='ltr'>χρησμοῖς</span> <span class='ocrx_word' id='word_1_365' title='bbox 2658 2362 2936 2432; x_wconf 84' lang='grc' dir='ltr'>συνᾴδοιεν</span> <span class='ocrx_word' id='word_1_366' title='bbox 2981 2364 3095 2425; x_wconf 86' lang='grc' dir='ltr'>τοῖς</span> <span class='ocrx_word' id='word_1_367' title='bbox 3128 2361 3422 2434; x_wconf 81' lang='grc' dir='ltr'>οὐρανίοις,</span> <span class='ocrx_word' id='word_1_368' title='bbox 3465 2364 3600 2418; x_wconf 77' lang='grc' dir='ltr'>ἀλλὰ</span> <span class='ocrx_word' id='word_1_369' title='bbox 3630 2367 3695 2436; x_wconf 80' lang='grc' dir='ltr'>τῇ</span> 
     </span>
    </p>
   </div>
   <div class='ocr_carea' id='block_1_52' title="bbox 2109 2452 3695 2527">
    <p class='ocr_par' dir='ltr' id='par_1_52' title="bbox 2109 2452 3695 2527">
     <span class='ocr_line' id='line_1_52' title="bbox 2109 2452 3695 2527; baseline 0.002 -21"><span class='ocrx_word' id='word_1_370' title='bbox 2109 2453 2430 2523; x_wconf 84' lang='grc' dir='ltr'>διδασκαλίᾳ</span> <span class='ocrx_word' id='word_1_371' title='bbox 2464 2453 2623 2525; x_wconf 83' lang='grc' dir='ltr'>μόνῃ,</span> <span class='ocrx_word' id='word_1_372' title='bbox 2655 2456 2720 2524; x_wconf 83' lang='grc' dir='ltr'>τῇ</span> <span class='ocrx_word' id='word_1_373' title='bbox 2763 2454 2855 2506; x_wconf 71' lang='grc' dir='ltr'>ἐπὶ</span> <span class='ocrx_word' id='word_1_374' title='bbox 2882 2452 2991 2507; x_wconf 82' lang='grc' dir='ltr'><strong>τῶν</strong></span> <span class='ocrx_word' id='word_1_375' title='bbox 3047 2453 3383 2525; x_wconf 78' lang='grc' dir='ltr'>Ἐκκλησιῶν</span> <span class='ocrx_word' id='word_1_376' title='bbox 3415 2455 3695 2527; x_wconf 83' lang='grc' dir='ltr'>γινομένῃ.</span> 
     </span>
    </p>
   </div>
   <div class='ocr_carea' id='block_1_53' title="bbox 2111 2533 3693 2619">
    <p class='ocr_par' dir='ltr' id='par_1_53' title="bbox 2111 2533 3693 2619">
     <span class='ocr_line' id='line_1_53' title="bbox 2111 2533 3693 2619; baseline 0.002 -21"><span class='ocrx_word' id='word_1_377' title='bbox 2111 2545 2203 2598; x_wconf 82' lang='grc' dir='ltr'><strong>Διὸ</strong></span> <span class='ocrx_word' id='word_1_378' title='bbox 2232 2544 2323 2599; x_wconf 74' lang='grc' dir='ltr'>καὶ</span> <span class='ocrx_word' id='word_1_379' title='bbox 2348 2533 2446 2616; x_wconf 75' lang='grc' dir='ltr'><strong>τῆς</strong></span> <span class='ocrx_word' id='word_1_380' title='bbox 2472 2544 2740 2617; x_wconf 81' lang='grc' dir='ltr'>καθέδρας</span> <span class='ocrx_word' id='word_1_381' title='bbox 2760 2546 3041 2610; x_wconf 85' lang='grc' dir='ltr'>Μωῦσέως</span> <span class='ocrx_word' id='word_1_382' title='bbox 3071 2545 3444 2618; x_wconf 85' lang='grc' dir='ltr'>ἐμνημόνευσε</span> <span class='ocrx_word' id='word_1_383' title='bbox 3475 2550 3574 2619; x_wconf 83' lang='grc' dir='ltr'>τῆς</span> <span class='ocrx_word' id='word_1_384' title='bbox 3598 2546 3693 2601; x_wconf 82' lang='grc' dir='ltr'><strong>τοῦ</strong></span> 
     </span>
    </p>
   </div>
   <div class='ocr_carea' id='block_1_54' title="bbox 2108 2637 3697 2709">
    <p class='ocr_par' dir='ltr' id='par_1_54' title="bbox 2108 2637 3697 2709">
     <span class='ocr_line' id='line_1_54' title="bbox 2108 2637 3697 2709; baseline -0.001 -17"><span class='ocrx_word' id='word_1_385' title='bbox 2108 2638 2422 2709; x_wconf 80' lang='grc' dir='ltr'>νομοθέτου.</span> <span class='ocrx_word' id='word_1_386' title='bbox 2471 2638 2604 2690; x_wconf 85' lang='grc' dir='ltr'>Τότε</span> <span class='ocrx_word' id='word_1_387' title='bbox 2643 2637 2752 2709; x_wconf 88' lang='grc' dir='ltr'><strong>γὰρ</strong></span> <span class='ocrx_word' id='word_1_388' title='bbox 2798 2639 2861 2691; x_wconf 87' lang='grc' dir='ltr'>οὐ</span> <span class='ocrx_word' id='word_1_389' title='bbox 2908 2637 2980 2692; x_wconf 86' lang='grc' dir='ltr'>τὰ</span> <span class='ocrx_word' id='word_1_390' title='bbox 3028 2640 3257 2705; x_wconf 82' lang='grc' dir='ltr'>ἐαυτῶν,</span> <span class='ocrx_word' id='word_1_391' title='bbox 3292 2639 3428 2694; x_wconf 86' lang='grc' dir='ltr'><strong>ἀλλὰ</strong></span> <span class='ocrx_word' id='word_1_392' title='bbox 3475 2639 3543 2693; x_wconf 78' lang='grc' dir='ltr'>τὰ</span> <span class='ocrx_word' id='word_1_393' title='bbox 3591 2638 3697 2692; x_wconf 83' lang='grc' dir='ltr'>τῶν</span> 
     </span>
    </p>
   </div>
   <div class='ocr_carea' id='block_1_55' title="bbox 2109 2724 3699 2799">
    <p class='ocr_par' dir='ltr' id='par_1_55' title="bbox 2109 2724 3699 2799">
     <span class='ocr_line' id='line_1_55' title="bbox 2109 2724 3699 2799; baseline 0.002 -19"><span class='ocrx_word' id='word_1_394' title='bbox 2109 2727 2340 2799; x_wconf 70' lang='grc' dir='ltr'>ΓραφιῖΝ</span> <span class='ocrx_word' id='word_1_395' title='bbox 2395 2727 2729 2799; x_wconf 76' lang='grc' dir='ltr'>φράζουσινο</span> <span class='ocrx_word' id='word_1_396' title='bbox 2778 2728 2936 2781; x_wconf 81' lang='grc' dir='ltr'>αὐτοὶ</span> <span class='ocrx_word' id='word_1_397' title='bbox 2985 2729 3028 2783; x_wconf 90' lang='grc' dir='ltr'>δ’</span> <span class='ocrx_word' id='word_1_398' title='bbox 3076 2730 3176 2783; x_wconf 80' lang='grc' dir='ltr'>οὐκ</span> <span class='ocrx_word' id='word_1_399' title='bbox 3227 2730 3294 2784; x_wconf 79' lang='grc' dir='ltr'>ἂν</span> <span class='ocrx_word' id='word_1_400' title='bbox 3349 2730 3546 2783; x_wconf 86' lang='grc' dir='ltr'>δίκαιοι</span> <span class='ocrx_word' id='word_1_401' title='bbox 3590 2724 3699 2783; x_wconf 76' lang='grc' dir='ltr'>εἶεν</span> 
     </span>
    </p>
   </div>
   <div class='ocr_carea' id='block_1_56' title="bbox 424 2802 2009 2892">
    <p class='ocr_par' dir='ltr' id='par_1_56' title="bbox 424 2802 2008 2879">
     <span class='ocr_line' id='line_1_56' title="bbox 424 2802 2008 2879; baseline -0.01 -10"><span class='ocrx_word' id='word_1_402' title='bbox 424 2814 626 2879; x_wconf 85' lang='lat' dir='ltr'><strong>c:rina,</strong></span> <span class='ocrx_word' id='word_1_403' title='bbox 683 2825 803 2879; x_wconf 71' lang='lat' dir='ltr'><strong>qua:</strong></span> <span class='ocrx_word' id='word_1_404' title='bbox 849 2810 903 2864; x_wconf 88' lang='lat' dir='ltr'><strong>in</strong></span> <span class='ocrx_word' id='word_1_405' title='bbox 946 2805 1202 2861; x_wconf 86' lang='lat' dir='ltr'><strong>Ecclesiis</strong></span> <span class='ocrx_word' id='word_1_406' title='bbox 1257 2804 1519 2867; x_wconf 85' lang='lat' dir='ltr'><strong>traditur;</strong></span> <span class='ocrx_word' id='word_1_407' title='bbox 1563 2817 1666 2871; x_wconf 91' lang='lat' dir='ltr'><strong>qua</strong></span> <span class='ocrx_word' id='word_1_408' title='bbox 1721 2802 1787 2855; x_wconf 90' lang='lat' dir='ltr'><strong>de</strong></span> <span class='ocrx_word' id='word_1_409' title='bbox 1843 2814 2008 2855; x_wconf 86' lang='lat' dir='ltr'><strong>causa</strong></span> 
     </span>
    </p>
   </div>
   <div class='ocr_carea' id='block_1_57' title="bbox 2111 2802 3700 2892">
    <p class='ocr_par' dir='ltr' id='par_1_57' title="bbox 2111 2818 3700 2892">
     <span class='ocr_line' id='line_1_57' title="bbox 2111 2818 3700 2892; baseline 0.002 -21"><span class='ocrx_word' id='word_1_410' title='bbox 2111 2818 2280 2872; x_wconf 79' lang='grc' dir='ltr'>ταῦτα</span> <span class='ocrx_word' id='word_1_411' title='bbox 2313 2818 2629 2890; x_wconf 80' lang='grc' dir='ltr'>προφέρειν,</span> <span class='ocrx_word' id='word_1_412' title='bbox 2666 2819 2703 2873; x_wconf 73' lang='grc' dir='ltr'><strong>ἃ</strong></span> <span class='ocrx_word' id='word_1_413' title='bbox 2743 2821 2923 2876; x_wconf 84' lang='grc' dir='ltr'>πᾶσαν</span> <span class='ocrx_word' id='word_1_414' title='bbox 2953 2821 3135 2875; x_wconf 82' lang='grc' dir='ltr'>αὐτῶν</span> <span class='ocrx_word' id='word_1_415' title='bbox 3179 2821 3419 2876; x_wconf 82' lang='grc' dir='ltr'>δείκνυσι</span> <span class='ocrx_word' id='word_1_416' title='bbox 3473 2823 3574 2892; x_wconf 80' lang='grc' dir='ltr'><strong>την</strong></span> <span class='ocrx_word' id='word_1_417' title='bbox 3603 2837 3700 2874; x_wconf 87' lang='grc' dir='ltr'>πο-</span> 
     </span>
    </p>
   </div>
   <div class='ocr_carea' id='block_1_58' title="bbox 426 2892 2005 2969">
    <p class='ocr_par' dir='ltr' id='par_1_58' title="bbox 426 2892 2005 2969">
     <span class='ocr_line' id='line_1_58' title="bbox 426 2892 2005 2969; baseline -0.008 -12"><span class='ocrx_word' id='word_1_418' title='bbox 426 2905 591 2957; x_wconf 88' lang='lat' dir='ltr'><strong>etiam</strong></span> <span class='ocrx_word' id='word_1_419' title='bbox 618 2900 892 2955; x_wconf 69' lang='lat' dir='ltr'><strong>cathedrae</strong></span> <span class='ocrx_word' id='word_1_420' title='bbox 912 2898 1113 2969; x_wconf 75' lang='lat' dir='ltr'><strong>Muysis</strong></span> <span class='ocrx_word' id='word_1_421' title='bbox 1144 2894 1461 2965; x_wconf 83' lang='lat' dir='ltr'><strong>legislatoris</strong></span> <span class='ocrx_word' id='word_1_422' title='bbox 1483 2892 1611 2948; x_wconf 86' lang='lat' dir='ltr'><strong>fecit</strong></span> <span class='ocrx_word' id='word_1_423' title='bbox 1657 2892 2005 2946; x_wconf 88' lang='lat' dir='ltr'><strong>mentionem.</strong></span> 
     </span>
    </p>
   </div>
   <div class='ocr_carea' id='block_1_59' title="bbox 434 2981 2009 3059">
    <p class='ocr_par' dir='ltr' id='par_1_59' title="bbox 434 2981 2009 3059">
     <span class='ocr_line' id='line_1_59' title="bbox 434 2981 2009 3059; baseline -0.008 -11"><span class='ocrx_word' id='word_1_424' title='bbox 434 2995 587 3049; x_wconf 90' lang='lat' dir='ltr'><strong>Tune</strong></span> <span class='ocrx_word' id='word_1_425' title='bbox 632 2992 780 3048; x_wconf 88' lang='lat' dir='ltr'><strong>enim</strong></span> <span class='ocrx_word' id='word_1_426' title='bbox 809 3006 916 3046; x_wconf 91' lang='lat' dir='ltr'><strong>non</strong></span> <span class='ocrx_word' id='word_1_427' title='bbox 947 3004 1042 3045; x_wconf 86' lang='lat' dir='ltr'><strong>sua</strong></span> <span class='ocrx_word' id='word_1_428' title='bbox 1078 2991 1350 3059; x_wconf 77' lang='lat' dir='ltr'><strong>dogmata,</strong></span> <span class='ocrx_word' id='word_1_429' title='bbox 1381 2986 1474 3041; x_wconf 89' lang='lat' dir='ltr'><strong>sed</strong></span> <span class='ocrx_word' id='word_1_430' title='bbox 1499 2984 1901 3053; x_wconf 90' lang='lat' dir='ltr'><strong>Scripturarum</strong></span> <span class='ocrx_word' id='word_1_431' title='bbox 1932 2981 2009 3036; x_wconf 86' lang='lat' dir='ltr'><strong>lo-</strong></span> 
     </span>
    </p>
   </div>
   <div class='ocr_carea' id='block_1_60' title="bbox 2108 2906 3699 2982">
    <p class='ocr_par' dir='ltr' id='par_1_60' title="bbox 2108 2906 3699 2982">
     <span class='ocr_line' id='line_1_60' title="bbox 2108 2906 3699 2982; baseline 0.003 -22"><span class='ocrx_word' id='word_1_432' title='bbox 2108 2906 2337 2976; x_wconf 89' lang='grc' dir='ltr'>νηρίαν·</span> <span class='ocrx_word' id='word_1_433' title='bbox 2376 2906 2511 2960; x_wconf 74' lang='grc' dir='ltr'>ἀλλὰ</span> <span class='ocrx_word' id='word_1_434' title='bbox 2545 2908 2889 2974; x_wconf 76' lang='grc' dir='ltr'>σπουδάζειν,</span> <span class='ocrx_word' id='word_1_435' title='bbox 2942 2909 3018 2974; x_wconf 84' lang='grc' dir='ltr'><strong>ὡς</strong></span> <span class='ocrx_word' id='word_1_436' title='bbox 3063 2910 3354 2982; x_wconf 85' lang='grc' dir='ltr'>ἐνδέχεται,</span> <span class='ocrx_word' id='word_1_437' title='bbox 3393 2912 3573 2965; x_wconf 83' lang='grc' dir='ltr'>πᾶσαν</span> <span class='ocrx_word' id='word_1_438' title='bbox 3615 2912 3699 2965; x_wconf 83' lang='grc' dir='ltr'>ἐκ·</span> 
     </span>
    </p>
   </div>
   <div class='ocr_carea' id='block_1_61' title="bbox 2109 2999 3698 3074">
    <p class='ocr_par' dir='ltr' id='par_1_61' title="bbox 2109 2999 3698 3074">
     <span class='ocr_line' id='line_1_61' title="bbox 2109 2999 3698 3074; baseline 0.002 -21"><span class='ocrx_word' id='word_1_439' title='bbox 2109 2999 2333 3053; x_wconf 89' lang='grc' dir='ltr'>κόπτειν</span> <span class='ocrx_word' id='word_1_440' title='bbox 2389 2999 2680 3069; x_wconf 83' lang='grc' dir='ltr'>πρόφασιν.</span> <span class='ocrx_word' id='word_1_441' title='bbox 2735 3001 2799 3053; x_wconf 82' lang='lat' dir='ltr'><strong>Ei</strong></span> <span class='ocrx_word' id='word_1_442' title='bbox 2853 3003 2911 3055; x_wconf 85' lang='grc' dir='ltr'>δὲ</span> <span class='ocrx_word' id='word_1_443' title='bbox 2960 3004 3227 3073; x_wconf 83' lang='grc' dir='ltr'>λαμπρῶς</span> <span class='ocrx_word' id='word_1_444' title='bbox 3293 3001 3698 3074; x_wconf 83' lang='grc' dir='ltr'>πολιτευόμενοι</span> 
     </span>
    </p>
   </div>
   <div class='ocr_carea' id='block_1_62' title="bbox 428 3075 2009 3197">
    <p class='ocr_par' dir='ltr' id='par_1_62' title="bbox 428 3075 2009 3197">
     <span class='ocr_line' id='line_1_62' title="bbox 428 3075 2009 3156; baseline -0.008 -16"><span class='ocrx_word' id='word_1_445' title='bbox 428 3094 697 3156; x_wconf 88' lang='lat' dir='ltr'><strong>quuntur;</strong></span> <span class='ocrx_word' id='word_1_446' title='bbox 734 3085 865 3154; x_wconf 88' lang='lat' dir='ltr'><strong>ipsis</strong></span> <span class='ocrx_word' id='word_1_447' title='bbox 886 3097 1018 3139; x_wconf 89' lang='lat' dir='ltr'><strong>vero</strong></span> <span class='ocrx_word' id='word_1_448' title='bbox 1043 3098 1148 3136; x_wconf 92' lang='lat' dir='ltr'><strong>non</strong></span> <span class='ocrx_word' id='word_1_449' title='bbox 1177 3081 1431 3135; x_wconf 86' lang='lat' dir='ltr'><strong>convenit</strong></span> <span class='ocrx_word' id='word_1_450' title='bbox 1454 3078 1576 3133; x_wconf 88' lang='lat' dir='ltr'><strong>talia</strong></span> <span class='ocrx_word' id='word_1_451' title='bbox 1603 3075 1864 3148; x_wconf 84' lang='lat' dir='ltr'><strong>proferre,</strong></span> <span class='ocrx_word' id='word_1_452' title='bbox 1888 3090 2009 3145; x_wconf 86' lang='lat' dir='ltr'><strong>quae</strong></span> 
     </span>
     <span class='ocr_line' id='line_1_63' title="bbox 434 3171 1980 3197; baseline 0 0"><span class='ocrx_word' id='word_1_453' title='bbox 434 3189 641 3197; x_wconf 51' lang='grc' dir='ltr'><strong>-.μ-Α...</strong></span> <span class='ocrx_word' id='word_1_454' title='bbox 677 3175 909 3197; x_wconf 68' lang='grc' dir='ltr'><strong>ξ..-Α..--...</strong></span> <span class='ocrx_word' id='word_1_455' title='bbox 946 3172 1344 3197; x_wconf 66' lang='grc' dir='ltr'>ιη...-Αι,ειιιιιι.υι</span> <span class='ocrx_word' id='word_1_456' title='bbox 1377 3171 1742 3197; x_wconf 67' lang='grc' dir='ltr'><strong>ΑΛ...Α....ι-ηηισ</strong></span> <span class='ocrx_word' id='word_1_457' title='bbox 1796 3171 1887 3197; x_wconf 54' lang='grc' dir='ltr'><strong>,ΑΛ</strong></span> <span class='ocrx_word' id='word_1_458' title='bbox 1915 3184 1980 3197; x_wconf 61' lang='grc' dir='ltr'><strong>..Α</strong></span> 
     </span>
    </p>
   </div>
   <div class='ocr_carea' id='block_1_63' title="bbox 2111 3075 3698 3197">
    <p class='ocr_par' dir='ltr' id='par_1_63' title="bbox 2112 3082 3698 3168">
     <span class='ocr_line' id='line_1_64' title="bbox 2112 3082 3698 3168; baseline -0.001 -20"><span class='ocrx_word' id='word_1_459' title='bbox 2112 3095 2212 3149; x_wconf 73' lang='grc' dir='ltr'>οὐκ</span> <span class='ocrx_word' id='word_1_460' title='bbox 2235 3082 2505 3165; x_wconf 62' lang='grc' dir='ltr'>ὠφελοῦσί</span> <span class='ocrx_word' id='word_1_461' title='bbox 2536 3113 2710 3161; x_wconf 87' lang='grc' dir='ltr'>τινας,</span> <span class='ocrx_word' id='word_1_462' title='bbox 2743 3097 2894 3151; x_wconf 81' lang='grc' dir='ltr'>οὐδὲν</span> <span class='ocrx_word' id='word_1_463' title='bbox 2935 3096 3070 3168; x_wconf 86' lang='grc' dir='ltr'>πρὸς</span> <span class='ocrx_word' id='word_1_464' title='bbox 3102 3095 3318 3159; x_wconf 78' lang='grc' dir='ltr'>αὐτούς.</span> <span class='ocrx_word' id='word_1_465' title='bbox 3355 3095 3565 3165; x_wconf 86' lang='grc' dir='ltr'>Ὥσπερ</span> <span class='ocrx_word' id='word_1_466' title='bbox 3592 3094 3698 3167; x_wconf 85' lang='grc' dir='ltr'><strong>γὰρ</strong></span> 
     </span>
    </p>
   </div>
   <div class='ocr_carea' id='block_1_64' title="bbox 422 3171 2010 3245">
    <p class='ocr_par' dir='ltr' id='par_1_64' title="bbox 422 3171 2010 3245">
     <span class='ocr_line' id='line_1_65' title="bbox 422 3171 2010 3245; baseline -0.004 -16"><span class='ocrx_word' id='word_1_467' title='bbox 422 3189 644 3230; x_wconf 84' lang='lat' dir='ltr'><strong>omnem</strong></span> <span class='ocrx_word' id='word_1_468' title='bbox 677 3175 913 3245; x_wconf 89' lang='lat' dir='ltr'><strong>ipsorum</strong></span> <span class='ocrx_word' id='word_1_469' title='bbox 946 3172 1347 3243; x_wconf 90' lang='lat' dir='ltr'><strong>improbitatem</strong></span> <span class='ocrx_word' id='word_1_470' title='bbox 1374 3171 1766 3237; x_wconf 89' lang='lat' dir='ltr'><strong>demonstrant,</strong></span> <span class='ocrx_word' id='word_1_471' title='bbox 1796 3171 1887 3224; x_wconf 88' lang='lat' dir='ltr'><strong>sed</strong></span> <span class='ocrx_word' id='word_1_472' title='bbox 1915 3184 2010 3239; x_wconf 91' lang='lat' dir='ltr'><strong>po-</strong></span> 
     </span>
    </p>
   </div>
   <div class='ocr_carea' id='block_1_65' title="bbox 418 3262 2005 3336">
    <p class='ocr_par' dir='ltr' id='par_1_65' title="bbox 418 3262 2005 3336">
     <span class='ocr_line' id='line_1_66' title="bbox 418 3262 2005 3336; baseline -0.002 -17"><span class='ocrx_word' id='word_1_473' title='bbox 418 3267 538 3323; x_wconf 50' lang='lat' dir='ltr'><strong>.tius</strong></span> <span class='ocrx_word' id='word_1_474' title='bbox 556 3278 774 3336; x_wconf 86' lang='lat' dir='ltr'><strong>operam</strong></span> <span class='ocrx_word' id='word_1_475' title='bbox 811 3266 961 3330; x_wconf 89' lang='lat' dir='ltr'><strong>dare,</strong></span> <span class='ocrx_word' id='word_1_476' title='bbox 1018 3270 1279 3334; x_wconf 88' lang='lat' dir='ltr'><strong>quantum</strong></span> <span class='ocrx_word' id='word_1_477' title='bbox 1305 3262 1529 3319; x_wconf 90' lang='lat' dir='ltr'><strong>omnino</strong></span> <span class='ocrx_word' id='word_1_478' title='bbox 1556 3262 1671 3317; x_wconf 87' lang='lat' dir='ltr'><strong>fieri</strong></span> <span class='ocrx_word' id='word_1_479' title='bbox 1698 3270 1873 3330; x_wconf 90' lang='lat' dir='ltr'><strong>potest</strong></span> <span class='ocrx_word' id='word_1_480' title='bbox 1900 3300 1915 3326; x_wconf 91' lang='lat'><strong>,</strong></span> <span class='ocrx_word' id='word_1_481' title='bbox 1952 3271 2005 3316; x_wconf 88' lang='lat' dir='ltr'><strong>ut</strong></span> 
     </span>
    </p>
   </div>
   <div class='ocr_carea' id='block_1_66' title="bbox 410 3353 2006 3425">
    <p class='ocr_par' dir='ltr' id='par_1_66' title="bbox 410 3353 2006 3425">
     <span class='ocr_line' id='line_1_67' title="bbox 410 3353 2006 3425; baseline -0.003 -13"><span class='ocrx_word' id='word_1_482' title='bbox 410 3371 646 3412; x_wconf 66' lang='lat' dir='ltr'><strong>.omnem</strong></span> <span class='ocrx_word' id='word_1_483' title='bbox 701 3370 888 3410; x_wconf 83' lang='lat' dir='ltr'><strong>ansam</strong></span> <span class='ocrx_word' id='word_1_484' title='bbox 922 3365 976 3410; x_wconf 91' lang='lat' dir='ltr'><strong>et</strong></span> <span class='ocrx_word' id='word_1_485' title='bbox 1012 3363 1332 3425; x_wconf 85' lang='lat' dir='ltr'><strong>praetextum</strong></span> <span class='ocrx_word' id='word_1_486' title='bbox 1389 3353 1705 3422; x_wconf 65' lang='lat' dir='ltr'><strong>praecidant.</strong></span> <span class='ocrx_word' id='word_1_487' title='bbox 1740 3353 1893 3421; x_wconf 86' lang='lat' dir='ltr'><strong>Quod</strong></span> <span class='ocrx_word' id='word_1_488' title='bbox 1937 3355 2006 3420; x_wconf 90' lang='lat' dir='ltr'><strong>si,</strong></span> 
     </span>
    </p>
   </div>
   <div class='ocr_carea' id='block_1_67' title="bbox 412 3445 2009 3517">
    <p class='ocr_par' dir='ltr' id='par_1_67' title="bbox 412 3445 2009 3517">
     <span class='ocr_line' id='line_1_68' title="bbox 412 3445 2009 3517; baseline 0.001 -16"><span class='ocrx_word' id='word_1_489' title='bbox 412 3448 682 3517; x_wconf 77' lang='lat' dir='ltr'><strong>quamvis</strong></span> <span class='ocrx_word' id='word_1_490' title='bbox 707 3446 1029 3502; x_wconf 87' lang='lat' dir='ltr'><strong>laudabilem</strong></span> <span class='ocrx_word' id='word_1_491' title='bbox 1059 3447 1161 3515; x_wconf 90' lang='lat' dir='ltr'><strong>ipsi</strong></span> <span class='ocrx_word' id='word_1_492' title='bbox 1188 3445 1429 3501; x_wconf 90' lang='lat' dir='ltr'><strong>colentes</strong></span> <span class='ocrx_word' id='word_1_493' title='bbox 1458 3445 1647 3512; x_wconf 87' lang='lat' dir='ltr'><strong>vitam,</strong></span> <span class='ocrx_word' id='word_1_494' title='bbox 1681 3447 1890 3516; x_wconf 90' lang='lat' dir='ltr'><strong>aliquos</strong></span> <span class='ocrx_word' id='word_1_495' title='bbox 1924 3458 2009 3502; x_wconf 77' lang='lat' dir='ltr'><strong>ta—</strong></span> 
     </span>
    </p>
   </div>
   <div class='ocr_carea' id='block_1_68' title="bbox 436 3533 2012 3605">
    <p class='ocr_par' dir='ltr' id='par_1_68' title="bbox 436 3533 2012 3605">
     <span class='ocr_line' id='line_1_69' title="bbox 436 3533 2012 3605; baseline -0.003 -16"><span class='ocrx_word' id='word_1_496' title='bbox 436 3552 557 3592; x_wconf 90' lang='lat' dir='ltr'><strong>men</strong></span> <span class='ocrx_word' id='word_1_497' title='bbox 583 3537 712 3590; x_wconf 92' lang='lat' dir='ltr'><strong>nihil</strong></span> <span class='ocrx_word' id='word_1_498' title='bbox 742 3534 951 3605; x_wconf 79' lang='lat' dir='ltr'><strong>juvant,</strong></span> <span class='ocrx_word' id='word_1_499' title='bbox 978 3535 1111 3589; x_wconf 90' lang='lat' dir='ltr'><strong>nihil</strong></span> <span class='ocrx_word' id='word_1_500' title='bbox 1141 3534 1244 3588; x_wconf 92' lang='lat' dir='ltr'><strong>hoc</strong></span> <span class='ocrx_word' id='word_1_501' title='bbox 1260 3533 1327 3587; x_wconf 89' lang='lat' dir='ltr'><strong>ad</strong></span> <span class='ocrx_word' id='word_1_502' title='bbox 1349 3534 1493 3602; x_wconf 87' lang='lat' dir='ltr'><strong>ipsos</strong></span> <span class='ocrx_word' id='word_1_503' title='bbox 1526 3533 1777 3602; x_wconf 89' lang='lat' dir='ltr'><strong>pertinet.</strong></span> <span class='ocrx_word' id='word_1_504' title='bbox 1809 3535 2012 3599; x_wconf 75' lang='lat' dir='ltr'><strong>Quem-</strong></span> 
     </span>
    </p>
   </div>
   <div class='ocr_carea' id='block_1_69' title="bbox 433 3624 2010 3695">
    <p class='ocr_par' dir='ltr' id='par_1_69' title="bbox 433 3624 2010 3695">
     <span class='ocr_line' id='line_1_70' title="bbox 433 3624 2010 3695; baseline -0.002 -14"><span class='ocrx_word' id='word_1_505' title='bbox 433 3626 723 3682; x_wconf 86' lang='lat' dir='ltr'><strong>admodum</strong></span> <span class='ocrx_word' id='word_1_506' title='bbox 794 3628 939 3683; x_wconf 90' lang='lat' dir='ltr'><strong>enim</strong></span> <span class='ocrx_word' id='word_1_507' title='bbox 992 3626 1134 3681; x_wconf 88' lang='lat' dir='ltr'><strong>male</strong></span> <span class='ocrx_word' id='word_1_508' title='bbox 1197 3640 1558 3695; x_wconf 89' lang='lat' dir='ltr'><strong>perverseque</strong></span> <span class='ocrx_word' id='word_1_509' title='bbox 1631 3625 1793 3678; x_wconf 88' lang='lat' dir='ltr'><strong>vitam</strong></span> <span class='ocrx_word' id='word_1_510' title='bbox 1852 3624 2010 3678; x_wconf 90' lang='lat' dir='ltr'><strong>insti-</strong></span> 
     </span>
    </p>
   </div>
   <div class='ocr_carea' id='block_1_70' title="bbox 2117 3187 3700 3261">
    <p class='ocr_par' dir='ltr' id='par_1_70' title="bbox 2117 3187 3700 3261">
     <span class='ocr_line' id='line_1_71' title="bbox 2117 3187 3700 3261; baseline 0.001 -21"><span class='ocrx_word' id='word_1_511' title='bbox 2117 3187 2303 3252; x_wconf 85' lang='grc' dir='ltr'>κακῶς</span> <span class='ocrx_word' id='word_1_512' title='bbox 2334 3189 2740 3257; x_wconf 85' lang='grc' dir='ltr'>πολιτευόμενοι</span> <span class='ocrx_word' id='word_1_513' title='bbox 2769 3191 2869 3244; x_wconf 82' lang='grc' dir='ltr'>οὐκ</span> <span class='ocrx_word' id='word_1_514' title='bbox 2896 3191 3003 3243; x_wconf 74' lang='grc' dir='ltr'>εἰσὶ</span> <span class='ocrx_word' id='word_1_515' title='bbox 3031 3188 3401 3261; x_wconf 78' lang='grc' dir='ltr'>συμμερισταὶ</span> <span class='ocrx_word' id='word_1_516' title='bbox 3432 3189 3542 3243; x_wconf 84' lang='grc' dir='ltr'>τῶν</span> <span class='ocrx_word' id='word_1_517' title='bbox 3579 3205 3700 3241; x_wconf 90' lang='grc' dir='ltr'>στε-</span> 
     </span>
    </p>
   </div>
   <div class='ocr_carea' id='block_1_71' title="bbox 2116 3276 3702 3352">
    <p class='ocr_par' dir='ltr' id='par_1_71' title="bbox 2116 3276 3702 3352">
     <span class='ocr_line' id='line_1_72' title="bbox 2116 3276 3702 3352; baseline 0.001 -22"><span class='ocrx_word' id='word_1_518' title='bbox 2116 3276 2321 3346; x_wconf 84' lang='grc' dir='ltr'>φάνων,</span> <span class='ocrx_word' id='word_1_519' title='bbox 2353 3282 2464 3343; x_wconf 87' lang='grc' dir='ltr'>τοῖς</span> <span class='ocrx_word' id='word_1_520' title='bbox 2499 3280 2808 3351; x_wconf 80' lang='grc' dir='ltr'>εὐδοκίμοις</span> <span class='ocrx_word' id='word_1_521' title='bbox 2836 3281 3212 3351; x_wconf 81' lang='grc' dir='ltr'>ἀποκειμένων</span> <span class='ocrx_word' id='word_1_522' title='bbox 3234 3296 3249 3310; x_wconf 69' lang='grc' dir='ltr'>θ</span> <span class='ocrx_word' id='word_1_523' title='bbox 3272 3279 3395 3333; x_wconf 75' lang='grc' dir='ltr'>οὔτε</span> <span class='ocrx_word' id='word_1_524' title='bbox 3431 3280 3702 3352; x_wconf 83' lang='grc' dir='ltr'>λαμπρῶς</span> 
     </span>
    </p>
   </div>
   <div class='ocr_carea' id='block_1_72' title="bbox 2118 3366 3700 3441">
    <p class='ocr_par' dir='ltr' id='par_1_72' title="bbox 2118 3366 3700 3441">
     <span class='ocr_line' id='line_1_73' title="bbox 2118 3366 3700 3441; baseline 0.001 -20"><span class='ocrx_word' id='word_1_525' title='bbox 2118 3366 2361 3437; x_wconf 81' lang='grc' dir='ltr'>βιοῦντες</span> <span class='ocrx_word' id='word_1_526' title='bbox 2407 3372 2798 3441; x_wconf 80' lang='grc' dir='ltr'>κοινωνήσουσι</span> <span class='ocrx_word' id='word_1_527' title='bbox 2841 3373 2963 3433; x_wconf 84' lang='grc' dir='ltr'>ταῖς</span> <span class='ocrx_word' id='word_1_528' title='bbox 3016 3368 3125 3424; x_wconf 87' lang='grc' dir='ltr'><strong>τῶν</strong></span> <span class='ocrx_word' id='word_1_529' title='bbox 3175 3370 3477 3425; x_wconf 87' lang='grc' dir='ltr'>πταιόντων</span> <span class='ocrx_word' id='word_1_530' title='bbox 3526 3387 3700 3440; x_wconf 88' lang='grc' dir='ltr'>τιμω-</span> 
     </span>
    </p>
   </div>
   <div class='ocr_carea' id='block_1_73' title="bbox 2118 3459 3697 3534">
    <p class='ocr_par' dir='ltr' id='par_1_73' title="bbox 2118 3459 3697 3534">
     <span class='ocr_line' id='line_1_74' title="bbox 2118 3459 3697 3534; baseline 0.003 -23"><span class='ocrx_word' id='word_1_531' title='bbox 2118 3459 2281 3531; x_wconf 87' lang='grc' dir='ltr'>ρίαις.</span> <span class='ocrx_word' id='word_1_532' title='bbox 2335 3461 2408 3513; x_wconf 82' lang='grc' dir='ltr'><strong>Σὺ</strong></span> <span class='ocrx_word' id='word_1_533' title='bbox 2438 3461 2549 3534; x_wconf 84' lang='grc' dir='ltr'>γὰρ</span> <span class='ocrx_word' id='word_1_534' title='bbox 2581 3462 2714 3533; x_wconf 88' lang='grc'>(80),</span> <span class='ocrx_word' id='word_1_535' title='bbox 2748 3462 2901 3531; x_wconf 66' lang='grc' dir='ltr'>φησι,</span> <span class='ocrx_word' id='word_1_536' title='bbox 2950 3460 3132 3516; x_wconf 90' lang='grc' dir='ltr'>διάθου</span> <span class='ocrx_word' id='word_1_537' title='bbox 3164 3461 3234 3515; x_wconf 78' lang='grc' dir='ltr'>τὰ</span> <span class='ocrx_word' id='word_1_538' title='bbox 3279 3460 3421 3515; x_wconf 78' lang='grc' dir='ltr'>κατὰ</span> <span class='ocrx_word' id='word_1_539' title='bbox 3469 3460 3662 3515; x_wconf 87' lang='grc' dir='ltr'>σαυτόν</span> <span class='ocrx_word' id='word_1_540' title='bbox 3685 3477 3697 3491; x_wconf 76' lang='grc' dir='ltr'><strong>ο</strong></span> 
     </span>
    </p>
   </div>
   <div class='ocr_carea' id='block_1_74' title="bbox 2111 3552 3703 3633">
    <p class='ocr_par' dir='ltr' id='par_1_74' title="bbox 2111 3552 3703 3633">
     <span class='ocr_line' id='line_1_75' title="bbox 2111 3552 3703 3633; baseline 0.002 -28"><span class='ocrx_word' id='word_1_541' title='bbox 2111 3552 2204 3607; x_wconf 77' lang='grc' dir='ltr'>τὸν</span> <span class='ocrx_word' id='word_1_542' title='bbox 2237 3552 2351 3623; x_wconf 86' lang='grc' dir='ltr'>βίον</span> <span class='ocrx_word' id='word_1_543' title='bbox 2382 3554 2527 3626; x_wconf 75' lang='grc' dir='ltr'>φημὶ</span> <span class='ocrx_word' id='word_1_544' title='bbox 2576 3556 2670 3609; x_wconf 72' lang='grc' dir='ltr'>καὶ</span> <span class='ocrx_word' id='word_1_545' title='bbox 2720 3554 2810 3609; x_wconf 75' lang='grc' dir='ltr'><strong>τὸν</strong></span> <span class='ocrx_word' id='word_1_546' title='bbox 2854 3555 3013 3624; x_wconf 90' lang='grc' dir='ltr'>λόγον</span> <span class='ocrx_word' id='word_1_547' title='bbox 3034 3573 3047 3587; x_wconf 76' lang='grc' dir='ltr'><strong>ο</strong></span> <span class='ocrx_word' id='word_1_548' title='bbox 3080 3554 3255 3610; x_wconf 79' lang='grc' dir='ltr'>ταῦτα</span> <span class='ocrx_word' id='word_1_549' title='bbox 3301 3553 3518 3609; x_wconf 82' lang='grc' dir='ltr'>ἀπαιτῶ</span> <span class='ocrx_word' id='word_1_550' title='bbox 3551 3554 3703 3633; x_wconf 81' lang='grc' dir='ltr'>παρὰ</span> 
     </span>
    </p>
   </div>
   <div class='ocr_carea' id='block_1_75' title="bbox 2121 3643 3703 3719">
    <p class='ocr_par' dir='ltr' id='par_1_75' title="bbox 2121 3643 3703 3719">
     <span class='ocr_line' id='line_1_76' title="bbox 2121 3643 3703 3719; baseline 0.003 -23"><span class='ocrx_word' id='word_1_551' title='bbox 2121 3643 2241 3709; x_wconf 79' lang='grc' dir='ltr'>σοῦ,</span> <span class='ocrx_word' id='word_1_552' title='bbox 2274 3645 2369 3698; x_wconf 79' lang='grc' dir='ltr'>καὶ</span> <span class='ocrx_word' id='word_1_553' title='bbox 2393 3645 2692 3716; x_wconf 81' lang='grc' dir='ltr'>ὡφελοῦντι</span> <span class='ocrx_word' id='word_1_554' title='bbox 2742 3647 2841 3719; x_wconf 80' lang='grc' dir='ltr'>μὲν</span> <span class='ocrx_word' id='word_1_555' title='bbox 2876 3647 3317 3718; x_wconf 79' lang='grc' dir='ltr'>συνησθήσομαι’</span> <span class='ocrx_word' id='word_1_556' title='bbox 3375 3646 3449 3717; x_wconf 75' lang='grc' dir='ltr'>μὴ</span> <span class='ocrx_word' id='word_1_557' title='bbox 3497 3647 3703 3717; x_wconf 78' lang='grc' dir='ltr'>ὠφελή-</span> 
     </span>
    </p>
   </div>
   <div class='ocr_carea' id='block_1_76' title="bbox 411 3716 2009 3810">
    <p class='ocr_par' dir='ltr' id='par_1_76' title="bbox 411 3716 2009 3795">
     <span class='ocr_line' id='line_1_77' title="bbox 411 3716 2009 3795; baseline -0.001 -23"><span class='ocrx_word' id='word_1_558' title='bbox 411 3726 647 3795; x_wconf 61' lang='grc' dir='ltr'><strong>ιιιιιξιιιιεε</strong></span> <span class='ocrx_word' id='word_1_559' title='bbox 680 3732 856 3781; x_wconf 87' lang='lat' dir='ltr'><strong>suam,</strong></span> <span class='ocrx_word' id='word_1_560' title='bbox 897 3732 1002 3788; x_wconf 86' lang='lat' dir='ltr'><strong>non</strong></span> <span class='ocrx_word' id='word_1_561' title='bbox 1036 3719 1171 3770; x_wconf 88' lang='lat' dir='ltr'><strong>fiunt</strong></span> <span class='ocrx_word' id='word_1_562' title='bbox 1199 3716 1491 3785; x_wconf 88' lang='lat' dir='ltr'><strong>participes</strong></span> <span class='ocrx_word' id='word_1_563' title='bbox 1522 3729 1867 3780; x_wconf 89' lang='lat' dir='ltr'><strong>coronarum,</strong></span> <span class='ocrx_word' id='word_1_564' title='bbox 1891 3730 2009 3785; x_wconf 72' lang='lat' dir='ltr'><strong>qua:</strong></span> 
     </span>
    </p>
   </div>
   <div class='ocr_carea' id='block_1_77' title="bbox 2111 3716 3703 3810">
    <p class='ocr_par' dir='ltr' id='par_1_77' title="bbox 2111 3716 3703 3810">
     <span class='ocr_line' id='line_1_78' title="bbox 2111 3716 3703 3810; baseline 0.002 -21"><span class='ocrx_word' id='word_1_565' title='bbox 2111 3752 2279 3790; x_wconf 82' lang='grc' dir='ltr'>σαντα</span> <span class='ocrx_word' id='word_1_566' title='bbox 2308 3736 2385 3803; x_wconf 79' lang='grc' dir='ltr'>δὲ,</span> <span class='ocrx_word' id='word_1_567' title='bbox 2413 3738 2514 3791; x_wconf 80' lang='grc' dir='ltr'>οὐκ</span> <span class='ocrx_word' id='word_1_568' title='bbox 2543 3716 2815 3810; x_wconf 79' lang='grc' dir='ltr'>ἀτιμάσω,</span> <span class='ocrx_word' id='word_1_569' title='bbox 2862 3716 3007 3794; x_wconf 70' lang='lat' dir='ltr'><strong>am</strong></span> <span class='ocrx_word' id='word_1_570' title='bbox 3037 3716 3130 3794; x_wconf 62' lang='lat' dir='ltr'><strong>xci)</strong></span> <span class='ocrx_word' id='word_1_571' title='bbox 3161 3716 3507 3809; x_wconf 81' lang='grc' dir='ltr'>στεφανώσω.</span> <span class='ocrx_word' id='word_1_572' title='bbox 3540 3716 3703 3792; x_wconf 83' lang='grc' dir='ltr'>Ἕκα-</span> 
     </span>
    </p>
   </div>
   <div class='ocr_carea' id='block_1_78' title="bbox 433 3805 2007 3878">
    <p class='ocr_par' dir='ltr' id='par_1_78' title="bbox 433 3805 2007 3878">
     <span class='ocr_line' id='line_1_79' title="bbox 433 3805 2007 3878; baseline 0 -16"><span class='ocrx_word' id='word_1_573' title='bbox 433 3809 617 3878; x_wconf 90' lang='lat' dir='ltr'><strong>probis</strong></span> <span class='ocrx_word' id='word_1_574' title='bbox 647 3809 989 3877; x_wconf 86' lang='lat' dir='ltr'><strong>laudatisque</strong></span> <span class='ocrx_word' id='word_1_575' title='bbox 1020 3816 1146 3863; x_wconf 90' lang='lat' dir='ltr'><strong>sunt</strong></span> <span class='ocrx_word' id='word_1_576' title='bbox 1182 3807 1433 3875; x_wconf 85' lang='lat' dir='ltr'><strong>repositae</strong></span> <span class='ocrx_word' id='word_1_577' title='bbox 1484 3822 1497 3857; x_wconf 92' lang='lat'><strong>:</strong></span> <span class='ocrx_word' id='word_1_578' title='bbox 1531 3806 1603 3860; x_wconf 89' lang='lat' dir='ltr'><strong>ita</strong></span> <span class='ocrx_word' id='word_1_579' title='bbox 1632 3820 1731 3861; x_wconf 88' lang='lat' dir='ltr'><strong>nec</strong></span> <span class='ocrx_word' id='word_1_580' title='bbox 1764 3805 2007 3862; x_wconf 85' lang='lat' dir='ltr'><strong>laudabi-</strong></span> 
     </span>
    </p>
   </div>
   <div class='ocr_carea' id='block_1_79' title="bbox 413 3908 2012 3982">
    <p class='ocr_par' dir='ltr' id='par_1_79' title="bbox 413 3908 2012 3982">
     <span class='ocr_line' id='line_1_80' title="bbox 413 3908 2012 3982; baseline 0.001 -19"><span class='ocrx_word' id='word_1_581' title='bbox 413 3913 563 3966; x_wconf 88' lang='lat' dir='ltr'><strong>.liter</strong></span> <span class='ocrx_word' id='word_1_582' title='bbox 591 3912 974 3982; x_wconf 90' lang='lat' dir='ltr'><strong>inculpateque</strong></span> <span class='ocrx_word' id='word_1_583' title='bbox 1008 3912 1255 3965; x_wconf 89' lang='lat' dir='ltr'><strong>viventes</strong></span> <span class='ocrx_word' id='word_1_584' title='bbox 1299 3918 1460 3964; x_wconf 89' lang='lat' dir='ltr'><strong>erunt</strong></span> <span class='ocrx_word' id='word_1_585' title='bbox 1488 3908 1782 3977; x_wconf 89' lang='lat' dir='ltr'><strong>participes</strong></span> <span class='ocrx_word' id='word_1_586' title='bbox 1810 3909 2012 3979; x_wconf 84' lang='lat' dir='ltr'><strong>suppli—</strong></span> 
     </span>
    </p>
   </div>
   <div class='ocr_carea' id='block_1_80' title="bbox 432 3999 2008 4075">
    <p class='ocr_par' dir='ltr' id='par_1_80' title="bbox 432 3999 2008 4075">
     <span class='ocr_line' id='line_1_81' title="bbox 432 3999 2008 4075; baseline -0.003 -17"><span class='ocrx_word' id='word_1_587' title='bbox 432 4008 663 4072; x_wconf 87' lang='lat' dir='ltr'><strong>ciorum,</strong></span> <span class='ocrx_word' id='word_1_588' title='bbox 696 4019 815 4075; x_wconf 71' lang='lat' dir='ltr'><strong>quae</strong></span> <span class='ocrx_word' id='word_1_589' title='bbox 872 4003 1246 4074; x_wconf 78' lang='lat' dir='ltr'><strong>peccatoribus</strong></span> <span class='ocrx_word' id='word_1_590' title='bbox 1273 4010 1397 4056; x_wconf 91' lang='lat' dir='ltr'><strong>sunt</strong></span> <span class='ocrx_word' id='word_1_591' title='bbox 1445 4008 1653 4071; x_wconf 89' lang='lat' dir='ltr'><strong>parata.</strong></span> <span class='ocrx_word' id='word_1_592' title='bbox 1709 3999 1790 4054; x_wconf 88' lang='lat' dir='ltr'><strong>Tu</strong></span> <span class='ocrx_word' id='word_1_593' title='bbox 1826 4002 2008 4071; x_wconf 81' lang='lat' dir='ltr'><strong>igitur,</strong></span> 
     </span>
    </p>
   </div>
   <div class='ocr_carea' id='block_1_81' title="bbox 420 4094 2023 4168">
    <p class='ocr_par' dir='ltr' id='par_1_81' title="bbox 420 4094 2023 4168">
     <span class='ocr_line' id='line_1_82' title="bbox 420 4094 2023 4168; baseline -0.002 -17"><span class='ocrx_word' id='word_1_594' title='bbox 420 4097 631 4168; x_wconf 79' lang='lat' dir='ltr'><strong>inquit,</strong></span> <span class='ocrx_word' id='word_1_595' title='bbox 659 4113 721 4154; x_wconf 88' lang='lat' dir='ltr'><strong>ea</strong></span> <span class='ocrx_word' id='word_1_596' title='bbox 750 4112 869 4168; x_wconf 68' lang='lat' dir='ltr'><strong>quae</strong></span> <span class='ocrx_word' id='word_1_597' title='bbox 894 4095 988 4151; x_wconf 77' lang='lat' dir='ltr'><strong>tibi</strong></span> <span class='ocrx_word' id='word_1_598' title='bbox 1015 4096 1351 4159; x_wconf 88' lang='lat' dir='ltr'><strong>incumbunt,</strong></span> <span class='ocrx_word' id='word_1_599' title='bbox 1388 4102 1534 4148; x_wconf 88' lang='lat' dir='ltr'><strong>recte</strong></span> <span class='ocrx_word' id='word_1_600' title='bbox 1561 4094 1783 4162; x_wconf 89' lang='lat' dir='ltr'><strong>dispone</strong></span> <span class='ocrx_word' id='word_1_601' title='bbox 1809 4113 1824 4148; x_wconf 93' lang='lat'>:</span> <span class='ocrx_word' id='word_1_602' title='bbox 1847 4096 2023 4153; x_wconf 77' lang='lat' dir='ltr'><strong>vitam.</strong></span> 
     </span>
    </p>
   </div>
   <div class='ocr_carea' id='block_1_82' title="bbox 416 4186 2013 4256">
    <p class='ocr_par' dir='ltr' id='par_1_82' title="bbox 416 4186 2013 4256">
     <span class='ocr_line' id='line_1_83' title="bbox 416 4186 2013 4256; baseline -0.001 -13"><span class='ocrx_word' id='word_1_603' title='bbox 416 4190 559 4245; x_wconf 67' lang='lat' dir='ltr'><strong>.dico</strong></span> <span class='ocrx_word' id='word_1_604' title='bbox 597 4200 652 4246; x_wconf 87' lang='lat' dir='ltr'><strong>ct</strong></span> <span class='ocrx_word' id='word_1_605' title='bbox 688 4205 1015 4246; x_wconf 74' lang='lat' dir='ltr'><strong>sermonem.</strong></span> <span class='ocrx_word' id='word_1_606' title='bbox 1048 4187 1175 4243; x_wconf 75' lang='lat' dir='ltr'><strong>llaec</strong></span> <span class='ocrx_word' id='word_1_607' title='bbox 1208 4186 1303 4241; x_wconf 87' lang='lat' dir='ltr'><strong>abs</strong></span> <span class='ocrx_word' id='word_1_608' title='bbox 1328 4196 1380 4242; x_wconf 92' lang='lat' dir='ltr'><strong>te</strong></span> <span class='ocrx_word' id='word_1_609' title='bbox 1408 4187 1599 4256; x_wconf 85' lang='lat' dir='ltr'><strong>exigo;</strong></span> <span class='ocrx_word' id='word_1_610' title='bbox 1631 4196 1685 4240; x_wconf 88' lang='lat' dir='ltr'><strong>et</strong></span> <span class='ocrx_word' id='word_1_611' title='bbox 1713 4186 2013 4255; x_wconf 87' lang='lat' dir='ltr'><strong>proficienti</strong></span> 
     </span>
    </p>
   </div>
   <div class='ocr_carea' id='block_1_83' title="bbox 2118 3828 3702 3903">
    <p class='ocr_par' dir='ltr' id='par_1_83' title="bbox 2118 3828 3702 3903">
     <span class='ocr_line' id='line_1_84' title="bbox 2118 3828 3702 3903; baseline 0.003 -24"><span class='ocrx_word' id='word_1_612' title='bbox 2118 3844 2243 3891; x_wconf 90' lang='grc' dir='ltr'>στος</span> <span class='ocrx_word' id='word_1_613' title='bbox 2278 3828 2387 3899; x_wconf 87' lang='grc' dir='ltr'><strong>γὰρ</strong></span> <span class='ocrx_word' id='word_1_614' title='bbox 2419 3829 2507 3883; x_wconf 83' lang='grc' dir='ltr'><strong>τδν</strong></span> <span class='ocrx_word' id='word_1_615' title='bbox 2564 3830 2694 3883; x_wconf 83' lang='grc' dir='ltr'>ίδιον</span> <span class='ocrx_word' id='word_1_616' title='bbox 2725 3830 2916 3902; x_wconf 80' lang='grc' dir='ltr'>μισθὸν</span> <span class='ocrx_word' id='word_1_617' title='bbox 2960 3831 3209 3903; x_wconf 72' lang='grc' dir='ltr'>λήψεται,</span> <span class='ocrx_word' id='word_1_618' title='bbox 3260 3830 3404 3885; x_wconf 84' lang='grc' dir='ltr'>κατὰ</span> <span class='ocrx_word' id='word_1_619' title='bbox 3429 3831 3521 3885; x_wconf 83' lang='grc' dir='ltr'>τὸν</span> <span class='ocrx_word' id='word_1_620' title='bbox 3569 3830 3702 3885; x_wconf 74' lang='grc' dir='ltr'>ἴδιον</span> 
     </span>
    </p>
   </div>
   <div class='ocr_carea' id='block_1_84' title="bbox 2116 3916 3701 3996">
    <p class='ocr_par' dir='ltr' id='par_1_84' title="bbox 2116 3916 3701 3996">
     <span class='ocr_line' id='line_1_85' title="bbox 2116 3916 3701 3996; baseline 0.001 -23"><span class='ocrx_word' id='word_1_621' title='bbox 2116 3921 2304 3985; x_wconf 79' lang='grc' dir='ltr'>κόπον,</span> <span class='ocrx_word' id='word_1_622' title='bbox 2337 3923 2396 3975; x_wconf 79' lang='grc' dir='ltr'>οὐ</span> <span class='ocrx_word' id='word_1_623' title='bbox 2430 3921 2570 3976; x_wconf 69' lang='grc' dir='ltr'>κατὰ</span> <span class='ocrx_word' id='word_1_624' title='bbox 2594 3923 2692 3995; x_wconf 81' lang='grc' dir='ltr'>τὴν</span> <span class='ocrx_word' id='word_1_625' title='bbox 2718 3922 2812 3976; x_wconf 80' lang='grc' dir='ltr'><strong>τοῦ</strong></span> <span class='ocrx_word' id='word_1_626' title='bbox 2844 3916 3089 3994; x_wconf 85' lang='grc' dir='ltr'>καμάτου</span> <span class='ocrx_word' id='word_1_627' title='bbox 3118 3923 3341 3978; x_wconf 73' lang='grc' dir='ltr'>ἔκϐασιν</span> <span class='ocrx_word' id='word_1_628' title='bbox 3372 3922 3508 3996; x_wconf 81' lang='grc'><strong>(81).</strong></span> <span class='ocrx_word' id='word_1_629' title='bbox 3535 3921 3701 3976; x_wconf 76' lang='grc' dir='ltr'>Ταῦτ’</span> 
     </span>
    </p>
   </div>
   <div class='ocr_carea' id='block_1_85' title="bbox 2116 4007 3701 4085">
    <p class='ocr_par' dir='ltr' id='par_1_85' title="bbox 2116 4007 3701 4085">
     <span class='ocr_line' id='line_1_86' title="bbox 2116 4007 3701 4085; baseline 0 -21"><span class='ocrx_word' id='word_1_630' title='bbox 2116 4007 2209 4065; x_wconf 80' lang='grc' dir='ltr'>οὖν</span> <span class='ocrx_word' id='word_1_631' title='bbox 2257 4011 2564 4077; x_wconf 73' lang='grc' dir='ltr'>ἐννοοῦντες</span> <span class='ocrx_word' id='word_1_632' title='bbox 2630 4014 2724 4066; x_wconf 75' lang='grc' dir='ltr'>καὶ</span> <span class='ocrx_word' id='word_1_633' title='bbox 2785 4014 3062 4085; x_wconf 65' lang='grc' dir='ltr'>ὑφηγηταὶ</span> <span class='ocrx_word' id='word_1_634' title='bbox 3131 4013 3225 4067; x_wconf 75' lang='grc' dir='ltr'>καὶ</span> <span class='ocrx_word' id='word_1_635' title='bbox 3282 4014 3566 4083; x_wconf 78' lang='grc' dir='ltr'>φοιτηταὶ,</span> <span class='ocrx_word' id='word_1_636' title='bbox 3619 4012 3701 4076; x_wconf 86' lang='grc' dir='ltr'><strong>είς</strong></span> 
     </span>
    </p>
   </div>
   <div class='ocr_carea' id='block_1_86' title="bbox 2116 4101 3700 4174">
    <p class='ocr_par' dir='ltr' id='par_1_86' title="bbox 2116 4101 3700 4174">
     <span class='ocr_line' id='line_1_87' title="bbox 2116 4101 3700 4174; baseline 0 -20"><span class='ocrx_word' id='word_1_637' title='bbox 2116 4101 2323 4172; x_wconf 79' lang='grc' dir='ltr'>ἀρετὴν</span> <span class='ocrx_word' id='word_1_638' title='bbox 2356 4102 2583 4166; x_wconf 74' lang='grc' dir='ltr'>ἑαυτοὺς</span> <span class='ocrx_word' id='word_1_639' title='bbox 2614 4101 3108 4169; x_wconf 83' lang='grc' dir='ltr'>συνελαυνέτωσαν,</span> <span class='ocrx_word' id='word_1_640' title='bbox 3164 4104 3345 4158; x_wconf 83' lang='grc' dir='ltr'>πᾶσαν</span> <span class='ocrx_word' id='word_1_641' title='bbox 3387 4102 3587 4174; x_wconf 74' lang='grc' dir='ltr'>σκῆψιν</span> <span class='ocrx_word' id='word_1_642' title='bbox 3615 4103 3700 4169; x_wconf 78' lang='grc' dir='ltr'><strong>ἐξ-</strong></span> 
     </span>
    </p>
   </div>
   <div class='ocr_carea' id='block_1_87' title="bbox 2118 4190 2552 4262">
    <p class='ocr_par' dir='ltr' id='par_1_87' title="bbox 2118 4190 2552 4262">
     <span class='ocr_line' id='line_1_88' title="bbox 2118 4190 2552 4262; baseline 0.007 -18"><span class='ocrx_word' id='word_1_643' title='bbox 2118 4190 2552 4262; x_wconf 77' lang='grc' dir='ltr'>οστρακίζοντες.</span> 
     </span>
    </p>
   </div>
   <div class='ocr_carea' id='block_1_88' title="bbox 437 4277 3695 4353">
    <p class='ocr_par' dir='ltr' id='par_1_88' title="bbox 437 4277 3695 4353">
     <span class='ocr_line' id='line_1_89' title="bbox 437 4277 3695 4353; baseline 0.001 -18"><span class='ocrx_word' id='word_1_644' title='bbox 437 4284 654 4353; x_wconf 88' lang='lat' dir='ltr'><strong>quidem</strong></span> <span class='ocrx_word' id='word_1_645' title='bbox 685 4280 912 4353; x_wconf 90' lang='lat' dir='ltr'><strong>(aliquid</strong></span> <span class='ocrx_word' id='word_1_646' title='bbox 944 4279 1082 4349; x_wconf 88' lang='lat' dir='ltr'><strong>apud</strong></span> <span class='ocrx_word' id='word_1_647' title='bbox 1115 4278 1390 4333; x_wconf 82' lang='lat' dir='ltr'><strong>auditores</strong></span> <span class='ocrx_word' id='word_1_648' title='bbox 1423 4277 1567 4347; x_wconf 92' lang='lat' dir='ltr'><strong>tuos)</strong></span> <span class='ocrx_word' id='word_1_649' title='bbox 1597 4277 2016 4346; x_wconf 86' lang='lat' dir='ltr'><strong>eongratnlabor</strong></span> <span class='ocrx_word' id='word_1_650' title='bbox 2052 4288 2105 4334; x_wconf 91' lang='lat' dir='ltr'><strong>et</strong></span> <span class='ocrx_word' id='word_1_651' title='bbox 2139 4283 2383 4349; x_wconf 84' lang='lat' dir='ltr'><strong>gaudebo</strong></span> <span class='ocrx_word' id='word_1_652' title='bbox 2411 4291 2501 4335; x_wconf 88' lang='lat' dir='ltr'><strong>tua</strong></span> <span class='ocrx_word' id='word_1_653' title='bbox 2525 4282 2756 4351; x_wconf 86' lang='lat' dir='ltr'><strong>gaudia;</strong></span> <span class='ocrx_word' id='word_1_654' title='bbox 2830 4283 2915 4338; x_wconf 89' lang='lat' dir='ltr'><strong>sin</strong></span> <span class='ocrx_word' id='word_1_655' title='bbox 2960 4293 3139 4338; x_wconf 90' lang='lat' dir='ltr'><strong>autem</strong></span> <span class='ocrx_word' id='word_1_656' title='bbox 3210 4284 3344 4338; x_wconf 90' lang='lat' dir='ltr'><strong>nihil</strong></span> <span class='ocrx_word' id='word_1_657' title='bbox 3379 4283 3541 4353; x_wconf 85' lang='lat' dir='ltr'><strong>(apud</strong></span> <span class='ocrx_word' id='word_1_658' title='bbox 3580 4282 3695 4353; x_wconf 91' lang='lat' dir='ltr'><strong>eos)</strong></span> 
     </span>
    </p>
   </div>
   <div class='ocr_carea' id='block_1_89' title="bbox 430 4369 3701 4449">
    <p class='ocr_par' dir='ltr' id='par_1_89' title="bbox 430 4369 3701 4449">
     <span class='ocr_line' id='line_1_90' title="bbox 430 4369 3701 4449; baseline -0.001 -16"><span class='ocrx_word' id='word_1_659' title='bbox 430 4377 749 4449; x_wconf 76' lang='lat' dir='ltr'><strong>profeceris,</strong></span> <span class='ocrx_word' id='word_1_660' title='bbox 780 4390 887 4431; x_wconf 92' lang='lat' dir='ltr'><strong>non</strong></span> <span class='ocrx_word' id='word_1_661' title='bbox 919 4373 1147 4428; x_wconf 76' lang='lat' dir='ltr'><strong>alliciant</strong></span> <span class='ocrx_word' id='word_1_662' title='bbox 1198 4379 1250 4427; x_wconf 88' lang='lat' dir='ltr'><strong>te</strong></span> <span class='ocrx_word' id='word_1_663' title='bbox 1307 4369 1627 4440; x_wconf 89' lang='lat' dir='ltr'><strong>ignominia,</strong></span> <span class='ocrx_word' id='word_1_664' title='bbox 1662 4369 1756 4424; x_wconf 91' lang='lat' dir='ltr'><strong>sed</strong></span> <span class='ocrx_word' id='word_1_665' title='bbox 1810 4384 2008 4425; x_wconf 86' lang='lat' dir='ltr'><strong>corona</strong></span> <span class='ocrx_word' id='word_1_666' title='bbox 2045 4370 2278 4427; x_wconf 86' lang='lat' dir='ltr'><strong>donabo.</strong></span> <span class='ocrx_word' id='word_1_667' title='bbox 2310 4372 2693 4444; x_wconf 89' lang='lat' dir='ltr'><strong>Unusquisque</strong></span> <span class='ocrx_word' id='word_1_668' title='bbox 2716 4375 2857 4430; x_wconf 85' lang='lat' dir='ltr'><strong>enim</strong></span> <span class='ocrx_word' id='word_1_669' title='bbox 2892 4376 3164 4445; x_wconf 89' lang='lat' dir='ltr'><strong>propriam</strong></span> <span class='ocrx_word' id='word_1_670' title='bbox 3231 4391 3295 4431; x_wconf 88' lang='lat' dir='ltr'><strong>ac</strong></span> <span class='ocrx_word' id='word_1_671' title='bbox 3335 4391 3487 4431; x_wconf 83' lang='lat' dir='ltr'><strong>suam</strong></span> <span class='ocrx_word' id='word_1_672' title='bbox 3556 4390 3701 4431; x_wconf 82' lang='lat' dir='ltr'><strong>mer-</strong></span> 
     </span>
    </p>
   </div>
   <div class='ocr_carea' id='block_1_90' title="bbox 430 4459 3698 4535">
    <p class='ocr_par' dir='ltr' id='par_1_90' title="bbox 430 4459 3698 4535">
     <span class='ocr_line' id='line_1_91' title="bbox 430 4459 3698 4535; baseline 0.001 -14"><span class='ocrx_word' id='word_1_673' title='bbox 430 4468 619 4523; x_wconf 83' lang='lat' dir='ltr'><strong>cedem</strong></span> <span class='ocrx_word' id='word_1_674' title='bbox 646 4463 1207 4534; x_wconf 84' lang='lat' dir='ltr'><strong>recipiet,secundum</strong></span> <span class='ocrx_word' id='word_1_675' title='bbox 1235 4459 1437 4530; x_wconf 90' lang='lat' dir='ltr'><strong>proprii</strong></span> <span class='ocrx_word' id='word_1_676' title='bbox 1466 4459 1668 4514; x_wconf 90' lang='lat' dir='ltr'><strong>laboris</strong></span> <span class='ocrx_word' id='word_1_677' title='bbox 1688 4472 2022 4525; x_wconf 89' lang='lat' dir='ltr'><strong>mensuram,</strong></span> <span class='ocrx_word' id='word_1_678' title='bbox 2063 4475 2169 4516; x_wconf 89' lang='lat' dir='ltr'><strong>non</strong></span> <span class='ocrx_word' id='word_1_679' title='bbox 2240 4472 2420 4518; x_wconf 90' lang='lat' dir='ltr'><strong>autem</strong></span> <span class='ocrx_word' id='word_1_680' title='bbox 2483 4473 2644 4535; x_wconf 90' lang='lat' dir='ltr'><strong>prout</strong></span> <span class='ocrx_word' id='word_1_681' title='bbox 2698 4464 2850 4521; x_wconf 89' lang='lat' dir='ltr'><strong>labor</strong></span> <span class='ocrx_word' id='word_1_682' title='bbox 2899 4465 3105 4521; x_wconf 87' lang='lat' dir='ltr'><strong>exitum</strong></span> <span class='ocrx_word' id='word_1_683' title='bbox 3145 4475 3230 4523; x_wconf 88' lang='lat' dir='ltr'><strong>est</strong></span> <span class='ocrx_word' id='word_1_684' title='bbox 3263 4468 3506 4523; x_wconf 91' lang='lat' dir='ltr'><strong>sortitus.</strong></span> <span class='ocrx_word' id='word_1_685' title='bbox 3572 4467 3698 4524; x_wconf 64' lang='lat' dir='ltr'><strong>Haec</strong></span> 
     </span>
    </p>
   </div>
   <div class='ocr_carea' id='block_1_91' title="bbox 433 4552 3699 4637">
    <p class='ocr_par' dir='ltr' id='par_1_91' title="bbox 433 4552 3699 4637">
     <span class='ocr_line' id='line_1_92' title="bbox 433 4552 3699 4637; baseline -0 -20"><span class='ocrx_word' id='word_1_686' title='bbox 433 4578 562 4637; x_wconf 86' lang='lat' dir='ltr'><strong>ergo</strong></span> <span class='ocrx_word' id='word_1_687' title='bbox 606 4563 908 4633; x_wconf 86' lang='lat' dir='ltr'><strong>cogitantes</strong></span> <span class='ocrx_word' id='word_1_688' title='bbox 966 4570 1073 4614; x_wconf 92' lang='lat' dir='ltr'><strong>tam</strong></span> <span class='ocrx_word' id='word_1_689' title='bbox 1108 4557 1361 4612; x_wconf 87' lang='lat' dir='ltr'><strong>doctores</strong></span> <span class='ocrx_word' id='word_1_690' title='bbox 1396 4552 1698 4625; x_wconf 72' lang='lat' dir='ltr'><strong>(Ecclesizr)</strong></span> <span class='ocrx_word' id='word_1_691' title='bbox 1734 4570 1895 4625; x_wconf 86' lang='lat' dir='ltr'><strong>quam</strong></span> <span class='ocrx_word' id='word_1_692' title='bbox 1963 4555 2214 4628; x_wconf 85' lang='lat' dir='ltr'><strong>discipuli</strong></span> <span class='ocrx_word' id='word_1_693' title='bbox 2281 4559 2602 4629; x_wconf 89' lang='lat' dir='ltr'><strong>semetipsos</strong></span> <span class='ocrx_word' id='word_1_694' title='bbox 2667 4559 2735 4615; x_wconf 90' lang='lat' dir='ltr'><strong>ad</strong></span> <span class='ocrx_word' id='word_1_695' title='bbox 2771 4560 3028 4615; x_wconf 87' lang='lat' dir='ltr'><strong>virtutem</strong></span> <span class='ocrx_word' id='word_1_696' title='bbox 3075 4560 3420 4632; x_wconf 82' lang='lat' dir='ltr'><strong>compellant,</strong></span> <span class='ocrx_word' id='word_1_697' title='bbox 3481 4576 3699 4617; x_wconf 90' lang='lat' dir='ltr'><strong>omnem</strong></span> 
     </span>
    </p>
   </div>
   <div class='ocr_carea' id='block_1_92' title="bbox 434 4646 1671 4722">
    <p class='ocr_par' dir='ltr' id='par_1_92' title="bbox 434 4646 1671 4722">
     <span class='ocr_line' id='line_1_93' title="bbox 434 4646 1671 4722; baseline -0.008 -12"><span class='ocrx_word' id='word_1_698' title='bbox 434 4656 843 4710; x_wconf 82' lang='lat' dir='ltr'><strong>excusationem</strong></span> <span class='ocrx_word' id='word_1_699' title='bbox 879 4666 941 4708; x_wconf 91' lang='lat' dir='ltr'><strong>ac</strong></span> <span class='ocrx_word' id='word_1_700' title='bbox 974 4658 1297 4722; x_wconf 66' lang='lat' dir='ltr'><strong>praetextam</strong></span> <span class='ocrx_word' id='word_1_701' title='bbox 1321 4646 1671 4718; x_wconf 77' lang='lat' dir='ltr'><strong>expellentes.</strong></span> 
     </span>
    </p>
   </div>
   <div class='ocr_carea' id='block_1_93' title="bbox 418 4825 1030 4889">
    <p class='ocr_par' dir='ltr' id='par_1_93' title="bbox 418 4825 1030 4889">
     <span class='ocr_line' id='line_1_94' title="bbox 418 4825 1030 4889; baseline 0 -8"><span class='ocrx_word' id='word_1_702' title='bbox 418 4878 427 4887; x_wconf 80' lang='lat'><strong>,</strong></span> <span class='ocrx_word' id='word_1_703' title='bbox 500 4825 551 4858; x_wconf 79' lang='lat'><strong>“</strong></span> <span class='ocrx_word' id='word_1_704' title='bbox 578 4826 767 4882; x_wconf 80' lang='lat' dir='ltr'><strong>Matth.</strong></span> <span class='ocrx_word' id='word_1_705' title='bbox 795 4842 951 4889; x_wconf 81' lang='lat' dir='ltr'><strong>xxiii,</strong></span> <span class='ocrx_word' id='word_1_706' title='bbox 978 4826 1030 4881; x_wconf 71' lang='grc' dir='ltr'><strong>ὅ.</strong></span> 
     </span>
    </p>
   </div>
   <div class='ocr_carea' id='block_1_94' title="bbox 1529 4957 2585 5015">
    <p class='ocr_par' dir='ltr' id='par_1_94' title="bbox 1529 4957 2585 5015">
     <span class='ocr_line' id='line_1_95' title="bbox 1529 4957 2585 5015; baseline -0.001 -1"><span class='ocrx_word' id='word_1_707' title='bbox 1529 4957 1764 5015; x_wconf 72' lang='grc' dir='ltr'>νΑιιιλΕ</span> <span class='ocrx_word' id='word_1_708' title='bbox 1799 4957 2186 5014; x_wconf 81' lang='lat' dir='ltr'><strong>LECTIONES</strong></span> <span class='ocrx_word' id='word_1_709' title='bbox 2222 4957 2312 5013; x_wconf 79' lang='lat' dir='ltr'><strong>ET</strong></span> <span class='ocrx_word' id='word_1_710' title='bbox 2353 4957 2585 5015; x_wconf 68' lang='grc' dir='ltr'><strong>ΝΟΤΑΕ.</strong></span> 
     </span>
    </p>
   </div>
   <div class='ocr_carea' id='block_1_95' title="bbox 502 5112 1732 5189">
    <p class='ocr_par' dir='ltr' id='par_1_95' title="bbox 502 5112 1732 5189">
     <span class='ocr_line' id='line_1_96' title="bbox 502 5112 1732 5189; baseline -0.002 -20"><span class='ocrx_word' id='word_1_711' title='bbox 502 5117 610 5189; x_wconf 65' lang='grc'><strong>(78)</strong></span> <span class='ocrx_word' id='word_1_712' title='bbox 646 5116 750 5189; x_wconf 83' lang='lat' dir='ltr'><strong>P_ro</strong></span> <span class='ocrx_word' id='word_1_713' title='bbox 782 5115 974 5179; x_wconf 75' lang='grc' dir='ltr'>ἄλλους</span> <span class='ocrx_word' id='word_1_714' title='bbox 1005 5117 1126 5189; x_wconf 79' lang='lat' dir='ltr'><strong>cod.</strong></span> <span class='ocrx_word' id='word_1_715' title='bbox 1159 5116 1289 5189; x_wconf 76' lang='lat' dir='ltr'><strong>legit</strong></span> <span class='ocrx_word' id='word_1_716' title='bbox 1316 5114 1498 5189; x_wconf 82' lang='grc' dir='ltr'>λαούς.</span> <span class='ocrx_word' id='word_1_717' title='bbox 1521 5112 1732 5169; x_wconf 77' lang='lat' dir='ltr'><strong>Possm.</strong></span> 
     </span>
    </p>
   </div>
   <div class='ocr_carea' id='block_1_96' title="bbox 511 5182 2015 5257">
    <p class='ocr_par' dir='ltr' id='par_1_96' title="bbox 511 5182 2015 5257">
     <span class='ocr_line' id='line_1_97' title="bbox 511 5182 2015 5257; baseline -0.001 -18"><span class='ocrx_word' id='word_1_718' title='bbox 511 5182 623 5257; x_wconf 76' lang='lat'><strong>(79)</strong></span> <span class='ocrx_word' id='word_1_719' title='bbox 677 5182 1238 5257; x_wconf 33' lang='grc' dir='ltr'>Ριοηπραττομένοι(</span> <span class='ocrx_word' id='word_1_720' title='bbox 1258 5185 1437 5257; x_wconf 81' lang='lat' dir='ltr'><strong>habet.</strong></span> <span class='ocrx_word' id='word_1_721' title='bbox 1484 5182 2015 5257; x_wconf 57' lang='grc' dir='ltr'>προσταττομένοις.</span> 
     </span>
    </p>
   </div>
   <div class='ocr_carea' id='block_1_97' title="bbox 421 5252 2009 5327">
    <p class='ocr_par' dir='ltr' id='par_1_97' title="bbox 421 5252 2009 5327">
     <span class='ocr_line' id='line_1_98' title="bbox 421 5252 2009 5327; baseline -0.004 -13"><span class='ocrx_word' id='word_1_722' title='bbox 421 5252 745 5327; x_wconf 57' lang='lat' dir='ltr'><strong>&#39;Vers.&#39;post</strong></span> <span class='ocrx_word' id='word_1_723' title='bbox 777 5256 811 5308; x_wconf 78' lang='grc'><strong>5</strong></span> <span class='ocrx_word' id='word_1_724' title='bbox 841 5252 936 5327; x_wconf 81' lang='lat' dir='ltr'><strong>pro</strong></span> <span class='ocrx_word' id='word_1_725' title='bbox 964 5252 1228 5327; x_wconf 63' lang='grc' dir='ltr'>Μωσέως,</span> <span class='ocrx_word' id='word_1_726' title='bbox 1258 5255 1385 5327; x_wconf 80' lang='lat' dir='ltr'><strong>legit</strong></span> <span class='ocrx_word' id='word_1_727' title='bbox 1416 5253 1510 5307; x_wconf 84' lang='grc' dir='ltr'>τοῦ</span> <span class='ocrx_word' id='word_1_728' title='bbox 1539 5252 1854 5323; x_wconf 84' lang='grc' dir='ltr'>νομοθέτου.</span> <span class='ocrx_word' id='word_1_729' title='bbox 1886 5252 1964 5308; x_wconf 77' lang='lat' dir='ltr'><strong>lu.</strong></span> <span class='ocrx_word' id='word_1_730' title='bbox 2005 5271 2009 5274; x_wconf 67' lang='grc'><em>’</em></span> 
     </span>
    </p>
   </div>
   <div class='ocr_carea' id='block_1_98' title="bbox 503 5319 1335 5462">
    <p class='ocr_par' dir='ltr' id='par_1_98' title="bbox 503 5319 1335 5462">
     <span class='ocr_line' id='line_1_99' title="bbox 503 5319 1335 5462; baseline -0.007 -80"><span class='ocrx_word' id='word_1_731' title='bbox 503 5319 637 5462; x_wconf 58' lang='grc' dir='ltr'><strong>μιογ</strong></span> <span class='ocrx_word' id='word_1_732' title='bbox 656 5325 798 5380; x_wconf 78' lang='lat' dir='ltr'><strong>Ideni</strong></span> <span class='ocrx_word' id='word_1_733' title='bbox 831 5319 979 5412; x_wconf 48' lang='lat' dir='ltr'><strong>co‘d&quot;</strong></span> <span class='ocrx_word' id='word_1_734' title='bbox 1005 5319 1065 5376; x_wconf 82' lang='grc' dir='ltr'>εὖ</span> <span class='ocrx_word' id='word_1_735' title='bbox 1093 5325 1229 5404; x_wconf 62' lang='grc' dir='ltr'>γάρ.</span> <span class='ocrx_word' id='word_1_736' title='bbox 1258 5319 1335 5409; x_wconf 47' lang='lat' dir='ltr'><strong>in}</strong></span> 
     </span>
     <span class='ocr_line' id='line_1_100' title="bbox 526 5395 1335 5462; baseline -0.01 -9"><span class='ocrx_word' id='word_1_737' title='bbox 526 5398 617 5462; x_wconf 81' lang='lat' dir='ltr'><strong>8i)</strong></span> <span class='ocrx_word' id='word_1_738' title='bbox 651 5395 814 5451; x_wconf 80' lang='grc' dir='ltr'>Κατὰ</span> <span class='ocrx_word' id='word_1_739' title='bbox 847 5410 962 5461; x_wconf 79' lang='grc' dir='ltr'>την</span> <span class='ocrx_word' id='word_1_740' title='bbox 1013 5410 1122 5448; x_wconf 79' lang='grc' dir='ltr'><strong>του</strong></span> <span class='ocrx_word' id='word_1_741' title='bbox 1165 5409 1335 5461; x_wconf 69' lang='grc' dir='ltr'>καμαε</span> 
     </span>
    </p>
   </div>
   <div class='ocr_carea' id='block_1_99' title="bbox 526 5391 2014 5470">
    <p class='ocr_par' dir='ltr' id='par_1_99' title="bbox 526 5391 2014 5470">
     <span class='ocr_line' id='line_1_101' title="bbox 526 5391 2014 5470; baseline -0.005 -17"><span class='ocrx_word' id='word_1_742' title='bbox 526 5391 617 5470; x_wconf 78' lang='lat' dir='ltr'><strong>8i)</strong></span> <span class='ocrx_word' id='word_1_743' title='bbox 651 5395 814 5451; x_wconf 80' lang='grc' dir='ltr'>Κατὰ</span> <span class='ocrx_word' id='word_1_744' title='bbox 847 5394 962 5461; x_wconf 80' lang='grc' dir='ltr'><strong>τὴν</strong></span> <span class='ocrx_word' id='word_1_745' title='bbox 1013 5391 1137 5470; x_wconf 39' lang='grc' dir='ltr'>τοῦ·</span> <span class='ocrx_word' id='word_1_746' title='bbox 1165 5391 1431 5470; x_wconf 54' lang='grc' dir='ltr'>καμάτου</span> <span class='ocrx_word' id='word_1_747' title='bbox 1484 5394 1754 5470; x_wconf 65' lang='grc' dir='ltr'>ἔκϐασιν.</span> <span class='ocrx_word' id='word_1_748' title='bbox 1794 5391 2014 5470; x_wconf 74' lang='lat' dir='ltr'><strong>Videtur</strong></span> 
     </span>
    </p>
   </div>
   <div class='ocr_carea' id='block_1_100' title="bbox 430 5462 2005 5533">
    <p class='ocr_par' dir='ltr' id='par_1_100' title="bbox 430 5462 2005 5533">
     <span class='ocr_line' id='line_1_102' title="bbox 430 5462 2005 5533; baseline -0.003 -12"><span class='ocrx_word' id='word_1_749' title='bbox 430 5462 634 5523; x_wconf 79' lang='lat' dir='ltr'><strong>omissa</strong></span> <span class='ocrx_word' id='word_1_750' title='bbox 652 5482 760 5521; x_wconf 90' lang='lat' dir='ltr'><strong>non</strong></span> <span class='ocrx_word' id='word_1_751' title='bbox 789 5473 936 5520; x_wconf 89' lang='lat' dir='ltr'><strong>recte</strong></span> <span class='ocrx_word' id='word_1_752' title='bbox 963 5463 1196 5533; x_wconf 86' lang='lat' dir='ltr'><strong>negatio,</strong></span> <span class='ocrx_word' id='word_1_753' title='bbox 1227 5463 1619 5533; x_wconf 85' lang='lat' dir='ltr'><strong>legendumque</strong></span> <span class='ocrx_word' id='word_1_754' title='bbox 1632 5464 1697 5515; x_wconf 75' lang='grc' dir='ltr'>οὐ</span> <span class='ocrx_word' id='word_1_755' title='bbox 1717 5462 2005 5533; x_wconf 52' lang='lat' dir='ltr'><strong>nariam.</strong></span> 
     </span>
    </p>
   </div>
   <div class='ocr_carea' id='block_1_101' title="bbox 2123 5114 3699 5195">
    <p class='ocr_par' dir='ltr' id='par_1_101' title="bbox 2123 5114 3699 5195">
     <span class='ocr_line' id='line_1_103' title="bbox 2123 5114 3699 5195; baseline 0.009 -28"><span class='ocrx_word' id='word_1_756' title='bbox 2123 5115 2421 5195; x_wconf 62' lang='lat' dir='ltr'><strong>voluntatis</strong></span> <span class='ocrx_word' id='word_1_757' title='bbox 2455 5114 3052 5195; x_wconf 48' lang='lat' dir='ltr'><strong>laudandapropensio</strong></span> <span class='ocrx_word' id='word_1_758' title='bbox 3084 5127 3188 5187; x_wconf 90' lang='lat' dir='ltr'><strong>est,</strong></span> <span class='ocrx_word' id='word_1_759' title='bbox 3228 5120 3404 5193; x_wconf 88' lang='lat' dir='ltr'><strong>inquit</strong></span> <span class='ocrx_word' id='word_1_760' title='bbox 3440 5124 3699 5193; x_wconf 87' lang='lat' dir='ltr'><strong>eloquen-</strong></span> 
     </span>
    </p>
   </div>
   <div class='ocr_carea' id='block_1_102' title="bbox 2124 5186 3698 5266">
    <p class='ocr_par' dir='ltr' id='par_1_102' title="bbox 2124 5186 3698 5266">
     <span class='ocr_line' id='line_1_104' title="bbox 2124 5186 3698 5266; baseline 0.01 -30"><span class='ocrx_word' id='word_1_761' title='bbox 2124 5186 2248 5265; x_wconf 82' lang='lat' dir='ltr'><strong>tiss._</strong></span> <span class='ocrx_word' id='word_1_762' title='bbox 2280 5196 2496 5266; x_wconf 63' lang='lat' dir='ltr'><strong>orator.</strong></span> <span class='ocrx_word' id='word_1_763' title='bbox 2518 5186 2773 5240; x_wconf 82' lang='lat' dir='ltr'><strong>Consiliis</strong></span> <span class='ocrx_word' id='word_1_764' title='bbox 2802 5189 2946 5241; x_wconf 86' lang='lat' dir='ltr'><strong>enim</strong></span> <span class='ocrx_word' id='word_1_765' title='bbox 2980 5204 3083 5266; x_wconf 79' lang='lat' dir='ltr'><strong>non</strong></span> <span class='ocrx_word' id='word_1_766' title='bbox 3129 5186 3336 5247; x_wconf 78' lang='lat' dir='ltr'><strong>eventis</strong></span> <span class='ocrx_word' id='word_1_767' title='bbox 3360 5186 3698 5266; x_wconf 72' lang='lat' dir='ltr'><strong>resqttaeque</strong></span> 
     </span>
    </p>
   </div>
   <div class='ocr_carea' id='block_1_103' title="bbox 2122 5255 3700 5331">
    <p class='ocr_par' dir='ltr' id='par_1_103' title="bbox 2122 5255 3700 5331">
     <span class='ocr_line' id='line_1_105' title="bbox 2122 5255 3700 5331; baseline 0.01 -25"><span class='ocrx_word' id='word_1_768' title='bbox 2122 5255 2398 5331; x_wconf 67' lang='lat' dir='ltr'><strong>metienda</strong></span> <span class='ocrx_word' id='word_1_769' title='bbox 2419 5262 2536 5321; x_wconf 89' lang='lat' dir='ltr'><strong>est,</strong></span> <span class='ocrx_word' id='word_1_770' title='bbox 2577 5259 3099 5331; x_wconf 81' lang='lat' dir='ltr'><strong>quam__senten_tiam</strong></span> <span class='ocrx_word' id='word_1_771' title='bbox 3133 5276 3275 5331; x_wconf 65' lang='lat' dir='ltr'><strong>swpe</strong></span> <span class='ocrx_word' id='word_1_772' title='bbox 3300 5255 3500 5331; x_wconf 66' lang='lat' dir='ltr'><strong>repetit</strong></span> <span class='ocrx_word' id='word_1_773' title='bbox 3528 5255 3700 5321; x_wconf 82' lang='lat' dir='ltr'><strong>Isido-</strong></span> 
     </span>
    </p>
   </div>
   <div class='ocr_carea' id='block_1_104' title="bbox 2121 5325 3696 5399">
    <p class='ocr_par' dir='ltr' id='par_1_104' title="bbox 2121 5325 3696 5399">
     <span class='ocr_line' id='line_1_106' title="bbox 2121 5325 3696 5399; baseline 0.009 -22"><span class='ocrx_word' id='word_1_774' title='bbox 2121 5334 2324 5399; x_wconf 8' lang='lat' dir='ltr'><strong>rus_,_gut</strong></span> <span class='ocrx_word' id='word_1_775' title='bbox 2346 5325 2438 5380; x_wconf 86' lang='lat' dir='ltr'><strong>lib.</strong></span> <span class='ocrx_word' id='word_1_776' title='bbox 2477 5341 2493 5380; x_wconf 95' lang='grc' dir='ltr'><strong>ι</strong></span> <span class='ocrx_word' id='word_1_777' title='bbox 2523 5327 2711 5399; x_wconf 74' lang='lat' dir='ltr'><strong>episl._</strong></span> <span class='ocrx_word' id='word_1_778' title='bbox 2728 5326 2854 5399; x_wconf 57' lang='lat'><strong>3&#39;55,</strong></span> <span class='ocrx_word' id='word_1_779' title='bbox 2883 5337 2937 5382; x_wconf 88' lang='lat' dir='ltr'><strong>et</strong></span> <span class='ocrx_word' id='word_1_780' title='bbox 2963 5328 3056 5399; x_wconf 85' lang='lat' dir='ltr'><strong>lib.</strong></span> <span class='ocrx_word' id='word_1_781' title='bbox 3082 5346 3117 5385; x_wconf 91' lang='grc' dir='ltr'><strong>ιι</strong></span> <span class='ocrx_word' id='word_1_782' title='bbox 3152 5325 3309 5399; x_wconf 72' lang='lat' dir='ltr'><strong>epist.</strong></span> <span class='ocrx_word' id='word_1_783' title='bbox 3352 5325 3458 5389; x_wconf 68' lang='grc'><strong>179</strong></span> <span class='ocrx_word' id='word_1_784' title='bbox 3487 5345 3541 5390; x_wconf 93' lang='lat' dir='ltr'><strong>et</strong></span> <span class='ocrx_word' id='word_1_785' title='bbox 3568 5336 3696 5398; x_wconf 72' lang='lat'><strong>205.</strong></span> 
     </span>
    </p>
   </div>
   <div class='ocr_carea' id='block_1_105' title="bbox 2119 5395 3696 5470">
    <p class='ocr_par' dir='ltr' id='par_1_105' title="bbox 2119 5395 3696 5470">
     <span class='ocr_line' id='line_1_107' title="bbox 2119 5395 3696 5470; baseline 0 -24"><span class='ocrx_word' id='word_1_786' title='bbox 2119 5404 2176 5470; x_wconf 74' lang='lat' dir='ltr'><strong>et</strong></span> <span class='ocrx_word' id='word_1_787' title='bbox 2209 5395 2303 5470; x_wconf 71' lang='lat' dir='ltr'><strong>lib.</strong></span> <span class='ocrx_word' id='word_1_788' title='bbox 2332 5409 2416 5470; x_wconf 67' lang='grc' dir='ltr'>ψ.</span> <span class='ocrx_word' id='word_1_789' title='bbox 2451 5396 2614 5470; x_wconf 75' lang='lat' dir='ltr'><strong>epist.</strong></span> <span class='ocrx_word' id='word_1_790' title='bbox 2642 5396 2773 5470; x_wconf 54' lang='lat'><strong>$99.</strong></span> <span class='ocrx_word' id='word_1_791' title='bbox 2806 5396 3033 5451; x_wconf 84' lang='lat' dir='ltr'><strong>Accedit</strong></span> <span class='ocrx_word' id='word_1_792' title='bbox 3058 5411 3110 5453; x_wconf 89' lang='lat' dir='ltr'><strong>et</strong></span> <span class='ocrx_word' id='word_1_793' title='bbox 3142 5395 3362 5461; x_wconf 83' lang='lat' dir='ltr'><strong>occasio</strong></span> <span class='ocrx_word' id='word_1_794' title='bbox 3393 5406 3599 5460; x_wconf 91' lang='lat' dir='ltr'><strong>erroris</strong></span> <span class='ocrx_word' id='word_1_795' title='bbox 3629 5395 3696 5459; x_wconf 67' lang='lat' dir='ltr'><strong>li;</strong></span> 
     </span>
    </p>
   </div>
   <div class='ocr_carea' id='block_1_106' title="bbox 2116 5463 3699 5546">
    <p class='ocr_par' dir='ltr' id='par_1_106' title="bbox 2116 5463 3699 5546">
     <span class='ocr_line' id='line_1_108' title="bbox 2116 5463 3699 5546; baseline 0.008 -29"><span class='ocrx_word' id='word_1_796' title='bbox 2116 5463 2309 5546; x_wconf 67' lang='lat' dir='ltr'><strong>brarii.</strong></span> <span class='ocrx_word' id='word_1_797' title='bbox 2336 5463 2498 5546; x_wconf 73' lang='lat' dir='ltr'><strong>Saepe</strong></span> <span class='ocrx_word' id='word_1_798' title='bbox 2520 5466 2662 5546; x_wconf 73' lang='lat' dir='ltr'><strong>enim</strong></span> <span class='ocrx_word' id='word_1_799' title='bbox 2696 5465 2799 5546; x_wconf 71' lang='lat' dir='ltr'><strong>sic</strong></span> <span class='ocrx_word' id='word_1_800' title='bbox 2814 5476 3042 5546; x_wconf 69' lang='lat' dir='ltr'><strong>peccant</strong></span> <span class='ocrx_word' id='word_1_801' title='bbox 3068 5472 3474 5546; x_wconf 87' lang='lat' dir='ltr'><strong>e_x_scriptores_,</strong></span> <span class='ocrx_word' id='word_1_802' title='bbox 3505 5484 3561 5529; x_wconf 88' lang='lat' dir='ltr'><strong>ut</strong></span> <span class='ocrx_word' id='word_1_803' title='bbox 3588 5475 3699 5546; x_wconf 86' lang='lat' dir='ltr'><strong>syl-</strong></span> 
     </span>
    </p>
   </div>
   <div class='ocr_carea' id='block_1_107' title="bbox 432 5532 3699 5614">
    <p class='ocr_par' dir='ltr' id='par_1_107' title="bbox 432 5532 3699 5614">
     <span class='ocr_line' id='line_1_109' title="bbox 432 5532 3699 5614; baseline 0.001 -24"><span class='ocrx_word' id='word_1_804' title='bbox 432 5539 565 5614; x_wconf 64' lang='lat' dir='ltr'><strong>Qna</strong></span> <span class='ocrx_word' id='word_1_805' title='bbox 578 5536 1018 5603; x_wconf 83' lang='lat' dir='ltr'><strong>meaconjectura</strong></span> <span class='ocrx_word' id='word_1_806' title='bbox 1034 5532 1268 5606; x_wconf 85' lang='lat' dir='ltr'><strong>primum</strong></span> <span class='ocrx_word' id='word_1_807' title='bbox 1289 5532 1614 5614; x_wconf 67' lang='lat' dir='ltr'><strong>cofirniatur</strong></span> <span class='ocrx_word' id='word_1_808' title='bbox 1628 5533 1769 5614; x_wconf 78' lang='lat' dir='ltr'><strong>quod</strong></span> <span class='ocrx_word' id='word_1_809' title='bbox 1782 5532 2007 5614; x_wconf 59' lang='grc' dir='ltr'>ἐπέξεισιν</span> <span class='ocrx_word' id='word_1_810' title='bbox 2113 5532 2586 5614; x_wconf 66' lang='lat' dir='ltr'><strong>labaniomjttant</strong></span> <span class='ocrx_word' id='word_1_811' title='bbox 2614 5532 2831 5614; x_wconf 70' lang='lat' dir='ltr'><strong>decepti</strong></span> <span class='ocrx_word' id='word_1_812' title='bbox 2856 5537 3214 5614; x_wconf 81' lang='lat' dir='ltr'><strong>similitudine</strong></span> <span class='ocrx_word' id='word_1_813' title='bbox 3246 5532 3699 5611; x_wconf 66' lang='lat' dir='ltr'><strong>prmedentis,&#39;ut</strong></span> 
     </span>
    </p>
   </div>
   <div class='ocr_carea' id='block_1_108' title="bbox 431 5602 3700 5684">
    <p class='ocr_par' dir='ltr' id='par_1_108' title="bbox 431 5602 3700 5684">
     <span class='ocr_line' id='line_1_110' title="bbox 431 5602 3700 5684; baseline 0.002 -23"><span class='ocrx_word' id='word_1_814' title='bbox 431 5602 545 5664; x_wconf 72' lang='lat' dir='ltr'><strong>sive</strong></span> <span class='ocrx_word' id='word_1_815' title='bbox 572 5602 823 5662; x_wconf 81' lang='lat' dir='ltr'><strong>eventum</strong></span> <span class='ocrx_word' id='word_1_816' title='bbox 847 5602 1103 5684; x_wconf 71' lang='lat' dir='ltr'><strong>praestare</strong></span> <span class='ocrx_word' id='word_1_817' title='bbox 1137 5602 1563 5684; x_wconf 77' lang='lat' dir='ltr'><strong>nemo_cogitur,_</strong></span> <span class='ocrx_word' id='word_1_818' title='bbox 1589 5605 1683 5684; x_wconf 72' lang='lat' dir='ltr'><strong>sed</strong></span> <span class='ocrx_word' id='word_1_819' title='bbox 1714 5603 2002 5684; x_wconf 70' lang='lat' dir='ltr'><strong>consilium</strong></span> <span class='ocrx_word' id='word_1_820' title='bbox 2110 5602 2201 5657; x_wconf 87' lang='lat' dir='ltr'><strong>hic</strong></span> <span class='ocrx_word' id='word_1_821' title='bbox 2227 5613 2351 5684; x_wconf 74' lang='lat' dir='ltr'><strong>ante</strong></span> <span class='ocrx_word' id='word_1_822' title='bbox 2379 5605 2439 5684; x_wconf 61' lang='lat' dir='ltr'><strong>oti</strong></span> <span class='ocrx_word' id='word_1_823' title='bbox 2458 5605 2715 5684; x_wconf 69' lang='lat' dir='ltr'><strong>praecedit</strong></span> <span class='ocrx_word' id='word_1_824' title='bbox 2743 5602 2821 5684; x_wconf 66' lang='grc' dir='ltr'><strong>ον,</strong></span> <span class='ocrx_word' id='word_1_825' title='bbox 2838 5607 3161 5684; x_wconf 63' lang='lat' dir='ltr'><strong>terminatio</strong></span> <span class='ocrx_word' id='word_1_826' title='bbox 3194 5602 3401 5669; x_wconf 79' lang='lat' dir='ltr'><strong>scilicet</strong></span> <span class='ocrx_word' id='word_1_827' title='bbox 3422 5602 3700 5684; x_wconf 41' lang='lat' dir='ltr'><strong>_proxi&#39;me</strong></span> 
     </span>
    </p>
   </div>
   <div class='ocr_carea' id='block_1_109' title="bbox 426 5672 3584 5754">
    <p class='ocr_par' dir='ltr' id='par_1_109' title="bbox 426 5672 3584 5754">
     <span class='ocr_line' id='line_1_111' title="bbox 426 5672 3584 5754; baseline 0.01 -49"><span class='ocrx_word' id='word_1_828' title='bbox 426 5686 726 5754; x_wconf 31' lang='lat' dir='ltr'><strong>“operam</strong></span> <span class='ocrx_word' id='word_1_829' title='bbox 760 5672 940 5754; x_wconf 48' lang='grc' dir='ltr'><strong>θρίω,</strong></span> <span class='ocrx_word' id='word_1_830' title='bbox 964 5674 1020 5729; x_wconf 73' lang='grc' dir='ltr'><strong>ιη</strong></span> <span class='ocrx_word' id='word_1_831' title='bbox 1050 5673 1199 5730; x_wconf 74' lang='lat' dir='ltr'><strong>omni</strong></span> <span class='ocrx_word' id='word_1_832' title='bbox 1228 5672 1425 5754; x_wconf 77' lang='lat' dir='ltr'><strong>quippe</strong></span> <span class='ocrx_word' id='word_1_833' title='bbox 1455 5686 1512 5725; x_wconf 91' lang='lat' dir='ltr'><strong>re</strong></span> <span class='ocrx_word' id='word_1_834' title='bbox 1550 5672 1804 5754; x_wconf 58' lang='lat' dir='ltr'><strong>laudabili</strong></span> <span class='ocrx_word' id='word_1_835' title='bbox 1838 5680 2001 5754; x_wconf 71' lang='lat' dir='ltr'><strong>atque</strong></span> <span class='ocrx_word' id='word_1_836' title='bbox 2108 5674 2472 5740; x_wconf 80' lang='lat' dir='ltr'><strong>praecedentis</strong></span> <span class='ocrx_word' id='word_1_837' title='bbox 2507 5674 2764 5744; x_wconf 77' lang='lat' dir='ltr'><strong>nominis,</strong></span> <span class='ocrx_word' id='word_1_838' title='bbox 2792 5677 2848 5730; x_wconf 88' lang='lat' dir='ltr'><strong>id</strong></span> <span class='ocrx_word' id='word_1_839' title='bbox 2876 5677 3385 5754; x_wconf 82' lang='lat' dir='ltr'><strong>libratinimpcsuit.</strong></span> <span class='ocrx_word' id='word_1_840' title='bbox 3420 5672 3584 5740; x_wconf 55' lang='lat' dir='ltr'><strong>lim.</strong></span> 
     </span>
    </p>
   </div>
   <div class='ocr_carea' id='block_1_110' title="bbox 430 5739 2009 5810">
    <p class='ocr_par' dir='ltr' id='par_1_110' title="bbox 430 5739 2009 5810">
     <span class='ocr_line' id='line_1_112' title="bbox 430 5739 2009 5810; baseline -0.003 -11"><span class='ocrx_word' id='word_1_841' title='bbox 430 5739 662 5803; x_wconf 70' lang='lat' dir='ltr'><strong>honesta</strong></span> <span class='ocrx_word' id='word_1_842' title='bbox 690 5784 707 5810; x_wconf 90' lang='lat'><strong>,</strong></span> <span class='ocrx_word' id='word_1_843' title='bbox 745 5748 909 5802; x_wconf 74' lang='lat' dir='ltr'><strong>etiam</strong></span> <span class='ocrx_word' id='word_1_844' title='bbox 966 5760 1076 5802; x_wconf 90' lang='lat' dir='ltr'><strong>non</strong></span> <span class='ocrx_word' id='word_1_845' title='bbox 1123 5739 1419 5803; x_wconf 78' lang='lat' dir='ltr'><strong>consecuta</strong></span> <span class='ocrx_word' id='word_1_846' title='bbox 1468 5741 1648 5810; x_wconf 81' lang='lat' dir='ltr'><strong>operis</strong></span> <span class='ocrx_word' id='word_1_847' title='bbox 1702 5739 2009 5807; x_wconf 75' lang='lat' dir='ltr'><strong>eﬂ‘ectionc,</strong></span> 
     </span>
    </p>
   </div>
  </div>
