2042 3175
229 202 297 234 1073

668 201 938 232 EPISTOLARUM
959 202 1032 232 LIB.
1055 202 1102 232 IV.
1123 215 1158 220 -·
1180 201 1414 233 EPIST.XXIV.

1791 199 1858 232 ωτι

228 257 313 284 καίτοι
329 256 480 291 προμαθὼν
493 256 538 282 τὸν
555 255 652 282 ἑαυτοῦ
669 255 794 288 θάνατον,
813 257 955 291 διαφυγεῖν
969 257 1018 284 οὐκ

1074 262 1150 292 pacto
1164 257 1269 290 Achab,
1281 257 1404 292 quamvis
1420 255 1581 290 prmcognilu
1599 263 1646 282 sua
1658 261 1754 290 morte,
1769 261 1858 284 tamen

225 302 354 338 ἠδυνήθη.
377 302 449 336 Ἐγὼ
463 302 492 329 δὲ
505 302 535 328 οὐ
549 301 682 337 θαυμάζω
695 311 701 317 ·
717 303 778 329 οὐδὲ
791 302 846 338 γὰρ
860 302 1016 337 διαφεύγειν

223 346 279 375 οἶόν
295 356 324 374 τε
340 348 389 383 τὴν
403 347 492 383 δίκην.
510 347 672 374 κλέπτουσα
684 348 739 383 γὰρ
756 348 805 380 τὰς
818 349 872 375 τῶν
889 349 1016 375 κλέπτειν

223 393 308 428 αὐτὴν
324 393 428 429 φρένας
447 393 636 428 πειρωμένων,
652 393 716 424 τοὺς
739 393 916 428 βουλομένους
932 393 1016 429 αὐτὴν

223 438 356 470 ἐκκλῖναι,
380 438 420 470 είς
433 437 468 464 τὰ
484 438 588 466 ἑαυτῶν
602 438 707 470 δίκτυα,
727 438 760 464 δι’
775 435 812 465 ὧν
831 440 1014 474 μηχανῶνται,

223 483 373 519 ιμπίπτειν
394 484 610 519 παρασκευάζει.

386 588 448 614 ΚΔ’.
469 603 505 608 —
524 588 673 623 ΕΥΤΟΝΙῼ
695 588 854 624 ΔΙΛΚΟΝῼ.

381 634 433 666 Εἰς
454 633 503 665 τὸ,
527 643 536 658 ι
555 633 650 667 Πάτερ
676 632 759 667 ἡμῶν
848 642 856 658 ι

260 687 346 720 Δὺτὺς
362 687 413 723 μὲν
435 686 528 719 ἔοικας
553 687 702 723 θαυμάζειν
717 687 767 722 τῆς
783 688 865 723 εὐχῆς
879 687 929 723 τὴν
949 687 1016 723 βρα-

224 733 352 768 χυλογίαν
368 733 424 769 (95)
435 742 442 748 ·
458 733 556 767 ὲγὼδὲ
576 733 686 769 ἠγάμην
707 734 760 766 ἀεὶ,
778 734 825 760 καὶ
847 733 953 769 ἄγαμαι
969 733 1017 769 τὴν

224 780 254 805 ὲν
269 778 384 814 βραχέσι
409 779 528 814 ῥήμασιν
551 779 679 814 ὑπερφυῆ
703 779 759 814 (96)
782 779 954 814 φιλοσοφίαν.
985 780 1017 806 El

225 824 280 860 γάρ
297 825 345 851 καὶ
361 825 378 860 ἡ
393 824 447 851 τῶν
470 824 557 859 λόγων
579 824 733 859 ἀπαγγελία
749 824 869 857 εὔκολος,
895 825 962 852 ἀλλὰ
985 825 1016 851 οὑ

225 871 280 897 τῶν
298 869 404 904 φωνῶν,
429 870 467 896 Οὐ
491 870 545 905 γὰρ
569 869 654 903 λόγων
680 870 817 905 ἀκροατὴς
838 870 927 905 μόνον,
950 869 1018 896 ἀλλὰ

223 916 273 943 καὶΙ
287 915 376 951 ἔργων
397 917 521 951 ποιητής.
538 915 633 950 Πάσης
648 915 793 950 τοιγαροῦν
807 915 937 942 ἐπέκεινα
956 915 1017 941 τόλ-
1035 934 1057 963 Β

226 971 282 998 μης
307 964 405 998 χωρεῖν
432 962 627 997 ὑπολαμαινω,
653 962 698 988 τὸν
726 961 763 997 μὴ
792 962 944 996 πράττοντα
971 961 1019 996 μὲν

225 1007 261 1035 τὰ
270 1008 320 1043 υἱῷ
330 1008 466 1043 εὐδοκίμῳ
484 1008 634 1043 πρέποντα,
650 1007 751 1043 τολμᾷν
765 1007 793 1033 δὲ
806 1007 912 1043 πατέρα
925 1007 1019 1034 καλεῖν

225 1053 273 1080 τὸν
286 1055 441 1089 Δεσπότην⁸
459 1054 506 1080 καὶ
521 1053 627 1088 δρῶντα
643 1053 692 1088 μὲν
708 1052 737 1085 ἐξ
753 1049 790 1079 ὧν
806 1053 1019 1089 δυσφημηθήσε-

225 1107 272 1125 ται
285 1099 313 1125 τὸ
326 1099 397 1125 θεῖον
410 1099 506 1134 ὄνομα,
526 1098 718 1134 ἐπιχειροῦντα
732 1099 759 1125 δὲ
773 1098 862 1132 λέγειν
874 1107 880 1113 ⁸
897 1108 905 1124 t
929 1099 1006 1132 ’Ᾱγια
1018 1113 1020 1115 -

228 1143 318 1179 σθήτω
330 1144 359 1170 τὸ
371 1143 456 1178 ὄνομά
472 1152 518 1169 σου
527 1151 534 1158 ·
550 1153 558 1169 ι
571 1145 617 1170 καὶ
626 1143 671 1170 τοῦ
689 1143 819 1178 τυράννου
835 1143 897 1170 ὄντα
907 1144 1021 1179 δορυφό-

228 1196 276 1224 ρον
297 1189 509 1223 ἐπισημότατον,
534 1188 665 1223 φράζειν·
686 1198 695 1214 ι
721 1188 837 1215 ἘλΘέτω
859 1189 874 1223 ἡ
898 1189 1021 1224 βασιλεία

229 1242 294 1260 σου·
314 1243 323 1260 ι
341 1233 451 1269 ὄφθητι,
467 1233 601 1264 τουτέστι,
617 1234 673 1264 τοῖς
697 1234 926 1268 τυραννουμένοις
943 1233 1020 1268 βασι-

227 1278 289 1311 λεὺς
311 1279 468 1314 νικηφόρος,
495 1278 622 1313 παρέχων
644 1278 693 1314 τὴν
718 1279 790 1304 κατὰ
815 1279 865 1312 τῆς
885 1279 1021 1315 ἁμαρτίας

227 1323 360 1359 ἀήττητον
378 1322 552 1357 συμμαχίαν·
568 1322 645 1348 ἐτιτε
659 1321 742 1357 μηδὲν
761 1318 798 1348 ὧν
819 1321 888 1348 θέλει
910 1322 923 1347 ὁ
944 1321 1020 1353 Θεὸς,

226 1368 472 1403 διαπραττόμενον,
499 1367 694 1403 ὑποκρίνεσθαι
718 1366 828 1402 ἀρετὴν,
846 1368 893 1394 καὶ
915 1367 1020 1401 λέγειν·

231 1423 241 1439 ι
261 1413 407 1448 Γενηθήτω
429 1413 459 1439 τὸ
475 1413 581 1448 Θέλημά
600 1421 658 1445 σου,
677 1413 714 1444 ὡς
733 1413 761 1439 ὲν
783 1412 890 1448 οὐρανῷ
910 1413 956 1439 καὶ
977 1413 1022 1439 ἐπὶ

227 1458 278 1493 τῆς
293 1460 355 1493 γῆς·
373 1467 382 1484 ι
399 1460 489 1493 τρυφῇ
510 1467 539 1484 τε
555 1458 601 1484 καὶ
614 1458 717 1493 ἀσωτίᾳ
728 1458 896 1484 ἐκδεδωκότα
907 1458 1002 1485 ἑαυτόν
1013 1465 1020 1472 ’

227 1503 274 1529 καὶ
286 1502 372 1530 πολλὰ
391 1503 626 1538 προαποθέμενον,
641 1503 671 1529 οὺ
685 1503 764 1538 μόνον
779 1504 819 1534 είς
830 1504 944 1539 τροφὴν,
956 1503 1023 1531 ἀλλὰ

229 1549 276 1575 καὶ
289 1550 328 1581 είς
343 1548 399 1584 (97)
414 1548 639 1584 γαστριμαργίαν
657 1548 760 1583 ἐφόδια,
774 1547 903 1583 εὔχεσθαι
915 1558 921 1564 ·
941 1558 950 1575 ι
972 1549 1023 1575 Τὸν

1070 311 1129 330 eam
1146 303 1249 330 evitare
1264 307 1344 336 atque
1365 301 1481 336 effugere
1501 309 1553 328 non
1571 301 1698 329 valuerit.
1726 302 1780 337 Ego
1796 311 1859 331 vero

1071 349 1097 376 id
1113 349 1224 376 minime
1242 348 1335 376 miror.
1354 347 1447 381 Neque
1468 347 1539 374 enim
1563 347 1621 374 ﬁeri
1635 352 1734 382 potest,
1752 353 1781 375 ιιι
1795 348 1860 375 edu-

1071 393 1126 428 giat
1151 393 1300 420 sceleratus
1334 392 1453 419 divinam
1486 390 1761 419 animadversionem.
1797 392 1860 420 Haec

1070 440 1141 467 enitn
1157 445 1251 465 eorum
1269 437 1374 464 animos
1404 436 1511 469 fallens,
1527 437 1571 472 qui
1594 437 1679 471 ipsam
1701 438 1795 465 fallere
1815 447 1860 465 c0—

1071 485 1215 515 nabantur,
1232 483 1326 515 el'licit,
1341 487 1370 509 ut
1382 483 1501 509 volentes
1510 490 1568 510 eam
1579 483 1724 515 declinare,
1740 484 1766 510 in
1782 491 1859 510 suam

1070 534 1097 556 et
1113 529 1232 564 ipsorum
1250 528 1329 560 retia,
1344 535 1391 562 per
1409 535 1440 554 ea
1460 534 1521 562 qua:
1543 527 1701 561 moliuntur,
1729 529 1858 556 incidant.

1211 583 1307 611 XXIV.
1331 596 1364 603 -ι
1385 581 1537 610 ΕυΤοΝιο
1558 582 1716 611 DIACONO.

1247 629 1281 657 In
1307 630 1452 656 oralionem
1469 629 1635 656 Dominicam
1651 630 1685 657 ⁸⁹.

1107 686 1213 714 Videris
1231 691 1257 713 tu
1273 686 1381 721 quidem
1397 686 1563 720 precationis
1578 685 1724 713 Dominicaa
1739 687 1859 714 brevita-

1071 736 1123 759 tem
1142 732 1246 760 mirari.
1259 731 1315 767 Ego
1336 739 1400 759 vero
1418 739 1479 758 eum
1496 731 1613 758 antehac
1627 739 1734 767 semper
1749 740 1862 760 venera-

1072 781 1114 804 tus
1128 785 1198 808 smn,
1223 782 1278 804 tum
1302 777 1384 804 etiam
1407 783 1477 803 nunc
1494 783 1609 803 veneror
1626 783 1657 803 ac
1673 777 1792 810 suspicio
1819 777 1860 803 in-

1071 822 1228 850 credibilem
1246 822 1272 849 in
1292 821 1424 848 brevitate
1441 820 1587 847 verborum
1609 820 1736 847 latentem
1751 821 1861 854 sapien-

1073 868 1147 895 tiam.
1164 867 1230 894 Nam
1245 867 1352 894 tametsi
1379 866 1521 893 verborum
1545 866 1650 892 illorutn
1676 866 1863 899 pronuntiatio

1072 913 1158 941 facilis
1173 914 1218 946 sit,
1236 920 1330 940 vocum
1350 917 1438 938 tamen
1455 918 1486 938 ac
1503 918 1629 938 sensuum
1645 919 1696 938 non
1716 911 1790 938 item.
1805 911 1862 938 Non

1071 960 1143 987 enim
1158 959 1301 986 verborum
1315 962 1418 984 tantum
1440 957 1603 988 auditorem,
1626 957 1672 984 sed
1695 957 1778 984 etiam
1797 965 1863 991 ope-

1072 1012 1132 1032 rum
1153 1004 1310 1032 elfectorem
1328 1010 1388 1030 esse
1401 1002 1527 1029 convenit
1543 1010 1616 1034 eum,
1642 1002 1686 1037 qui
1716 1007 1787 1029 recte
1803 1010 1863 1029 eam

1071 1050 1186 1077 recitare
1202 1050 1275 1076 velit.
1296 1049 1430 1082 Quocirca
1452 1048 1547 1083 qumvis
1560 1048 1728 1082 superiorem
1750 1048 1861 1075 audacia

1072 1103 1135 1123 eum
1155 1102 1216 1122 esse
1240 1095 1368 1127 arbitror,
1397 1094 1442 1128 qui
1469 1102 1530 1121 cum
1560 1094 1626 1120 nihil
1649 1101 1740 1121 eorum
1769 1093 1862 1126 i'neiat,

1071 1148 1131 1175 qua:
1147 1139 1307 1167 laudabilem
1328 1139 1441 1166 deceant
1455 1138 1548 1171 ﬁlium,
1569 1144 1658 1166 tamen
1672 1138 1745 1165 ausit
1760 1144 1863 1173 patretn

1072 1185 1211 1220 appellare
1229 1185 1352 1211 omnium
1375 1191 1464 1210 rermn
1485 1184 1627 1211 Dominum
1654 1183 1776 1218 :qnique
1802 1191 1863 1210 cum

1072 1239 1103 1258 ea
1121 1235 1193 1265 agat,
1220 1238 1252 1258 ex
1269 1230 1367 1265 quibus
1394 1229 1463 1256 male
1489 1230 1582 1257 audiat
1611 1229 1731 1256 divinttm
1755 1236 1863 1260 nomen,

1073 1277 1164 1304 dicere
1181 1280 1271 1303 tamen
1299 1275 1473 1310 aggrediatur
1490 1284 1496 1302 :
1517 1284 1525 1300 ι
1553 1274 1745 1302 Sanctiilcctur
1766 1281 1864 1301 nomen

1074 1326 1170 1354 tuum;
1189 1330 1198 1347 ι
1222 1325 1250 1348 et
1278 1328 1338 1347 cum
1369 1319 1478 1347 satelles
1505 1319 1672 1347 clarissimus
1697 1319 1732 1346 sit
1749 1318 1862 1349 diaboli.

1073 1368 1117 1401 qni
1137 1366 1309 1401 tyrannidem
1325 1366 1350 1392 in
1368 1373 1452 1400 genus
1470 1366 1619 1393 humanum
1634 1365 1733 1392 invasit
1749 1369 1775 1392 et.
1787 1372 1866 1391 exer-

1074 1418 1127 1445 cet,
1143 1418 1232 1439 tanten
1245 1412 1317 1439 dicat
1332 1421 1339 1439 :
1356 1421 1364 1437 ι
1384 1412 1517 1439 Adveniat
1533 1419 1645 1447 regnum
1669 1415 1763 1444 tuum;
1784 1419 1793 1435 ι
1812 1410 1865 1437 hoc

1074 1463 1116 1486 est
1139 1467 1146 1486 :
1175 1457 1360 1493 Conspiciaris
1387 1457 1529 1493 tyrannide
1551 1456 1687 1491 oppressis
1714 1464 1760 1483 rex
1784 1457 1867 1483 victo-

1076 1505 1177 1536 riosus,
1190 1504 1320 1531 adversus
1334 1508 1475 1538 peccatum
1500 1511 1578 1538 opem
1601 1502 1810 1538 insuperabilem
1827 1502 1867 1529 fe-

1075 1557 1141 1577 rens
1171 1557 1178 1575 :
1201 1553 1346 1585 prmlerea,
1375 1548 1442 1575 nihil
1473 1555 1535 1575 eum
1572 1547 1655 1574 facias
1683 1555 1776 1574 eorum
1804 1554 1867 1581 quae

227 1594 311 1630 ἄρτον
327 1594 406 1630 ἡμῶν
421 1594 467 1621 τὸν
483 1594 620 1621 ἐπιούσιον
637 1594 798 1628 (τουτέστιν,
812 1593 828 1629 ἢ
846 1594 892 1621 τὸν
903 1596 934 1630 τῇ
945 1594 1019 1629 ψυχῇ

1075 1594 1131 1620 vult.
1157 1594 1239 1626 Deus,
1266 1598 1357 1620 tamen
1376 1594 1505 1621 simulare
1521 1593 1660 1625 virtutem,
1684 1600 1715 1620 ac
1739 1593 1832 1619 dicere
1857 1601 1864 1618 :

229 1640 370 1675 ἁρμόδιον,
389 1640 406 1675 ἢ
424 1640 471 1666 τὸν
487 1641 520 1675 τῇ
546 1639 628 1675 σαρκὶ
643 1639 780 1674 αὐτάρκη)
794 1639 837 1671 δὺς
856 1640 921 1674 ἡμῖν
935 1640 1021 1674 σήμε-

230 1692 287 1719 ρον.
301 1694 311 1710 ι
321 1684 357 1711 To
364 1684 419 1720 γὰρ
430 1693 438 1710 ι
454 1685 574 1720 σήμερον
588 1694 597 1710 ι
608 1684 656 1720 τὴν
668 1684 855 1720 καθημερινὴν
865 1684 1021 1720 οἰκονομίαν

230 1730 341 1765 μηνύει.
371 1731 418 1762 El;
441 1731 495 1766 γὰρ
517 1731 567 1766 τὴν
593 1730 748 1766 ἀκροτάτην
774 1730 933 1765 φιλοσοφίαν
953 1731 1022 1763 ἀγα-

229 1777 287 1808 γὼν
303 1774 359 1809 (98)
371 1775 420 1809 τῆς
439 1774 530 1809 ψυχῆς
549 1775 579 1800 τὸ
593 1774 697 1809 νοερὸν,
711 1774 758 1800 καὶ
775 1773 855 1800 αὑτὸν
872 1773 956 1809 ὁρίζει
972 1774 1021 1808 τῆς

229 1820 367 1855 αἰτήσεως
377 1820 421 1846 τὸν
437 1820 544 1855 χρόνον.
556 1819 623 1846 Εἶτα
635 1819 791 1855 ἀμείλικτον
805 1818 868 1845 ὄντα
877 1819 923 1845 καὶ
935 1819 1020 1854 ὠμὸν,

230 1864 337 1898 λέγειν·
362 1865 447 1899 Ἄφες
463 1866 528 1900 ἡμῖν
542 1865 576 1892 τὰ
593 1864 763 1904 ὀφειλήματα
781 1865 858 1900 ἡμῶν
872 1873 878 1880 ·
899 1874 908 1890 ι
927 1873 1024 1900 μνησι-

230 1909 370 1937 κακοῦντα
387 1910 426 1943 δὲ,
443 1911 489 1938 καὶ
509 1911 580 1946 πέρα
594 1910 642 1936 τοῦ
658 1911 759 1946 μέτρου
780 1909 962 1945 ἀμυνόμενον,
980 1910 1023 1936 λέ-

231 1964 308 1990 γειν·
331 1965 340 1982 ι
360 1956 460 1988 Καθὼς
482 1957 529 1983 καὶ
551 1957 632 1991 ἡμεῖς
654 1956 770 1991 ἀφίεμεν
790 1957 846 1987 τοῖς
870 1956 1023 1991 ὀφειλέταις

231 2001 330 2037 ἡμῶν·
347 2011 356 2028 ι
374 2002 419 2028 τὸν
433 2001 455 2028 δ’
469 2002 510 2033 εἰς
526 2001 699 2037 πειρασμοὺς
709 2001 805 2028 ἑαυτὸν
821 2001 961 2037 ρἱτοντα,
976 2003 1024 2029 καὶ

233 2047 324 2073 πᾶσαν
348 2047 468 2082 τεμόντα
485 2048 541 2082 (99)
571 2047 630 2073 ὁδὸν
655 2047 701 2073 ἐπὶ
728 2048 868 2079 κινδύνους
894 2048 1023 2081 ἄγουσαν,

234 2092 366 2128 φράζειν·
386 2102 395 2119 ι
415 2093 460 2127 Μὴ
477 2093 635 2128 εἰσενέγκῃς
658 2093 731 2128 ἡμᾶς
761 2094 800 2125 είς
826 2094 993 2130 πειρασμόν
1013 2103 1022 2119 ι

234 2139 282 2164 καὶ
305 2138 410 2173 γελοῖον
433 2137 500 2166 sive;
528 2138 611 2170 δοκεῖ,
631 2138 730 2174 μᾶλλον
759 2139 787 2165 δὲ
813 2140 1026 2175 ἀγανακτήσεως

233 2183 344 2219 ἁπάσης
360 2183 434 2216 ἄξιόν
448 2184 517 2210 ἐστι.
533 2184 569 2210 Τὺ
582 2183 609 2210 δὲ
622 2184 669 2210 καὶ
688 2184 813 2219 ἀσμένως
829 2184 1027 2212 ἀκολουθοῦντα

233 2229 274 2263 τῷ
291 2229 382 2264 ἔχθρῷ
401 2229 441 2265 (οὐ
457 2229 511 2265 γὰρ
524 2229 579 2265 βία,
599 2229 660 2256 οὐδὲ
683 2230 833 2265 τυραννίδι,
856 2230 913 2257 ἀλλ’
934 2230 1027 2267 ἀπάτῃ

1071 1639 1152 1675 425
1168 1649 1176 1664 ι
1192 1639 1252 1666 Fiat
1267 1639 1388 1666 voluntas
1405 1643 1461 1671 tua,
1478 1644 1507 1666 ut
1522 1639 1548 1666 in
1565 1639 1645 1672 cmlo,
1662 1643 1689 1666 et
1704 1638 1731 1665 in
1749 1642 1837 1671 terra;
1854 1647 1863 1663 ι

1072 1692 1190 1719 cumque
1218 1684 1333 1718 teipsum
1358 1684 1463 1711 deliciis
1488 1692 1520 1711 ac
1542 1684 1616 1712 luxui
1642 1684 1816 1718 manciparis.
1839 1688 1867 1711 et

1073 1730 1155 1758 multa
1172 1738 1224 1757 non
1241 1730 1327 1758 solum
1344 1731 1377 1757 ad
1396 1730 1507 1763 rictum,
1518 1731 1565 1758 sed
1584 1730 1664 1758 etiam
1680 1730 1713 1757 ad
1730 1730 1865 1757 luxuriam

1074 1777 1190 1812 repnsita
1211 1776 1271 1812 jam
1292 1776 1391 1804 habeas
1419 1776 1518 1803 viatica
1541 1776 1618 1809 vitae,
1644 1781 1733 1803 tamen
1759 1783 1863 1803 orare:

1078 1832 1087 1849 ι
1104 1823 1203 1850 Panem
1240 1827 1363 1849 nostrum
1384 1821 1581 1856 quotidianum,
1596 1821 1605 1858 (
1619 1822 1670 1850 hoc
1690 1826 1741 1855 est,
1767 1822 1865 1849 animae

1073 1868 1292 1900 convenientem,
1304 1873 1350 1895 aut
1362 1867 1454 1896 carnis
1467 1868 1658 1896 sustentationi
1672 1867 1863 1901 suﬂicientem)

1075 1915 1107 1942 da
1118 1914 1196 1941 nobis
1211 1913 1300 1941 hodie.
1308 1923 1316 1939 ι
1327 1913 1392 1940 Nam
1403 1913 1533 1948 particula
1542 1922 1551 1939 ι
1564 1914 1654 1946 hodie,
1662 1923 1670 1939 ι
1682 1913 1865 1949 quotidianam

1075 1959 1337 1987 administrationem
1360 1958 1505 1993 signiﬁcat.
1519 1958 1716 1994 Intelligentem
1739 1959 1810 1986 enim
1826 1958 1867 1985 {aq

1076 2005 1204 2033 cullatem
1230 2005 1327 2033 anima:
1352 2006 1378 2032 in
1404 1997 1558 2040 supremam
1583 2005 1781 2040 philosophiam
1804 2011 1867 2039 per-

1076 2052 1191 2084 ducens,
1219 2051 1306 2086 ipsum
1333 2058 1440 2086 quoque
1470 2051 1611 2087 petitionis
1632 2056 1739 2086 tempus
1763 2050 1865 2079 definit.

1076 2098 1116 2125 Ad
1135 2098 1202 2129 haec,
1220 2105 1281 2124 cum
1305 2097 1482 2131 implacabilis
1505 2102 1586 2131 atque
1608 2097 1724 2124 crudelis
1745 2096 1801 2131 ipse
1816 2097 1866 2128 sis,

1078 2143 1169 2170 dicere
1186 2152 1192 2169 :
1212 2150 1221 2167 ι
1238 2142 1356 2169 Remitte
1380 2143 1457 2169 nobis
1479 2142 1570 2169 debita
1593 2146 1707 2174 nostra;
1722 2151 1731 2167 ι
1751 2149 1868 2175 cuutqltc

1079 2188 1211 2215 malorum
1236 2192 1357 2215 tenacem
1382 2195 1474 2216 serves
1502 2188 1676 2221 memoriam,
1705 2192 1732 2215 et
1758 2187 1869 2215 ultionis

1077 2240 1184 2260 omnem
1207 2233 1322 2260 excedas
1351 2233 1474 2264 modum,
1499 2233 1590 2260 dicere
1612 2241 1619 2259 :
1640 2242 1648 2258 ι
1665 2232 1739 2260 Sicut
1769 2236 1796 2259 et
1819 2239 1868 2258 nos

235 2274 419 2311 περιγίνεται)
437 2274 545 2308 λέγειν·
562 2283 571 2300 ι
597 2274 678 2301 Ἀλλὰ
696 2275 776 2310 ῥῦσαι
800 2275 874 2310 ἡμᾶς
899 2275 952 2302 ἀπὸ
978 2276 1022 2302 τοῦ

1080 2277 1246 2304 remittimus
1268 2276 1436 2304 debitoribus
1457 2276 1576 2309 nostris;
1592 2285 1601 2302 ι
1621 2278 1720 2312 quique
1736 2276 1761 2303 in
1780 2281 1867 2303 tenta—

234 2320 367 2356 πονηροῦ.
385 2329 394 2346 ι
415 2321 505 2348 πᾶσαν
520 2320 661 2355 εἰρωνείαν
675 2320 847 2355 ὑπερὸάλλει.
864 2321 901 2347 Τὸ
910 2321 938 2347 δὲ
954 2321 1025 2357 φρά-

236 2365 293 2396 ζειν
312 2365 363 2400 μέν
374 2373 382 2381 ο
403 2375 413 2391 ι
433 2366 494 2392 Ὅτι
513 2365 561 2392 σοῦ
577 2365 650 2391 ἐστιν
664 2365 679 2400 ή
703 2365 836 2400 βασιλεία,
853 2365 900 2392 καὶ
917 2366 933 2400 ἡ
947 2366 1026 2392 δύνα-

238 2418 296 2445 μις,
315 2410 364 2437 καὶ
379 2411 398 2446 ἡ
411 2409 489 2443 δόξα·
510 2419 519 2435 ι
537 2411 718 2446 καταφρονεῖν
735 2410 762 2437 δὲ
779 2410 826 2437 τοῦ
843 2412 933 2437 πᾶσαν
947 2410 1026 2438 δύνα-

273 2486 296 2501 "
308 2486 338 2512 M.
352 2487 401 2512 ιιΙι.
424 2494 460 2519 vr,
474 2488 490 2514 9
508 2495 584 2522 seqq.

1081 2322 1173 2357 tiones
1182 2321 1300 2356 seipsum
1314 2321 1452 2354 conjiciat,
1470 2326 1497 2349 et
1513 2321 1611 2348 nullam
1628 2329 1680 2349 non
1696 2325 1769 2349 secet
1786 2321 1867 2353 viam,

1080 2374 1139 2401 qute
1164 2367 1197 2394 ad
1228 2367 1346 2401 pericula
1368 2367 1458 2399 ducat,
1474 2372 1563 2394 tamen
1581 2367 1653 2395 hunc
1675 2367 1765 2394 dicere
1782 2376 1789 2395 :
1804 2376 1812 2393 ι
1830 2367 1869 2395 Ne

1082 2412 1195 2440 inducas
1212 2420 1262 2441 nos
1280 2413 1306 2440 in
1326 2415 1504 2441 teutationem
1524 2423 1531 2440 :
1548 2423 1558 2440 ι
1579 2414 1605 2442 id
1622 2419 1664 2442 est
1680 2414 1826 2449 ejusmodi,
1841 2420 1869 2441 ut

786 2533 903 2562 VARIzE
929 2534 1124 2564 LECTIONES
1143 2536 1188 2565 ΕΤ
1202 2537 1319 2566 NOTAE.

276 2611 332 2646 (94)
348 2611 456 2639 Confer'
470 2613 551 2647 epist.
570 2612 620 2640 281
640 2612 688 2640 lib.
704 2620 723 2640 ιι
737 2633 744 2644 ,
765 2612 961 2641 Tertulliannm
979 2614 1026 2643 lib.

241 2646 280 2673 De
290 2647 419 2678 oratione,
432 2651 461 2675 et
470 2646 597 2683 Cyprian.
610 2648 674 2675 item
683 2647 878 2684 Theophylact.
889 2650 917 2676 in
929 2649 1026 2677 Matth.

241 2687 263 2708 et
283 2681 345 2708 Luc.
369 2682 452 2708 RI'I‘T.

237 2687 263 2709 et
283 2687 345 2708 an.
369 2687 452 2709 mn.

276 2716 333 2752 (95)
350 2717 419 2744 Hinc
434 2719 572 2752 eleganter
589 2718 771 2745 Tertullianus
793 2719 839 2746 lib.
855 2719 893 2746 De
907 2720 1027 2747 oratione

241 2752 408 2791 breviarinm
425 2753 508 2780 totius
524 2753 661 2789 Evangelii
676 2754 919 2781 vocatOrationem
935 2754 1027 2781 Domi-

242 2794 341 2856 mc(9lil3‘)'
353 2787 413 2850 ιεῗὸ.
432 2823 558 2860 ὑπερφυῆ
573 2824 633 2860 cod.
652 2823 711 2860 Vat.
727 2823 779 2851 650
791 2823 871 2860 habet
885 2824 1024 2860 ὑπερφυᾶ.

241 2863 317 2893 versL
329 2865 387 2891 seq.
409 2858 612 2893 praeimus}.
628 2858 722 2885 scribit
738 2859 819 2891 ἐπαγ.
839 2859 915 2886 Vers.
934 2858 950 2886 5
965 2858 1026 2893 post

243 2891 338 2925 φωνῶν
355 2893 387 2920 ad
402 2901 433 2920 cx
450 2891 508 2919 Val.
523 2893 573 2923 659
588 2893 654 2920 ἀλλὰ
668 2893 716 2928 τῆς
728 2894 838 2929 γνώμης
851 2891 1026 2929 δοκιματῦεὶς

1083 2615 1158 2649 (fort.
1174 2617 1352 2652 δοκιμαστὴς)
1367 2617 1441 2648 Θεός.
1461 2617 1565 2645 Possis.

1119 2651 1176 2712 (97)
1195 2652 1268 2679 Idem
1284 2651 1344 2679 eod.
1370 2657 1457 2679 mutat
1473 2653 1513 2684 είς
1537 2653 1562 2680 in
1586 2653 1655 2688 πρὸς
1671 2656 1733 2679 ante
1749 2659 1867 2686 γαστρι-

1119 2694 1149 2712 ,ο.
1181 2695 1206 2712 ι).

1105 2695 1149 2713 αο.
1169 2695 1206 2713 ID.

1084 2694 1319 2756 μῆέἕίθξυῇὶγαγὼν
1333 2729 1381 2754 της
1395 2721 1484 2756 ψυχῆς
1495 2722 1524 2747 τὸ
1535 2722 1627 2756 νοερόν
1642 2725 1667 2747 et
1679 2728 1739 2754 qua:
1751 2728 1870 2754 sequun-

1082 2760 1126 2782 tur
1149 2763 1235 2790 usque
1262 2757 1295 2782 ad
1311 2755 1449 2790 αἰτήσεως
1465 2755 1606 2786 inclusive,
1633 2756 1670 2782 sic
1698 2755 1815 2782 rescribe
1835 2763 1869 2781 ex

1077 2791 1145 2825 cod.
1158 2791 1219 2817 Val.
1235 2790 1297 2823 6.50,
1324 2793 1468 2825 ἀναγαγὼν
1486 2792 1535 2825 τῆς
1549 2792 1628 2825 εὐχῆξ
1645 2790 1689 2815 τὸν
1702 2791 1775 2825 ὅρον,
1792 2790 1866 2824 φιλο-

1079 2824 1232 2861 σοφώτερον
1239 2827 1286 2852 καὶ
1296 2827 1346 2852 ab:
1356 2835 1377 2851 ιν
1390 2826 1518 2861 συνέτεμε
1529 2826 1579 2859 τῆς
1592 2824 1735 2861 αἰτήσεως.
1747 2825 1783 2852 In.

1113 2861 1169 2897 (99)
1184 2860 1237 2889 Pro
1250 2861 1364 2896 τεμόντα
1378 2862 1439 2896 legit
1456 2862 1524 2888 illClll
1543 2860 1737 2894 ἁκατέμνοντα.
1757 2861 1795 2888 Ιιι.
