4084 6366
383 389 522 456 1075

1575 400 1636 458 S.
1671 397 1963 458 ISlDORI
2003 400 2438 460 PELUSIOTJE

3503 396 3639 461 1076

381 518 487 557 non
521 502 682 558 modo
722 501 912 567 risum,
954 517 1140 558 verum
1185 500 1347 558 etiam
1380 519 1593 560 omnem
1635 507 1956 576 indignatio-

2069 525 2155 576 μιν
2173 510 2444 577 καὶδόξαν
2463 507 2820 580 πηγάζοντος,
2841 507 3170 578 συγγνώμης
3200 504 3402 577 μεῖζον.
3427 506 3638 560 Οὐκοῦν

381 608 505 649 nem
535 604 827 649 mereatur.
866 593 1036 650 Porro
1062 611 1182 650 eum
1211 595 1394 651 volens
1431 597 1710 668 iibensque
1743 599 1952 654 hostem

382 689 595 754 generis
625 687 845 742 humani
880 702 1109 758 sequare
1136 691 1334 761 (neque
1371 692 1515 747 enim
1557 707 1652 760 per
1693 693 1823 758 vim,
1858 708 1954 749 ne-

381 789 488 846 que
517 791 613 846 per
651 778 1012 849 tyrannidem,
1045 784 1140 836 sed
1177 783 1296 836 dolo
1323 798 1388 837 ac
1421 784 1610 838 fraude
1648 785 1816 840 nostri
1852 800 1950 854 po-

383 867 801 937 titur),dicere:
837 887 856 921 ι
887 868 990 925 Sed
1040 871 1206 926 libera
1257 888 1353 927 nos
1393 889 1424 927 a
1471 875 1642 941 malo;
1675 893 1694 926 ›
1739 889 1952 929 omnem

379 967 672 1026 exsuperat
740 959 1067 1020 illusionem.
1131 963 1372 1034 Denique
1439 967 1618 1021 dicere
1675 968 1952 1035 quidem:

389 1067 406 1098 ι
439 1048 574 1115 Quia
605 1059 758 1105 tuum
803 1062 888 1107 est
941 1067 1187 1122 regnum,
1233 1063 1288 1108 et
1325 1056 1565 1124 potentia
1612 1065 1663 1110 et
1705 1055 1895 1124 gloria,
1929 1073 1948 1107 ι

379 1139 474 1194 sed
517 1155 640 1195 eum
673 1142 889 1199 interim
945 1159 1044 1215 pro
1094 1145 1259 1200 nihilo
1304 1155 1518 1215 putare,
1560 1161 1589 1200 a
1628 1161 1735 1216 quo
1780 1145 1956 1200 onmis

380 1231 617 1298 potentia
665 1241 720 1288 et
750 1232 920 1304 gloria
970 1246 1223 1305 tanquam
1266 1251 1333 1290 ex
1376 1236 1524 1291 fonte
1564 1235 1807 1306 proﬂuit,
1851 1235 1958 1291 tale

379 1327 491 1384 est,
541 1330 601 1377 ut
643 1324 800 1377 venia
861 1323 1034 1392 majus
1087 1326 1137 1378 in
1189 1340 1248 1380 se
1292 1327 1494 1381 crimen
1548 1327 1953 1394 complectatur.

380 1406 724 1479 Quapropter
776 1410 854 1465 illi
907 1412 1004 1467 soli
1055 1422 1174 1481 post
1217 1413 1590 1468 admirandum
1639 1414 1811 1480 illum,
1865 1417 1956 1484 qui

381 1498 433 1552 in
477 1499 660 1553 divino
691 1499 1016 1570 baptismate
1048 1504 1292 1574 contigit,
1330 1517 1567 1574 partum,
1603 1514 1656 1559 et
1695 1517 1814 1570 post
1858 1520 1958 1558 no-

385 1603 504 1643 vam
540 1604 603 1644 ac
633 1593 973 1662 peregrinam
1005 1595 1412 1664 puerperiorum
1445 1593 1637 1663 legem,
1667 1597 1803 1650 hanc
1838 1611 1960 1652 ora-

382 1679 579 1735 tionem
621 1681 722 1737 rite
756 1697 820 1738 ac
855 1682 981 1751 jure
1027 1687 1259 1740 recitare
1297 1692 1606 1752 potuerunt,
1645 1686 1807 1741 Deum
1852 1687 1958 1742 Pa-

381 1775 518 1824 trem
566 1773 914 1842 appellantes,
949 1776 1038 1844 qui
1087 1775 1315 1831 ﬁliorutn
1367 1791 1676 1846 germanam
1726 1777 1957 1833 indolem

2063 601 2259 655 ἐκεῖνοι
2300 602 2377 672 (Ι)
2433 601 2581 672 μόνοι
2633 603 2770 672 μετά
2801 603 2900 664 τὰς
2943 599 3280 669 θαυμασίους
3314 597 3510 659 ὠδῖνας
3538 597 3638 661 τὰς

2063 690 2217 761 ἐντῷ
2239 691 2368 762 θείῳ
2401 691 2762 761 βαπτίσματι,
2796 689 2996 743 καὶτὸν
3029 688 3176 752 ξένον
3210 688 3306 740 καὶ
3338 685 3639 756 παράδοξον

2063 779 2412 851 λοχευμάτων
2435 781 2620 851 νόμον,
2647 781 2843 833 δίκαιοι
2859 778 2924 833 ἂν
2953 775 3063 832 ε’ίεν
3079 779 3139 830 rb
3163 797 3182 829 ι
3208 778 3392 846 Πάτερ
3434 775 3592 846 ἡμῶν
3615 795 3634 828 ι

2061 871 2258 938 λέγειν,
2310 872 2441 927 υἱῶν
2492 872 2928 942 ἐπιδεικνύμενοι
2981 870 3344 940 γνειισιότητα⁸
3398 869 3492 921 καὶ
3554 867 3637 932 rb,

2067 954 2090 1014 ἱ
2129 963 2475 1035 Ἁγιασθήτω
2513 964 2574 1016 rb
2601 950 2772 1033 ὀνομά
2812 980 2927 1026 σου,
2965 981 2984 1014 ι
3025 963 3074 1014 οί
3120 961 3287 1030 μηδὲν
3313 959 3503 1028 ἐναγὲς
3522 961 3640 1013 δια-

2064 1055 2465 1124 πραττόμενοι·
2501 1055 2594 1108 καὶ
2634 1054 2714 1118 rb,
2754 1071 2774 1104 ι
2817 1052 3112 1120 Ἐλθέτωή
3165 1051 3410 1120 βασιλεία
3445 1067 3561 1113 σου,
3615 1068 3635 1103 ι

2063 1145 2110 1195 οἱ
2150 1144 2445 1212 φεύγοντες
2487 1143 2559 1196 τά
2603 1142 2682 1212 τῷ
2717 1142 2964 1213 τυράννῳ
2999 1141 3194 1212 ἡδονὴν
3239 1141 3517 1194 τίκτοντα·
3550 1141 3643 1194 καὶ

2064 1231 2142 1295 rb,
2180 1250 2198 1282 ι
2237 1231 2524 1302 Γενηθήτω
2539 1231 2599 1284 rb
2617 1230 2832 1300 θέλημά
2862 1245 2978 1293 σου,
3005 1248 3023 1281 ι
3058 1229 3108 1281 οἱ
3138 1226 3226 1281 διὰ
3255 1227 3364 1280 τῶν
3393 1227 3643 1297 πράξεων

2064 1320 2230 1374 τοῦτο.
2254 1321 2542 1391 δηλοῦντες
2561 1339 2574 1354 ⁸
2605 1322 2720 1384 καὶ,
2769 1339 2787 1371 ι
2820 1321 2921 1373 Τὸν
2951 1321 3114 1389 ἄρτον
3143 1319 3232 1372 rbv
3260 1317 3535 1372 ἐπιούσιον
3556 1317 3644 1381 δὸς

2063 1413 2197 1481 ἡμῖν
2227 1413 2486 1482 σήμερον,
2523 1431 2540 1464 ι
2575 1414 2625 1465 οί
2663 1413 2900 1481 τρυφαῖς
2927 1411 3022 1463 καὶ
3065 1411 3326 1473 ἀσωτίαις
3355 1408 3646 1461 ἀποταττό-

2069 1519 2258 1572 μενοι·
2287 1502 2383 1556 καὶ
2403 1502 2485 1567 rb,
2527 1521 2543 1554 ι
2584 1503 2755 1572 Ἀφες
2784 1504 2918 1572 ἡμῖν
2947 1501 3018 1555 τὰ
3051 1503 3393 1572 ὀφειλήματα
3413 1500 3589 1571 ὴμῶν,
3621 1519 3639 1551 ι

2065 1594 2114 1646 oi
2145 1596 2260 1656 τοῖς
2291 1596 2371 1658 είς
2400 1593 2597 1657 αὐτοὺς
2619 1595 2883 1648 πταίσασι
2908 1592 3407 1660 συγγινώσκοντες·
3445 1591 3540 1644 καὶ
3561 1589 3643 1654 rb,

2072 1703 2092 1736 ι
2141 1684 2232 1756 Μὴ
2282 1684 2599 1756 εἰσενέγκῃς
2645 1685 2794 1755 ἡμᾶς
2841 1685 2922 1747 είς
2965 1682 3287 1753 πειρασμὸν,
3337 1698 3356 1732 ι
3407 1681 3456 1732 oi
3508 1679 3646 1750 μήτε

2068 1774 2296 1837 ἑαυτοὺς
2329 1775 2466 1845 μήτε
2488 1773 2681 1838 ἀλλους
2707 1776 2784 1837 είς
2808 1772 2996 1826 τοῦτον
3029 1771 3389 1842 ἐμϐάλλοντες
3409 1785 3423 1800 ⁸
3451 1769 3546 1822 καὶ
3564 1768 3644 1834 rb,

379 1861 690 1917 ostendunt.
731 1860 810 1918 llli
839 1873 1090 1933 poterunt
1117 1866 1300 1921 dicere
1333 1885 1345 1920 :
1389 1886 1407 1917 ι
1442 1867 1823 1922 Sanctilicetur
1864 1885 1959 1924 no-

2069 1883 2086 1916 ι
2135 1862 2322 1918 Ῥὗσαι
2360 1865 2508 1936 ἡμᾶς
2554 1865 2662 1918 ἀπὸ
2689 1864 2782 1918 τοῦ
2817 1863 3080 1934 πονηροῦ,
3117 1882 3134 1914 ι
3168 1863 3218 1916 οί
3254 1861 3393 1932 πρὸς
3425 1861 3514 1913 τὸν
3545 1861 3650 1912 Σα-

381 1962 500 2002 men
533 1957 701 2017 tuum,
739 1969 756 2003 ι
794 1953 884 2021 qui
915 1953 1047 2007 nihil
1078 1954 1326 2009 scelerati
1355 1956 1740 2025 committunt;
1773 1956 1873 2021 illi,
1907 1965 1962 2012 et

2069 1957 2230 2009 τανᾶν
2276 1956 2542 2010 ἄσπονδον
2579 1956 2795 2027 ἔχοντες
2825 1959 2925 2027 τὴν
2973 1957 3187 2026 μάχην»
3220 1953 3316 2008 καὶ
3344 1953 3425 2015 rb,
3462 1970 3482 2004 ι
3526 1951 3648 2004 Ὅτι

381 2039 482 2094 hoc
518 2057 532 2095 :
563 2059 582 2092 ι
612 2041 881 2098 Adveniat
906 2059 1128 2116 regnum
1161 2054 1329 2113 tuum,
1361 2065 1379 2098 ι
1407 2048 1497 2116 qui
1526 2063 1587 2102 ea
1615 2048 1823 2118 fugiunt
1845 2065 1963 2118 qua:

378 2137 612 2198 tyranno
644 2132 974 2202 voluptatem
1009 2136 1249 2204 pariunt;
1286 2137 1360 2191 illi
1408 2146 1462 2192 et
1502 2138 1623 2205 hoc,
1663 2155 1682 2188 ι
1716 2137 1839 2192 Fiat
1866 2153 1962 2194 vo-

378 2216 559 2274 luntas
593 2229 705 2286 tua,
739 2239 760 2274 ι
808 2222 898 2292 qui
937 2224 1070 2293 ipsis
1116 2226 1277 2282 factis
1319 2227 1422 2283 hoe
1467 2243 1526 2284 se
1568 2243 1790 2298 operam
1832 2229 1962 2284 dare

377 2308 684 2380 declarant;
730 2314 805 2369 illi
841 2317 1026 2383 etiam,
1065 2337 1083 2370 ι
1117 2317 1316 2373 Panem
1351 2320 1724 2389 quotidianum
1761 2322 1826 2376 da
1862 2337 1963 2377 no-

377 2401 461 2457 bis
497 2403 676 2471 hodie,
709 2424 730 2458 s
765 2407 855 2476 qui
895 2408 1042 2462 luxui
1089 2424 1154 2464 ac
1189 2411 1398 2466 deliciis
1439 2413 1689 2467 nuntium
1733 2415 1960 2469 remisc-

2062 2045 2157 2099 σοῦ
2189 2048 2336 2102 ἐστιν
2362 2049 2394 2117 ἡ
2421 2047 2670 2118 βασιλεία
2701 2046 2796 2100 καὶ
2822 2048 2855 2117 ὴ
2887 2047 3141 2115 δύναμις,
3174 2045 3270 2098 καὶ
3299 2046 3331 2114 ἡ
3366 2043 3515 2108 δόξα,
3547 2059 3568 2094 ι
3596 2041 3648 2094 oi

2062 2139 2359 2209 τρέμοντες
2385 2139 2549 2194 αὑτοῦ
2576 2139 2703 2204 τοὺς
2733 2139 2947 2207 λόγους,
2981 2141 3074 2192 καὶ
3094 2138 3278 2208 ἔργοις
3307 2137 3505 2199 αὐτοὺς
3529 2135 3650 2187 ἐπι-

2064 2231 2428 2303 δεικνύμενοι.
2458 2234 2532 2287 Ού
2564 2232 2674 2302 γὰρ
2701 2230 2957 2285 τοσοῦτον
2988 2232 3231 2297 πέφυκεν
3264 2228 3448 2282 ἀνύειν
3488 2227 3522 2296 ἠ
3551 2225 3649 2296 τῆς
3680 2280 3692 2290 ρ

2067 2323 2236 2394 εὐχῆς
2266 2325 2569 2394 ἐπιστήμη,
2601 2324 2724 2378 ὅσον
2753 2326 2782 2377 ὀ
2814 2323 3011 2392 τρόπος
3044 2322 3138 2376 καὶ
3172 2323 3199 2373 ὀ
3227 2319 3342 2390 βίος
3374 2317 3468 2370 τοῦ
3498 2317 3646 2386 εὖχο-

2071 2416 2259 2486 μένου.

376 2504 544 2562 runt;
585 2497 659 2551 illi
690 2507 746 2554 et
777 2499 901 2566 hoc,
939 2521 957 2553 ι
987 2501 1226 2558 Rennitte
1258 2505 1412 2559 nobis
1454 2506 1638 2560 debita
1681 2517 1891 2572 nostra,
1925 2528 1942 2562 ι
1990 2512 2079 2577 qui
2147 2511 2361 2566 veniam
2403 2509 2471 2566 iis
2511 2509 2770 2574 tribuunt,
2814 2507 2904 2578 qui
2951 2507 3003 2561 in
3051 2507 3196 2576 ipsos
3255 2505 3643 2572 deliquerunt;

380 2587 456 2642 illi
493 2599 548 2643 et
578 2591 706 2658 hoc,
743 2609 762 2644 ι
795 2591 871 2648 Ne
914 2595 1140 2652 inducas
1187 2614 1284 2653 nos
1331 2601 1383 2654 in
1419 2602 1795 2667 tentationem,
1830 2622 1847 2654 ι
1883 2584 1974 2674 qui
2015 2619 2192 2675 neque
2229 2605 2576 2675 semetipsos,
2623 2619 2799 2673 neqne
2830 2602 2964 2658 alios
2999 2602 3050 2655 in
3096 2601 3235 2655 hanc
3298 2598 3591 2668 conjiciunt
3630 2613 3647 2662 ;

379 2675 454 2730 illi
496 2684 550 2730 et
588 2677 710 2745 hoc,
753 2697 771 2730 ι
803 2678 996 2736 Libera
1047 2698 1200 2738 nosa
1227 2686 1386 2752 malo,
1419 2705 1436 2738 ι
1473 2689 1562 2756 qui
1597 2704 1718 2744 cum
1761 2690 1963 2746 Satana
2007 2703 2327 2764 perpetuum
2376 2705 2432 2748 et
2481 2692 2933 2750 irreconciliabile
2987 2699 3183 2760 gerunt
3261 2690 3498 2754 bellum;
3569 2687 3644 2758 illi

381 2768 614 2838 denique
642 2785 772 2827 vere
805 2774 987 2828 dicere
1024 2783 1298 2844 poterunt,
1339 2796 1358 2829 ‹
1389 2777 1522 2844 Quia
1557 2788 1705 2834 tuum
1755 2790 1839 2836 est
1873 2797 2120 2852 regnum,
2157 2793 2212 2839 et
2242 2785 2480 2854 potentia
2522 2795 2577 2839 et
2615 2784 2805 2854 gloria,
2875 2801 2893 2836 ι
2932 2784 3026 2852 qui
3101 2781 3170 2837 ad
3238 2781 3408 2850 ipsius
3475 2781 3641 2836 verba

381 2860 830 2925 contremiscunt,
883 2878 1054 2932 eaque
1096 2881 1155 2919 re
1193 2875 1246 2918 et
1281 2882 1446 2936 opere
1490 2872 1803 2925 ostendunt.
1855 2871 1970 2927 Non
2011 2875 2156 2930 enim
2205 2883 2414 2930 tantum
2461 2875 2676 2932 elIlcere
2722 2875 2863 2930 valet
2915 2874 3030 2944 ipsa
3103 2873 3264 2942 hujus
3308 2873 3642 2944 precationis

383 2950 600 3015 netitia,
633 2960 892 3021 quantum
927 2970 1106 3010 mores
1137 2965 1191 3011 et
1223 2957 1332 3012 vita
1365 2961 1660 3026 precantis.

466 3081 635 3156 426
660 3083 829 3140 XXV.
859 3115 930 3127 —
962 3086 1352 3146 ATHANASIO
1392 3090 1874 3152 PRESBYTERO.

381 3194 641 3276 In‘illud
693 3198 916 3266 (Christi
959 3201 1203 3276 dictam),
1247 3221 1277 3276 «γ
1303 3203 1444 3269 Quid
1491 3216 1666 3260 autem
1710 3210 1967 3276 conspicis

452 3268 731 3335 festucam,
779 3287 897 3340 qua:
941 3281 1018 3325 est
1063 3273 1119 3326 in
1160 3268 1334 3326 oculo
1364 3277 1551 3342 fratris
1593 3278 1710 3342 tui,-
1765 3268 1967 3336 trabem

451 3349 651 3406 autem,
674 3355 792 3409 qua;-
812 3350 887 3394 εει
913 3342 966 3396 in
997 3343 1146 3397 oculo
1171 3355 1284 3410 mo,
1310 3360 1414 3399 non
1441 3348 1814 3403 animadvertis
1833 3350 1919 3404 ὀἳ
1942 3370 1962 3406 ι

455 3486 758 3544 Commune
792 3490 898 3547 hoc
941 3507 1071 3548 sane
1101 3495 1302 3548 malum
1346 3510 1467 3552 esse
1499 3497 1738 3566 videtur,
1780 3506 1839 3556 ut
1871 3500 1968 3557 ho-

383 3579 561 3635 mines
607 3596 714 3636 non
782 3582 955 3637 solum
1017 3584 1070 3638 in
1137 3587 1301 3642 rebus
1365 3590 1601 3656 propriis
1656 3593 1967 3657 caecutiant,

383 3671 755 3738 proximorum
789 3683 967 3727 autem
998 3674 1190 3730 delicta
1224 3687 1382 3732 acute
1409 3691 1653 3744 cernant,
1681 3682 1774 3737 sed
1807 3683 1968 3738 etiam

383 3762 488 3816 sibi
513 3762 646 3832 ipsis
660 3764 879 3831 quidem
905 3768 1283 3822 excusationes
1309 3768 1758 3841 defensionesque
1780 3788 1971 3842 quam-

385 3852 517 3908 libet
567 3855 765 3909 invitas
833 3867 1148 3924 arcessant,
1209 3861 1508 3916 alienorum
1561 3873 1736 3919 autem
1791 3866 1972 3920 acerbi

386 3953 552 4014 atque
598 3945 960 4003 inexorabiles
1007 3949 1230 4004 sedeant
1273 3951 1504 4018 iudices.
1556 3953 1658 4020 Qui
1709 3970 1837 4010 vero
1889 3957 1974 4011 sui

385 4035 626 4105 ipsorum
663 4053 903 4093 amorem
939 4055 1124 4095 revera
1158 4043 1545 4112 deposuerunt,
1573 4055 1626 4100 et
1662 4047 1741 4102 sic
1783 4048 1973 4103 existi-

387 4139 538 4182 mant
583 4128 849 4198 justitiam
893 4131 1141 4188 obtinere
1183 4145 1452 4201 Oportere,
1497 4139 1744 4192 eumdem
1781 4140 1973 4194 adver-

387 4233 480 4274 sus
513 4234 572 4274 se
612 4219 780 4289 ipsos,
815 4223 859 4277 si
899 4225 1116 4293 quando
1146 4227 1444 4294 peccarint,
1477 4227 1659 4283 ferunt
1685 4229 1974 4295 calculum,

2295 3097 2428 3154 KE'.
2468 3129 2539 3142 —
2567 3099 2907 3170 ΔΘΑΝΑΣΙῼ
2955 3097 3420 3168 ΠΡΕΣΒΥΤΕΡῼ.

2065 3214 2169 3280 Είς
2218 3213 2326 3267 τό·
2363 3231 2382 3265 ι
2433 3215 2494 3268 Τί
2541 3213 2609 3266 δὲ
2652 3212 2910 3277 ,βλέπεις
2967 3209 3032 3264 τὸ
3083 3209 3316 3277 κάρφος
3351 3207 3419 3260 τὸ
3467 3207 3538 3287 ἐξ
3574 3206 3655 3287 ni)

2141 3280 2426 3343 ὀφθαλμῷ
2459 3281 2564 3336 τοῦ
2593 3281 2862 3343 ἀδελφοῦ
2905 3295 3045 3341 σου.
3085 3279 3201 3343 τὴν
3241 3279 3310 3332 δὲ
3351 3278 3422 3332 ἐν
3459 3295 3540 3343 τῳ
3564 3292 3656 3343 σῳ

2143 3298 2426 3353 οφθαλμῳ
2459 3299 2564 3336 του
2593 3298 2862 3350 ασεκφου
2905 3298 3190 3360 σθω-την

2143 3354 2432 3423 ὀφθαλμῷ
2470 3353 2656 3407 δοκὸν
2676 3354 2748 3406 οὺ
2787 3365 3139 3414 κατανοεις;
3170 3368 3190 3402 ι

2146 3504 2340 3559 Κοινδν
2385 3504 2484 3576 μὲν
2527 3502 2699 3567 πάθος
2747 3500 2887 3555 εῖναι
2930 3501 3098 3564 δοκεῖ,
3133 3499 3196 3553 ού
3260 3497 3422 3568 μόνον
3453 3496 3515 3550 rb
3563 3512 3660 3548 τυ·

2074 3597 2337 3666 φλώττειν
2389 3596 2487 3666 μέν
2531 3595 2659 3666 περὶ
2691 3593 2758 3647 τὰ
2792 3593 2921 3656 ἴδια,
2963 3591 3130 3656 ὀξέως
3165 3590 3208 3643 δ’
3244 3591 3376 3660 ὀρᾷν
3442 3587 3509 3642 τὰ
3548 3588 3657 3641 τῶν

2073 3686 2244 3748 πέλας
2263 3684 2600 3755 πταίσματα,
2629 3681 2764 3736 ἀλλά
2782 3682 2876 3736 καὶ
2893 3682 2952 3734 rb
2970 3683 3185 3743 ἑαυτοῖς
3205 3679 3304 3749 μέν
3327 3679 3420 3732 καὶ
3439 3679 3536 3741 τὰς
3558 3678 3658 3730 ούκ

2074 3769 2238 3836 οὔσας
2273 3773 2348 3842 (‘3)
2376 3771 2674 3838 ἀπολογίας
2701 3769 3039 3841 πορίζεσθαι,
3073 3769 3132 3822 rb
3161 3769 3206 3821 δ’
3240 3768 3539 3839 ἀλλοτρίων
3574 3767 3652 3839 (5)

2078 3864 2265 3936 πικροὶ
2297 3865 2390 3918 καί
2423 3863 2792 3934 ἀπαραίτητοι
2821 3862 3091 3933 καθῆσθαι
3116 3861 3388 3914 δικασταί.
3417 3861 3479 3912 Οἱ
3505 3860 3560 3913 δὲ
3583 3859 3661 3931 τῷ

2077 3956 2190 4010 ὀντι
2216 3955 2502 4026 φιλαυτίας
2532 3951 2966 4022 ἀπηλλαγμένοι,
3001 3952 3096 4003 καὶ
3113 3951 3173 4003 rb
3198 3951 3402 4003 δίκαιον
3426 3949 3660 4018 οίόμενοι

2077 4048 2186 4100 δεῖν
2219 4048 2459 4117 κρατεῖν,
2483 4045 2580 4116 τὴν
2609 4043 2777 4114 αὐτὴν
2809 4043 3034 4112 φέρουσι
3067 4043 3187 4096 καθ’
3229 4041 3438 4095 ἑαυτῶν
3477 4041 3660 4108 ἀμαρ-

2079 4137 2331 4197 τάνοντες
2351 4132 2548 4203 ψῆφον,
2576 4131 2752 4203 ἥνπερ
2783 4130 2848 4184 ἂν
2875 4131 2968 4183 καὶ
3012 4129 3154 4182 κατὰ
3187 4128 3294 4181 τῶν
3323 4125 3490 4188 πέλας
3513 4123 3664 4190 ἐνέγ-

2080 4243 2226 4280 κοιεν
2249 4242 2263 4256 ο
2301 4224 2394 4278 καὶ
2430 4222 2631 4292 μᾶλλον
2657 4222 2887 4283 ἑαυτοὺς
2920 4219 3010 4274 διὰ
3039 4221 3138 4289 τῆς
3179 4217 3470 4290 μετανοίας
3501 4212 3665 4268 κολά-

386 4326 548 4381 quem
597 4314 762 4369 etiam
811 4327 1000 4370 contra
1043 4321 1321 4388 proximos
1376 4320 1612 4385 ferrent;
1661 4321 1768 4376 imo
1815 4322 1868 4376 in
1919 4338 1962 4378 ει

2085 4318 2258 4381 ζουσι,
2277 4313 2366 4367 rbv
2384 4313 2682 4367 ἀκόλαστον
2711 4310 2932 4381 ὀλεθρον
2955 4309 3152 4373 ειδότες
3178 4310 3304 4380 (5⁸).
3337 4307 3430 4370 Εἰς
3457 4306 3665 4377 ταύτην

381 4406 534 4472 ipsos
569 4419 668 4474 per
703 4408 1078 4474 paenitentiam
1109 4409 1298 4465 durius
1345 4411 1804 4478 animadvertunt,
1851 4429 1962 4467 cun:

2084 4407 2194 4477 γὰρ
2219 4406 2365 4477 ἡμᾶς
2391 4404 2491 4474 τὴν
2531 4402 2732 4474 ἀκρισῆ
2777 4402 3009 4472 βάσανον
3038 4399 3325 4472 ἐμϐάλλων
3349 4400 3375 4451 ὀ
3401 4396 3660 4468 Χριστὸς,

388 4497 584 4562 sciant,
628 4498 677 4552 ei
714 4499 802 4569 qui
840 4501 1017 4570 pinnis
1060 4517 1166 4556 non
1216 4503 1553 4570 emendetur,
1601 4503 1826 4558 exitium
1871 4504 1973 4558 im-

387 4591 642 4657 pendere.
694 4589 754 4645 ln
806 4592 907 4648 hoc
944 4593 1109 4663 igitur
1153 4604 1464 4650 accuratum
1504 4609 1729 4649 examen
1773 4595 1976 4649 immit-

392 4689 512 4735 lens
554 4697 652 4738 nos
690 4682 965 4747 Christus,
1009 4683 1187 4739 dixit:
1227 4704 1245 4736 ι
1276 4686 1414 4751 Quid
1441 4686 1591 4742 vides
1622 4687 1881 4741 festucam
1915 4685 1968 4739 in

386 4770 544 4823 oculo
575 4768 762 4825 fratris
800 4771 906 4837 tui;
938 4773 1146 4829 trabem
1191 4783 1391 4841 autem,
1435 4790 1555 4846 quae
1603 4775 1656 4830 in
1687 4774 1844 4829 oculo
1878 4782 1968 4828 tuo

2083 4499 2219 4569 ἔφη·
2259 4519 2276 4549 ι
2306 4497 2371 4550 Τί
2402 4496 2622 4567 βλέπεις
2656 4496 2718 4548 rb
2753 4495 2965 4566 κάρφος
3001 4493 3062 4546 rb
3086 4493 3142 4546 ἐν
3165 4491 3242 4562 τῷ
3279 4488 3542 4559 ὀφθαλμῷ
3568 4487 3662 4541 τοῦ

2084 4587 2312 4657 ἀδελφοῦ
2351 4602 2478 4639 σου·
2529 4585 2626 4657 τὴν
2671 4584 2728 4638 δὲ
2771 4587 2828 4638 ἐν
2869 4583 2947 4654 τῷ
2979 4583 3056 4654 σῷ
3100 4578 3361 4657 ὀφθαλμῷ
3400 4576 3554 4630 δοκὸν
3600 4575 3661 4626 ού

2083 4680 2399 4744 κατανοεῖς;
2445 4696 2463 4729 ι
2498 4677 2572 4730 Οὐ
2605 4675 2714 4746 γὰρ
2744 4675 3014 4746 προσήκει
3057 4672 3164 4726 τῶν
3196 4669 3371 4723 ἄλλων
3401 4663 3542 4720 εἶναι
3573 4680 3661 4717 πι-

2081 4771 2212 4842 κρὸν
2252 4768 2514 4840 δικαστὴν
2546 4767 2638 4822 τὸν
2663 4766 2732 4820 τὰ
2763 4767 2940 4820 οἰκεῖα
2967 4761 3317 4836 παρορῶντα.

386 4870 490 4924 est,
522 4876 628 4915 non
673 4862 1104 4921 animadvertis?
1133 4885 1152 4918 ι
1191 4865 1376 4935 Neque
1408 4868 1555 4923 enim
1609 4867 1880 4932 convenit,
1913 4873 1972 4920 ut
2012 4864 2241 4919 aliorum
2271 4861 2498 4917 acerbus
2563 4859 2632 4915 sit
2664 4857 2855 4930 judex,
2897 4857 2988 4926 qui
3021 4852 3242 4926 propria
3275 4846 3499 4921 (errata)
3566 4857 3663 4899 ne-

385 4952 558 5023 gligit.

453 5131 500 5164 “
514 5131 646 5187 Luc.
683 5133 866 5202 v5“.

1490 5309 1722 5364 VARhE
1753 5305 2140 5366 LECTIONES
2185 5306 2270 5362 ΕΤ
2312 5302 2548 5362 ΝΟΤΕ.

459 5486 534 5556 (Ι)
565 5485 710 5542 inter
739 5487 940 5539 ἐκεῖνοι
970 5491 1022 5556 et
1056 5482 1203 5552 μόνοι
1225 5481 1519 5556 ῑιΙιξιιιποοιΙ.
1543 5486 1733 5540 inserit
1761 5502 1872 5554 μοι,
1909 5493 1963 5539 et

389 5551 530 5626 vers.
577 5567 698 5626 post
742 5557 942 5619 tertio,
978 5551 1118 5608 inter
1165 5551 1484 5624 παραδόξων
1516 5565 1568 5610 et
1615 5551 1966 5626 λοχευμάτων

392 5625 606 5681 inlindit
638 5627 766 5682 τῶν.
807 5626 1018 5680 Possm.

464 5697 540 5762 (εἰ)
583 5695 682 5753 ΕιΙ.
715 5696 915 5756 Paris,
947 5695 1208 5757 ἀκούσας.
1241 5692 1403 5762 Eutr.

468 5765 544 5835 (5)
573 5765 679 5823 Pro
705 5768 762 5821 rb
792 5768 834 5820 δ’
863 5766 1160 5834 ἀλλοτρίων
1200 5765 1319 5820 cod.
1353 5761 1475 5821 Val.
1509 5766 1634 5835 legit
1665 5766 1776 5818 τῶν·
1798 5768 1840 5820 δ’
1872 5765 1967 5818 ἀλ-

2072 5481 2569 5555 λοτρίωνΡΟινιειῌ.
2627 5547 2641 5555 _
2725 5546 2769 5555 __
2848 5544 2898 5555 Η

2141 5537 2236 5621 (3-)
2266 5551 2371 5604 Pro
2399 5551 2489 5603 τὸν
2523 5547 2676 5602 ἀκολ.
2723 5546 2804 5621 ιλ,
2848 5544 2988 5600 idem
3025 5542 3214 5621 scribit
3249 5540 3320 5621 rb_
3357 5537 3656 5621 ἀκόλαστον

2069 5608 2312 5741 ὀλέθρίἓῖ
2361 5630 2608 5744 et'vers.
2639 5617 2848 5689 penult.
2884 5631 2969 5687 ep.
3007 5630 3106 5686 pro
3136 5612 3244 5666 τῶν
3290 5609 3465 5665 ἄλλων
3498 5608 3660 5662 habet

2069 5710 2173 5744 των
2213 5711 2276 5744 π..
2303 5709 2395 5744 ας.
2463 5707 2511 5744 Do

2066 5710 2173 5746 των
2213 5707 2395 5754 πελας.
2439 5707 2511 5744 ID.
