4084 6360
371 361 506 425 1079

1578 365 1641 424 S.
1683 364 1983 426 ISIDORI
2024 366 2474 428 PELUSIOT/E

3509 332 3644 430 ιιιεο

369 474 762 538 desiderabat.)
793 473 976 529 Primo
1005 477 1220 546 quidem
1252 491 1372 531 cum
1412 493 1518 532 non
1554 477 1796 533 dedisset
1819 493 1950 548 ope-

2076 498 2209 534 ρατο.
2238 481 2301 533 Εἰ
2327 481 2437 552 γάρ
2466 482 2561 536 καὶ
2594 481 2692 545 τὰς
2717 482 2986 551 εὐλογίας,
3019 482 3084 544 ἃς
3110 479 3412 552 πέπρακεν,
3444 483 3645 535 ἀνακο-

373 583 486 620 ram
533 567 740 635 virtuti,
772 578 826 624 et
869 578 1049 623 tamen
1089 569 1520 624 benedictionem
1556 572 1700 626 velut
1731 573 1953 628 heredi-

372 663 484 708 tate
526 668 721 726 capere
754 657 1032 721 voluisset,
1074 673 1177 726 qua
1213 673 1269 712 se
1303 660 1578 726 indignum
1607 661 1948 728 praabuerat;

371 745 566 801 deinde
627 761 755 802 vero
807 763 928 801 cum
979 750 1143 803 etiam
1201 748 1252 802 id
1303 753 1543 804 tuum-ris
1583 749 1947 814 vendidisset;

2066 568 2331 640 μισασοαι
2352 569 2450 640 οὐχ
2477 564 2587 634 οἷός
2618 574 2664 624 τ’
2695 567 2784 642 ἦν,
2823 571 2936 625 ἀλλ’
2975 567 3069 625 οὖν
3096 587 3158 640 γε
3192 570 3372 632 ἄλλοις
3409 570 3475 623 ἀν
3517 586 3642 622 σεε-

2065 659 2257 728 φάνοις
2297 660 2577 732 ἐκοσμήθη
2601 675 2614 691 ·
2642 664 2736 714 καὶ
2767 661 2982 732 πρῶτον
3009 661 3110 732 μὲν
3140 660 3218 732 τῷ
3243 656 3335 714 τὸν
3359 660 3491 713 Θεὸν
3516 661 3644 714 ἵλεω

2063 749 2230 819 ἔχειν.
2278 751 2500 822 Ἐπειδὴ
2531 752 2587 805 δέ
2617 753 2818 823 ἀρετῆς
2851 753 2948 823 μὲν
2982 753 3083 806 οὐκ
3116 751 3452 822 ἐφρόντιζεν,
3491 751 3646 804 εὐλοι-

375 837 532 890 tertio
561 837 720 891 etiam
750 853 778 892 a
810 847 1052 909 tempore
1082 840 1274 894 merito
1298 841 1546 894 exclusus
1577 839 1783 894 fuisset.
1816 838 1954 894 Nam

2076 841 2192 907 (ιῶν
2237 841 2282 894 δ’
2307 843 2645 895 ἀντεποιεῖτο
2682 843 2790 896 τῶν
2839 845 2904 914 τῇ
2954 843 3120 914 ἀρετῇ
3163 840 3644 912 χρεωστουμένων,

370 924 416 978 si
450 941 636 980 revera
688 942 750 983 ac
795 931 937 984 serio
979 931 1352 1000 pceniteutiatn
1397 931 1614 1001 egisset,
1659 918 1953 1000 ethpriores

2076 932 2283 996 ;ῐκότως
2315 932 2605 1001 ἀπέτυχεν.

389 1029 552 1085 apsus
612 1032 803 1072 omnes
861 1019 1146 1088 posteriori
1207 1020 1530 1074 strenuitate
1586 1019 1954 1084 correxisset.
2001 1036 2108 1075 non
2153 1020 2345 1076 fuisset
2396 1035 2424 1074 a
2491 1022 2601 1076 Deo
2656 1021 2952 1090 neglectus.
3027 1021 3186 1076 Dives
3228 1022 3370 1078 enim
3422 1038 3542 1077 cum
3576 1022 3649 1077 sit

375 1107 534 1174 Deus,
565 1117 620 1164 et
649 1109 772 1165 aliis
809 1112 1049 1166 abundet
1081 1112 1321 1182 pluribus
1355 1114 1591 1179 coronis,
1632 1113 1792 1166 aliter
1817 1128 2034 1184 quoque
2079 1116 2252 1184 ipsum
2321 1129 2520 1170 ornare
2588 1117 2873 1184 potuisset.
2937 1116 3179 1170 Tametsi
3233 1118 3377 1170 enim
3424 1115 3642 1170 benedi-

371 1197 602 1264 ctiones,
633 1215 768 1268 quas
822 1201 1180 1265 vendiderat,
1234 1217 1553 1269 recuperare
1589 1216 1695 1256 non
1743 1203 2030 1270 potuisset,
2061 1204 2182 1258 aliis
2233 1211 2413 1257 tamen
2447 1204 2664 1259 coronis
2727 1216 2953 1261 ornatus
3017 1207 3243 1260 fuisset:
3279 1221 3343 1261 ac
3412 1206 3644 1275 primum

376 1291 593 1358 quidem
639 1291 749 1352 illa.
781 1293 923 1360 quod
956 1293 1243 1361 propitium
1277 1294 1554 1348 habuisset
1591 1296 1776 1348 Deum.

378 1487 462 1527 IDS
496 1482 600 1527 est.

736 1580 949 1636 XXVII.
985 1611 1052 1623 --
1083 1581 1599 1638 OLYMPIODOBO.

377 1694 589 1766 Graues
633 1711 724 1762 per
766 1712 830 1749 ea
872 1695 994 1766 ipsa
1038 1706 1370 1766 argumenta,
1415 1713 1508 1761 per
1555 1712 1673 1764 qua:
1720 1697 1962 1751 videntur

1857 1293 1993 1360 Quia
2073 1311 2206 1350 vero
2255 1295 2471 1351 virtutis
2525 1295 2672 1350 nulla
2727 1297 3048 1368 tangebatur
3095 1313 3247 1362 cura,
3290 1298 3382 1353 sed
3436 1309 3640 1354 tantum

377 1383 784 1438 benedictiones
813 1383 913 1436 sibi
952 1384 1283 1447 vindicabat,
1329 1399 1445 1453 qu:e
1489 1395 1668 1439 tamen
1712 1401 1822 1439 non
1859 1387 1960 1440 nisi
2029 1387 2218 1441 virtuti
2271 1387 2569 1452 debentur,

2653 1388 2850 1444 merito
2909 1388 3022 1443 suis
3071 1387 3356 1443 desideriis
3415 1377 3642 1442 frustra-

2456 1589 2582 1642 KZ'.
2621 1617 2691 1628 —
2730 1587 3242 1658 ΟΛΥΜΠῘΟΔΩΡῼ.

2069 1699 2192 1753 Ὅτι
2261 1700 2578 1767 Ἕλληνες,
2626 1695 2816 1754 δι’ὦν
2856 1701 2927 1756 τὰ
2977 1700 3351 1768 Χριστιανῶν
3395 1701 3648 1756 δοκοῦσι

449 1763 770 1834 Christiana:
803 1764 1069 1834 religionis
1104 1763 1354 1835 dogmata
1387 1763 1695 1834 extenuare,
1732 1776 1962 1822 suasmet

2141 1763 2666 1838 σμικρύνεὶνίδιὰ
2709 1772 2938 1826 τούτων
2985 1763 3058 1824 τὶὶ
3105 1771 3338 1825 ἑαυτῶν
3385 1773 3630 1840 ἀνατρέ-

449 1851 529 1888 res
556 1844 806 1890 evertere.

449 1968 618 2023 Miror
641 1969 916 2040 equidem,
947 1971 1035 2040 qui
1073 1971 1186 2038 fiat,
1213 1971 1356 2042 quod
1405 1986 1509 2025 non
1556 1972 1733 2026 solum
1780 1971 1837 2036 ii,
1869 1970 1962 2040 qui

382 2062 524 2116 inter
547 2060 764 2116 Graecos
791 2062 952 2117 rudes
983 2071 1110 2117 sunt
1133 2072 1297 2132 atque
1317 2073 1570 2132 expertes
1599 2063 1953 2128 eruditionis,

383 2166 574 2206 verum
613 2153 776 2208 etiam
814 2153 890 2208 illi
927 2157 1018 2224 qui
1045 2157 1368 2225 sapientiam
1401 2156 1744 2225 profitentur,
1773 2165 1828 2211 et
1869 2170 1961 2209 or-

380 2254 507 2300 nate
533 2246 745 2302 dicendi
783 2247 976 2318 peritia
1012 2264 1071 2304 se
1093 2248 1326 2315 jactaut,
1356 2259 1410 2303 et
1437 2248 1738 2303 dialectica:
1768 2245 1962 2316 cogni-

381 2336 529 2390 tione
565 2335 886 2408 gloriantur,
927 2349 982 2392 et
1025 2340 1350 2410 syllogismis
1378 2340 1706 2401 innituntur,
1739 2349 1794 2394 et
1839 2353 1963 2393 cum

381 2441 444 2482 ea
478 2442 599 2497 qua:
649 2428 1156 2486 ratiocinationibus
1207 2431 1567 2486 adversantur
1601 2417 1842 2494 videant,
1889 2443 1970 2484 re-

381 2531 500 2570 rum
539 2526 718 2572 tamen
759 2521 1168 2590 repugnantiam
1200 2535 1302 2574 nou
1346 2520 1826 2586 animadvertunt;
1875 2519 1965 2588 qui

383 2605 498 2672 fiat,
534 2607 779 2676 inquam,
821 2612 964 2676 quod
1005 2611 1057 2666 bi
1105 2627 1210 2664 non
1255 2611 1517 2674 sentiant,
1553 2625 1632 2675 se,
1662 2610 1789 2664 dum
1821 2611 1966 2663 divi-

381 2713 510 2751 num
551 2699 882 2767 praeconium
915 2699 1192 2769 Evangelii
1233 2711 1566 2772 oppugnant,
1605 2717 1671 2756 eo
1707 2702 1824 2771 ipso
1854 2717 1966 2756 ma-

380 2788 464 2858 gis
515 2789 838 2858 semetipsos
869 2789 1216 2860 pudefacere.
1260 2791 1427 2846 Aﬂ‘ert
1479 2792 1626 2846 enim
1665 2791 1820 2846 victis
1865 2791 1964 2845 ali-

379 2878 507 2947 quid
547 2879 866 2936 ambitionis
910 2891 967 2935 et
1008 2881 1258 2946 honoris,
1300 2898 1488 2938 eorum
1537 2899 1566 2938 a
1614 2884 1809 2955 quibus
1839 2882 1968 2938 victi

378 2976 506 3024 sunt
528 2969 869 3027 excellentia.
897 2972 965 3026 At
988 2972 1089 3042 ipsi
1121 2973 1270 3028 aiunt
1294 2983 1564 3028 mortuum
1597 2990 1718 3030 esse
1758 2973 1965 3038 Iesum,

385 3067 444 3113 ut
506 3059 696 3133 ingens
741 3062 966 3118 deorum
1016 3065 1303 3133 gentilium
1371 3065 1654 3122 multitudo
1704 3067 1806 3122 hoc
1851 3067 1968 3136 ipso

2141 1856 2386 1894 πουσιν.

2141 1968 2440 2038 Θαυμάζω,
2487 1969 2635 2032 ὅπως
2665 1969 2727 2021 οὐ
2777 1969 2935 2039 μόνον
2969 1971 3018 2022 οἱ
3050 1969 3387 2032 παιδεύσεως
3433 1969 3651 2041 ἄμοιροι

2069 2059 2178 2114 τῶν
2216 2059 2512 2131 Ἑλλήνων,
2558 2060 2694 2114 ἀλλά
2734 2060 2829 2114 καὶ
2863 2061 2912 2113 οἱ
2949 2061 3143 2130 σοφίαν
3169 2060 3649 2131 ἐπαγγελλόμενοι,

2069 2151 2164 2204 καὶ
2185 2151 2231 2203 oi
2267 2151 2359 2204 sui.
2393 2151 2701 2224 εὐγλωττίᾳ
2733 2151 3182 2222 ἐναϐρυνόμενοι,
3225 2153 3317 2205 ἐπὶ⁵
3341 2151 3649 2223 διαλεκτικῇ

2069 2257 2128 2293 τε
2173 2240 2486 2310 αὐχοῦντες,
2530 2241 2626 2294 καὶ
2671 2241 3055 2311 συλλογισμοῖς
3093 2241 3520 2312 ἐπερειδόμεναι,
3559 2243 3654 2296 καὶ

2068 2332 2169 2396 τὰς
2204 2332 2305 2402 μέν
2332 2332 2680 2396 ἐναντιώσεις
2708 2332 2816 2386 τῶν
2851 2333 3131 2405 λογισμῶν
3175 2333 3430 2402 ὁρῶντες,
3468 2334 3567 2397 τὰς
3597 2334 3656 2388 δὲ

2069 2425 2178 2479 τῶν
2209 2427 2551 2500 πραγμάτων
2573 2427 2648 2498 μὴ
2676 2427 3042 2499 καθορῶντες,
3065 2428 3166 2481 οὐκ
3187 2427 3556 2494 αἰσθάνονται,
3586 2428 3654 2482 δι’

2069 2509 2144 2570 ὧν
2175 2517 2234 2570 τὸ
2274 2519 2539 2588 κήρυγμα
2571 2518 2632 2572 τὸ
2666 2517 2807 2571 θεῖον
2839 2518 3286 2584 κατατοξεύουσι,
3333 2519 3421 2572 διὰ
3451 2519 3656 2572 τούτων

2074 2609 2274 2678 μᾶλλον
2303 2610 2530 2671 ἑαυτοὺς
2562 2609 3038 2680 καταισχύνοντες.
3063 2610 3224 2682 φέρει
3257 2612 3365 2682 γάρ
3389 2627 3511 2664 τινα
3539 2612 3653 2680 (ii)

2073 2701 2388 2771 φιλοτιμίαν
2411 2703 2524 2764 τοῖς
2551 2679 3006 2772 κεκρατημένοις,
3100 2679 3208 2754 τῶν
3237 2679 3658 2772 κεκρατηκότων

2072 2792 2338 2864 ὑπεροχή.
2369 2792 2536 2845 Αὐτοὶ
2569 2791 2626 2844 δέ
2658 2791 2930 2861 φάσκουσι
2961 2791 3154 2862 νεκρὸν
3188 2791 3278 2844 τὸν
3321 2790 3545 2861 Ἰησοῦν,
3574 2792 3660 2845 ἵνα

2073 2882 2271 2954 νεκροῦ
2321 2883 2613 2955 ἀποφανθῇ
2671 2883 2780 2936 τῶν
2832 2883 2964 2955 παρ’
3005 2882 3190 2945 αὐτοῖς
3241 2881 3379 2936 θεῶν
3423 2883 3451 2934 ὁ
3489 2882 3662 2952 δῆμος

2073 2976 2488 3048 ἀδρανὲστερος.
2536 2975 2883 3046 κωμῳδοῦσι
2913 2975 3005 3029 τὸν
3038 2975 3292 3045 σταυρὸν,
3329 2974 3416 3027 ἵνα
3466 2992 3664 3046 κωμῳ-

2071 3067 2276 3137 δηθῶσι
2306 3067 2688 3137 σφοδρότερον,
2717 3068 2930 3137 ἀτίμως
2965 3066 3213 3138 πεπορθη
3224 3065 3372 3136 μένοι
3403 3066 3498 3119 καὶ
3524 3082 3664 3120 νενι-

380 3150 691 3206 declaretur
713 3153 876 3208 etiam
903 3165 1119 3210 mortuo
1145 3155 1487 3212 imbecillior.
1516 3155 1753 3212 llludunt
1781 3157 1963 3223 cruci,

2076 3159 2304 3230 κημένοι
2367 3158 2608 3230 σταυρῷ.
2675 3157 2996 3212 Σκώπτουσι
3040 3157 3138 3229 τὴν
3189 3157 3300 3210 τῶν
3351 3157 3665 3210 ἀποστόλων

384 3251 444 3294 ut
470 3240 572 3310 ipsi
601 3244 778 3313 magis
805 3244 968 3300 etiam
1005 3247 1362 3302 traducantur
1387 3259 1440 3302 et
1466 3249 1700 3304 ludibrio
1725 3249 1965 3304 habean-

387 3343 495 3399 tur,
527 3334 726 3405 quippe
766 3337 857 3406 qui
897 3338 1237 3407 ignomiuose
1287 3357 1314 3393 a
1359 3355 1518 3396 cruce
1556 3343 1847 3412 expugnati
1895 3341 1968 3396 vi-

383 3425 564 3493 ctique
616 3427 744 3482 sint.
779 3427 948 3500 428
992 3431 1334 3500 Exprobrant
1393 3433 1549 3487 nobis
1600 3432 1966 3502 apostolorum

385 3517 702 3583 rutlitatem,
735 3529 795 3572 ut
841 3529 990 3574 tanto
1021 3523 1366 3592 conspectius
1396 3524 1468 3577 sit
1510 3524 1791 3590 probrum,
1827 3522 1970 3591 quod

387 3605 760 3664 celeberrimis
817 3609 1058 3679 ipsorum
1119 3613 1459 3682 sapientibus
1505 3613 1816 3684 ingeritur,
1879 3613 1969 3682 qui

387 3696 722 3767 plebeiorum
757 3701 1038 3756 hominum
1071 3703 1331 3758 doctrina:
1357 3720 1547 3760 manus
1569 3704 1837 3758 dederint.
1865 3703 1970 3759 Ye-

389 3791 688 3846 ucrandum
726 3792 928 3848 Christi
954 3793 1262 3863 sepulcrum
1299 3796 1584 3850 cacbinuis
1607 3796 1972 3864 petulantibus

388 3883 688 3952 excipiunt,
734 3894 792 3937 ut
825 3899 889 3939 eo
923 3885 1095 3954 magis
1127 3887 1235 3940 risa
1271 3885 1431 3954 digna
1455 3868 1602 3940 'iiaut
1639 3888 1876 3956 ipsorum
1913 3886 1974 3942 il-

392 3973 581 4028 lustria
616 3974 834 4042 templa,
868 3977 1064 4046 quippe
1091 3992 1212 4047 quas
1257 3978 1436 4032 deriso
1462 3979 1528 4032 ab
1554 3979 1682 4047 ipsis
1710 3979 1973 4034 cesserint

2074 3251 2353 3322 ἀμαθίαν,
2403 3249 2489 3302 ἴνα
2545 3249 2929 3320 λαμπρότερον
2976 3251 3024 3301 οἱ
3080 3247 3466 3318 θρυλλούμενοι
3532 3247 3663 3314 παρ’

2078 3341 2260 3395 αὐτῶν
2287 3341 2684 3412 στηλιτευθῶσι
2717 3340 2894 3410 σοφοὶ,
2925 3338 3149 3393 ἰδιωτῶν
3177 3338 3388 3409 ἀνδρῶν
3407 3338 3669 3392 διδασκομ-

2078 3433 2169 3505 λίᾳ
2214 3432 2558 3505 ἡττηθέντες.
2615 3431 2718 3485 Τὸν
2753 3431 2848 3484 τοῦ
2897 3429 3138 3502 Χριστοῦ
3189 3427 3664 3502 προσκυνούμενον

2079 3527 2402 3598 χλευάζουσι
2432 3525 2622 3593 τάφον,
2651 3524 2718 3576 ἵν’
2743 3525 2792 3576 οἱ
2821 3525 2952 3594 παρ’
2969 3524 3152 3585 αὐτοῖς
3184 3524 3506 3592 περιφανεῖς
3523 3520 3662 3586 ναοὶ,

2081 3611 2298 3680 γέλωτα
2335 3609 2596 3679 όφλείωσι
2631 3608 2742 3678 (12)
2803 3608 3048 3678 μείζονα,
3081 3605 3463 3677 χλευαζομένῳ
3490 3620 3667 3674 παρα-

2080 3703 2438 3775 χωρήσαντες
2465 3701 2644 3771 τάφῳ.
2675 3699 2886 3762 Παντὸς
2915 3687 3379 3769 ἐπιλαμϐάνονται
3411 3697 3486 3759 ὼς
3512 3697 3666 3748 εὐτε-

2081 3792 2208 3856 λοῦς
2228 3792 2322 3846 τοῦ
2354 3790 2735 3864 κηρύγματος,
2765 3791 2854 3844 ἵνα
2884 3791 2954 3842 τὰ
2997 3789 3129 3860 παρ’
3173 3789 3358 3852 αὐτοῖς
3392 3787 3666 3858 περιφανῆ

2082 3882 2247 3936 πλέον
2275 3881 2414 3952 ὀφθῇ
2443 3880 2978 3950 καταγελαστότερα,
3009 3882 3076 3952 τῇ
3115 3879 3225 3933 τῶν
3252 3878 3487 3932 εὐτελῶν
3532 3877 3668 3931 ὐπο-

2084 3973 2331 4044 κύψαντα
2358 3972 2543 4042 φύσει.

392 4063 664 4132 sepulcro.
698 4064 895 4134 Atque,
927 4075 985 4121 ut
1014 4068 1202 4136 paucis
1242 4067 1540 4134 absolvam,
1615 4079 1785 4124 totum
1830 4067 2236 4140 reprehendunt
2283 4064 2618 4134 praeconium
2688 4062 2990 4131 Evangelii,
3047 4071 3103 4117 ut
3135 4078 3246 4118 rem
3277 4062 3436 4116 vilem
3507 4070 3669 4130 atque

393 4157 682 4225 abiectam,
719 4167 779 4213 ut
826 4159 1088 4230 quidquid
1121 4161 1262 4232 apud
1307 4162 1456 4231 ipsos
1500 4173 1586 4218 est
1624 4163 1855 4230 illustre,
1910 4162 1964 4218 id
2001 4175 2162 4217 omne
2208 4159 2380 4228 magis
2427 4156 2676 4212 videatur
2725 4155 3104 4220 deridendum,
3181 4155 3438 4224 quoniam
3486 4165 3670 4206 rerum

394 4249 582 4304 vilium
619 4250 701 4320 (ut
735 4249 835 4320 ipsi
873 4251 1043 4321 aiunt)
1083 4263 1291 4309 natura:
1325 4254 1698 4313 succubuerit.

571 4361 810 4418 XXVIII.
843 4394 912 4404 -—-
945 4363 1354 4421 {ESCULAPIO
1394 4363 1779 4422 ΞΟΡΗΙΒΤᾹΞ.

995 4474 1068 4529 De
1103 4475 1282 4530 eadem
1314 4491 1386 4528 re.

465 4607 628 4677 Fugit
658 4609 800 4663 ratio
848 4607 1087 4674 Graecos,
1121 4609 1213 4678 qui
1263 4623 1367 4662 nou
1418 4609 1881 4674 animadvertunt,
1926 4621 1984 4663 se

396 4711 491 4770 per
526 4709 590 4750 ea
630 4710 748 4765 qua:
786 4695 1015 4767 (contra
1062 4695 1426 4767 Christianos)
1469 4695 1744 4762 afferunt,
1785 4707 1980 4753 semet-

2407 4362 2546 4416 κη’.
2578 4389 2648 4402 -
2682 4358 3045 4428 “meum
3080 4356 3390 4426 zootxm.

2624 4471 2762 4538 Περὶ
2794 4469 2900 4524 τοῦ
2931 4469 3141 4524 αὐτοῦ.

2162 4607 2535 4662 Λανθάνουσιν
2596 4605 2868 4677 Ἐλλήνων
2915 4603 3125 4667 παῖδες,
3171 4602 3236 4655 δι’
3278 4595 3352 4656 ὧν
3402 4599 3672 4668 λέγουσιν,

2091 4698 2321 4763 ἐαυτοὺς
2350 4697 2772 4768 ἀνατρέποντες.
2817 4693 3241 4760 Ἐξευτελίζουσι
3267 4692 3376 4763 γὰρ
3405 4690 3502 4760 τὴν
3525 4688 3677 4742 θείαν

400 4787 546 4853 ipsos
593 4796 858 4843 evertere.
914 4785 1053 4842 Nam
1109 4803 1208 4857 pro
1266 4787 1434 4844 nihilo
1485 4787 1786 4846 habendam
1835 4791 1959 4844 aiuu

2093 4789 2336 4861 Γραφὴν,
2368 4789 2444 4854 ῶς
2470 4787 2896 4861 βαρϐαρόφωνον
2935 4787 3073 4856 (15),
3106 4785 3201 4838 καὶ¹
3231 4779 3672 4854 ὀνοματοποιίαις

1510 4966 1745 5025 VARIAZ
1781 4966 2170 5024 LECTIONES
2209 4967 2297 5024 ET
2341 4965 2572 5022 ΝΟΤκΕ.

474 5123 585 5191 (Η)
623 5121 904 5177 Sententia
935 5123 1296 5193 pulcherrima
1319 5167 1332 5191 ,
1363 5142 1432 5181 ex
1463 5141 1570 5194 qua
1605 5124 1735 5180 illud
1784 5141 1970 5180 mana-

403 5196 480 5248 vit
508 5210 538 5249 a
575 5208 789 5266 sgmmo
819 5204 972 5262 poeta
1011 5194 1214 5249 dictant
1241 5211 1338 5266 pro
1366 5196 1560 5252 solatio
1595 5209 1720 5252 v.cu
1753 5211 1768 5249 :

577 5262 769 5335 @nea:
800 5266 980 5335 magni
1001 5262 1386 5335 dextrqcadis.

472 5333 584 5408 (ig)
610 5333 713 5408 Pro
733 5333 988 5408 ὀφλεεωσι
1012 5338 1134 5408 eod.
1158 5334 1282 5408 vat.
1303 5335 1739 5408 Ιεείιόφλήσωσι.
1769 5335 1976 5391 Possm.

477 5405 590 5489 (ίὲ)
650 5403 784 5489 τῆξ
819 5403 1314 5489 θείανηῖρςιφῇθξ
1358 5403 1440 5489 iis
1457 5403 1974 5489 ,βαρσᾳρόφωνρνο

404 5473 609 5546 Confer
633 5476 793 5541 epist.
849 5477 940 5538 67,
989 5475 1049 5529 91
1089 5473 1826 5546 et71‘0._Vulgatissit'nu'ui
1845 5476 1975 5530 olim

404 5544 744 5615 convicium,
777 5548 918 5615 quod
963 5545 1142 5615 sacris
1193 5553 1248 5598 et
1299 5543 1498 5615 divinis
1526 5546 1752 5601 Litteris
1805 5543 1971 5601 facie-

407 5614 538 5684 bant
593 5612 810 5684 pagani
846 5623 901 5669 et
959 5612 1234 5684 infideles,
1307 5613 1434 5668 illud
1495 5625 1644 5679 erat,
1701 5615 1977 5670 barbaris-

2083 5126 2231 5180 nitus
2287 5124 2608 5191 inspiratam
2660 5130 2719 5177 ut
2774 5124 3098 5186 liberarent,
3157 5121 3323 5191 multa
3379 5119 3680 5191 attulerunt

2083 5210 2202 5262 quae
2235 5210 2299 5248 ex
2335 5189 2570 5263 ipsorum
2609 5193 2760 5246 libris
2806 5203 2890 5246 est
2919 5202 3122 5260 petere.
3158 5189 3289 5263 Yide
3327 5206 3446 5245 cum
3489 5189 3678 5263 pri_mis

2085 5259 2385 5318 Arnobium
2412 5263 2505 5318 lib.
2543 5277 2561 5315 ι
2586 5263 2835 5316 adversus
2866 5259 3062 5330 gentes,
3095 5273 3148 5314 et
3177 5260 3521 5330 Lactantiqu
3551 5259 3677 5330 Fir-

2092 5335 2332 5388 miauum
2367 5333 2458 5387 lib.
2495 5349 2568 5395 νι,
2605 5347 2725 5399 cap.
2758 5332 2846 5386 21.
2870 5329 2934 5385 et
2964 5334 3014 5384 in
3059 5332 3302 5396 Epitoma
3332 5329 3510 5382 Divin.
3562 5329 3676 5381 ius-

2088 5406 2198 5477 ti_t._,
2229 5420 2351 5477 cap.
2385 5403 2566 5477 5,_ubi
2603 5417 2701 5472 pro
2728 5402 2924 5477 dubia,
2965 5400 3106 5477 quod
3146 5403 3206 5477 .iu
3235 5401 3487 5477 omnibus
3537 5412 3676 5477 quas

2085 5473 2196 5528 vidi
2227 5468 2554 5529 editiouibus
2583 5468 2666 5527 est
2692 5513 2706 5534 ,
2739 5471 2924 5540 procul
2951 5471 3116 5524 dubio
3146 5470 3428 5538 legendum
3453 5468 3676 5531 dulcia;

2087 5559 2248 5613 quam
2283 5544 2651 5612 conjecturam
2684 5557 2857 5594 meam
2891 5541 3047 5596 facile
3071 5541 3346 5613 probabit,
3371 5540 3458 5606 qui
3500 5549 3670 5613 totum

2088 5605 2262 5668 locum
2297 5605 2604 5682 accuratius
2635 5613 2959 5682 inspexerit.
3001 5622 3054 5682 et
3072 5605 3399 5666 contulerit
3425 5623 3550 5682 cum
3585 5605 3670 5682 a_l_-

409 5682 515 5754 mis
556 5673 634 5754 ,a'c
661 5673 1024 5754 vsolmcisgtis
1079 5697 1172 5754 eas
1204 5673 1455 5754 scatere.
1510 5685 1594 5740 Ab
1632 5673 1752 5740 'boc
1817 5686 1980 5754 igitur
2087 5691 2202 5754 tero
2235 5681 2438 5754 quiest
2469 5685 2558 5738 tib.
2594 5697 2642 5737 Vl
2700 5673 2748 5736 c'.
2776 5682 2863 5736 “2|.
2901 5681 3098 5742 Confer
3125 5681 3313 5742 Isidor.
3348 5694 3436 5752 ep.
3474 5678 3505 5734 4
3531 5687 3585 5733 et
3612 5673 3669 5744 5,

411 5751 642 5812 crimine
664 5763 872 5811 veteres
903 5751 1155 5810 Ecclesiae
1188 5753 1437 5812 doctores
1484 5754 1817 5817 Scripturam
1838 5751 1976 5812 itit-i-

2085 5753 2178 5808 lib.
2213 5768 2273 5813 il.
2303 5753 2467 5809 Bm.
