4084 6368
567 378 704 444 1083
1763 383 1827 442 S.
1864 380 2159 441 lSIDORI
2200 375 2639 439 PELUSIOTJ!
3290 422 3295 427 .
3694 368 3832 435 10811Δ

568 499 726 559 poeta
769 488 875 553 ille,
919 502 1075 558 quem
1115 498 1168 545 tu
1219 503 1356 561 pene
1397 489 1564 546 Deum
1597 488 1755 555 facis,
1792 488 2135 557 astipulator.
2168 509 2181 547 Α

2210 542 2211 545 η
2243 486 2334 540 σοῦ
2368 484 2592 555 ποιητὴς
2622 481 2917 554 ἐγγυητὴς,
2967 481 3166 554 μᾶλλον
3191 482 3248 536 δὲ
3271 477 3524 551 Ὄμηρος
3545 478 3718 541 ὅντως
3751 479 3823 535 ὢν

571 581 652 634 vel
685 580 861 650 porius
894 595 1083 637 revera
1126 582 1446 652 (secundum
1489 581 1725 637 nominis
1759 581 1841 635 sui
1869 579 2139 650 signitice-

2243 576 2349 631 τῶν
2371 578 2501 648 παρ’
2545 577 2676 646 ἡμῖν
2716 575 2834 629 νυνὶ
2862 575 3191 644 λεγομένων,
3220 573 3559 643 ἀπεφήνατο,
3588 572 3672 624 ὅτι
3690 572 3740 624 oi
3759 571 3825 626 τὰ

572 671 822 741 tionem),
863 671 1023 727 obses
1065 673 1333 732 accedens
1388 673 1453 728 iis
1504 687 1628 741 quae
1681 687 1711 727 a
1767 672 1924 727 nobis
1981 669 2139 724 modo

2245 670 2364 722 θεῖα
2396 667 2873 737 καταγγέλλοντες,
2906 666 3033 721 οὔτε
3061 665 3271 742 θνητῶν
3307 665 3610 735 ἀνθρώπων
3641 680 3825 736 φοιτη-

569 761 710 816 dicta
743 769 892 828 sunt,
917 762 1020 818 boc
1047 778 1152 818 non
1188 763 1456 820 dubitavit
1484 763 1778 830 aﬂlrmare,
1806 777 1902 819 eos
1935 761 2027 831 qui
2054 774 2142 817 res

2245 760 2355 823 ταὶ,
2369 759 2491 814 οὔτε
2507 758 2766 813 τοιούτων
2784 758 3381 828 παιδεύσεωνεμπειροι
3399 753 3539 809 εῖναι
3551 755 3749 809 δίκαιοι
3762 754 3826 808 ἂν

565 850 779 907 divinas
821 855 1167 920 annuntiant,
1207 870 1316 910 non
1354 856 1664 912 necessario
1702 855 1786 910 vel
1827 851 2138 908 mortalium

2248 844 2357 902 εἶεν
2377 866 2391 880 ·
2418 848 2557 903 διατι
2586 849 2855 914 ἀπιστεῖς,
2882 849 2931 900 εί
2963 847 3051 901 διὰ
3075 847 3184 901 τῶν
3219 845 3444 900 ἰδιωτῶν
3477 845 3572 899 καὶ
3602 843 3827 914 ἀμαθῶν

567 942 845 997 hominum
875 944 1190 1010 discipulos,
1234 945 1320 999 vel
1357 945 1540 999 talium
1589 945 1959 1000 doctrinarqu
1988 943 2137 1011 peri.

2245 940 2454 1011 ἀνδρῶν
2479 941 2703 1012 ἀρρήτῳ
2733 939 3125 994 παιδευθέντων
3159 939 3338 1010 σοφίᾳ,
3365 940 3394 992 ὁ
3415 936 3658 1008 περὶτοῦ
3687 937 3827 991 θείου

570 1040 654 1087 tos
689 1047 810 1088 esse
844 1045 1096 1102 oportere
1126 1051 1142 1090 :
1178 1050 1348 1104 quare
1386 1050 1491 1090 non
1518 1036 1719 1103 credis,
1758 1036 1803 1091 si
1839 1050 1935 1104 per
1967 1033 2141 1089 homi-

2245 1029 2596 1101 κηρύγματος
2654 1030 2948 1102 διηγγέλθη
2996 1030 3191 1099 λόγος;
3236 1028 3401 1095 Ἀλλ’,
3436 1023 3613 1098 οἶμαι,
3646 1025 3828 1079 οὐκέτι

569 1135 667 1176 nes
700 1123 942 1192 plebeios
974 1132 1029 1180 et
1073 1126 1254 1193 rudes,
1292 1134 1548 1181 caeterum
1596 1125 1853 1182 ineﬂ'abili
1894 1125 2136 1181 eruditos

2246 1119 2591 1190 ἀπιστήσεις.
2626 1121 2692 1174 'U
2726 1119 2835 1190 γὰρ
2864 1117 3116 1190 ἐνόμιζες
3163 1118 3456 1189 ἐλάττωμα
3487 1112 3651 1182 εἶναι,
3682 1115 3828 1170 τοῦθ’

572 1213 861 1283 sapientia,
900 1230 1082 1271 sermo
1124 1217 1189 1273 de
1234 1217 1415 1274 divino
1448 1218 1720 1286 praeconio
1760 1216 2136 1287 promulgatus

1234 1217 1415 1274 divino
1448 1218 1720 1286 praeconio
1760 1216 2136 1287 promulgatus
2243 1204 2400 1280 εὗρες
2429 1210 2829 1281 πλεονέκτημα.

573 1306 827 1373 est;sed,
861 1314 920 1361 ut
963 1317 1112 1376 puto,
1159 1323 1263 1363 non
1292 1308 1522 1378 amplius
1556 1309 1716 1366 ﬁdem
1755 1309 2017 1365 adhibere
2047 1303 2396 1360 detrectabis.
2467 1300 2602 1356 Nam
2636 1318 2696 1358 ea
2749 1302 2864 1372 ipsa
2914 1316 3002 1357 res
3072 1316 3194 1372 qua
3266 1300 3364 1357 tibi
3425 1301 3669 1357 deiectus
3713 1313 3835 1355 esse

579 1395 883 1461 videbatur,
907 1398 1018 1468 jam
1059 1402 1274 1455 inventa
1306 1410 1388 1456 est
1415 1401 1666 1457 omnibus
1694 1401 1948 1469 superior
1976 1410 2139 1469 atque
2164 1393 2538 1452 excellentior.

787 1508 977 1565 XXXI.
1007 1539 1079 1551 —-
1102 1511 1515 1569 IESCULAPIO
1546 1511 1934 1570 SOPHISTE.

1906 1551 1934 1566 η.
2570 1505 2695 1560 AA'.
2724 1533 2791 1549 --
2824 1504 3178 1575 ΔΣΚΔΗΠῘῼ
3208 1502 3519 1575 meum.

583 1621 874 1691 Disputatio
923 1622 1086 1695 digna
1168 1629 1352 1681 auditu
1423 1643 1539 1682 cum
1593 1628 1776 1683 Greece
1823 1626 2036 1693 habita,
2086 1627 2151 1681 de

2269 1616 2596 1682 Ἀντιθεσις
2624 1614 3026 1696 ᾀξιάκουστος
3052 1614 3527 1696 πρόςςΕέλην-α,
3567 1613 3699 1683 περὶ
3726 1613 3836 1683 τῆς

995 1687 1371 1750 resurrectione
1416 1699 1733 1753 Saluatoris.
2022 1687 2031 1693 ’
2607 1721 2608 1732 ‘

2022 1687 2031 1693 ’
2607 1687 2998 1753 ἀναστάσεως
3025 1687 3130 1740 τοῦ
3166 1687 3461 1753 Σωτῆρος.

650 1802 903 1858 Memoria
923 1815 1106 1874 repeto
1124 1823 1209 1863 me
1236 1810 1533 1876 sapientem
1564 1808 1852 1878 quemdam
1874 1808 2144 1873 Graecum,
2178 1805 2223 1865 Β

2220 1817 2223 1856 ι
2324 1793 2457 1854 Οἶδά
2484 1815 2615 1852 ποτε
2644 1798 3026 1869 διαλεγόμενον
3071 1796 3207 1869 πρὸς
3257 1813 3326 1866 με
3358 1793 3528 1849 δεινὸν
3573 1794 3833 1864 Ἕλληνα,

579 1895 779 1964 quique
815 1897 954 1965 apud
997 1898 1192 1953 multos
1237 1900 1528 1954 maximam
1571 1901 1890 1970 eloquentiae
1926 1900 2151 1971 gloriam

2254 1887 2358 1945 καὶ
2382 1889 2532 1963 παρὰ
2563 1889 2775 1953 πολλοῖς
2808 1890 2901 1942 ἐπὶ
2925 1889 3153 1959 δυνάμει
3185 1887 3358 1956 λόγων
3390 1884 3653 1956 μεγίστην
3677 1884 3838 1949 δόξαν

580 1987 869 2054 obtineret,
905 2003 1110 2042 mecum
1138 1990 1491 2046 disserentem
1528 1992 1591 2046 de
1638 1992 1797 2047 rebus
1832 1991 1986 2057 θαι-ἱ,
2018 2005 2153 2060 pau-

2255 1981 2480 2052 ἐχοντα,
2533 1981 2590 2033 ὲν
2650 1980 2905 2051 βραχέσιν
2966 1977 3345 2048 ἐπιστομίσας.
3424 1975 3840 2047 Προσφέροντος

580 2078 658 2132 cis
700 2077 878 2135 verbis
914 2080 985 2132 ita
1038 2079 1338 2148 rcfutasse,
1399 2091 1460 2137 ut
1520 2084 1716 2139 mutire
1758 2098 1863 2137 non
1909 2084 2154 2139 auderet.

2256 2075 2366 2145 γὰρ
2415 2073 2580 2127 αὐτοῦ
2627 2073 2694 2127 τὰ
2729 2073 2897 2143 πάθη,
2945 2074 3038 2126 καὶ
3080 2070 3170 2125 τὸν
3201 2068 3452 2140 σταυρὸν,
3507 2068 3601 2122 καὶ
3632 2066 3840 2121 πλατὺν

582 2166 714 2221 Nam
753 2184 874 2225 cum
903 2170 1016 2239 ipse
1047 2170 1318 2239 proferret
1349 2171 1549 2228 Christi
1591 2174 1897 2242 passionem
1940 2182 1996 2226 et
2025 2187 2155 2226 cru-

2259 2166 2615 2235 καταχέοντος
2664 2163 2898 2234 γέλωτα,
2936 2161 3243 2233 ἀπεκρίθην
3285 2162 3399 2230 ἐγὼ
3429 2157 3577 2230 αὐτῷ
3611 2159 3836 2229 πράως·

580 2275 720 2326 ccm,
753 2263 914 2331 inque
941 2264 1111 2317 risum
1146 2278 1308 2331 super
1344 2264 1426 2318 his
1446 2264 1677 2320 eli'usum
1710 2265 2031 2328 solveretur,
2057 2276 2157 2329 ego

2263 2275 2284 2309 ι
2328 2257 2497 2311 Πόθεν
2525 2256 2633 2327 γὰρ
2673 2255 2816 2327 ἔχεις
2853 2253 3022 2319 δεῖξαι
3051 2255 3132 2307 ότι
3163 2251 3516 2325 ὲσταυρώθη;
3559 2271 3578 2304 ι
3615 2249 3842 2304 Πάντων

580 2352 629 2406 ei
667 2353 1005 2410 modeste’ac
1053 2366 1332 2411 mansuete
1391 2356 1640 2426 respondi
1713 2357 1765 2410 in
1810 2356 1926 2410 haec
1955 2356 2155 2422 verba;

2259 2347 2316 2401 δὲ
2339 2347 2447 2402 τῶν
2468 2347 2834 2419 ἀκροωμένων
2859 2345 3338 2413 καταπλαγέντων,
3366 2342 3461 2396 καὶ
3491 2341 3839 2403 ἐννοούντων,

587 2459 605 2493 ι
644 2441 799 2498 Unde
851 2452 1032 2498 autem
1071 2446 1449 2501 demonstrare
1502 2456 1685 2512 potes,
1716 2445 1992 2500 Christum
2040 2458 2161 2500 esse

2259 2440 2313 2493 τί
2347 2439 2453 2511 ἄρα
2495 2437 2906 2493 κατασκευάσαι
2952 2435 3277 2507 βουλόμενος
3335 2433 3491 2487 τοῦτο
3521 2432 3678 2502 ἔφην,
3732 2431 3845 2484 ὰπ-

581 2534 946 2589 crnciiixum?
976 2554 994 2587 ι
1042 2535 1304 2591 Omnibus
1340 2551 1485 2603 vero,
1535 2537 1626 2606 qui
1685 2537 1801 2591 haec
1848 2536 2158 2602 audiebant,

2263 2530 2519 2601 εκρίνατο
2543 2531 2772 2595 ἐκεῖνος,
2790 2528 2865 2593 ὡς
2889 2528 2953 2599 δὴ
2976 2527 3074 2598 τὴν
3100 2527 3256 2596 νίκην
3286 2524 3515 2595 ἀπονητὶ
3548 2523 3660 2595 (l9)
3688 2522 3845 2575 ἀναι-

583 2621 942 2685 οιιιιιὶτοιὶοηβ
1004 2625 1289 2693 perculsis,
1349 2633 1403 2681 et
1468 2625 1852 2695 cogitantibus,
1900 2626 2160 2694 quidnam

2265 2620 2595 2691 ρησόμενος·
2664 2638 2682 2671 ι
2732 2619 2820 2673 Ἐν
2874 2621 2989 2682 τοῖς
3035 2617 3389 2687 Εὑαγγελίοις
3442 2615 3774 2684 γέγραπται.
3821 2630 3842 2664 ι

585 2709 867 2766 intendens
890 2713 1191 2780 coniicere,
1239 2715 1341 2768 hoc
1382 2714 1682 2770 dixissem:
1722 2715 2001 2785 respondit
2049 2715 2159 2779 ille,

2263 2705 2333 2782 ᾯ
2366 2709 2527 2772 εὐθὺς
2564 2709 2894 2779 ἀντεπῆγον·
2937 2727 2955 2761 ι
2992 2707 3202 2762 Οὐκοῦν
3257 2710 3314 2761 ὲν
3365 2708 3568 2771 αὐτοῖς,
3619 2706 3704 2758 ὅτι
3747 2705 3849 2757 καὶ

583 2798 741 2865 quasi
780 2798 869 2867 qui
903 2800 1185 2872 victoriam
1222 2805 1427 2873 absque
1447 2803 1629 2858 labore
1648 2802 1761 2872 jam
1794 2814 2164 2875 reportaturus

2263 2798 2490 2867 ἀνέστη,
2544 2798 2639 2850 καὶ
2695 2797 2752 2848 ὲν
2791 2797 2904 2859 τοῖς
2954 2795 3200 2866 οὐρανοῖς
3256 2792 3475 2864 ἀνῆλθε,
3511 2791 3844 2860 γέγραπται.

583 2892 732 2937 esset
761 2901 775 2938 :
805 2902 824 2937 ι
864 2885 921 2939 1η
946 2885 1251 2957 Evangeliis
1272 2891 1532 2959 scriptum
1561 2901 1660 2946 est.
1699 2911 1717 2943 ι
1741 2893 1837 2947 Cui
1867 2908 1896 2947 e
1934 2894 2164 2963 vestigio

2265 2891 2328 2943 Εί
2364 2890 2463 2958 μὲν
2494 2883 2588 2941 οὖν
2640 2886 2917 2950 πιστεύεις
2952 2887 3065 2949 τοῖς
3114 2881 3487 2953 Εὐαγγελίοις,
3545 2880 3639 2933 καὶ
3688 2877 3850 2931 τοῦτο

585 2976 789 3044 regessi
825 2993 839 3030 :
864 2994 883 3027 ι
911 2978 981 3031 At
1005 2978 1055 3031 in
1091 2979 1279 3034 iisdem
1307 2981 1407 3035 hoc
1445 2996 1660 3051 quoque
1684 2984 1824 3052 quod
1854 2998 2166 3039 resurrexe-

2266 2980 2489 3033 κᾶκεῖνο
2521 2976 2742 3045 λέγουσι
2795 2975 3104 3029 πίστευσον.
3159 2970 3223 3028 Ei
3264 2972 3321 3025 δὲ
3358 2970 3454 3042 μὴ,
3501 2967 3851 3023 ἀτοπώτατον

589 3065 679 3128 rit,
721 3075 774 3119 ct
817 3066 869 3120 in
918 3067 1086 3122 caelos
1121 3069 1362 3139 redierit,
1415 3072 1675 3140 scriptum
1714 3074 1958 3128 habetur.
2105 3073 2161 3128 Si

2268 3072 2441 3132 ποιεῖς
2462 3107 2476 3131 ,
2512 3068 2575 3121 τδ
2625 3068 2722 3137 μὲν
2754 3067 3043 3136 ἐγκρίνων,
3077 3064 3136 3117 τδ
3175 3063 3231 3117 δὲ
3263 3060 3558 3117 εἰσϐάλλων
3586 3057 3720 3126 (20).
3754 3056 3852 3126 Μὴ

587 3166 717 3220 ergo
744 3154 919 3208 credis
977 3155 1303 3225 Evangeliis,
1347 3136 1461 3213 tam
1523 3136 1623 3215 hoc
1666 3175 1825 3228 quam
1859 3160 1989 3215 illud
2017 3143 2200 3216 ailir-l

2266 3160 2376 3230 γὰρ
2417 3160 2482 3230 δὴ
2514 3136 2643 3230 περῖ
2682 3157 2784 3221 τὰς
2813 3156 3000 3228 ὕϐρεις
3041 3152 3570 3225 ἀναπεπετασμένας
3604 3150 3697 3204 καὶ
3726 3148 3854 3213 ὀξυ-

588 3243 859 3298 mautibus
905 3244 1064 3300 iidem
1096 3247 1326 3316 habeto;
1364 3249 1447 3304 sin
1502 3251 1700 3316 minus,
1742 3267 1856 3308 rem
1892 3252 2029 3307 facis
2070 3254 2165 3307 ab-

2264 3252 2435 3313 τάτας
2470 3249 2620 3320 ἔχετε
2649 3249 2748 3313 τὰς
2773 3248 2967 3311 ἀκοὰς,
3004 3248 3132 3318 περὶ
3168 3246 3225 3300 δὲ
3254 3246 3321 3299 τὰ
3350 3243 3582 3316 λαμπρὰ
3610 3241 3704 3294 καὶ
3729 3239 3855 3293 θεῖα

588 3334 987 3402 surdissimam,
1037 3337 1162 3392 dum
1211 3339 1441 3395 alterum
1528 3343 1744 3411 quidem
1800 3343 2163 3412 amplecteris,

2268 3342 2695 3414 πεφραγμέναςς
2732 3342 2845 3395 Καὶ
2879 3341 3112 3412 μάλιστα
3146 3338 3332 3410 ἐπειδὴ
3364 3341 3412 3392 oi
3445 3335 3729 3406 λεγόμενοί
3758 3350 3854 3387 σου

587 3422 817 3478 alterum
841 3440 968 3481 vero
998 3428 1275 3497 repudias.
1299 3428 1569 3500 Numquid
1613 3433 1758 3487 enim
1786 3433 1855 3487 ad
1878 3442 2163 3488 contume-

2268 3433 2381 3487 θεοὶ
2425 3432 2529 3486 ὑπὸ
2571 3432 2666 3486 τοῦ
2699 3432 3106 3504 σταυρωθέντος
3145 3430 3473 3501 ἡττήθησαν.
3523 3429 3587 3481 Et
3621 3424 3719 3497 μὲν
3757 3419 3856 3478 οὖν

589 3513 690 3569 lias
709 3529 774 3568 ac
806 3519 1000 3585 probra
1033 3519 1242 3588 patulas
1274 3531 1328 3576 et
1362 3523 1708 3579 acutissimas
1738 3524 1949 3579 habetis
1967 3538 2163 3591 aures;

2266 3524 2608 3596 ἐσταυρώθη,
2645 3523 2802 3597 δῆλον
2847 3526 2929 3578 ὅτι
2976 3523 3070 3577 καὶ
3099 3525 3179 3588 είς
3210 3521 3473 3594 οὐρανοὺς
3505 3517 3755 3587 ἀνῆλθεν.
3787 3516 3857 3569 Ei

591 3609 659 3659 ad
709 3608 984 3675 splendida
1036 3622 1215 3665 autem
1272 3611 1360 3667 illa
1419 3622 1583 3683 atque
1632 3613 1813 3668 divina
1853 3615 2167 3671 obturatas?

2271 3616 2331 3670 δὲ
2380 3616 2449 3669 τὰ
2500 3614 2733 3687 λαμπρὰ
2785 3615 3145 3687 παραγράφῃ,
3206 3613 3341 3684 μηδὲ
3387 3611 3455 3664 τὰ
3513 3607 3858 3663 ἐπονείδιστα

587 3695 929 3768 Maximeque
957 3702 1454 3756 cumcommentitii
1493 3703 1569 3757 tui
1601 3704 1675 3758 dii
1713 3719 1741 3756 a
1781 3704 2045 3759 cruciﬁxn
2069 3718 2164 3760 sa-

2272 3704 2534 3775 πρόφερε.
2564 3703 2803 3775 Θάτερον
2830 3704 2938 3773 γὰρ
2968 3701 3200 3773 θατέρου
3231 3702 3482 3773 ἤρτηται,
3516 3699 3609 3752 καὶ
3639 3696 3863 3760 διαζευτ

593 3787 763 3854 perati
793 3802 983 3841 manus
1011 3790 1121 3857 jam
1155 3791 1426 3847 dederint.
1451 3791 1509 3845 Si
1552 3792 1714 3862 igitur
1732 3794 2027 3849 cruciﬁxus
2057 3802 2162 3860 est,

2271 3794 2465 3865 χθῆναι
2487 3794 2587 3847 οὐκ
2614 3795 2886 3864 ἀνέχεται.
2922 3811 2941 3846 ι
2974 3793 3192 3847 Τούτων
3213 3789 3501 3862 τοιγαροῦν
3521 3786 3857 3859 εἰρημένων,

594 3885 798 3929 certum
826 3885 909 3931 est
939 3878 1101 3932 etiam
1130 3881 1197 3934 ad
1232 3881 1399 3937 cmlos
1416 3886 1666 3937 eumdem
1712 3884 2041 3942 ascendisse.
2067 3885 2163 3941 Sin

2269 3882 2522 3946 τοσοῦτος
2566 3882 2838 3954 ἐξερράγη
2870 3883 3057 3952 κρότος
3081 3923 3096 3947 ,
3147 3881 3223 3944 ὡς
3269 3880 3415 3950 κάμὲ
3453 3880 3702 3931 κάκεῖνον
3729 3879 3860 3947 ἐρυ-

594 3975 772 4019 autem
810 3967 1085 4034 splendida
1126 3969 1214 4025 illa
1259 3972 1400 4042 (quae
1445 3975 1510 4029 de
1535 3974 1749 4031 Christo
1795 3977 1993 4032 ibidem
2016 3991 2167 4031 com-

2272 3973 2490 4045 θριᾶσαι
2516 3990 2530 4005 ⁸
2556 3975 2655 4044 ἐμὲ
2683 3974 2801 4045 μὲν,
2835 3974 2918 4027 ὅτι
2947 3975 3087 4044 ὑπὲρ
3115 3973 3214 4044 τὴν
3238 3971 3376 4043 ἐμὴν
3403 3970 3560 4036 ἀξίαν
3585 3972 3613 4023 ὁ
3634 3969 3860 4031 ἔπαινος

595 4058 982 4129 memorantur)
1031 4063 1293 4130 excludis,
1348 4065 1459 4120 noli
1517 4067 1638 4122 inde
1687 4069 1849 4122 etiam
1908 4069 2171 4137 probrosa

2269 4063 2367 4139 ἦν·
2418 4070 2623 4121 ἐκεῖνον
2661 4068 2739 4134 δὲ,
2778 4069 2860 4123 ὅτι
2907 4071 3029 4132 ταῖς
3056 4067 3286 4130 οἰκείαις
3339 4064 3595 4136 συνεδέθη
3625 4066 3855 4133 φωναῖς.

598 4145 861 4215 proferre.
883 4148 1046 4222 430
1067 4152 1301 4208 Alterqu
1332 4157 1473 4210 enim
1502 4158 1569 4212 ab
1589 4157 1762 4213 altero
1798 4159 2082 4227 dependet,
2116 4169 2173 4214 et

2273 4159 2460 4213 Ταῦτα
2519 4160 2784 4231 μηνύσας,
2834 4159 3236 4231 ἀποκεκρίσθαι
3288 4153 3443 4229 οἴμαι
3496 4157 3684 4227 σαφῶς
3718 4155 3861 4226 πρὸς

594 4236 777 4290 divelli
820 4242 1023 4310 nequit.
1059 4261 1078 4295 ι
1114 4241 1210 4299 llis
1241 4245 1422 4314 itaque
1452 4246 1612 4302 dictis
1642 4257 1821 4304 tantus
1843 4257 2066 4304 exortus
2087 4259 2174 4306 est

1886 4257 2066 4303 tortus
2087 4259 2174 4306 est
2274 4252 2344 4306 τὰ
2368 4251 2517 4325 παρὰ
2536 4254 2635 4323 τῆς
2667 4253 2768 4325 σῆς
2801 4252 3068 4316 συνέσεως
3101 4250 3499 4305 ἀποσταλέντα.

600 4327 907 4414 applausus,
939 4342 998 4387 ut
1056 4344 1112 4390 et
1154 4351 1255 4407 ego
1282 4348 1336 4393 et
1389 4340 1503 4407 ipse
1531 4341 1993 4396 erubesceremus.
2052 4334 2164 4411 Ego
2202 4345 2443 4412 quidem,
2504 4346 2646 4414 quod
2699 4359 2864 4413 supra
2932 4358 3092 4412 quam
3124 4343 3519 4411 dignusessem
3565 4337 3858 4399 laudarer;

598 4409 716 4486 ipse
745 4429 945 4486 autem,
976 4424 1118 4493 quod
1140 4427 1362 4480 suismet
1396 4427 1574 4482 verbis
1611 4428 1937 4483 constrictus
1964 4409 2261 4488 teneretur.
2294 4409 2435 4487 Hoc,
2463 4409 2557 4488 tibi
2593 4433 2737 4488 facto
2771 4409 2999 4498 indicio,
3066 4409 3303 4486 arbitror
3343 4431 3477 4485 satis
3535 4442 3857 4498 reSponsum

595 4526 720 4569 esse
746 4516 1029 4585 perspicue
1078 4520 1145 4573 ad
1188 4535 1273 4585 ea,
1307 4536 1427 4590 qua:
1470 4537 1499 4576 a
1532 4532 1622 4577 tua
1653 4524 1936 4591 prudentia
1985 4525 2051 4581 ad
2088 4541 2174 4582 me
2211 4528 2423 4583 fuerant
2451 4528 2769 4598 perscripta.

708 4607 927 4669 XXXII.
959 4641 1027 4652 —
1055 4612 1428 4671 DOROTIIEO
1471 4604 2061 4675 SPLENDIDISSIMO.
2204 4628 2248 4683 D

2204 4628 2248 4683 Ι)
2446 4623 2570 4677 AB’.
2606 4651 2678 4661 —-
2704 4619 3007 4690 ΔΩΡΟΘΕῼ
3043 4615 3515 4689 ΛΛΜΠΡΟΤΛΤῼ
3545 4613 3679 4685 (21).

989 4702 1068 4757 De
1095 4703 1263 4773 gloria
1285 4709 1591 4763 veneranda:
1622 4712 1813 4765 crucis.
2559 4717 2602 4766 Π

2559 4714 2698 4782 Περὶ
2724 4713 2911 4781 δόξης
2934 4711 3039 4766 τοῦ
3062 4711 3255 4779 τιμίου
3285 4706 3572 4775 σταυροῦ.

679 4791 1097 4849 Celeberrimam
1154 4797 1353 4852 Christi
1386 4814 1600 4856 crucem
1638 4803 1831 4857 merito
1881 4803 2039 4858 liceat
2078 4818 2173 4873 ap-

2348 4804 2451 4857 Τδν
2486 4804 2730 4876 ἀοίδιμον
2760 4802 2987 4875 σταυρὸν
3010 4801 3216 4855 δίκαιον
3239 4798 3578 4871 προσειπεῖν,
3608 4795 3671 4848 οὗ
3696 4794 3863 4867 μόνον

1703 4955 1936 5011 VARUE
1983 4953 2369 5012 LECTIONES
2419 4955 2508 5012 ET
2550 4956 2786 5012 NOTAE.

609 5133 737 5199 tans
767 5138 913 5186 cum,
945 5133 1003 5178 ut
1030 5126 1190 5199 vitam
1225 5129 1324 5183 sibi
1347 5129 1618 5184 innocenti
1652 5131 1961 5187 condonare
1988 5132 2116 5187 velit
2145 5148 2160 5185 :
2341 5130 2478 5187 Nota
2509 5133 2673 5189 etiam
2706 5131 2796 5187 hic
2819 5129 3104 5199 vestigium
3136 5126 3456 5185 eruditionis
3499 5121 3780 5181 saecularis
3806 5122 3861 5178 in

611 5194 947 5270 mihi_tamen
978 5195 1188 5270 nullum
1214 5199 1323 5253 fere
1342 5199 1564 5270 dubium
1583 5211 1686 5270 est,
1718 5202 1845 5270 quin
1879 5212 2034 5270 poeta
2062 5201 2166 5261 sub
2275 5202 2506 5256 Isidoro.

611 5264 832 5341 alterius
876 5276 1101 5341 persona
1148 5268 1225 5341 sic
1261 5282 1321 5321 se
1377 5267 1549 5341 ipsum
1608 5263 1829 5341 laudare
1873 5263 2104 5341 voluerit
2148 5288 2162 5325 :
2345 5272 2461 5341 (l9)
2501 5272 2631 5326 Cod.
2671 5271 2791 5327 Vat.
2820 5269 3051 5340 ἀπονητί
3076 5277 3250 5341 mutat
3281 5269 3334 5341 in
3370 5263 3579 5341 ἀκονιτί
3607 5270 3673 5341 _et
3710 5277 3859 5341 vers.

610 5332 755 5400 quod
780 5340 835 5386 et
857 5332 946 5385 alii
978 5342 1149 5403 poeta!
1176 5337 1294 5391 sine
1315 5329 1755 5401 reprehensione.
1781 5354 1912 5393 suas
1940 5340 2169 5395 virtutes

615 5417 679 5453 ac
721 5402 872 5456 dotes
909 5414 1297 5464 agnoscentes,
1347 5402 1622 5459 iecerunt.
1653 5405 1893 5464 Isidorus
1919 5420 2068 5463 certe
2099 5411 2173 5463 ita

2276 5329 2476 5464 ἓῖξιειὲ
2516 5356 2614 5410 pro
2657 5344 2716 5395 ὲν
2756 5329 2870 5404 τοῖς
2915 5329 3418 5410 οὐρανοεςαίιεὺοι,
3455 5336 3538 5398 εἰς
3567 5329 3858 5402 οὐρανούς.

615 5417 679 5472 ac
721 5402 886 5472 dotes,
909 5402 1297 5472 agnoscentes,
1347 5402 1622 5459 iecerunt.
1653 5405 1893 5465 Isidorus
1919 5420 2068 5463 certe
2099 5411 2173 5463 ita
2278 5402 2493 5466 Possm.

617 5471 734 5552 haec
780 5469 1532 5552 verba'_accepisse_yidetur,
1562 5479 1736 5552 _quasi
1764 5481 1830 5532 de
1860 5493 1918 5532 se
1948 5479 2065 5546 ipso
2093 5493 2177 5552 ea

2354 5480 2467 5552 (20)
2500 5478 2616 5552 Pro
2648 5480 2947 5552 είσϐάλλων
2978 5479 3122 5552 idem
3153 5478 3278 5552 cod.
3329 5474 3517 5552 scribit
3553 5469 3859 5552 ξκβάλλωγ,

620 5540 1554 5621 protulissetllOIrierus._Maximtis
1562 5540 1759 5614 Tyrius
1785 5540 2177 5621 quoque,_phi-
2279 5557 2335 5604 et
2353 5540 2504 5621 vers.
2529 5549 2656 5621 inde
2675 5551 2732 5613 4,
2766 5561 2888 5621 post
2914 5549 3102 5618 ἐπειδή
3126 5548 3277 5621 addit
3306 5547 3529 5621 πάντες.
3567 5540 3677 5621 Illi.
3703 5540 3855 5594 verb.

621 5610 873 5689 Iosephus
894 5608 1219 5689 Blatonicus,
1239 5609 1576 5689 διαλὲειιὲε,
1600 5608 1817 5671 versuto
1831 5608 2177 5676 Homericum
2280 5619 2451 5689 epist.
2472 5633 2576 5689 non
2599 5608 2790 5683 ἀποσᾷ
2823 5621 2918 5676 sed
2949 5608 3311 5689 ἐπισταλέντα
3333 5614 3543 5689 scribit.
3574 5609 3789 5689 Ροξειιξο

594 5672 931 5763 τεςεὶιζεέιι
959 5676 1025 5729 ad
1062 5677 1205 5763 initio
1234 5672 1449 5763 modum
1474 5691 1505 5763 ἰ
1522 5748 1533 5756 υ
1562 5672 1573 5678 ’
1682 5690 1721 5763 “.
1936 5672 1939 5673 ⁷
1974 5756 1987 5763 _

2292 5672 2631 5763 7'.(“21)l_’Pm‘i
2654 5672 3026 5763 λαμὲτῷέὰτῳ
3075 5689 3193 5744 cod.
3249 5686 3370 5743 Vat.
3416 5683 3522 5741 650
3561 5681 3712 5752 ponit
3742 5678 3858 5732 δια-

625 5744 1057 5807 Λὺτοδίδακτος
1077 5744 1128 5798 δ’
1149 5748 1265 5807 εὶμί
1282 5763 1293 5775 ’
1333 5747 1450 5802 θεοί
1470 5747 1534 5803 δέ
1562 5767 1658 5825 μοι
1688 5751 1942 5810 ὤπασαν
1957 5754 2174 5828 ὀμφήν.
2280 5744 2459 5829 advin
2478 5757 2552 5812 In.
