4084 6358
592 368 728 452 109.7

1778 389 1839 451 S.
1882 390 1983 451 ISI
1996 391 2178 452 DORI
2218 393 2655 456 PELUSIOT£

3732 388 3864 455 1088

594 498 825 567 turpiter
846 496 1111 561 vixerunt.
1140 502 1196 552 et
1249 494 1665 561 miserabiliterf
1694 497 1862 553 vitam
1908 498 2181 555 finierunt.

2292 504 2389 574 μὲν
2417 505 2699 575 ζήσαντες,
2736 501 2985 566 ὲλεεινῶς
3012 500 3070 556 et
3098 499 3189 555 τὸν
3223 499 3336 570 βίον
3363 496 3864 570 καταστρέψαντες.

594 586 686 640 llic
717 587 859 641 enim
903 584 1106 640 sororis
1154 598 1266 641 suae
1315 585 1505 641 eodem
1552 594 1708 656 patre
1752 588 1949 659 genita:
1995 604 2183 644 amore

594 688 804 747 captus,
842 692 962 731 cum
996 677 1383 747 prohiberetur
1420 679 1649 747 pudore,
1684 680 1975 748 quominus
2014 689 2176 734 natu-

594 783 710 823 ram
743 766 878 821 adeo
908 766 1010 820 sibi
1046 776 1333 835 cognatam
1368 767 1670 836 capularet,
1697 767 1946 824 aﬂ‘ectum
1978 771 2180 826 amoris

592 871 714 912 cum
741 858 973 926 quodam
1004 872 1189 911 eorum
1217 873 1353 927 quos
1399 859 1501 913 sibi
1531 859 1737 915 amicos
1763 876 1884 916 esse
1903 863 2182 919 existima-

592 946 706 1010 bat,
740 950 1184 1002 communicavit.
1220 949 1291 1003 At
1328 950 1372 1004 is
1409 951 1555 1006 hunc
1611 950 1859 1006 affectum
1890 969 1995 1008 non
2022 956 2182 1009 modo

592 1053 700 1091 non
731 1040 1008 1103 exstinxit,
1044 1054 1218 1106 neque
1242 1041 1417 1109 ipsum
1450 1057 1477 1094 a
1513 1040 1721 1111 ﬂagitio
1749 1046 1966 1109 avertit,
2000 1061 2179 1116 neque

592 1128 901 1184 deterrendi
926 1146 1088 1184 causa
1128 1132 1258 1185 dixit
1297 1150 1312 1185 :
1344 1132 1462 1187 Noli
1512 1147 1649 1188 nova
1692 1133 1746 1187 in
1789 1136 1957 1190 vitam
1994 1137 2183 1191 huma-

593 1234 721 1275 nam
763 1220 1058 1289 importare
1113 1223 1496 1291 tragmdiarum
1549 1236 1917 1295 argumenta;
1984 1242 2177 1283 verum

593 1311 757 1366 etiam
817 1312 958 1365 viam
1016 1328 1088 1368 .ac
1140 1314 1406 1367 rationem
1475 1313 1577 1384 ipsi
1655 1316 2017 1386 excogitavit,
2070 1333 2179 1388 quo

594 1412 755 1473 pacto
785 1415 1104 1474 conceptum
1143 1407 1326 1462 animo
1357 1406 1509 1464 nefas
1533 1418 1893 1479 perpetraret.
1925 1411 2059 1468 Cum
2085 1412 2183 1482 igi-

597 1504 686 1550 tur
719 1496 772 1551 id
808 1495 999 1553 fuisset
1029 1497 1143 1567 jam
1168 1508 1483 1567 exsecutus,
1521 1501 1848 1570 supplicium
1882 1502 1979 1558 luit
2000 1514 2184 1559 extre-

598 1602 767 1652 mum,
789 1589 1002 1644 violatae
1034 1590 1238 1645 sororis
1269 1590 1437 1648 fratre
1463 1592 1651 1647 eadem
1683 1602 1858 1649 matre
1881 1601 2009 1649 nato
2038 1594 2184 1663 inju-

598 1676 692 1731 riae
719 1678 877 1748 hujus
920 1690 1195 1736 auctorem
1224 1694 1323 1751 per
1369 1680 1600 1737 famulos
1624 1695 1757 1738 nece
1786 1683 1970 1738 oblata
1994 1699 2181 1754 perse-

597 1780 817 1836 quente.
856 1769 949 1825 Sic
965 1786 1095 1842 ergo
1121 1772 1354 1840 turpiter
1383 1771 1546 1827 simul
1587 1787 1653 1828 ac
1689 1774 2074 1830 miserabiliter
2100 1776 2182 1830 vi-

598 1869 708 1914 tam
745 1858 882 1915 finiit
924 1862 1138 1917 Amnon
1191 1863 1260 1917 ”.
1300 1863 1453 1918 Alter
1499 1874 1703 1931 autem,
1749 1865 1840 1935 qui
1873 1879 2066 1934 poenas
2110 1865 2179 1921 ab
2211 1848 2254 1904 Β

596 1947 701 2004 hoc
773 1951 989 2019 repetiit
1021 1952 1159 2021 (sive
1194 1953 1337 2022 quod
1382 1954 1724 2025 tyrannidem
1755 1957 2177 2026 concupivisset,

594 2041 711 2097 sive
760 2042 905 2112 quod
954 2042 1273 2113 iniuriarum
1330 2046 1648 2101 memoriam
1681 2048 1941 2104 adversus
1966 2060 2176 2118 patrem

593 2142 948 2189 conservaret
1001 2134 1143 2203 apud
1200 2136 1465 2200 animum,
1495 2138 1641 2206 quod
1678 2138 1933 2192 nimirum
1969 2140 2017 2195 is
2069 2154 2177 2195 non

595 2223 765 2279 solum
795 2239 900 2279 non
924 2226 1254 2281 vindicasset
1284 2226 1408 2282 filiae
1435 2226 1636 2282 illatam
1658 2230 2063 2296 contumeliam,
2082 2230 2177 2286 sed

593 2316 757 2370 etiam
804 2314 1037 2370 ultorem
1095 2317 1211 2383 ejus
1269 2326 1551 2373 aversatus
1585 2333 1613 2371 a
1654 2333 1714 2374 se
1765 2321 2073 2391 repulisset,
2122 2332 2179 2378 et

593 2408 845 2477 quamvis
874 2417 1094 2477 rogatus
1127 2409 1473 2479 monitusque
1502 2410 1568 2465 de
1595 2410 1711 2479 ipso
1738 2410 1797 2464 in
1826 2413 2056 2482 gratiam
2089 2427 2175 2468 re-

593 2499 864 2569 cipiendo,
896 2511 1077 2555 tamen
1107 2516 1174 2557 ne
1191 2502 1270 2557 sic
1299 2504 1514 2573 quidem
1548 2503 1725 2571 ipsum
1754 2504 1806 2557 ln
1831 2511 2177 2573 conspectum

592 2593 923 2659 admisisset,
959 2594 1064 2650 nisi
1111 2595 1327 2649 tandem
1375 2594 1528 2650 ducis
1562 2595 1768 2649 militiae
1818 2594 2019 2649 astutia
2077 2594 2181 2648 hoc

592 2680 917 2755 eﬂ‘ecisset),
965 2685 1106 2755 patri
1158 2684 1475 2751 rebellavit,
1523 2687 1683 2755 eique
1739 2685 1831 2755 qui
1880 2684 2020 2739 male
2076 2683 2179 2753 ipsi

2298 593 2357 647 Ὀ
2397 595 2498 665 μὲν
2528 595 2640 665 γὰρ
2670 594 2770 665 τῆς
2806 591 3141 664 ὁμοπατρίου
3175 590 3413 661 ἀδελφῆς
3444 590 3721 661 ἐρασθεὶς,
3775 596 3867 648 καὶ

2283 686 2671 757 αἰσχυνόμενος
2716 685 2815 757 τὴν
2873 684 3036 754 φύσιν
3088 683 3211 738 καθ’
3261 683 3462 752 ἑαυτὴν
3495 682 3869 755 ἐπιφυομένην

2286 775 2540 846 συνάψαι,
2584 773 2910 829 ἐκοινώσατο
2962 772 3026 826 τὸ
3066 772 3236 836 πάθος
3272 772 3379 825 τινὶ
3428 770 3538 824 τῶν
3564 769 3867 825 δοκούντων

2284 866 2484 937 φίλων
2536 868 2564 920 ὁ
2619 865 2676 919 δὲ
2705 865 2767 919 ού
2822 864 2984 936 μόνον
3035 864 3136 917 οὐκ
3185 862 3374 915 ἐσὸεσε
3419 862 3480 915 τὸ
3510 861 3700 926 πάθος,
3744 863 3865 915 οὐδὲ

2285 955 2669 1028 ἀπεστρέψατο
2721 954 2816 1009 τοῦ
2879 956 3080 1023 ἄγους’
3131 953 3253 1007 οὐδὲ
3343 948 3465 1007 εἷπε
3488 969 3502 983 ·
3560 952 3654 1024 Μὴ
3709 953 3869 1007 καινά

2262 1047 2601 1119 εἰσενέγκῃς
2631 1048 2711 1109 εἰς
2736 1046 2826 1099 τὸν
2874 1046 2989 1117 βίον
3017 1045 3302 1116 δράματαο
3332 1043 3470 1096 ἀλλά
3520 1045 3613 1097 καὶ
3646 1043 3867 1114 μέθοδον

2283 1135 2435 1206 αὐτῷ
2466 1134 2717 1205 ἐφεῦρεν,
2748 1134 2897 1198 ὅπως
2918 1133 3134 1206 δράσειε
3157 1132 3219 1186 τὸ
3244 1134 3398 1201 ἄγος.
3428 1133 3644 1203 Δράσας
3665 1132 3864 1196 τοίνυν,

2284 1224 2443 1297 δίκην
2501 1225 2703 1279 δέδωκε
2759 1224 2859 1296 τὴν
2911 1224 3168 1295 ἐσχάτην,
3223 1224 3316 1278 τοῦ
3371 1225 3715 1296 ὁμομητρίου
3769 1224 3870 1295 τῆς

2286 1317 2637 1388 ὑϐρισθείσης
2677 1316 2913 1386 ἀδελφῆς
2935 1315 3022 1370 διά
3064 1316 3171 1369 τῶν
3203 1316 3431 1369 οἰκετῶν
3460 1317 3644 1386 σφαγῇ
3678 1316 3871 1387 μετελ-

2286 1408 2469 1472 θόντος
2489 1408 2579 1461 τὸν
2604 1406 2886 1479 ὑϐριστήν.
2913 1404 3073 1459 Οὕτω
3097 1404 3197 1475 μὲν
3218 1400 3311 1460 οὗν
3334 1405 3573 1477 αἰσχρῶς
3594 1407 3691 1460 καὶ
3711 1406 3872 1460 ἐλεει-

2283 1500 2391 1564 νῶς
2433 1502 2463 1553 ὁ
2507 1500 2719 1568 ’Δμνῶν
2760 1498 2853 1552 τὸν
2903 1498 3017 1569 βίον
3062 1497 3451 1568 κατέστρεψεν.
3499 1497 3559 1550 Ὀ
3592 1498 3649 1551 δὲ
3678 1498 3870 1552 τοῦτον

2284 1588 2442 1654 δίκας
2478 1590 2809 1660 ἀπαιτήσας,
2844 1589 2954 1642 εἴτε
2994 1588 3307 1661 τυραννίδος
3341 1588 3483 1660 ἐρῶν
3514 1588 3646 1657 (εἴτε
3674 1605 3872 1659 μνησι-

2285 1679 2472 1734 κακῶν
2504 1680 2583 1752 τῷ
2626 1680 2819 1752 πατρὶ,
2863 1680 2947 1733 ὅτι
2995 1680 3055 1733 οὐ
3112 1679 3271 1751 μόνον
3299 1679 3401 1733 οὐκ
3443 1678 3727 1749 ἐξεδίκησε
3773 1678 3875 1748 τῆς

2285 1770 2556 1842 θυγατρὸς
2583 1770 2684 1843 τὴν
2731 1770 2909 1842 ὕϐριν,
2969 1769 3107 1823 ἀλλά
3134 1770 3230 1823 καὶ
3261 1769 3352 1822 τὸν
3383 1769 3733 1840 ἀμυνάμενον
3764 1768 3874 1822 ἀπ-

2282 1860 2601 1932 εστρέφετο,
2627 1860 2723 1915 καὶ
2760 1859 3155 1932 παρακληθεὶς,
3185 1859 3309 1913 οὐδὲ
3340 1857 3517 1922 οὕτως
3553 1857 3717 1912 αὐτὸν
3759 1857 3877 1912 ἐδά-

2285 1968 2412 2024 χετο
2440 1954 2520 2015 εἰς
2552 1950 2697 2021 ὄψιν,
2731 1954 2782 2005 εἰ
2813 1950 2889 2022 μὴ
2921 1948 3147 2020 ὕστερον
3175 1951 3207 2021 ἡ
3234 1948 3331 2004 τοῦ
3366 1949 3675 2021 στρατηγοῦ
3708 1949 3876 2019 σοφία

2282 2043 2442 2098 τοῦτο
2475 2040 2935 2110 κατεσκεύασεν),
2955 2043 3311 2098 ἐπανίσταται
3343 2040 3421 2113 τῷ
3448 2044 3640 2111 πατρὶ,
3673 2041 3771 2095 καὶ
3797 2041 3878 2112 τῷ

2284 2135 2471 2199 κακῶς
2509 2132 2659 2205 αὐτῷ
2715 2133 3204 2204 συμϐουλεύσαντι,
3237 2133 3333 2187 καὶ
3360 2132 3487 2195 τοὺς
3524 2132 3625 2203 τῆς
3656 2130 3878 2201 φύσεως

2283 2224 2585 2298 ἀνατρέψαι
2633 2225 2893 2296 θεσμοὺς,
2945 2224 3038 2279 καὶ⁵
3086 2224 3215 2288 τοὺς
3260 2224 3361 2294 τῆς
3412 2220 3611 2294 μίξεως
3648 2221 3877 2294 ὑϐρίσαι

2285 2318 2506 2388 νόμους,
2538 2314 2788 2388 ἐπείσθη.
2835 2314 3102 2370 Τοσοῦτόν
3152 2317 3267 2369 ἐστι
3294 2314 3463 2368 κακὸν
3492 2316 3527 2385 ἡ
3574 2312 3684 2367 τῶν
3714 2309 3879 2368 κακί-

2285 2426 2429 2463 στων
2457 2406 2732 2463 συνουσία.
2770 2406 2911 2460 Ἀλλ’
2941 2407 3001 2460 ού
3041 2406 3297 2476 διέφυγεν
3325 2404 3440 2459 οὗθ’
3472 2399 3648 2469 οὗτος,
3695 2404 3828 2457 οὔτε
3854 2406 3881 2459 6

2285 2497 2875 2571 παρασυμδουλεύσας,
2909 2498 3010 2567 τὴν
3038 2496 3278 2565 ἄφυκτον
3313 2495 3469 2567 δίκην
3489 2510 3504 2527 ·
3532 2493 3668 2548 ἀλλά
3714 2492 3881 2566 δίκην

2286 2590 2497 2644 ἔδοσαν.
2526 2589 2626 2643 Ἰν*
2652 2583 2746 2642 οὖν
2780 2589 2947 2660 μηδὲν
2969 2586 3208 2641 τοιοῦτον
3238 2586 3377 2656 μήτε
3400 2584 3711 2657 δράσωμεν,
3740 2584 3880 2656 μήτε

2288 2683 2572 2754 πάθωμεν,
2601 2679 2895 2751 φεύγωμεν
2922 2680 3021 2751 τὴν
3048 2677 3157 2732 τῶν
3182 2678 3391 2747 ἐναγῶν
3415 2676 3657 2748 ὁμιλίαν.

593 2772 961 2841 consuluerat,
991 2790 1051 2829 ut
1078 2787 1132 2829 et
1154 2783 1363 2829 naturae
1398 2772 1603 2830 fmdera
1629 2784 1920 2842 everteret,
1947 2786 2003 2829 et
2059 2773 2461 2829 commistionis
2495 2773 2641 2842 leges
2706 2770 3105 2827 contumeliose
3168 2768 3417 2833 violaret,
3483 2765 3880 2833 obsequentem

591 2878 652 2919 se
694 2867 945 2935 praebuit.
980 2865 1212 2921 Tantum
1263 2868 1391 2923 mali
1450 2866 1605 2923 affert
1652 2869 2173 2937 improbissimorum
2215 2869 2493 2923 hominum
2513 2867 2849 2923 consuetudo
2876 2873 2931 2919 et
3000 2862 3363 2918 familiaritas.
3384 2859 3490 2915 Sed
3523 2873 3699 2928 neque
3761 2855 3877 2937 hic.

592 2972 767 3025 neque
791 2957 899 3024 ille,
948 2961 1039 3029 qui
1071 2958 1265 3014 nefarii
1304 2966 1498 3014 auctor
1559 2960 1770 3016 consilii
1842 2959 2052 3026 fuerat,
2104 2960 2343 3015 divinam
2418 2956 2973 3019 animadversionem.
3047 2968 3209 3023 quam
3258 2951 3402 3006 nulla
3459 2959 3577 3003 arte
3637 2945 3882 3017 eﬂugere

591 3048 738 3118 licet,
764 3052 938 3107 evasit
972 3071 986 3108 :
1022 3054 1115 3109 sed
1160 3055 1319 3109 ambo
1360 3068 1548 3123 pinnas
1589 3055 1942 3110 dederunt".
1990 3056 2174 3122 Quare
2212 3069 2279 3112 ne
2352 3055 2483 3126 quid
2548 3067 2647 3109 nos
2717 3065 2935 3122 quoque
2985 3048 3164 3106 simile
3213 3046 3299 3103 vel
3350 3052 3727 3116 perpetremus
3790 3048 3885 3101 vel

591 3148 980 3219 perpetiamur,
1026 3147 1415 3204 sceleratorum
1454 3149 1733 3206 hominum
1785 3152 2173 3208 commercium
2212 3149 2348 3208 velis
2379 3150 2649 3220 remisque
2672 3147 2963 3220 fugiamus.

896 3264 1141 3321 XXXVI.
1168 3295 1236 3311 -—
1278 3266 1504 3325 PETBO
1527 3268 1886 3328 MONACHO.

589 3354 661 3412 In
699 3355 831 3432 illud
888 3355 1050 3412 Pauli
1097 3358 1377 3432 dictum}
1415 3358 1476 3414 Si
1520 3361 1638 3430 ﬁeri
1695 3372 1898 3429 potest,
1948 3365 2088 3432 quod
2127 3364 2180 3415 in

658 3430 801 3503 nobis
855 3437 973 3503 _e_st,
1017 3444 1135 3483 cum
1205 3429 1448 3485 omnibus
1498 3429 1793 3485 hominibus
1849 3429 2028 3503 pacem
2081 3431 2181 3486 Ita-

647 3499 821 3553 bentes
854 3497 923 3551 ".
963 3515 981 3548 ι

657 3610 777 3674 Est,
799 3625 831 3666 ο
865 3609 947 3664 vir
980 3611 1287 3677 erudite,et
1320 3611 1517 3668 bellum
1564 3622 1816 3671 sanctum
1853 3630 1916 3671 ac
1950 3613 2179 3683 justum,

592 3713 649 3757 et
678 3718 778 3770 pax
819 3703 965 3758 omni
998 3704 1323 3774 implacabili
1354 3722 1530 3777 pugna
1561 3705 1852 3774 difficilior,
1883 3710 2178 3764 secundum

594 3790 724 3846 illud
755 3791 981 3861 (Psalmi
1011 3794 1239 3862 dictum)
1278 3814 1292 3852 :
1347 3815 1366 3849 ι
1404 3798 1583 3854 Zelavi
1617 3814 1779 3870 super
1815 3800 2051 3871 iniquos,
2082 3815 2181 3869 pa-

598 3896 718 3938 cem
750 3896 1095 3951 peccatorum
1129 3887 1315 3945 videns
1341 3889 1408 3944 ".
1459 3909 1477 3943 ι
1512 3889 1649 3945 Nam
1688 3892 1925 3947 latrones
1964 3893 2179 3961 quidem

596 3975 739 4030 inter
763 3991 884 4032 sese
899 3980 1250 4047 paciscuntur
1290 3990 1481 4037 contra
1521 3998 1617 4038 eos
1647 3985 1738 4053 qui
1772 3983 1916 4037 nulla
1949 3999 2008 4040 re
2035 3984 2181 4053 ipsos

596 4064 855 4123 laeserunt
904 4070 1099 4125 armati
1141 4089 1157 4126 :
1187 4070 1353 4143 432
1388 4073 1485 4127 sed
1521 4081 1575 4127 et
1605 4072 1715 4142 lupi
1766 4083 2179 4145 congregantur,

594 4160 803 4229 quoties
827 4163 1143 4233 sanguinem
1175 4164 1386 4226 sitiunt,
1450 4172 1506 4219 et
1548 4163 1762 4219 adulter
1781 4179 1905 4220 cum
1936 4166 2178 4221 adultera

593 4263 781 4322 pacem
819 4250 969 4320 colit,
989 4263 1045 4307 et
1065 4260 1334 4307 scortator
1368 4267 1488 4307 cum
1513 4269 1613 4310 suo
1639 4266 1837 4311 scorto.
1869 4254 1987 4311 Noli
2015 4257 2182 4326 igitur

594 4340 928 4406 existimare,
965 4356 1150 4411 pacem
1178 4342 1375 4413 ubique
1409 4353 1460 4399 et
1497 4361 1594 4414 per
1616 4345 1793 4400 omnia
1820 4347 2015 4402 bonam
2037 4362 2176 4404 esse.

596 4429 690 4485 Est
711 4433 854 4485 enim
885 4447 1258 4501 saepenumero
1292 4436 1482 4504 quovis
1531 4436 1671 4492 bello
1713 4436 1900 4492 durior
1929 4446 1984 4493 et
2023 4439 2176 4495 dete-

596 4522 728 4578 rior.
761 4521 895 4577 Nam
917 4539 1040 4579 cum
1077 4525 1202 4596 quis
1231 4541 1417 4595 pacem
1446 4529 1576 4583 colit
1608 4544 1730 4583 cum
1774 4526 2042 4597 ejusmodi
2074 4532 2173 4586 hoc

2207 3252 2255 3315 C

2659 3268 2793 3334 Δεῖν.
2831 3295 2903 3306 -
2938 3264 3165 3334 ΠΕΤΡῼ
3196 3240 3509 3330 ΜΟΝΑΧῼ.

2290 3361 2361 3415 Τό
2380 3378 2396 3394 ο
2439 3378 2457 3412 ι
2494 3360 2564 3413 Εἰ
2603 3356 2869 3412 δυνατὸν
2900 3354 2963 3407 τὸ
3006 3352 3077 3418 ἐξ
3109 3352 3277 3421 ὑμῶν
3314 3351 3465 3421 μετὰ
3502 3352 3747 3404 πάντων
3775 3348 3885 3404 ἀν-

2689 3425 2937 3496 θρώπων
2970 3424 3407 3494 εἰρηνεύοντες.
3446 3440 3464 3474 ι

2358 3615 2569 3679 Ἔστιν,
2617 3606 2662 3666 ὧ
2698 3611 2849 3679 σοφὲ,
2883 3609 2979 3664 καὶ¹
3022 3609 3259 3680 πόλεμος
3286 3606 3510 3679 εὐαγὴς,
3557 3606 3652 3660 καὶ
3682 3606 3882 3679 εἰρήνη

2284 3706 2464 3776 πάσης
2480 3703 2747 3760 ἀσπόνδου
2772 3702 2952 3773 μάχης
2969 3699 3379 3771 ἀργαλεωτέρα,
3407 3697 3550 3752 κατά
3567 3697 3648 3751 τό*
3676 3716 3693 3749 ι
3718 3697 3885 3770 Ἐζὴο

2282 3799 2433 3852 λωσα
2476 3796 2569 3850 ἐπὶ
2615 3798 2727 3858 τοῖς
2782 3794 3030 3864 ἀνόμοις,
3083 3793 3308 3864 εἰρήνην
3356 3788 3700 3862 ἁμαρτωλῶν
3741 3789 3882 3845 θεωο

2286 3883 2415 3956 ρῶν.
2462 3901 2479 3933 ι
2520 3881 2731 3955 Λῃσταὶ
2780 3880 2880 3952 μὲν
2930 3880 3040 3953 γὰρ
3089 3879 3224 3951 πρὸς
3254 3877 3518 3950 ἀλλήλους
3553 3876 3882 3933 σπένδονται

2282 3975 2426 4030 κατά
2456 3975 2564 4029 τῶν
2612 3973 2780 4045 μηδὲν
2827 3972 3158 4027 ἀδικούντων
3209 3971 3589 4041 ὁπλιζόμενοιο
3628 3968 3787 4023 λύκοι
3826 3969 3882 4024 δὲ

2284 4066 2769 4137 συναγελάζονται,
2823 4067 2953 4120 ὅταν
2996 4066 3244 4136 αἱμάτων
3291 4062 3524 4133 διψῶσιο
3565 4061 3660 4115 καὶ
3707 4062 3736 4115 ὁ
3777 4063 3882 4132 μὲν

2286 4161 2469 4233 μοιχὸς
2494 4159 2764 4231 είρηνεύει
2789 4160 2924 4230 πρὸς
2953 4158 3051 4229 τὴν
3079 4155 3478 4229 μοιχευομένην
3500 4171 3514 4188 ο
3532 4155 3562 4207 ὁ
3587 4153 3647 4207 δὲ
3677 4154 3883 4226 πόρνος

2283 4253 2419 4325 πρὸς
2447 4253 2542 4323 τὴν
2573 4251 2995 4322 πορνευομένην.
3021 4251 3114 4320 Μὴ
3146 4249 3328 4303 τοίνυν
3358 4246 3637 4318 πανταχοῦ
3660 4246 3760 4318 τὴν
3796 4249 3882 4300 εἰ·

2284 4347 2453 4419 ρήνην
2472 4344 2659 4417 νόμιζε
2681 4338 2823 4398 εῖναι
2847 4342 3033 4396 καλόν.
3062 4341 3220 4394 Ἐστι
3245 4338 3353 4411 γάρ
3376 4338 3641 4402 πολλάκις
3669 4338 3880 4401 παντὸς

2281 4436 2526 4507 πολέμου
2555 4434 2934 4506 χαλεπωτέρα.
2964 4431 3135 4487 Ὅταν
3163 4431 3270 4504 γάρ
3304 4447 3387 4496 τις
3416 4430 3554 4503 πρὸς
3582 4431 3709 4494 τοὺς
3731 4431 3881 4485 κατά

2280 4529 2380 4599 τῆς
2414 4527 2668 4599 προνοίας
2703 4524 3073 4588 ὑλακτοῦντας
3119 4522 3399 4597 εἰρηνεύῃ,
3448 4522 3704 4593 καὶπρὸς
3744 4524 3878 4586 τοὺς

599 4613 858 4680 minibus,
891 4615 982 4684 qui
1007 4617 1267 4672 adversus
1290 4616 1698 4675 Providentiam
1727 4621 1946 4687 latrant,
1968 4633 2021 4676 et
2050 4637 2172 4677 cum

2284 4622 2397 4683 τοῖς
2419 4618 2555 4689 βίοις
2576 4618 2831 4691 ἀχρείους
2860 4616 2957 4688 τὴν
2978 4616 3164 4687 κοινὴν
3190 4615 3465 4687 λοχῶντας
3496 4617 3588 4669 καὶ
3612 4616 3675 4668 λυ
3684 4632 3879 4687 μαινο-

596 4701 662 4756 iis
689 4704 777 4771 qui
804 4704 911 4759 vita
941 4705 1139 4762 nullius
1169 4707 1328 4776 pretii
1363 4718 1526 4779 atque
1560 4710 1803 4781 improba
1831 4728 2173 4768 communem

594 4792 756 4847 vitam
793 4795 1042 4865 polluunt
1090 4806 1147 4851 et
1187 4807 1421 4867 vastant,
1454 4798 1630 4856 foedus
1683 4801 1810 4858 ferit
1845 4804 1974 4860 :hic
2017 4804 2177 4874 longe

593 4882 855 4954 longeque
888 4900 917 4939 a
940 4886 1088 4957 pacis
1116 4890 1361 4944 terminis
1380 4891 1660 4949 submotus
1682 4893 1846 4964 degit.
1865 4891 1995 4960 Quae
2011 4908 2175 4950 causa

593 4989 805 5045 quoque
835 4986 917 5031 est
951 4993 1049 5033 cur
1083 4978 1283 5038 Paulus
1325 4983 1525 5039 dixerit
1565 5001 1580 5038 :
1638 5002 1658 5037 ι
1718 4983 1775 5039 Si
1808 4983 1925 5039 fieri
1975 4993 2174 5055 potest,

2286 4709 2481 4782 μένους
2504 4708 2779 4763 πολιτείαν
2817 4706 3116 4776 σπένδηται
3139 4721 3152 4734 ·
3182 4698 3339 4769 οὗτος
3371 4702 3480 4757 τῶν
3510 4703 3608 4774 τῆς⁸
3646 4704 3877 4774 εἰρήνης

2280 4802 2425 4872 ὅρων
2454 4802 2643 4874 πόρῤω
2678 4817 2782 4854 που
2834 4798 3143 4869 ὲσκήνωται
3181 4796 3276 4850 xui.
3310 4794 3549 4867 μακράν.
3611 4793 3690 4846 Δι’
3725 4792 3756 4846 ὃ
3782 4792 3876 4847 καὶ

2280 4893 2309 4946 ὁ
2357 4893 2570 4958 Παῦλος
2600 4891 2824 4962 ἐλεγενς
2862 4909 2881 4942 ι
2926 4892 2991 4945 El.
3044 4888 3272 4943 δυνατὸν
3317 4887 3379 4943 τὸ
3429 4886 3489 4953 ἐξ
3539 4884 3697 4958 ὑμῶν
3734 4885 3877 4958 μετά

2278 4986 2497 5040 πάντων
2535 4984 2841 5058 ἀνθρώπων
2886 4981 3279 5055 εἰρηνεύοντες.
3322 4998 3342 5033 ›
3378 4977 3574 5049 Σαφῶς
3637 4976 3748 5049 γὰρ
3780 4977 3876 5030 πί-

593 5064 734 5133 qnod
767 5066 816 5119 in
843 5068 995 5123 vobis
1042 5081 1153 5135 est,
1199 5089 1319 5128 cum
1354 5075 1607 5130 omnibus
1639 5073 1947 5131 hominibus
1981 5089 2170 5145 pacem

2283 5091 2462 5143 στατο,
2491 5075 2573 5130 ὅτι
2605 5075 2753 5130 ἐστὶν
2782 5075 2918 5129 ὅπου
2960 5073 3021 5127 οὐ
3049 5071 3296 5127 δυνατόν.

594 5154 918 5213 babentes'.
958 5177 978 5211 ι
1029 5159 1203 5218 Probe
1254 5166 1401 5219 (‘llIlIl
1460 5174 1705 5231 noverat,
1744 5166 2013 5223 interdum
2054 5165 2172 5222 fieri

593 5259 702 5302 non
735 5262 911 5318 posse.

849 5338 1115 5399 XXXVII.
1148 5372 1208 5383 —
1246 5341 1556 5400 EUTONIO
1590 5345 1907 5402 DIACONO.

846 5427 1100 5499 Ejusdem
1143 5448 1260 5485 cum
1298 5434 1565 5503 superiore
1594 5437 1914 5506 argumenti.

663 5517 889 5590 Oportet
919 5538 1027 5577 non
1060 5538 1187 5594 erga
1218 5538 1335 5591 eos,
1382 5528 1473 5596 qui
1506 5529 1560 5582 in
1608 5530 1835 5599 gratiam
1870 5531 2047 5587 redire
2071 5544 2172 5588 no-
2258 5548 2263 5553 '

592 5603 731 5676 lunt,
772 5611 1166 5683 implacabilem
1188 5630 1340 5683 esse,
1368 5621 1465 5677 sed
1510 5622 1687 5690 potius
1708 5662 1721 5688 ,
1766 5631 2026 5693 quantum
2056 5623 2174 5694 qni-

670 5763 733 5795 -⁹⁶
765 5761 808 5817 ll
833 5762 964 5835 Reg.
998 5784 1098 5837 xu,
1137 5772 1157 5826 Ι
1196 5787 1345 5846 seqq.
1422 5776 1487 5808 "‘
1528 5775 1567 5830 ll
1609 5771 1739 5849 Reg.
1771 5792 1859 5833 xlv
1889 5788 1942 5833 et
1970 5795 2061 5834 xv.
2136 5780 2181 5812 "’
2213 5778 2370 5837 Rom.
2402 5798 2498 5849 λιι,
2537 5783 2619 5837 18.
2697 5781 2903 5839 "Psal.
2937 5798 3111 5849 usti,
3152 5783 3206 5842 5.

2612 5355 2734 5409 ΛΖ’.
2764 5383 2837 5394 -
2868 5351 3167 5422 erromo
3203 5346 3529 5419 ΔιΑκοΝᾳ.

2937 5443 3195 5512 Ὅμοιον.

2351 5534 2475 5607 Χρὴ
2500 5536 2563 5589 οὐ
2591 5537 2701 5599 τοῖς
2733 5534 2807 5606 μὴ
2836 5531 3221 5603 σπενδομὲνοις
3248 5528 3517 5586 ἄσπονδον
3540 5521 3706 5594 εἷναι,
3727 5523 3872 5582 ἀλλὰ

2286 5626 2486 5696 μᾶλλον
2525 5625 2872 5694 σπένδεσθαι,
2906 5626 3034 5694 τόγε
3063 5623 3335 5696 ἡμέτερον
3386 5621 3574 5696 μέρος,
3616 5619 3712 5673 καὶ
3748 5618 3874 5677 τοῖς

3282 5780 3327 5814 "
3360 5779 3517 5836 Rom.
3538 5789 3638 5843 xu,
3670 5774 3753 5831 l8.
