4084 6354
285 323 430 394 1089
1212 323 1753 386 EPISTOLARUM
1791 323 1941 386 LIB.
1985 323 2082 388 tv.
2123 351 2193 363 -
2231 327 2471 390 EI’IST.
2512 327 2634 390 XL.
3429 331 3566 402 ιορο

283 435 600 502 ἁσπύνδοις,
648 435 765 506 εἴγε
815 435 982 509 μηδὲν
1037 435 1073 508 ἠ
1113 435 1368 492 εὐσέϐεια
1403 435 1857 508 παρασλάπτοιτο

1985 436 2106 492 dem
2135 438 2186 494 in
2221 440 2380 496 nobis
2405 449 2490 496 est
2528 441 2724 507 situm,
2755 440 2918 498 etiam
2972 456 3098 499 cum
3135 441 3566 511 Implacabilibus

279 529 396 584 Καὶ
427 527 576 581 τοῦτ’
613 526 762 582 εστιν
790 528 902 599 ἄρα
927 529 1066 598 ὅπερ
1098 529 1127 582 ὀ
1165 527 1454 592 θεσπέσιος
1486 527 1702 590 Παῦλος
1731 543 1862 598 παρ-

1982 526 2162 585 ίωιίιιε
2205 530 2405 599 facere,
2463 533 2507 588 si
2557 535 2717 589 modo
2759 533 2966 590 nullum
3010 535 3136 590 inde
3173 535 3362 605 pietati
3402 538 3570 593 detri-

279 617 636 684 εκελεύσατο,
663 617 888 688 φράζων
909 635 924 648 ο
963 637 982 671 ι
1016 619 1078 672 Ei
1119 618 1344 673 δυνατὸν
1363 619 1426 672 τὸ
1449 619 1510 684 ἐξ
1546 618 1704 689 ὑμῶν
1737 618 1862 690 μετᾶ

1982 632 2222 676 mentum
2261 623 2545 680 inferatur.
2601 625 2667 678 Et
2725 625 2828 680 hoc
2881 639 3013 680 sane
3043 637 3125 680 est
3159 628 3306 696 quod
3349 629 3568 684 divinus

277 711 504 764 πάντων
553 708 860 782 ἀνθρώπων
889 710 1284 782 εἰρηνεύοντες.
1326 729 1346 763 ι
1402 711 1536 765 "Ars
1565 710 1675 783 γὰρ
1711 711 1873 782 ἀκρι-

275 799 395 864 ϐῶς
444 801 812 870 ἐπιστάμενος
863 801 974 856 τῶν
1017 802 1364 874 πραγμάτων
1411 803 1513 872 τὴν
1559 801 1745 872 φύσιν,
1777 799 1873 854 καὶ

272 889 462 956 εἰδὼς,
504 893 587 946 ὅτι
619 893 809 946 πολλοὶ
837 896 952 958 τοῖς
990 893 1302 965 φιλαρέτοις
1330 894 1418 948 διὰ
1457 895 1639 966 μάχης
1667 893 1756 946 ἀεὶ
1785 889 1872 945 ἐλ-

274 981 397 1035 θεῖν
431 983 494 1035 οὐ
531 985 946 1056 παραιτοῦνται,
974 986 1099 1056 τόγε
1127 981 1262 1059 ἧκον
1283 988 1364 1050 είς
1389 987 1538 1058 ἡμᾶς
1566 986 1868 1057 ἀπῄτησεν,

271 1073 397 1143 εἴγε
425 1075 586 1146 ἡμῶν
613 1076 792 1132 πάντα
822 1079 1143 1143 ποιούντων,
1189 1078 1339 1133 ἄλλοι
1387 1079 1628 1150 πόλεμον
1657 1079 1870 1149 ἀκήρυο

270 1182 431 1230 κτον,
481 1167 514 1240 ἢ
555 1171 622 1240 τῇ
675 1168 926 1240 εὐσεϐείᾳ
947 1171 1511 1243 ἀντιστρατευόμενοι,
1534 1169 1569 1240 ἢ
1603 1171 1671 1242 τῇ
1699 1169 1868 1241 ἀρετῇ

273 1262 832 1332 ἀντιπολιτευόμενοι,
866 1263 1309 1332 ἑπαγγέλλοιντο.

1980 711 2180 774 Paulus
2205 717 2434 779 monuit,
2459 731 2580 770 cum
2617 716 2694 770 ait
2727 734 2742 770 :
2789 735 2808 768 ι
2853 716 2908 770 Si
2938 717 3058 770 fieri
3083 726 3278 786 potest,
3317 721 3460 786 quod
3510 720 3568 774 in

1981 805 2136 860 vobis
2159 814 2263 872 est,
2297 822 2416 861 cum
2434 808 2688 864 omnibus
2713 808 3022 862 hominibus
3045 824 3226 877 pacem
3247 809 3525 866 habentes.
3541 829 3560 863 ι

1975 893 2111 950 Nam
2148 897 2294 951 velut
2325 898 2370 954 is
2402 898 2494 968 qui
2526 899 2875 954 exactissime
2899 901 3168 969 cognitam
3200 909 3566 971 perspectam-

1975 1000 2081 1056 que
2137 987 2363 1044 haberet
2417 1001 2601 1044 rerum
2649 1000 2900 1045 naturam
2932 991 3338 1064 (humanarum)
3367 1003 3418 1047 et
3471 993 3564 1062 qui

1972 1084 2183 1142 nosset,
2215 1093 2379 1148 quam
2415 1080 2568 1135 multi
2599 1097 2704 1136 non
2735 1081 2983 1138 dubitent
3010 1082 3319 1138 hominibus
3353 1085 3567 1139 virtutis

1971 1170 2234 1225 studiosis
2265 1174 2543 1228 adversari
2573 1189 2636 1229 ac
2657 1187 2960 1245 repugnare
2989 1175 3077 1229 :id
3108 1177 3307 1245 exegit,
3332 1178 3471 1246 quod
3497 1177 3564 1230 ad

1971 1273 2071 1314 nos
2125 1262 2361 1330 pertinet
2415 1266 2701 1334 nostrique
2755 1274 2840 1322 est
2888 1267 3154 1331 muneris,
3211 1268 3425 1322 etiamsi
3471 1268 3568 1326 alii

274 1351 422 1406 forte
463 1353 590 1407 dum
637 1369 736 1408 nos
783 1354 917 1409 nihil
949 1354 1140 1425 reliqui
1182 1334 1412 1411 facimus
1441 1354 1585 1426 quod
1637 1351 1873 1408 cilicium
1910 1359 2157 1407 nostrum
2211 1355 2473 1424 postulat,
2508 1355 2709 1412 bellum
2753 1358 2997 1427 iniquum
3074 1357 3233 1414 nobis
3299 1359 3566 1426 Indicant,

274 1446 362 1502 vel
393 1449 651 1518 pietatem
682 1459 1084 1519 oppugnantes,
1109 1451 1194 1506 vel
1231 1450 1463 1506 alienam
1485 1457 1540 1505 et
1573 1449 1962 1505 abhorrentem
1995 1460 2025 1502 a
2055 1447 2258 1505 virtute
2283 1451 2500 1506 vivendi
2531 1453 2798 1509 rationem
2841 1464 3138 1510 sectantes.

815 1586 948 1641 ΑΠ’.
978 1614 1051 1627 -
1087 1589 1338 1659 ΠΕΤΡῼ.

269 1676 387 1742 lic
441 1674 512 1732 τὸ
571 1678 1131 1796 τετραμμένοζῶίεὶ
1152 1681 1316 1796 Illud
1361 1677 1606 1750 ,ϐουλῆς
1669 1678 1870 1735 πάντα
1903 1737 1944 1796 Β

953 1749 1131 1805 ποίει.
1165 1769 1184 1802 ο

343 1857 414 1912 οι
444 1856 546 1929 μὲν
575 1855 738 1930 θυμῷ
769 1859 932 1915 πλέον
965 1860 1460 1933 στρατηγούμενοι,
1495 1863 1581 1927 είς
1607 1861 1868 1934 χαλεπὸν,

265 1949 351 2012 ὡς
392 1949 462 2003 τὰ
509 1949 705 2012 πολλὰ,
752 1953 1193 2026 καταστρέφουσι
1223 1955 1414 2019 τέλοςο
1457 1955 1508 2008 oi
1550 1953 1610 2008 δὲ
1657 1954 1874 2008 συνέσει

271 2039 382 2112 μὲν
417 2041 916 2114 στρατηγούμενοι,
964 2045 1035 2098 τὰ
1075 2045 1134 2098 δὲ
1165 2043 1394 2116 σώματα
1423 2047 1629 2118 δργανα
1667 2045 1872 2118 ταύτης

266 2131 601 2203 ἡγούμενοι,
651 2135 753 2188 οὐκ
798 2136 1092 2208 ἀμοιροῦσι
1143 2137 1244 2208 τῆς
1291 2139 1385 2192 ἐπὶ
1415 2141 1528 2203 τοῖς
1561 2138 1871 2202 καλλίστοις

267 2222 456 2296 δόξης.
501 2227 611 2280 Καὶ
649 2227 795 2280 τοῦτ’
855 2227 1024 2293 ἐστιν,
1070 2230 1210 2302 ὅπερ
1231 2230 1338 2302 ἔφη
1366 2231 1394 2284 6
1425 2232 1867 2303 Παροιμιαστής·

272 2334 297 2368 σ
328 2317 495 2372 Μετὰ
517 2317 714 2392 βουλῆς
746 2321 926 2376 πάντα
946 2321 1088 2376 ποίει
1114 2339 1129 2354 ο
1165 2341 1184 2376 ι
1217 2323 1281 2378 τὸ
1301 2324 1412 2396 γὰρ
1439 2324 1867 2394 ἀπερίσκεπτον,

267 2405 551 2478 σφαλερόν

763 2619 885 2674 se.
940 2647 1012 2660 -
1049 2618 1375 2692 ΝΕΜΕΣΙῼ.

866 2711 1066 2778 Εἰς-τὸ
1101 2711 1271 2766 αὐτό.

336 2845 466 2920 Χρὴ
492 2844 585 2900 τὸν
631 2845 957 2919 βουλόμενον
986 2845 1236 2919 καθαρὰν
1264 2846 1532 2919 εὐθυμίαν
1563 2847 1865 2921 καρπώσαο

263 2937 424 3002 σθαι,
455 2938 676 3010 πρῶτον
703 2937 1034 3012 βουλόμενον
1063 2937 1238 3004 οὕτως
1269 2939 1428 3010 ἥκειν
1458 2940 1551 2994 ἐπὶ
1583 2941 1645 2995 τὸ
1687 2940 1868 3012 λέγειν

2431 1587 2725 1650 XXXVIII.
2759 1620 2830 1632 —
2853 1589 3104 1648 PETRO.

1973 1671 2042 1728 In
2087 1673 2142 1728 id
2197 1677 2341 1746 quod
2394 1681 2649 1741 scriptum
2698 1690 2803 1784 est:
2856 1700 2877 1734 ι
2938 1680 3132 1738 Omnia
3184 1695 3305 1737 cum
3349 1682 3569 1738 consilio

2665 1767 2761 1822 age
2787 1767 2826 1806 ³.
2866 1769 2886 1805 ι

2049 1854 2129 1912 Illi
2179 1858 2435 1928 quidem,
2489 1850 2688 1931 quibus
2735 1861 3015 1918 iracundia
3081 1863 3258 1934 magis
3311 1863 3566 1935 imperat,

1971 1947 2613 2022 plerumque'diflicilem
2663 1953 2872 2008 exitum
2919 1954 3262 2020 sortiuntur;
3299 1957 3390 2024 qui
3438 1970 3569 2010 vero

1972 2043 2260 2111 prudentia
2299 2043 2519 2114 quidem
2545 2045 2943 2114 gubernantur,
2975 2060 3205 2116 corpora
3255 2055 3435 2101 autem
3469 2047 3568 2102 ha-

1971 2135 2102 2188 bent
2137 2150 2235 2205 pro
2269 2135 2648 2191 instrumentis
2669 2137 2988 2206 prudentia,
3015 2137 3070 2192 hi
3101 2152 3281 2192 rerum
3314 2139 3569 2206 pulcher-

1972 2225 2234 2278 rimarum
2271 2223 2458 2295 gloriae
2505 2242 2611 2280 non
2659 2234 2787 2281 sunt
2816 2239 3090 2296 expertes.
3134 2229 3316 2297 Atque
3340 2229 3442 2284 hoc
3475 2237 3560 2284 est

1971 2314 2116 2384 quod
2153 2315 2290 2369 dixit
2335 2315 2755 2372 Proverbiorum
2787 2319 3063 2387 scriptor:
3112 2336 3133 2372 ι
3161 2318 3294 2374 Cum
3336 2320 3568 2376 consilio

1969 2407 2082 2476 agit
2104 2405 2308 2460 omnia.
2346 2423 2366 2458 ι
2407 2403 2541 2461 Nam
2573 2407 2953 2478 imprudenter
2989 2424 3153 2482 agere
3179 2419 3342 2482 atque
3389 2411 3564 2470 incir-

1969 2507 2303 2568 cumspecte,
2343 2498 2705 2567 periculosum
2739 2508 2848 2556 est.

2413 2611 2658 2668 XXXIX.
2687 2633 2760 2658 οε-
2782 2613 3114 2672 NEMESIO.

2563 2707 2770 2764 Eadem
2803 2710 2869 2765 de
2893 2725 2971 2765 re.

2039 2843 2267 2915 Oportet
2313 2861 2437 2902 eum
2481 2844 2572 2916 qui
2620 2859 2754 2916 pura
2813 2843 2980 2900 animi
3015 2843 3382 2914 defaecataque
3415 2851 3567 2900 tran-

1970 2939 2244 3008 quillitate
2291 2939 2398 2994 frui
2451 2937 2606 3004 velit,
2643 2937 2876 3008 primum
2914 2936 3097 2992 habita
3149 2935 3567 3003 deliberatione,

261 3045 326 3081 τε
354 3028 453 3081 καὶ
476 3030 760 3100 πράττειν.
799 3028 1020 3100 Ἐπειδὴ
1045 3029 1154 3102 γὰρ
1175 3029 1274 3100 οὐχ
1295 3026 1409 3083 οἷόν
1433 3047 1492 3084 τε
1519 3031 1587 3086 τὰ
1606 3030 1862 3104 λεχθέντα

1969 3033 2050 3088 sic
2073 3033 2266 3088 deinde
2293 3032 2563 3104 proﬁcisci
2589 3032 2656 3086 ad
2702 3031 2992 3086 dicendum
3016 3037 3071 3086 et
3103 3030 3398 3101 agendum.
3425 3025 3567 3084 Nam

264 3119 304 3192 ἢ
344 3099 669 3192 πραχθέντα
691 3099 1134 3178 ἀνακαλέσασθαι
1161 3122 1381 3196 ῥᾳδίως,
1409 3123 1514 3194 χρὴ
1547 3099 1862 3198 πειθύμενον

1975 3123 2102 3193 quia
2135 3123 2216 3180 sic
2243 3099 2324 3179 est
2341 3132 2744 3194 comparatum,
2773 3131 2832 3176 ut
2857 3121 3002 3176 dicta
3029 3099 3240 3175 factave
3269 3134 3376 3174 non
3405 3117 3567 3174 facile

257 3205 345 3277 τῷ
400 3209 807 3282 Παροιμιαστῇ,
862 3210 1112 3280 λέγοντιο
1174 3229 1195 3264 ι
1235 3212 1391 3268 Μετὰ
1433 3213 1634 3286 βουλῆς
1687 3217 1870 3272 πάντα

261 3300 450 3354 ποίειο
488 3317 510 3352 ι
553 3300 647 3354 τὸν
690 3301 765 3372 μὴ
827 3303 1152 3374 βουλόμενον
1197 3303 1288 3359 διὰ
1331 3305 1433 3378 τῆς
1467 3307 1870 3378 μεταγνώσεως

261 3390 466 3447 ἑαυτὸν
513 3390 730 3464 νύκτωρ
757 3395 850 3448 καὶ
883 3395 1002 3466 μεθ’
1033 3395 1248 3468 ἡμέραν
1272 3398 1575 3468 μαστίζειν,
1600 3399 1700 3472 τὴν
1725 3416 1870 3471 παρ-

260 3481 481 3539 αίνεσιν
502 3484 593 3539 διὰ
625 3486 968 3558 πραγμάτων
1003 3487 1396 3555 ἐπιδείξασθαι.

621 3690 714 3746 Μ’.
741 3719 813 3732 -—
849 3692 1110 3766 ῙΣῘΔΩΡῼ
1149 3693 1522 3767 ΕΠΙΣΚΟΠῼι

259 3801 419 3878 Περὶ
436 3801 558 3878 τῶν
586 3802 764 3871 τριῶν
788 3805 1178 3878 Σολομῶξτος
1200 3805 1480 3878 meum,
1503 3805 1864 3878 Παροιμιῶν,

349 3873 914 3942 Ἐκκλησιαστικῶν
942 3873 978 3949 ⁷(
995 3877 1064 3930 27
1078 3877 1122 3950 ),
1163 3875 1500 3949 ’ᾼσμάτων.

347 3985 578 4060 Ἐπειδὴ
609 3989 738 4060 περὶ
788 3987 888 4059 τῆς
919 3987 1128 4054 τάξεως
1168 3989 1278 4043 τῶν
1307 3988 1478 4060 τριῶν
1509 3989 1737 4062 βιϐλίων
1768 3991 1864 4046 Σο-

257 4077 546 4149 λομῶντος
585 4079 858 4150 ἠθέλησας
891 4079 1087 4152 μαθεῖν
1107 4123 1122 4146 ,
1157 4081 1298 4148 ῐσθι,
1327 4082 1410 4136 ὅτι
1441 4083 1502 4137 τὸ
1537 4085 1636 4154 μὲν
1665 4083 1864 4158 ἠθικὴν

259 4169 518 4225 παιδεύει
550 4171 754 4242 ἀρετήν
778 4189 793 4204 ο
825 4171 886 4225 τὸ
923 4172 982 4226 δὲ
1011 4172 1250 4227 δεικνύει
1297 4173 1408 4228 τῶν
1437 4173 1567 4246 περὶ
1629 4173 1862 4244 βιωτικά

258 4264 626 4335 ἐπτοημένων
653 4263 752 4336 τὴν
781 4265 1178 4335 ματαιοπονίαν
1205 4281 1222 4298 ο
1252 4265 1315 4320 τὸ
1339 4263 1397 4319 δὲ
1423 4266 1524 4338 τῆς
1547 4266 1721 4320 ταῦτα
1755 4282 1860 4320 πε-

261 4355 638 4426 παιδευμένης
685 4355 866 4427 ψυχῆς
908 4356 1001 4410 τὸν
1045 4358 1176 4428 περὶ⁵
1225 4357 1296 4412 τὰ
1338 4355 1459 4412 θεῖα
1509 4357 1713 4428 ἔρωτα.
1759 4358 1861 4414 Διὰ

1973 3215 2218 3270 revocari
2251 3222 2474 3286 queant,
2507 3212 2991 3282 obtemperantium
3022 3220 3106 3266 est
3135 3209 3562 3266 Proverbiorum

1972 3306 2254 3376 scriptori,
2279 3306 2478 3360 dicenti
2513 3323 2528 3361 :
2571 3323 2590 3357 ι
2623 3303 2760 3358 Cum
2805 3301 3036 3358 consilio
3074 3301 3255 3356 omnia
3289 3316 3410 3371 age.
3448 3318 3470 3354 ι
3503 3297 3566 3357 8i

1971 3399 2098 3468 quis
2145 3397 2279 3452 nolit
2301 3396 2622 3468 poenitentia
2673 3394 3030 3463 semetipsum
3077 3401 3238 3448 noctu
3284 3401 3449 3462 atque
3474 3391 3564 3448 in-

1973 3489 2148 3544 terdiu
2189 3487 2336 3544 velut
2365 3487 2579 3556 ﬂagello
2607 3487 2838 3550 caedere,
2887 3495 2943 3538 et
2963 3483 3104 3538 hanc
3133 3483 3563 3540 admonitionem

1969 3591 2180 3653 oportet
2207 3581 2338 3652 ipsis
2364 3595 2545 3636 rerum
2574 3579 2914 3650 argumentis
2941 3579 3270 3648 exprimere.

2215 3692 2380 3768 ‘33
2416 3691 2887 3749 XL.—IS|DOR0
2921 3689 3276 3747 EPISCOPO.

1967 3803 2046 3860 De
2091 3804 2260 3860 tribus
2311 3801 2610 3860 Salomonis
2658 3801 2834 3864 libris.
2888 3800 3320 3866 Proverbiorum,
3377 3795 3563 3853 Eccle-

2346 3876 2704 3938 siasticorm,
2735 3883 2782 3926 et
2808 3869 3172 3927 Canticorum.

2038 3987 2305 4058 Quoniam
2339 3985 2681 4057 significasti,
2717 3993 2770 4041 te
2813 3997 3014 4054 cupere
3053 3995 3404 4054 cognoscere,
3451 3995 3562 4052 quo

1965 4083 2157 4138 ordine
2198 4091 2310 4136 tres
2334 4079 2460 4134 libri
2492 4070 2820 4134 'Salomouis
2847 4077 3055 4146 legendi
3089 4077 3220 4141 sint,
3255 4088 3416 4131 nosse
3459 4075 3562 4130 de-

1964 4174 2082 4241 bes,
2110 4189 2278 4228 uuum
2309 4172 2524 4228 illorum
2563 4171 2761 4226 docere
2807 4170 3065 4224 virtutem
3100 4166 3397 4233 moralem;
3423 4163 3561 4221 alte-

1963 4279 2084 4320 rum
2127 4264 2438 4326 ostendere,
2470 4277 2631 4331 quam
2667 4263 2740 4316 sit
2761 4274 2932 4314 vanus
2967 4269 3132 4328 atque
3170 4255 3360 4310 irritus
3401 4253 3556 4310 labor

1963 4371 2150 4412 eorum
2186 4356 2277 4425 qui
2309 4356 2472 4410 rebus
2503 4352 2661 4421 hujus
2695 4352 2822 4406 vita:
2866 4348 3026 4420 quasi
3053 4347 3272 4403 attoniti
3307 4347 3552 4412 inhiant;

260 4446 428 4502 τοῦτο
455 4445 519 4498 τὸ
567 4444 669 4516 μὲν
703 4445 921 4518 πρῶτον
941 4484 958 4512 ,
985 4445 1046 4500 τὸ
1079 4447 1137 4500 δὲ
1165 4445 1420 4520 δεύτερον
1439 4490 1454 4516 ,
1489 4447 1551 4501 τὸ
1581 4448 1638 4502 δὲ
1667 4448 1850 4520 τρίτον

1966 4447 2179 4504 tertium
2209 4445 2442 4514 denique
2475 4456 2718 4498 amorem
2745 4455 2854 4512 quo
2893 4455 3022 4510 erga
3055 4453 3142 4496 res
3174 4438 3386 4494 divinas
3415 4451 3555 4507 pra:-

337 4605 360 4639 ί
389 4603 552 4661 Prov.
591 4619 713 4674 χιιι,
758 4603 854 4671 I6;
889 4603 1054 4662 Eccli.
1081 4619 1253 4674 xxxu,
1279 4602 1373 4659 2i.

1367 4760 1606 4819 VARUE
1647 4761 2038 4822 LECTIONES
2071 4763 2161 4821 ET
2201 4762 2437 4834 ΝΟΤᾸΕ,

331 4924 452 4996 (26)
482 4923 772 4996 Inscriptio
800 4938 866 4977 ex
899 4921 1020 4996 cod.
1058 4919 1235 4996 vatic.
1262 4921 1368 4996 650
1401 4921 1562 4996 Eutr.

328 4989 450 5063 (27)
502 4989 1074 5060 Ἐκκλησιαστικῶν.
1109 4990 1417 5064 Notandum
1480 4991 1852 5064 ξῐξκκλησιασ-

251 5069 391 5122 τικά
423 5062 604 5117 vocari
633 5067 718 5118 hic
747 5067 815 5116 ab
847 5063 1054 5116 Isidoro
1078 5063 1338 5131 St'l‘Ipllltll
1365 5062 1494 5116 illud
1518 5062 1848 5128 Salomonis,

255 5138 404 5204 quod
443 5135 801 5204 Ecclesiastes
850 5133 1008 5204 alias
1022 5131 1249 5204 dicitur.
1313 5131 1390 5186 De
1435 5134 1632 5204 ordine
1666 5142 1848 5186 autem

253 5201 474 5278 legendi
511 5216 636 5278 tres
660 5201 970 5278 Salomonis
985 5201 1170 5278 libros
1201 5201 1362 5278 plane
1394 5201 1585 5278 eadem
1623 5202 1676 5278 in
1717 5217 1846 5278 seu-

255 5271 429 5332 tentia
459 5281 548 5328 est
573 5274 950 5328 Theodoretus
978 5272 1103 5341 Cyri
1129 5271 1418 5340 episcopus
1446 5273 1498 5324 in
1523 5271 1847 5338 praefatione

253 5346 472 5402 Cantici
507 5345 871 5400 Canticorum.
912 5358 932 5392 ι
976 5341 1106 5410 Illud
1138 5341 1339 5405 etiam,
1383 5341 1576 5410 inquit.
1623 5341 1840 5410 praefari

257 5414 634 5473 necessarium
679 5423 801 5476 est,
851 5411 956 5465 tria
1001 5409 1310 5465 Salomonis
1356 5409 1479 5466 esse
1519 5409 1800 5466 volumina
1828 5450 1846 5477 ,

252 5484 556 5541 Proverbia
586 5521 603 5544 .
637 5483 1003 5538 Ecclesiasten
1029 5520 1046 5544 ,
1071 5491 1128 5534 et
1168 5479 1454 5534 Canticum
1481 5480 1846 5536 canticorum.

251 5559 332 5612 Ac
359 5553 662 5611 Proverbia
689 5554 904 5622 quidem
931 5551 1118 5604 utilem
1144 5551 1213 5605 de
1241 5552 1484 5605 moribus
1503 5551 1844 5620 disciplinam

252 5625 578 5698 complecti;
601 5621 977 5698 Ecclesiasten
1021 5631 1456 5698 aute_m__eorum
1492 5635 1616 5698 qua
1664 5621 1842 5675 sensi-

253 5698 356 5752 bus
383 5688 803 5766 'perci’piunturi
854 5699 1104 5746 naturam
1145 5688 1389 5766 indicare
1411 5729 1426 5754 ,
1456 5688 1686 5766 vitaque
1714 5703 1852 5761 pm-

253 5757 431 5824 scutis
459 5757 657 5822 docere
689 5765 1002 5828 vanitatem,
1040 5767 1180 5815 utea
1213 5757 1359 5815 ﬂuxa
1395 5769 1447 5817 et
1492 5757 1838 5830 fragilia'co-

1958 4929 2304 4991 gnosceutes,
2344 4930 2601 4990 tanquam
2645 4917 2853 4988 fugacia
2889 4916 3358 4991 acprretereuntia
3388 4928 3550 4991 sper-

1961 4984 2159 5046 nantus
2183 5031 2196 5054 ,
2225 4984 2426 5060 etquae
2457 4984 2645 5044 futura
2679 4984 2826 5048 sunt,
2867 4984 3134 5060 ut_flrma.
3171 4984 3546 5060 permanentia

1959 5071 2122 5131 atque
2155 5057 2358 5114 aeterna
2388 5061 2888 5131 concupiscamus;
2915 5057 3200 5112 Canticum
3233 5071 3360 5131 veru
3381 5057 3553 5131 cautl-

1955 5127 2144 5185 corum
2179 5134 2464 5200 mysticam
2500 5127 2694 5198 sponsi
2727 5139 2782 5182 et
2827 5127 3054 5200 Sponsa;
3095 5127 3546 5200 necessitudinem

1953 5211 2008 5255 et
2036 5195 2472 5267 αιιιῇιιηῖοιίοιιθιιὶ
2498 5195 2778 5254 continere
2813 5214 2828 5252 :
2861 5195 2916 5252 ut
2948 5196 3202 5250 universa
3231 5195 3548 5267 Salomonis

1951 5265 2202 5325 doctrina
2227 5271 2299 5326 ait
2327 5271 2490 5325 veluti
2519 5270 2665 5324 scala
2695 5269 2940 5336 qumdam
2961 5308 2976 5331 ,
3001 5280 3120 5336 qua:
3152 5265 3543 5336 tribus__gradi-

1949 5339 2052 5395 bus
2099 5345 2335 5404 constet,
2388 5339 2600 5402 morali,
2641 5331 2872 5392 naturali
2909 5347 2962 5392 et
3009 5331 3214 5390 divino.
3251 5352 3272 5385 ι
3313 5331 3429 5404 N__6n
3464 5340 3548 5386 est

1961 5411 2087 5484 huic
2127 5401 2410 5484 quaestioni
2455 5401 2722 5484 absimilis
2753 5411 2992 5484 multum
3044 5405 3303 5484 illa_inter
3332 5401 3548 5484 Stoicos

1960 5475 2160 5550 agitata
2197 5480 2447 5550 quaestio.
2497 5481 2627 5550 Quo;
2667 5481 2859 5533 ordine
2914 5475 3190 5550 tractanda
3245 5475 3354 5550 sint
3404 5475 3546 5550 trina

1960 5542 2053 5620 illa
2083 5542 2437 5620 philosophia:
2468 5542 2738 5620 membra,
2771 5563 2892 5618 qua:
2919 5542 3543 5620 vulgo__constituu.ntllr.

1961 5605 2160 5692 logica,
2189 5605 2434 5692 physica,
2459 5605 2636 5692 ethica
2655 5605 2770 5692 .jde
2787 5605 2892 5690 qua
2921 5605 3041 5671 vide
3063 5613 3353 5682 Diogenem
3375 5605 3562 5680 Lacr-_

1961 5687 2096 5746 tium
2131 5692 2183 5745 in
2223 5687 2336 5746 Vita
2366 5687 2622 5746 Zenonis.
2660 5687 2826 5746 iit'rx.
