4084 6364
582 304 724 374 lout

1760 308 1819 369 s.
1864 293 2159 370 ismom
2200 306 2641 370 PELUSIOT/E

3724 303 3866 370 1092

588 424 703 480 dita
736 424 808 478 sit
853 420 941 477 illa
971 422 1173 487 anima,
1217 435 1337 493 qua
1386 419 1669 491 superiora
1697 421 1809 491 iam
1840 424 2050 482 didicit.
2084 425 2178 478 At-

2286 425 2568 479 τέτακται.
2635 426 2676 475 0
2703 420 2763 476 δὲ
2803 420 2911 492 γὰρ
2937 420 3005 475 τά
3038 420 3206 492 ἠθικὰ
3236 419 3623 494 κατορθώσας,
3651 416 3734 489 τῷ
3764 434 3862 489 με·

582 530 699 584 que
753 514 869 569 iure
927 512 1066 566 ratio
1116 521 1203 567 est
1257 512 1490 578 ordinis,
1554 526 1721 581 quare
1776 512 1906 569 illud
1956 512 2176 584 quidem

593 607 768 677 primo
791 607 929 668 loco,
956 604 1096 658 istud
1121 613 1301 659 autem
1332 604 1596 670 secundo,
1620 605 1725 660 hoc
1756 606 1988 675 denique
2017 606 2178 661 tertio

590 698 913 754 collocatum
961 695 1032 751 sit
1070 709 1224 764 opus.
1253 693 1355 761 Qui
1392 703 1571 750 autem
1603 695 1657 748 in
1690 696 1883 750 ethicis
1912 695 2078 765 probe
2119 709 2179 750 se

589 786 795 859 gessit,
856 789 983 839 dum
1047 782 1468 838 Proverbiorum
1542 782 1828 852 scriptoris
1882 780 2178 850 discipulus

592 880 699 934 fuit
740 889 797 933 et
829 878 952 931 vita:
990 885 1255 945 praecepta
1289 876 1358 930 ab
1389 874 1718 930 Ecclesiaste
1752 872 1961 941 didicit,
2008 873 2076 927 de
2112 887 2177 928 eo

588 970 937 1025 metuendum
978 982 1085 1024 non
1132 976 1231 1030 est,
1269 981 1339 1023 ne
1390 968 1456 1021 ad
1506 966 1789 1021 Canticum
1835 964 2175 1020 canticorum

587 1064 820 1129 delatus,
864 1063 918 1117 in
950 1060 1224 1117 carnalem
1257 1068 1312 1114 et
1347 1058 1607 1114 moralem
1645 1072 1888 1113 amorem
1925 1057 2123 1112 incidat
2158 1074 2173 1113 :

586 1156 718 1226 quin
753 1154 931 1225 potius
970 1153 1207 1207 futurum
1251 1162 1354 1217 est,
1399 1158 1459 1205 ut
1496 1151 1561 1205 ad
1601 1165 1797 1217 purum
1834 1164 1896 1205 ac
1934 1149 2175 1204 divinum

588 1246 740 1300 illum
772 1260 1029 1315 sponsum
1062 1243 1214 1313 quasi
1262 1242 1584 1310 quibusdam
1624 1240 1727 1296 alis
1773 1238 2048 1305 efferatur,
2085 1238 2175 1306 qui

586 1337 775 1392 beatos
804 1335 1118 1405 pronuntiat
1147 1347 1243 1389 eos
1263 1333 1354 1403 qui
1389 1331 1481 1387 tali
1506 1341 1634 1386 sunt
1665 1345 1850 1387 amore
1881 1329 2174 1387 vulnerati.

589 1427 782 1483 Moneo
816 1428 999 1495 itaque
1028 1425 1424 1490 adolescentes,
1455 1433 1510 1479 et
1554 1432 1746 1480 auctor
1775 1423 1908 1494 ipsis
1938 1438 2079 1488 sum,
2110 1438 2179 1478 ne

588 1518 738 1588 prius
762 1515 975 1570 tertium
1003 1514 1270 1584 attingant
1292 1528 1449 1582 opus,
1475 1526 1635 1581 quam
1662 1512 1715 1565 in
1742 1511 2016 1581 prioribus
2043 1512 2176 1567 duo-

587 1609 690 1663 bus
718 1607 981 1679 prmclare
1008 1620 1065 1660 se
1092 1605 1381 1675 gesserint.
1419 1605 1724 1659 Ahsurdum
1757 1603 1924 1669 enim,
1962 1603 2044 1661 vel
2083 1619 2177 1673 po-

572 1688 696 1755 tius
736 1697 897 1754 nimis
925 1697 1273 1751 temerarium
1304 1705 1357 1749 et
1391 1694 1569 1749 audax
1600 1703 1686 1749 est
1728 1694 2025 1765 negotium,
2065 1706 2119 1749 et
2144 1711 2174 1748 a

588 1790 831 1860 mysticis
865 1788 1069 1857 legibus
1110 1787 1412 1841 abhorrens
1442 1793 1502 1839 ut
1530 1785 1583 1838 in
1617 1785 1779 1857 adyta
1808 1785 2050 1841 insiliant
2085 1801 2175 1842 se-
2210 1767 2250 1823 Β

588 1897 755 1952 seque
795 1889 1103 1952 penetrem,
1130 1879 1222 1947 qui
1266 1892 1335 1933 ne
1363 1875 1645 1932 vestibulis
1682 1876 1899 1944 quidem
1924 1877 2033 1932 sint
2082 1877 2177 1931 ad-

584 1974 694 2030 huc
734 1973 901 2044 digni.
932 1971 1399 2039 Quemadmodum
1442 1968 1584 2023 enim
1624 1966 1677 2020 in
1714 1968 1916 2039 templo
1942 1984 2008 2024 ea
2056 1969 2176 2039 qui-

584 2066 707 2121 dem
738 2080 858 2135 quae
884 2064 1030 2134 foris
1066 2073 1245 2127 erant,
1282 2061 1534 2117 omnibus
1576 2061 1727 2117 adire
1768 2061 1963 2117 licebat
2004 2078 2019 2116 :
2055 2077 2176 2131 quae

583 2174 715 2213 vero
747 2160 891 2213 intus
921 2165 1078 2212 erant
1108 2170 1287 2221 sacra,
1322 2169 1443 2225 quze
1481 2156 1600 2210 velo
1646 2156 2178 2224 comprehendeban-

585 2257 673 2303 tur
704 2250 938 2314 obtecta,
972 2247 1219 2314 quamvis
1251 2247 1489 2316 alioquin
1523 2247 1657 2301 adiri
1689 2255 1959 2317 poterant,
1995 2257 2173 2303 tamen

584 2355 613 2393 a
639 2339 798 2408 vulgo
820 2354 926 2392 non
954 2346 1282 2391 consecrato
1320 2346 1374 2390 et
1404 2334 1634 2406 profano
1669 2336 1804 2390 adiri
1842 2348 1946 2389 non
2021 2343 2177 2405 pote-

585 2440 711 2486 rant
745 2446 760 2484 :
789 2444 909 2499 quae
952 2428 1183 2498 denique
1211 2427 1397 2481 intima
1430 2435 1587 2480 erant
1606 2424 1809 2480 Sancta
1838 2435 2173 2490 sanctorum,

582 2533 640 2579 et
667 2522 1034 2579 sacratissima
1096 2534 1273 2585 sacra,
1308 2521 1373 2573 ad
1406 2533 1468 2573 ea
1505 2532 1605 2575 nec
1642 2516 1749 2573 illis
1773 2516 1991 2586 quidem
2023 2524 2175 2586 pate—

583 2616 679 2670 bat
711 2615 909 2680 aditus,
947 2613 1036 2683 qui
1071 2612 1236 2666 vitam
1282 2618 1509 2680 agerent
1552 2608 1907 2675 inculpatum,
1935 2608 2028 2663 sed
2077 2606 2175 2661 soli

583 2706 669 2761 fas
720 2712 840 2760 erat
898 2703 1109 2774 ingredi
1156 2716 1373 2757 summo
1418 2700 1715 2766 sacerdoti,
1763 2700 1853 2769 qui
1914 2698 2173 2755 nimirum

558 2797 823 2867 seipsum
873 2803 1241 2862 consecrarat,
1283 2800 1338 2847 et
1373 2806 1590 2847 omnem
1643 2790 1923 2845 mortalem
1983 2804 2172 2860 rugam

2283 513 2659 586 μθητεῇσθαι
2710 512 2790 584 τῷ
2838 514 3258 586 Παροιμιαστῇ,
3308 513 3404 568 καὶ
3452 510 3553 584 τὴν
3606 510 3864 582 βιωτικὴν

2279 605 2585 677 φαντασίαν
2609 605 3007 674 καταπατήσας
3040 604 3119 675 τῷ
3149 603 3547 674 πεφοιτηκέναι
3596 601 3753 674 παρὰ
3785 602 3865 673 τῷ

2291 694 2693 765 Ἐκκλησιαστῇ
2726 693 2839 765 (28)
2862 734 2877 759 ,
2930 695 3031 748 ούκ
3084 693 3152 749 ἂν
3187 695 3316 765 περὶ
3344 692 3408 747 τὸ
3449 692 3561 747 τῶν
3599 692 3865 763 ᾀσμάτων

2276 781 2469 856 Ψᾼσμ,α
2506 784 2680 839 ἐλθὼν
2715 787 2797 850 εις
2829 787 3093 853 σαρκικὺν
3149 786 3247 840 καὶ
3276 784 3469 855 ἠθικὸν
3527 784 3641 854 (29)
3682 782 3864 855 ἔρωτα

2276 875 2619 947 ὀλισθήσειεν
2646 892 2660 907 ο
2695 876 2832 930 ἀλλὰ
2863 877 2993 947 περὶ
3021 878 3112 931 τὸν
3139 877 3408 947 ἄχραντον
3436 876 3530 930 καὶ
3555 876 3699 929 θεῖον
3730 892 3866 928 πτε-

2280 967 2481 1039 ρωθείη
2510 966 2766 1037 νυμφίον,
2790 971 2881 1021 τὸν
2911 968 3217 1040 μακαρίους
3244 969 3372 1031 τοὺς
3393 966 3704 1036 τρωθέντας
3732 969 3868 1021 ἁπο-

2278 1060 2557 1131 φαίνοντα.
2590 1060 2848 1131 Παραινῶ
2906 1056 3198 1130 τοιγαροῦν
3226 1059 3338 1121 τοῖς
3362 1058 3502 1121 νέοις
3520 1097 3537 1123 ,
3569 1055 3646 1127 μὴ
3668 1057 3867 1127 πρότε-

2279 1165 2373 1222 ρον
2403 1148 2668 1203 ἅπτεσθαι
2709 1148 2804 1202 τοῦ
2833 1149 3019 1220 τρίτου
3057 1146 3492 1218 συγγράμματος
3511 1184 3529 1211 ,
3575 1145 3708 1218 πρὶν
3736 1146 3770 1218 ἢ
3798 1147 3867 1203 τὰ

2278 1240 2337 1292 ὲν
2372 1242 2483 1302 τοῖς
2521 1240 2643 1293 δυσὶ
2673 1239 3101 1311 κατορθώσειαν.
3134 1241 3369 1294 ’Ἄτοπον
3410 1239 3542 1311 γὰρ,
3579 1237 3783 1309 μᾶλλον
3809 1239 3867 1293 δὲ

2280 1329 2672 1402 ῥιψοκίνδυνον,
2701 1332 2795 1385 καὶ
2824 1331 2977 1402 παρὰ
2995 1331 3121 1395 τοὺς
3153 1331 3450 1401 μυστικοὺς
3474 1329 3732 1400 θεσμοὺς.
3752 1331 3866 1393 τοῖς

2276 1421 2491 1485 ἀδύτοις
2517 1421 2811 1493 ὲπιπηδᾷν,
2842 1422 2969 1486 τοὺς
3008 1422 3143 1493 μηδὲ
3184 1423 3293 1476 τῶν
3324 1419 3617 1492 προθύρων
3652 1420 3863 1487 ἀξίους.

2282 1514 2492 1584 Ὠσπερ
2534 1513 2644 1582 γὰρ
2669 1515 2725 1565 ὲν
2754 1511 2832 1583 τῷ
2876 1512 2988 1583 ναῷ
3031 1512 3102 1566 τὰ
3141 1513 3240 1583 μὲν
3280 1512 3387 1580 ἔξω
3427 1513 3593 1568 πᾶσίν
3623 1516 3731 1567 εἰσι
3764 1514 3866 1584 βά-

2279 1621 2414 1675 σιμα
2439 1620 2452 1633 ·
2490 1604 2557 1658 τὰ
2583 1604 2628 1657 δ’
2653 1604 2800 1658 ἔνδον
2840 1604 2963 1675 ίερὰ
2981 1643 2996 1669 ,
3024 1605 3125 1659 ὅσα
3146 1605 3227 1676 τῷ
3254 1605 3731 1677 περισχοινίσματι
3765 1623 3865 1660 πε-

2282 1693 2563 1764 ριείληπτο
2589 1734 2603 1756 ,
2649 1694 2787 1764 βατά
2824 1694 2956 1749 ὄντα
2981 1735 2996 1759 ,
3040 1698 3155 1758 τοῖς
3199 1695 3416 1758 πολλοῖς
3469 1696 3709 1767 ἀνιέροις
3767 1697 3866 1751 καὶ

2285 1785 2534 1855 βεϐήλοις
2562 1785 2739 1839 ἄϐατα
2768 1782 2859 1857 ἦν*
2885 1786 2957 1840 τὰ
2984 1785 3043 1839 δὲ
3069 1786 3215 1840 ἔνδον
3249 1786 3410 1857 ιερῶν
3446 1785 3739 1857 ἱερώτερα,
3769 1788 3866 1840 καὶ

2282 1878 2457 1946 ἁγίων
2485 1878 2655 1946 Ἀγια
2678 1918 2693 1944 ,
2722 1873 2805 1943 οἷς
2835 1877 2959 1932 οὐδὲ
2996 1881 3111 1942 τοῖς
3151 1878 3245 1932 τὸν
3274 1877 3643 1950 ἀνεπίληπτον
3681 1878 3867 1948 ἔχουσι

2285 1968 2399 2040 βίον
2436 1970 2695 2040 ἐπιϐῆναι
2724 1964 2792 2040 ἦν
2820 1969 2998 2040 θέμις,
3030 1969 3168 2025 ἀλλὰ
3191 1969 3270 2040 τῷ
3301 1970 3550 2041 ἀρχιερεῖ
3590 1970 3759 2040 μόνῳ,
3787 1968 3867 2041 τῷ

2281 2061 2476 2115 ἑαυτὸν
2530 2061 2775 2131 δηλονότι
2830 2060 3221 2132 ἀφιερώσαντι,
3270 2062 3367 2115 καὶ
3417 2064 3602 2117 πᾶσαν
3664 2061 3866 2134 θνητὴν

2283 2153 2702 2223 άποσεισαμένῳ
2733 2153 2928 2221 κηλῖδα
2950 2168 2967 2185 ο
3001 2151 3144 2206 οὕτω
3177 2152 3318 2207 κάπὶ
3347 2152 3461 2207 τῶν
3491 2153 3716 2223 βιϐλίων
3743 2152 3864 2207 τού-

2281 2259 2390 2296 των
2420 2243 2732 2297 διακεῖσθαι
2756 2243 2887 2307 τοὺς
2916 2243 3074 2307 νέους
3116 2242 3246 2315 χρὴ,
3285 2243 3502 2314 πρῶτον
3536 2243 3637 2315 μὲν
3657 2247 3727 2317 τῇ
3759 2246 3864 2300 τῶν

2282 2334 2431 2405 ἠθῶν
2465 2334 2882 2407 λαμπρύνεσθαι
2929 2335 3132 2407 ἀρετῇ·
3186 2335 3379 2389 ἔπειτα
3433 2337 3864 2405 καταγινώσκειν

2283 2426 2381 2495 τῆς
2411 2424 2519 2477 τῶν
2547 2424 2814 2495 βιωτικῶν
2844 2425 3187 2496 πραγμάτων
3214 2426 3492 2491 οὐδενείας
3512 2444 3527 2459 ⁸
3561 2428 3659 2483 καὶ
3690 2426 3864 2492 οὕτως

2284 2516 2527 2587 ἅψασθαι
2556 2517 2666 2571 τῶν
2698 2521 2813 2583 τοῖς
2869 2518 3089 2583 πολλοῖς
3136 2519 3468 2589 ἁνεφίκτων.
3515 2522 3577 2573 Oi
3608 2519 3718 2593 γὰρ
3763 2519 3864 2588 ἔξω

2284 2607 2761 2679 περιρραντηρίων
2795 2604 2937 2662 εἶναι
2970 2609 3280 2678 ὀφείλοντες
3300 2650 3315 2674 ,
3347 2610 3399 2662 εί
3427 2609 3861 2681 φιλονεικήσειαν

2287 2698 2362 2770 μὴ
2393 2699 2734 2770 μεμυημένοι
2757 2702 2825 2771 τῇ
2849 2700 2971 2772 Θείᾳ
3000 2699 3213 2771 τελετῇ,
3247 2700 3641 2772 ῥιψοκινδύνως
3663 2702 3868 2757 suntm-

2288 2791 2478 2861 μᾶσαι,
2514 2790 2670 2861 δίκην
2700 2790 2932 2846 δώσουσι
2961 2791 3059 2864 τὴν
3086 2792 3346 2864 ἐσχάτην.

586 2892 949 2961 deposuerat:
974 2890 1051 2943 sic
1087 2890 1252 2943 etiam
1300 2904 1430 2959 erga
1464 2889 1628 2943 hosce
1661 2887 1967 2943 Salomonis
2005 2887 2174 2943 libros
2211 2882 2388 2943 aﬁ‘ecti
2416 2902 2536 2945 esse
2559 2887 2756 2944 debent
2815 2889 3232 2946 adolescentes:
3269 2898 3323 2945 et
3351 2890 3586 2961 primum
3648 2889 3861 2961 quidem

585 2985 827 3039 omnium
872 2982 1158 3054 splendere
1200 2999 1411 3040 morum
1443 2984 1662 3051 virtute,
1700 2984 1895 3041 deinde
1957 2999 2088 3040 vero
2120 2999 2304 3039 rerum
2360 2983 2428 3039 ad
2474 2985 2615 3040 hanc
2684 2985 2848 3040 vitam
2929 2986 3317 3056 pertinentium
3368 2985 3665 3041 nullitatem
3706 2992 3864 3054 atque

585 3076 904 3131 inanitatem
933 3076 1331 3131 condemnare:
1355 3085 1410 3132 et
1439 3078 1519 3132 sic
1544 3076 1762 3133 demum
1787 3091 1850 3132 ea
1879 3079 2170 3149 attingere,
2212 3092 2335 3149 quae
2365 3078 2553 3151 vulgus
2597 3078 2876 3143 hominum
2944 3079 3158 3149 assequi
3188 3078 3392 3149 nequit.
3420 3077 3558 3133 Nam
3625 3077 3720 3149 qui
3747 3093 3862 3135 cum

585 3182 743 3227 extra
777 3181 929 3241 septa
969 3186 1094 3228 esse
1139 3171 1392 3241 debeant,
1423 3172 1467 3229 si
1504 3175 1794 3230 temerario
1831 3189 1967 3230 ausu
2009 3174 2063 3231 in
2091 3188 2251 3231 sacra
2315 3173 2497 3230 divina
2532 3188 2638 3230 non
2710 3172 2908 3229 initiati
2978 3174 3187 3229 irruere
3252 3171 3721 3244 prtesumpserlnt,
3753 3185 3866 3244 pm-

586 3282 691 3327 nas
722 3267 924 3322 dabunt
952 3277 1250 3323 extremas.

1118 3377 1255 3433 xu.
1289 3409 1358 3420 —
1384 3378 1638 3439 PETRO.
1726 3343 1735 3351 ’

661 3462 727 3520 In
757 3464 911 3533 illud,
952 3484 973 3521 t
1018 3464 1140 3541 Non
1178 3484 1299 3523 esse
1327 3469 1705 3541 eleemosyrtam
1736 3488 1917 3527 coram
1945 3470 2110 3526 Itami-

1042 3540 1193 3592 nibus
1227 3540 1575 3596 exercendam
1600 3545 1644 3595 ’.
1686 3560 1704 3592 ι

659 3665 830 3722 Miror
853 3668 1100 3737 equidem
1132 3680 1298 3739 tuam,
1323 3687 1486 3742 quam
1519 3676 1705 3741 debes,
1734 3676 2175 3747 imprudentiam.

590 3758 777 3831 Neque
801 3762 946 3815 enim
989 3775 1055 3817 eo
1094 3772 1145 3818 te
1184 3763 1473 3821 dementia-
1517 3766 1827 3837 prolapsum
1871 3782 1991 3824 esse
2024 3768 2176 3823 arbi-

594 3862 711 3906 tror
741 3863 795 3905 ut
827 3853 1130 3918 existimes,
1162 3868 1255 3909 eos
1285 3857 1376 3925 qui
1408 3856 1798 3913 misericordiae
1830 3873 1991 3929 Opera
2023 3872 2179 3913 exer-

593 3953 736 4006 cent,
755 3945 848 3999 scd
865 3961 926 3999 ea
940 3954 1236 4011 ostentant,
1265 3948 1561 4004 deteriores
1576 3963 1695 4005 esse
1714 3949 1845 4017 illis,
1859 3951 1949 4020 qui
1973 3965 2036 4005 ea
2058 3950 2178 4022 pla-

593 4049 661 4088 ne
681 4048 784 4088 non
815 4045 1086 4091 exerceant.
1115 4035 1225 4106 Ego
1256 4052 1404 4104 vero,
1434 4039 1561 4109 quid
1599 4041 1701 4096 hac
1735 4042 1802 4097 de
1831 4057 1889 4098 re
1921 4043 2175 4112 sentiam,

591 4138 877 4195 exponam.
907 4127 1075 4201 434
1101 4128 1194 4184 llle
1224 4130 1440 4200 proprie
1468 4131 1701 4188 maxime
1723 4147 1827 4204 que
1851 4143 1935 4190 cst
1968 4136 2181 4190 miseri-

592 4230 736 4281 cors,
767 4218 857 4288 qui
889 4220 1300 4274 beueticentiatn
1331 4221 1546 4290 quidem
1572 4231 1824 4292 exercet;
1854 4239 1960 4280 non
1996 4235 2177 4281 tamen

592 4307 831 4378 divulgat
868 4322 1055 4363 eorum
1085 4309 1283 4378 quibus
1314 4310 1513 4365 benefit
1540 4312 1880 4370 calamitates
1921 4330 1985 4368 ac
2012 4317 2179 4371 mise-

550 4453 561 4461 ,
594 4401 721 4455 rias.
755 4401 811 4454 Si
841 4401 963 4469 quis
990 4400 1042 4454 id
1072 4399 1237 4455 iaciat
1295 4401 1466 4472 ipsius
1506 4403 1720 4460 honesti
1755 4420 1938 4473 causa,
1978 4406 2026 4463 is
2059 4421 2178 4462 ma-

590 4493 765 4562 jorem
812 4492 1035 4553 habebit
1089 4494 1415 4561 mercedem,
1468 4510 1553 4564 eo,
1598 4497 1691 4567 qui
1738 4498 2005 4554 mercedis
2051 4513 2181 4569 ergo

596 4585 734 4638 idem
780 4583 954 4649 facit;
997 4583 1041 4638 si
1083 4599 1211 4639 vero
1250 4586 1319 4640 ob
1360 4587 1667 4642 mercedem
1706 4587 1940 4642 divinam
1974 4629 1989 4654 ,
2046 4589 2092 4644 is
2127 4589 2179 4643 in

595 4677 829 4730 secunda
865 4675 1041 4731 classe
1095 4676 1468 4732 collocabitur.
1520 4678 1575 4733 Si
1614 4679 1737 4748 quis
1785 4689 1966 4735 autem
2006 4679 2182 4736 laudis

2800 3379 2937 3439 ω’.
2980 3411 3040 3422 -
3082 3381 3213 3435 ΠΕἸ
3227 3383 3338 3455 po.

2280 3475 2386 3540 Είς
2412 3478 2480 3529 τό
2490 3478 2605 3530 'rM
2612 3474 2645 3543 ὴ
2685 3474 2879 3545 ποιεῖν
2912 3475 3029 3543 τὴν
3063 3475 3491 3545 ἐλεημοσύνην
3521 3474 3863 3545 ἔμπροσθεν

2792 3543 2913 3599 τῶν
2945 3543 3292 3619 ἀνθρώπων.
3333 3563 3353 3599 ι

2351 3679 2632 3751 Θαυμάξω
2664 3696 2758 3733 σου
2807 3678 2906 3750 τὴν
2944 3678 3436 3753 κεχρεωστημένην
3475 3677 3588 3750 (50)
3623 3677 3865 3751 ἀφροσύ-

2281 3788 2400 3842 νην.
2432 3772 2508 3826 Οὐ
2539 3772 2648 3843 γάρ
2673 3766 2827 3841 οἶμαί
2858 3788 2915 3824 σε
2950 3773 3028 3837 είς
3071 3771 3344 3844 τοσαύτην
3382 3771 3569 3827 ἄνοιαν
3600 3770 3863 3843 ἐληλακέ-

2281 3880 2391 3929 ναι,
2421 3862 2497 3927 ὠς
2547 3864 2786 3935 νομίσαι,
2832 3864 2957 3926 τοὺς
2984 3861 3271 3928 ἐλεοῦντας
3302 3864 3423 3934 μὲν,
3476 3861 3860 3934 ἐπιδεικνυμέο

2281 3973 2406 4021 νους
2435 3956 2513 4022 δὲ,
2550 3955 2659 4009 τῶν
2714 3955 2791 4028 μὴ
2842 3954 3137 4009 ἐλεούντων
3170 3955 3387 4027 χείρους
3428 3950 3590 4010 εἶναι.
3638 3951 3781 4025 Ἐγὼ
3807 3952 3863 4006 δι

2280 4046 2357 4110 ὡς
2385 4045 2493 4117 ἔχω
2526 4045 2753 4118 γνώμης
2787 4046 2916 4117 περὶ
2956 4044 3165 4099 τούτων
3212 4046 3411 4116 φράσω
3435 4060 3448 4073 ·
3484 4045 3569 4098 ὅτι
3615 4042 3862 4115 ἐλεήμων

2284 4135 2384 4208 μέν
2409 4136 2525 4188 ἐστι
2569 4134 2775 4205 κυρίως
2822 4135 3051 4200 ἐκεῖνος,
3084 4137 3113 4188 ὁ
3138 4133 3443 4206 εὐεργετῶν
3475 4133 3576 4204 μὲν
3600 4175 3615 4201 ,
3663 4132 3739 4205 μὴ
3768 4133 3864 4187 ἑκ-

2283 4223 2582 4295 πομπεύων
2610 4223 2667 4278 δὲ
2718 4224 2814 4286 τὰς
2844 4223 2954 4279 τῶν
2987 4218 3047 4277 εὖ
3085 4223 3407 4293 πασχόντων
3444 4220 3751 4292 συμφοράς.
3794 4222 3858 4275 Ei.

2285 4314 2387 4387 μὲν
2415 4313 2527 4386 γὰρ
2558 4314 2628 4368 δι’
2658 4314 2791 4369 αύτό
2817 4314 2878 4370 τὸ
2906 4314 3070 4368 καλόν
3111 4331 3194 4377 τις
3223 4313 3472 4385 πράξειε,
3509 4311 3736 4384 μείζονα
3750 4313 3863 4384 ἔχει

2280 4406 2374 4460 τὸν
2412 4403 2601 4475 μισθὸν
2661 4403 2755 4457 τοῦ
2802 4403 2891 4458 διὰ
2950 4403 3141 4476 μισθὸν
3187 4403 3318 4457 αὐτὸ
3353 4403 3670 4467 ποιοῦντος·
3723 4404 3773 4456 εί
3809 4403 3865 4456 δὲ

2282 4495 2371 4549 διά
2408 4494 2600 4566 μισθὸν
2626 4493 2792 4558 θεῖον,
2831 4495 2888 4548 ὲν
2917 4493 3152 4564 δευτέρᾳ
3190 4490 3340 4558 τάξει
3376 4490 3659 4558 τετάξεται
3688 4507 3703 4521 ο
3731 4491 3781 4545 εί
3808 4490 3864 4543 δὲ

2281 4583 2351 4636 δι’
2376 4583 2600 4638 ἔπαινον
2633 4585 2798 4649 ποιεῖ,
2826 4582 2938 4649 ἕξει
2978 4581 3138 4636 τοῦτο
3163 4580 3231 4634 δι’
3260 4580 3289 4633 ὃ
3319 4580 3413 4635 καὶ
3446 4580 3767 4651 πεποίηκεν.
3810 4578 3866 4631 ὀ

2285 4672 2343 4727 δὲ
2378 4675 2515 4744 μήτε
2562 4672 2630 4726 δι’
2661 4674 2793 4727 αὐτὸ
2823 4672 2885 4726 τὸ
2916 4673 3102 4741 καλὸν,
3138 4675 3277 4744 μήτε
3308 4672 3398 4726 διά
3451 4673 3543 4726 τὸν
3584 4670 3728 4724 Θεῖον
3774 4686 3867 4739 μι-

597 4766 738 4834 apud
782 4767 1027 4822 homines
1057 4770 1447 4838 consequendae
1483 4770 1656 4838 gratia
1696 4769 1749 4824 id
1788 4768 1939 4835 facit,
1980 4771 2028 4827 is
2070 4771 2172 4827 hoc

2287 4764 2411 4820 σθὺν
2433 4806 2449 4833 ,
2484 4768 2619 4838 μήτε
2647 4766 2713 4819 δι’
2764 4764 3102 4837 ἀνθρώπινον
3152 4766 3373 4820 ἔπαινον
3418 4764 3589 4819 ποιῶν
3630 4763 3694 4816 τὸ
3722 4762 3863 4827 δέον,

596 4857 797 4925 ipsum,
829 4857 981 4927 cujus
1014 4860 1184 4929 gratia
1225 4859 1482 4925 faciebat,
1512 4858 1755 4915 habebit.
1782 4861 1853 4915 At
1882 4863 1971 4931 qui
2003 4876 2179 4931 neque

600 4947 770 5016 ipsius
824 4948 1129 5006 honestatis
1193 4964 1379 5015 causa,
1440 4966 1616 5019 neque
1670 4960 1889 5022 propter
1939 4950 2177 5008 divinam

598 5038 922 5107 mercedem,
967 5052 1140 5108 neque
1190 5048 1408 5108 propter
1457 5039 1747 5094 humanam
1794 5038 2006 5095 laudem
2051 5038 2181 5095 facit

596 5129 830 5186 cilicium
873 5149 887 5184 :
924 5130 972 5187 is
1012 5129 1144 5184 mihi
1193 5143 1261 5184 ne
1303 5130 1467 5187 homo
1509 5131 1728 5201 quidem
1774 5145 1897 5188 esse
1934 5131 2168 5197 videtur,

667 5285 689 5316 ⁸
718 5282 906 5339 Matth.
931 5298 1006 5349 vr,
1039 5284 1097 5347 5,
1138 5284 1191 5338 4.

2280 4857 2401 4910 οὐδὲ
2441 4856 2727 4928 ἄνθρωπος
2752 4850 2894 4910 εἶναι
2943 4874 3038 4927 μοι
3064 4856 3211 4911 δοκεῖ
3235 4895 3251 4923 ,
3299 4856 3414 4911 ἀλλ’
3443 4854 3724 4926 ἀλιτήριος
3747 4852 3867 4908 δαί-

2283 4968 2421 5022 μων.
2468 4952 2547 5005 Δι’
2584 4950 2653 5022 ἢν
2693 4952 2875 5005 τοίνυν
2926 4949 3107 5006 αἰτίαν
3136 4951 3200 5005 σὺ
3244 4950 3355 5005 τῶν
3391 4948 3551 5005 θείων
3602 4944 3867 5019 χρησμῶν

2280 5041 2545 5108 ἀκούσας,
2614 5040 3148 5114 παρακελευομένων
3202 5042 3277 5114 μὴ
3308 5043 3481 5096 ποιεῖν
3513 5039 3612 5111 τὴν
3641 5038 3870 5109 ἐλεημο-

2280 5134 2448 5203 σύνην
2480 5133 2792 5205 ἔμπροσθεν
2834 5133 2946 5188 τῶν
2974 5132 3300 5205 ἀνθρώπων,
3333 5135 3396 5188 οὐ
3443 5133 3533 5188 διὰ
3560 5130 3867 5203 φιλοδοξίαν

1694 5400 1926 5458 νΑίιιΑῑ
1965 5401 2357 5465 LECTIONES
2395 5402 2485 5461 ET
2525 5403 2759 5461 NOTAE.

552 5624 559 5629 _
666 5554 787 5638 (‘28)_
815 5554 1080 5638 “3:93:91
1104 5553 1494 5638 ﬁV-pttatnfﬂv
1516 5593 1611 5638 εὶ...
1629 5559 1794 5638 Δ’ξτξσιρὰ
1816 5556 1893 5630 τῷ
1938 5557 2172 5638 Ἐκκλη-

599 5625 817 5692 σιαστῇ,
847 5625 1129 5679 omittebat
1160 5625 1248 5679 ed.
1305 5625 1476 5680 Paris.
1515 5625 1893 5685 Restituuntur
1925 5644 1955 5684 e
1981 5625 2172 5685 codice

601 5693 859 5749 Vaticano
887 5709 972 5764 ap.
998 5691 1296 5751 Possiuum.
1333 5694 1489 5750 Eutr.

2353 5562 2469 5633 (29)
2504 5562 2619 5633 Pro
2652 5560 2850 5632 ἠθικόν
2888 5562 3029 5618 idem
3060 5563 3182 5618 eod.
3222 5562 3350 5632 legit
3371 5557 3577 5633 ὑλικόν.
3611 5555 3826 5633 Bessis.

2374 5624 2465 5705 50)
2494 5624 2719 5705 _Vers.'l
2764 5648 2852 5702 ep.
2886 5649 2982 5701 pro
3016 5624 3519 5705 κεχρεωσὶημένην
3558 5626 3681 5685 cod.
3739 5624 3866 5681 Vat.

2278 5702 2385 5759 650
2418 5703 2583 5760 habet
2610 5705 3021 5775 κεχρωσμένην.
3047 5702 3264 5786 Poma.
