4084 6392
291 333 437 396 1093
1186 333 1724 394 EPISTOLARUM
1759 334 1888 394 LIB

1987 335 2048 395 ν.
2085 357 2156 370 ο-
2193 335 2432 396 EPIST.
2457 337 2678 402 XLIII.
3437 339 3576 408 10M

288 439 630 512 ἁνεχόμενός
662 458 716 494 τι
763 443 942 496 ποιεῖν
981 442 1242 514 χρηστὸν,
1264 443 1405 504 -τοὺς
1445 440 1536 494 διὰ
1579 440 1888 511 φιλοτιμίαν

1996 440 2092 497 sed
2141 442 2478 512 perniciosus
2518 445 2736 512 quidam
2777 451 2834 500 et
2871 446 3067 504 noxius
3115 445 3346 502 daemon.
3391 447 3573 514 Quare

288 531 590 596 ποιοῦντας
619 533 803 602 atina;
835 526 993 603 ὀσῳ
1010 533 1120 603 γὰρ
1153 533 1420 603 κρείττων
1467 533 1496 584 ὁ
1523 531 1614 586 διὰ
1647 531 1746 602 τὴν
1773 529 1882 584 τῶν

1995 533 2182 604 igitur,
2217 537 2404 604 tu,qui
2441 536 2621 590 divina
2645 538 2860 593 oracula
2892 540 3170 604 audivisti,
3223 540 3572 596 admonentia

286 623 602 693 ἀνθρώπων
641 622 804 688 δόξαν
845 623 1204 702 σωφροσύνην
1249 623 1456 689 ἀσκῶν,
1487 623 1584 677 τοῦ
1622 623 1758 694 μηδὲ
1795 621 1886 676 διὰ

1993 640 2062 681 ne
2091 625 2354 680 faciamus
2393 626 2786 700 eleemusynam
2833 644 3018 685 coram
3063 630 3392 696 hominibus,
3444 646 3571 686 cum

286 713 505 786 ταύτην
536 713 944 785 σωφρονοῦντος
964 731 980 745 ο
1025 713 1282 769 τοσοῦτον
1315 717 1344 768 ό
1373 713 1462 768 διὰ
1491 715 1794 784 φιλοδοξίαν
1822 709 1884 768 εὖ

1995 713 2110 784 ipse
2153 727 2223 768 ne
2273 714 2489 784 quidem
2542 715 2726 784 gloriae
2772 720 3062 788 cupiditate
3092 720 3356 775 adductus
3405 721 3570 790 quid-

290 810 494 876 ποιῶν,
541 809 634 866 τοῦ
681 810 930 880 μηδόλως
973 803 1032 864 εὖ
1069 809 1351 873 ποιοῦντος
1384 807 1645 878 ἀμείνων.
1704 809 1766 862 Ὀ
1797 809 1888 878 μὲν

1996 821 2158 878 quam
2203 807 2331 862 boni
2379 807 2556 863 facere
2591 807 2884 874 sustineas,
2913 825 3008 866 eos
3051 812 3142 880 qui
3185 827 3282 880 per
3319 812 3576 867 ambitio.

289 901 409 972 γὰρ
441 902 568 965 τοὺς
613 898 973 971 ἀνθρώπους,
1007 900 1038 951 ὁ
1087 900 1147 954 δὲ
1199 898 1327 953 οὔτε
1381 900 1510 964 τοὺς
1569 898 1888 970 ἀνθρώπους

1998 912 2124 954 nem
2159 896 2370 966 aliquid
2395 897 2604 952 faciunt
2632 899 3022 967 reprehendis?
3055 901 3264 968 Quanto
3289 903 3435 956 enim
3460 915 3574 957 me-

287 991 421 1045 οὺδὲ
452 992 544 1044 τὸν
574 990 708 1044 Θεὸν
736 991 966 1062 ᾐδέσθη.

2000 985 2104 1042 lior
2131 997 2214 1043 est
2239 987 2284 1043 is
2321 989 2412 1058 qui
2449 997 2669 1058 prepter
2687 989 2962 1046 hominum
2999 991 3220 1060 gloriam
3247 993 3377 1048 colit
3403 993 3572 1048 casti-

291 1097 469 1142 tatem
499 1095 555 1142 et
582 1088 1023 1155 temperantiam,
1061 1097 1150 1149 eo,
1189 1089 1286 1154 qut
1317 1097 1386 1137 ne
1415 1083 1631 1152 quidem
1675 1091 1894 1153 propter
1932 1081 2074 1139 hanc
2101 1089 2414 1154 temperans
2481 1093 2540 1140 et
2579 1096 2766 1141 castus
2791 1093 2876 1142 est
2916 1104 2932 1142 :
3003 1096 3154 1144 tanto
3186 1090 3352 1144 etiam
3401 1089 3448 1144 is
3479 1089 3572 1159 qui

291 1179 432 1238 facit
487 1181 886 1252 eieemosynam
951 1179 1140 1249 gloriae
1205 1177 1603 1248 consequentia:
1673 1178 1887 1244 studio,
1929 1176 2104 1232 altero
2171 1177 2266 1249 qui
2332 1178 2491 1248 plane
2535 1191 2640 1234 non
2671 1177 2830 1245 facit,
2869 1169 3063 1236 melior
3097 1189 3202 1236 est.
3233 1180 3383 1235 Alter
3423 1181 3572 1236 enim

292 1271 552 1326 homines
582 1269 808 1336 saltem;
849 1268 988 1324 alter
1027 1282 1156 1322 vero
1195 1281 1373 1337 neque
1415 1267 1687 1334 homines,
1728 1282 1902 1338 neque
1941 1269 2108 1324 Deum
2134 1279 2218 1324 est
2245 1269 2532 1326 reveritus.

822 1385 961 1438 MB'.
993 1413 1063 1424 —
1091 1385 1359 1456 ΜΑΡΚῼ.

288 1476 404 1530 Διὰ
426 1477 489 1530 τι
515 1475 623 1530 τόν
645 1475 922 1546 μέθυσον
954 1475 1053 1546 καί
1091 1477 1200 1530 τὸν
1237 1475 1502 1544 ῑοίδορον
1527 1478 1562 1530 ὁ
1603 1476 1888 1532 Ἀπόστο-

363 1550 480 1682 ..ἒος
528 1548 674 1615 μετὰ
710 1545 832 1600 τῶν
861 1545 933 1600 τὰ
979 1545 1236 1616 μέγιστα
1280 1547 1711 1616 ἡμαρτηκότων
1749 1548 1885 1602 ἕτα-

409 1633 500 1670 εν.

2507 1386 2666 1443 XLII.
2697 1419 2768 1433 -—
2795 1387 3056 1443 MARCO.

1996 1477 2174 1544 Quare
2213 1465 2487 1533 ebriosum,
2523 1489 2570 1534 et
2619 1481 2935 1535 maledicum
2976 1479 3256 1548 Apostolus
3289 1481 3426 1534 inter
3461 1495 3572 1548 eos.

2059 1550 2150 1620 qui
2185 1553 2418 1604 maxima
2447 1552 2820 1605 commiserunt
2857 1561 3092 1620 peccata,
3130 1551 3471 1606 collocarit‘.

364 1725 688 1798 Θαυμάζειν
715 1727 874 1800 ἔφης,
927 1727 1044 1792 πῶς
1076 1727 1169 1783 τὸν
1203 1727 1438 1800 μέθυσον
1466 1728 1561 1782 atati.
1597 1727 1690 1781 τὸν
1717 1726 1888 1780 λοίδο-

2041 1730 2248 1815 .Mirari
2277 1742 2328 1788 te
2351 1732 2592 1801 dicebas,
2615 1749 2722 1804 qua
2749 1732 2960 1789 ratione
2988 1732 3278 1804 Apostolus
3299 1732 3574 1790 ebriosum

292 1837 391 1892 ρον
420 1821 450 1872 ὁ
487 1821 814 1885 Ἀπόστολος
855 1821 996 1894 μετὰ
1021 1821 1131 1875 τῶν
1171 1821 1376 1892 μοιχῶν
1406 1821 1502 1874 καὶ
1523 1820 1634 1874 τῶν
1659 1821 1890 1890 ἡταιρη-

289 1913 474 1967 κότων
517 1911 698 1980 ἔταξε.
755 1913 903 1984 Φημὶ
937 1913 1138 1978 τοίνυν,
1179 1914 1261 1968 ὅτι
1311 1915 1361 1967 εί
1417 1913 1518 1984 μὲν
1563 1914 1664 1984 τὴν
1716 1911 1889 1982 αὐτὴν

287 2003 530 2070 ἐκείνοις
580 2005 782 2076 ἔφησεν
833 2007 1033 2070 αὐτοὺς
1063 2004 1258 2060 δώσειν
1298 2005 1478 2078 δίκην,
1523 2005 1679 2060 λύσιν
1720 2003 1889 2076 ἐχρῆν

287 2095 600 2166 ἐπιζητεῖν.
629 2097 694 2150 Ei
737 2095 794 2150 δὲ
825 2096 926 2167 τῆς
979 2095 1256 2167 βασιλείας
1305 2096 1506 2168 ὁμοίως
1539 2097 1768 2160 ἐκείνοις
1794 2096 1890 2149 ὲκ-

289 2185 586 2239 πεσείσθαι
632 2185 760 2256 ἔφη,
797 2184 866 2238 δι’
913 2187 980 2256 ἢν
1013 2188 1192 2240 αἰτίαν
1223 2185 1456 2258 αἴνιγμά
1503 2203 1588 2240 σοι
1635 2187 1783 2240 δοκεῖ
1828 2185 1890 2240 τδ

289 2277 502 2347 ῥηθένς
543 2277 708 2330 Ἀλλο
740 2277 848 2350 γὰρ
882 2277 942 2331 τὸ
972 2279 1182 2346 εἰπεῖν,
1222 2280 1306 2332 ὃτι
1353 2279 1458 2346 ἔξω
1497 2280 1680 2349 πάσης
1723 2280 1888 2350 τιμῆς

293 2385 349 2424 τε
389 2370 488 2422 καὶ
525 2369 684 2439 δόξης
734 2370 1050 2433 κείσονται,
1083 2371 1180 2426 καὶ
1227 2369 1376 2436 ἄλλο,
1411 2371 1472 2426 τὸ
1523 2371 1730 2440 φάναι·
1775 2371 1886 2442 Τὴν

288 2459 466 2530 αὐτὴν
497 2459 730 2514 δώσουσι
776 2459 954 2531 δίκην.
987 2461 1064 2514 Οὐ
1097 2462 1206 2532 γὰρ
1252 2457 1442 2518 εἶπεν·
1489 2461 1599 2534 Τὴν
1631 2461 1754 2532 ἴσην
1787 2459 1890 2513 δώ·-

267 2567 449 2606 .σουσι
479 2551 658 2623 δίκην,
689 2551 718 2604 ὃ
751 2551 816 2606 σὺ
850 2552 980 2616 ἴσως
1015 2551 1090 2624 μὴ
1121 2553 1319 2623 νοήσας
1349 2553 1409 2606 τὸ
1440 2553 1604 2624 ῥηθὲν
1630 2553 1890 2624 ἐνόμισας

288 2639 551 2712 εἰρῆσθαι
577 2681 592 2705 ,
630 2641 803 2706 ἀλλὰ,
845 2659 864 2692 ι
921 2641 1211 2695 Βασιλείαν
1245 2641 1378 2695 Θεοῦ
1427 2644 1488 2696 οὐ
1537 2643 1884 2714 κληρονομή-

291 2747 469 2786 σουσι.
515 2751 534 2784 ι
566 2733 678 2804 Τῆς
705 2734 802 2804 μὲν
836 2733 945 2804 γὰρ
971 2735 1152 2804 δόξης,
1185 2734 1342 2805 φησὶ,
1363 2734 1527 2788 πανῇ⁸
1556 2735 1743 2806 τρόπῳ
1780 2734 1888 2800 ἔξω

291 2824 577 2878 πείσονται
603 2841 618 2854 ·
650 2825 788 2895 πρὸς
815 2825 872 2878 δὲ
906 2827 1004 2896 τὴν
1049 2825 1323 2896 ποσότητα
1356 2827 1450 2878 καὶ
1477 2827 1576 2898 τὴν
1623 2827 1889 2898 ποιότητα

290 2916 392 2970 καὶ
415 2915 759 2986 πηλικότητα
787 2916 900 2986 (51)
927 2917 1037 2969 τῶν
1063 2917 1482 2988 ἁμαρτημάτων
1510 2917 1884 2990 κριθήσονται.

267 2989 482 3074 ’Πολλὴ
517 3005 628 3076 γὰρ
662 3005 758 3060 τοῦ
793 3005 940 3060 θείου
968 3006 1324 3078 δικαστηρίου
1365 3009 1398 3080 ἡ
1429 3007 1707 3079 ἀκρίϐεια.

1990 1831 2045 1878 et
2086 1825 2410 1880 maledicum
2446 1825 2498 1880 in
2543 1827 2732 1881 eodem
2765 1825 2919 1896 quasi
2948 1840 3116 1880 censu
3149 1841 3269 1880 cum
3312 1826 3574 1881 adulteris

1993 1924 2048 1970 et
2082 1916 2478 1972 scortatoribus
2501 1915 2803 1971 collocérit.
2832 1916 2934 1970 Aio
2970 1915 3150 1984 itaque
3185 1933 3199 1970 :
3237 1916 3292 1971 Si
3328 1917 3572 1971 eamdem

1991 2021 2112 2061 cum
2143 2007 2226 2062 his
2253 2022 2464 2076 pmnam
2493 2007 2768 2063 subituros
2799 2022 2893 2062 eos
2918 2007 3161 2072 dixisset,
3191 2017 3300 2062 tum
3331 2023 3458 2063 vero
3480 2021 3572 2062 so-

1992 2098 2248 2154 lutionem
2291 2098 2486 2168 (hujus
2525 2095 2914 2170 dubitationis)
2957 2099 3236 2168 inquirere
3275 2108 3570 2168 oporteret.

1990 2192 2122 2247 Cum
2161 2199 2341 2246 autem
2383 2205 2478 2247 eos
2521 2205 2674 2262 aeque
2713 2200 2878 2260 atque
2915 2190 3048 2244 istos
3092 2205 3258 2260 regno
3299 2189 3570 2261 (caelesti)

1990 2281 2308 2338 frustratum
2335 2281 2400 2336 iri
2429 2281 2626 2336 dixerit
2659 2297 2674 2334 :
2705 2281 2834 2349 quid
2871 2295 3052 2336 causa:
3086 2289 3188 2347 est,
3224 2295 3322 2355 cur
3349 2280 3402 2335 id
3427 2280 3572 2351 quod

1991 2371 2194 2426 dictum
2234 2377 2338 2436 est,
2379 2370 2674 2424 obscurum
2707 2367 2801 2422 tibi
2845 2365 3018 2421 instar
3047 2367 3350 2436 aenigmatis
3385 2365 3572 2420 videa-

1993 2461 2301 2518 tur?Aliud
2345 2461 2491 2515 enim
2523 2467 2639 2525 est,
2681 2459 2882 2522 dicere,
2919 2467 3075 2512 extra
3121 2472 3340 2511 onmem
3393 2455 3572 2510 hono-

1990 2569 2104 2608 rem
2142 2561 2196 2608 et
2230 2551 2454 2622 gloriam
2505 2565 2599 2606 eos
2644 2549 2762 2605 fore
2803 2547 3126 2604 constitutos
3157 2587 3173 2614 ,
3221 2555 3274 2602 et
3312 2546 3456 2600 aliud
3487 2545 3572 2600 di-

1990 2659 2138 2711 cere,
2172 2645 2288 2715 pari
2321 2642 2587 2714 supplicio
2620 2640 2874 2696 affectum
2917 2639 3007 2695 iri.
3039 2638 3154 2694 Non
3193 2639 3334 2694 enim
3387 2639 3522 2694 dixit
3553 2653 3569 2691 :

1977 2737 2158 2809 Pares
2199 2737 2403 2790 dabunt
2435 2748 2624 2803 poenas
2669 2731 2846 2804 (quod
2889 2739 2944 2784 tu
2989 2729 3240 2786 fortassis
3281 2743 3386 2784 non
3423 2728 3576 2782 intel-

1989 2830 2129 2884 lecto
2197 2823 2457 2896 Paulino)
2511 2824 2658 2879 dicto
2720 2821 2923 2894 Putasti
3000 2820 3203 2876 dictum
3257 2833 3398 2884 esse,
3452 2819 3570 2883 sed,

1997 2937 2018 2974 ι
2065 2926 2288 2990 regnum
2335 2916 2432 2972 Dei
2491 2930 2596 2970 non
2629 2913 3002 2986 possidebunt.
3033 2929 3053 2963 ι
3093 2910 3227 2965 Nam
3275 2919 3429 2966 extra
3462 2909 3578 2978 glo-

1991 3009 2128 3064 riam
2169 3007 2410 3078 quidem,
2443 3006 2638 3074 inquit,
2675 3004 2896 3060 omnino
2942 3000 3104 3072 positi
3140 3009 3331 3068 erunt;
3370 3001 3574 3054 interea

290 3110 480 3158 tamen
512 3104 812 3160 secundum
845 3103 1202 3172 quantitatem
1243 3111 1298 3159 et
1341 3102 1656 3172 qualitatem
1715 3113 1772 3161 et
1845 3119 2129 3162 numerum
2208 3109 2556 3175 peccatorum
2597 3099 3010 3168 iudicabuntur.
3077 3098 3270 3170 Magna
3317 3097 3462 3153 enim
3511 3109 3577 3150 ac

295 3196 590 3268 multiplex
612 3205 696 3252 est
729 3196 898 3252 divini
931 3193 1122 3263 iudicii
1153 3196 1464 3266 exquisitio.

572 3311 708 3365 ΜΡ.
739 3339 812 3352 ——
844 3309 1080 3364 IEPAKI
1115 3309 1616 3384 ΛΑΜΠΡΟΤΑΤῼ.

295 3423 475 3488 Τίνος
501 3423 541 3492 ἠ
575 3421 795 3499 ἔννοια
829 3421 939 3476 τοῦ
1121 3421 1382 3491 κόρακος
1409 3423 1736 3493 τρέφεσθαι
1778 3422 1888 3480 τὸν

1107 3508 1206 3546 αν.

1107 3508 1206 3546 αν.

369 3605 550 3672 Ἶσθι,
585 3598 630 3660 ὧ
660 3606 814 3674 σοφὲ,
865 3605 949 3658 ὅτι
987 3607 1024 3676 ἡ
1064 3603 1217 3676 πηγὴ
1261 3607 1360 3676 τῆς
1405 3604 1742 3674 ἀγαθότητος
1785 3607 1886 3678 τὴν

287 3697 515 3751 δικαίαν
559 3697 653 3751 τοῦ
708 3698 990 3769 προφήτου
1023 3696 1168 3752 κατὰ
1210 3695 1479 3752 Ἰουδαίων
1509 3699 1887 3769 ἀγανάκτησιν

291 3785 541 3856 ἑκμάξαι
575 3787 690 3858 (5‘2)
741 3787 1042 3858 βουλομένη
1091 3785 1272 3857 (λιμὸν
1299 3787 1410 3858 γὰρ
1449 3788 1766 3859 ἐπήγαγεν,
1798 3789 1888 3844 ἵνα

287 3879 388 3933 τὸν
405 3879 567 3949 κόρον
585 3878 744 3950 ὓϐριν
759 3879 1018 3944 ὠδίνοντα
1030 3879 1353 3950 σωφροσύνη
1371 3879 1702 3949 σωφρονίσαι
1724 3880 1884 3953 (53))°

291 3972 720 4042 παρεσκεύασεν
775 3970 941 4025 αὑτὸν
977 3969 1066 4024 διὰ
1100 3971 1338 4042 κόρακος
1377 3972 1696 4044 τρέφεσθαι,
1731 3989 1890 4044 μισο-

288 4063 494 4117 τεκνου
524 4061 733 4133 πτηνοῦ
752 4102 768 4129 ,
802 4061 898 4116 καὶ
925 4061 1203 4126 τίκτοντος
1239 4062 1364 4132 μὲν,
1394 4063 1458 4117 οὐ
1483 4063 1777 4136 τρέφοντος
1801 4064 1881 4119 δέ·

289 4154 378 4209 διὸ
435 4154 530 4208 καὶ
554 4155 586 4207 ὁ
622 4153 878 4223 Μελῳδὸς
941 4153 1120 4208 καίτοι
1153 4153 1336 4226 πάσης
1369 4155 1469 4226 τῆς
1517 4157 1748 4222 κτίσεως
1786 4175 1888 4227 φυ-

289 4244 441 4316 σικῷ
474 4244 620 4316 λόγῳ
647 4247 728 4309 είς
758 4245 852 4298 τὸν
895 4245 1240 4316 Δημιουργὸν
1282 4245 1730 4316 ἀποϐλεπούσης·
1768 4267 1787 4302 ι
1821 4248 1885 4301 Οἱ

287 4337 569 4407 ὀφθαλμοὶ
599 4335 708 4407 γὰρ
734 4335 976 4400 πάντων,
1015 4336 1203 4405 φησὶν,
1235 4339 1316 4401 εἰς
1346 4337 1408 4390 σὲ
1433 4337 1722 4402 ἐλπίζουσι
1743 4379 1758 4404 ,
1791 4339 1888 4396 καὶ

292 4431 363 4482 σὺ
401 4427 562 4492 δίδως
591 4427 689 4499 τὴν
719 4425 925 4499 τροφὴν
966 4426 1146 4482 αὐτῶν
1166 4427 1227 4481 ὲν
1257 4427 1544 4500 εὐκαιρίᾳ·
1582 4448 1602 4482 t
1633 4430 1886 4500 κοράκων

291 4519 703 4590 ἐμνημόνευσε,
725 4517 902 4586 λέγων
922 4533 940 4550 ο
973 4535 992 4570 ι
1032 4516 1124 4588 Τῷ
1151 4516 1348 4570 διδόντι
1373 4521 1488 4580 τοῖς
1507 4519 1734 4589 κτήνεσι
1761 4535 1888 4590 τρο-

2189 3311 2473 3367 -XLlll.--
2501 3308 2778 3366 IIIERACI
2810 3303 3361 3364 ILLUSTRISSIMO.

2027 3421 2170 3489 Quid
2193 3421 2293 3476 sibi
2317 3420 2460 3487 velit,
2487 3419 2627 3490 quod
2663 3417 2813 3474 Elia:
2833 3433 2926 3488 per
2951 3431 3160 3471 corvum
3185 3425 3369 3486 pastus
3393 3414 3463 3469 ait
3493 3415 3534 3470 ⁵.

2059 3607 2214 3664 Scire
2240 3607 2426 3673 debes,
2462 3605 2546 3660 vir
2573 3604 2810 3675 sapiens,
2843 3602 3050 3659 fontem
3095 3599 3245 3654 illum
3285 3597 3570 3662 bonitatis,

1988 3701 2152 3773 535
2169 3716 2291 3756 cum
2310 3699 2468 3756 vellet
2479 3698 2678 3769 justam
2695 3696 2969 3768 propheta
2986 3694 3244 3749 adversus
3263 3689 3474 3747 Iudaeos
3493 3691 3576 3746 in-

1989 3793 2360 3864 dignationem
2394 3790 2702 3861 abstergere
2725 3787 2943 3858 (famem
2975 3785 3118 3842 enim
3146 3783 3454 3848 induxit,ut
3480 3796 3573 3836 sa-

1955 3886 2290 3961 'turitatetn,
2337 3898 2460 3954 quae
2499 3879 2880 3936 contumeliam
2919 3893 3110 3950 parere
3151 3877 3312 3946 solet,
3343 3874 3576 3946 castiga-

1989 3988 2068 4035 ret
2089 3979 2128 4045 ),
2155 3975 2364 4032 curavit
2398 3975 2575 4044 ipsum
2607 3988 2701 4042 per
2725 3987 2948 4028 corvum
2975 3971 3149 4042 pasci,
3183 3984 3335 4025 avem
3367 3966 3574 4024 sobolis

1956 4109 1962 4116 .
1987 4068 2221 4139 propria:
2245 4080 2484 4130 osorem,
2509 4073 2564 4120 et
2587 4079 2708 4132 quae
2731 4063 2873 4133 parit
2897 4062 3120 4131 quidem
3145 4069 3306 4131 atque
3336 4057 3575 4114 excludit

1987 4161 2182 4230 pullos,
2230 4159 2324 4214 sed
2360 4173 2456 4212 eos
2499 4173 2604 4212 non
2653 4155 2766 4210 alit.
2820 4153 2952 4222 Quae
2993 4169 3156 4209 causa
3195 4165 3414 4224 quoque
3469 4157 3574 4212 est,

1948 4284 1956 4289 -
1986 4251 2130 4321 quod
2157 4247 2494 4303 Psalmorum
2539 4247 2794 4316 scriptor,
2825 4245 3073 4315 quamvis
3101 4243 3284 4298 omnis
3316 4248 3570 4297 creatura

1989 4339 2221 4398 naturali
2257 4340 2487 4408 quodam
2525 4339 2784 4392 instinctu
2823 4337 2876 4391 in
2909 4335 3158 4405 opificem
3206 4346 3362 4388 suum
3400 4330 3575 4400 respi-

1989 4435 2098 4489 ciat
2131 4449 2145 4488 :
2188 4449 2208 4486 ι
2244 4429 2397 4488 Oculi
2431 4429 2575 4484 enim
2605 4429 2870 4491 omnium,
2911 4425 3110 4496 inquit,
3141 4424 3198 4479 in
3243 4430 3294 4476 te
3325 4431 3573 4491 sperant,

1987 4533 2042 4578 et
2071 4531 2124 4577 tu
2154 4523 2252 4578 das
2289 4535 2470 4576 escam
2499 4518 2716 4574 illorum
2745 4517 2798 4570 in
2833 4525 3076 4585 tempore
3100 4520 3403 4582 opportuno
3431 4509 3489 4574 ';
3517 4509 3572 4563 in

291 4612 408 4684 φῆν
449 4609 630 4665 αὐτῶν
654 4651 670 4677 ,
709 4611 805 4665 καὶ
843 4613 958 4674 τοῖς
993 4611 1236 4674 νεοσσοῖς
1265 4609 1396 4664 ,τῶν
1432 4610 1686 4681 κοράκων
1704 4651 1719 4676 ,
1771 4613 1886 4676 τοῖς

1991 4614 2171 4686 specie
2201 4627 2486 4668 corvorum
2521 4608 2847 4664 mentionem
2879 4606 3083 4668 fecerit,
3109 4618 3230 4659 cum
3264 4602 3379 4658 ait:
3412 4619 3431 4654 ι
3465 4601 3570 4670 Qui

292 4703 759 4774 ἐπικαλουμένοις
787 4703 969 4757 αὐτόν.
1006 4719 1027 4753 ι
1054 4700 1308 4756 Μάλιστα
1355 4701 1454 4772 μὲν
1483 4699 1592 4772 γὰρ
1631 4701 1809 4754 πάντα
1849 4704 1884 4772 ἡ

1993 4707 2077 4761 dat
2107 4704 2368 4776 iumentis
2391 4703 2706 4757 alimentum
2733 4701 2996 4769 ipsorum,
3020 4705 3074 4750 et
3097 4694 3260 4765 pullis
3283 4707 3570 4748 corvorum

292 4795 423 4850 θεία
462 4795 694 4866 πρόνοια
747 4792 939 4865 τρέφει
967 4831 984 4858 ,
1021 4793 1156 4864 φησὶ
1179 4831 1196 4857 ,
1245 4791 1611 4863 διαφερόντως
1649 4790 1708 4848 δὲ
1753 4791 1883 4856 τοὺς

292 4885 562 4950 νεοσσοὺς
615 4884 728 4938 τῶν
778 4885 1053 4955 κοράκων,
1099 4883 1234 4946 τοὺς
1283 4883 1437 4954 παρὰ
1477 4883 1588 4936 τῶν
1621 4883 1890 4939 τεκόντων

293 4977 741 5051 ἀμελουμένους’
776 4974 1126 5047 ζωΰφιαίὸι)
1164 4976 1274 5047 γὰρ
1300 4977 1420 5038 ταῖς
1468 4975 1685 5040 καλιαῖς
1733 4970 1909 5048 ita.th

378 5157 403 5191 ³
436 5156 455 5211 ι
485 5156 612 5213 Cor.
640 5175 720 5227 γι,
759 5158 850 5214 10.
925 5157 948 5190 ἰ
971 5155 1036 5213 lll
1071 5157 1205 5230 Reg.
1237 5170 1376 5224 xvu,
1402 5155 1460 5213 ι.

1995 4796 2374 4854 invocantibus
2407 4809 2532 4849 eum
2569 4793 2611 4848 '.
2645 4811 2663 4846 ι
2693 4790 2924 4845 Maxime
2952 4787 3194 4858 quidem,
3216 4784 3421 4854 inquit,
3455 4797 3576 4837 om.

1998 4887 2086 4940 nia
2127 4884 2298 4940 nutrit
2343 4899 2407 4939 ac
2447 4891 2718 4940 sustentat
2749 4880 2928 4934 divina
2973 4873 3344 4950 providentia;
3379 4873 3580 4928 eximie

1997 4988 2130 5032 vero
2175 4983 2230 5032 et
2269 4973 2524 5046 peculiari
2559 4972 2792 5043 quodam
2833 4969 3001 5024 modo
3042 4965 3216 5038 pullos
3262 4974 3576 5026 corvorum,

1410 5312 2076 5408 VABIE-LECTIOIVES
2113 5312 2202 5370 ET
2241 5310 2473 5370 NOTAE.

375 5471 492 5544 (51)
526 5469 712 5544 Verba
735 5469 846 5539 illa,
871 5470 970 5525 καὶ
1007 5470 1346 5544 πηλικότητα
1371 5512 1386 5535 ,
1418 5485 1526 5526 non
1567 5475 1892 5544 comparent

249 5621 256 5626 ὁ
299 5544 357 5626 in
388 5541 636 5626 eo'ch.‘
663 5541 806 5598 idem
839 5556 981 5596 vers.
1015 5541 1130 5612 seq.
1159 5541 1271 5613 pro
1301 5541 1652 5613 δικαστηρίου
1691 5541 1884 5596 scribit

297 5609 882 5753 διδίὲἒῗοὲιέῗκμάξαι
905 5679 1027 5753 cod.
1042 5677 1166 5753 Vat.
1185 5679 1297 5753 Q50
1325 5681 1451 5753 legit
1469 5679 1795 5753 ἐκμαλὰξαι.
1811 5680 1890 5734 In.

401 5749 495 5818 55)
529 5749 806 5809 Lacunam
836 5753 916 5809 sic
947 5752 1000 5808 in
1032 5752 1167 5808 edit.
1197 5749 1621 5820 Parisfpuuc‘tis
1649 5763 1891 5808 notatam

1993 5469 2211 5544 s_upplet
2242 5469 2364 5525 cod.
2402 5465 2576 5524 Vatic.
2627 5465 2734 5524 650
2763 5475 2822 5524 et
2871 5437 3266 5544 Rittenbusius
3312 5461 3366 5516 in
3395 5459 3562 5516 uotis.

1995 5539 2180 5681 Ευίὲλ)
2226 5609 2335 5681 PFO
2368 5607 2584 5679 ζωΰφια
2618 5607 2729 5680 γάρ
2768 5607 2909 5665 idem
2953 5605 3076 5662 cod.
3115 5601 3279 5659 habet
3306 5598 3424 5664 ζῶα
3458 5598 3571 5670 γὰρ

2002 5679 2194 5752 μικρά.
2225 5679 2438 5736 Possm.
