4084 6406
554 305 697 374 1095

551 511 693 563 enim
743 523 929 577 parva,
985 521 1107 575 quae
1153 505 1307 558 nidos
1357 503 1818 570 circumvolitant,
1878 497 2135 571 pabulum

555 601 686 668 ipsis
727 599 984 665 praebent,
1019 597 1195 664 quoad
1270 595 1454 648 volare
1503 594 1732 661 possint.
1790 593 1894 646 Per
1941 608 2137 647 corvos

555 690 717 760 igitur
754 691 890 741 Deus
927 698 1135 740 tantum
1168 702 1271 739 non
1305 687 1534 740 suadere
1571 686 1741 738 voluit
1771 685 1923 748 Elim,
1963 701 2029 739 ne
2066 685 2140 738 ni-

553 783 715 834 inium
747 779 1099 847 indignationi
1131 778 1584 846 sumindulgcret,
1614 791 1747 832 neve
1781 777 1954 847 magis
1981 777 2143 830 inhu-

552 888 744 927 manus
783 887 904 926 esse
946 873 1244 932 videretur,
1276 885 1436 939 quam
1488 870 1616 923 illud
1651 869 1873 923 volatile
1916 867 2141 934 animal,

553 961 693 1028 quod
724 959 1074 1026 quantumvis
1110 959 1161 1010 in
1194 958 1366 1027 pullos
1398 975 1525 1011 suos
1557 958 1776 1012 crudele
1813 958 2016 1026 alioqui
2049 958 2141 1022 sit,

1725 307 1784 366 S.
1829 306 2122 367 ISIDORI
2155 304 2596 366 PELUSIOTAE

552 421 646 491 qni
714 434 744 472 a
811 415 1126 487 parentibus
1185 413 1298 470 suis
1361 412 1729 483 negliguntur.
1798 412 2138 502 Animalenla
2168 445 2213 502 Α

3692 296 3823 363 1096

2251 413 2529 483 ιπτάμενα
2547 412 2684 482 (55)·
2713 409 2885 481 τροφὴ
2909 407 3118 476 γίνεται
3135 408 3362 469 τούτοις.
3389 406 3694 479 Μονονουχὶ
3720 409 3829 480 γὰρ

2249 503 2666 558 συνεϐούλευσεν
2689 503 2716 554 ὁ
2753 502 2884 564 Θεὸς
2914 501 2992 571 τῷ
3023 500 3203 570 Ἠλίᾳ,
3229 499 3302 570 μὴ
3353 499 3494 566 ἄγαν
3532 501 3598 571 τῇ
3627 499 3833 567 ἀγαναρ

2245 596 2438 664 κτήσει
2489 593 2819 665 χρήσασθαι,
2859 593 2992 662 μηδὲ
3032 591 3130 660 τῆς
3153 590 3244 644 τοῦ
3279 589 3598 660 μισοτέκνου
3625 591 3832 660 πτηνοῦ

2241 687 2653 758 φιλανθρωπίας
2685 684 3052 754 ἀπάνθρωπον
3093 682 3206 752 (56)
3244 682 3474 752 ὀφθῆναι
3505 682 3726 752 μᾶλλον.
3759 685 3834 736 Τὸ

2246 775 2468 846 μὲνγὰρ
2492 793 2549 828 σε
2568 775 2656 827 διὰ
2685 775 2783 845 τὴν
2814 774 2953 845 ὲμὴν
2981 773 3276 843 πρόσταξιν
3311 773 3525 844 τρέφει·
3560 773 3625 826 σὺ
3653 774 3710 828 δὲ
3734 775 3836 843 τῆς

2246 867 2678 936 ἀγανακτήσεως
2709 865 2825 928 ὅλος
2850 865 3143 935 γενόμενος
3178 862 3248 917 τὰ
3283 863 3385 934 τῆς
3416 864 3836 936 φιλανθρωπίας

2249 958 2526 1028 ὑπερεῖδες
2556 959 2760 1012 δίκαια.

555 1049 862 1116 tamenjam
895 1049 1588 1117 prophetaehumanitatem
1621 1050 1720 1117 ipsi
1751 1049 1915 1103 allato
1943 1049 2139 1119 pabulo
2175 1051 2480 1106 exhiberet.
2528 1049 2661 1105 Nam
2735 1051 2851 1107 hac
2903 1051 3144 1120 quidem,
3198 1049 3394 1118 inquit,
3439 1049 3558 1106 avis
3623 1049 3736 1119 iam
3785 1058 3836 1104 te

555 1143 846 1211 meojussu
872 1143 1048 1208 pascit
1083 1158 1096 1194 :
1130 1153 1182 1196 tu
1211 1156 1340 1194 vero
1379 1150 1521 1195 totus
1560 1141 1639 1193 ira
1671 1151 1726 1194 et
1756 1141 2129 1211 indignatione
2167 1153 2463 1214 occupatus
2493 1143 2614 1211 jura
2648 1143 3003 1197 humanitatis
3072 1141 3349 1212 despectui
3422 1141 3614 1198 babes.

786 1273 968 1328 XLIV.
1001 1303 1066 1316 —-
1098 1271 1370 1328 DANlELl
1405 1271 1888 1327 PRESBYTERO.

591 1367 731 1433 Quid
768 1367 873 1422 sibi
905 1368 1025 1421 velit
1059 1366 1224 1419 illud:
1266 1385 1284 1416 ι
1345 1365 1529 1418 Patres
1581 1367 1912 1420 comederunt
1953 1381 2108 1418 uvam

658 1441 922 1501 acerbam,
961 1446 1010 1490 et
1045 1439 1222 1490 dentes
1255 1436 1492 1502 ﬁliorum
1522 1436 1898 1504 obstupuerunt
1934 1436 1980 1489 ⁷.
2013 1454 2030 1485 ι

627 1549 782 1605 Scire
808 1550 994 1614 debes,
1020 1564 1051 1602 ο
1086 1549 1244 1614 bone,
1271 1563 1377 1601 non
1407 1561 1531 1601 esse
1565 1547 1863 1614 Scriptura:
1896 1547 1998 1601 hoc
2025 1562 2146 1614 pro-

2509 1277 2638 1329 MA'.
2686 1306 2750 1315 —
2782 1274 3043 1327 AANIHA
3073 1272 3546 1344 ΠΡΕΣΒΥΤΕΡῼ.

2258 1365 2318 1418 Τί
2346 1365 2477 1418 ἐστι
2515 1365 2583 1417 τό
2607 1381 2619 1395 ·
2661 1383 2678 1416 ι
2715 1367 2779 1418 Ol
2803 1364 3058 1487 aurifer;
3091 1359 3322 1433 ἔφαγον
3351 1363 3612 1431 ὄμφακα,
3645 1362 3746 1416 καί
3785 1365 3840 1418 oi

2468 1436 2714 1487 ὀδόντες
2753 1435 2871 1487 τῶν
2901 1453 2934 1487 τ
2970 1451 3130 1487 κγων
3167 1432 3540 1487 ὠιιοδίασαν.
3592 1451 3610 1484 ι

2468 1436 2714 1500 ὀδόντες
2753 1435 2871 1488 τῶν
2901 1432 3130 1488 τέκνων
3167 1432 3540 1502 ὠμοδίασαν.
3592 1451 3610 1484 ι

2327 1548 2486 1615 Ἴσοι,
2519 1544 2562 1602 ὦ
2599 1550 2842 1621 βέλτιστε
2865 1591 2880 1615 ,
2911 1552 2992 1603 ὅτι
3021 1551 3081 1604 οὺ
3121 1549 3221 1618 τῆς
3249 1550 3476 1621 Γραφῆς
3511 1548 3661 1603 ἐστιν
3703 1550 3841 1604 ἀπό-

560 1642 897 1702 nuntiatum,
930 1639 1020 1691 sed
1051 1638 1239 1704 judicii
1277 1637 1562 1706 impiorum
1608 1635 1924 1691 Judteornm
1967 1636 2150 1690 calcu-

2257 1660 2450 1712 φασις,
2484 1643 2619 1696 ἀλλά
2652 1642 2760 1696 τῶν
2808 1643 3196 1712 ἀσεϐησάντων
3245 1642 3358 1712 (57}
3408 1641 3681 1696 Ἰουδαίων
3717 1643 3843 1714 κρί-

559 1732 690 1798 lum,
739 1732 787 1784 id
837 1729 976 1798 quod
1028 1729 1230 1783 dictum
1273 1738 1355 1783 est
1405 1747 1417 1782 :
1470 1745 1488 1778 ι
1539 1727 1731 1782 Patres
1785 1729 2143 1782 comederunt

556 1840 712 1877 uvam
743 1824 1014 1887 acerbam,
1071 1830 1126 1875 et
1161 1821 1349 1874 dentes
1387 1821 1622 1874 tiliorum
1657 1821 2071 1889 obstupuerunt.
2117 1838 2134 1871 ι

555 1912 688 1966 Nam
717 1912 857 1981 quod
891 1911 1287 1975 existimarent,
1325 1924 1352 1962 a
1382 1925 1440 1963 se
1484 1923 1674 1976 paruas
1707 1910 1849 1979 exigi
1886 1924 1982 1976 pro
2017 1923 2142 1978 pec-

554 2007 696 2061 catis
739 2004 999 2074 majorum
1045 2017 1291 2066 suorum,
1344 2003 1540 2070 quibus
1589 2011 1770 2054 tamen
1821 2001 1920 2068 ipsi
1973 2000 2141 2054 multo

556 2099 805 2164 graviora
851 2104 1072 2165 peccata
1124 2094 1562 2157 committebant,
1597 2091 1802 2145 idcirco
1843 2091 1947 2144 hoc
1994 2092 2141 2145 dice-

555 2189 704 2244 bant.
740 2190 809 2244 At
861 2189 1074 2243 divinus
1121 2196 1174 2242 et
1220 2188 1568 2252 incorruptus
1615 2181 1810 2249 Judex,
1866 2197 2145 2252 opponens

557 2282 680 2342 illis.
717 2281 854 2349 quod
882 2296 996 2334 non
1036 2295 1131 2348 pro
1163 2277 1304 2341 aliis,
1343 2278 1436 2330 sed
1469 2290 1563 2346 pro
1597 2276 1792 2344 seipsis
1818 2283 1871 2329 et
1906 2275 2018 2329 suis
2053 2275 2147 2328 ad-

556 2371 737 2424 missis
771 2370 1161 2440 plecterentur,
1196 2368 1333 2420 dixit
1365 2384 1377 2420 :
1416 2385 1434 2416 ι
1476 2364 1609 2419 Vivo
1637 2381 1758 2434 ego,
1804 2365 1934 2419 dicit
1959 2365 2144 2419 Domi-

556 2476 674 2525 nus,
694 2459 737 2512 si
773 2457 1004 2526 amplius
1028 2457 1235 2510 dicetur
1268 2457 1379 2510 hazc
1419 2455 1697 2525 parabola,
1717 2473 1735 2506 ι
1766 2469 1926 2523 quam
1954 2453 2148 2509 videli-

553 2561 662 2611 cet,
695 2545 1052 2616 sibimetipsis
1085 2553 1138 2598 et
1175 2544 1280 2598 illis
1330 2544 1422 2612 qui
1455 2541 1747 2596 audiebant
1779 2541 2142 2610 itnponentes,

555 2643 950 2692 conﬂuxerant.
996 2656 1013 2687 ι
1047 2635 1431 2704 Unusquisque
1485 2633 1628 2688 enim
1668 2635 1737 2687 ob
1779 2647 1932 2687 suum
1978 2633 2148 2702 ipsius

556 2740 834 2800 peccatum
859 2729 1135 2782 morietur.
1159 2728 1348 2782 Anima
1370 2725 1512 2781 enim
1532 2741 1650 2795 qua:
1677 2725 2004 2794 peccaverit,
2033 2726 2148 2796 ipsa

558 2821 818 2874 tuorietnr
842 2819 882 2871 ⁸.
909 2837 928 2870 ι

558 2930 718 2988 XLV.
743 2961 814 2971 —
837 2931 1118 2987 lllERACl
1147 2931 1235 2986 ET
1264 2929 1610 2996 DlONYSlO,
1639 2927 2142 2986 PRESBYTERIS.

884 3093 964 3148 Ex
1003 3093 1220 3148 Daniele
1242 3096 1286 3160 °,
1311 3095 1374 3148 de
1402 3102 1547 3148 casta
1575 3092 1842 3148 Susanna.

638 3209 864 3276 Quando
918 3210 1191 3265 libidinosi
1251 3211 1326 3265 illi
1393 3219 1450 3265 et
1497 3211 1824 3280 impotentes
1879 3217 2151 3264 amatores

567 3301 849 3356 desideriis
895 3303 1250 3372 cupiditatum
1288 3302 1527 3356 immersi
1555 3303 1621 3354 ad
1653 3301 2014 3355 castissimam
2051 3299 2152 3354 Su-

564 3409 787 3447 sannant
811 3404 1157 3448 accesserunt
1190 3393 1426 3463 (luxuria
1456 3395 1600 3448 enim
1629 3402 1683 3448 et
1711 3393 1949 3448 ebrietas
2000 3393 2154 3461 ipsos

563 3488 627 3538 ad
693 3488 830 3540 hanc
892 3487 1275 3540 contumeliam
1350 3487 1710 3541 exercendam
1771 3484 2144 3554 instituerant)

561 3576 873 3649 “eahinc
909 3579 1332 3647 sapicntia,quae
1351 3578 1402 3632 in
1425 3577 1703 3647 discipulis
1720 3576 1917 3641 inerat,
1944 3591 2038 3631 eos
2057 3576 2148 3644 qui

566 3671 806 3738 magistri
859 3685 980 3724 esse
1015 3671 1342 3724 videbantur
1388 3670 1630 3724 divinum
1677 3679 1841 3739 atque
1891 3670 2145 3724 incorru-

573 3772 721 3831 ptmn
757 3760 945 3815 docuit
991 3761 1273 3828 judicium.
1323 3762 1459 3828 Quia
1488 3776 1618 3816 vero
1647 3762 1918 3830 cupiditas
1949 3760 2155 3815 caedem

567 3840 873 3905 machinata
901 3861 1044 3917 erat,
1081 3859 1133 3905 et
1161 3852 1328 3906 animi
1387 3853 1725 3920 perturbatio
1774 3851 2038 3906 rationem
2075 3865 2162 3904 rc-

567 3953 711 3998 ctam
742 3959 844 3998 non
871 3945 1556 4009 admittebat,exclamabat
1574 3943 1682 4010 illa,
1703 3945 1974 3998 sincerum
1997 3952 2160 4013 atque

569 4034 836 4102 integrum
869 4037 1137 4090 castitatis
1182 4037 1496 4091 thesaurum
1530 4050 1856 4090 conservare
1887 4045 2157 4106 satagens.

570 4124 860 4194 Postquam
894 4135 1074 4180 autem
1105 4127 1224 4198 ipsa
1259 4128 1500 4198 quidem,
1533 4127 1676 4197 quod
1713 4127 1946 4194 volebat,
1978 4128 2160 4198 perfe-

569 4218 665 4281 cit,
697 4219 768 4271 illi
800 4233 928 4273 vero
965 4219 1209 4274 frustrati
1243 4229 1370 4274 sunt
1394 4236 1458 4275 eo
1497 4235 1604 4290 quo
1647 4221 1806 4289 potiri
1854 4235 1958 4276 non
1999 4220 2162 4276 debe-

2253 1753 2390 1799 σεως
2421 1736 2598 1805 ψῆφος
2623 1777 2636 1798 ,
2665 1735 2727 1787 τὸ
2749 1774 2762 1799 ,
2800 1753 2818 1785 ι
2859 1735 2921 1788 Ol
2951 1735 3185 1804 πατέρες
3225 1733 3428 1802 ἔφαγον
3463 1733 3712 1804 ὄμφακα,
3745 1736 3843 1788 καὶ

2251 1828 2299 1878 οἱ
2349 1826 2560 1889 ὀδόντες
2607 1825 2716 1879 τῶν
2766 1825 2971 1879 τέκνων
3009 1825 3343 1895 ὠμοδίασαν.
3399 1844 3418 1878 ι
3459 1825 3682 1897 Ἐπειδὴ
3731 1827 3844 1898 γὰρ

2257 1916 2480 1988 μείζονα
2519 1917 2627 1970 τῶν
2657 1918 2940 1987 προγόνων
2986 1917 3292 1980 πταίοντες,
3326 1915 3496 1970 ὤοντο
3528 1918 3671 1988 ὑπὲρ
3703 1918 3842 1970 ὲκεί-

2252 2028 2358 2062 νων
2390 2009 2813 2079 εἰσπράττεσθαι
2856 2009 3031 2076 δίκας,
3099 2008 3246 2062 τοῦτ’
3289 2009 3473 2077 ἔλεγον
3497 2025 3512 2039 °
3545 2011 3572 2062 ὁ
3602 2009 3660 2062 δὲ
3702 2007 3844 2072 θεῖος

2258 2102 2351 2153 καὶ
2380 2101 2678 2163 ἀδέκαστος
2702 2100 2915 2174 κριτὴς,
2943 2101 3236 2170 παριστὰς,
3265 2100 3340 2164 ὡς
3363 2101 3462 2170 οὐχ
3486 2099 3627 2170 ὑπὲρ
3647 2098 3842 2160 ἄλλων,

2253 2193 2367 2246 ἀλλ’
2397 2192 2536 2264 ὑπὲρ
2580 2193 2788 2246 ἑαυτῶν
2837 2192 3144 2265 ἀπῃτοῦντο
3189 2191 3378 2259 δίκας,
3420 2191 3639 2260 ἐλεγενο
3683 2209 3702 2242 ι
3741 2189 3824 2244 Ζῶ

2256 2283 2402 2352 ἐγὼ,
2439 2283 2586 2352 λέγει
2622 2283 2862 2355 Κύριος,
2911 2285 2960 2336 εί
3010 2283 3088 2336 ἔτι
3130 2281 3431 2353 ῥηθήσεται
3480 2283 3514 2352 ή
3558 2281 3843 2352 παραϐολὴ

2255 2376 2452 2447 abi-1;,»
2475 2376 2541 2446 ἢν
2585 2377 2964 2446 φενακίζοντες
3011 2376 3236 2439 ἑαυτοὺς
3266 2375 3359 2428 καὶ
3388 2375 3517 2439 τοὺς
3550 2373 3843 2437 ἀκούοντας

2257 2465 2616 2519 ὲπλὰσαντο.ι
2656 2468 2929 2530 Ἕκαστος
2952 2467 3061 2538 γὰρ
3114 2469 3180 2536 τῇ
3214 2465 3407 2519 ἑαυτοῦ
3439 2466 3685 2536 ἁμαρτίᾳ
3714 2465 3843 2517 ἀπο.

2256 2557 2520 2614 θανεῖται.
2561 2559 2724 2631 Ψυχὴ
2764 2559 2873 2630 γὰρ
2921 2560 2955 2630 ή
2990 2558 3418 2630 ἁμαρτάνουσα,
3455 2557 3595 2627 αὑτὴ
3635 2555 3844 2610 ἀποθαο

2257 2667 2448 2703 νειται.
2487 2669 2505 2702 δ

2259 2949 2466 3004 ME'.—
2488 2946 2601 3019 ('58)
2639 2947 2876 3002 ΙΕΡΑΚΙ
2912 2949 3061 3072 K1543]
3069 2946 3396 3051 $IONYEIQ
3453 2942 3840 3001 ΠΡΕΣΒΥΤΕυ

2327 3109 2435 3164 Τοῦ
2459 3109 2686 3176 Δανιὴλ
2706 3126 2720 3140 ο
2756 3108 2896 3178 Περὶ
2930 3108 3041 3178 τῆς
3063 3107 3380 3178 σώφρονος
3415 3106 3770 3174 Σωσάννης.

2327 3224 2456 3276 ’Ὀτε
2500 3224 2550 3276 oi
2593 3224 2853 3294 ἀκρατεῖς
2899 3223 3099 3274 ἐκεῖνοι
3130 3222 3363 3291 ἐρασταὶ
3412 3217 3841 3290 βεϐαπτισμένοι

2251 3314 2330 3388 τῷ
2365 3315 2550 3387 πόθῳ,
2597 3310 2732 3386 ἦκον
2779 3314 2876 3367 ἐπὶ
2917 3313 3014 3384 τὴν
3063 3312 3518 3384 σωφρονεστάτην
3557 3310 3844 3363 Σωσάνναν

2254 3407 2558 3480 (ἀκολασία
2591 3405 2701 3476 γὰρ
2733 3407 2826 3459 καὶ
2869 3404 3007 3477 μέθη
3041 3406 3325 3476 παροινεῖν
3353 3403 3552 3466 αὐτοὺς
3582 3400 3841 3455 ἐπαίδευ-

2257 3498 2410 3568 σαν),
2441 3497 2562 3550 τότε
2592 3498 2656 3567 δὴ
2687 3497 2813 3558 τοὺς
2843 3496 3132 3558 δοκοῦντας
3161 3494 3515 3555 διδασκάλους
3555 3493 3588 3563 ή
3619 3489 3847 3544 τελοῦσα

2257 3591 2315 3642 ὲν
2340 3591 2452 3653 τοῖς
2485 3587 2953 3660 μαθητευομένοις
2988 3587 3100 3657 ('59)
3123 3587 3222 3658 τὴν
3253 3585 3403 3640 θείαν
3433 3585 3528 3637 καὶ
3549 3583 3847 3637 ἀδέκαστον

2257 3680 2504 3734 ἐδίδασκε
2551 3680 2754 3751 κρίσιν.
2804 3679 2956 3732 Ἐπεὶ
3000 3679 3056 3731 δὲ
3094 3680 3122 3731 ὁ
3170 3677 3333 3740 πόθος
3363 3677 3455 3730 τὸν
3486 3675 3646 3744 φόνον
3677 3689 3849 3744 παρε-

2256 3773 2540 3845 γράψατο,
2583 3772 2676 3825 καὶ
2721 3771 2782 3824 τὸ
2825 3771 2996 3834 πάθος
3039 3771 3132 3825 τὸν
3177 3770 3334 3840 λόγον
3369 3769 3431 3822 οὐ
3469 3765 3849 3838 παρεδέξατο,

2260 3865 2492 3937 ἐϐόησεν
2523 3864 2705 3934 ἐκείνη
2725 3904 2738 3928 ,
2770 3865 2831 3916 τὺ
2857 3864 2960 3934 τῆς
2990 3862 3351 3933 σωφροσύνης
3399 3859 3686 3931 κειμήλιον
3721 3856 3851 3910 ἀκέ-

2264 3971 2414 4026 ραιον
2445 3955 2539 4008 καὶ
2561 3953 2839 4020 ἀνέπαφον
2872 3951 3102 4022 φυλάξαι
3132 3949 3487 4020 ἐπειγομένη.
3525 3947 3616 4010 Ὦς
3643 3946 3688 4000 δ’
3715 3943 3850 4014 αὐτή

2264 4046 2362 4117 μὲν
2403 4046 2600 4117 ἦνυσεν
2635 4045 2772 4114 ὅπερ
2807 4042 3058 4096 ἐϐούλετο
3084 4083 3098 4108 ,
3129 4044 3322 4095 ἐκεῖνοι
3354 4042 3398 4093 δ’
3433 4040 3728 4108 ἀπέτυχον,
3757 4031 3853 4090 οὗ·

2263 4152 2369 4208 περ
2420 4136 2696 4204 ἐπιτυχεῖν
2757 4134 2858 4186 οὐκ
2917 4132 3157 4201 ὡφελον’
3225 4131 3347 4185 τότε
3411 4130 3476 4200 δὴ
3543 4127 3852 4200 ἐγράψαντο

2262 4227 2502 4300 γραφὴν,
2548 4226 2614 4297 ἢν
2660 4227 2943 4297 γραφῆναι
2989 4221 3130 4295 ἦσαν
3179 4224 3408 4290 δίκαιοι,
3447 4222 3564 4276 ἀλλ’
3608 4224 3641 4292 ή
3683 4221 3853 4292 παρά.

571 4310 738 4364 bant:
770 4321 898 4366 tunc
923 4313 1202 4366 accusatio
1237 4315 1500 4368 adversus
1534 4315 1700 4382 ipsos,
1737 4316 1952 4382 qualem
1986 4330 2160 4370 mere-

2265 4319 2423 4386 λογος
2457 4319 2568 4388 (40)
2622 4317 2804 4387 ψῆφος
2856 4315 3344 4385 ἁντιπεριέστησεν
3403 4316 3484 4377 εἰς
3530 4314 3760 4377 ἑαυτοὺς
3794 4313 3852 4366 τὸ

573 4401 788 4467 bantur,
841 4404 1083 4457 instituta
1131 4401 1231 4456 fuit
1285 4423 1296 4457 :
1356 4413 1408 4458 et
1455 4418 1519 4456 ex
1573 4405 1852 4474 inopinato
1899 4421 2160 4475 superve-

645 4585 668 4616 ⁵
699 4583 842 4640 Psal.
871 4601 1052 4648 σχειν,
1084 4584 1168 4641 l5-

579 4669 732 4720 xvnt,
763 4657 818 4720 5,
854 4657 906 4709 4.
1004 4659 1023 4688 θ
1049 4656 1186 4710 Dan.
1225 4673 1345 4724 xm,
1373 4673 1525 4728 seqq.

1273 4586 1294 4618 ⁸
1333 4585 1474 4642 l'sal.
1507 4602 1686 4650 CXLVI,
1714 4586 1768 4644 9.
1847 4588 1865 4617 "
1895 4585 2102 4642 Jerem.
2127 4602 2283 4653 xxxr,
2316 4586 2427 4654 9.9;
2460 4585 2656 4641 Ezech.
2689 4601 2846 4652 xvm,
2877 4586 2930 4640 Ξ.

2269 4407 2544 4478 ἔγκλημα.
2593 4408 2654 4459 Εἰ
2701 4406 2882 4460 τοίνυν
2925 4405 3019 4459 καὶ
3059 4404 3340 4472 Εὐσέϐιος,
3376 4405 3467 4485 ⁹ὡς
3509 4405 3848 4476 γεγράφατε,

3036 4586 3058 4617 ⁸
3088 4583 3288 4639 Jerem.
3317 4600 3471 4650 xm,
3507 4583 3614 4650 30;
3651 4583 3848 4640 Ezech.

1667 4769 1900 4827 VARUE
1939 4769 2328 4826 LECTlONES
2352 4769 2458 4842 ⁸ΕΤ
2495 4768 2728 4826 NOTAE.

651 4930 765 5000 (35)
802 4931 1689 5002 Hapunroiysra-rotiroc¢.lnter
1719 4931 1832 4986 hanc
1863 4931 1968 4986 duo
1995 4931 2158 4986 verba

579 5002 789 5070 videtur
813 5003 1254 5070 interpnnumlnm
1278 5003 1380 5055 tale
1409 5005 1704 5070 quidpiam,
1725 5003 1913 5070 τρέφει
1956 5002 2156 5064 αὐτοὺς

581 5068 686 5140 (vel
715 5072 920 5142 τροφὴν
956 5066 1177 5142 ἀὐτοῖς
1200 5066 1465 5142 παρέχει)
1515 5066 1708 5142 μέχρις
1755 5066 2038 5142 bss-W01
2067 5071 2158 5139 γέν

581 5155 781 5212 νων-ται
820 5141 940 5208 (vel
975 5141 1301 5211 πτερωθεῖεν
1341 5145 1377 5212 ).
1415 5141 1599 5209 Itaque
1629 5141 1766 5212 'verti
1798 5179 1812 5204 ,
1843 5141 1998 5210 quasi
2037 5145 2153 5195 hmo

583 5211 874 5274 adessent,
911 5228 1029 5277 qua:
1061 5230 1089 5262 ιι
1133 5227 1232 5264 ms.
1267 5211 1489 5264 aberant
1519 5253 1532 5274 ,
1566 5211 1816 5278 pabulum
1856 5213 1984 5274 ipsis
2023 5226 2161 5278 pra:—

583 5278 727 5343 bent,
753 5284 924 5349 quoad
956 5282 1134 5332 volare
1167 5281 1388 5350 possint.
1417 5282 1581 5334 Rt'r'r.
1615 5311 1684 5320 -—-
1718 5281 1846 5334 Post
1870 5281 2163 5351 περιιπτά-

585 5365 720 5416 μενα
745 5351 971 5422 adjungc
1003 5366 1068 5403 ex
1097 5354 1215 5422 cod.
1240 5351 1440 5422 iVatic.,
1476 5351 1650 5422 τροφὴ
1681 5353 1889 5420 γίνεται
1916 5350 2157 5414 τούτοιςο

585 5419 865 5487 μονονουχὶ
886 5421 994 5488 γὰρ
1023 5419 1203 5472 συνεϐ.
1238 5421 1443 5474 Possm.

655 5489 770 5563 (56)
809 5492 907 5541 l’rn
929 5489 1293 5563 ἀπάνθρωπον
1319 5491 1457 5563 idem
1492 5491 1618 5563 legit
1640 5491 2156 5563 ἀπανθρωπότερος.

583 5555 640 5633 lu
667 5555 776 5633 line
807 5573 894 5633 cp,
931 5555 1185 5633 prtrill'ts,
1215 5561 1282 5612 τὰ
1303 5559 1402 5633 τῆς
1425 5555 1871 5633 φιλανθρωπίας,
1907 5555 2061 5626 ειικξ
2080 5563 2160 5616 sic

586 5627 630 5743 ils
661 5626 784 5680 cod.
815 5629 1000 5691 habet,
1023 5629 1108 5682 διὰ
1135 5634 1228 5699 τῆς
1257 5626 1662 5701 φιλανθρωπίας
1696 5633 1912 5704 ὑπὲριδε
1950 5633 2154 5689 δίκαια,

612 5710 661 5743 a.

612 5710 661 5748 9.

2343 4931 2455 5000 (57)
2487 4930 2616 4986 Post
2640 4928 3046 5000 ἀσεϐησάντων,
3079 4929 3218 5000 adde
3247 4929 3343 4984 καὶ
3383 4929 3764 4984 κολασθέντων
3791 4944 3858 4985 ει

2268 4999 2391 5056 end.
2433 4999 2554 5057 Vat.
2604 5001 2728 5054 650.
2771 4999 2922 5070 Vers.
2960 5011 3078 5069 post
3125 4999 3183 5062 2,
3217 5015 3314 5067 pro
3348 5000 3663 5070 ὠμοδίασαν
3716 5000 3857 5070 idem

2269 5071 2822 5143 Ιιιιικξιήμωδίασεινἑ
2860 5067 3016 5143 Vers.
3055 5070 3086 5123 8
3127 5079 3181 5124 et
3212 5072 3244 5126 9
3274 5086 3359 5141 ep.
3400 5067 3498 5140 pro
3543 5067 3860 5143 ἀπῃτοῦντο

2267 5143 2406 5196 idem
2443 5138 2568 5210 legit
2591 5138 2970 5195 ἀπαιτοῦνται.
3002 5140 3076 5193 In.

2343 5213 2454 5282 (38)
2493 5207 2520 5264 ’Ῑ
2540 5213 2703 5265 itulus
2732 5210 2916 5282 iltttjus
2943 5226 3029 5282 ep.
3063 5211 3142 5264 sic
3173 5219 3260 5266 est
3289 5210 3495 5282 inicod.
3547 5207 3674 5282 Vat.
3708 5209 3817 5264 650
3841 5247 3856 5270 ς

2265 5279 2530 5351 Διονυσίῳ
2570 5281 2949 5351 πρεσϐυτέρῳ.
2986 5279 3131 5335 Idem
3161 5296 3303 5336 vers.
3340 5281 3374 5336 5
3423 5297 3530 5335 non
3564 5280 3729 5335 habet
3762 5294 3859 5334 no-

2274 5364 2385 5406 tam
2423 5351 2790 5419 parenthesis.
2825 5353 2900 5406 lo.

2339 5422 2450 5494 (59)
2489 5421 2632 5494 Haec,
2662 5421 2823 5475 verba
2849 5461 2864 5486 ,
2913 5421 3270 5485 διδασκάλους
3305 5422 3339 5494 ή
3379 5419 3624 5494 τελοῦσα
3649 5421 3710 5473 ὲν
3745 5422 3859 5494 τοῖς

2269 5491 2747 5564 μαθητευμένοις,
2800 5507 2904 5547 non
2942 5503 3270 5564 comparent
3310 5493 3362 5546 in
3405 5492 3525 5564 cod.
3589 5491 3737 5564 \'a_t.,
3769 5492 3859 5559 qui

2267 5560 2364 5634 pro
2397 5560 2463 5617 iis
2503 5560 2673 5632 ponit,
2707 5563 2740 5632 ή
2785 5564 2864 5626 είς
2893 5562 3021 5624 τοὺς
3050 5560 3598 5634 φοιτητὰςᾼτελοῦσα.
3642 5561 3860 5617 Possm.

2267 5631 2337 5674 '—
2373 5635 2443 5687 De
2475 5643 2584 5702 est,
2620 5631 2736 5687 mea
2768 5635 3046 5701 opinione,
3079 5631 3264 5702 σοφία,
3306 5631 3472 5687 Rtrr.

2345 5703 2455 5774 (l0)
2475 5701 2578 5756 Pro
2602 5698 2928 5775 παράλογος,
2951 5698 3308 5759 εοτῑίιὶιῖύοηι
3332 5701 3755 5774 παραλόγιστος.
3784 5698 3860 5753 In.
