4084 6356
361 297 497 364 1097

1213 305 1752 368 EPISTDLARUM
1792 309 1941 371 LIB.
1986 311 2082 372 IV.
2130 337 2194 345 -
2234 311 2470 370 EPIS’I‘.
2512 310 2776 371 XLVIII.

3505 307 3639 371 1098

351 408 436 480 τῷ
471 409 843 482 δ.δασκαλικῷ
870 412 1144 482 ἀξιώματι
1175 414 1574 487 ὠφρυωμένος,
1608 417 1703 472 καὶ
1732 417 1950 489 τολμῶν

2059 421 2215 477 uicus
2266 419 2507 474 calculus
2555 421 2608 473 iu
2660 420 2801 490 ipsos
2857 419 3065 475 crimen
3122 420 3390 475 convertit
3465 422 3640 492 (quod

350 498 391 553 ἃ
422 497 497 570 μὴ
524 498 707 571 θέμις,
742 502 866 558 οὐδὲ
894 503 1210 577 συμϐουλῆς
1240 508 1516 580 ἀνέχεται,
1545 508 1658 564 ἄνω
1682 510 1775 563 καὶ
1797 511 1948 565 κάτω

348 590 415 643 τὸ
459 590 564 661 τῆς
619 593 972 667 ἐπισκοπῆς,
1033 597 1095 651 οὐ
1145 598 1209 652 τὸ
1254 602 1355 672 τῆς
1403 600 1607 672 ἀρετῆς
1656 603 1950 674 προφέρων

349 680 594 754 ἀξίωμα,
619 682 695 756 μὴ
711 685 1351 764 όλιγωρεῑτε.”Αξιαζγάρ
1383 692 1625 757 πάντων,
1653 693 1687 765 ἢ
1714 693 1950 748 ἐνταῦθα

350 774 386 844 ἢ
416 775 621 841 ἐκεῖσε,
653 777 762 833 τῶν
788 778 1086 850 δρωμένων
1123 782 1560 856 ἀπαιτηθήσεται
1582 783 1653 838 τά
1674 784 1949 856 ἐπίχειρα.

350 880 419 920 ac
440 866 694 921 deorsum
723 872 1092 941 episcopatus,
1127 887 1267 927 non.
1331 884 1510 930 autem
1541 876 1785 942 virtutis,
1815 887 2099 933 ostentans
2150 889 2204 933 ct
2225 878 2443 948 jactans
2483 877 2803 948 dignitatem
2853 896 2867 932 :

2055 512 2195 569 falso
2246 513 2584 567 inten‘tarant
2649 512 2978 581 innocenti).
3045 510 3102 566 Si
3154 511 3319 581 igitur
3370 512 3641 568 Eusebius

2057 618 2292 675 quoque,
2322 612 2379 657 ut
2407 601 2725 671 scripsistis,
2762 604 3000 657 doctoris
3022 603 3290 669 dignitate
3318 604 3641 675 superbiens

2059 703 2115 751 et
2168 696 2577 765 altum‘gerens
2630 694 3005 763 supercilium,
3049 695 3392 765 nefandaque
3439 695 3642 750 audens

2062 787 2303 857 aggredi,
2352 800 2528 857 neque
2564 785 3139 841 ccusilium-admittit
3188 786 3377 854 ullum,
3422 802 3641 843 sursum

2929 878 3097 934 nolite
3132 878 3185 933 id
3225 880 3641 950 parvipendero.

349 956 544 1028 Dignae
571 962 718 1016 enim
762 967 1028 1032 omnium,
1078 966 1160 1021 vel
1204 968 1312 1035 hic,
1339 968 1421 1023 vel
1462 971 1517 1023 in
1546 969 1718 1026 altero
1748 971 1946 1026 saeculo
1985 986 2161 1043 poma:
2188 972 2259 1029 ab
2285 972 2403 1042 ipso
2424 980 2800 1043 reposcentur.

601 1054 756 1122 Μετ’.
782 1085 862 1111 .--
889 1057 1194 1131 ΔΩΡΟΘΕῼ
1240 1060 1678 1134 ΑΝΑΓΝΩΣΤῌ.

388 1143 497 1209 Εις
521 1143 612 1212 τὸ,
643 1164 662 1197 ι
713 1144 784 1201 El
821 1147 921 1202 καί
958 1148 1309 1275 ei:me
1339 1152 1493 1207 κατὰ
1539 1152 1744 1222 σάρκα
1780 1156 1909 1223 Χρι-

1078 1238 1110 1273 τ
1186 1261 1201 1278 .
1242 1240 1263 1275 ι

428 1328 591 1393 Ἴσως
637 1331 827 1403 ἐπειδὴ
875 1332 1142 1405 ἀδελφοὺς
1175 1335 1435 1392 ἐκάλεσεν
1484 1340 1514 1393 ὁ
1539 1339 1775 1412 Χριστὸς
1815 1341 1943 1403 τοὺς

350 1420 647 1483 ποιοῦντας
676 1422 738 1475 τὸ
762 1423 1018 1495 πατρῷον
1047 1426 1292 1497 θέλημα,
1325 1428 1421 1481 καὶ
1455 1427 1624 1495 ἔδειξε
1658 1429 1758 1502 τὴν
1800 1429 1944 1484 κατὰ

354 1510 543 1583 σάρκα
600 1514 923 1583 συγγένειαν
977 1518 1122 1588 (41),
1189 1518 1322 1573 ἀνευ
1380 1519 1485 1592 τῆς
1533 1521 1678 1575 κατά
1725 1522 1947 1593 πνεῦμά

350 1616 501 1672 φημι
535 1600 648 1672 (42)
676 1618 689 1631 ·
727 1604 823 1657 καὶ
862 1603 1015 1660 εἶπεν
1043 1606 1073 1659 ό
1115 1607 1439 1673 Ἀπόστολος
1468 1625 1480 1638 ·
1508 1628 1527 1663 ι
1559 1611 1625 1664 Ei
1662 1611 1757 1665 xui.
1778 1610 1947 1680 ἐγνώ-

2323 1063 2513 1120 XLVI.
2546 1094 2617 1105 --
2642 1061 3023 1118 DUROTHEO
3053 1063 3370 1121 LECTORI.

2198 1153 2265 1209 In
2299 1154 2433 1208 illud
2466 1154 2627 1208 Pauli
2653 1154 2851 1208 dictum
2883 1172 2901 1209 :
2943 1172 2962 1206 ι
3016 1152 3136 1207 Etsi
3167 1154 3501 1223 cognovimus

2299 1224 2568 1279 Christum
2591 1224 2881 1278 secundum
2912 1240 3123 1279 carnem
3149 1224 3213 1290 ¹⁰,
3243 1234 3348 1280 etc.
3382 1242 3402 1277 ι

2127 1337 2400 1394 Fortassis
2446 1337 2572 1408 quia
2636 1335 2890 1392 Christus
2949 1335 3150 1393 fratres
3200 1353 3328 1393 suos
3353 1339 3642 1409 appellavit

2055 1446 2150 1487 eos
2179 1430 2272 1500 qui
2299 1428 2635 1484 voluntatem
2670 1434 2956 1497 paternam
2988 1428 3213 1493 faciunt,
3249 1431 3447 1485 et'hoc
3483 1439 3643 1500 pacto

2056 1521 2491 1585 demonstravit,
2546 1518 2821 1574 carnalem
2874 1520 3257 1590 cognationem
3313 1523 3465 1592 parvi
3524 1536 3647 1577 esse

2059 1612 2320 1669 momenti
2355 1610 2535 1683 (dico,
2577 1609 2622 1666 si
2656 1610 2797 1666 absit
2833 1613 3090 1680 cognatio
3129 1613 3428 1667 secundum
3479 1612 3645 1682 spiri-

348 1708 535 1763 καμεν
558 1694 699 1748 κατὰ
720 1695 901 1768 σάρκα
919 1697 1176 1771 Χριστὸν,
1204 1700 1341 1754 ἀλλὰ
1358 1700 1455 1756 νῦν
1476 1701 1662 1757 οὐκέτι
1684 1700 1950 1770 γινώσκο-

2060 1717 2170 1764 tum
2188 1708 2233 1780 ),
2274 1679 2483 1763 Idcirco
2526 1706 2690 1761 etiam
2733 1706 3026 1776 Apostolus
3067 1706 3206 1761 dixit
3255 1722 3270 1760 :
3320 1724 3339 1758 ι
3392 1679 3523 1763 Etsi
3551 1722 3647 1762 co-

350 1798 479 1853 μεν·
504 1801 525 1834 ι
552 1778 684 1838 οἷονο
705 1786 770 1838 Εἰ
788 1787 882 1840 καὶ
896 1787 1305 1860 ὲσεμνυνόμεθα
1326 1790 1518 1863 πρώην
1533 1792 1583 1844 οἱ
1602 1792 1661 1858 ἐξ
1677 1792 1948 1847 Ἰουδαίων

345 1874 753 1943 πιστεύσαντες
784 1881 851 1951 τῇ
906 1881 1051 1936 κατά
1081 1881 1263 1953 σάρκα
1291 1882 1458 1938 αὑτοῦ
1491 1884 1818 1957 συγγενείᾳ,
1851 1885 1948 1941 νῦν

343 1967 410 2019 οὐ
439 1967 618 2043 ταύτῃ
644 1969 1079 2042 ἑναὸρυνόμεθα,
1103 1973 1242 2028 ἀλλὰ
1270 1977 1337 2047 τῇ
1368 1976 1492 2030 κατ’
1515 1976 1824 2047 οἰκειότητα
1854 1977 1949 2029 αὺ-

340 2058 444 2113 τοῦ
472 2062 762 2135 ἀγχιστεία
786 2104 800 2128 ,
843 2065 911 2137 ἢν
940 2064 1030 2120 διὰ
1059 2067 1159 2138 τῆς
1191 2068 1398 2139 ἀρετῆς
1440 2067 1823 2139 καρπούμεθα.
1854 2068 1948 2123 Διὸ

342 2154 448 2207 καὶ
499 2154 683 2225 ἔλεγε·
726 2173 746 2208 ι
785 2158 1040 2228 Μιμηταί
1087 2176 1191 2230 μου
1247 2160 1497 2230 γίνεσθε,
1548 2158 1733 2223 καθὼς
1789 2159 1948 2228 κάγὼ

340 2243 627 2316 Χριστοῦ*
672 2265 693 2300 ι
730 2247 934 2303 ὡσανεὶ
979 2249 1135 2320 ἔλεγε
1161 2266 1175 2281 ·
1210 2251 1287 2323 Τῇ
1329 2254 1562 2324 μιμήσει
1605 2249 1946 2323 σεμνύνομαι

345 2337 558 2409 μᾶλλον
585 2338 620 2413 ἢ
648 2343 716 2412 τῇ
742 2341 886 2396 κατά
907 2342 1092 2415 σάρκα
1124 2343 1441 2416 ἀγχιστεία.

2056 1797 2342 1869 gnovimus
2366 1795 2642 1851 Christum
2675 1795 2973 1851 secundum
3008 1810 3252 1863 carnem,
3280 1805 3338 1851 at
3371 1811 3515 1851 nunc
3537 1811 3645 1851 non

2056 1888 2287 1957 amplius
2317 1886 2586 1942 novimus.
2630 1904 2658 1950 ρ’
2687 1884 2855 1952 Quasi
2891 1885 3126 1951 diceret,
3159 1884 3485 1957 Quanquam
3517 1901 3642 1951 nos,

2056 1978 2149 2048 qui
2190 1992 2258 2033 ex
2291 1976 2492 2032 Judzeis
2520 1976 2855 2032 credidimus
2883 1976 3125 2042 Christo,
3156 1976 3298 2032 soliti
3326 1992 3515 2032 sumus
3546 1994 3647 2032 au-

2058 2078 2142 2124 tea
2181 2067 2386 2123 carnali
2426 2066 2849 2138 propinquitate,
2892 2080 2998 2137 qua
3038 2081 3163 2121 cum
3209 2067 3326 2136 ipso
3367 2067 3644 2138 conjuncti

2056 2174 2266 2224 sumus,
2310 2159 2560 2230 gloriari,
2607 2158 2722 2227 jam
2777 2167 2959 2213 tamen
3006 2172 3114 2213 non
3159 2157 3389 2227 amplius
3433 2172 3497 2212 ea
3541 2173 3645 2214 nos

2055 2250 2357 2316 efferimus,
2411 2251 2504 2304 sed
2540 2251 2720 2320 potius
2768 2248 2857 2303 illa
2904 2250 3329 2320 propinquitate,
3378 2265 3498 2320 quae
3543 2265 3644 2306 nos

2056 2340 2161 2410 ipsi
2184 2340 2389 2396 similes
2416 2338 2599 2407 eiiicit,
2623 2355 2729 2409 qua
2759 2354 2859 2409 per
2894 2340 3151 2395 virtutem
3186 2340 3435 2396 fruimur.
3470 2340 3643 2408 Quatn

340 2431 514 2485 etiam
554 2432 625 2487 ob
663 2448 886 2489 causam
924 2435 1064 2490 dixit
1109 2453 1123 2491 :
1176 2454 1196 2488 ι
1243 2436 1550 2492 lmitatores
1590 2436 1697 2492 mei
1739 2445 1938 2499 estote,
1978 2431 2125 2489 sicut
2162 2441 2217 2489 et
2249 2447 2350 2504 ego
2398 2447 2518 2487 sum
2571 2431 2776 2489 Christi
2806 2433 2870 2486 “.
2908 2450 2926 2484 ι
2962 2432 3127 2502 Quasi
3174 2432 3402 2501 diceret,
3452 2430 3643 2488 lmita-

346 2528 498 2584 tione
547 2530 724 2602 magis
757 2531 964 2602 glorior
997 2532 1239 2600 Christi,
1275 2549 1440 2604 quam
1483 2535 1690 2591 carnali
1741 2535 2088 2607 cognatione.

820 2627 954 2680 MZ'.
986 2656 1058 2667 —
1093 2628 1327 2699 ΠΑΥΛῼ
1360 2627 1496 2699 (45).

344 2714 482 2792 Ὅτι
534 2714 654 2792 χρὴ
697 2716 770 2792 τό
791 2717 1093 2792 ,φρόνημα
1155 2717 1278 2773 τῶν
1315 2720 1803 2792 σφαλλομένων,
1852 2721 1942 2792 μὴ

417 2785 824 2861 οῑομέζων-δέ
847 2785 1241 2861 σφάλλεσθαι
1267 2828 1283 2861 _,
1334 2785 1675 2860 καθαιρέἵνο
1727 2785 1944 2861 τινωᾶιὲ

415 2855 688 2925 μαχοῦσι
713 2856 783 2911 δὲ
814 2855 1184 2929 συγγνώμην
1209 2858 1438 2929 νέμειν.

2548 2624 2754 2682 XLVII.
2793 2654 2865 2665 -—
2901 2623 3157 2680 PAULO.

2057 2714 2311 2785 Oportere
2355 2716 2654 2784 superbiam
2687 2732 2868 2769 eorum
2888 2716 2980 2783 qui
3006 2726 3210 2782 errant,
3248 2731 3339 2769 nec
3365 2724 3539 2770 tamen
3587 2730 3643 2768 se

2129 2803 2307 2840 errare
2340 2796 2549 2854 putant,
2574 2786 2866 2852 deprimere
2896 2805 2916 2841 :
2948 2787 3317 2855 pmniteutibus
3349 2797 3524 2840 autem
3558 2802 3645 2840 ve-

2124 2858 2267 2910 niam
2303 2855 2593 2926 indulgere.

420 2923 587 3014 Ἴσθι,
615 2940 661 3001 ὦ
701 2923 981 3020 βέλτιστε,
1012 2923 1097 3005 ὅτι
1128 2923 1196 3005 οὐ
1231 2923 1459 3023 λήσεται
1498 2952 1676 3018 οὐδεὶς
1705 2953 1798 3009 τὸν
1839 2971 1946 3025 φα-

2121 2947 2278 3004 Scire
2324 2923 2511 3015 debes,
2545 2948 2688 3004 bone
2734 2948 2841 3014 vir,
2893 2949 3040 3019 quod
3079 2964 3240 3005 nemo
3288 2947 3476 3005 latebit
3516 2923 3641 3003 illn-

342 3037 574 3094 νότατον
605 3042 701 3095 καὶ
735 3042 1038 3114 ἀκοίμητον
1072 3043 1355 3116 ὀφθαλμὸν
1376 3086 1392 3111 ,
1431 3045 1544 3101 οὐδ’
1588 3048 1638 3099 εί
1672 3049 1730 3101 ἐν
1766 3063 1945 3119 παρα-

342 3129 537 3202 ϐύστῳ
565 3148 619 3185 τι
649 3131 892 3202 δράσειε.
920 3133 1111 3205 Γυμνά
1145 3133 1256 3207 γὰρ
1277 3135 1429 3207 αὐτῷ
1457 3136 1660 3204 πάντα,
1683 3137 1787 3194 κᾶν
1815 3137 1947 3193 ἀπό·

342 3239 541 3297 κρυφα
586 3220 730 3279 εἶναι
775 3225 929 3299 δοκῇ.
965 3228 1058 3281 Διὸ
1096 3228 1192 3282 καὶ
1229 3228 1357 3292 τοὺς
1388 3229 1809 3299 ἁμαρτάνοντας
1850 3231 1946 3285 καὶ

344 3313 426 3386 μὴ
450 3315 870 3385 μετανοοῦντας,
897 3318 1135 3389 ποταμοί
1159 3335 1307 3383 τινες
1329 3318 1546 3373 ἁένναοι
1574 3320 1942 3388 ὑποδέξονται,

340 3405 462 3478 πῦρ
509 3405 743 3478 φοὸερὸν
780 3407 1135 3476 ἀναζέοντες,
1177 3402 1256 3464 ὧν
1280 3410 1347 3463 τὰ
1376 3410 1572 3483 ῥεῖθρα
1613 3411 1812 3482 φλόγες
1861 3415 1943 3479 είς

338 3498 627 3567 τιμωρίαν
664 3498 1052 3569 κυμαίνουσαι.
1110 3500 1413 3573 Τοιγαροῦν
1462 3502 1793 3574 φοϐηθῶμεν
1829 3503 1942 3576 (44)

339 3588 406 3642 τὸ
432 3587 591 3642 Θείον
610 3606 625 3621 ·
659 3588 892 3662 φοὸερὸν
916 3592 1026 3663 γάρ
1045 3607 1061 3624 ’
1085 3592 1180 3646 καὶ
1209 3591 1480 3661 σέὁωμεν,
1505 3593 1588 3646 ὅτι
1610 3592 1675 3665 δὴ
1702 3593 1906 3663 ἀγαθόν
1924 3610 1940 3626 °

339 3682 592 3752 αίτῶμέν
618 3699 680 3736 τε
714 3683 866 3755 αὐτῷ
910 3684 1196 3756 πρέποντα
1239 3684 1456 3750 δοῦναι,
1502 3685 1599 3740 καὶ
1639 3688 1771 3757 ἡμῖν
1804 3704 1945 3759 συμο

340 3772 588 3845 φέροντα
611 3773 798 3829 λαϐεῖν
823 3793 837 3807 ο
873 3776 1012 3848 πρὸς
1040 3775 1153 3847 γὰρ
1192 3776 1353 3831 τοῦτο
1379 3777 1647 3849 ἐπήκοονο
1676 3780 1774 3833 καὶ
1806 3795 1946 3848 γνω-

341 3863 679 3935 σιμαχῶμεν
727 3866 1051 3931 πταίοντες’
1099 3867 1197 3923 καὶ
1241 3869 1593 3942 εὐεργετικὸν
1659 3871 1802 3944 γὰρ,
1851 3872 1946 3926 καὶ

340 3953 601 4009 δεκτικὸν
629 3956 739 4012 τῶν
769 3959 1015 4030 γνησίως
1062 3959 1589 4030 μεταγινωσκόντων
1612 3977 1627 3993 ο
1675 3961 1944 4033 μηδαμῶς

338 4046 402 4100 δὲ
427 4046 794 4121 ὀλιγωρῶμεν
818 4089 835 4116 ,
870 4050 1043 4123 ὁτιδὴ
1070 4050 1299 4106 δυνατὸν
1323 4053 1420 4106 καὶ
1460 4052 1903 4124 ἀπαραλόγιστον
1924 4097 1941 4122 ,

340 4134 468 4193 ἀλλ’
502 4139 762 4212 ἐκθύμως
792 4142 1122 4215 ἀγαπῶμεν.
1152 4144 1280 4207 Τοῖς
1298 4142 1408 4215 γὰρ
1437 4144 1698 4200 ποθοῦσιν
1725 4144 1839 4220 (45)
1860 4141 1945 4210 οἷς

336 4226 530 4298 λόγοις
564 4229 678 4301 (46)
703 4232 800 4286 καὶ
827 4233 1116 4305 μειλίχιον.

2054 3041 2392 3097 strissimum
2419 3041 2568 3095 illum
2603 3055 2668 3096 ac
2695 3040 3011 3111 pervigilem
3045 3042 3288 3107 oculum,
3320 3056 3387 3098 ne
3420 3041 3641 3111 quidem

2047 3132 2094 3188 si
2156 3133 2210 3188 in
2268 3131 2659 3188 occultissimis
2701 3131 3073 3202 penetralibus
3128 3130 3332 3202 aliquid
3386 3129 3638 3201 patrarit.

2045 3223 2245 3294 Aperta
2270 3224 2416 3280 enim
2436 3239 2499 3278 ac
2522 3224 2665 3279 nuda
2698 3223 2799 3294 ipsi
2830 3233 2959 3279 sunt
2984 3224 3168 3279 omnia
3199 3222 3262 3289 “,
3288 3222 3643 3293 quantumvis

2044 3321 2236 3385 operta
2262 3324 2318 3370 et
2357 3315 2540 3369 abdita
2570 3328 2693 3369 esse
2724 3315 3036 3369 videantur.
3073 3312 3442 3380 Quamobrem
3468 3313 3639 3367 etiam

2043 3416 2331 3476 peccantes
2360 3420 2536 3476 neque
2580 3406 2963 3476 resipisceutes
3008 3405 3290 3475 excipient
3322 3403 3471 3459 iluvii
3516 3405 3641 3474 qui-

2045 3497 2169 3552 dam
2190 3498 2460 3569 perpetui,
2495 3496 2672 3567 ignem
2710 3479 3007 3553 terribilem
3037 3496 3382 3557 ebullientes.
3405 3511 3639 3565 quorum

2046 3589 2267 3645 ﬂumina
2287 3590 2422 3645 nihil
2440 3600 2569 3645 sunt
2599 3590 2745 3645 aliud
2773 3605 2936 3660 quam
2961 3587 3194 3644 flammae
3222 3589 3290 3644 ad
3312 3588 3639 3665 supplicium

2044 3679 2392 3737 ﬂuctuantes.
2426 3679 2730 3735 Metuamus
2760 3680 2926 3751 igitur
2953 3680 3197 3735 divinum
3243 3692 3441 3736 numen
3474 3675 3639 3749 5.37

2048 3776 2152 3848 (est
2177 3776 2323 3830 enim
2346 3773 2742 3847 formidabile);
2778 3783 2834 3829 et
2861 3772 3005 3829 idem
3035 3786 3251 3843 quoque
3271 3769 3642 3826 venerabundi

2044 3870 2294 3924 colamus
2354 3867 2472 3938 (est
2513 3866 2656 3922 enim
2703 3867 2905 3923 bonum
2950 3874 3115 3935 atque
3157 3863 3538 3929 beneficum);
3587 3870 3644 3916 et

2045 3967 2299 4030 petamus
2321 3960 2389 4014 ab
2409 3960 2525 4029 ipso
2550 3958 2702 4026 talia,
2726 3958 2960 4025 quorum
2985 3964 3040 4011 et
3054 3956 3201 4011 datio
3226 3956 3402 4025 ipsum
3427 3954 3642 4017 deceat,

2045 4060 2101 4107 et
2126 4050 2282 4106 nobis
2312 4049 2571 4106 salutaris
2612 4050 2685 4105 sit
2715 4049 2967 4119 acceptio
2997 4047 3100 4119 (ad
3135 4047 3261 4103 talia
3286 4046 3430 4102 enim
3462 4042 3643 4100 danda

2046 4159 2276 4216 pronum
2330 4143 2482 4216 est),
2538 4152 2596 4198 et
2658 4143 2793 4211 lapsi
2854 4144 2906 4198 in
2972 4148 3194 4212 peccata
3247 4138 3636 4209 resipiscamus

2043 4238 2204 4306 (nam
2247 4246 2303 4290 et
2346 4234 2651 4290 beneﬁcum
2700 4242 2809 4299 est,
2863 4241 2919 4289 et
2968 4246 3097 4288 vere
3145 4230 3533 4298 resipisceutes
3574 4241 3642 4281 ac

337 4317 494 4372 serio
537 4319 798 4393 recipit).
849 4319 1009 4377 Nullo
1055 4332 1237 4379 autem
1287 4326 1450 4381 modo
1502 4326 1842 4398 negligentes
1894 4338 1989 4383 aut
2026 4329 2203 4382 securi
2243 4327 2415 4380 simus
2454 4325 2620 4395 (quia
2692 4334 2888 4394 potens
2930 4331 3044 4391 est,
3089 4336 3194 4379 nec
3230 4316 3641 4389 deceptionihus

336 4409 683 4482 obnoxium)
738 4430 753 4466 :
813 4414 912 4469 sed
963 4423 1075 4470 toto
1131 4426 1354 4485 pectore
1406 4419 1581 4491 ipsum
1634 4419 1947 4491 diligamus.
1987 4418 2129 4490 Erga
2153 4433 2248 4477 eos
2273 4418 2418 4474 enim
2445 4418 2939 4488 quiobtemperant
2995 4415 3115 4485 ejus
3175 4413 3357 4468 verbis
3386 4410 3641 4476 dictorum

335 4500 632 4560 audientes
660 4513 811 4571 sunt,
841 4504 1137 4577 benignum
1162 4519 1269 4565 est.

840 4599 982 4654 MH'.
1011 4630 1083 4642 —
1106 4601 1450 4674 summa.

448 4688 556 4753 Elc
584 4688 676 4743 td'
713 4706 733 4741 ι
788 4690 1146 4760 ἘγεΙρεσθε,
1187 4690 1422 4763 ἄγωμεν
1437 4691 1740 4749 ἐντεῦθεν.
1776 4710 1797 4745 ι

409 4777 540 4834 Ἵνα
600 4780 677 4854 μὴ
728 4781 1021 4857 προλήψει,
1093 4783 1258 4839 πάθει
1345 4784 1769 4857 ἀργαλεωτάτῳ,
1845 4786 1942 4841 καὶ

2484 4597 2715 4656 XLVIII.
2754 4626 2827 4637 —
2862 4593 3200 4652 ΑΜΜΟΝΙΟ.

2049 4694 2118 4749 1η
2141 4693 2278 4749 illud
2318 4691 2522 4748 Christi
2550 4693 2783 4757 dictum,
2819 4706 2838 4742 ι
2875 4687 3111 4760 Surgite,
3148 4702 3330 4741 eamus
3364 4683 3569 4740 hinc“.
3613 4701 3634 4735 ι

2120 4787 2202 4842 Ne
2241 4785 2557 4855 anticipatis
2599 4783 2950 4853 opinionibus
2991 4797 3055 4837 ac
3097 4778 3448 4851 prasjudiciis,
3497 4776 3640 4832 malo

418 4929 470 4963 “
489 4927 536 4985 ιι
573 4934 700 4991 Cor.
743 4952 796 5005 ν,
833 4938 920 4994 16.
1000 4939 1045 4972 ⁸⁸
1085 4939 1321 5012 Philipp.
1359 4957 1447 5007 ιη,
1477 4940 1566 4997 I7.
1643 4942 1688 4975 "
1710 4941 1878 4999 Hebr.
1917 4956 1969 4996 ιι

2067 4941 2153 4995 I5.
2233 4941 2278 4973 ¹⁹
2305 4938 2463 4996 Joau.
2493 4953 2609 5005 xrv,
2637 4939 2726 4995 51.

1480 5095 1718 5153 VARLE
1754 5095 2142 5155 LECTIONES
2182 5097 2272 5153 ET
2311 5096 2546 5154 NOTIE.

415 5238 533 5318 (Η)
577 5239 909 5318 Καί-ἔδειξε
939 5245 1056 5313 τὴν
1099 5247 1251 5302 κατὰ
1294 5247 1496 5318 σάρκα
1542 5247 1928 5318 συγγένειαν.

338 5308 576 5391 Videtur
607 5308 910 5391 addendum
942 5308 1048 5371 tale
1076 5320 1226 5387 quid.
1249 5308 1400 5373 οὐδὲν
1437 5308 1739 5382 οὗσανξῦρι
1769 5319 1941 5391 μηδὲν

339 5377 783 5451 ισχύεινη-Βιττ.

413 5448 532 5522 (42)
567 5448 705 5527 9ου.
752 5451 868 5527 Yat.
914 5448 1021 5504 650
1069 5465 1169 5521 pro
1219 5456 1364 5527 φημὶ
1396 5457 1582 5523 ponit,
1621 5457 1857 5527 μικράν,
1889 5466 1946 5512 et

338 5517 470 5574 mox
507 5517 648 5572 tollit
683 5520 779 5573 καί
804 5537 819 5551 ο
867 5535 1027 5575 versu
1057 5517 1180 5591 post
1232 5517 1422 5594 quinto
1456 5517 1579 5596 post
1603 5517 1742 5582 ἀλλά
1786 5517 1934 5582 addit

338 5593 461 5642 ὶπί.
491 5589 703 5642 Possm.

336 5593 461 5648 tua.
491 5593 703 5644 Possm.
812 5652 817 5659 Α
1456 5593 1471 5596 ⁷

416 5661 534 5738 (41’s)
568 5657 682 5738 Ρξρη
716 5659 948 5738 Ιίαρλῳ,
963 5663 1056 5715 sed
1091 5661 1334 5738 ξᾼλυττίῳ
1364 5663 1681 5738 inscribitur
1705 5666 1819 5721 hinc
1851 5684 1940 5738 ep.

340 5729 473 5789 cod.
501 5734 556 5785 in
589 5730 713 5786 Vat.
745 5729 1066 5787 650(Vers.
1093 5733 1149 5786 2.
1186 5729 1345 5801 episi.
1378 5749 1479 5804 pro
1506 5737 1612 5801 his,
1645 5729 1945 5807 φανότατον

596 5825 871 5909 ΡΑτιιοι..
917 5828 1034 5891 Gn.
1074 5828 1397 5893 LXXVIII.

2040 5248 2136 5303 καὶ
2188 5248 2528 5319 ἀκοίμητον,
2572 5248 2721 5319 idem
2779 5248 2899 5302 cod.
2943 5246 3138 5313 habet,
3198 5245 3291 5300 τὸν
3332 5245 3636 5316 ἀκοίμητον

2047 5320 2143 5374 καὶ
2290 5317 2534 5373 νότατον.
2568 5317 2642 5371 In.

2122 5390 2233 5461 (M)
2266 5389 2369 5444 Pro
2419 5387 2747 5461 φοϐηθῶμεν
2800 5388 2943 5445 idem
2994 5387 3116 5443 cod.
3165 5386 3327 5458 legit,
3380 5381 3632 5455 ὀρρωδῶ-

2095 5477 2170 5514 εν.
2209 5464 2285 5512 in.

2049 5478 2401 5605 “5:55)?ch
2430 5530 2542 5605 τᾲρ
2576 5528 2897 5605 ποθοῦσιν.
2933 5526 3064 5605 Leg.
3107 5523 3408 5605 πείθουσιν.
3456 5520 3628 5605 ξεττ.

2123 5592 2253 5670 (46),
2290 5592 2448 5655 θοαί
2476 5592 2593 5654 Vat.
2628 5600 2834 5656 omittit
2882 5601 2996 5654 haec
3014 5592 3131 5654 'duo
3178 5595 3380 5658 verba,
3435 5592 3518 5655 οἷς
3544 5592 3632 5643 λόη

2048 5668 2188 5739 γοις.
2218 5668 2432 5726 Possm.

3161 5824 3238 5892 35
