4084 6376
479 251 609 319 1101

476 456 629 509 εειαν
673 456 788 528 (54)
829 459 1297 532 ὲπαιδοτρίόησεν.
1349 461 1509 525 Εἰκὸς
1561 461 1617 515 δὲ
1651 463 1956 526 κάκείνους,
2007 462 2055 515 εί

475 547 572 600 καὶ
601 547 677 619 μὴ
703 549 1035 618 παραυτίκα,
1080 551 1196 606 ἀλλ’
1230 551 1457 626 ὕστερον
1483 553 1968 626 δεδωκέναιδὶκην.
1994 554 2057 608 Ei

471 635 532 690 δὲ
569 645 664 692 καὶ
683 641 916 696 ἐνταῦθα
949 641 1222 712 διέφυγον,
1241 645 1308 699 τὰ
1334 645 1512 698 ἐκεῖσε
1545 646 1606 698 οὐ
1632 644 2028 714 διαφεύξονται.

1397 262 1938 322 EPISTULARUM
1977 261 2124 322 LIB.
2165 262 2263 324 IV.
2305 287 2375 298 --
2412 264 2654 327 EPIST.
2689 263 2822 328 LII.

477 366 568 461 Τῷ
745 370 1173 461 καταδέξασθαι,
1205 375 1296 426 καὶ
1348 375 1428 436 εἰς
1459 373 1682 444 μείζονα
1709 374 1907 438 αὐτοὺς
1933 373 2063 428 ἀσέ-
2093 405 2135 461 Α

3604 255 3739 320 1102

2168 371 2372 427 atlnlati
2408 386 2624 441 essent,
2659 373 3031 442 dixissentque
3069 387 3089 422 ι
3129 384 3228 426 νοτ
3262 367 3354 424 Dei
3384 408 3400 435 ,
3429 375 3484 423 et
3506 381 3614 422 non
3645 368 3741 421 ho-

2164 464 2350 534 minis,
2390 485 2409 518 ι
2443 465 2557 536 ipse
2589 480 2775 536 pmuas
2831 464 2994 520 luerit
3033 479 3049 518 :
3095 461 3182 518 aio
3213 461 3288 534 (id
3324 469 3609 532 propterea
3664 458 3744 512 fa-

2167 555 2360 626 ctum),
2392 557 2520 626 quia
2549 556 2661 627 ipse
2686 555 2939 628 populum
2971 569 3076 610 non
3101 548 3544 625 reprehenderit,
3568 562 3744 617 neque

2167 649 2530 704 adulationem
2571 649 2794 718 impiam
2833 657 2890 705 et
2928 648 3175 704 insanam
3231 643 3550 716 repudiarit.
3604 642 3741 696 Nam

473 728 600 782 dum
623 745 742 784 eam
769 735 1094 803 acreptavit,
1121 737 1286 792 etiam
1349 739 1414 792 ad
1478 737 1740 808 majorem
1798 738 1946 808 ipsos
2001 739 2334 809 impietatem
2393 741 2686 797 assuefecit
2727 749 2888 811 atque
2941 740 3196 797 erudivit.
3247 735 3518 794 Credibile
3563 744 3743 787 autem

471 833 578 888 est,
622 825 770 894 ipsos
805 841 1019 897 quoque
1061 830 1398 903 (adulatores
1434 830 1576 901 illos)
1635 831 1681 886 si
1739 833 1974 886 maxime
2021 847 2128 887 non
2170 833 2458 906 evestigio,
2513 846 2567 890 at
2619 844 2768 891 certe
2843 834 3114 904 posterius
3164 847 3354 904 prunas
3394 827 3741 902 persolvisse,

471 917 626 985 Quod
653 919 698 972 si
728 921 896 976 etiam
929 922 1018 977 hic
1047 923 1282 979 divinam
1312 922 1836 980 animadversionem
1888 925 2135 996 iinpnuiti
2202 926 2530 996 ell‘ugerunt,
2571 937 2773 984 aeterna
2809 926 3031 982 alterius
3064 925 3247 983 saeculi
3299 921 3562 995 supplicia
3635 931 3742 974 non

471 1013 721 1069 evadent.

1017 1129 1146 1186 NA’.
1173 1160 1243 1172 —
1262 1130 1490 1186 ΘΕΩΝῙ.

531 1221 638 1288 Εἰς
663 1218 736 1274 τό
759 1237 773 1252 ·
805 1237 826 1272 ι
869 1221 1000 1290 Τοῖς
1026 1225 1178 1279 κατὰ
1209 1228 1499 1294 πρόθεσιν
1531 1225 1777 1294 κλητοῖς
1803 1220 2003 1281 οὖσιν.
2025 1245 2044 1279 ι

557 1402 620 1458 Ἦ
651 1403 770 1459 θεία
789 1403 950 1476 χάρις
981 1407 1095 1482 (55)
1134 1411 1200 1482 τῇ
1236 1409 1554 1484 ἀνθρωπίνῃ
1605 1411 1918 1483 κιρνωμένη
1946 1409 2060 1481 (56)

2641 1106 2648 1112 ’
2695 1135 2788 1191 Ll.
2830 1164 2900 1177 -
2931 1130 3210 1189 THEONl.

2169 1229 2236 1283 In
2271 1229 2408 1286 illud
2439 1227 2626 1301 (Pauli
2655 1228 2879 1296 dictum)
2907 1243 2926 1284 :
2963 1245 2981 1281 ι
3015 1229 3092 1284 Iis
3123 1227 3214 1301 qui
3238 1225 3524 1282 secundum
3548 1239 3744 1297 propo-

2613 1301 2777 1355 situm
2806 1301 2975 1355 vocati
3013 1310 3136 1354 sunt
3157 1297 3223 1354 “.
3259 1315 3280 1350 ι

2233 1413 2422 1470 Divina
2453 1413 2636 1484 gratia
2668 1413 2920 1468 humanas
2956 1411 3123 1467 mista
3159 1410 3440 1467 industriae
3472 1411 3746 1482 animique

474 1497 776 1572 προθυμίᾳ,
830 1499 992 1566 σώζει
1047 1501 1140 1556 τὸν
1194 1503 1502 1574 ἄνθρωπον.
1546 1503 1748 1574 Διόπερ
1777 1502 1872 1558 καὶ
1910 1504 1940 1556 ὁ
1968 1502 2062 1557 τὸν

2171 1503 2602 1574 promptitudini,
2655 1502 2864 1560 salvum
2920 1501 3052 1558 facit
3111 1503 3410 1560 hominem.
3479 1501 3745 1570 Quocirca

473 1592 711 1662 Χριστὸν
737 1592 878 1664 ἔχων
915 1596 976 1650 ὲν
1007 1595 1188 1666 ἐαυτῷ
1215 1595 1487 1650 λαλοῦντα
1517 1591 1639 1650 εἷπε
1663 1609 1677 1625 ’
1723 1615 1744 1649 ι
1801 1596 2064 1666 Συνεργεῖ

2171 1595 2326 1651 etiam
2365 1594 2684 1666 Apostolus,
2729 1596 2821 1664 qui
2865 1592 3143 1648 Christum
3189 1593 3426 1649 habebat
3457 1593 3512 1648 in
3559 1607 3620 1650 se
3665 1593 3745 1649 lo-

472 1687 588 1749 τοῖς
629 1685 771 1740 κατά
802 1686 1062 1758 πρόθεσιν
1082 1688 1300 1760 κλητοῖς
1329 1683 1499 1743 οὖσιν.
1544 1705 1563 1740 ι
1608 1687 1684 1741 Οὐ
1724 1687 1834 1758 7&9
1865 1688 1898 1756 ἡ
1927 1685 2060 1757 κλῆ-

2159 1693 2434 1756 queutem,
2470 1685 2684 1742 dicebat
2718 1703 2732 1741 :
2775 1703 2795 1737 ι
2825 1683 3161 1756 Cooperatur
3189 1685 3293 1754 iis,
3321 1685 3412 1756 qui
3451 1685 3746 1741 secundum

477 1793 561 1841 σις
602 1779 762 1848 μόνον
795 1779 1020 1850 (πάντες
1043 1779 1154 1852 7&9
1185 1779 1492 1852 ἐκλήθησαν
1529 1779 1648 1851 μὲν,
1682 1780 1781 1851 οὐχ
1819 1779 2064 1852 ὑπήκου-

2171 1778 2502 1848 propositum
2547 1778 2729 1862 vocati
2771 1786 2921 1834 sunt.
2971 1797 2992 1832 ι
3038 1777 3156 1834 Non
3193 1777 3340 1834 enim
3379 1777 3494 1832 sola
3537 1777 3751 1832 vocatio

477 1883 577 1920 σαν
621 1867 736 1937 δέ)ο
796 1867 934 1922 ἀλλὰ
976 1868 1075 1921 καὶ
1112 1869 1375 1940 πρόθεσις
1421 1867 1530 1922 τῶν
1568 1866 1927 1939 κεκλημένων
1962 1866 2063 1937 τὴν

475 1959 753 2030 σωτηρίαν
789 1959 1108 2030 εἰργάσατο.
1144 1959 1220 2013 Οὐ
1264 1959 1378 2031 γὰρ
1413 1957 1808 2031 ἠναγκασμένη
1841 1957 2064 2028 γέγονεν

471 2052 508 2121 ή
532 2051 744 2121 κλῆσις,
775 2049 898 2105 οὐδὲ
941 2050 1300 2122 βεόιασμένη,
1326 2051 1442 2106 ἀλλ’
1473 2051 1744 2114 ἑκούσιος.

2166 1870 2380 1940 (omnes
2413 1869 2559 1925 enim
2603 1870 2780 1926 vocati
2816 1877 2944 1926 sunt
2969 1870 3187 1940 quidem
3215 1907 3232 1935 ,
3263 1870 3358 1926 sed
3391 1883 3498 1924 nou
3530 1869 3749 1925 obedie-

2166 1969 2295 2018 runt
2321 1959 2640 2032 vocationi),
2675 1976 2868 2018 verum
2892 1960 3057 2018 etiam
3091 1961 3425 2030 propositum
3455 1961 3749 2016 voluntatis

2164 2052 2442 2122 animique
2475 2054 2766 2124 propensio
2792 2062 2846 2110 et
2875 2053 3114 2109 studium
3138 2053 3472 2122 obsequendi
3536 2053 3594 2107 in
3646 2063 3746 2104 vo-

2165 2140 2302 2194 catis
2331 2139 2558 2196 salutem
2581 2148 2851 2210 operatur.
2870 2139 2988 2195 Non
3018 2139 3162 2195 enim
3187 2148 3374 2196 coacta
3402 2148 3486 2196 est
3514 2141 3747 2205 vocatio,

2045 2239 2064 2246 ‘
2165 2244 2344 2301 neque
2377 2231 2634 2302 violenta,
2666 2234 2761 2289 sed
2790 2231 3098 2288 voluntaria
3131 2246 3194 2288 ac
3229 2241 3552 2300 spontanea.

627 2341 756 2397 NB'.
787 2369 860 2382 --
891 2339 1237 2412 summa
1284 2341 1738 2414 ΠΡΕΣΒΥΤΕΡῼ
1785 2340 1921 2413 (57).

474 2435 611 2489 Ὀτι
653 2437 694 2504 ἡ
744 2434 1002 2503 ἁμαρτία
1039 2434 1147 2489 τοῦ
1206 2436 1468 2504 θανάτου
1518 2433 1924 2504 χαλεπωτέρα.
1946 2434 2064 2504 ,Εἰς

545 2505 616 2560 τό
638 2522 652 2536 ·
684 2502 712 2556 ἰ
755 2507 822 2558 El
855 2502 968 2574 γὰρ
1009 2507 1082 2559 τὰ
1112 2505 1346 2572 ὀψώνια
1397 2502 1840 2574 τῆςαμιιρτίας
1885 2502 2065 2558 θάνα-

544 2592 650 2642 τος
673 2592 688 2609 ο
733 2594 751 2628 ι
787 2573 888 2629 καί
912 2573 934 2602 ’⁷
963 2595 980 2626 ‹
1014 2573 1111 2642 Μὴ
1134 2573 1514 2640 ,ϐασιλευέτω
1536 2575 1606 2626 ἐν
1634 2573 1778 2639 ὑμῖν
1809 2573 1846 2640 ἡ
1879 2575 2064 2642 ἀμαρ-

545 2647 643 2699 τία
665 2663 680 2678 ·
713 2663 735 2698 s
772 2647 871 2699 καὶ
899 2644 1087 2700 πάλιν
1104 2663 1118 2676 ο
1158 2663 1177 2696 ι
1217 2644 1288 2700 Τὸ
1315 2643 1384 2698 δὲ
1405 2643 1658 2712 κέντρον
1674 2642 1782 2696 τοῦ
1805 2643 2065 2698 θανάτου

544 2716 586 2784 ἡ
620 2716 896 2786 ἁμαρτία.
939 2733 960 2766 ι

558 2827 624 2882 Ἥ
656 2827 901 2900 ἁμαρτία
929 2825 1106 2898 πολλῷ
1147 2827 1242 2882 τοῦ
1267 2827 1503 2883 θανάτου
1536 2827 1654 2882 ἐστὶ
1683 2825 2062 2898 χαλεπωτέρα.

473 2920 568 2975 Διδ
613 2921 709 2974 καὶ
753 2921 782 2974 ὁ
831 2920 1064 2986 Παῦλος,
1113 2921 1142 2972 ὁ
1200 2919 1436 2991 μάλιστα
1475 2919 1693 2974 πάντων
1741 2917 1808 2972 τὰ
1843 2917 2068 2972 τοιαῦτα

471 3012 900 3067 διασκέπτεσθαι
944 3009 1117 3075 δεινὸς
1155 3010 1288 3083 (58),
1340 3010 1440 3083 τὴν
1503 3010 1602 3083 μὲν
1633 3009 1880 3080 βασιλίδα
1920 3007 2063 3076 εἷπε,

2343 2337 2453 2394 Lll.
2505 2371 2576 2384 --
2619 2339 3018 2395 ATHANASIO
3057 2338 3538 2398 PRESBYTERO.

2169 2425 2453 2499 Peccqtum
2494 2439 2660 2484 morte
2713 2431 2926 2499 gravius
2973 2446 3103 2484 esse.
3159 2429 3228 2484 In
3285 2431 3484 2484 dictum
3539 2431 3749 2489 Pauli:

2245 2517 2265 2550 ι
2309 2496 2640 2566 Stipendium
2679 2496 2876 2565 picenti
2912 2516 3054 2554 mors
3092 2513 3164 2555 est
3187 2499 3250 2553 ³⁸.
3279 2518 3298 2552 ι
3341 2499 3413 2554 Et
3450 2518 3469 2558 :
3499 2518 3519 2553 ι
3561 2503 3642 2556 Ne
3669 2519 3753 2558 rs-

2239 2579 2355 2636 gnet
2378 2570 2430 2622 in
2449 2569 2592 2623 vobis
2611 2580 2880 2636 peccatum
2908 2569 2970 2624 ι’.
3000 2589 3019 2622 ι
3051 2569 3118 2624 Et
3150 2585 3360 2625 rursum
3388 2586 3408 2625 :
3441 2589 3459 2622 ι
3488 2571 3751 2628 Stimula:

2241 2649 2411 2692 autem
2440 2639 2620 2693 mortis
2652 2649 2726 2694 est
2755 2649 3022 2708 peccatum
3048 2641 3112 2695 ⁸⁸.
3154 2657 3174 2692 ›

2238 2813 2528 2878 Peccatum
2575 2825 2747 2881 multo
2807 2826 3026 2897 gravius
3079 2836 3166 2883 est
3221 2839 3420 2884 morte.
3487 2829 3750 2898 Quocirca

2167 2911 2370 2968 Paulus
2423 2929 2674 2984 quoque,
2727 2917 2818 2986 qui
2868 2918 3280 2974 accuratissime
3330 2919 3571 2975 omnium
3622 2921 3750 2976 talin

2171 3004 2484 3074 perSpiccre
2553 3012 2812 3076 poterat,
2882 3007 3009 3062 illud
3074 3009 3292 3080 quidem
3345 3011 3586 3082 reginam
3635 3027 3755 3068 esse

472 3104 569 3158 τὸν
591 3104 636 3158 δ’
651 3104 902 3174 ὀψώνιον,
929 3103 1003 3166 ὡς
1018 3101 1206 3156 τοῦτον
1231 3103 1323 3156 ὑπ’
1344 3101 1560 3174 ἐκείνην
1579 3102 1906 3174 ταττόμενος
1927 3102 2062 3174 (59).

2171 3095 2354 3162 dixit;
2400 3097 2560 3152 istam
2605 3111 2757 3166 vero,
2801 3099 3127 3169 stipendium
3168 3100 3420 3169 militare,
3465 3103 3622 3172 quasi
3659 3105 3750 3176 qui

475 3197 736 3252 Βασιλίδα
780 3196 836 3248 δὲ
863 3236 878 3261 ,
935 3196 994 3249 οὐ
1039 3195 1130 3250 διὰ
1178 3194 1276 3267 τὴν
1318 3192 1476 3258 ἀξίαν
1524 3195 1697 3264 (οὐδὲν
1744 3195 1853 3268 γὰρ
1898 3197 2067 3268 αὐτῆς

475 3286 878 3358 αἰσχρότερον)·
935 3283 1070 3338 ἀλλὰ
1117 3284 1206 3338 διὰ
1252 3283 1350 3355 τὴν
1399 3283 1636 3354 σφοδρὰν
1679 3281 1789 3338 τῶν
1828 3283 2068 3337 ἁλόντων

480 3378 758 3449 ὑπακοήν.
798 3376 862 3429 El
885 3375 1018 3444 γοῦν
1043 3373 1113 3428 τὰ
1144 3373 1349 3444 ὀψώνια
1381 3373 1480 3444 τῆς
1516 3373 1792 3445 ἁμαρτίας
1815 3371 2065 3437 θάνατος,

481 3471 560 3542 μὴ
589 3468 922 3541 βασιλευέτω
963 3469 1024 3522 ὲν
1074 3468 1202 3536 ὑμῖν
1253 3467 1286 3538 ἠ
1315 3467 1580 3538 ἁμαρτία,
1615 3467 1650 3538 ἡ
1684 3465 1779 3519 τοῦ
1811 3465 2064 3530 θανάτου,

475 3563 593 3624 τοῖς
621 3576 686 3629 γε
712 3556 838 3614 νοῦν
877 3557 1116 3629 ἔχουσιν,
1145 3555 1556 3628 ἀργαλεωτέρα.
1587 3557 1652 3610 Εἰ
1692 3554 1824 3626 γοῦν
1859 3555 2070 3628 αἵρεσις

477 3653 791 3724 πῳκέοιτο,
823 3651 918 3706 καὶ
963 3649 1188 3704 δυνατὸν
1234 3649 1344 3722 εἴη,
1390 3649 1618 3720 ἑλοίμην
1663 3647 1731 3702 ἂν
1775 3646 2069 3702 ἀποθανεῖν

481 3744 560 3816 μὴ
585 3743 936 3816 ἁμαρτήσας,
984 3743 1018 3814 ἢ
1061 3741 1391 3813 ἁμαρτήσας
1441 3741 1517 3814 μὴ
1549 3738 1861 3794 ἀποθανεῖν.
1915 3739 2070 3794 Οὕτω

403 3888 410 3893 ,
477 3837 644 3891 τοῦτο
673 3835 885 3890 ἐκείνου
913 3833 1218 3906 δεινότερόν
1257 3833 1395 3900 ἐστι,
1435 3833 1568 3905 παρ’
1612 3832 1737 3904 ἐμοὶ
1781 3833 1966 3904 κριτῇ.
2011 3831 2070 3884 Ὀ

480 3925 585 3996 μὲν
617 3924 728 3996 γὰρ
753 3923 984 3988 θάνατος
1014 3921 1107 3976 ὑπ’
1146 3921 1497 3986 ἀναστάσεως
1525 3922 1884 3993 σϐεσθήσεται
1905 3938 1918 3953 ·
1949 3923 1982 3991 ὴ
2013 3921 2070 3976 δὲ

480 4017 732 4089 ἁμαρτία
751 4017 847 4070 καὶ
869 4017 1010 4088 μετά
1028 4015 1130 4087 τὴν
1154 4015 1452 4070 ἀνάστασιν
1467 4014 1917 4087 τιμωρηθήσεται
1933 4013 2068 4085 (60)·
2113 4011 2124 4022 ’

478 4104 624 4161 ὥστε
681 4107 837 4164 οὐδὲν
889 4108 1126 4180 κερδάνῃ
1152 4109 1544 4180 ὁάμαρτάνωνξ
1595 4109 1714 4180 μὲν,
1782 4107 1858 4180 μὴ
1931 4107 2068 4160 ἀπο·

480 4199 734 4272 θνήσκων
787 4202 847 4256 δὲ
895 4201 1040 4274 (καθ’
1095 4200 1355 4254 ὑπόθεσιν
1412 4201 1470 4254 δὲ
1503 4201 1786 4273 εἰρήσθω),
1821 4200 1933 4267 εἴγε
1978 4199 2072 4253 καὶ

483 4291 626 4362 μετὰ
647 4292 748 4364 τὴν
799 4293 1096 4347 ἀνάστασιν
1135 4291 1406 4364 τιμωρίαν
1449 4289 1657 4362 ὑφέξει.
1693 4290 1805 4343 Καὶ
1837 4288 1982 4360 ἄλλῳ
2013 4287 2070 4341 δὲ

481 4382 896 4455 παραδείγματι
948 4386 1170 4456 ὲναργεῖ
1207 4382 1355 4436 τοῦτ’
1399 4383 1625 4454 ἐποίησε
1656 4383 1837 4453 δῆλον,
1874 4381 2066 4434 εἰπών·

2171 3187 2314 3244 banc
2344 3188 2622 3262 (mortem)
2671 3189 2812 3246 infra
2876 3192 3003 3248 illud
3065 3191 3396 3268 (peccatum)
3438 3197 3750 3255 collocaret.

2171 3278 2436 3350 Reginam
2467 3290 2647 3336 autem
2679 3290 2962 3351 peccatum
3001 3283 3150 3350 fecit,
3187 3302 3293 3342 non
3325 3287 3602 3359 dignitatis
3623 3305 3754 3362 ergo

2172 3369 2325 3442 (nihil
2353 3371 2496 3426 enim
2533 3388 2598 3428 eo
2635 3371 2928 3430 deformius
2961 3377 3187 3446 cogitari
3227 3388 3320 3432 aut
3359 3379 3486 3448 tingi
3526 3383 3750 3456 potest),

2171 3463 2264 3517 sed
2301 3471 2523 3532 propter
2547 3464 2842 3520 vehemens
2881 3465 3168 3523 obediendi
3197 3471 3434 3526 studium
3455 3515 3470 3542 ,
3508 3489 3616 3544 quo
3649 3474 3752 3530 lla-

2171 3558 2355 3620 grant,
2392 3566 2745 3623 quoscunque
2790 3567 3071 3626 peccatum
3125 3561 3433 3629 occupavit.
3491 3562 3673 3630 Quare
3702 3568 3749 3620 si

2171 3643 2384 3710 peccati
2424 3645 2756 3714 stipendium
2811 3661 2959 3703 mors
3005 3659 3109 3717 est,
3159 3665 3229 3708 ne
3282 3662 3470 3724 regnet
3505 3656 3558 3711 in
3598 3657 3754 3713 vobis

2171 3743 2477 3803 peccaturo,
2512 3737 2656 3805 quod
2691 3745 2886 3804 morte,
2939 3740 3081 3808 apud
3136 3756 3232 3798 eos
3289 3744 3506 3814 quidem
3558 3747 3756 3816 quibus

2171 3838 2306 3882 sana
2341 3841 2497 3882 mens
2517 3835 2622 3895 est,
2651 3829 2884 3898 gravius
2911 3842 3012 3888 est.
3040 3830 3096 3887 Si
3124 3833 3288 3904 igitur
3318 3838 3464 3906 optio
3498 3839 3672 3904 detur,
3699 3851 3756 3896 et

2174 3917 2291 3975 ﬁeri
2321 3927 2526 3990 posset,
2566 3921 2818 3991 equidem
2851 3924 2988 3979 mori
3022 3925 3262 3992 mallem,
3289 3927 3364 3984 ita
3400 3937 3458 3984 ut
3497 3930 3756 3988 immunis

2175 4026 2206 4068 a
2239 4019 2464 4086 peccato
2510 4027 2820 4082 manerem,
2868 4030 3032 4085 quam
3074 4017 3312 4074 admisso
3349 4029 3584 4090 peccato
3608 4037 3756 4076 mor-

2177 4113 2285 4159 tem
2318 4101 2578 4173 el'l‘ugere.
2621 4103 2796 4162 Tanto
2831 4105 2960 4162 illud
3002 4108 3103 4163 bac
3144 4119 3228 4164 est
3273 4111 3514 4180 gravius,
3562 4127 3650 4168 me
3669 4111 3758 4182 ju-

2173 4193 2314 4250 dice.
2341 4193 2488 4252 Mors
2525 4196 2672 4252 enim
2715 4211 2746 4252 a
2786 4199 3187 4256 resurrectione
3228 4202 3642 4272 exstinguetur;
3689 4207 3758 4261 de

2177 4292 2402 4356 peccato
2429 4295 2608 4342 autem
2637 4288 2802 4342 etiam
2833 4299 2955 4359 post
2982 4293 3432 4346 resurrectionem
3458 4307 3614 4359 pretia
3642 4295 3760 4350 exi-

2177 4387 2352 4448 getur.
2381 4375 2528 4432 Nihil
2563 4377 2726 4450 igitur
2753 4379 2890 4435 lucri
2925 4379 3092 4436 ferret
3124 4383 3189 4447 is,
3229 4383 3318 4452 qui
3356 4393 3627 4452 peccaret,
3663 4388 3756 4442 sed

487 4493 506 4526 ι
539 4473 615 4528 Τὸ
643 4473 701 4527 δὲ
751 4473 978 4544 κέντρον
1015 4455 1111 4528 τοῦ
1165 4473 1399 4528 θανάτου
1429 4475 1464 4545 ἡ
1505 4473 1771 4546 ἁμαρτία.
1812 4493 1832 4525 ι
1859 4473 2069 4545 Ὥσπερ

2178 4479 2408 4528 mortem
2446 4469 2707 4542 effugeret
2747 4471 2914 4545 539
2962 4473 3050 4544 (ex
3098 4475 3383 4546 hypothesi
3429 4485 3612 4531 autem
3654 4477 3760 4533 hoc

479 4563 664 4618 τοίνυν
694 4564 818 4634 ὅφιν
872 4565 906 4636 ἦ
937 4564 1198 4636 σκορπίον
1237 4565 1455 4628 ὀδόντας
1483 4565 1516 4636 ἢ
1551 4564 1778 4635 κέντρον
1813 4563 1889 4636 μὴ
1917 4563 2073 4636 ἕχον-

479 4670 604 4722 τας,
639 4654 708 4709 δι’
738 4649 814 4710 ὧν
837 4655 929 4710 τὸν
957 4655 1036 4710 ίὺν
1062 4655 1549 4728 παραπέμψουσιν,
1572 4653 1672 4708 οὐκ
1697 4652 1763 4706 ἀν
1791 4671 1876 4718 τις
1899 4653 2068 4725 φοϐη-

2181 4563 2386 4620 dictum
2415 4562 2582 4634 esto),
2612 4564 2656 4618 si
2685 4565 2901 4635 quidem
2941 4565 3106 4620 etiam
3133 4573 3256 4636 post
3300 4568 3756 4623 resurrectionem

2179 4653 2506 4725 supplicium
2548 4655 2828 4712 subiturus
2881 4664 3046 4712 esset.
3095 4655 3217 4712 Alio
3263 4671 3480 4728 quoque
3519 4659 3758 4715 evidenti

575 4813 620 4845 ¹⁸
659 4812 818 4870 Rom.
840 4827 962 4878 vui,
1001 4811 1094 4868 28.
1173 4813 1218 4844 ¹⁶
1246 4811 1406 4866 Rom.
1436 4825 1512 4877 vr,
1543 4809 1635 4864 25.
1711 4809 1756 4842 "
1787 4809 1916 4866 ibid.
1948 4809 2036 4863 1‘2.
2117 4807 2202 4863 "l
2237 4810 2362 4865 Cor.
2399 4825 2486 4876 xv,
2513 4809 2604 4866 56.

1601 4962 1835 5020 VARUE
1870 4961 2265 5019 LECTIONES
2299 4961 2390 5020 ET
2431 4962 2682 5021 NOTAE};

561 5118 708 5200 (54in
737 5119 840 5174 Pro
889 5120 1146 5200 ἀσέϐειαν
1199 5121 1340 5175 idem
1395 5121 1516 5176 cod.
1577 5119 1771 5176 scribit
1826 5117 2074 5190 βλασφη-

489 5189 651 5263 μίαν.-
671 5190 880 5263 Possm.

563 5259 674 5327 (b5)
701 5257 786 5329 _'H
815 5259 944 5313 θεία
975 5259 1167 5329 χάρις.
1202 5259 1402 5329 Confer
1447 5259 1604 5328 epist.
1664 5259 1730 5314 15
1769 5273 1934 5328 supra
1970 5257 2073 5329 hoc

489 5329 583 5452 lii‘b.
616 5339 671 5382 et
698 5327 791 5382 lib.
828 5343 888 5390 tt,
909 5327 1069 5396 capiat.
1108 5331 1146 5385 2
1169 5347 1183 5395 ;
1210 5341 1268 5384 et
1293 5327 1553 5384 Irenaeum
1585 5329 1676 5384 lib.
1707 5346 1781 5395 tv,
1815 5327 1938 5398 cap.
1969 5328 2059 5384 71.

544 5413 658 5452 rr'r.

544 5413 658 5452 11⁸⁸1⁸.

564 5465 810 5539 l56)_l_’ro
839 5465 1153 5539 κιρνωμένη
1188 5469 1320 5539 θοὰ.
1355 5466 1530 5539 Vatic.
1561 5467 1677 5539 £550
1707 5469 1838 5539 legit
1877 5485 2074 5539 κιρνα-

493 5535 667 5610 μένη.
688 5535 843 5610 vers.
869 5535 911 5589 5’
931 5535 1168 5610 pro_7&9
1199 5538 1348 5610 ponit
1373 5535 1524 5610 γοῦν.
1561 5535 1715 5592 Vers.
1747 5535 1799 5590 6.
1830 5535 1952 5610 post
1975 5539 2072 5592 καὶ

490 5604 648 5732 infuit
693 5608 754 5678 ἡ.
800 5604 960 5662 γεῖς’.
1003 5604 1100 5661 ult.
1138 5604 1252 5676 'pro
1310 5604 1557 5670 ἑκούσιος
1608 5610 1770 5663 habet
1821 5604 2068 5663 ἑκούσια.

535 5691 700 5732 οεειιη,

2179 5115 2368 5242 ΕΒΕΞΞ)
2431 5117 2720 5190 Inscriptio
2771 5121 3053 5192 suppletur
3099 5137 3166 5180 ex
3224 5127 3413 5182 codice
3470 5127 3754 5184 Vaticano.

2253 5258 2365 5329 (59)
2406 5257 2512 5314 Pro
2543 5261 2874 5336 ταττόμενος
2909 5265 3031 5318 cod.
3085 5265 3206 5336 vat.
3247 5265 3376 5334 legit
3404 5265 3753 5336 ταττόμενον.

2171 5341 2470 5452 ἓῗέἑιὲθᾳ.
2503 5341 2624 5399 post
2660 5331 3034 5404 αίσχρότερος,
3083 5335 3234 5391 addit
3265 5331 3361 5390 καὶ
3400 5331 3752 5408 ἀτιμότερος.

2530 5469 2600 5548 δὲ
2647 5471 2904 5548 ᾀμαρτία
3075 5471 3574 5548 τιμωρηθήσεται.
3605 5470 3758 5548 “llaec

2179 5536 2407 5591 deerant
2441 5538 2511 5616 iri
2531 5540 2622 5616 ed.
2657 5536 2861 5616 Paris;
2859 5551 2912 5597 et
2934 5536 3250 5616 supplentur
3285 5536 3582 5597 ett—codice
3605 5538 3728 5597 Vati

2179 5619 2318 5661 cano
2357 5621 2443 5678 ap.
2475 5605 2778 5666 Possiuum.
2819 5610 2978 5668 Eutr.
