4084 6356
448 531 585 597 1105

1362 534 1903 599 EPISTOLARUM
1942 536 2091 598 LIB.
2130 537 2231 597 IV.
2271 562 2340 572 -
2373 536 2611 597 EPIST.
2644 538 2757 598 LV.

3593 528 3726 597 £106

441 643 552 697 τῶν
585 642 823 715 ἀρετῶν,
864 644 939 716 μὴ
970 646 1100 717 παρ’
1130 645 1312 711 ἄλλοις
1339 645 1497 703 τοῦτο
1522 648 1675 721 ζήτει
1704 648 1841 720 (67),
1886 648 2022 702 ἀλλά

2137 648 2308 715 Quare
2338 649 2382 704 si
2414 652 2468 704 in
2513 657 2565 704 te
2609 649 2725 718 ipso
2770 647 2939 705 habes
2981 659 3241 703 normum-
3268 645 3529 700 virtutum
3563 644 3727 716 (sicut

439 733 560 806 χρῶ
580 732 659 805 τῷ
685 733 883 809 οἰκείως
893 735 1172 809 θησαυρῷ.

763 943 892 999 ΝΕ’.
922 972 995 984 -
1018 943 1352 1017 ΔΡΠΟΚΡᾼ
1398 944 1709 1017 ΣΟΦΙΣΤῌ.

445 1037 576 1092 ὀτι
644 1035 766 1093 ἀπὸ
837 1037 1165 1108 φιλαρχίας
1208 1037 1273 1110 ⁸ἢ
1338 1039 1709 1109 προλήψεων
1779 1042 2034 1110 φύονται

1093 1107 1375 1178 αἱρέσεις.

528 1213 590 1268 Ἦ
622 1214 885 1287 φιλαρχία
920 1217 1178 1272 ἁπάντων
1222 1218 1373 1274 αἰτία
1388 1219 1498 1274 τῶν
1532 1219 1736 1285 κακῶν,
1771 1221 1807 1291 ἢ
1840 1218 1934 1274 καὶ
1964 1218 2033 1273 τὰ

448 1306 775 1363 καθεστῶτα
799 1309 1132 1380 ἀνατρέπειν
1164 1310 1507 1382 πειρωμένη,
1535 1311 1743 1375 δεινοὺς
1762 1311 2035 1382 πολέμους

446 1398 509 1452 οὐ
564 1400 727 1469 μόνον
770 1400 857 1470 ἐφ’
906 1399 1086 1471 ήμῶν,
1132 1401 1271 1456 ἀλλὰ
1323 1403 1417 1457 καὶ
1472 1403 1565 1456 ἐπὶ
1622 1402 1732 1456 τῶν
1788 1402 2033 1456 παλαιῶν

445 1492 803 1563 ιπικωμάσαι
832 1492 1270 1564 παρεσκεύασεν.
1308 1494 1373 1547 Οἱ
1404 1495 1504 1564 μὲν
1524 1493 1635 1565 γὰρ
1661 1493 2027 1565 Πυθαγόρειοι

447 1579 609 1651 σιγὴν
635 1581 963 1652 ἠσκηκότες,
982 1583 1109 1645 τοὺς
1143 1582 1288 1653 μέγα
1313 1581 1647 1653 φρονοῦντας
1672 1583 1765 1637 ἐπὶ
1791 1584 2031 1653 εὐγλωτ-

443 1672 536 1743 τίᾳ
567 1674 972 1745 ἀπεκήρυττον.
1008 1676 1070 1727 Οἱ
1119 1674 1176 1727 δὲ
1212 1674 1617 1746 Ὀμηρίζοντες,
1657 1675 1784 1740 τοὺς
1812 1676 2034 1730 Πλατω-

442 1764 691 1830 νίζοντας
718 1765 968 1835 διέσυρον
984 1767 1067 1834 ἰοί
1100 1765 1158 1819 δὲ
1176 1766 1612 1832 Πλατωνίξοντες
1643 1768 1769 1832 τοὺς
1803 1766 2033 1841 Ὀμηρί-

446 1855 642 1922 ζοντας
666 1857 922 1922 ἀσεϐείας
937 1858 1267 1929 ἐγράφοντο·
1296 1860 1392 1914 καὶ
1404 1861 1451 1912 οί
1477 1859 1578 1928 μὲν
1610 1858 2032 1931 ’Δριστοτελικοὶ

442 1948 584 2021 πρὸς
615 1949 742 2013 τοὺς
764 1948 1210 2013 Πλατωνίζοντας
1236 1949 1654 2004 ὲπαπεδύσαντο
1678 1967 1691 1981 ·
1709 1951 1760 2004 οἱ
1787 1950 1843 2004 δὲ
1872 1952 2029 2003 Στοῖ-

442 2015 535 2095 κὸι
558 2040 697 2112 πρὸς
737 2042 865 2104 τοὺς
911 2040 1379 2111 Ἀριστοτελικοὺς
1418 2042 1741 2112 ἐφράξαντο.
1777 2042 2031 2095 Ἐπικου-
2064 2015 2106 2071 Β

441 2132 611 2207 ρείων
637 2132 716 2198 δὲ,
747 2133 857 2187 τῶν
880 2135 948 2205 τῇ
997 2133 1169 2205 κακίᾳ
1209 2135 1578 2205 ἐπικουρῆσαι
1614 2134 2026 2206 τολμησάντων,

441 2224 542 2278 καὶ
572 2221 886 2295 μεμνῆσθαι
930 2223 1302 2278 ἀτοπώτατον.
1331 2224 1443 2278 Καὶ
1481 2224 1575 2277 ἐπὶ
1616 2224 1718 2293 τῆς
1779 2223 2030 2295 ἰατρικῆς

437 2315 498 2369 δὲ
524 2315 587 2368 τὸ
619 2314 753 2369 αὐτὸ
782 2314 1255 2386 ἐπηκολούθησαν.
1287 2316 1351 2368 Ol
1376 2316 1477 2387 μὲν
1504 2315 1614 2387 γὰρ
1648 2316 1871 2384 Λογικοὶ
1903 2316 2031 2380 τοὺς

439 2407 779 2471 Μεθοδικοὺς
802 2406 913 2478 (68)
943 2406 1332 2477 ὲστηλίτευσαν
1358 2425 1373 2440 ο
1403 2409 1451 2461 οί
1473 2408 1530 2462 δὲ
1564 2406 1856 2461 Μεθοδικοὶ
1886 2407 2031 2462 κατὰ

438 2499 553 2553 τῶν
595 2497 847 2568 Λογικῶν
887 2497 1214 2569 ἐφράξαντο.
1258 2498 1323 2553 Ol
1370 2498 1470 2569 μὲν
1515 2497 1627 2570 γὰρ
1686 2498 1889 2562 πολλὰς
1933 2498 2031 2552 καὶ

443 2591 701 2655 ποικίλας
746 2592 902 2663 ῥίζας
932 2591 1142 2659 ἔφασαν
1169 2590 1280 2644 τῶν
1316 2589 1506 2646 παθῶν
1532 2608 1545 2621 ·
1587 2591 1669 2646 διὸ
1711 2593 1806 2646 καὶ
1851 2592 2033 2648 ποικί-

441 2681 557 2744 λοις
612 2681 857 2751 ἐχρῶντο
905 2680 1247 2751 βοηθήμασι,
1280 2679 1380 2744 τὰς
1429 2679 1586 2751 ῥίζας
1638 2681 2033 2756 πολυπραγμο-

443 2770 667 2835 νοῦντες
716 2770 827 2825 τῶν
876 2770 1223 2841 νοσημάτων,
1266 2772 1360 2824 καὶ
1391 2770 1565 2835 οὕτως
1612 2773 2033 2840 ἀναστέλλοντες

443 2864 547 2928 τὰς
574 2862 759 2934 πηγὰς
785 2862 897 2918 τῶν
937 2862 1147 2917 παθῶν.
1176 2864 1239 2917 Οἱ
1284 2863 1341 2917 δὲ
1375 2862 1468 2918 δύο
1496 2864 1665 2934 μόνας
1684 2866 1875 2930 ἀἰτίας
1902 2866 2034 2937 ὡρί-

445 2973 635 3020 σαντο.
665 2955 962 3024 στέγνωσιν
991 2956 1086 3009 καὶ
1112 2954 1266 3026 ρῦσιν
1288 2973 1300 2986 ·
1333 2955 1415 3009 διὸ
1439 2957 1533 3009 καὶ⁵
1563 2957 1644 3022 τὸ,
1681 2957 1713 3027 ή
1746 2958 2032 3026 κενωτέον,

443 3050 480 3121 ἢ
511 3050 795 3112 στακτέον,
822 3048 1208 3117 ἑδογμάτισαν.
1232 3048 1298 3101 Οἱ
1325 3047 1383 3100 δὲ
1418 3047 1766 3118 Ἐμπειρικοὶ
1794 3050 1889 3103 καί⁵
1917 3050 2037 3103 τού-

448 3154 579 3200 τους
606 3138 898 3201 κάκείνους
943 3137 1249 3192 ἔσκωπτον.
1282 3138 1346 3191 El
1388 3137 1445 3191 δὲ
1476 3139 1569 3192 καὶ
1604 3140 1706 3203 τὰς
1736 3139 1844 3194 τῶν
1875 3140 2038 3212 ρητό-

449 3246 582 3299 ρων,
617 3230 712 3283 καὶ
741 3230 838 3293 τὰς
855 3228 964 3283 τῶν
988 3229 1252 3299 ποιητῶν,
1284 3230 1379 3284 καὶ
1406 3231 1505 3295 τὰς
1527 3230 1639 3285 τῶν
1673 3231 2037 3303 συγγραφέων

2133 740 2379 813 profecto
2422 740 2637 810 habes),
2668 740 2776 796 noli
2819 741 2960 812 apud
2996 739 3130 797 alios
3156 753 3272 795 eam
3309 750 3588 809 quaerere,
3631 736 3727 792 sed

2136 833 2357 904 proprio
2383 834 2640 888 thesauro
2670 840 2846 887 utere.

2375 943 2484 998 LV.
2523 972 2597 986 -—
2635 938 3039 997 HAR‘POCRIE
3080 935 3475 995 SOPIllS'LE.

2135 1037 2213 1091 Ab
2246 1036 2529 1091 ambitione
2566 1045 2659 1090 aut
2697 1034 3012 1101 anticipatis
3054 1032 3384 1100 Opinionibus
3426 1028 3571 1083 nasci
3611 1030 3726 1083 Ita:-

2846 1118 2987 1159 reus
2996 1143 3011 1158 .

2208 1215 2446 1270 Ambitio
2493 1222 2548 1270 et
2594 1213 2895 1284 imperandi
2947 1212 3241 1282 cupiditas,
3281 1210 3521 1266 omnium
3563 1204 3733 1264 causa

2135 1306 2422 1371 malorum,
2452 1320 2572 1377 qua:
2600 1306 2764 1361 etiam
2799 1307 2935 1363 bene
2965 1303 3133 1379 440
3154 1302 3446 1359 constituta
3475 1310 3735 1357 evertere

2134 1406 2384 1463 conatur,
2432 1397 2620 1467 gravia
2669 1397 2812 1453 bella
2853 1413 2960 1453 non
2999 1397 3176 1453 solum
3216 1401 3405 1450 nostra
3433 1392 3723 1457 memoria,

2132 1490 2228 1546 sed
2255 1481 2420 1546 etiam
2451 1490 2698 1562 antiquis
2735 1491 3068 1561 temporibus
3094 1486 3300 1544 invexit
3326 1487 3380 1542 in
3417 1501 3506 1543 res
3537 1486 3728 1540 huma-

2132 1596 2251 1637 nas.
2307 1581 2443 1637 Nam
2489 1580 2815 1653 Pythagorei
2859 1582 3103 1653 quidem,
3135 1596 3261 1637 cum
3308 1580 3409 1650 ipsi
3450 1578 3726 1634 silentium

2133 1673 2405 1740 colerent,
2446 1673 2584 1730 alios
2623 1675 2716 1746 qui
2753 1673 3063 1745 eloquentia
3109 1687 3169 1728 se
3211 1671 3500 1743 magniﬁce
3534 1669 3729 1730 effere-

2133 1764 2286 1832 bant,
2313 1765 2711 1835 repudiabant:
2747 1766 2974 1823 Homeri
3007 1774 3190 1821 autem
3226 1761 3730 1820 studiosiPlatonis

2132 1855 2372 1912 asseclas
2404 1856 2760 1913 traducebant
2787 1872 2804 1912 :
2840 1855 3086 1912 Platonis
3119 1869 3253 1910 vero
3282 1861 3590 1910 sectatores
3615 1850 3727 1907 Ho-

2133 1946 2268 2002 meri
2296 1945 2557 2003 studiosis
2584 1945 2880 2017 impietatis
2923 1947 3103 2001 dicam
3133 1944 3485 2001 scribebant:
3517 1952 3573 1999 et
3605 1942 3727 1998 Ari-

2132 2037 2368 2095 stotelici
2401 2039 2619 2108 quidem
2669 2041 2932 2095 adversus
2965 2038 3277 2095 Platonicos
3308 2037 3726 2109 (philosophos)

2131 2128 2445 2201 pugnabant
2478 2148 2494 2186 :
2538 2128 2707 2186 Stoici
2744 2144 2875 2188 vero
2907 2139 3097 2187 contra
3135 2130 3513 2187 Aristotelicas
3547 2142 3728 2183 arma-

2132 2221 2354 2277 bantur.
2390 2219 2787 2292 Epicureorum
2829 2232 3032 2289 autem,
3075 2222 3171 2292 qui
3214 2222 3362 2278 vitiis
3396 2219 3734 2293 patrocinari

2132 2313 2250 2368 ausi
2280 2320 2441 2379 sunt,
2485 2313 2652 2370 etiam
2698 2318 3030 2371 mentionem
3068 2312 3188 2370 ﬁeri
3230 2314 3511 2384 indignum
3562 2320 3728 2380 atque

2132 2403 2432 2459 absurdum
2465 2413 2570 2460 est.
2616 2403 2725 2463 Sed
2762 2415 2817 2461 et
2855 2406 2909 2461 in
2954 2414 3073 2461 arte
3108 2406 3318 2463 medica
3353 2405 3495 2461 idem
3533 2404 3727 2460 sectati

2134 2504 2263 2553 sunt
2285 2497 2547 2553 studium.
2589 2495 2727 2553 Nam
2771 2498 2959 2569 Logici
2993 2499 3214 2571 quidem
3257 2496 3597 2555 Methodicos
3642 2496 3729 2553 in-

2132 2589 2486 2645 sectabantur
2505 2629 2522 2656 ,
2549 2587 2842 2647 Methodici
2873 2605 3008 2647 vero
3056 2599 3251 2647 contra
3286 2590 3518 2659 Logicos
3549 2603 3610 2646 se
3640 2602 3731 2642 ar-

2136 2683 2378 2738 mabant.
2413 2681 2603 2739 Altera
2626 2683 2771 2739 enim
2806 2690 2956 2739 secta
2986 2682 3185 2739 multas
3221 2696 3288 2739 ac
3314 2682 3497 2739 varias
3520 2680 3732 2737 radices

2135 2774 2450 2830 morborum
2512 2790 2635 2832 esse
2682 2775 2903 2840 aiebat;
2973 2784 3306 2847 quapropter
3356 2775 3521 2833 etiam
3567 2772 3750 2829 variis.

2135 2869 2432 2924 utebantur
2456 2868 2699 2934 auxiliis,
2743 2868 2982 2926 sollicite
3029 2870 3247 2926 radices
3276 2870 3599 2927 morborum
3617 2866 3733 2922 sim-

2137 2959 2389 3032 gulorum
2413 2961 2777 3030 inquirentes,
2801 2973 2967 3033 atque
2990 2962 3064 3019 ita
3100 2962 3280 3019 fontes
3300 2961 3621 3017 morborum
3632 2959 3733 3013 ob-

2139 3061 2446 3109 struentes.
2471 3053 2662 3109 Altera
2692 3068 2847 3120 vero,
2880 3054 3019 3110 duas
3053 3062 3263 3110 tantum
3294 3067 3488 3109 causas
3510 3048 3734 3107 deﬁnie—

2137 3143 2272 3200 bant
2309 3163 2323 3200 :
2354 3145 2733 3201 astrictionem
2774 3146 2892 3202 sive
2926 3146 3382 3217 constipationem
3406 3185 3422 3212 ,
3461 3152 3515 3201 et
3543 3141 3737 3198 ﬁuxio-

2141 3251 2286 3296 nem.
2312 3236 2469 3292 Unde
2492 3238 2599 3294 hoc
2625 3237 2817 3309 dogma
2844 3238 3206 3302 tradiderunt,
3228 3244 3320 3292 aut
3341 3232 3739 3295 evacuandunt,

444 3320 586 3392 πρὸς
625 3320 890 3391 ἀλλήλους
938 3321 1205 3393 διαφοράς
1253 3324 1428 3378 εἰπεῖν
1484 3322 1832 3394 ἐθελήσαιμι,
1869 3326 2036 3391 πολὺς

2142 3339 2235 3383 aut
2275 3328 2671 3384 instillandum.
2722 3329 2988 3400 Empirici
3040 3339 3227 3385 autem
3282 3337 3394 3383 tam
3441 3327 3542 3381 hos
3573 3337 3736 3393 quam

445 3414 546 3468 καὶ
573 3412 732 3481 λόγος
766 3414 862 3468 καὶ
888 3415 1079 3485 χρόνος
1099 3414 1534 3484 ἀναλωθήσεται.
1576 3415 1689 3469 Καὶ
1720 3416 2036 3488 θαυμαστὸν

2143 3420 2264 3475 illos
2291 3420 2624 3476 deriserunt.
2647 3419 2803 3484 Quod
2831 3422 2875 3476 si
2906 3429 2962 3475 et
2986 3429 3263 3476 oratorum
3288 3460 3304 3486 ,
3328 3429 3385 3473 et
3416 3425 3695 3488 poetarum
3716 3453 3734 3475 .

444 3506 623 3563 οὐδέν.
654 3506 829 3561 Ὅπου
872 3498 991 3580 γὰρ
1016 3508 1067 3561 οἱ
1100 3506 1421 3577 φιλοσοφίας
1453 3508 1680 3579 ὀνόματι
1711 3510 2041 3583 βρενθυόμε-

444 3615 530 3653 νοι
575 3598 679 3651 οὐκ
727 3595 987 3667 ὤκνησαν
1040 3596 1366 3669 διαπρύσιον
1398 3598 1523 3652 καθ’
1554 3601 1766 3655 ἑαυτῶν
1815 3601 2038 3672 κινῆσαι

443 3689 711 3761 πόλεμον,
746 3688 910 3761 σχολῇ
946 3690 999 3758 γ’
1023 3689 1091 3743 ἂν
1130 3691 1243 3752 τοῖς
1277 3690 1505 3761 ῥήτορσι
1535 3693 1759 3756 καὶτοῖς
1786 3695 2040 3763 ποιηταῖς

444 3782 720 3852 ἐμέλησεν
750 3783 997 3853 εἰρήνης,
1031 3780 1085 3835 οἵ
1110 3799 1175 3851 γε
1204 3781 1302 3835 καὶ
1345 3783 1484 3853 πρὸς
1518 3784 1646 3847 τοὺς
1686 3784 2037 3855 ἐγκράτειαν,

444 3875 541 3927 καὶ
562 3872 936 3943 δικαιοσύνην,
972 3873 1070 3927 καὶ
1114 3872 1477 3944 σωφροσύνην
1529 3874 1881 3946 ἐγκρίνοντας
1920 3876 2039 3929 Σω-

444 3967 747 4036 κρατικοὺς
803 3964 1139 4037 διεφέροντο,
1196 3964 1292 4028 οὓς
1349 3966 1580 4020 Πλάτων
1625 3967 2040 4038 ἑκκωμῳδήσας

444 4057 507 4109 ιν
568 4056 858 4125 διαλόγοις,
913 4055 1324 4127 άνεκωμῳδήθη
1383 4056 1537 4128 παρὰ
1595 4056 1706 4112 τῶν
1758 4058 2036 4124 Κυνικῶν,

443 4139 522 4201 ὧν
554 4142 637 4211 εἷς
696 4143 767 4218 ἦν
805 4147 901 4201 καὶ
955 4146 1278 4211 Λουκιανὸς,
1328 4149 1357 4201 ό
1394 4149 1522 4212 τοὺς
1563 4148 1850 4218 διαλόγους
1895 4149 2041 4213 κατὰ

447 4240 671 4294 πάντων
719 4239 857 4311 ὁμοῦ
916 4240 1102 4310 σχεδὸν
1163 4240 1271 4296 τῶν
1337 4259 1397 4295 τε
1440 4243 1769 4313 εἰρημένων,
1817 4243 1930 4297 τῶν
1975 4260 2037 4298 τε

446 4332 980 4403 παραλελειμμένων
1036 4333 1326 4399 συντάξας.
1370 4335 1467 4388 Ὃν
1518 4336 1569 4389 οί
1619 4336 1720 4407 μὲν
1761 4336 2040 4390 Πλατωνι-

444 4425 536 4479 κοὶ
578 4415 728 4497 (69f,
760 4425 849 4479 διὰ
881 4425 943 4479 τὸ
984 4427 1112 4490 τοὺς
1153 4426 1310 4498 παρὰ
1358 4428 1470 4481 τῶν
1509 4428 1752 4498 ποιητῶν
1792 4429 2037 4483 ἀναπλα-

444 4517 676 4581 σθέντας
702 4519 861 4583 θεοὺς
882 4518 1320 4590 τεθεατρικέναι,
1355 4520 1707 4587 ἀπεδέξαντο.
1730 4522 1793 4575 Ol
1834 4521 1892 4574 δὲ
1925 4520 2035 4575 τῶν

444 4609 691 4681 ποιητῶν
743 4610 1007 4681 τρόφιμοι
1065 4610 1351 4681 δύσφημον
1406 4613 1755 4666 ἀπεκάλεσαν
1783 4629 1798 4643 ·
1847 4613 2039 4678 δεινῶς

2141 3520 2197 3566 ει
2226 3510 2612 3566 historicorum
2640 3509 2786 3565 inter
2817 3524 2878 3566 se
2914 3509 3294 3566 contentiones
3331 3516 3387 3564 et
3421 3513 3737 3562 controver-

2142 3604 2256 3660 sias
2288 3603 2541 3660 oratione
2564 3602 2820 3674 persequi
2856 3603 3073 3671 vellem,
3102 3601 3332 3657 multum
3363 3609 3420 3655 et
3442 3597 3733 3653 verborum

2140 3708 2197 3755 et
2225 3700 2487 3769 temporis
2526 3699 2660 3755 mihi
2694 3706 3129 3755 consumeretur.
3178 3695 3247 3753 Et
3272 3694 3407 3750 nihil
3436 3694 3583 3748 adeo.
3605 3689 3732 3745 miri

2141 3798 2246 3845 est.
2274 3788 2506 3856 Quando
2535 3788 2682 3844 enim
2725 3787 2833 3855 illi,
2872 3788 2965 3859 qui
3014 3782 3377 3858 philosophia:
3413 3780 3633 3837 nomine
3678 3791 3738 3833 se

2139 3881 2431 3952 magniﬁce
2471 3880 2811 3948 efferebant,
2855 3895 2964 3936 non
3025 3877 3344 3934 dubitarunt
3394 3868 3739 3943 implacabile

2140 3975 2405 4029 adversus
2454 3984 2516 4027 se
2558 3970 2791 4026 invicem
2836 3983 3061 4025 movere
3084 3968 3364 4025 bellum:
3417 3964 3510 4019 vix
3562 3959 3740 4033 potuit

2142 4065 2282 4129 ﬁeri,
2325 4071 2385 4119 ut
2427 4064 2741 4119 oratoribus
2790 4069 2846 4118 et
2882 4060 3063 4132 poetis
3098 4075 3205 4132 pax
3249 4063 3610 4119 θυι-κειται.
3647 4051 3738 4122 qui

2140 4159 2306 4212 etiam
2349 4170 2474 4211 cum
2521 4153 2843 4221 Socraticis,
2890 4152 2983 4223 qui
3033 4151 3449 4222 temperantiam
3492 4155 3549 4204 et
3576 4142 3741 4216 justi-

2141 4247 2274 4302 tiam
2308 4256 2364 4301 et
2396 4245 2727 4301 modestiam
2760 4244 2816 4299 in
2851 4244 3033 4315 pretio
3066 4242 3397 4304 habuerunt,
3426 4234 3737 4294 contentio-

2142 4352 2239 4394 nes
2269 4344 2635 4408 susceperunt
2670 4353 2685 4392 :
2722 4351 2862 4407 quos
2897 4334 3147 4391 Platosin
3189 4331 3429 4401 Dialogis
3457 4328 3735 4397 deridens,

2139 4430 2255 4502 ipse
2282 4445 2500 4502 quoque
2530 4438 2722 4484 mutuo
2763 4428 2980 4484 derisus
3017 4437 3103 4483 est
3139 4441 3169 4481 a
3209 4424 3431 4498 Cynicis
3460 4437 3477 4478 :
3504 4436 3737 4494 quorum

2141 4537 2172 4578 e
2198 4536 2428 4578 numero
2459 4521 2741 4577 Lucianus
2772 4521 2939 4576 etiam
2976 4517 3101 4584 fuit,
3136 4517 3230 4587 qui
3269 4515 3515 4585 dialogos
3545 4518 3735 4569 contra

2140 4629 2333 4671 omnes
2361 4614 2794 4684 propemodum,
2844 4621 2951 4666 tam
2984 4624 3079 4665 eos
3124 4608 3215 4678 qui
3255 4607 3366 4676 jam
3415 4613 3541 4662 sunt
3584 4604 3747 4667 dicti,

444 4701 559 4770 γὰρ
585 4704 713 4767 τοὺς
763 4704 896 4773 παρ’
933 4702 1114 4757 αὐτῶν
1155 4703 1610 4775 ὲκθειαζομένους
1659 4706 1816 4769 θεοὺς
1841 4705 2036 4770 ἐξεκω·

2145 4720 2308 4782 quam
2337 4719 2431 4761 eos
2456 4705 2549 4775 qui
2582 4703 2772 4760 omissi
2800 4711 2960 4766 sunt,
2985 4699 3316 4771 composuit.
3359 4696 3529 4765 Quem
3555 4695 3739 4751 Plato-

449 4789 692 4863 μῴδησε.
751 4792 848 4857 Τίς
872 4788 967 4849 οὖν
997 4793 1258 4867 τολμήσει
1315 4795 1387 4849 τὰ
1429 4795 1541 4850 τῶν
1593 4795 1860 4870 Ἐλλήνων
1899 4814 2036 4863 πρε-

2147 4796 2255 4853 nici
2284 4796 2511 4867 quidem
2532 4795 2611 4853 ob
2622 4795 2681 4852 id
2704 4795 2833 4867 quia
2860 4808 2903 4848 »α
2928 4792 3102 4865 poetis
3124 4790 3386 4849 conﬁctos
3415 4789 3546 4845 deos
3576 4786 3732 4859 quasi

1491 4949 1729 5007 VARIE
1764 4950 2152 5010 LECTIONES
2194 4950 2288 5011 ET
2324 4949 2564 5010 NOTE.

526 5102 640 5174 (67)
682 5105 863 5178 Τοῦτο
908 5106 1087 5174 ζήτει.
1136 5106 1257 5163 Non
1301 5121 1424 5164 esse
1459 5111 1746 5178 quaerenda
1782 5108 2035 5177 aliunde,

450 5176 823 5247 qnornrnipsi
867 5179 1071 5232 domini
1106 5193 1330 5244 sumus,
1397 5176 1625 5247 quinque
1670 5179 1725 5233 in
1768 5176 2038 5247 potestate

452 5255 639 5316 nostra
682 5245 983 5316 habemus.
1026 5250 1297 5302 sententia
1344 5245 1426 5303 est
1456 5245 1629 5316 etiam,
1674 5249 1735 5302 Β.
1774 5245 1962 5305 Basilii
1985 5258 2041 5303 et

450 5313 723 5385 Ambrosii
754 5313 806 5366 in
836 5313 1161 5385 Hexaemer.
1197 5317 1366 5373 Rt'rr.

527 5384 640 5453 (68)
678 5385 743 5437 Οἱ
772 5383 892 5451 μὲν
929 5388 1038 5454 γὰρ
1070 5383 1311 5456 Λογικοὶ
1335 5387 1479 5455 τοὺς
1507 5388 1898 5456 Μεθοδικούς.
1932 5388 2041 5446 Me-

451 5453 701 5527 dicorum
726 5453 1037 5527 antiquitus
1072 5453 1183 5511 tres
1225 5467 1383 5527 crant
1424 5453 1584 5513 secta:
1618 5476 1632 5512 :
1673 5453 1893 5527 Logiei',
1925 5459 2038 5514 Me-

456 5523 686 5586 thodici,
726 5523 1007 5594 Empirici.
1038 5526 1311 5582 Ausonius
1340 5524 1560 5599 Grypho
1588 5523 1811 5583 lernarii
1847 5545 1860 5581 :

605 5614 817 5687 triplex
839 5634 1046 5687 quoque
1076 5618 1251 5686 {arma
1279 5621 1525 5674 medendi
1547 5637 1566 5676 :

456 5686 600 5753 Quot
618 5684 812 5756 Logos,
838 5684 938 5742 αιιι
957 5684 1252 5755 Methodos,
1277 5694 1462 5760 cuique
1475 5692 1814 5760 Ezperientia
1830 5708 2039 5760 nomen,

452 5778 520 5833 B.
552 5777 914 5853 Hieronymus
962 5780 1029 5835 ad
1061 5779 1344 5853 Paulinum
1376 5800 1390 5836 :
1432 5801 1450 5834 ι
1489 5782 1670 5837 Taceo
1695 5822 1711 5847 ,
1752 5784 1928 5853 inquit
1974 5785 2040 5839 de

456 5848 688 5904 medicis
713 5889 729 5916 ,
757 5848 990 5916 quorum
1022 5852 1255 5906 scientia
1287 5853 1607 5909 mortalibus
1642 5855 1722 5909 vel
1750 5848 2037 5909 utilissima

454 5926 561 5995 est,
585 5927 642 5995 et
666 5920 726 5995 in
753 5929 863 5973 tres
890 5921 1371 5995 p_arles_s_cindit_ur
1402 5939 1415 5975 :
1442 5923 1504 5976 τὸ
1529 5922 1727 5995 δόγμα.
1751 5924 1851 5995 τὴν
1878 5923 2037 5995 μέθο-

455 5987 567 6055 δον,
589 5988 686 6060 τὴν
710 5989 1003 6060 ἐμπειρίαν
1035 6008 1049 6045 :
1083 5990 1135 6046 id
1170 5999 1252 6048 est
1279 5990 1556 6049 decretum
1586 5987 1671 6049 vel
1707 5987 2033 6061 doctrinam,

2138 5109 2409 5167 rationem
2446 5117 2503 5165 et
2529 5106 2955 5179 experientiam,
2987 5103 3583 5179 ubisdypauvocatqui
3617 5102 3736 5179 aliis

2136 5189 2221 5236 est
2247 5180 2427 5248 λόγος.
2449 5179 2515 5247 Q.
2538 5173 2779 5248 Serenus
2811 5177 3196 5234 Sammonicus
3211 5173 3449 5245 epilogo
3466 5173 3736 5247 poematis

2139 5248 2217 5304 De
2256 5266 2310 5304 re
2326 5247 2565 5304 medica.
2595 5247 2765 5305 Rtrr.

2139 5338 2296 5407 Quod
2348 5341 2542 5413 Logos,
2586 5351 2679 5397 aut
2730 5341 3033 5408 Methodus,
3085 5336 3725 5484 εἱηιριεαιιιιῐεραξιπίτὶεα

2147 5503 2464 5579 simplicem
2494 5512 2655 5579 yocat
2689 5502 3151 5579 E_mpi_ricam,_ut
3191 5516 3314 5572 quae
3345 5516 3454 5579 non
3489 5494 3732 5579 sit‘solli-

2145 5576 2251 5630 cita
2270 5569 2338 5629 de
2361 5573 2539 5627 causis
2562 5581 2617 5628 et
2642 5569 2964 5638 rationibus,
2989 5574 3084 5627 sed
3109 5569 3315 5626 tantum
3328 5569 3731 5628 observatione,

2148 5643 2470 5698 collectione
2504 5653 2666 5711 atque
2688 5644 3001 5698 inductione
3021 5642 3395 5709 exemplorum
3418 5642 3537 5711 sive
3562 5650 3731 5706 expo-

2134 5714 2346 5784 rrientia
2371 5713 2535 5784 (unde
2567 5709 2621 5768 et
2651 5727 2855 5784 nomen.
2876 5712 3086 5784 accepit
3112 5710 3382 5784 )_n_ita_tnr.
3417 5709 3587 5784 ﬁt".

2220 5783 2331 5854 (69)
2379 5776 2553 5854 Enni.
2574 5798 2662 5851 ep.
2697 5780 2903 5854 917ini.
2951 5776 3123 5854 hujus
3148 5781 3271 5837 libri
3312 5796 3386 5854 tv.
3420 5776 3728 5854 Notandum

2147 5865 2214 5907 ex
2230 5850 2349 5926 'ﬁn'e
2368 5853 2529 5926 hujus
2544 5850 2700 5926 epist.
2722 5851 3136 5926 saluberrimum
3163 5850 3372 5926 nostris
3392 5851 3557 5905 etiam
3586 5856 3729 5926 tem-

2146 5924 2370 5991 poribus
2392 5919 2880 5991 eiulce'ratissimis
2898 5919 3209 5991 consilium,
3235 5920 3302 5974 de
3322 5919 3407 5991 via
3432 5933 3497 5991 ac
3516 5919 3727 5991 ratione

2144 5984 2461 6051 orthodoxae
2483 5990 2787 6047 concordia:
2810 5989 3111 6046 sarciendae
3127 5984 3531 6045 etsanciendae.
3554 5984 3730 6041 ιλιι-τι
