4084 6364
402 511 537 577 1107

1576 511 1639 572 S.
1680 512 1977 573 ISIDORI
2016 510 2457 574 PELUSIOTE

3526 504 3658 569 1108

397 628 454 682 in
481 625 691 679 theatro
719 618 1040 676 deridendus
1065 616 1372 688 propinavit
1399 624 1561 688 atque
1592 618 1847 686 traduxit,
1875 632 1970 689 ap-

2088 618 2383 672 σὸευόντων
2439 616 2635 683 εἰπεῖν,
2704 615 2787 672 ὅτι
2834 616 3028 671 πολλαὶ
3099 617 3248 688 παρὰ
3312 618 3657 688 Χριστιανοῖς

401 719 732 788 probarunt;
769 723 1046 783 poetarum
1072 720 1251 767 autem
1285 710 1484 765 alumni
1512 710 1770 765 infamem
1800 711 1978 765 decla-

398 820 611 865 rarunt.
659 806 910 863 Graviter
946 806 1090 860 enim
1129 804 1449 873 perstrinxit
1486 802 1607 859 illos
1634 844 1651 871 ,
1692 818 1833 874 quos
1877 804 1976 872 ipsi

397 912 727 970 magnopere
760 895 1192 961 venerabantur,
1229 894 1379 951 deos.
1414 896 1545 962 Quis
1575 895 1739 966 igitur
1765 908 1973 959 eorum,

396 991 488 1060 qui
536 990 913 1060 paganismum
966 987 1405 1056 amplectuntur,
1443 986 1587 1041 ausit
1634 986 1789 1040 nobis
1833 984 1973 1054 obji-

395 1093 541 1143 cere,
573 1076 769 1131 multas
804 1076 945 1145 apud
977 1075 1317 1130 Christianos
1360 1074 1598 1129 haereses
1645 1082 1801 1126 natas
1830 1086 1973 1138 esse,

2086 708 2327 778 αἱρέσεις
2358 708 2675 779 ἐτέχθησαν,
2728 708 3001 773 τοσαύτας
3047 708 3191 779 ὁρῶν
3222 708 3319 761 καὶ
3347 708 3478 778 παρ’
3525 707 3658 762 ὲκεί-

2084 817 2195 863 νοις
2229 799 2317 853 διὰ
2365 798 2653 870 φιλαρχίαν
2692 798 2820 870 (χρὴ
2848 798 2957 869 γὰρ
2997 798 3205 869 τάληθῆ
3237 798 3435 867 λέγειν)
3451 798 3659 868 τεχθεί-

2085 908 2215 957 σας;
2239 892 2303 944 Et
2332 890 2378 944 δ’
2416 889 2555 961 αὕτη
2592 890 3040 962 ὲξοστρακισθείη
3082 892 3147 944 ὲκ
3190 889 3299 944 τῶν
3331 889 3657 961 ἀνθρώπων,

2082 980 2236 1044 ἐλπίς
2281 983 2399 1035 ἐστι
2432 982 2663 1052 χρηστὴ,
2712 981 2921 1045 πάντας
2969 983 3047 1045 εἰς
3089 982 3151 1034 τὸ
3199 981 3342 1035 θεῖον
3394 980 3663 1053 κήρυγμα

2081 1074 2379 1144 ὁμοφώνως
2408 1074 2504 1129 καὶ
2531 1073 2827 1146 ὀρθοδόξως
2859 1075 3205 1144 συνδραμεῖν.

394 1184 515 1223 cum
560 1177 671 1221 tam
715 1166 914 1221 multas
961 1166 1142 1221 videat
1183 1165 1346 1219 etiam
1397 1166 1536 1233 apud
1616 1164 1764 1232 ipsos
1833 1161 2050 1218 Grmcos
2089 1174 2311 1234 propter
2350 1167 2701 1221 ambitionem
2752 1175 2808 1221 et
2861 1166 3162 1235 imperandi
3219 1164 3459 1220 studium
3507 1164 3657 1223 (vera

394 1263 537 1317 enim
570 1262 753 1317 dicere
789 1259 1027 1331 Oportet)
1069 1270 1224 1314 natas
1265 1259 1417 1314 esse?
1462 1257 1518 1313 Si
1560 1270 1686 1312 vero
1725 1258 1838 1311 lucc
1876 1257 2237 1326 expelleretur
2271 1273 2335 1313 ex
2409 1258 2568 1313 rebus
2638 1258 2911 1323 humanis,
2972 1274 3097 1327 spes
3151 1257 3290 1313 bona
3336 1266 3504 1323 esset,
3537 1255 3656 1310 fore

397 1366 454 1412 ut
476 1370 664 1412 omnes
700 1357 755 1410 in
788 1350 1027 1410 divin'um
1077 1352 1417 1426 (Evangelii)
1460 1353 1789 1422 praeconium
1829 1354 2068 1407 unanimi
2092 1363 2149 1408 et
2181 1354 2489 1409 orthodoxe
2525 1370 2794 1410 consensu
2824 1355 3202 1410 convenirent.

572 1490 731 1564 (.41
764 1489 900 1547 LVI.
933 1521 1003 1534 -
1036 1490 1264 1546 PETRO
1287 1487 1778 1546 SCIlOLAS'l‘lCO.

982 1580 1184 1636 Eadem
1216 1581 1280 1635 de
1311 1596 1385 1635 re.

470 1698 578 1755 Aut
599 1712 662 1756 ex
684 1698 996 1764 ambitione,
1033 1707 1126 1752 aut
1176 1713 1242 1753 ex
1300 1696 1593 1767 anticipata
1622 1696 1803 1766 aliqua
1852 1696 1977 1768 opi-

406 1792 588 1859 nione,
620 1792 825 1846 duabus
857 1799 1161 1863 expugnatu
1191 1788 1525 1845 difﬁcillimis
1565 1790 1971 1857 alfectionibu's,

401 1883 641 1939 haereses
672 1892 727 1939 et
760 1893 934 1938 sectas
967 1897 1122 1939 natas
1175 1899 1297 1941 esse
1344 1885 1601 1940 arbitror.
1633 1882 1769 1938 Nam
1799 1885 1889 1952 qui
1923 1883 1978 1937 in

2383 1491 2526 1559 NG”.
2559 1521 2633 1532 —
2652 1491 2880 1563 ΠΕΤΡῼ
2909 1491 3366 1564 ΣΧΟΛΛΣΤΙΚῼ.

2620 1585 2763 1653 Περὶ
2798 1584 2904 1639 τοῦ
2937 1584 3146 1639 αὐτοῦ.

2156 1697 2228 1751 Ἦ
2276 1698 2340 1751 ὲκ
2380 1696 2706 1768 φιλαρχίας,
2746 1692 2937 1767 οἶμαι,
2977 1697 3008 1767 ἢ
3056 1697 3121 1750 ἐκ
3156 1696 3515 1769 προλήψεως,
3556 1696 3652 1751 δύο

2079 1789 2604 1859 δυσκαταγωνίστων
2627 1789 2836 1854 παθῶν,
2870 1789 2969 1853 τὰς
3004 1789 3246 1859 αἱρέσεις
3287 1789 3558 1859 τετέχθαι.
3594 1790 3657 1843 Οἱ

2082 1883 2179 1954 μὲν
2214 1883 2323 1953 γάρ
2354 1884 2411 1935 ἐν
2432 1884 2546 1944 τοῖς
2571 1880 2832 1951 ὑπηκόοις
2863 1881 2937 1951 μὴ
2979 1879 3310 1944 ἀξιώσαντες
3348 1876 3487 1933 εἶναι
3515 1879 3655 1951 (70),

402 1977 743 2033 subditorum
776 1978 952 2033 classe
979 1977 1163 2034 vivere
1186 1993 1347 2047 aequo
1407 1978 1592 2032 animo
1644 1991 1749 2031 non
1783 1983 1979 2044 potue-

2088 1974 2221 2044 μηδὲ
2252 1973 2679 2045 καταδεξάμενοι
2701 2015 2715 2040 ,
2748 1974 3021 2046 νεωτέρας
3055 1972 3402 2038 διδασκαλίας
3431 1973 3658 2042 σπέρμα

404 2081 554 2140 runt,
606 2088 781 2143 neque
838 2073 1124 2143 imperium
1185 2073 1462 2143 excipere,
1502 2085 1656 2125 novae
1720 2068 1981 2125 doctrinae

403 2172 698 2220 sementem
731 2171 1070 2236 sparserunt,
1105 2165 1158 2220 in
1205 2164 1272 2220 iis
1300 2179 1420 2237 qua:
1446 2162 1744 2218 constituta
1772 2164 1978 2227 essent,

402 2269 724 2323 permanere
768 2256 1067 2324 dedignati.

843 2366 1003 2424 Lvu.
1020 2396 1091 2408 —
1107 2362 1531 2449 ADAMANTlO.

992 2457 1194 2515 Eadem
1225 2458 1290 2512 de
1315 2474 1390 2512 re.

475 2592 618 2662 Quid
650 2592 787 2648 adeo
848 2591 1093 2659 miraris,
1130 2590 1175 2645 si
1207 2591 1372 2646 etiam
1400 2600 1523 2659 post
1573 2589 1873 2644 Salvatoris
1926 2590 1980 2645 in

406 2699 628 2740 carnem
701 2684 993 2738 adventum
1060 2684 1243 2737 multa:
1318 2684 1556 2738 haereses
1607 2689 1784 2737 enatat
1832 2689 1980 2749 sunt,

406 2776 642 2841 diabolo,
688 2775 885 2845 quippe
926 2774 1016 2842 qui
1046 2775 1157 2844 jam
1197 2775 1481 2845 perspicue
1496 2790 1562 2829 ac
1595 2776 1799 2831 diserte
1826 2775 1984 2830 audi-

406 2866 597 2931 visset,
620 2865 842 2919 omnino
869 2878 929 2919 se
973 2863 1182 2934 judicio
1204 2876 1261 2920 et
1294 2866 1631 2921 damnationi
1679 2866 1982 2937 subjectum

407 2958 475 3013 iri
503 2967 557 3012 et
584 2972 775 3026 pinnas
809 2957 1083 3025 daturum,
1122 2972 1217 3012 eas
1246 2958 1659 3025 disseminante,
1691 2967 1754 3015 ut
1795 2960 1986 3015 videli-

409 3058 499 3103 cet
527 3046 724 3100 multos
782 3047 1173 3116 suppliciorum
1224 3049 1406 3103 socios
1468 3056 1635 3117 atque
1688 3049 1986 3119 participes

409 3131 647 3196 habeat,
681 3146 803 3185 cum
867 3141 994 3187 ante
1054 3133 1227 3201 ipsius
1280 3147 1496 3202 quoque
1540 3134 1829 3188 adventum
1877 3150 1982 3188 non

406 3236 597 3292 paucae
656 3223 965 3277 exstiterint
1009 3223 1286 3279 haereses?
1314 3223 1448 3279 Nam
1503 3224 1702 3293 partim
1739 3225 1986 3281 homines

2083 2063 2530 2135 καταϐεῆλήκασι
2554 2103 2569 2130 ,
2610 2065 2723 2127 τοῖς
2772 2062 3108 2118 καθεστῶσιν
3137 2061 3394 2133 ἐμμένειν
3423 2060 3498 2135 μὴ
3526 2078 3658 2118 κατ-

2082 2154 2416 2221 αξιώσαντες
2453 2156 2587 2228 (71).

2529 2359 2653 2414 NZ'.
2690 2389 2762 2400 -
2793 2358 3217 2433 ΑΔΑΜΑΝΤΙῼ.

2657 2455 2762 2518 Εἰς
2794 2451 2861 2507 τὸ
2893 2453 3062 2508 αὐτό.

2154 2590 2219 2642 Τί
2246 2588 2569 2659 θαυμάζεις,
2605 2590 2654 2642 εί
2682 2589 2822 2660 μετά
2851 2589 2952 2660 τὴν
2974 2588 3071 2644 τοῦ
3107 2590 3361 2662 Σωτῆρος
3387 2589 3655 2661 ἐνσαρκον

2085 2679 2391 2752 παρουσίαν
2421 2680 2614 2734 πολλα).
2645 2680 2888 2751 αἱρέσεις
2911 2681 3229 2752 ἐτέχθησαν,
3260 2682 3355 2735 τοῦ
3384 2682 3659 2749 διαϐόλου,

2086 2771 2183 2826 ἅτε
2207 2770 2273 2842 δὴ
2305 2770 2493 2840 σαφῶς
2521 2772 2946 2843 καὶιδιαρρήδην
2981 2771 3339 2837 ἀκούσαντος,
3364 2774 3449 2828 ὃτι
3477 2774 3659 2828 πάντα

2085 2865 2268 2932 κρίσει
2288 2862 2840 2933 καθυποδληθήσεται
2883 2864 3020 2936 (72),
3044 2866 3140 2919 καὶ
3166 2865 3325 2935 δίκην
3352 2865 3534 2928 δώσει,
3567 2863 3662 2918 τοῦ

2083 2956 2287 3019 ταύτας
2336 2955 2808 3025 κατασπείραντος
2850 2957 2998 3027 (75),
3041 2958 3107 3010 ἵν’
3139 2956 3237 3029 ἔχῃ
3276 2957 3506 3020 πολλοὺς
3536 2957 3665 3021 τοὺς

2088 3047 2708 3117 συγκολασθησομένους
2729 3089 2743 3114 ,
2774 3049 2938 3102 ὁπότε
2970 3050 3067 3104 καὶ
3096 3050 3205 3120 πρὸ
3230 3050 3332 3120 τῆς
3363 3050 3667 3120 παρουσίας

2085 3137 2253 3191 αὑτοῦ
2279 3138 2380 3191 οὐκ
2407 3138 2584 3205 ὀλίγαι
2608 3134 2748 3210 ἦσαν
2773 3140 3015 3211 αἱρέσεις
3039 3157 3054 3204 ;
3086 3139 3207 3192 Τῶν
3229 3141 3338 3210 γάρ
3360 3137 3666 3208 ἀνθρώπων

2085 3231 2136 3282 οἱ
2162 3230 2260 3299 μὲν
2294 3228 2431 3299 μηδὲ
2462 3226 2601 3283 εἶναι
2633 3229 2694 3282 τὸ
2725 3230 2879 3283 Θεῖον
2901 3229 3013 3300 (74)
3045 3229 3322 3301 ἐνόμιζον·
3357 3230 3409 3282 οἱ
3437 3230 3495 3282 δὲ
3526 3224 3666 3282 εἶναι

408 3329 482 3369 ne
504 3313 724 3384 quidem
774 3328 897 3369 esse
931 3311 1103 3369 Deum
1143 3322 1443 3385 putarunt:
1475 3317 1675 3385 partim
1704 3330 1826 3371 esse
1863 3315 1983 3385 qui-

2091 3322 2211 3393 μὲν,
2251 3322 2325 3394 μὴ
2369 3327 2619 3393 προνοεῖν
2646 3324 2704 3377 δέ
2730 3339 2745 3355 '
2779 3326 2874 3377 καὶ
2909 3326 2957 3377 οἱ
2993 3324 3093 3395 μὲν
3123 3327 3370 3396 προνοεῖν
3401 3324 3521 3395 μὲν,
3557 3322 3668 3377 τῶν

408 3407 533 3462 dem
560 3406 778 3475 aliquod
802 3406 1044 3462 divinum
1103 3420 1328 3471 numen,
1359 3407 1461 3462 sed
1499 3407 1839 3477 providentia
1898 3422 1986 3461 re-

409 3513 532 3553 rum
568 3499 927 3554 humanarum
953 3514 1059 3555 non
1086 3513 1207 3554 esse
1259 3499 1542 3567 praditum
1568 3513 1584 3552 :
1608 3498 1805 3567 partim
1835 3510 1984 3564 vero,

410 3592 853 3660 procurationem
901 3591 958 3645 id
1015 3590 1235 3660 quidem
1286 3589 1508 3655 habere,
1541 3593 1635 3644 sed
1686 3588 1988 3645 cmlestium

409 3682 675 3737 duntaxat
700 3698 920 3748 rerum;
962 3683 1052 3737 alii
1088 3691 1271 3736 autem
1311 3696 1421 3736 non
1468 3680 1642 3735 solum
1673 3679 1990 3736 cmlestibus

407 3774 595 3837 rebus,
618 3775 715 3829 sed
768 3775 936 3829 etiam
990 3773 1224 3827 terrenis
1277 3772 1586 3842 providere,
1638 3786 1743 3827 non
1807 3782 1989 3826 tamen

408 3867 684 3931 onmibus,
715 3880 906 3920 verum
934 3866 1198 3921 duntaxat
1245 3863 1635 3920 excellentibus
1664 3883 1678 3918 ε
1712 3872 1772 3919 ιιι
1798 3879 1987 3933 regum

415 3969 482 4011 ac
508 3955 839 4024 principum.
873 3955 943 4010 Et
994 3953 1083 4008 alii
1129 3953 1348 4023 quidem
1380 3953 1563 4008 omnia
1601 3954 1895 4009 temerario
1926 3967 1991 4008 ac

410 4058 561 4100 caeco
589 4060 718 4100 casu
745 4044 873 4099 ferri
922 4044 1215 4111 dixerunt;
1248 4042 1336 4097 alii
1378 4051 1568 4099 contra
1594 4044 1775 4098 omnia
1836 4041 1988 4097 fatali

411 4138 643 4206 quadam
679 4137 1009 4193 necessitate
1041 4137 1187 4203 ﬁeri;
1222 4135 1583 4209 aliidenique
1613 4145 1673 4190 ut
1710 4133 1823 4190 fors
1846 4135 1987 4201 lulil,

408 4230 591 4284 omnia
614 4228 698 4301 agi
726 4237 1106 4283 asseruerunt.
1132 4226 1198 4280 Et
1219 4227 1309 4281 alii
1338 4226 1555 4296 quidem
1590 4226 1728 4280 idola
1760 4226 1990 4289 adorare

413 4321 498 4376 fas
529 4321 790 4391 piumque
846 4332 972 4374 esse
999 4319 1417 4382 existimarunt;
1446 4317 1536 4371 alii
1570 4331 1699 4371 vero
1750 4325 1987 4370 matrum

410 4410 1071 4479 cannabiafprobarunt;
1141 4409 1230 4463 alii
1279 4409 1546 4463 humanas
1601 4408 1839 4475 hostias;
1897 4406 1988 4461 alii

411 4504 724 4558 animalium
753 4503 927 4559 caedes
949 4521 977 4575 ε)
999 4502 1093 4571 alii
1126 4503 1289 4559 boum
1339 4502 1750 4565 mactationem,
1776 4501 1865 4555 alii
1893 4516 1987 4556 ca-

410 4595 714 4661 melorum;
769 4594 858 4663 alii
904 4605 1155 4661 .mutuam
1206 4594 1485 4648 hominum
1558 4594 1987 4660 devorationem,

2088 3414 2134 3467 δ’
2177 3414 2445 3485 οὐρανίων
2479 3415 2671 3485 μόνον·
2716 3416 2767 3468 oi
2813 3414 2859 3469 δ’
2895 3416 2957 3469 οὐ
3010 3415 3190 3486 μόνων
3221 3415 3331 3470 τῶν
3372 3414 3664 3486 οὐρανίων,

2088 3505 2230 3558 ἀλλὰ
2254 3507 2351 3559 καὶ
2403 3505 2513 3560 τῶν
2549 3507 2810 3575 ἐπιγείων
2829 3547 2845 3573 ,
2884 3507 2947 3560 οὐ
2991 3508 3210 3563 πάντων
3255 3507 3332 3571 δὲ,
3378 3506 3516 3561 ἀλλά
3557 3505 3669 3558 τῶν

2090 3596 2317 3666 ὲξόχων,
2347 3589 2460 3659 οἷον
2490 3596 2754 3667 βασιλέων
2786 3614 2847 3651 τε
2874 3598 2972 3651 καὶ
3014 3597 3315 3670 ἀρχόντων.
3346 3600 3460 3653 Καὶ
3487 3599 3536 3651 οἱ
3564 3597 3665 3667 μὲν

2090 3685 2518 3756 αὐτοματισμὸν,
2555 3688 2605 3740 οἱ
2626 3686 2669 3739 δ’
2698 3686 3062 3758 εἱμαρμένην,
3092 3687 3142 3741 οἱ
3170 3688 3216 3741 δ’
3249 3686 3374 3757 εἱκῆ
3407 3686 3668 3759 φέρεσθαι

2091 3774 2159 3829 τὰ
2190 3776 2365 3829 πάντα
2399 3776 2768 3846 ἀπεφήναντο.
2809 3779 2919 3831 Καὶ
2942 3779 2993 3831 οἱ
3024 3779 3124 3847 μὲν
3151 3778 3220 3832 τὰ
3253 3778 3450 3832 εῖδωλα
3494 3794 3666 3849 προσ-

2093 3870 2277 3922 κυνεῖν
2302 3867 2524 3931 εὺσεόὲς
2551 3866 2800 3937 ἐνόμιζον
2823 3886 2836 3901 ·
2872 3870 2923 3922 οἱ
2948 3868 3006 3922 δὲ
3030 3870 3092 3922 τὸ
3128 3871 3504 3941 μητρογαμεῖν
3523 3883 3540 3900 ο
3574 3868 3670 3923 καὶ

2090 3961 2141 4011 οἱ
2184 3958 2281 4028 μὲν
2318 3959 2380 4010 τὸ
2421 3956 2862 4029 ἀνθρωποθυτεϊν
2889 3999 2904 4024 ,
2954 3960 3004 4012 οἱ
3048 3959 3106 4012 δὲ
3155 3959 3215 4012 τὸ
3249 3958 3578 4024 ζωοθυτεῖνο
3619 3956 3670 4011 ot

2092 4047 2195 4118 μὲν
2226 4048 2288 4101 τὸ
2316 4048 2615 4116 βουθυτεῖν,
2651 4049 2702 4101 οἱ
2740 4048 2797 4101 δὲ
2840 4049 3323 4120 καμηλοσφαγεῖν·
3365 4052 3459 4102 καὶ
3485 4051 3536 4102 οἱ
3572 4049 3672 4119 μὲν

2089 4140 2153 4194 τὸ
2189 4139 2611 4211 ἀλληλοφαγεῖν,
2642 4141 2693 4194 οῖ
2725 4140 2782 4193 δὲ
2812 4140 2874 4194 τὸ
2923 4145 3229 4211 ποηφαγεῖν
3254 4141 3395 4211 (75).
3448 4140 3588 4193 Ἀλλ’
3621 4139 3670 4192 εί

2092 4231 2273 4284 πάντα
2309 4233 2389 4296 είς
2422 4232 2588 4303 μέσον
2616 4232 2908 4302 ἀγάγοιμι,
2947 4232 3080 4296 ἴσως
3120 4233 3187 4287 ἂν
3220 4231 3669 4303 ἀπιστηθήσομαι

2096 4320 2217 4391 μὲν,
2248 4321 2350 4375 οὐκ
2381 4320 2784 4392 ὲλεγχθήσομαι
2811 4321 2888 4376 δέ.
2921 4322 2985 4375 Ei
3023 4321 3199 4376 τοίνυν
3234 4322 3322 4375 ἀεὶ
3348 4320 3483 4392 πρὸς
3509 4318 3672 4373 ἑαυτὸ

2084 4411 2385 4476 ἐστασίαζε
2429 4412 2491 4465 τὸ
2535 4412 2690 4480 γένος
2735 4410 2887 4483 (76),
2919 4412 3013 4466 κα)¹
3058 4413 3119 4465 οὐ
3157 4411 3229 4465 τὰ
3260 4411 3399 4465 αὐτά
3450 4408 3670 4476 ἐδόξαζε

2094 4500 2279 4571 (κατὰ
2312 4503 2538 4573 καιροὺς
2574 4502 2685 4574 γὰρ
2726 4502 3005 4575 ἄνθρωποι
3052 4502 3434 4573 νεωτεροποιοὶ
3483 4501 3596 4572 (77)
3637 4498 3670 4567 ἢ

2095 4595 2191 4647 κα)⁸
2226 4590 2608 4658 στασιάζοντες
2634 4635 2648 4657 ,
2686 4593 2753 4647 τὰ
2804 4593 3123 4648 καθεστῶτα
3154 4594 3253 4665 μὲν
3287 4593 3517 4654 ἐκίνουν,
3554 4593 3672 4643 tvo-

409 4685 503 4741 alii
563 4701 630 4741 ex
673 4685 1124 4755 herbis:;victuin.
1152 4684 1261 4740 Sed
1311 4684 1358 4739 si
1409 4684 1592 4739 omnia
1645 4683 1698 4739 in
1748 4684 1983 4740 medium

2099 4684 2358 4756 μοθέτουν
2381 4686 2439 4739 δὲ
2467 4685 2535 4741 τὰ
2564 4685 2866 4755 δοκοῦντα)
2892 4703 2905 4718 ·
2942 4686 2994 4740 τί
3023 4684 3343 4756 θαυμάζεις,
3374 4686 3423 4737 εί
3459 4684 3555 4738 καὶ
3577 4680 3673 4735 νῦν

410 4775 656 4843 proferre
686 4775 871 4840 velim,
905 4774 1156 4831 fortassis
1215 4774 1376 4830 ﬁdem
1419 4790 1526 4831 non
1578 4775 1857 4840 invenero,
1891 4790 1993 4829 nec

413 4872 593 4918 tamen
644 4861 841 4917 falsum
879 4863 1080 4921 dixisse
1112 4865 1265 4935 argui
1304 4879 1521 4935 queam.
1553 4864 1733 4931 Quare
1761 4866 1806 4922 si
1838 4882 1981 4922 sem-

2100 4778 2230 4848 περὶ
2280 4778 2516 4849 πρᾶγμα
2551 4776 2695 4830 θεῖον
2735 4777 2831 4831 καὶ
2876 4776 3037 4845 λόγου
3085 4778 3334 4847 κρεῖττον
3385 4773 3673 4842 διαφωνεῖν

2092 4866 2518 4938 προσποιοῦνται
2552 4868 2656 4921 ὑπὸ
2685 4868 2980 4940 φιλαρχίας
3011 4868 3516 4939 ὲκϐακχευόμενοι;

1459 5040 1695 5097 γΑῐιιιΕ
1737 5040 2121 5100 LECTIONES
2160 5042 2248 5100 ET
2284 5042 2521 5112 NOTAE,

484 5198 597 5274 (70)
623 5202 745 5274 _‘Er
789 5198 912 5274 τοῖς
941 5200 1248 5274 ὑπηκόοις
1281 5200 1367 5267 μὴ
1398 5197 1771 5267 ἀξιώσαντες
1806 5196 1981 5258 εἶναι.

415 5269 731 5341 Exelnplnm
765 5273 966 5341 praebet
997 5271 1175 5341 A_rius.
1192 5339 1198 5341 _
1214 5269 1377 5341 Rm.
1521 5338 1573 5341 Μ
1781 5319 1795 5327 ,

487 5337 599 5411 (71)
630 5337 1157 5413 Τοῑξςκαθεσξῷοξιν
1177 5337 1698 5413 ἐμμένεινε-Ὂπερ
1720 5339 1983 5409 γενναίων

413 5403 553 5481 εἶναι
576 5403 804 5481 ἀνδρῶν,
826 5411 926 5481 οὐκ
940 5403 1042 5463 οἵδ’
1063 5403 1452 5481 ὅστις-ἔγραψε.
1472 5409 1608 5464 Huic
1624 5403 1980 5481 contrarium,

414 5480 478 5535 ὼ
505 5481 574 5533 τὰ
599 5479 925 5533 καθεστῶτα
958 5481 1153 5542 κινεῖν,
1193 5480 1329 5531 infra
1362 5479 1521 5545 epist.
1558 5480 1826 5548 proxima.
1859 5480 1940 5534 In.

487 5551 600 5619 (72)
629 5550 759 5604 Ὀτι
786 5549 983 5603 πάντα
1008 5548 1201 5615 κρίσει
1221 5548 1838 5619 καθυποϐληθήσεται,
1887 5547 1990 5605 Ve-

414 5618 628 5673 rissinia
650 5620 945 5679 sententia,
960 5623 1054 5672 sed
1075 5634 1105 5671 a
1134 5631 1313 5671 mente
1331 5618 1514 5671 lsidori
1535 5618 1637 5672 hoc
1660 5621 1778 5672 loco
1791 5620 1986 5684 aliena,

416 5705 536 5812 gae
568 5692 799 5827 posltulat
844 5698 903 5745 ut
929 5686 1170 5758 legamus
1200 5688 1438 5752 πάντως.
1474 5685 1637 5742 Βιττ.
1683 5687 1838 5760 [Cud.
1864 5686 1988 5742 Vat.

497 5775 655 5820 ντως.

497 5775 655 5820 ντως.

491 5826 542 5896 (7
551 5827 604 5893 3)
632 5825 742 5880 Τοῦ
759 5826 977 5896 ταύτας
997 5829 1510 5896 κατασπείραντος
1533 5825 1988 5896 Videturomnino

422 5893 775 5961 rejiciendum
805 5894 918 5964 τοῦ,
948 5906 1005 5953 ut
1034 5893 1383 5969 superﬂuum.
1414 5896 1580 5953 Rm.
1610 5894 1782 5967 (Cod.
1813 5896 1985 5952 Vatic.

2091 5200 2201 5273 τοῦ,
2217 5218 2323 5256 non
2348 5201 2658 5273 agnoscit.J

2164 5272 2279 5344 (74)
2306 5267 2553 5342 οίξαηὸὲ
2589 5267 2745 5326 εἶναι
2766 5272 2847 5344 τὸν
2874 5269 3068 5344 Θεῖον.
3097 5270 3173 5344 De
3201 5270 3364 5344 variis
3393 5267 3667 5344 {temniti-

2092 5337 2321 5412 plicibiis
2355 5337 2646 5412 hinninum
2677 5343 2959 5396 erroribus
3009 5342 3064 5412 in_
3101 5343 3261 5412 rebus
3305 5337 3502 5392 divinis
3549 5338 3665 5390 vide

2093 5408 2325 5466 similem
2360 5412 2534 5467 locum
2567 5411 2706 5464 infra
2741 5427 2826 5480 ep.
2858 5411 2927 5466 99
2957 5419 3012 5461 et
3045 5409 3167 5480 165.
3203 5408 3369 5463 Rt'r'r.

2094 5548 2138 5604 Ε
2165 5482 2278 5553 (75)
2313 5481 2476 5546 Ηςεο,
2522 5483 2571 5534 οῖ
2612 5481 2670 5533 δὲ
2711 5475 2969 5551 τοποηφ.
3018 5479 3308 5533 omittebat
3339 5478 3425 5532 ed.
3486 5475 3660 5530 Paris.

2142 5567 2254 5604 m'r.

2142 5567 2254 5606 DIT.

2169 5620 2281 5691 (76)
2319 5617 2662 5680 Ἐστασιαζε
2683 5617 2749 5672 τὸ
2776 5616 3222 5691 rérpc.7Videtur
3251 5617 3438 5673 deesse
3457 5615 3656 5687 ἀνθρώ·

2098 5687 2276 5751 πινον,
2309 5691 2392 5743 vel
2425 5691 2694 5760 ἡμέτερον
2726 5690 2809 5742 vel
2830 5688 2939 5741 τῶν
2966 5687 3288 5760 ἀνθρώπιον.

2168 5760 2279 5832 (77)
2308 5754 2653 5832 ϐοά.”Ῡυιίὲ.
2696 5760 2845 5832 addit
2867 5798 2882 5822 ,
2917 5759 3013 5811 καὶ
3041 5754 3374 5820 στασιαστὰς
3400 5754 3663 5811 ἐπιπολά-

2093 5827 2281 5893 ζοντες
2308 5828 2378 5882 τὰ
2401 5829 2797 5898 καθεστηκότα.
2822 5828 3030 5886 Possm.
