4084 6362
396 421 539 511 ιω

1279 450 1817 514 EPISTOLARUM
1854 452 2002 515 LIB.
2027 450 2127 518 IV.
2160 479 2232 493 ·-
2268 452 2510 517 EPIST.
2551 454 2766 518 LVIII.

3527 452 3663 519 1114

390 573 497 631 την
529 553 671 613 εἶναι
722 560 1028 633 ἡγούμενος
1063 560 1083 631 (
1113 578 1132 613 t
1182 560 1494 632 Μειζότερα
1542 561 1654 633 (85)
1687 564 1796 634 γάρ
1843 581 1939 618 σου
1965 606 1981 632 ,

2087 566 2402 632 ostendens,
2434 566 2487 620 in
2529 574 2675 621 terra
2719 562 2941 636 quidem
2992 562 3437 636 transgressione
3487 564 3673 620 homi-

391 653 557 721 φησὶ,
594 651 671 722 μὴ
698 651 880 724 ζήτει·
913 653 1009 706 καὶ
1041 653 1373 724 ἰσχυρότερά
1405 670 1500 707 σου
1521 655 1611 725 ’μὴ
1637 654 1866 720 ἐξέταζε
1893 671 1909 687 ⁶
1944 654 1983 710 ἃ

398 743 728 816 προσετὰγη
785 761 914 809 σοι,
953 743 1130 799 ταῦτα
1169 744 1382 799 διανοοῦ
1407 761 1420 774 ·
1476 747 1538 800 οὐ
1580 748 1688 819 γάρ
1739 747 1857 801 ὲστί
1899 765 1983 803 σοι

389 835 562 907 χρεία
609 834 720 888 τῶν
767 835 1067 907 κρυπτῶν)
1089 836 1228 898 ,οὐκ
1260 837 1581 908 ὲγκρίναιμι
1629 837 1824 908 τοῦτο,
1867 839 1981 893 οὔτ’

387 926 837 998 ἀποψηφίσαιμι·
889 929 1067 982 ἐκεῖνο
1105 927 1394 997 δὲμᾶλλον
1428 931 1675 1000 εἴποιμι,
1722 932 1804 985 ὅτι
1852 933 1983 1004 περ).

386 1018 605 1085 ἀλόγων
639 1019 734 1071 καὶ
772 1017 1119 1089 ἀναισθήτων
1167 1018 1346 1089 τούτῳ
1375 1018 1453 1089 τῷ
1494 1020 1726 1090 ὀνόματι
1764 1020 1975 1092 κέχρη-

387 1126 483 1163 ται
517 1110 551 1180 ή
589 1109 803 1182 Γραφὴ,
853 1110 1123 1179 λέγουσα·
1159 1130 1179 1164 ι
1238 1112 1576 1166 Ἐνετείλατο
1610 1112 1815 1183 Κύριος
1845 1112 1981 1167 καύ-

388 1220 555 1256 σωνν
596 1222 624 1254 ι
648 1204 777 1256 καί·
817 1222 836 1256 t
881 1204 1217 1259 Ἐνετείλατο
1245 1204 1453 1275 Κύριος
1482 1206 1736 1275 νεφέλαις
1756 1223 1769 1236 ·
1810 1225 1828 1258 ›
1859 1206 1977 1260 καίο

394 1314 414 1346 ι
464 1294 806 1349 Ἐνετείλατο
848 1283 1055 1367 Κύριος
1091 1295 1356 1367 σκώληκι.
1401 1315 1420 1347 ›
1467 1296 1592 1349 Εἴτε
1639 1292 1734 1351 οὖν
1785 1297 1981 1367 λογικά

385 1386 510 1438 ἐστι
543 1384 677 1450 ζῶα,
713 1385 789 1449 ὥς
816 1386 950 1456 φασί
977 1403 1145 1451 τινες,
1177 1386 1287 1440 εἴτε
1320 1386 1537 1458 πύρινοι
1576 1391 1827 1458 σφαῖραι,
1871 1389 1981 1443 εἴτε

384 1476 666 1545 δισκοειδῆ
693 1476 945 1546 σώματα,
970 1480 1034 1530 ἐκ
1059 1478 1154 1531 τοῦ
1180 1478 1428 1549 αἰθερίου
1461 1479 1633 1549 πυρὸς
1655 1478 1977 1548 ἑξαφθέντα,

384 1567 501 1622 εἴτε
538 1570 899 1639 σφαιροειδεῖς
944 1570 1119 1642 πυρὸς
1157 1570 1389 1641 πτήσεις
1434 1569 1588 1640 (86),
1635 1571 1748 1623 εἴτε
1786 1569 1980 1641 μυδροὶ

386 1659 572 1730 (τινὲς
609 1660 721 1732 γὰρ
756 1661 866 1714 τῶν
895 1661 1205 1731 φιλοσὸιρων
1234 1661 1378 1716 τοῦτ’
1404 1661 1799 1733 ὲδογμάτισαν)
1818 1702 1833 1728 ,
1867 1661 1979 1716 εἴτε

384 1753 652 1823 χρήματα
674 1753 904 1807 δεκτικὰ
928 1753 1022 1807 τοῦ
1043 1755 1208 1808 ἁΰλου
1239 1756 1335 1808 καὶ
1355 1754 1732 1826 ὑπερκοσμίου
1759 1755 1938 1824 φωτὸς
1959 1795 1975 1823 ,

388 1845 454 1898 οὐ
490 1845 697 1915 σφόδρα
727 1846 1121 1916 ἰσχυρισαίμην
1140 1863 1155 1878 ’
1181 1846 1334 1900 οὐδὲν
1361 1847 1471 1918 γὰρ
1499 1844 1659 1901 τοῦτο
1687 1847 1824 1916 πρὸς
1850 1848 1976 1919 ἀρί-

389 1954 530 2008 στην
575 1914 865 1991 πολιτείαν
896 1914 1194 1991 συντείνειν
1231 1914 1478 2008 ήγοῦμαι
1497 1955 1511 1969 ·
1545 1938 1663 1992 ἀλλ’
1694 1914 1871 1993 ἐκεῖνο
1892 1914 1976 1992 -εί-
2007 1914 2050 1970 Β

387 2045 554 2099 ποιμι
580 2071 594 2091 ,
626 2029 710 2083 ὅτι
736 2031 798 2083 οὐ
830 2029 993 2099 μόνον
1019 2029 1149 2099 περὶ
1171 2030 1268 2100 τῆς
1294 2029 1494 2100 ψυχῆς,
1521 2032 1651 2085 ὅταν
1672 2032 1976 2104 ὲκτραπείη

380 2120 487 2191 τῆς
520 2121 725 2191 ἀρετῆς
748 2158 764 2184 ,
800 2121 939 2175 ἀλλὰ
987 2121 1079 2174 καὶ
1120 2121 1215 2173 ἐπὶ
1253 2121 1348 2174 τοῦ
1385 2120 1661 2193 σώματος,
1691 2123 1822 2175 ὅταν
1856 2123 1976 2176 δια-

386 2211 572 2281 μάρτῃ
593 2211 693 2281 τῆς
717 2212 1090 2281 προκειμένης
1122 2211 1265 2278 ὁδοῦ,
1296 2212 1358 2266 τὸ
1390 2212 1492 2281 τῆς
1523 2213 1840 2284 πλανήσεως
1863 2214 1975 2286 (87)

379 2301 557 2372 ὄνομα
581 2306 763 2356 κεῖται
789 2303 847 2356 ὲν
880 2305 1001 2366 ταῖς
1025 2304 1294 2374 Γραιραῖς.
1333 2322 1353 2355 ι
1387 2299 1508 2357 Εἷδε
1541 2305 1670 2375 γὰρ,
1703 2306 1858 2375 φησὶ,
1885 2305 1977 2361 τὸν

393 2394 598 2463 Ἰωσὴφ
646 2393 940 2466 ἄνθρωπος
1000 2395 1358 2466 πλανώμενον
1402 2397 1463 2449 ὲν
1494 2399 1562 2467 τῇ
1607 2396 1714 2467 ὁδῷ
1756 2397 1906 2470 (88)·
1950 2417 1970 2450 ι

381 2487 479 2541 καὶ
539 2487 737 2543 πάλινυ
782 2508 801 2539 ι
853 2488 1187 2561 Ἑπλάνησεν
1242 2489 1443 2553 αὐτοὺς
1499 2490 1557 2543 ὲν
1598 2490 1786 2560 ἀὸἀτῳ
1810 2529 1827 2556 ,
1880 2490 1977 2545 καὶ

379 2579 481 2648 οὐχ
506 2578 639 2649 ὁδῷ.
655 2597 675 2630 ι
706 2579 872 2633 Οὐδὲν
899 2576 992 2633 οὖν
1012 2579 1354 2651 θαυμαστὸν,
1380 2581 1431 2633 εί
1462 2582 1560 2634 καὶ
1582 2580 1681 2652 τὴν
1703 2580 1813 2635 τῶν
1835 2582 1977 2637 ἑπτὰ

380 2670 634 2742 ἀστέρων
676 2669 791 2724 ἄνω
823 2671 919 2724 καὶ
953 2672 1103 2725 κάτω
1133 2672 1573 2744 περιτρεχόντων
1615 2671 1875 2744 ἀρκτῴαν
1913 2692 1974 2728 τε

382 2760 482 2813 καὶ
513 2760 688 2814 νότιον
732 2761 1115 2832 περιπόλησιν,
1145 2762 1415 2834 πλάνησίν
1442 2781 1588 2827 τινες
1616 2766 1972 2836 κεκλήκασιν,

375 2853 456 2915 ὡς
494 2851 635 2921 πρὸς
670 2852 773 2923 τὴν
801 2852 911 2906 τῶν
943 2854 1204 2908 ἀπλανῶν
1239 2855 1371 2925 μίαν
1405 2856 1501 2909 καὶ
1523 2857 1622 2925 τὴν
1652 2856 1823 2927 αὐτὴν
1855 2858 1975 2911 ὁδὸν

376 2942 776 3015 περιθεόντων.
810 2945 874 2997 Εἰ
895 2944 1076 2999 τοίνυν
1103 2945 1360 3017 ἐμμελῶς
1386 2948 1483 3000 καὶ
1507 2948 1850 3017 ὲναρμονίως
1877 2965 1974 3001 πε·-

379 3032 663 3103 ριπολοῦσι
682 3075 699 3100 ,
730 3034 881 3099 τίνος
910 3034 1100 3089 ἕνεκεν
1129 3035 1335 3089 διδόασι
1362 3037 1515 3102 δίκας
1542 3055 1560 3101 ς
1597 3038 1661 3091 El
1701 3039 1800 3109 μὲν
1839 3039 1973 3110 γὰρ,

370 3123 515 3194 ὅπερ
544 3123 666 3177 οὐδὲ
694 3125 870 3177 εἰπεῖν
898 3124 1081 3194 θέμις,
1124 3127 1426 3197 ἀγενήτους
1455 3127 1551 3180 καὶ
1574 3128 1763 3191 αἰτίας
1791 3114 1976 3201 κρείτέ

2088 674 2217 713 num
2279 659 2348 713 ad
2405 658 2747 726 iniquitatem
2810 656 3177 713 deﬁcientium
3241 656 3504 713 violatum
3552 672 3675 714 esse

2084 752 2327 807 divinum
2355 760 2705 821 praeceptum,
2723 750 2776 804 in
2805 750 2945 805 caelo
2968 761 3146 805 autem
3165 761 3463 815 servatum,
3488 752 3624 805 dixit
3656 769 3671 806 :

2092 861 2112 896 ι
2147 843 2204 897 1η
2240 851 2526 907 aeternum,
2559 841 2805 908 Domine,
2836 843 3060 896 verbum
3117 854 3267 897 tuum
3296 854 3583 914 permanet
3617 844 3671 899 in

2085 934 2227 988 coelo
2251 932 2317 987 ".
2358 952 2378 986 ι
2410 933 2562 999 Quod
2588 934 2634 988 si
2665 937 2755 1003 qui
2788 945 2933 1000 sunt,
2975 936 3065 1004 qui
3098 937 3166 989 ob
3210 938 3262 992 id
3312 938 3434 1005 quia
3465 939 3669 991 dictum

2083 1036 2187 1094 est,
2214 1044 2234 1079 ι
2258 1026 2448 1083 Stellis
2488 1027 2742 1095 praecepi,
2770 1045 2789 1078 ι
2830 1027 3086 1081 animalia
3121 1029 3329 1082 ratione
3359 1031 3581 1097 praedita
3616 1039 3674 1085 et

2081 1116 2252 1171 libera
2312 1116 2591 1171 voluntate
2640 1119 2850 1172 utentia
2907 1132 3029 1171 esse
3088 1118 3267 1172 sidera
3322 1122 3673 1175 deliniverint

2083 1208 2240 1277 (novi
2273 1211 2417 1262 enim
2450 1208 2714 1278 quosdam
2748 1224 2856 1263 non
2884 1209 3059 1264 solmn
3098 1210 3242 1264 inter
3265 1226 3360 1266 eos
3390 1214 3480 1281 qui
3506 1230 3534 1265 a
3565 1212 3671 1266 tida

2082 1298 2242 1351 alieni
2272 1309 2419 1364 sunt,
2451 1302 2543 1354 sed
2571 1301 2734 1354 etiam
2760 1316 2825 1355 es
2856 1315 3045 1355 eorum
3097 1318 3346 1365 numero,
3374 1305 3463 1370 qui
3510 1306 3669 1357 Iidem

2082 1389 2283 1442 Christi
2334 1398 2473 1445 sunt,
2526 1391 2790 1458 amplexi,
2848 1395 2939 1462 qui
3001 1392 3054 1446 id
3116 1395 3442 1462 statuerint)
3482 1413 3495 1449 :
3533 1395 3674 1448 hanc

2081 1483 2439 1551 qumstionem
2469 1498 2566 1553 pro
2593 1498 3008 1552 supervacanea
3046 1495 3212 1554 atque
3266 1486 3440 1540 inutili
3472 1487 3674 1543 habens

2082 1571 2146 1642 (t
2181 1573 2388 1627 Altiora
2425 1576 2571 1628 enim
2609 1584 2661 1629 te
2710 1590 2777 1629 ne
2819 1576 3126 1644 qua'sieris,
3167 1585 3222 1631 et
3272 1577 3499 1631 fortiora
3532 1588 3583 1631 te
3607 1593 3675 1633 ne

2079 1673 2355 1720 scrutatus
2418 1665 2620 1734 fueris;
2651 1667 2745 1721 sed
2783 1683 2905 1738 quas
2957 1670 3218 1737 praecepit
3247 1669 3341 1723 tibi
3386 1669 3550 1734 Dens,
3581 1670 3673 1726 illa

2079 1752 2259 1823 cogita
2314 1768 2529 1822 semper
2560 1774 2574 1823 ;
2607 1773 2713 1810 non
2748 1768 2831 1811 est
2860 1758 3004 1811 enim
3054 1760 3147 1812 tibi
3186 1763 3558 1814 necessarium
3600 1776 3670 1817 ea

2079 1860 2200 1914 qua:
2229 1847 2541 1901 abscondita
2570 1858 2697 1901 sunt
2730 1848 2916 1903 videre
2965 1849 3139 1903 oculis
3169 1850 3274 1904 tuis
3301 1851 3348 1881 ”
3384 1870 3402 1901 ι
3425 1851 3468 1920 ),
3499 1868 3675 1921 neque

2079 1944 2318 2010 approbo
2345 1942 2445 1995 hoc
2478 1957 2653 2011 neque
2685 1942 2903 2010 rejicio;
2948 1942 3075 1996 illud
3108 1951 3287 1996 autem
3318 1945 3498 2012 potius
3524 1946 3671 1999 dixe-

2080 2030 2206 2094 rim,
2231 2029 2569 2099 Scriptorum
2605 2031 2673 2084 de
2711 2031 2875 2085 rebus
2895 2030 3065 2085 etiam
3102 2032 3311 2086 ratione
3353 2034 3669 2088 carentibus

2078 2130 2134 2175 et
2167 2136 2329 2175 sensu
2385 2121 2489 2176 hoc
2532 2121 2751 2176 nomine
2781 2123 2890 2187 uti;
2939 2123 3088 2176 verbi
3131 2123 3305 2192 gratia
3360 2139 3483 2178 cum
3540 2124 3617 2177 ait
3652 2142 3669 2180 :

2084 2233 2103 2268 ι
2144 2214 2407 2284 Praecepit
2457 2215 2716 2270 Dominus
2768 2225 2933 2269 vento
2992 2217 3171 2270 calido
3204 2226 3256 2271 et
3309 2217 3484 2271 urenti
3519 2217 3608 2283 ²¹¹;
3643 2235 3665 2270 ι

2078 2318 2166 2362 et:
2201 2324 2220 2357 t
2249 2305 2512 2376 Praecepit
2557 2307 2816 2363 Dominus
2849 2308 3119 2374 nubibus;
3169 2329 3188 2362 ι
3214 2318 3268 2364 et
3302 2327 3318 2364 :
3357 2327 3376 2361 ι
3404 2307 3673 2378 Praecepit

2079 2399 2340 2454 Dominus
2366 2399 2559 2455 vermi.
2585 2418 2605 2452 ι
2644 2399 2771 2454 Sive
2811 2401 2978 2469 igitur
3015 2402 3274 2456 animalia
3313 2411 3440 2456 sunt
3460 2403 3673 2458 ratione

2078 2489 2327 2557 praedita,
2368 2500 2427 2543 ut
2456 2491 2675 2559 quidam
2704 2492 2881 2557 aiunt,
2908 2495 3024 2547 sive
3069 2486 3252 2561 igneae
3291 2492 3669 2561 spltrerm,sive

2079 2581 2212 2635 disci
2266 2580 2495 2651 ﬁguram
2563 2580 2819 2635 habentia
2868 2596 3210 2651 corpora,ex
3265 2585 3492 2638 aetherio
3542 2585 3668 2653 igne

2079 2686 2333 2737 accensa,
2362 2672 2479 2727 sive
2540 2674 2768 2743 sphaera:
2821 2674 2874 2729 in
2914 2676 3132 2728 modum
3162 2674 3488 2731 conformati
3525 2674 3671 2743 ignis

2078 2764 2313 2830 volatus,
2344 2766 2460 2819 sive
2483 2764 2697 2819 lamina:
2726 2768 2974 2836 quasdam
3000 2769 3019 2837 (
3046 2784 3169 2821 naut
3196 2778 3252 2822 et
3285 2770 3388 2821 hoc
3424 2781 3528 2819 non
3567 2767 3666 2820 de-

2079 2856 2297 2910 fuerunt
2324 2872 2391 2911 ex
2421 2858 2759 2926 philosophis
2783 2860 2877 2929 qui
2903 2862 3179 2915 traderent
3198 2860 3241 2929 ),
3270 2860 3385 2914 sive
3423 2874 3509 2913 res
3527 2872 3672 2927 qua-

2078 2948 2199 3001 dam
2225 2948 2405 3002 lumen
2447 2952 2694 3005 materiae
2723 2967 2923 3021 expers
2954 2961 3006 3007 et
3071 2952 3275 3007 mundo
3308 2951 3469 3005 altius
3520 2951 3669 3005 reci-

2077 3039 2309 3108 pientes,
2342 3039 2512 3112 m
2561 3058 2667 3097 non
2726 3045 2884 3099 valde
2926 3044 3302 3099 contenderim
3331 3043 3496 3114 (nihil
3522 3042 3671 3097 enim

2076 3130 2373 3199 quidquam
2400 3133 2503 3188 hoc
2552 3135 2618 3189 ad
2670 3137 2933 3204 optimam
2961 3135 3181 3190 vivendi
3237 3136 3502 3190 rationem
3538 3149 3670 3189 con-

373 3229 510 3277 τους
540 3210 683 3268 εἶναι
724 3218 879 3283 φαῖεν
906 3216 1192 3287 Ἕλληνες,
1226 3218 1464 3288 μάλιστα
1497 3219 1596 3289 μὲν
1638 3220 1703 3272 ὲκ
1730 3220 1827 3288 τῆς
1865 3223 1966 3291 ὲμ-

2080 3222 2275 3277 ducere
2307 3224 2608 3296 arbitror),
2640 3227 2735 3282 sed
2781 3226 2910 3280 illud
2950 3227 3220 3282 dixerim:
3249 3226 3363 3282 Non
3400 3227 3572 3281 solum
3601 3228 3671 3280 de

377 3305 603 3375 μελείας
635 3306 817 3361 αὐτῶν
854 3309 1072 3377 καὶτῆς
1107 3310 1364 3378 εὐταξίας
1404 3309 1844 3380 ἐλεγχθήσονται.
1903 3312 1970 3366 Ἠ

2080 3315 2282 3383 anima,
2308 3333 2432 3373 cum
2465 3335 2494 3373 a
2522 3322 2739 3375 virtutis
2772 3324 2991 3381 tramite
3036 3325 3350 3387 desciverit,
3388 3323 3485 3378 sed
3500 3323 3666 3376 etiam

372 3395 492 3467 γὰρ
534 3394 690 3462 τάξις
740 3399 844 3470 τὸν,
876 3401 1173 3471 ταξίαρχον
1207 3401 1491 3471 κηρύττει.
1553 3402 1618 3455 Εἰ
1666 3401 1710 3454 δ’
1745 3403 1807 3456 οὐ
1849 3402 1971 3457 πεί-

373 3488 594 3554 θονται,
643 3492 997 3547 ἀκουέτωσαν
1030 3494 1127 3563 μὲν
1155 3493 1442 3557 Πλάτωνος
1474 3493 1759 3561 λέγοντος⁹

2079 3407 2148 3462 de
2173 3422 2423 3479 corpore,
2445 3413 2491 3466 si
2525 3413 2664 3467 forte
2708 3429 2737 3468 a
2766 3417 3044 3486 proposita
3092 3417 3179 3470 via
3219 3416 3580 3477 aberraverit,
3610 3415 3666 3469 in

2084 3499 2384 3570 Scripturis
2406 3519 2602 3558 nomen
2639 3507 2935 3563 errationis
2963 3507 3241 3577 usurpari.
3274 3524 3294 3559 t
3324 3505 3469 3561 Vidit
3491 3507 3666 3570 enim,

372 3584 581 3650 inquit,
623 3580 923 3653 Josephum
967 3586 1133 3641 homo
1181 3596 1459 3640 errantem
1510 3587 1565 3641 itt
1645 3588 1732 3641 via
1759 3588 1835 3642 ".
1886 3607 1905 3639 ν
1971 3589 2041 3645 Et
2099 3607 2371 3652 rursum:
2414 3614 2434 3648 ι
2474 3595 2673 3653 Errare
2719 3601 2865 3669 ipsos
2915 3601 3044 3657 fecit
3100 3605 3154 3656 in
3213 3601 3359 3655 invio
3391 3639 3406 3665 ,
3458 3610 3513 3653 et
3556 3614 3668 3652 non

373 3683 435 3736 in
469 3677 632 3733 via".
676 3697 695 3729 ι
725 3678 870 3733 Nihil
906 3681 1087 3749 itaque
1117 3680 1337 3745 mirum,
1375 3681 1421 3736 si
1452 3681 1613 3735 etiam
1644 3691 1851 3750 septem
1874 3684 2113 3740 siderum
2145 3703 2361 3743 sursum
2430 3704 2495 3744 ac
2527 3691 2782 3750 deorsum
2843 3695 3392 3751 circumcurrentium
3459 3703 3671 3761 septen-

375 3770 668 3826 trionalem
707 3782 761 3826 et
809 3773 1106 3829 australem
1171 3774 1566 3829 revolutionem
1603 3775 1770 3845 aliqui
1804 3777 2138 3836 errationem
2168 3781 2533 3852 appellarunt,
2588 3795 2648 3841 ut
2705 3803 2826 3853 quas
2854 3788 3003 3844 circa
3063 3787 3423 3843 inerrantium
3497 3798 3665 3839 uuam

372 3860 738 3932 eamdemque
795 3864 943 3918 viam
1003 3864 1318 3918 decurrant.
1363 3865 1420 3919 Si
1485 3865 1650 3933 igitur
1706 3866 1976 3924 concinne
2014 3882 2180 3941 atque
2208 3882 2335 3943 apte
2396 3892 2527 3932 suos
2558 3877 2755 3947 singuli
2792 3877 3027 3947 planetae
3074 3894 3272 3934 cursus
3306 3894 3313 3911 ι
3344 3876 3662 3938 coniiciunt.

374 3951 509 4018 quid
531 3966 713 4007 causa:
745 3963 831 4008 est
857 3969 1031 4024 quare
1093 3969 1287 4026 punias
1323 3956 1592 4015 luan'?Si
1621 3960 1765 4016 enim
1794 3960 1971 4031 (quod
2012 3966 2167 4021 nefas
2193 3977 2277 4023 est
2299 3968 2527 4040 dicere)
2569 3986 2676 4025 non
2740 3971 2913 4027 factos
2953 3987 2983 4026 a
3025 3971 3157 4038 Deo,
3188 3981 3246 4027 et
3310 3985 3475 4025 causa
3507 3982 3669 4037 supe-
3718 4002 3723 4005 λ

374 4046 554 4099 riores
578 4058 702 4100 esse
734 4047 1194 4116 dixerintGrzeci,
1223 4053 1462 4108 maxime
1485 4054 1706 4123 quidem
1736 4071 1803 4111 ex
1829 4057 2072 4127 ipsorum
2114 4064 2487 4121 concinnitate
2545 4066 3030 4138 pulcherrimoque
3092 4077 3148 4123 et
3217 4067 3508 4136 aptissimo
3563 4077 3658 4116 or-

376 4136 508 4191 dine
568 4138 985 4210 redarguentur.
1030 4139 1180 4198 Ordo
1224 4144 1372 4198 enim
1434 4144 1645 4201 ordinis
1687 4158 1970 4206 auctorem
2002 4166 2069 4208 ac
2093 4156 2396 4227 principem
2457 4158 2736 4228 praedicat.
2809 4136 2963 4225 Quod
3008 4160 3055 4215 si
3114 4173 3221 4214 non
3279 4158 3530 4224 credunt,
3554 4171 3656 4211 au-

377 4231 535 4285 diant
562 4230 868 4300 Platonem,
899 4235 993 4305 qui
1020 4236 1100 4290 ait
1131 4253 1146 4290 :

386 4345 635 4412 Ἀγαθός
656 4345 830 4401 ἐστιν
856 4350 891 4402 ὁ
917 4347 1097 4406 τοῦδε
1120 4350 1229 4406 τοῦ
1257 4355 1486 4421 παντὸς
1513 4354 1896 4430 δημιουργός.

372 4436 684 4508 Εὐριπίδης
716 4437 775 4491 δέ
801 4455 814 4471 ·

384 4549 481 4616 Ὠς
509 4547 689 4618 ἥλιος
708 4551 828 4622 μὲν
852 4554 972 4620 νύξ
1010 4573 1076 4612 τε
1099 4557 1383 4614 δουλεύει
1398 4559 1648 4629 ,βροτοῖς
1680 4516 1844 4636 (ξδ’).
1998 4575 2047 4635 D

2288 4361 2468 4417 Bonus
2502 4372 2576 4418 est
2606 4365 2764 4434 hujus
2798 4366 3158 4420 universitatis
3190 4363 3386 4434 opifex.

2072 4452 2363 4524 Euripides
2391 4471 2609 4525 quoque
2636 4457 2813 4526 inquit
2844 4475 2860 4511 :

2285 4564 2379 4621 Sol
2402 4579 2555 4638 atque
2591 4584 2695 4623 nox
2728 4569 3020 4624 inserviunt
3049 4567 3382 4625 mortalibus.

371 4682 487 4736 Καὶ
519 4683 884 4742 παυέσθωσαν
925 4688 1026 4760 τῆς
1068 4689 1329 4759 τοιαύτης
1354 4692 1630 4754 ἀσεϐείας.
1674 4694 1739 4746 Ἠ
1767 4694 1812 4748 δ’
1840 4694 1955 4766 (89)

2080 4695 2421 4766 I‘andemque
2458 4699 2528 4752 ab
2556 4698 2659 4752 hac
2717 4706 2868 4752 tanta
2932 4697 3213 4768 impietate
3263 4695 3568 4765 quiescant.
3599 4693 3658 4751 Si

442 4859 492 4893 ³³
520 4859 666 4916 Psal.
701 4878 892 4931 cxvrtt,
926 4863 1018 4919 89.
1094 4864 1330 4923 "Eceli.
1370 4882 1454 4937 tu,
1489 4866 1581 4935 20,
1610 4869 1703 4923 21.
1781 4869 1829 4902 ¹¹
1861 4868 1981 4937 Jon:

2080 4886 2130 4939 v,
2157 4870 2213 4927 8.
2294 4873 2342 4904 ⁸⁸
2368 4870 2503 4928 Gen.
2552 4887 2762 4940 xxsvtt,
2795 4870 2885 4929 15.
2964 4872 3007 4904 ³⁷
3038 4871 3184 4927 Psal.
3212 4886 3322 4939 cvt,
3352 4869 3445 4926 ιο.

1454 5022 1690 5080 VARI/ﬂ
1729 5019 2115 5081 LECTIONE-S
2154 5025 2244 5081 ΕΤ
2284 5023 2517 5081 NOTAE.

448 5172 571 5251 (852
596 5171 702 5227 Pro
742 5173 1052 5251 per§61spor
1077 5175 1219 5251 idem
1247 5176 1405 5251 habet
1433 5176 1767 5251 ᾖψηλὸτερα.
1796 5178 1954 5233 Vers.

2080 5180 2157 5251 id
2215 5181 2566 5236 concordiam
2599 5223 2614 5247 ,
2679 5197 2787 5251 qua
2863 5182 3007 5238 filios
3071 5197 3202 5237 suos
3271 5182 3543 5239 Eteoclem
3603 5194 3657 5239 et

374 5244 504 5321 inde
539 5244 575 5298 5
605 5259 700 5311 pro
720 5244 822 5297 οὐκ
847 5244 1004 5321 ὲ-γκρΔ.
1041 5246 1180 5321 idem
1211 5248 1362 5321 ponit
1399 5246 1511 5321 οὔτ’
1535 5244 1706 5321 ἑγκῤ.
1742 5260 1875 5321 etc.,
1907 5256 1962 5303 et

2080 5249 2424 5321 Polynicem,
2489 5244 2750 5321 capitales
2813 5254 3038 5320 hostes,
3109 5254 3332 5321 placare
3400 5264 3653 5318 conatur,

412 5313 536 5367 aulo
570 5323 692 5382 post
733 5329 830 5384 pro
857 5313 1273 5387 ἀποψηφίσαιμι
1319 5317 1446 5386 legit
1473 5313 1956 5389 ἁποῲηὶρισαίμην.

2080 5313 2428 5374 ςειῖῐτιιειτθ.
2478 5313 2623 5375 ιιιεὶιιι
2667 5338 2858 5377 versus
2904 5313 3070 5378 etiam
3110 5313 3346 5377 Eusebio
3397 5313 3653 5376 laudatur

421 5398 598 5461 osﬁsyv.
620 5452 653 5461 Α
850 5456 861 5461 _
1027 5456 1039 5461 _
1386 5457 1400 5461 _
1647 5388 1653 5389 ⁷

2080 5390 2257 5461 lib.__vt
2295 5391 2839 5461 Προπαρασκευῆς,
2881 5408 2930 5447 c.
2961 5392 3016 5458 8,
3056 5395 3144 5447 tthi
3177 5391 3521 5461 σοφίστευμα
3546 5392 3654 5443 Εὐ-

450 5453 566 5521 (86)
616 5452 721 5507 Pro
763 5456 993 5531 πτήσεις
1027 5456 1166 5510 idem
1196 5457 1362 5531 cod.
1386 5457 1552 5512 habet
1575 5458 1881 5531 numerem,
1905 5465 1961 5514 et

2080 5452 2547 5531 ριπίδειονίὀιόῖ,
2595 5463 2651 5514 lt.
2707 5452 2775 5517 e.‘
2791 5452 3013 5528 sapiens.
3036 5462 3236 5515 dictum
3254 5452 3647 5531 'Ettrip'ideum.

450 5475 566 5521 tuo;
616 5475 721 5507 πυ
763 5475 993 5526 πτησεις
1027 5475 1166 5510 mem
1220 5475 1344 5512 cou.
1388 5475 1552 5512 naoet
1600 5475 1961 5531 πιλήσεις,θι
2107 5475 2333 5512 ιπιοειον
2370 5475 2547 5526 vocat,
2596 5475 2651 5514 ti.
2707 5477 2759 5517 e.
2791 5480 3000 5528 samem
3036 5475 3236 5515 dictum
3277 5475 3647 5528 ιιιινῳιαεαηι.

373 5536 678 5598 vers.__stj._q.
711 5525 974 5598 χρήματα
999 5536 1169 5582 mutat
1195 5528 1245 5581 in
1274 5527 1545 5597 ὀχήματα.
1575 5527 1649 5583 le.
1786 5596 1804 5598 _
2068 5475 2303 5598 Elegans
2332 5538 2418 5598 est
2462 5531 2801 5596 observatio,
2842 5534 3022 5588 Solem
3062 5532 3285 5585 Hebraea
3335 5529 3512 5597 lingua
3561 5529 3648 5580 di-

449 5590 1094 5680 Et‘l’.’:Pa'ris.,‘_6jrav
1117 5590 1416 5680 διαμάρτῇ,
1444 5600 1544 5670 τῆς
1585 5600 1746 5653 πλαν.
1784 5596 1962 5654 Locus

2080 5590 2211 5680 {tum
2468 5590 2912 5680 a__niinistrando.
2955 5602 3073 5668 Quo
3106 5590 3650 5667 respexissevvidetur

376 5663 604 5717 ex‘cod.
648 5663 824 5720 Vatic.
849 5667 1157 5720 restituitur
1180 5663 1341 5723 Eutr.
1367 5663 1392 5669 ”
1500 5663 1510 5670 ’

2080 5671 2390 5725 )racontius
2422 5663 2473 5722 in
2499 5670 2836 5726 Hememero
2872 5663 2992 5725 bocﬁ
3012 5684 3167 5723 versu
3195 5663 3227 5723 ἐ

603 5733 711 5817 Pro
751 5736 1030 5817 idem
1064 5736 1465 5817 ῂξιϋειερήμῳ.
1485 5737 1713 5817 Possm.
2063 5737 2359 5817 SOLOEilLuI
2382 5740 2520 5817 coal},
2550 5742 2966 5817 [antulttsjuper
2986 5750 3139 5793 astra
3162 5736 3440 5817 Tonantis.
3474 5735 3642 5817 Rrr'r.

454 5805 582 5859 {88'
603 5802 895 5881 )_Ettripid.
947 5808 1001 5881 in
1064 5802 1396 5881 Phoenissis,
1419 5802 1535 5881 'ubi
1603 5824 1728 5863 eutn
1808 5822 1953 5881 vers.
2136 5808 2247 5881 (εξ)
2280 5809 2392 5881 Pro»
2413 5811 2446 5881 ἡ
2471 5802 2515 5863 δ⁴
2547 5802 2675 5880 legit
2707 5814 2757 5864 εἰ
2784 5811 2850 5864 δ’.
2874 5802 3028 5881 ’νει-ε
3060 5816 3182 5881 post
3214 5807 3271 5881 ἓ,
3303 5809 3391 5861 illa
3420 5810 3586 5863 verba
3624 5830 3641 5868 :

383 5876 700 5940 pr'mttttlial
732 5873 946 5933 locasta
981 5878 1034 5932 in
1072 5877 1158 5931 illa
1199 5879 1544 5946 pulchcrrina
1576 5878 1959 5937 exhortatione

2080 5873 2156 5934 ιαῖ
2201 5873 2477 5944 Ἰουδαίοις
2499 5873 2695 5938 absunt
2719 5897 2746 5936 a
2774 5881 2895 5937 cod.
2929 5878 3043 5936 Vat.
3062 5873 3203 5935 W650.
3224 5874 3437 5934 Possint.
