4084 6392
329 493 476 562 1117

1245 495 1790 560 EPISTOLARUM
1830 499 1980 560 LIB.
2022 501 2119 561 IV.
2163 526 2232 536 -
2270 501 2515 564 EPIST.
2555 503 2678 566 LX.

3496 505 3634 571 11-18

324 612 464 680 γίας
496 609 632 681 (93).
666 607 811 680 Φησί
829 606 975 681 γὰρ,
1015 626 1036 662 ι
1080 607 1562 682 Πεπληρωμὲνους
1601 612 1782 683 πάσης
1825 612 1938 666 ἀδι-

2045 615 2387 674 liberaberis.
2416 617 2508 670 Ait
2541 616 2724 680 enim,
2763 635 2782 668 ‹
2809 615 3067 686 chletos
3109 617 3258 673 omni
3291 617 3578 689 injustitia.
3609 640 3630 675 ι

325 703 480 767 κίας.
517 721 538 755 ι
578 701 820 766 Γενικῶς
851 701 962 774 γὰρ
1007 701 1287 772 ὀνομάσας
1332 705 1514 758 πᾶσαν
1562 703 1662 775 τὴν
1695 705 1931 768 κακίαν,

323 797 428 852 καὶ
461 797 582 849 κατ’
608 791 750 858 εἶδος
780 796 839 848 ἐν
867 797 982 858 τοῖς
1009 794 1134 865 ἑξῆς
1165 793 1527 867 διεξέρχεται.
1561 797 1628 850 Εἰ
1657 798 1842 850 τοίνυν
1872 797 1933 851 οὐ

327 889 871 960 πληρωθησομὲνους
889 929 905 953 ,
947 887 1086 942 ἀλλὰ
1112 888 1584 960 πεπληρωμένους
1610 891 1896 962 παρέδωκε
1915 929 1930 957 ,

306 983 382 1036 «τί
417 984 623 1038 ἄτοπον
660 980 748 1052 εἴη
792 980 1148 1052 πεποιηκώςς
1183 982 1247 1035 Εἰ
1283 981 1329 1034 δ’
1363 982 1573 1050 ἀσαφὲς
1603 980 1742 1036 εἶναι
1780 983 1936 1054 νομί-

326 1073 484 1140 ζεις,
517 1074 695 1128 καίτοι
723 1074 893 1141 σαφὲς
925 1072 986 1127 ὃν
1007 1116 1022 1140 ,
1057 1073 1395 1146 σαφέστερον
1426 1075 1560 1129 αὐτὸ
1591 1076 1935 1147 ἑρμηνεῦσαι

327 1169 694 1241 πειράσομαι.
731 1168 847 1222 Οὐκ
869 1164 1044 1233 εἶπεν,
1084 1167 1307 1239 Ἐπειδὴ
1337 1167 1739 1239 παρεδόθησαν,
1769 1171 1938 1242 ἐπλη-

329 1261 618 1333 ρώθησαν,
659 1259 784 1314 οὔτε
821 1261 950 1332 μὴν,
994 1260 1384 1334 Παρεδόθησαν
1417 1260 1932 1334 πληρωθησόμενοι,

327 1355 508 1416 ἀλλὰ,
563 1374 582 1407 ι
655 1353 1134 1425 Πεπλτῳωμένους
1183 1353 1473 1424 παρέδωκε
1509 1371 1524 1386 ο
1572 1374 1592 1408 ι
1649 1357 1934 1409 τουτέστιν

325 1446 541 1514 ἀφῆκε.
573 1443 879 1516 γυμνώσας
904 1445 1006 1514 τῆς
1034 1443 1232 1497 ἑαυτοῦ
1259 1429 1514 1514 βοηθείας
1533 1457 1548 1472 ’
1569 1442 1645 1506 ὡς
1678 1441 1745 1496 ἂν
1772 1461 1938 1515 στρα-

324 1536 504 1607 τηγὸς
553 1537 626 1608 μὴ
667 1537 1028 1606 πειθομένους
1075 1535 1419 1608 στρατιώτας
1459 1538 1571 1598 τοῖς
1615 1537 1936 1607 παραγγέλ-

328 1645 508 1700 μασιν
547 1626 715 1683 αὐτοῦ
737 1669 752 1692 ,
797 1628 937 1683 ἀλλὰ
969 1627 1029 1682 τό
1057 1644 1122 1695 γε
1153 1627 1334 1682 αὐτῶν
1371 1627 1537 1696 μέρος
1564 1626 1934 1698 ἡττηθέντας,

327 1721 536 1793 ἀφίησι
559 1761 576 1787 ,
613 1721 841 1792 γυμνῶν
875 1720 988 1790 (94)
1021 1720 1122 1790 τῆς
1160 1717 1362 1772 ἑαυτοῦ
1395 1719 1607 1787 σοφίας.
1651 1719 1793 1783 Τοὺς
1827 1717 1938 1790 γὰρ

324 1815 550 1870 οἴκοθεν
597 1813 1068 1886 πεπληρωμένους
1099 1811 1282 1880 πάσης
1326 1811 1558 1876 κακίας,
1593 1811 1822 1875 εἰκότως
1859 1809 1938 1879 τῷ

327 1907 736 1978 ὲγκαταλεῖψαι
767 1905 1112 1977 παρέδωκεν,
1144 1906 1246 1960 οὐκ
1275 1904 1500 1975 ὠθήσας
1519 1906 1600 1969 εἰς
1631 1905 1722 1960 τὸν
1753 1905 1936 1961 ἀδόκι-

329 2016 439 2070 μον
469 1999 598 2053 νοῦν
617 2037 632 2063 ,
666 1997 784 2052 ἀλλ’
807 1998 1164 2069 ὁρμήσαντας
1185 1999 1264 2060 εἰς
1286 1993 1451 2050 αὐτὸν
1477 1995 1658 2064 ἀφείς.

2035 711 2170 762 Nam
2205 719 2556 778 posteaquam
2593 708 2925 779 generaliter
2969 724 3186 764 omnem
3229 711 3635 780 improbitatem

2039 801 2355 868 nominavit,
2387 803 2639 855 eamdem
2670 803 2834 856 etiam
2866 803 2919 856 in
2958 805 3140 870 specie
3173 817 3421 859 recenset
3450 805 3502 858 in
3541 821 3635 860 se-

2036 893 2346 961 quentibus.
2389 893 2444 948 Si
2475 909 2606 962 ergo
2649 910 2754 948 non
2797 894 3102 962 replendus,
3127 898 3220 950 sed
3247 896 3356 966 jam
3387 897 3626 966 repletos
3663 898 3666 906 ’

2040 985 2311 1049 tradidit,
2361 986 2489 1054 quid
2527 986 2750 1040 absurdi
2807 985 3002 1040 fecisse
3053 988 3450 1043 existimandus
3509 989 3638 1043 est?

2037 1076 2190 1144 Quod
2222 1078 2267 1132 si
2300 1077 2404 1132 hoc
2426 1078 2719 1132 obscurum
2752 1092 2874 1133 esse
2916 1088 3096 1146 putas,
3130 1081 3376 1146 quamvis
3407 1079 3476 1132 sit
3506 1094 3636 1146 per-

2037 1170 2309 1238 spicuum,
2342 1169 2554 1239 planius
2579 1169 2742 1224 etiam
2773 1185 2837 1224 ac
2877 1169 3218 1224 manifestius
3253 1169 3394 1224 idem
3433 1171 3525 1225 tibi
3552 1170 3636 1225 in-

2041 1260 2330 1328 terpretari
2359 1262 2618 1314 conabor.
2665 1259 2782 1315 Non
2839 1261 3014 1318 dixit:
3065 1261 3334 1329 Quoniam
3381 1264 3460 1318 vel
3491 1273 3636 1334 pust-

2037 1368 2202 1420 quum
2253 1354 2434 1407 traditi
2489 1364 2651 1416 siml,
2693 1355 2880 1424 repleti
2931 1365 3098 1422 sunt;
3153 1357 3247 1410 sed
3281 1372 3458 1424 neque
3489 1358 3632 1411 hoc:

2038 1445 2246 1498 Traditi
2303 1455 2433 1499 sunt
2490 1447 2732 1509 replentli
2767 1487 2784 1508 ,
2836 1447 2918 1500 vel
2971 1456 3029 1500 ιιι
3089 1447 3466 1513 replerentur;
3501 1447 3633 1502 sed:

2043 1554 2064 1589 ι
2089 1535 2349 1602 Repletos
2383 1537 2630 1600 tradidit,
2665 1555 2682 1588 ι
2728 1537 2833 1590 hoc
2865 1547 2949 1590 est
2979 1537 3206 1601 dimisit,
3249 1538 3488 1608 reliquit,
3533 1553 3639 1592 nu-

2037 1627 2193 1682 datos
2225 1643 2324 1680 suo
2355 1629 2560 1682 auxilio
2591 1639 2644 1682 et
2673 1629 2950 1694 praesidio.
2997 1627 3112 1684 Non
3161 1630 3320 1682 aliter
3345 1647 3506 1697 quam
3539 1630 3636 1684 im-

2039 1729 2262 1788 perator
2293 1718 2497 1788 aliquis
2535 1720 2760 1784 milites,
2797 1721 2890 1790 qui
2936 1721 3208 1773 mandatis
3240 1719 3411 1788 ipsius
3441 1734 3638 1788 parere

2039 1811 2376 1875 detrectant,
2414 1813 2508 1866 sed
2539 1824 2806 1882 quantum
2850 1812 2903 1866 in
2945 1827 3005 1867 se
3044 1823 3131 1866 est
3170 1813 3371 1875 victos,
3413 1813 3641 1868 dimittit

2039 1917 2104 1956 ac
2151 1902 2442 1972 relinquit,
2481 1919 2576 1958 sua
2617 1903 2887 1972 sapientia
2929 1905 3268 1973 consilioque
3318 1904 3635 1960 destitutos.

1966 1970 2007 2027 Β
2041 1995 2143 2049 Eos
2175 2011 2329 2066 ergo,
2374 1997 2464 2066 qui
2491 2013 2520 2050 a
2549 1997 2745 2063 seipsis
2771 1995 2963 2064 repleti
2997 2006 3162 2050 erant
3191 1997 3340 2051 omni
3379 1995 3640 2066 improbi.

330 2103 472 2158 tate,
505 2076 612 2147 non
648 2091 926 2147 immerito
963 2092 1266 2146 deserendo
1305 2090 1550 2158 tradidit,
1591 2106 1702 2147 non
1747 2089 2030 2162 impellens
2092 2091 2146 2147 in
2179 2093 2468 2163 reprobum
2499 2107 2744 2157 sensum,
2777 2092 2871 2147 sed
2919 2092 2973 2145 in
3039 2105 3162 2146 eum
3229 2092 3424 2162 cupide
3477 2105 3641 2146 ruen-

329 2198 419 2246 tes
463 2197 522 2246 et
552 2204 676 2244 cum
707 2187 936 2258 impetu,
973 2186 1310 2256 relinquens.

682 2300 762 2359 ε’.
795 2331 870 2346 -
899 2301 1241 2374 θΕοΑοΓιο
1274 2303 1594 2375 ΔιΑιςοΝο.

321 2397 435 2464 Εἰς
461 2395 532 2450 τὸ
564 2393 907 2465 εἰρημένον·
952 2413 973 2447 ι
1025 2396 1109 2449 Οὐ
1149 2396 1341 2465 μόνον
1377 2395 1533 2450 αὐτὰ
1562 2396 1864 2452 ποιοῦσιν.
1913 2416 1934 2450 ι

415 2507 644 2580 Ἐπειδὴ
675 2508 841 2564 πάλιν
866 2509 1266 2574 ἁποστολικοὺς
1293 2510 1606 2582 θησαυροὺς
1631 2511 1938 2583 ἀνιχνεύειν

327 2603 487 2676 ἡμᾶς
521 2603 949 2672 παρεσκεύασας
1003 2600 1164 2672 (ἔφης
1194 2599 1303 2672 γὰρ
1328 2615 1340 2631 ·
1389 2601 1459 2676 Τί
1501 2604 1617 2656 ἐστι
1655 2603 1738 2657 τόο
1791 2623 1810 2657 ι
1857 2605 1934 2659 Οὐ

333 2697 503 2768 μόνον
551 2694 697 2748 αὐτὰ
742 2693 1027 2760 ποιοῦσιν,
1074 2692 1212 2746 ἀλλὰ
1245 2693 1340 2746 καὶ
1381 2695 1768 2748 συνευδοκοῦσι
1822 2697 1938 2759 τοῖς

330 2790 642 2862 πράττουσι
663 2829 677 2854 ,
714 2806 735 2840 ι
773 2787 870 2841 καὶ
891 2785 1178 2856 ἐπήγαγες
1197 2802 1212 2818 ·
1238 2787 1303 2840 Εἰ
1327 2784 1422 2840 τοῦ
1455 2789 1631 2840 ποιεῖν
1658 2788 1718 2840 τὸ
1746 2804 1940 2840 συνευ-

328 2881 518 2935 δοκεῖν
555 2877 942 2951 χαλεπώτερόν
984 2880 1140 2944 ἐστι,
1174 2878 1244 2931 δι’
1281 2876 1351 2949 ἢν
1396 2877 1580 2932 αἰτίαν
1605 2876 1781 2942 οὕτως
1809 2877 1941 2932 αὐτὸ

330 2971 531 3037 ἔταξεν
550 2974 578 3024 ὁ
603 2971 815 3035 Παῦλος
834 2970 898 3042 ;)’
918 2969 1100 3038 ὀλίγον
1117 2969 1442 3039 συναγαγὼν
1460 2969 1660 3023 σαυτοῦ
1685 2970 1775 3024 τὸν
1791 2970 1938 3038 νοῦν,
1967 3019 1970 3021 .

330 3063 482 3118 ὥστε
541 3062 812 3134 θηρεῦσαι
871 3059 1148 3132 φεύγοντα
1206 3061 1301 3125 τὸν
1355 3061 1716 3116 ἁποστολικδν
1777 3061 1938 3126 νοῦν,

330 3159 528 3214 ἄκουε.
578 3156 738 3220 Τινὲς
790 3155 890 3226 μὲν
919 3150 1014 3208 οὖν
1058 3151 1134 3226 μὴ
1179 3154 1475 3225 νοήσαντες
1507 3154 1569 3206 τὸ
1605 3155 1901 3226 εἰρημένον
1925 3195 1940 3220 ,

331 3247 456 3306 ἀλλ’
487 3249 682 3320 ὥσπερ
715 3249 782 3302 σὺ
809 3247 1250 3320 διαπορήσαντες
1269 3287 1286 3311 ,
1317 3248 1416 3302 καὶ
1449 3249 1940 3318 παραπεποιῆσθαι

331 3345 440 3410 τὰς
471 3344 650 3412 λέξεις
685 3343 786 3408 τὰς
833 3339 1206 3404 ἀποστολικὰς
1234 3340 1584 3410 νομίσαντες,
1625 3338 1804 3403 οὕτως
1847 3339 1945 3393 αὺ-

332 3440 436 3504 τὰς
459 3441 848 3512 ήρμήνευσαψ
883 3455 904 3490 ι
932 3437 1008 3490 Οὐ
1037 3435 1201 3506 μόνον
1233 3435 1284 3488 οἱ
1310 3432 1595 3496 ποιοῦντες
1621 3431 1782 3498 αὐτὰ,
1805 3432 1944 3488 ἀλλὰ

335 3532 436 3588 καί
465 3533 518 3584 οἰ
547 3526 1002 3592 συνευδοκοῦντες
1035 3529 1152 3590 τοῖς
1183 3525 1540 3598 πράττουσιν.
1581 3542 1602 3576 ι
1637 3522 1797 3577 Οὕτω
1834 3523 1943 3594 γὰρ

334 3620 511 3697 εἶχεν,
535 3623 770 3694 ἔφασαν,
805 3621 870 3676 τὸ
899 3620 1135 3676 παλαιὸν
1171 3619 1534 3690 ἀντίγραφον,
1569 3617 1657 3671 ἵνα
1687 3617 1874 3688 μεῖζον
1907 3612 1941 3692 ᾔ

333 3717 402 3772 τὸ
438 3719 618 3770 ποιεῖν
659 3713 771 3786 (95)
800 3713 896 3767 τοῦ
935 3712 1304 3767 συνευδοκεῖν.
1351 3709 1494 3779 Ἐγὼ
1522 3709 1568 3764 δ’
1607 3707 1720 3764 οὗθ’
1757 3711 1944 3781 ήμαρ-

334 3809 542 3880 τῆσθαι
575 3809 633 3862 ὲν
665 3795 846 3877 τούτῴ
877 3805 1058 3876 φήσας
1093 3803 1164 3858 τὰ
1196 3801 1534 3858 ἀποστολικὰ
1567 3801 1785 3874 βιϐλία,
1816 3799 1943 3855 οὔτε

334 3900 714 3976 καταδραμὼν
749 3899 860 3955 τῶν
897 3899 973 3971 μὴ
1020 3897 1360 3968 νενοηκότων
1400 3895 1566 3968 (ἴσως
1615 3895 1726 3968 γὰρ
1761 3895 1810 3949 εἰ
1849 3896 1946 3950 καί

333 3995 399 4046 ὲν
418 3990 598 4062 τούτῳ
627 3988 1106 4055 πλεονεκτοῦνται,
1131 3989 1190 4041 ὲν
1209 3986 1392 4050 ἄλλοις
1413 3986 1820 4052 πλεονεκτοῦσι,
1850 3987 1945 4040 καί

333 4099 463 4138 τινα
489 4079 744 4153 ἐνόησαν,
769 4073 845 4136 ὧν
877 4079 1039 4144 αὐτὸς
1058 4079 1170 4134 οὐδ’
1193 4081 1273 4144 εἰς
1295 4078 1504 4132 ἔννοιαν
1527 4079 1862 4150 ἀφικόμην),
1878 4079 1944 4134 τδ

333 4173 670 4244 νενοημένον
725 4173 976 4245 φράσας,
1025 4173 1143 4236 τοῖς
1202 4170 1613 4241 ἐντευξομένοις
1665 4171 1946 4242 ἐπιτρέψω

334 4267 440 4340 τὴν
489 4269 691 4340 ψῆφον.
737 4268 890 4340 Φημί
935 4265 1152 4333 τοίνυν,
1202 4266 1322 4334 ὅτι,
1379 4265 1572 4337 ἐπειδὴ
1616 4264 1712 4319 τοῦ
1756 4265 1945 4336 πλημ-

337 4363 531 4435 μελεῖν
593 4363 656 4417 τὸ
719 4363 968 4416 ἐπαινεῖν
1036 4361 1168 4426 τοὺς
1239 4359 1702 4434 πλημμελοῦντας
1765 4358 1947 4431 πολλῷ

335 4455 765 4529 ἀργαλεώτερον
795 4457 934 4520 ἐστι,
972 4456 1068 4509 καὶ
1113 4455 1298 4526 μεῖζον
1336 4457 1417 4519 εἰς
1454 4453 1732 4516 κολάσεως
1761 4453 1944 4522 λόγον,

2343 2303 2456 2359 1.x.
2495 2335 2566 2346 -
2593 2299 2994 2372 TllEOLOGlO
3025 2299 3350 2358 DIACONO.

2043 2395 2111 2453 In
2133 2399 2188 2453 id
2219 2400 2359 2470 quod
2375 2399 2574 2453 dictum
2593 2409 2668 2452 est
2697 2412 2716 2452 :
2742 2415 2760 2448 ι
2776 2393 2900 2451 Non
2919 2396 3090 2451 solum
3113 2413 3173 2449 ea
3191 2395 3392 2466 faciunt
3409 2393 3510 2460 ",t
3527 2403 3638 2450 etc.

2113 2513 2382 2581 Quoniam
2416 2513 2610 2568 iterum
2645 2512 2972 2581 apostolicos
3005 2512 3298 2566 thesauros
3325 2517 3382 2561 ut
3415 2507 3641 2562 investi-

2045 2621 2235 2676 genius
2260 2646 2277 2672 ,
2313 2604 2537 2660 eﬂ‘ecisti
2571 2603 2913 2674 (quaesit-isti
2972 2604 3116 2660 enim
3144 2642 3162 2670 ,
3213 2601 3351 2671 qnid-
3372 2601 3475 2655 sibi
3513 2599 3642 2656 velit

2046 2699 2212 2754 illud:
2245 2697 2392 2752 «Non
2423 2697 2599 2752 solum
2627 2715 2690 2752 ea
2719 2697 2960 2762 faciunt,
2983 2699 3078 2752 sed
3102 2699 3266 2753 etiam
3293 2693 3642 2750 consentiunt

2047 2788 2414 2853 facientibus;
2441 2807 2460 2842 ι
2509 2799 2562 2842 et
2598 2789 2864 2844 intulisti:
2905 2789 2961 2842 Si
2993 2789 3302 2843 consentire
3339 2787 3559 2856 gravius
3586 2791 3644 2838 et

2051 2882 2226 2951 majus
2257 2881 2514 2950 quiddam
2557 2888 2642 2935 est
2685 2897 2846 2946 quam
2895 2879 3106 2948 facere,
3135 2895 3305 2948 quare
3334 2876 3531 2931 Paulus
3562 2876 3644 2930 sic

2047 2974 2212 3027 verba
2257 2972 2662 3040 collocavit?):
2717 2973 2993 3043 paulisper
3045 2972 3100 3026 in
3154 2971 3382 3026 collecto
3437 2970 3645 3022 habens

2048 3073 2284 3119 mentem
2342 3071 2488 3117 tuam
2515 3103 2532 3130 ,
2583 3074 2641 3118 Ill,
2678 3063 2974 3135 fugientem
3007 3063 3364 3134 apostolicam
3405 3071 3644 3115 mentem

2053 3159 2241 3213 venari
2275 3168 2438 3226 atque
2468 3157 2684 3226 assequi
2719 3159 2919 3228 possis,
2959 3157 3230 3211 ausculta.
3260 3155 3503 3210 Fui-runt
3541 3154 3641 3220 Igi-

2049 3261 2138 3306 tur
2195 3251 2327 3320 qni,
2382 3252 2527 3320 quod
2580 3267 2686 3304 non
2736 3249 3106 3320 intelligerent
3136 3249 3240 3303 hoc
3268 3249 3472 3302 dictum
3500 3285 3514 3309 ,
3547 3245 3645 3300 sed

2046 3347 2274 3418 perinde
2304 3355 2363 3400 ut
2399 3356 2453 3400 tu
2487 3347 2552 3399 de
2583 3359 2650 3399 eo
2681 3343 3016 3408 dubitarent,
3051 3342 3220 3415 446
3251 3351 3310 3397 et
3347 3341 3644 3409 depravata

2045 3455 2167 3494 esse
2197 3439 2362 3493 verba
2393 3437 2692 3506 apostolica
2721 3436 3126 3499 existimarent,
3159 3435 3238 3488 sic
3277 3449 3338 3488 ea
3373 3434 3642 3500 interpre-

2049 3533 2145 3586 tati
2169 3541 2295 3586 sunt
2321 3548 2336 3585 :
2381 3548 2400 3582 ι
2424 3529 2542 3583 Non
2580 3529 2756 3584 solum
2785 3527 3051 3582 facientes
3082 3542 3170 3590 ea,
3197 3527 3292 3580 sed
3317 3525 3482 3580 etiam
3509 3537 3642 3578 con-

2047 3627 2349 3682 sentientes
2367 3621 2750 3677 facientibus.»
2787 3621 2880 3676 Sic
2908 3619 3374 3685 enim,dixerunt,
3411 3617 3646 3669 habebat

2048 3729 2204 3772 vetus
2230 3716 2546 3785 exemplar:
2581 3713 2683 3769 «Ut
2707 3715 2780 3768 ita
2803 3712 2980 3783 majus
3006 3713 3078 3766 sit
3108 3710 3292 3766 facere
3321 3725 3484 3779 quam
3510 3722 3646 3762 con-

2048 3809 2308 3865 sentire.»
2342 3810 2410 3863 At
2441 3823 2542 3875 ego
2564 3821 2746 3876 neque
2775 3806 3009 3859 dixerim
3043 3805 3096 3858 in
3121 3819 3186 3858 eo
3213 3814 3501 3870 corruptos
3522 3815 3648 3858 esse

2048 3901 2218 3956 libros
2247 3897 2600 3970 apostolicos,
2637 3913 2814 3967 neque
2853 3895 2960 3950 illis
3003 3895 3095 3966 qui
3133 3896 3310 3949 locum
3345 3909 3452 3947 non
3483 3892 3646 3947 intel-

2050 3993 2323 4056 lexerunt,
2353 3989 2735 4046 insultaverit"
2767 3989 3042 4062 (fortassis
3069 3989 3236 4054 enim,
3261 3985 3512 4056 quamvis
3544 3986 3648 4040 hac

2049 4085 2104 4138 iu
2139 4098 2199 4138 re
2228 4091 2556 4150 superentur
2590 4095 2622 4134 a
2659 4095 2766 4145 me,
2801 4080 2854 4132 in
2887 4079 3010 4132 aliis
3039 4088 3222 4132 tamen
3253 4094 3339 4131 me
3358 4079 3519 4146 longe
3549 4091 3645 4132 su-

2049 4183 2262 4246 perant,
2296 4183 2351 4228 et
2375 4174 2557 4243 aliqua
2591 4173 2984 4227 intellexerunt
3007 4211 3022 4233 ,
3059 4187 3292 4240 quorum
3331 4185 3431 4236 ego
3459 4168 3650 4237 cogni-

2051 4269 2251 4323 tionem
2287 4281 2396 4322 non
2435 4281 2553 4320 smn
2599 4263 2963 4334 assecutus):
3024 4264 3122 4318 sed
3171 4277 3451 4332 exponens
3503 4261 3649 4330 quod

2047 4375 2149 4431 ego
2177 4360 2448 4429 intelligo,
2500 4357 2728 4412 lecturis
2758 4357 3071 4424 permittam
3101 4353 3328 4408 liberum
3354 4351 3646 4418 judicium.

2049 4454 2150 4508 Aio
2181 4452 2384 4520 igitur:
2418 4450 2555 4515 Quia
2598 4449 2758 4520 longe
2789 4447 3009 4516 gravius
3033 4487 3050 4513 ,
3079 4455 3168 4511 et,
3201 4444 3340 4513 qttnd
3371 4445 3438 4496 ad
3471 4457 3651 4512 [unum

335 4550 568 4613 εἰκότως
589 4549 810 4619 εἴρηται
835 4566 848 4580 ο
876 4565 896 4598 ι
929 4547 1004 4602 Οὐ
1039 4546 1201 4618 μόνον
1218 4545 1360 4600 αὐτὰ
1389 4545 1654 4610 ποιοῦσιν,
1684 4543 1822 4598 ἀλλὰ
1852 4547 1941 4598 καὶ

2051 4545 2320 4600 rationem
2349 4544 2566 4606 attinet,
2589 4543 2765 4612 majus
2789 4551 2896 4605 est,
2923 4540 3148 4594 laudare
3167 4545 3460 4606 peccantes
3481 4549 3648 4603 qnam

337 4639 732 4695 συνευδοκοῦσι
764 4640 878 4702 τοῖς
916 4641 1270 4709 πράττουσιν.
1311 4655 1332 4690 ι
1353 4637 1411 4690 Ὀ
1445 4636 1546 4707 μὲν
1578 4635 1688 4706 γὰρ
1725 4633 1865 4706 μετὰ
1887 4635 1947 4688 τὸ

335 4730 692 4802 πλημμελεῖν
721 4731 1154 4800 καταγινώσκων
1181 4729 1280 4798 τῆς
1302 4727 1581 4798 ἁμαρτίας
1600 4766 1616 4794 ,
1651 4727 1946 4798 δυνήσεται

333 4823 525 4897 χρόνῳ
553 4824 749 4878 ἑαυτόν
773 4840 904 4877 ποτε
926 4822 1366 4895 ἀνακτήσασθαι,
1397 4820 1667 4893 μεγίστην
1690 4819 1946 4892 βοήθειαν

337 4917 488 4988 ἔχων
517 4918 601 4980 εἰς
645 4916 706 4970 τὸ
737 4916 1086 4987 μεταγνῶναι
1117 4915 1216 4985 τὴν
1255 4915 1604 4984 κατάγνωσιν
1633 4913 1733 4982 τῆς
1766 4915 1948 4985 ἁμαρ-

337 5009 466 5072 τίας
489 5026 505 5040 ’
533 5010 562 5062 ὁ
593 5010 638 5064 δ’
681 5010 924 5066 ἐπαινῶν
946 5009 1046 5082 τὴν
1078 5009 1346 5081 πονηρίαν
1367 5050 1384 5077 ,
1413 5009 1510 5080 τῆς
1540 5009 1607 5062 ὲκ
1638 5007 1734 5062 τοῦ
1780 5025 1949 5078 μετα-

337 5101 544 5173 νοῆσαι
589 5101 842 5174 βοηθείας
891 5103 1090 5158 ὲαυτὸν
1129 5104 1450 5176 ἀποστερεῖ.
1501 5101 1724 5174 Ἐπειδὴ
1770 5101 1949 5156 τοίνυν

417 5259 466 5292 ³⁸
501 5258 662 5313 Rom.
691 5275 728 5320 ι,
753 5257 844 5314 29.
923 5259 970 5292 ³⁸
1001 5259 1132 5314 ibid.
1154 5257 1244 5314 52.

2055 4639 2232 4710 ipsum
2273 4651 2524 4707 peccare,
2579 4650 2683 4688 non
2743 4634 3020 4688 immerito
3054 4631 3256 4686 dictum
3292 4637 3412 4684 est:
3473 4647 3490 4678 ι
3527 4626 3646 4680 Non

2055 4731 2228 4787 solum
2255 4731 2346 4799 qui
2377 4745 2440 4784 ea
2477 4728 2707 4790 faciunt,
2739 4727 2833 4782 sed
2855 4726 3042 4779 etiam
3077 4721 3168 4792 qui
3198 4719 3548 4774 consentiunt
3571 4716 3650 4772 fa-

2056 4825 2347 4882 cientibus.
2381 4841 2400 4874 ι
2457 4821 2592 4876 Nam
2617 4821 2716 4875 ille
2748 4819 3007 4889 quidem,
3065 4815 3158 4886 qui
3191 4823 3306 4884 post
3351 4813 3648 4866 admissum

2055 4925 2336 4988 peccatum
2368 4912 2420 4966 id
2457 4911 2806 4976 condemnat,
2836 4908 3038 4978 poterit
3065 4907 3286 4960 tandem
3321 4903 3656 4972 procedente

2061 5017 2305 5072 tempore
2334 5005 2572 5074 seipsum
2607 5015 2930 5072 recuperare
2967 5009 3130 5068 atque
3158 4998 3209 5052 in
3239 4996 3512 5064 integrum
3563 5003 3652 5044 re-

2057 5101 2304 5164 stituere,
2331 5100 2531 5168 quippe
2550 5095 2644 5166 qui
2669 5095 2966 5150 maximum
2992 5093 3060 5148 ad
3089 5089 3465 5162 pteuiteutiam
3495 5097 3654 5154 agen-

1464 5367 1706 5425 ἾΑΒΙᾹΞ
1747 5365 2134 5424 LECTIONES
2167 5364 2258 5420 ET
2297 5363 2531 5421 ΝΟΤᾸΞ.

424 5529 541 5604 (95)
564 5531 745 5604 Aurea
781 5525 1248 5594 interpretationis
1279 5527 1487 5604 regula,
1519 5535 1578 5580 ιιι
1602 5525 1656 5579 in
1691 5540 1943 5604 unoquo-

344 5594 460 5670 que
491 5594 610 5654 lot-o
639 5603 874 5654 obscuro
907 5609 964 5652 et
1003 5594 1361 5670 c0ntroveiso
1395 5601 1462 5670 ad
1491 5612 1557 5670 ea
1587 5594 1942 5670 attendamus

347 5665 480 5742 qua:
501 5671 816 5742 praecedunt
839 5678 1236 5742 etsequuntur.
1260 5667 1470 5742 Εἰρμον
1499 5667 1600 5736 τῆς
1623 5665 1946 5742 ακολουθίας

2124 5525 2235 5594 (94)
2262 5521 2393 5576 Cod.
2433 5519 2578 5594 νειμ,
2615 5518 2880 5594 γυμνούς.

2274 5594 2416 5645 Idem
2443 5577 2576 5668 cod;
2593 5577 2717 5660 post
2745 5591 2804 5643 τὸ
2823 5577 2999 5668 ποιεζν
3030 5583 3179 5668 addit
3208 5577 3650 5668 καίηὲλαῖξοέθῦεςι

2054 5647 2445 5730 mtisws'eqnens
2478 5659 2574 5715 τοῦ
2595 5647 2780 5730 ἰιιιιιιιι
2802 5661 2871 5730 fin
2917 5659 3000 5712 τό.
3035 5657 3094 5709 In
3131 5657 3234 5706 line
3255 5664 3489 5730 eti-apro
3523 5647 3650 5730 illis,

348 5719 531 5796 ﬁmi
1661 5719 1941 5810 juriscon;

2044 5719 2138 5810 καί
2164 5719 2404 5810 ἑκατέρα
2435 5733 2704 5810 κρατήσει
2750 5729 3100 5810 ψῆφοςιιιιιθο
3141 5719 3648 5810 ιιοςιίιέξιιειιιῌςιιςί.

349 5811 482 5865 salti
509 5825 728 5880 quoque
783 5809 1002 5864 incivile
1025 5823 1168 5880 esse
1203 5810 1534 5880 ainut,_non
1565 5816 1676 5880 tota
1708 5807 1943 5880 legem-

350 5877 568 5950 specta.
602 5886 670 5934 de
704 5881 970 5950 particula
989 5878 1108 5950 ejus
1133 5877 1430 5948 judicare?
1457 5879 1617 5935 Conf.
1637 5877 1797 5948 epist.
1817 5877 1944 5941 219,

356 5949 518 6018 hujus
545 5951 667 6006 libri
705 5949 777 6006 tv.
813 5951 977 6005 ltt'r'r.

2043 5785 2383 5879 ήῂέκατέρου
2429 5785 2629 5879 ψῆφος,
2688 5785 2784 5855 τοῦ
2817 5785 3114 5859 ποιοῦντος,
3143 5785 3240 5846 καὶ
3269 5789 3364 5846 τοῦ
3405 5785 3656 5842 συνευδο-

2050 5874 2275 5940 κοῦντος
2300 5874 2646 5946 κρατήσειεν.
