4084 6420
476 493 614 563 1119
1640 504 1700 566 S.
1745 502 2040 564 ISIDORI
2081 504 2089 564 1

2153 502 2523 565 ELUSIOT/E
3627 490 3766 556 1120

478 610 603 663 dam
631 608 1003 681 adjumentum
1040 612 1240 669 habeat
1266 611 1776 669 condemnationem
1815 623 1870 668 et
1909 616 2060 669 dete-

2165 613 2571 685 διεφθαρμένης
2614 609 2737 665 ἐστὶ
2786 607 3038 680 γνώμης,
3083 606 3177 662 καὶ
3221 603 3400 675 ψυχῆς
3451 601 3647 657 ἁνίατα
3676 617 3767 656 νο·-

478 701 765 756 stationem
789 705 1026 772 peccati:
1056 706 1219 775 atqui
1239 706 1403 760 etiam
1424 705 1603 760 laudat
1634 706 2067 777 improbitatem,

2175 704 2375 777 σούσης
2401 703 2542 777 αῦτη
2581 704 2613 775 ὴ
2643 702 2848 774 ψῆφος,
2878 700 3107 764 εἰκότως
3131 698 3227 752 τοῦ
3254 691 3709 767 πλημμελοῦντος
3740 695 3771 746 6

479 790 528 845 is
550 793 770 861 auxilio,
798 796 939 863 quod
966 812 1032 851 ex
1064 799 1379 867 paenitentia
1407 798 1507 868 ipsi
1532 800 1815 869 proyenire
1834 804 2066 866 poterat,

2172 799 2272 869 τὴν
2309 796 2583 868 ἁμαρτίαν
2617 794 2881 859 ἐπαινῶν,
2918 791 3101 863 πολλῷ
3130 786 3596 863 παρανομώτερος
3626 779 3774 839 εἶναι

478 895 539 936 se
568 884 740 949 ipsum
774 885 968 953 privat.
1024 886 1205 953 Quare
1246 904 1366 942 cum
1412 903 1681 956 perversae
1727 896 1888 956 atque
1934 902 2064 941 cor-

2172 888 2447 959 κέκριται.
2491 888 2549 941 '0
2583 886 2683 957 μὲν
2716 884 2826 956 γὰρ
2854 884 2955 955 τὴν
2992 881 3257 952 ταχίστην
3279 919 3296 946 ,
3334 879 3363 932 6
3400 877 3446 931 δ’
3482 875 3594 931 οὐδ’
3630 875 3774 940 ὅλως

480 984 651 1043 ruptae
701 978 772 1030 sit
803 980 1000 1033 mentis
1033 980 1132 1033 hoc
1169 982 1433 1051 judicium
1462 1022 1476 1046 ,
1510 990 1564 1035 et
1591 980 1786 1034 anima:
1820 990 2066 1033 extreme

2170 980 2530 1053 ἁποφοιτήσει
2554 980 2650 1047 τῆς
2683 975 2959 1049 ἁμαρτίας
2980 1015 2996 1041 ,
3024 975 3141 1043 εἴγε
3168 974 3266 1026 καὶ⁵
3292 969 3530 1043 ἑκατέρα
3557 971 3776 1041 κρατή-

480 1065 765 1123 incurabili
801 1076 988 1126 morbo
1020 1072 1349 1138 laborantis,
1399 1073 1523 1140 jure
1564 1088 1629 1126 ac
1662 1072 1857 1126 merito
1892 1071 1939 1125 is
1970 1070 2063 1141 qui
2172 1089 2254 1125 σει
2280 1072 2485 1142 ψῆφος.

476 1169 761 1231 ρει-οςιιιιιη
811 1162 1029 1228 laudat,
1085 1176 1349 1232 peccante
1387 1166 1504 1232 ipso
1545 1164 1704 1231 longe
1761 1162 2057 1231 improbior
2095 1162 2517 1231 essejudicatus
2546 1170 2653 1217 est.
2686 1160 2839 1215 Alter
2901 1159 3048 1215 enim
3070 1155 3399 1222 celerrime;
3461 1152 3601 1208 alter
3646 1166 3781 1208 vero

479 1266 758 1319 nunquam
794 1254 1016 1307 omnino
1041 1270 1067 1305 a
1109 1265 1332 1322 peccato
1368 1256 1623 1324 rel‘ugiet,
1654 1257 1699 1310 si
1730 1255 1950 1326 quidem
1983 1254 2245 1310 alterutra
2280 1256 2550 1311 obtinebit
2587 1252 2882 1311 sententia.

968 1369 1104 1424 LXI.
1126 1400 1200 1410 —
1230 1370 1568 1427 .‘tMllONlO.

2668 1368 2793 1424 ειν.
2827 1397 2898 1412 --
2929 1365 3275 1437 mamma.

478 1461 546 1518 In
572 1461 708 1517 illud
754 1461 915 1517 Pauli
948 1465 1144 1515 dictum
1170 1480 1188 1517 .'
1229 1483 1246 1514 ι
1286 1462 1502 1524 Gloria,
1556 1474 1602 1514 et
1634 1463 1804 1517 honor
1830 1502 1845 1528 ,
1879 1468 1930 1516 et
1957 1475 2067 1532 pax

2172 1464 2276 1530 Ε’ίς
2304 1463 2398 1517 τό·
2452 1480 2471 1515 ι
2524 1460 2698 1532 Δόξα,
2722 1459 2853 1532 Δκαί
2891 1458 3054 1532 τιμὴ,
3089 1457 3190 1532 καὶ
3235 1454 3445 1532 εἰρήνη
3476 1453 3659 1508 παντί
3698 1451 3781 1517 τῷ

891 1535 1031 1587 οηιηὶ
1063 1536 1301 1602 aperanti
1330 1535 1520 1587 bonum
1556 1533 1626 1588 ³¹.
1650 1552 1670 1586 ι
1834 1527 1838 1528 ν
1957 1527 1968 1532 ’
2251 1527 2264 1530 ⁷

1834 1527 1838 1528 ί
1957 1527 1968 1532 ⁷
2251 1527 2264 1530 ⁷
2564 1529 2936 1601 ἐργαζομένῳ
2967 1527 3035 1582 τὸ
3071 1527 3320 1597 ἀγαθόν.
3360 1544 3379 1577 ι

558 1644 699 1711 Quid
746 1658 923 1707 causa:
971 1656 1091 1710 est,
1148 1645 1369 1715 inquis,
1427 1662 1527 1701 cur
1566 1646 1762 1700 Paulus
1822 1645 2026 1701 dixerit
2057 1668 2093 1702 ιι

2253 1647 2355 1701 Διὰ
2382 1647 2435 1701 τί
2464 1641 2642 1712 εἶπεν,
2675 1644 2834 1716 ἔφης,
2865 1645 2895 1698 6
2932 1641 3167 1707 Παῦλος·
3209 1660 3228 1695 ι
3263 1641 3399 1708 Δόξα
3428 1639 3487 1694 δὲ
3515 1639 3612 1694 καὶ
3642 1640 3782 1710 τιμὴ

490 1755 512 1790 ι
540 1735 721 1791 Gloria
768 1746 822 1789 et
857 1737 1068 1803 honor,
1113 1745 1169 1791 et
1214 1752 1316 1805 pax
1348 1737 1497 1791 omni
1541 1736 1792 1805 operanti
1849 1738 2074 1802 bonum,

2185 1738 2281 1793 καὶ
2310 1740 2502 1809 εἰρήνη
2543 1736 2710 1791 παντὶ
2734 1734 2814 1807 τῷ
2854 1735 3213 1805 ἐργαζομένῳ
3249 1731 3313 1786 τὸ
3354 1730 3602 1802 ἀγαθὸν,
3645 1731 3782 1785 Ἰου-

482 1825 673 1888 Judaeo
708 1828 962 1897 prinum,
999 1838 1054 1882 et
1083 1826 1315 1895 Graeco;
1348 1846 1368 1881 ι
1406 1845 1507 1883 nec
1539 1827 1748 1898 uspiam
1781 1827 2078 1883 Christiani

2183 1829 2319 1900 δαίῳ
2348 1828 2408 1882 τὸ
2445 1828 2696 1900 πρῶτον,
2732 1828 2827 1882 καὶ
2874 1826 3134 1896 Ἕλληνι,
3181 1843 3201 1878 ι
3256 1824 3355 1878 καί¹
3399 1822 3642 1894 οὐδαμοῦ
3684 1822 3782 1878 τοῦ

486 1921 678 1976 fecerit
702 1921 1073 1975 mentionem?
1100 1919 1255 1976 Scire
1279 1922 1445 1990 igitur
1469 1921 1658 1984 debes.
1693 1921 1759 1976 de
1788 1921 1892 1975 illis
1914 1920 2079 1975 Paulo

2185 1919 2515 1991 Χριστιανοῦ
2541 1919 2653 1992 (96)
2684 1917 3124 1990 ἐμνημόνευσενς
3158 1915 3299 1970 Ἰσθι
3319 1914 3522 1978 τοίνυν,
3542 1915 3626 1968 ὅτι
3653 1913 3784 1986 περὶ

489 2026 796 2066 sermonem
834 2010 1041 2076 fuisse,
1076 2013 1170 2079 qui
1203 2020 1329 2066 ante
1367 2011 1572 2068 Christi
1606 2012 1660 2067 iu
1708 2028 1929 2067 carnem
1984 2012 2080 2066 ad-

2185 1987 2294 2068 τίῦν
2321 2014 2428 2085 πρὸ
2457 1987 2560 2082 τῆς*
2577 1987 2846 2084 ὲνσὰρκου
2870 2010 2968 2066 τοῦ
2995 2009 3237 2083 Χριστοῦ
3271 2009 3575 2078 παρουσίας
3606 2003 3679 2081 ἦν
3702 2006 3783 2078 τῷ

492 2114 708 2159 ventum
745 2106 1016 2158 vixerunt.
1047 2104 1294 2159 Nondum
1337 2106 1481 2161 enim
1512 2106 1565 2159 in
1612 2107 1799 2175 gratiae
1831 2116 2077 2175 tempora

2188 2104 2386 2176 Παύλῳ
2408 2106 2435 2157 ὁ
2451 2104 2628 2173 λόγος.
2654 2103 2882 2158 Οὐδέπω
2904 2102 3015 2174 γὰρ
3043 2104 3126 2166 είς
3145 2102 3273 2166 τοὺς
3290 2102 3394 2171 τῆς
3416 2099 3644 2171 χάριτος
3664 2100 3787 2171 χρό-

492 2196 701 2251 delatus
735 2208 877 2252 erat.
924 2197 1145 2253 Graecos
1184 2210 1365 2252 autem
1412 2198 1516 2253 hoc
1556 2198 1675 2252 loco
1720 2206 1922 2262 vocat,
1971 2212 2081 2251 non

2187 2213 2312 2260 νους
2356 2196 2469 2265 (97)
2516 2193 2871 2266 ἐνδιατρίϐων
2908 2193 3229 2265 ἐτύγχανεν.
3273 2192 3548 2261 Ἕλληνας
3580 2190 3655 2245 ἰδὲ
3696 2194 3785 2246 ὲν-

495 2286 763 2341 idolorum
798 2288 1057 2355 cultores,
1090 2290 1183 2344 sed
1210 2289 1460 2345 homines
1482 2288 1622 2357 pios,
1650 2288 1742 2357 qui
1768 2289 1820 2341 in
1843 2287 1960 2356 lege
1983 2300 2084 2340 na-

2187 2288 2367 2343 ταῦθὰ
2399 2307 2589 2361 φησιν,
2615 2288 2679 2342 οὐ
2709 2288 2838 2352 τοὺς
2866 2287 3283 2357 είδωλολὰτρας,
3305 2286 3444 2341 ἀλλὰ
3468 2287 3597 2350 τοὺς
3625 2286 3789 2340 εὐσε-

496 2379 657 2433 turali
686 2379 961 2445 vivebant,
987 2382 1078 2448 qui
1117 2381 1322 2450 absque
1348 2379 1701 2434 Judaicarum
1739 2376 2085 2432 adiuventio-

2191 2381 2307 2447 δεῖς
2326 2422 2341 2448 ,
2376 2383 2504 2446 τοὺς
2531 2383 2588 2436 ἐν
2606 2381 2684 2453 τῷ
2713 2381 2944 2453 ὲμφύτῳ
2969 2379 3430 2451 πολιτευομένους
3459 2378 3640 2450 νόμῳ,
3660 2378 3790 2443 τοὺς

493 2486 623 2526 num
658 2480 712 2525 ct
738 2472 1179 2526 Observationum
1224 2487 1514 2542 pravarum
1560 2470 1930 2535 adminiculo,
1965 2483 2086 2524 om-

2191 2473 2321 2529 ἄνευ
2362 2472 2474 2527 τῶν
2514 2472 2828 2527 Ἰουδαϊκῶν
2859 2472 3307 2543 παρατηρήσεων
3340 2471 3520 2525 πάντα
3542 2469 3615 2524 τὰ
3650 2469 3790 2541 πρὸς

496 2563 588 2618 nia
639 2578 758 2634 qua:
805 2565 871 2618 ad
931 2565 1186 2633 pietatem
1233 2565 1611 2632 pertinerent,
1668 2563 2084 2618 custodiebant:

2192 2565 2477 2620 εὐσέϐειαν
2544 2564 2813 2636 βλέποντα
2870 2564 3404 2637 παραφυλάσσοντας
3428 2581 3442 2595 ·
3491 2556 3596 2617 οἷοι
3646 2557 3792 2634 ἦσαν

494 2652 685 2723 quales
718 2664 898 2720 erant,
933 2654 1416 2718 Melchisedecbus,
1442 2655 1634 2721 Johns,
1660 2653 1972 2710 Cornelius.

1512 2658 1634 2721 bus,
1660 2653 1972 2710 Cornelius.
2192 2659 2528 2729 Μελχισεδὲκ
2547 2697 2563 2724 ,
2609 2656 2733 2711 Ἰὼϐ
2752 2697 2768 2722 ,
2800 2656 3125 2730 Κορνήλιος.

799 2767 960 2822 LXII.
993 2798 1064 2810 -ι
1099 2767 1448 2823 EPIMACllO
1480 2769 1797 2824 LECTORI.

2440 2771 2562 2824 ΞΒ¹.
2609 2800 2680 2811 -
2717 2769 3039 2841 ΕΠΙΜΑΧῼ
3076 2767 3520 2840 ΑΝΑΓΝΩΣΤῌ.

501 2859 567 2915 In
592 2858 723 2913 illud
753 2858 917 2913 Pauli
947 2859 1191 2915 dictum:
1230 2880 1248 2912 ι
1284 2860 1410 2916 Siue
1445 2861 1555 2932 lege
1587 2873 1760 2915 autem
1807 2870 2086 2932 peccatum

1049 2941 1124 2984 est
1157 2943 1423 2985 mortuum
1439 2933 1506 2985 ³³.
1534 2951 1553 2984 ι

2262 2864 2367 2930 EI;-
2399 2864 2489 2918 τό·
2538 2882 2558 2915 ι
2599 2862 2788 2931 Χωρίς
2822 2860 2892 2915 δὲ
2924 2863 3115 2932 νόμον
3147 2860 3409 2933 ἁμαρτία
3439 2857 3648 2928 νεκρά.
3691 2876 3712 2909 ι

1049 2946 1124 2984 εει
1157 2946 1423 2985 mortuum
1439 2946 1506 2986 ".
1534 2951 1553 2984 ι

571 3041 861 3109 Quoniam,
894 3058 1002 3112 quo
1032 3054 1191 3113 pacto
1225 3044 1342 3100 sine
1372 3045 1487 3113 lege
1519 3053 1803 3115 peccatum
1843 3045 1915 3100 sit
1945 3059 2091 3099 mor-

2282 3047 2521 3117 Ἐπειδὴ,
2549 3046 2669 3110 πῶς
2692 3045 2865 3118 χωρὶς
2894 3044 3063 3117 νόμου
3094 3046 3128 3116 ἡ
3162 3043 3410 3115 ἁμαρτία
3439 3041 3637 3114 νεκρὰ,
3668 3041 3797 3113 ἠθέ-

505 3143 683 3198 tuum,
714 3137 925 3191 discere
952 3137 1168 3192 voluisti
1189 3177 1205 3204 ,
1232 3138 1351 3204 aio,
1388 3138 1613 3194 Paulum
1657 3139 1760 3194 hoc
1791 3139 1973 3193 dicere
1997 3152 2093 3192 vo-

2196 3140 2368 3213 λησας
2403 3139 2617 3211 μαθεῖν,
2645 3138 2790 3207 φημὶ
2821 3139 2906 3192 ὅτι
2938 3136 3100 3193 τοῦτο
3121 3136 3374 3208 βούλεται
3396 3136 3575 3189 εἰπεῖν
3595 3134 3625 3187 6
3648 3131 3799 3188 Παῦ-

500 3226 698 3293 luisse,
753 3228 898 3297 quod
963 3231 1201 3283 nondum
1260 3228 1425 3284 fuerit
1486 3229 1856 3286 manifestum.
1903 3229 2093 3301 Neque

2198 3232 2311 3297 λος,
2341 3232 2423 3286 ὃτι
2448 3230 2603 3284 οὔπω
2627 3230 2739 3301 (98)
2770 3225 2841 3300 ἦν
2864 3228 3169 3299 γνώριμος.
3196 3228 3273 3281 Οὐ
3296 3225 3408 3297 γὰρ
3428 3224 3603 3279 ταῦτα
3625 3222 3797 3278 αἰνίτ-

503 3317 648 3371 eui-ut
684 3318 785 3373 hoc
816 3320 1127 3385 signiﬁcat,
1158 3322 1312 3391 quasi
1361 3321 1692 3377 nesciveriut
1734 3323 1982 3379 homines
2033 3336 2093 3379 se

2198 3342 2386 3389 τεται,
2419 3324 2504 3378 ὅτι
2551 3323 2653 3376 οὐκ
2699 3321 2901 3393 ᾔδεσαν
2942 3322 3387 3392 ἁμαρτάνοντες,
3421 3318 3546 3372 ἐπεὶ
3586 3317 3797 3385 ἀλόγως

503 3422 767 3477 peccare:
804 3409 970 3483 M7
998 3412 1237 3481 alioquin
1269 3414 1412 3467 enim
1453 3414 1548 3483 qui
1577 3423 1702 3469 ante
1733 3415 1905 3485 legem
1938 3417 2092 3471 vixe-

2196 3412 2471 3479 εὑρεθεῖεν
2505 3412 2863 3475 κολασθέντες
2891 3414 2943 3465 oi
2975 3412 3082 3483 πρὸ
3113 3411 3208 3464 τοῦ
3239 3410 3407 3481 νόμου
3432 3426 3447 3442 ο
3477 3412 3527 3464 οἱ
3562 3410 3665 3481 μὲν
3688 3408 3799 3480 γὰρ

506 3509 636 3552 runt
663 3498 1059 3572 (peccatores)
1103 3503 1309 3573 absque
1353 3506 1563 3558 ratione
1595 3515 1650 3559 et
1692 3504 1891 3574 injuste
1926 3506 2097 3561 fuisse

2199 3504 2395 3570 ὓδατος
2416 3544 2432 3569 ,
2466 3505 2518 3558 οἱ
2539 3504 2596 3558 δὲ
2630 3503 2989 3575 πυρὸςὲργον
3025 3503 3309 3572 ἐγένοντο·
3339 3500 3455 3556 ἀλλ’
3480 3500 3563 3554 ὅτι
3596 3499 3800 3572 ᾔδεσαν

504 3592 676 3657 puniti
702 3592 1277 3660 deprehenderentur:
1308 3611 1433 3649 nam
1460 3598 1657 3664 partim
1701 3614 1889 3653 eorum
1922 3615 2089 3669 aqua,

2202 3600 2324 3671 μὲν,
2355 3599 2456 3670 οὐχ
2487 3597 2633 3651 οὕτω
2662 3597 2720 3653 δὲ
2748 3596 3016 3670 ἀκριϐῶς.
3051 3595 3147 3651 Διὸ
3180 3594 3502 3660 ἐκολάζοντο
3530 3592 3659 3665 μὲν,
3699 3591 3801 3664 οὐχ

506 3684 703 3752 partim
735 3685 857 3754 igne
895 3687 1203 3755 consumpti
1249 3696 1377 3741 sunt
1409 3705 1423 3742 :
1453 3689 1546 3741 sed
1581 3691 1760 3757 potius
1787 3690 1931 3761 quod
1990 3690 2098 3745 sci-

1116 3687 1203 3755 tpti
1249 3696 1377 3741 sunt
1409 3705 1423 3742 :
1453 3689 1546 3741 sed
1581 3691 1760 3757 potius
1787 3690 1931 3761 quod
1990 3690 2098 3745 sci-
2198 3688 2429 3761 οὖτωδὲ
2459 3688 2729 3761 σφοδρῶς.

505 3776 686 3830 verint
711 3777 956 3845 quidem,
978 3793 1084 3831 non
1108 3786 1292 3834 tamen
1322 3779 1393 3834 ita
1422 3782 1706 3849 exquisite.
1731 3783 2096 3847 Quamobrem

507 3868 670 3922 etiam
703 3871 1070 3939 puniebantur
1101 3887 1269 3939 sane;
1312 3884 1367 3926 at
1401 3889 1507 3927 nun
1542 3884 1650 3928 tant
1682 3874 2055 3933 vehementer.

687 3980 877 4035 LXIII.
903 4012 977 4022 —
1004 3981 1400 4041 lSCllYRlONl
1431 3985 1919 4046 PRESBYTERO.

2430 3988 2548 4043 El".
2587 4015 2659 4028 --
2697 3987 3054 4043 ιΣχΥΡΙΩΝι
3094 3988 3573 4061 ΠΡΕΣΒΥΤΕΡῼ.

511 4086 583 4143 In
614 4090 750 4147 illud
779 4090 946 4146 Pauli
972 4092 1216 4170 dictant:
1258 4095 1416 4150 «Non
1443 4099 1866 4170 sunt_condignw
1891 4102 2103 4169 passio-

2204 4100 2312 4167 Ε’ίς
2362 4100 2453 4155 τό*
2520 4116 2540 4151 r
2612 4101 2738 4154 Οὐκ
2790 4098 2933 4165 ἄξια
2991 4099 3064 4153 τὰ
3127 4098 3445 4170 παθήματα
3518 4098 3628 4153 τοῦ
3685 4098 3805 4153 νῦν

960 4180 1048 4216 nes
1086 4164 1249 4233 hujus
1279 4167 1525 4229 temporis
1549 4167 1648 4222 ⁸³.»
1748 4164 1768 4170 ⁷
1878 4164 1905 4224 Ῐ
2285 4164 2297 4167 ’

1549 4167 1648 4222 ⁸³.»
1748 4164 1768 4170 ⁷
1878 4164 1905 4224 ι’
2285 4164 2297 4167 ’
2857 4170 3090 4239 καιροῦ.
3134 4189 3153 4224 ι

582 4271 807 4340 Paulus,
835 4276 1073 4345 optimus
1100 4277 1191 4332 ille
1219 4278 1427 4335 militis:
1452 4280 1820 4355 (Christiane)
1848 4286 1977 4350 dux,
2008 4287 2103 4356 qui

2277 4283 2494 4349 Παῦλος
2522 4286 2552 4339 6
2575 4281 2799 4356 ἄριστος
2824 4283 3153 4355 στρατηγὸς,
3186 4282 3215 4336 6
3249 4282 3350 4353 τῆς
3379 4281 3534 4346 θείας
3567 4297 3805 4354 χειροτοο

513 4365 709 4421 divinae
742 4367 1030 4423 electionis
1081 4370 1349 4424 calculum
1415 4387 1524 4428 nou
1568 4372 1958 4445 dedecoravit,
2007 4377 2103 4445 qui

2207 4378 2327 4443 νίας
2369 4377 2445 4450 μὴ
2481 4377 2823 4449 καθυϐρίσας
2857 4376 2957 4449 τὴν
2991 4375 3211 4447 ψῆφον,
3250 4376 3281 4427 6
3324 4372 3711 4444 ἁμιλλώμενον
3738 4374 3802 4443 τῇ

512 4459 682 4513 vitam
713 4474 834 4514 cum
867 4462 1042 4530 gratia
1067 4471 1369 4517 certantem
1392 4464 1666 4531 exhibuit,
1689 4475 1743 4521 et
1760 4469 1965 4536 pariter
1982 4483 2104 4535 eos,

2209 4472 2395 4544 χάριτι
2424 4472 2518 4525 τὸν
2548 4471 2663 4541 βίον
2697 4469 3113 4540 ἐπιδειξάμενος
3133 4508 3149 4534 ,
3179 4468 3276 4523 καὶ
3307 4467 3639 4540 προτρέπων
3668 4465 3803 4536 ὁμοῦ

514 4549 608 4619 qui
659 4564 787 4605 vere
837 4567 1053 4606 sacrum
1087 4555 1192 4609 hoc
1218 4553 1417 4609 bellum
1448 4556 1722 4623 militant,
1776 4560 2101 4614 exhortatus

2208 4565 2339 4628 τοὺς
2376 4563 2467 4617 τὸν
2497 4563 2642 4633 ἱερὸν
2675 4562 2847 4626 ὅντως
2873 4561 3249 4632 πολεμοῦντας
3278 4560 3538 4630 πόλεμον,
3581 4560 3679 4613 καὶ
3706 4559 3807 4611 οὐκ

515 4649 635 4705 est,
673 4655 775 4695 nec
803 4642 975 4696 altum
1010 4659 1201 4713 sapere
1227 4647 1511 4715 permisit,
1544 4657 1602 4701 ttt
1637 4649 1731 4718 qui
1773 4665 2102 4705 coronarum

2209 4656 2393 4725 ἀφιεὶς
2436 4656 2578 4727 μέγα
2622 4658 2874 4726 φρονεῖν,
2922 4654 3020 4709 ἁτε
3053 4652 3396 4723 νικωμένους
3436 4653 3503 4724 τῇ
3543 4650 3654 4704 τῶν
3686 4666 3807 4703 στε-

516 4735 958 4790 remuneratione
986 4737 1310 4806 vincantur,
1357 4738 1532 4793 instar
1578 4740 1922 4810 imperatoris
1968 4742 2105 4798 vali-

2206 4747 2392 4819 φὰνων
2422 4748 2690 4802 ἁντιδόσει
2710 4788 2725 4813 ,
2771 4743 3286 4818 στρατηγικώτερον
3317 4742 3449 4795 ἐϐόα
3469 4758 3483 4771 ³
3522 4759 3542 4793 ι
3580 4739 3808 4809 Λογίζο-

518 4823 640 4876 dius
675 4824 1037 4884 exclamavit:
1087 4846 1108 4882 ι
1145 4827 1356 4899 Reputo
1405 4830 1550 4885 enim
1586 4847 1693 4887 non
1743 4847 1864 4888 esse
1912 4834 2106 4906 dignas

2211 4854 2310 4910 μαι
2341 4836 2474 4909 γὰρ,
2505 4837 2587 4891 ὅτι
2624 4838 2726 4890 οὐκ
2750 4836 2877 4904 ἄξια
2915 4839 2985 4888 τὰ
3014 4836 3316 4906 παθήματα
3340 4832 3438 4888 τοῦ
3472 4830 3569 4886 νῦν
3610 4826 3805 4901 καιροῦ

519 4914 838 4971 alllictiunes
862 4917 1019 4986 huius
1055 4921 1315 4990 temporis
1336 4962 1352 4987 ,
1383 4936 1503 4991 qua:
1535 4938 1659 4978 cum
1712 4924 1882 4993 gloria
1923 4927 1975 4980 in
2009 4941 2107 4982 nos

2209 4929 2351 5004 πρὸς
2370 4929 2470 4999 τὴν
2494 4929 2796 4999 μέλλουσαν
2815 4926 2977 4992 δόξαν
2994 4924 3452 4995 ἀποκαλυφθῆναι
3474 4923 3556 4985 είς
3579 4921 3750 4991 ἡμᾶς.
3781 4937 3801 4972 ι

524 5005 807 5061 ··ονο1;ιιι‹1ει
849 5022 1254 5078 comparentur.
1270 5032 1289 5065 ι
1322 5012 1437 5067 Non
1460 5014 1580 5070 sine
1601 5031 1765 5071 causa
1788 5032 1917 5072 vero
1942 5018 2105 5084 dixit,

2222 5021 2708 5091 Ἀποκαλυφθῆναι
2756 5020 2813 5075 δὲ
2856 5015 2981 5074 εἷπε
3011 5019 3229 5082 δεικνὺς
3251 5058 3267 5083 ,
3296 5016 3375 5081 ὡς
3419 5016 3518 5069 καὶ
3548 5010 3648 5068 νῦν
3689 5012 3806 5064 ἐστι

521 5096 834 5165 revetentia;
864 5102 1109 5159 videlicet
1139 5111 1198 5158 ut
1233 5106 1545 5162 ostenderet
1578 5124 1700 5164 esse
1729 5110 1947 5180 quidem
1978 5124 2100 5166 eam

2215 5112 2315 5184 μὲν
2335 5152 2352 5181 ,
2383 5111 2688 5182 κρύπτεται
2731 5110 2826 5177 δὲ,
2859 5112 2986 5175 τοὺς
3029 5107 3141 5164 τῶν
3179 5104 3566 5177 τροπαιούχων
3597 5096 3804 5170 ἁναμέ-

601 5274 823 5331 "Rom.
860 5293 920 5343 tt,
952 5278 1038 5333 lO.
1117 5279 1162 5311 "
1186 5282 1348 5338 Rom.
1376 5298 1477 5351 vn,
1505 5284 1559 5340 8.
1635 5285 1680 5317 ⁸³
1721 5284 1881 5341 Rom.
1904 5301 2025 5353 νιιι,
2056 5284 2144 5341 l8.

1628 5452 1863 5509 VARIE
1900 5452 2291 5511 LECTIONES
2325 5454 2415 5510 ET
2453 5452 2687 5510 NOTAE.

603 5594 850 5681 (961F551
882 5602 1192 5673 χριστιανοῦ
1218 5604 1338 5681 cod.
1370 5604 1492 5660 Vat.
1521 5605 1626 5681 650
1651 5608 1830 5681 habet,
1860 5625 2111 5681 χριστια-

1760 5620 1830 5681 et,
1860 5625 2111 5681 χριστια-
2216 5607 2373 5681 Vere.
2427 5622 2552 5681 pen.
2591 5621 2679 5681 ep.
2716 5620 2814 5681 pro
2840 5606 2896 5660 οἴ
2920 5606 3106 5681 scribit
3139 5601 3265 5681 οἷοι.
3297 5604 3373 5681 In.

531 5668 943 5748 vtqua._va§.
1004 5688 1120 5748 seq.
1174 5674 1281 5744 πρό
1332 5684 1502 5729 mutat
1557 5679 1606 5729 iu
1660 5668 1926 5748 7:392:13.

2293 5678 2403 5748 (98)
2428 5668 2541 5731 Pro
2566 5668 2730 5730 οὔπω
2754 5675 2898 5748 idem
2929 5678 3051 5732 cod.
3086 5677 3246 5748 habet
3276 5676 3383 5748 οὐχ
3421 5673 3616 5739 οὕτως.
3652 5673 3798 5730 Vers.

600 5737 713 5816 $97)
741 5739 871 5816 Post
920 5737 1143 5816 χρόνους
1188 5737 1335 5816 aildit
1387 5748 1535 5811 haec,
1580 5737 1839 5815 ἐφθάκει,
1876 5749 1989 5803 axx
2035 5749 2114 5803 ἔτι

1737 5737 1839 5814 iet,
1876 5749 1989 5803 ἁλλ⁴
2035 5749 2114 5803 ἔτι
2222 5737 2338 5814 seq.
2362 5737 2495 5814 pag.
2528 5763 2643 5813 pro.
2678 5747 2852 5801 ταῦτα
2892 5747 3019 5816 legit
3058 5746 3236 5799 τοῦτο.
3273 5743 3350 5798 lo.

533 5808 645 5887 ’ξοῖς
686 5808 942 5887 ἀναξῖᾷρῴ
962 5808 1186 5887 ’χρόνοις
1223 5815 1327 5869 ὲνὸ.
1376 5808 1531 5871 Vera.
1576 5808 1695 5885 post
1737 5820 1771 5870 εὶ
1819 5808 1913 5887 pro
1958 5821 2115 5874 εὐσε-

2225 5885 2267 5887 __
2295 5808 2406 5886 ('99)
2439 5808 2580 5887 Edjt.
2617 5817 2815 5883 Paris"
2860 5808 2972 5870 ὐπὸ
3009 5816 3104 5870 τοῦ
3152 5816 3347 5887 νόμου.
3384 5814 3538 5871 Corr.
3590 5832 3653 5869 ex
3684 5814 3803 5871 cod.

539 5872 651 5938 σείς
687 5872 878 5934 scribit
906 5872 1195 5951 θεοσεϐεῖς,
1231 5897 1282 5940 et
1328 5902 1449 5942 mox
1492 5872 1610 5955 ροέι
1638 5888 1766 5950 τοὺς
1800 5872 1885 5942 Orttl
1914 5872 2007 5944 ltiti

1688 5888 1766 5950 rb;
1800 5872 1885 5942 Orttl
1914 5872 2007 5944 tut
2034 5872 2114 5946 ὲν.
2225 5872 2401 5942 νειίἱοξ
2426 5897 2480 5940 et
2504 5872 2836 5943 Rittershus.
2869 5887 2923 5943 in
2954 5889 3116 5943 notis.
3147 5872 3301 5940 linit.
