  <div class='ocr_page' id='page_1' title='image "/cluster/home/n/w/nwhite01/storage/ocr_20150623/78/coo.31924054869791/568.png"; bbox 0 0 4084 6354; ppageno 0'>
   <div class='ocr_carea' id='block_1_1' title="bbox 286 214 414 283">
    <p class='ocr_par' dir='ltr' id='par_1_1' title="bbox 286 214 414 283">
     <span class='ocr_line' id='line_1_1' title="bbox 286 214 414 283; baseline -0.008 -5"><span class='ocrx_word' id='word_1_1' title='bbox 286 214 414 283; x_wconf 70' lang='grc'><strong>1121</strong></span> 
     </span>
    </p>
   </div>
   <div class='ocr_carea' id='block_1_2' title="bbox 1188 221 2653 290">
    <p class='ocr_par' dir='ltr' id='par_1_2' title="bbox 1188 221 2653 290">
     <span class='ocr_line' id='line_1_2' title="bbox 1188 221 2653 290; baseline 0.005 -8"><span class='ocrx_word' id='word_1_2' title='bbox 1188 221 1734 285; x_wconf 82' lang='lat' dir='ltr'><strong>EPISTOLARUM</strong></span> <span class='ocrx_word' id='word_1_3' title='bbox 1768 222 1917 283; x_wconf 88' lang='lat' dir='ltr'><strong>LIB.</strong></span> <span class='ocrx_word' id='word_1_4' title='bbox 1961 222 2060 285; x_wconf 84' lang='lat' dir='ltr'><strong>IV.</strong></span> <span class='ocrx_word' id='word_1_5' title='bbox 2101 250 2174 260; x_wconf 87' lang='lat'><em>-</em></span> <span class='ocrx_word' id='word_1_6' title='bbox 2208 224 2451 288; x_wconf 86' lang='lat' dir='ltr'><strong>EPIST.</strong></span> <span class='ocrx_word' id='word_1_7' title='bbox 2481 228 2653 290; x_wconf 79' lang='lat' dir='ltr'><strong>LXV.</strong></span> 
     </span>
    </p>
   </div>
   <div class='ocr_carea' id='block_1_3' title="bbox 3447 233 3587 298">
    <p class='ocr_par' dir='ltr' id='par_1_3' title="bbox 3447 233 3587 298">
     <span class='ocr_line' id='line_1_3' title="bbox 3447 233 3587 298; baseline 0.014 -2"><span class='ocrx_word' id='word_1_8' title='bbox 3447 233 3587 298; x_wconf 78' lang='grc'><strong>1122</strong></span> 
     </span>
    </p>
   </div>
   <div class='ocr_carea' id='block_1_4' title="bbox 276 326 1876 412">
    <p class='ocr_par' dir='ltr' id='par_1_4' title="bbox 276 326 1876 404">
     <span class='ocr_line' id='line_1_4' title="bbox 276 326 1876 404; baseline 0.001 -21"><span class='ocrx_word' id='word_1_9' title='bbox 276 345 449 383; x_wconf 77' lang='grc' dir='ltr'><strong>νουσα</strong></span> <span class='ocrx_word' id='word_1_10' title='bbox 479 326 701 393; x_wconf 77' lang='grc' dir='ltr'><strong>πόνους.</strong></span> <span class='ocrx_word' id='word_1_11' title='bbox 730 330 792 383; x_wconf 85' lang='grc' dir='ltr'><strong>Εἰ</strong></span> <span class='ocrx_word' id='word_1_12' title='bbox 815 328 873 383; x_wconf 77' lang='grc' dir='ltr'><strong>δὲ</strong></span> <span class='ocrx_word' id='word_1_13' title='bbox 899 330 961 383; x_wconf 79' lang='grc' dir='ltr'><strong>τὸ</strong></span> <span class='ocrx_word' id='word_1_14' title='bbox 993 329 1210 402; x_wconf 79' lang='grc' dir='ltr'><strong>μέλλειν</strong></span> <span class='ocrx_word' id='word_1_15' title='bbox 1234 330 1427 398; x_wconf 78' lang='grc' dir='ltr'><strong>λυπεῖ,</strong></span> <span class='ocrx_word' id='word_1_16' title='bbox 1456 332 1619 387; x_wconf 82' lang='grc' dir='ltr'><strong>τοῦτο</strong></span> <span class='ocrx_word' id='word_1_17' title='bbox 1648 333 1876 404; x_wconf 81' lang='grc' dir='ltr'><strong>εὐφραι-</strong></span> 
     </span>
    </p>
   </div>
   <div class='ocr_carea' id='block_1_5' title="bbox 1983 326 3588 412">
    <p class='ocr_par' dir='ltr' id='par_1_5' title="bbox 1990 333 3588 412">
     <span class='ocr_line' id='line_1_5' title="bbox 1990 333 3588 412; baseline 0.008 -26"><span class='ocrx_word' id='word_1_18' title='bbox 1990 333 2220 404; x_wconf 77' lang='lat' dir='ltr'><strong>gloriam</strong></span> <span class='ocrx_word' id='word_1_19' title='bbox 2250 351 2396 391; x_wconf 88' lang='lat' dir='ltr'><strong>nunc</strong></span> <span class='ocrx_word' id='word_1_20' title='bbox 2425 352 2660 407; x_wconf 90' lang='lat' dir='ltr'><strong>quoque,</strong></span> <span class='ocrx_word' id='word_1_21' title='bbox 2688 336 2783 392; x_wconf 92' lang='lat' dir='ltr'><strong>sed</strong></span> <span class='ocrx_word' id='word_1_22' title='bbox 2818 338 3109 407; x_wconf 85' lang='lat' dir='ltr'><strong>occultari,</strong></span> <span class='ocrx_word' id='word_1_23' title='bbox 3147 339 3274 395; x_wconf 90' lang='lat' dir='ltr'><strong>dum</strong></span> <span class='ocrx_word' id='word_1_24' title='bbox 3305 351 3588 412; x_wconf 78' lang='lat' dir='ltr'><strong>exspectet</strong></span> 
     </span>
    </p>
   </div>
   <div class='ocr_carea' id='block_1_6' title="bbox 276 421 1882 496">
    <p class='ocr_par' dir='ltr' id='par_1_6' title="bbox 276 421 1882 496">
     <span class='ocr_line' id='line_1_6' title="bbox 276 421 1882 496; baseline 0.002 -21"><span class='ocrx_word' id='word_1_25' title='bbox 276 422 337 475; x_wconf 82' lang='grc' dir='ltr'><strong>νέ</strong></span> <span class='ocrx_word' id='word_1_26' title='bbox 349 440 420 476; x_wconf 77' lang='grc' dir='ltr'><strong>τω</strong></span> <span class='ocrx_word' id='word_1_27' title='bbox 455 421 660 490; x_wconf 82' lang='grc' dir='ltr'><strong>μᾶλλον</strong></span> <span class='ocrx_word' id='word_1_28' title='bbox 684 422 815 487; x_wconf 80' lang='grc' dir='ltr'><strong>τοὺς</strong></span> <span class='ocrx_word' id='word_1_29' title='bbox 844 421 952 476; x_wconf 89' lang='grc' dir='ltr'><strong>τῶν</strong></span> <span class='ocrx_word' id='word_1_30' title='bbox 982 422 1175 478; x_wconf 87' lang='grc' dir='ltr'><strong>παθῶν</strong></span> <span class='ocrx_word' id='word_1_31' title='bbox 1201 424 1297 477; x_wconf 78' lang='grc' dir='ltr'><strong>καὶ</strong></span> <span class='ocrx_word' id='word_1_32' title='bbox 1334 423 1442 479; x_wconf 90' lang='grc' dir='ltr'><strong>τῶν</strong></span> <span class='ocrx_word' id='word_1_33' title='bbox 1471 424 1747 496; x_wconf 80' lang='grc' dir='ltr'><strong>δαιμόνων</strong></span> <span class='ocrx_word' id='word_1_34' title='bbox 1780 441 1882 478; x_wconf 89' lang='grc' dir='ltr'><strong>κα-</strong></span> 
     </span>
    </p>
   </div>
   <div class='ocr_carea' id='block_1_7' title="bbox 274 508 1878 587">
    <p class='ocr_par' dir='ltr' id='par_1_7' title="bbox 274 508 1878 587">
     <span class='ocr_line' id='line_1_7' title="bbox 274 508 1878 587; baseline -0.001 -20"><span class='ocrx_word' id='word_1_35' title='bbox 274 510 612 584; x_wconf 81' lang='grc' dir='ltr'><strong>θαιροῦντας</strong></span> <span class='ocrx_word' id='word_1_36' title='bbox 640 512 710 565; x_wconf 87' lang='grc' dir='ltr'><strong>τὰ</strong></span> <span class='ocrx_word' id='word_1_37' title='bbox 738 511 1094 584; x_wconf 77' lang='grc' dir='ltr'><strong>ὀχυρώματα.</strong></span> <span class='ocrx_word' id='word_1_38' title='bbox 1147 514 1222 567; x_wconf 84' lang='grc' dir='ltr'>Τὸ</span> <span class='ocrx_word' id='word_1_39' title='bbox 1261 513 1372 587; x_wconf 80' lang='grc' dir='ltr'><strong>γὰρ</strong></span> <span class='ocrx_word' id='word_1_40' title='bbox 1423 514 1657 586; x_wconf 81' lang='grc' dir='ltr'><strong>μεγίστη</strong></span> <span class='ocrx_word' id='word_1_41' title='bbox 1701 508 1878 576; x_wconf 76' lang='grc' dir='ltr'><strong>εἶναι,</strong></span> 
     </span>
    </p>
   </div>
   <div class='ocr_carea' id='block_1_8' title="bbox 275 605 1882 678">
    <p class='ocr_par' dir='ltr' id='par_1_8' title="bbox 275 605 1882 678">
     <span class='ocr_line' id='line_1_8' title="bbox 275 605 1882 678; baseline -0.001 -18"><span class='ocrx_word' id='word_1_42' title='bbox 275 606 375 660; x_wconf 81' lang='grc' dir='ltr'><strong>καὶ</strong></span> <span class='ocrx_word' id='word_1_43' title='bbox 405 605 565 674; x_wconf 82' lang='grc' dir='ltr'><strong>λόγον</strong></span> <span class='ocrx_word' id='word_1_44' title='bbox 599 605 687 660; x_wconf 74' lang='grc' dir='ltr'><strong>καί</strong></span> <span class='ocrx_word' id='word_1_45' title='bbox 728 605 855 659; x_wconf 83' lang='grc' dir='ltr'><strong>νοῦν</strong></span> <span class='ocrx_word' id='word_1_46' title='bbox 886 607 980 660; x_wconf 75' lang='grc' dir='ltr'><strong>καὶ</strong></span> <span class='ocrx_word' id='word_1_47' title='bbox 1002 606 1103 675; x_wconf 79' lang='grc' dir='ltr'><strong>τὴν</strong></span> <span class='ocrx_word' id='word_1_48' title='bbox 1140 605 1426 678; x_wconf 86' lang='grc' dir='ltr'><strong>παροῦσαν</strong></span> <span class='ocrx_word' id='word_1_49' title='bbox 1452 607 1790 661; x_wconf 77' lang='grc' dir='ltr'><strong>κατάστασιν</strong></span> <span class='ocrx_word' id='word_1_50' title='bbox 1818 607 1882 659; x_wconf 81' lang='grc' dir='ltr'><strong>ὲκ</strong></span> 
     </span>
    </p>
   </div>
   <div class='ocr_carea' id='block_1_9' title="bbox 273 686 1879 771">
    <p class='ocr_par' dir='ltr' id='par_1_9' title="bbox 273 686 1879 771">
     <span class='ocr_line' id='line_1_9' title="bbox 273 686 1879 771; baseline 0.001 -19"><span class='ocrx_word' id='word_1_51' title='bbox 273 698 480 752; x_wconf 79' lang='grc' dir='ltr'><strong>πολλοῦ</strong></span> <span class='ocrx_word' id='word_1_52' title='bbox 506 697 603 751; x_wconf 80' lang='grc' dir='ltr'><strong>τοῦ</strong></span> <span class='ocrx_word' id='word_1_53' title='bbox 633 686 918 771; x_wconf 80' lang='grc' dir='ltr'><strong>περίοντος</strong></span> <span class='ocrx_word' id='word_1_54' title='bbox 942 698 1323 771; x_wconf 80' lang='grc' dir='ltr'><strong>ὑπερϐαίνειν,</strong></span> <span class='ocrx_word' id='word_1_55' title='bbox 1355 701 1476 754; x_wconf 79' lang='grc' dir='ltr'><strong>ἐκεῖ</strong></span> <span class='ocrx_word' id='word_1_56' title='bbox 1495 699 1879 770; x_wconf 85' lang='grc' dir='ltr'><strong>τεταμίευται.</strong></span> 
     </span>
    </p>
   </div>
   <div class='ocr_carea' id='block_1_10' title="bbox 272 787 1885 864">
    <p class='ocr_par' dir='ltr' id='par_1_10' title="bbox 272 787 1885 864">
     <span class='ocr_line' id='line_1_10' title="bbox 272 787 1885 864; baseline -0.001 -18"><span class='ocrx_word' id='word_1_57' title='bbox 272 790 415 846; x_wconf 76' lang='grc' dir='ltr'><strong>οὐδὲ</strong></span> <span class='ocrx_word' id='word_1_58' title='bbox 444 791 554 862; x_wconf 84' lang='grc' dir='ltr'><strong>γὰρ</strong></span> <span class='ocrx_word' id='word_1_59' title='bbox 597 790 788 856; x_wconf 84' lang='grc' dir='ltr'><strong>ἁπλῶς</strong></span> <span class='ocrx_word' id='word_1_60' title='bbox 817 787 977 846; x_wconf 84' lang='grc' dir='ltr'><strong>εἷπε’</strong></span> <span class='ocrx_word' id='word_1_61' title='bbox 1023 793 1106 847; x_wconf 87' lang='grc' dir='ltr'><strong>Τά</strong></span> <span class='ocrx_word' id='word_1_62' title='bbox 1144 792 1447 864; x_wconf 82' lang='grc' dir='ltr'><strong>παθήματα</strong></span> <span class='ocrx_word' id='word_1_63' title='bbox 1491 793 1586 846; x_wconf 81' lang='grc' dir='ltr'><strong>τοῦ</strong></span> <span class='ocrx_word' id='word_1_64' title='bbox 1619 791 1716 847; x_wconf 80' lang='grc' dir='ltr'><strong>νῦν</strong></span> <span class='ocrx_word' id='word_1_65' title='bbox 1760 808 1885 846; x_wconf 88' lang='grc' dir='ltr'><strong>και-</strong></span> 
     </span>
    </p>
   </div>
   <div class='ocr_carea' id='block_1_11' title="bbox 276 884 1884 959">
    <p class='ocr_par' dir='ltr' id='par_1_11' title="bbox 276 884 1884 959">
     <span class='ocr_line' id='line_1_11' title="bbox 276 884 1884 959; baseline -0.001 -21"><span class='ocrx_word' id='word_1_66' title='bbox 276 884 414 957; x_wconf 82' lang='grc' dir='ltr'><strong>ροῦ·</strong></span> <span class='ocrx_word' id='word_1_67' title='bbox 460 885 576 939; x_wconf 85' lang='grc' dir='ltr'><strong>ἀλλ’</strong></span> <span class='ocrx_word' id='word_1_68' title='bbox 613 884 701 938; x_wconf 84' lang='grc' dir='ltr'><strong>τνα</strong></span> <span class='ocrx_word' id='word_1_69' title='bbox 744 885 897 959; x_wconf 80' lang='grc' dir='ltr'><strong>δείξῃ</strong></span> <span class='ocrx_word' id='word_1_70' title='bbox 928 885 1071 939; x_wconf 86' lang='grc' dir='ltr'><strong>αὑτά</strong></span> <span class='ocrx_word' id='word_1_71' title='bbox 1117 886 1219 958; x_wconf 82' lang='grc' dir='ltr'><strong>οὐχ</strong></span> <span class='ocrx_word' id='word_1_72' title='bbox 1269 887 1352 940; x_wconf 85' lang='grc' dir='ltr'><strong>ὅτι</strong></span> <span class='ocrx_word' id='word_1_73' title='bbox 1400 886 1653 957; x_wconf 77' lang='grc' dir='ltr'><strong>ποιότητι</strong></span> <span class='ocrx_word' id='word_1_74' title='bbox 1689 884 1884 956; x_wconf 89' lang='grc' dir='ltr'><strong>μόνον,</strong></span> 
     </span>
    </p>
   </div>
   <div class='ocr_carea' id='block_1_12' title="bbox 271 976 1888 1051">
    <p class='ocr_par' dir='ltr' id='par_1_12' title="bbox 271 976 1888 1051">
     <span class='ocr_line' id='line_1_12' title="bbox 271 976 1888 1051; baseline 0 -20"><span class='ocrx_word' id='word_1_75' title='bbox 271 976 417 1031; x_wconf 80' lang='grc' dir='ltr'><strong>ἀλλὰ</strong></span> <span class='ocrx_word' id='word_1_76' title='bbox 463 976 561 1031; x_wconf 79' lang='grc' dir='ltr'><strong>καὶ</strong></span> <span class='ocrx_word' id='word_1_77' title='bbox 598 977 863 1047; x_wconf 82' lang='grc' dir='ltr'><strong>ποσότητι</strong></span> <span class='ocrx_word' id='word_1_78' title='bbox 911 977 1192 1049; x_wconf 88' lang='grc' dir='ltr'><strong>νικώμενα</strong></span> <span class='ocrx_word' id='word_1_79' title='bbox 1222 978 1311 1051; x_wconf 84' lang='grc' dir='ltr'><strong>(τὰ</strong></span> <span class='ocrx_word' id='word_1_80' title='bbox 1346 978 1448 1049; x_wconf 78' lang='grc' dir='ltr'><strong>μὲν</strong></span> <span class='ocrx_word' id='word_1_81' title='bbox 1478 978 1590 1050; x_wconf 81' lang='grc' dir='ltr'><strong>γὰρ</strong></span> <span class='ocrx_word' id='word_1_82' title='bbox 1629 976 1709 1049; x_wconf 84' lang='grc' dir='ltr'><strong>τῷ</strong></span> <span class='ocrx_word' id='word_1_83' title='bbox 1742 993 1888 1048; x_wconf 66' lang='grc' dir='ltr'><strong>παρα</strong></span> 
     </span>
    </p>
   </div>
   <div class='ocr_carea' id='block_1_13' title="bbox 271 1066 1881 1141">
    <p class='ocr_par' dir='ltr' id='par_1_13' title="bbox 271 1066 1881 1141">
     <span class='ocr_line' id='line_1_13' title="bbox 271 1066 1881 1141; baseline -0.001 -18"><span class='ocrx_word' id='word_1_84' title='bbox 271 1066 391 1123; x_wconf 75' lang='grc' dir='ltr'><strong>ὀντι</strong></span> <span class='ocrx_word' id='word_1_85' title='bbox 436 1067 878 1138; x_wconf 82' lang='grc' dir='ltr'><strong>συγκαταλύεται</strong></span> <span class='ocrx_word' id='word_1_86' title='bbox 902 1068 1035 1140; x_wconf 72' lang='grc' dir='ltr'><strong>βίῳο</strong></span> <span class='ocrx_word' id='word_1_87' title='bbox 1080 1069 1151 1124; x_wconf 81' lang='grc' dir='ltr'><strong>τὰ</strong></span> <span class='ocrx_word' id='word_1_88' title='bbox 1197 1070 1255 1123; x_wconf 82' lang='grc' dir='ltr'><strong>δὲ</strong></span> <span class='ocrx_word' id='word_1_89' title='bbox 1289 1069 1582 1133; x_wconf 78' lang='grc' dir='ltr'><strong>ἀθανάτοις</strong></span> <span class='ocrx_word' id='word_1_90' title='bbox 1617 1085 1881 1141; x_wconf 88' lang='grc' dir='ltr'><strong>συμπαρ-</strong></span> 
     </span>
    </p>
   </div>
   <div class='ocr_carea' id='block_1_14' title="bbox 272 1158 1885 1234">
    <p class='ocr_par' dir='ltr' id='par_1_14' title="bbox 272 1158 1885 1234">
     <span class='ocr_line' id='line_1_14' title="bbox 272 1158 1885 1234; baseline 0 -20"><span class='ocrx_word' id='word_1_91' title='bbox 272 1161 587 1216; x_wconf 83' lang='grc' dir='ltr'><strong>εκτείνεται</strong></span> <span class='ocrx_word' id='word_1_92' title='bbox 624 1159 841 1231; x_wconf 83' lang='grc' dir='ltr'><strong>αἰῶσιν)</strong></span> <span class='ocrx_word' id='word_1_93' title='bbox 866 1179 880 1192; x_wconf 92' lang='grc'><strong>·</strong></span> <span class='ocrx_word' id='word_1_94' title='bbox 925 1161 1091 1233; x_wconf 74' lang='grc' dir='ltr'><strong>ἅπερ,</strong></span> <span class='ocrx_word' id='word_1_95' title='bbox 1130 1162 1320 1234; x_wconf 75' lang='grc' dir='ltr'><strong>ἐπειδὴ</strong></span> <span class='ocrx_word' id='word_1_96' title='bbox 1359 1159 1483 1216; x_wconf 73' lang='grc' dir='ltr'><strong>οὕτε</strong></span> <span class='ocrx_word' id='word_1_97' title='bbox 1517 1160 1708 1231; x_wconf 81' lang='grc' dir='ltr'><strong>σαφῶς</strong></span> <span class='ocrx_word' id='word_1_98' title='bbox 1755 1158 1885 1214; x_wconf 73' lang='grc' dir='ltr'><strong>οὔτε</strong></span> 
     </span>
    </p>
   </div>
   <div class='ocr_carea' id='block_1_15' title="bbox 270 1249 1883 1326">
    <p class='ocr_par' dir='ltr' id='par_1_15' title="bbox 270 1249 1883 1326">
     <span class='ocr_line' id='line_1_15' title="bbox 270 1249 1883 1326; baseline -0.002 -17"><span class='ocrx_word' id='word_1_99' title='bbox 270 1256 423 1309; x_wconf 86' lang='grc' dir='ltr'><strong>κατά</strong></span> <span class='ocrx_word' id='word_1_100' title='bbox 471 1254 639 1325; x_wconf 82' lang='grc' dir='ltr'><strong>μέρος</strong></span> <span class='ocrx_word' id='word_1_101' title='bbox 683 1254 1041 1326; x_wconf 81' lang='grc' dir='ltr'><strong>παραστῆσαι</strong></span> <span class='ocrx_word' id='word_1_102' title='bbox 1084 1253 1163 1325; x_wconf 82' lang='grc' dir='ltr'><strong>τῷ</strong></span> <span class='ocrx_word' id='word_1_103' title='bbox 1209 1254 1357 1326; x_wconf 84' lang='grc' dir='ltr'><strong>λόγῳ</strong></span> <span class='ocrx_word' id='word_1_104' title='bbox 1399 1249 1580 1324; x_wconf 76' lang='grc' dir='ltr'><strong>εἶχεν,</strong></span> <span class='ocrx_word' id='word_1_105' title='bbox 1621 1252 1734 1307; x_wconf 82' lang='grc' dir='ltr'><strong>ἀπὸ</strong></span> <span class='ocrx_word' id='word_1_106' title='bbox 1780 1252 1883 1324; x_wconf 82' lang='grc' dir='ltr'><strong>τῆς</strong></span> 
     </span>
    </p>
   </div>
   <div class='ocr_carea' id='block_1_16' title="bbox 274 1341 1881 1418">
    <p class='ocr_par' dir='ltr' id='par_1_16' title="bbox 274 1341 1881 1418">
     <span class='ocr_line' id='line_1_16' title="bbox 274 1341 1881 1418; baseline 0 -19"><span class='ocrx_word' id='word_1_107' title='bbox 274 1345 520 1416; x_wconf 76' lang='grc' dir='ltr'><strong>μάλιστα</strong></span> <span class='ocrx_word' id='word_1_108' title='bbox 545 1345 813 1418; x_wconf 85' lang='grc' dir='ltr'><strong>δοκούσης</strong></span> <span class='ocrx_word' id='word_1_109' title='bbox 848 1341 991 1401; x_wconf 79' lang='grc' dir='ltr'><strong>εἶναι</strong></span> <span class='ocrx_word' id='word_1_110' title='bbox 1021 1347 1154 1418; x_wconf 85' lang='grc' dir='ltr'><strong>παρ’</strong></span> <span class='ocrx_word' id='word_1_111' title='bbox 1187 1349 1322 1417; x_wconf 81' lang='grc' dir='ltr'><strong>ἡμῖν</strong></span> <span class='ocrx_word' id='word_1_112' title='bbox 1355 1346 1663 1417; x_wconf 81' lang='grc' dir='ltr'><strong>ὲπεράστου</strong></span> <span class='ocrx_word' id='word_1_113' title='bbox 1699 1343 1881 1414; x_wconf 80' lang='grc' dir='ltr'><strong>δόξης,</strong></span> 
     </span>
    </p>
   </div>
   <div class='ocr_carea' id='block_1_17' title="bbox 269 1438 1879 1515">
    <p class='ocr_par' dir='ltr' id='par_1_17' title="bbox 269 1438 1879 1515">
     <span class='ocr_line' id='line_1_17' title="bbox 269 1438 1879 1515; baseline -0.001 -22"><span class='ocrx_word' id='word_1_114' title='bbox 269 1439 418 1493; x_wconf 80' lang='grc' dir='ltr'><strong>αὺτά</strong></span> <span class='ocrx_word' id='word_1_115' title='bbox 474 1440 947 1514; x_wconf 82' lang='grc' dir='ltr'><strong>προσηγόρευσεν.</strong></span> <span class='ocrx_word' id='word_1_116' title='bbox 1020 1441 1086 1495; x_wconf 84' lang='grc' dir='ltr'><strong>Ἦ</strong></span> <span class='ocrx_word' id='word_1_117' title='bbox 1141 1443 1253 1515; x_wconf 83' lang='grc' dir='ltr'><strong>γὰρ</strong></span> <span class='ocrx_word' id='word_1_118' title='bbox 1303 1440 1523 1513; x_wconf 81' lang='grc' dir='ltr'><strong>κορυφὴ</strong></span> <span class='ocrx_word' id='word_1_119' title='bbox 1574 1438 1687 1494; x_wconf 88' lang='grc' dir='ltr'><strong>τῶν</strong></span> <span class='ocrx_word' id='word_1_120' title='bbox 1745 1438 1879 1511; x_wconf 70' lang='grc' dir='ltr'><strong>ἀρεο</strong></span> 
     </span>
    </p>
   </div>
   <div class='ocr_carea' id='block_1_18' title="bbox 264 1529 1038 1604">
    <p class='ocr_par' dir='ltr' id='par_1_18' title="bbox 264 1529 1038 1604">
     <span class='ocr_line' id='line_1_18' title="bbox 264 1529 1038 1604; baseline 0.004 -19"><span class='ocrx_word' id='word_1_121' title='bbox 264 1532 383 1588; x_wconf 83' lang='grc' dir='ltr'><strong>τῶν</strong></span> <span class='ocrx_word' id='word_1_122' title='bbox 414 1533 494 1604; x_wconf 92' lang='grc' dir='ltr'>(ι)</span> <span class='ocrx_word' id='word_1_123' title='bbox 528 1532 670 1604; x_wconf 72' lang='grc' dir='ltr'><strong>αὕτη</strong></span> <span class='ocrx_word' id='word_1_124' title='bbox 696 1529 838 1588; x_wconf 84' lang='grc' dir='ltr'><strong>εἶναι</strong></span> <span class='ocrx_word' id='word_1_125' title='bbox 868 1535 1038 1588; x_wconf 85' lang='grc' dir='ltr'><strong>δοκεῖ.</strong></span> 
     </span>
    </p>
   </div>
   <div class='ocr_carea' id='block_1_19' title="bbox 1992 424 3582 497">
    <p class='ocr_par' dir='ltr' id='par_1_19' title="bbox 1992 424 3582 497">
     <span class='ocr_line' id='line_1_19' title="bbox 1992 424 3582 497; baseline 0.008 -21"><span class='ocrx_word' id='word_1_126' title='bbox 1992 424 2261 479; x_wconf 81' lang='lat' dir='ltr'><strong>victorum</strong></span> <span class='ocrx_word' id='word_1_127' title='bbox 2309 441 2374 481; x_wconf 91' lang='lat' dir='ltr'><strong>ac</strong></span> <span class='ocrx_word' id='word_1_128' title='bbox 2417 427 2874 497; x_wconf 83' lang='lat' dir='ltr'><strong>triumphatorqu</strong></span> <span class='ocrx_word' id='word_1_129' title='bbox 2920 429 3153 485; x_wconf 89' lang='lat' dir='ltr'><strong>labores.</strong></span> <span class='ocrx_word' id='word_1_130' title='bbox 3190 432 3344 497; x_wconf 81' lang='lat' dir='ltr'><strong>Quod</strong></span> <span class='ocrx_word' id='word_1_131' title='bbox 3395 433 3441 487; x_wconf 89' lang='lat' dir='ltr'><strong>si</strong></span> <span class='ocrx_word' id='word_1_132' title='bbox 3494 435 3582 489; x_wconf 82' lang='lat' dir='ltr'><strong>cui</strong></span> 
     </span>
    </p>
   </div>
   <div class='ocr_carea' id='block_1_20' title="bbox 1993 515 3584 592">
    <p class='ocr_par' dir='ltr' id='par_1_20' title="bbox 1993 515 3584 592">
     <span class='ocr_line' id='line_1_20' title="bbox 1993 515 3584 592; baseline 0.006 -23"><span class='ocrx_word' id='word_1_133' title='bbox 1993 515 2184 569; x_wconf 77' lang='lat' dir='ltr'><strong>dilatio</strong></span> <span class='ocrx_word' id='word_1_134' title='bbox 2216 517 2305 570; x_wconf 88' lang='lat' dir='ltr'><strong>illa</strong></span> <span class='ocrx_word' id='word_1_135' title='bbox 2331 518 2557 572; x_wconf 85' lang='lat' dir='ltr'><strong>molesta</strong></span> <span class='ocrx_word' id='word_1_136' title='bbox 2588 521 2809 584; x_wconf 87' lang='lat' dir='ltr'><strong>accidit,</strong></span> <span class='ocrx_word' id='word_1_137' title='bbox 2833 522 2933 575; x_wconf 87' lang='lat' dir='ltr'><strong>hoc</strong></span> <span class='ocrx_word' id='word_1_138' title='bbox 2966 524 3139 589; x_wconf 81' lang='lat' dir='ltr'><strong>magis</strong></span> <span class='ocrx_word' id='word_1_139' title='bbox 3168 524 3436 576; x_wconf 78' lang='lat' dir='ltr'><strong>exliilaret</strong></span> <span class='ocrx_word' id='word_1_140' title='bbox 3467 538 3584 592; x_wconf 89' lang='lat' dir='ltr'><strong>eos,</strong></span> 
     </span>
    </p>
   </div>
   <div class='ocr_carea' id='block_1_21' title="bbox 1991 607 3587 684">
    <p class='ocr_par' dir='ltr' id='par_1_21' title="bbox 1991 607 3587 684">
     <span class='ocr_line' id='line_1_21' title="bbox 1991 607 3587 684; baseline 0.008 -26"><span class='ocrx_word' id='word_1_141' title='bbox 1991 610 2081 677; x_wconf 90' lang='lat' dir='ltr'><strong>qui</strong></span> <span class='ocrx_word' id='word_1_142' title='bbox 2113 607 2462 663; x_wconf 65' lang='lat' dir='ltr'><strong>auliclionum</strong></span> <span class='ocrx_word' id='word_1_143' title='bbox 2512 626 2576 666; x_wconf 86' lang='lat' dir='ltr'><strong>ac</strong></span> <span class='ocrx_word' id='word_1_144' title='bbox 2616 613 2917 666; x_wconf 67' lang='lat' dir='ltr'><strong>daemonum</strong></span> <span class='ocrx_word' id='word_1_145' title='bbox 2962 617 3363 684; x_wconf 66' lang='lat' dir='ltr'><strong>propugnacula</strong></span> <span class='ocrx_word' id='word_1_146' title='bbox 3397 618 3587 671; x_wconf 90' lang='lat' dir='ltr'><strong>demo-</strong></span> 
     </span>
    </p>
   </div>
   <div class='ocr_carea' id='block_1_22' title="bbox 1992 700 3588 777">
    <p class='ocr_par' dir='ltr' id='par_1_22' title="bbox 1992 700 3588 777">
     <span class='ocr_line' id='line_1_22' title="bbox 1992 700 3588 777; baseline 0.006 -22"><span class='ocrx_word' id='word_1_147' title='bbox 1992 701 2216 756; x_wconf 90' lang='lat' dir='ltr'><strong>liuntur.</strong></span> <span class='ocrx_word' id='word_1_148' title='bbox 2246 700 2381 756; x_wconf 86' lang='lat' dir='ltr'><strong>Nam</strong></span> <span class='ocrx_word' id='word_1_149' title='bbox 2409 705 2526 759; x_wconf 58' lang='lat' dir='ltr'><strong>haec</strong></span> <span class='ocrx_word' id='word_1_150' title='bbox 2556 704 2724 773; x_wconf 65' lang='lat' dir='ltr'><strong>ipsum</strong></span> <span class='ocrx_word' id='word_1_151' title='bbox 2757 706 2825 760; x_wconf 91' lang='lat' dir='ltr'><strong>ob</strong></span> <span class='ocrx_word' id='word_1_152' title='bbox 2853 722 3098 771; x_wconf 83' lang='lat' dir='ltr'><strong>causam,</strong></span> <span class='ocrx_word' id='word_1_153' title='bbox 3142 709 3383 777; x_wconf 76' lang='lat' dir='ltr'><strong>quodsit</strong></span> <span class='ocrx_word' id='word_1_154' title='bbox 3409 712 3588 765; x_wconf 82' lang='lat' dir='ltr'><strong>maxi-</strong></span> 
     </span>
    </p>
   </div>
   <div class='ocr_carea' id='block_1_23' title="bbox 1996 794 3586 869">
    <p class='ocr_par' dir='ltr' id='par_1_23' title="bbox 1996 794 3586 869">
     <span class='ocr_line' id='line_1_23' title="bbox 1996 794 3586 869; baseline 0.006 -23"><span class='ocrx_word' id='word_1_155' title='bbox 1996 810 2081 847; x_wconf 90' lang='lat' dir='ltr'><strong>ma</strong></span> <span class='ocrx_word' id='word_1_156' title='bbox 2105 794 2214 865; x_wconf 87' lang='lat' dir='ltr'><strong>(illa</strong></span> <span class='ocrx_word' id='word_1_157' title='bbox 2235 795 2456 866; x_wconf 80' lang='lat' dir='ltr'><strong>gloria),</strong></span> <span class='ocrx_word' id='word_1_158' title='bbox 2491 806 2544 851; x_wconf 93' lang='lat' dir='ltr'><strong>et</strong></span> <span class='ocrx_word' id='word_1_159' title='bbox 2576 798 2838 852; x_wconf 88' lang='lat' dir='ltr'><strong>rati0nem</strong></span> <span class='ocrx_word' id='word_1_160' title='bbox 2864 800 3277 869; x_wconf 79' lang='lat' dir='ltr'><strong>orationemque</strong></span> <span class='ocrx_word' id='word_1_161' title='bbox 3306 812 3358 854; x_wconf 79' lang='lat' dir='ltr'><strong>et</strong></span> <span class='ocrx_word' id='word_1_162' title='bbox 3385 800 3586 855; x_wconf 84' lang='lat' dir='ltr'><strong>mentis</strong></span> 
     </span>
    </p>
   </div>
   <div class='ocr_carea' id='block_1_24' title="bbox 1994 885 3586 962">
    <p class='ocr_par' dir='ltr' id='par_1_24' title="bbox 1994 885 3586 962">
     <span class='ocr_line' id='line_1_24' title="bbox 1994 885 3586 962; baseline 0.004 -21"><span class='ocrx_word' id='word_1_163' title='bbox 1994 885 2247 941; x_wconf 63' lang='lat' dir='ltr'><strong>humana!</strong></span> <span class='ocrx_word' id='word_1_164' title='bbox 2275 901 2519 958; x_wconf 87' lang='lat' dir='ltr'><strong>captum,</strong></span> <span class='ocrx_word' id='word_1_165' title='bbox 2547 899 2601 944; x_wconf 85' lang='lat' dir='ltr'><strong>et</strong></span> <span class='ocrx_word' id='word_1_166' title='bbox 2632 902 2955 958; x_wconf 72' lang='lat' dir='ltr'><strong>pra-sentem</strong></span> <span class='ocrx_word' id='word_1_167' title='bbox 2985 890 3355 946; x_wconf 73' lang='lat' dir='ltr'><strong>conditionem</strong></span> <span class='ocrx_word' id='word_1_168' title='bbox 3389 893 3586 962; x_wconf 82' lang='lat' dir='ltr'><strong>longis-</strong></span> 
     </span>
    </p>
   </div>
   <div class='ocr_carea' id='block_1_25' title="bbox 1995 979 3586 1056">
    <p class='ocr_par' dir='ltr' id='par_1_25' title="bbox 1995 979 3586 1056">
     <span class='ocr_line' id='line_1_25' title="bbox 1995 979 3586 1056; baseline 0.005 -23"><span class='ocrx_word' id='word_1_169' title='bbox 1995 979 2135 1034; x_wconf 86' lang='lat' dir='ltr'><strong>simo</strong></span> <span class='ocrx_word' id='word_1_170' title='bbox 2173 980 2461 1035; x_wconf 86' lang='lat' dir='ltr'><strong>intervallo</strong></span> <span class='ocrx_word' id='word_1_171' title='bbox 2489 983 2861 1048; x_wconf 71' lang='lat' dir='ltr'><strong>transcendat,</strong></span> <span class='ocrx_word' id='word_1_172' title='bbox 2893 983 2945 1036; x_wconf 91' lang='lat' dir='ltr'><strong>iu</strong></span> <span class='ocrx_word' id='word_1_173' title='bbox 2980 985 3152 1037; x_wconf 82' lang='lat' dir='ltr'><strong>altero</strong></span> <span class='ocrx_word' id='word_1_174' title='bbox 3194 987 3393 1040; x_wconf 81' lang='lat' dir='ltr'><strong>sarculo</strong></span> <span class='ocrx_word' id='word_1_175' title='bbox 3426 1002 3586 1056; x_wconf 86' lang='lat' dir='ltr'><strong>repo-</strong></span> 
     </span>
    </p>
   </div>
   <div class='ocr_carea' id='block_1_26' title="bbox 1991 1072 3585 1145">
    <p class='ocr_par' dir='ltr' id='par_1_26' title="bbox 1991 1072 3585 1145">
     <span class='ocr_line' id='line_1_26' title="bbox 1991 1072 3585 1145; baseline 0.005 -19"><span class='ocrx_word' id='word_1_176' title='bbox 1991 1072 2094 1127; x_wconf 86' lang='lat' dir='ltr'><strong>sita</strong></span> <span class='ocrx_word' id='word_1_177' title='bbox 2121 1083 2454 1129; x_wconf 76' lang='lat' dir='ltr'><strong>asservatur.</strong></span> <span class='ocrx_word' id='word_1_178' title='bbox 2481 1074 2668 1144; x_wconf 78' lang='lat' dir='ltr'><strong>Neque</strong></span> <span class='ocrx_word' id='word_1_179' title='bbox 2695 1076 2839 1130; x_wconf 91' lang='lat' dir='ltr'><strong>enim</strong></span> <span class='ocrx_word' id='word_1_180' title='bbox 2869 1076 3194 1145; x_wconf 74' lang='lat' dir='ltr'><strong>simpliciter</strong></span> <span class='ocrx_word' id='word_1_181' title='bbox 3226 1079 3382 1143; x_wconf 80' lang='lat' dir='ltr'><strong>dixit,</strong></span> <span class='ocrx_word' id='word_1_182' title='bbox 3403 1098 3424 1131; x_wconf 73' lang='grc' dir='ltr'><strong>ι</strong></span> <span class='ocrx_word' id='word_1_183' title='bbox 3447 1079 3585 1135; x_wconf 54' lang='lat' dir='ltr'><strong>Pas.</strong></span> 
     </span>
    </p>
   </div>
   <div class='ocr_carea' id='block_1_27' title="bbox 1989 1162 3582 1236">
    <p class='ocr_par' dir='ltr' id='par_1_27' title="bbox 1989 1162 3582 1236">
     <span class='ocr_line' id='line_1_27' title="bbox 1989 1162 3582 1236; baseline 0.004 -19"><span class='ocrx_word' id='word_1_184' title='bbox 1989 1162 2172 1218; x_wconf 84' lang='lat' dir='ltr'><strong>siones</strong></span> <span class='ocrx_word' id='word_1_185' title='bbox 2212 1163 2376 1233; x_wconf 82' lang='lat' dir='ltr'><strong>hujus</strong></span> <span class='ocrx_word' id='word_1_186' title='bbox 2408 1167 2728 1236; x_wconf 65' lang='lat' dir='ltr'><strong>temporis,»</strong></span> <span class='ocrx_word' id='word_1_187' title='bbox 2767 1168 2860 1220; x_wconf 89' lang='lat' dir='ltr'><strong>sed</strong></span> <span class='ocrx_word' id='word_1_188' title='bbox 2891 1174 2949 1219; x_wconf 89' lang='lat' dir='ltr'><strong>ttt</strong></span> <span class='ocrx_word' id='word_1_189' title='bbox 2977 1166 3315 1234; x_wconf 83' lang='lat' dir='ltr'><strong>ostenderet,</strong></span> <span class='ocrx_word' id='word_1_190' title='bbox 3354 1168 3439 1220; x_wconf 88' lang='lat' dir='ltr'><strong>illa</strong></span> <span class='ocrx_word' id='word_1_191' title='bbox 3476 1185 3582 1223; x_wconf 91' lang='lat' dir='ltr'><strong>non</strong></span> 
     </span>
    </p>
   </div>
   <div class='ocr_carea' id='block_1_28' title="bbox 1989 1254 3582 1327">
    <p class='ocr_par' dir='ltr' id='par_1_28' title="bbox 1989 1254 3582 1327">
     <span class='ocr_line' id='line_1_28' title="bbox 1989 1254 3582 1327; baseline 0.001 -16"><span class='ocrx_word' id='word_1_192' title='bbox 1989 1254 2164 1311; x_wconf 80' lang='lat' dir='ltr'><strong>solum</strong></span> <span class='ocrx_word' id='word_1_193' title='bbox 2204 1255 2493 1323; x_wconf 90' lang='lat' dir='ltr'><strong>qualitate,</strong></span> <span class='ocrx_word' id='word_1_194' title='bbox 2541 1271 2731 1310; x_wconf 89' lang='lat' dir='ltr'><strong>verum</strong></span> <span class='ocrx_word' id='word_1_195' title='bbox 2776 1256 2939 1309; x_wconf 87' lang='lat' dir='ltr'><strong>etiam</strong></span> <span class='ocrx_word' id='word_1_196' title='bbox 2985 1257 3289 1326; x_wconf 78' lang='lat' dir='ltr'><strong>quantitate</strong></span> <span class='ocrx_word' id='word_1_197' title='bbox 3327 1259 3582 1327; x_wconf 86' lang='lat' dir='ltr'><strong>superari</strong></span> 
     </span>
    </p>
   </div>
   <div class='ocr_carea' id='block_1_29' title="bbox 1988 1346 3581 1417">
    <p class='ocr_par' dir='ltr' id='par_1_29' title="bbox 1988 1346 3581 1417">
     <span class='ocr_line' id='line_1_29' title="bbox 1988 1346 3581 1417; baseline 0.003 -18"><span class='ocrx_word' id='word_1_198' title='bbox 1988 1347 2118 1417; x_wconf 73' lang='lat' dir='ltr'><strong>(illa:</strong></span> <span class='ocrx_word' id='word_1_199' title='bbox 2146 1346 2289 1400; x_wconf 89' lang='lat' dir='ltr'><strong>enim</strong></span> <span class='ocrx_word' id='word_1_200' title='bbox 2310 1363 2432 1401; x_wconf 89' lang='lat' dir='ltr'><strong>cmn</strong></span> <span class='ocrx_word' id='word_1_201' title='bbox 2462 1349 2564 1403; x_wconf 87' lang='lat' dir='ltr'><strong>hac</strong></span> <span class='ocrx_word' id='word_1_202' title='bbox 2586 1350 2696 1402; x_wconf 87' lang='lat' dir='ltr'><strong>vita</strong></span> <span class='ocrx_word' id='word_1_203' title='bbox 2724 1349 3091 1403; x_wconf 86' lang='lat' dir='ltr'><strong>terminantur</strong></span> <span class='ocrx_word' id='word_1_204' title='bbox 3115 1388 3130 1413; x_wconf 91' lang='lat'><strong>,</strong></span> <span class='ocrx_word' id='word_1_205' title='bbox 3168 1349 3271 1403; x_wconf 85' lang='lat' dir='ltr'><strong>ista</strong></span> <span class='ocrx_word' id='word_1_206' title='bbox 3300 1365 3425 1403; x_wconf 88' lang='lat' dir='ltr'><strong>vero</strong></span> <span class='ocrx_word' id='word_1_207' title='bbox 3454 1366 3581 1404; x_wconf 89' lang='lat' dir='ltr'><strong>cum</strong></span> 
     </span>
    </p>
   </div>
   <div class='ocr_carea' id='block_1_30' title="bbox 1989 1439 3583 1512">
    <p class='ocr_par' dir='ltr' id='par_1_30' title="bbox 1989 1439 3583 1512">
     <span class='ocr_line' id='line_1_30' title="bbox 1989 1439 3583 1512; baseline 0.003 -20"><span class='ocrx_word' id='word_1_208' title='bbox 1989 1439 2391 1494; x_wconf 88' lang='lat' dir='ltr'><strong>immortalibus</strong></span> <span class='ocrx_word' id='word_1_209' title='bbox 2412 1440 2609 1494; x_wconf 85' lang='lat' dir='ltr'><strong>durant</strong></span> <span class='ocrx_word' id='word_1_210' title='bbox 2634 1451 2852 1496; x_wconf 80' lang='lat' dir='ltr'><strong>extenta</strong></span> <span class='ocrx_word' id='word_1_211' title='bbox 2879 1440 3114 1510; x_wconf 72' lang='lat' dir='ltr'><strong>swculis)</strong></span> <span class='ocrx_word' id='word_1_212' title='bbox 3139 1459 3152 1494; x_wconf 86' lang='lat'>:</span> <span class='ocrx_word' id='word_1_213' title='bbox 3181 1456 3303 1512; x_wconf 73' lang='lat' dir='ltr'><strong>qua:</strong></span> <span class='ocrx_word' id='word_1_214' title='bbox 3327 1442 3583 1511; x_wconf 88' lang='lat' dir='ltr'><strong>quoniam</strong></span> 
     </span>
    </p>
   </div>
   <div class='ocr_carea' id='block_1_31' title="bbox 1987 1533 3588 1607">
    <p class='ocr_par' dir='ltr' id='par_1_31' title="bbox 1987 1533 3588 1607">
     <span class='ocr_line' id='line_1_31' title="bbox 1987 1533 3588 1607; baseline 0.002 -22"><span class='ocrx_word' id='word_1_215' title='bbox 1987 1545 2168 1601; x_wconf 87' lang='lat' dir='ltr'><strong>neque</strong></span> <span class='ocrx_word' id='word_1_216' title='bbox 2191 1533 2479 1602; x_wconf 82' lang='lat' dir='ltr'><strong>perspicue</strong></span> <span class='ocrx_word' id='word_1_217' title='bbox 2499 1548 2679 1603; x_wconf 90' lang='lat' dir='ltr'><strong>neque</strong></span> <span class='ocrx_word' id='word_1_218' title='bbox 2698 1533 3065 1602; x_wconf 84' lang='lat' dir='ltr'><strong>particulatim</strong></span> <span class='ocrx_word' id='word_1_219' title='bbox 3089 1535 3337 1607; x_wconf 80' lang='lat' dir='ltr'><strong>oratione</strong></span> <span class='ocrx_word' id='word_1_220' title='bbox 3359 1535 3429 1589; x_wconf 88' lang='lat' dir='ltr'><strong>ob</strong></span> <span class='ocrx_word' id='word_1_221' title='bbox 3453 1549 3588 1588; x_wconf 85' lang='lat' dir='ltr'><strong>ocu-</strong></span> 
     </span>
    </p>
   </div>
   <div class='ocr_carea' id='block_1_32' title="bbox 266 1621 3595 1702">
    <p class='ocr_par' dir='ltr' id='par_1_32' title="bbox 266 1621 3595 1702">
     <span class='ocr_line' id='line_1_32' title="bbox 266 1621 3595 1702; baseline 0.001 -23"><span class='ocrx_word' id='word_1_222' title='bbox 266 1623 351 1679; x_wconf 85' lang='lat' dir='ltr'><strong>los</strong></span> <span class='ocrx_word' id='word_1_223' title='bbox 384 1637 784 1695; x_wconf 67' lang='lat' dir='ltr'><strong>reprmsentare</strong></span> <span class='ocrx_word' id='word_1_224' title='bbox 820 1636 1076 1694; x_wconf 89' lang='lat' dir='ltr'><strong>poterat,</strong></span> <span class='ocrx_word' id='word_1_225' title='bbox 1111 1634 1532 1697; x_wconf 75' lang='lat' dir='ltr'><strong>cognomentum</strong></span> <span class='ocrx_word' id='word_1_226' title='bbox 1574 1623 1684 1680; x_wconf 85' lang='lat' dir='ltr'><strong>illis</strong></span> <span class='ocrx_word' id='word_1_227' title='bbox 1727 1622 1877 1680; x_wconf 89' lang='lat' dir='ltr'><strong>dedit</strong></span> <span class='ocrx_word' id='word_1_228' title='bbox 1915 1637 1946 1677; x_wconf 90' lang='lat' dir='ltr'><strong>a</strong></span> <span class='ocrx_word' id='word_1_229' title='bbox 1975 1621 2170 1692; x_wconf 80' lang='lat' dir='ltr'><strong>gloria,</strong></span> <span class='ocrx_word' id='word_1_230' title='bbox 2199 1637 2322 1695; x_wconf 82' lang='lat' dir='ltr'><strong>quae</strong></span> <span class='ocrx_word' id='word_1_231' title='bbox 2353 1623 2497 1696; x_wconf 89' lang='lat' dir='ltr'><strong>apud</strong></span> <span class='ocrx_word' id='word_1_232' title='bbox 2564 1625 2813 1683; x_wconf 78' lang='lat' dir='ltr'><strong>homines</strong></span> <span class='ocrx_word' id='word_1_233' title='bbox 2879 1625 2935 1681; x_wconf 92' lang='lat' dir='ltr'><strong>in</strong></span> <span class='ocrx_word' id='word_1_234' title='bbox 2967 1627 3129 1682; x_wconf 82' lang='lat' dir='ltr'><strong>rebus</strong></span> <span class='ocrx_word' id='word_1_235' title='bbox 3163 1627 3401 1684; x_wconf 77' lang='lat' dir='ltr'><strong>maxime</strong></span> <span class='ocrx_word' id='word_1_236' title='bbox 3420 1641 3595 1702; x_wconf 76' lang='lat' dir='ltr'><strong>expe-</strong></span> 
     </span>
    </p>
   </div>
   <div class='ocr_carea' id='block_1_33' title="bbox 266 1714 2142 1788">
    <p class='ocr_par' dir='ltr' id='par_1_33' title="bbox 266 1714 2142 1788">
     <span class='ocr_line' id='line_1_33' title="bbox 266 1714 2142 1788; baseline -0.002 -16"><span class='ocrx_word' id='word_1_237' title='bbox 266 1718 453 1774; x_wconf 79' lang='lat' dir='ltr'><strong>tendis</strong></span> <span class='ocrx_word' id='word_1_238' title='bbox 475 1728 814 1774; x_wconf 78' lang='lat' dir='ltr'><strong>numeratur.</strong></span> <span class='ocrx_word' id='word_1_239' title='bbox 836 1718 965 1773; x_wconf 78' lang='lat' dir='ltr'><strong>Haec</strong></span> <span class='ocrx_word' id='word_1_240' title='bbox 987 1720 1132 1773; x_wconf 88' lang='lat' dir='ltr'><strong>enim</strong></span> <span class='ocrx_word' id='word_1_241' title='bbox 1157 1719 1418 1771; x_wconf 87' lang='lat' dir='ltr'><strong>virtutum</strong></span> <span class='ocrx_word' id='word_1_242' title='bbox 1443 1716 1720 1788; x_wconf 75' lang='lat' dir='ltr'><strong>fastigium</strong></span> <span class='ocrx_word' id='word_1_243' title='bbox 1743 1729 1869 1771; x_wconf 86' lang='lat' dir='ltr'><strong>esse</strong></span> <span class='ocrx_word' id='word_1_244' title='bbox 1907 1714 2142 1770; x_wconf 85' lang='lat' dir='ltr'><strong>videtur.</strong></span> 
     </span>
    </p>
   </div>
   <div class='ocr_carea' id='block_1_34' title="bbox 609 1832 1538 1906">
    <p class='ocr_par' dir='ltr' id='par_1_34' title="bbox 609 1832 1538 1906">
     <span class='ocr_line' id='line_1_34' title="bbox 609 1832 1538 1906; baseline -0.003 -17"><span class='ocrx_word' id='word_1_245' title='bbox 609 1832 727 1891; x_wconf 74' lang='lat' dir='ltr'><strong>sa&#39;.</strong></span> <span class='ocrx_word' id='word_1_246' title='bbox 760 1862 833 1876; x_wconf 88' lang='grc'><strong>--</strong></span> <span class='ocrx_word' id='word_1_247' title='bbox 865 1834 1176 1906; x_wconf 65' lang='lat' dir='ltr'><strong>exosum</strong></span> <span class='ocrx_word' id='word_1_248' title='bbox 1210 1832 1538 1906; x_wconf 81' lang='grc' dir='ltr'><strong>ΔΙΑΚΟΝῼ.</strong></span> 
     </span>
    </p>
   </div>
   <div class='ocr_carea' id='block_1_35' title="bbox 338 1939 1873 2016">
    <p class='ocr_par' dir='ltr' id='par_1_35' title="bbox 338 1939 1873 2016">
     <span class='ocr_line' id='line_1_35' title="bbox 338 1939 1873 2016; baseline -0.005 -18"><span class='ocrx_word' id='word_1_249' title='bbox 338 1944 420 2016; x_wconf 75' lang='grc'>(2)</span> <span class='ocrx_word' id='word_1_250' title='bbox 445 1942 556 1998; x_wconf 83' lang='grc' dir='ltr'><strong>Τοῦ</strong></span> <span class='ocrx_word' id='word_1_251' title='bbox 581 1943 718 1998; x_wconf 78' lang='grc' dir='ltr'>Θεοῦ</span> <span class='ocrx_word' id='word_1_252' title='bbox 744 1943 923 2013; x_wconf 82' lang='grc' dir='ltr'><strong>Λόγου</strong></span> <span class='ocrx_word' id='word_1_253' title='bbox 953 1941 1384 2015; x_wconf 78' lang='grc' dir='ltr'><strong>ὲνανθρωπῆσαι</strong></span> <span class='ocrx_word' id='word_1_254' title='bbox 1409 1939 1873 2007; x_wconf 83' lang='grc' dir='ltr'><strong>καταξιώσαντος,</strong></span> 
     </span>
    </p>
   </div>
   <div class='ocr_carea' id='block_1_36' title="bbox 261 2030 1871 2107">
    <p class='ocr_par' dir='ltr' id='par_1_36' title="bbox 261 2030 1871 2107">
     <span class='ocr_line' id='line_1_36' title="bbox 261 2030 1871 2107; baseline -0.004 -17"><span class='ocrx_word' id='word_1_255' title='bbox 261 2036 364 2090; x_wconf 72' lang='grc' dir='ltr'><strong>καὶ</strong></span> <span class='ocrx_word' id='word_1_256' title='bbox 409 2036 482 2089; x_wconf 89' lang='grc' dir='ltr'><strong>τά</strong></span> <span class='ocrx_word' id='word_1_257' title='bbox 526 2035 677 2106; x_wconf 82' lang='grc' dir='ltr'><strong>πάθη</strong></span> <span class='ocrx_word' id='word_1_258' title='bbox 728 2034 801 2089; x_wconf 83' lang='grc' dir='ltr'><strong>τά</strong></span> <span class='ocrx_word' id='word_1_259' title='bbox 838 2032 1198 2107; x_wconf 86' lang='grc' dir='ltr'><strong>ἀνθρώπινα,</strong></span> <span class='ocrx_word' id='word_1_260' title='bbox 1243 2035 1586 2105; x_wconf 80' lang='grc' dir='ltr'><strong>κυμαίνοντα</strong></span> <span class='ocrx_word' id='word_1_261' title='bbox 1636 2030 1871 2101; x_wconf 84' lang='grc' dir='ltr'><strong>πρώην,</strong></span> 
     </span>
    </p>
   </div>
   <div class='ocr_carea' id='block_1_37' title="bbox 261 2124 1876 2201">
    <p class='ocr_par' dir='ltr' id='par_1_37' title="bbox 261 2124 1876 2201">
     <span class='ocr_line' id='line_1_37' title="bbox 261 2124 1876 2201; baseline -0.004 -18"><span class='ocrx_word' id='word_1_262' title='bbox 261 2129 804 2201; x_wconf 83' lang='grc' dir='ltr'><strong>καταστορέσαντος,</strong></span> <span class='ocrx_word' id='word_1_263' title='bbox 834 2129 930 2182; x_wconf 78' lang='grc' dir='ltr'><strong>καὶ</strong></span> <span class='ocrx_word' id='word_1_264' title='bbox 955 2128 1057 2199; x_wconf 85' lang='grc' dir='ltr'><strong>τὴν</strong></span> <span class='ocrx_word' id='word_1_265' title='bbox 1085 2127 1267 2197; x_wconf 83' lang='grc' dir='ltr'><strong>σάρκα</strong></span> <span class='ocrx_word' id='word_1_266' title='bbox 1294 2128 1642 2199; x_wconf 75' lang='grc' dir='ltr'><strong>ὁρμητήριον</strong></span> <span class='ocrx_word' id='word_1_267' title='bbox 1672 2124 1876 2197; x_wconf 82' lang='grc' dir='ltr'><strong>ἀρετῆς</strong></span> 
     </span>
    </p>
   </div>
   <div class='ocr_carea' id='block_1_38' title="bbox 261 2214 1873 2292">
    <p class='ocr_par' dir='ltr' id='par_1_38' title="bbox 261 2214 1873 2292">
     <span class='ocr_line' id='line_1_38' title="bbox 261 2214 1873 2292; baseline -0.005 -17"><span class='ocrx_word' id='word_1_268' title='bbox 261 2221 685 2292; x_wconf 73' lang='grc' dir='ltr'><strong>ἀποφήναντος,</strong></span> <span class='ocrx_word' id='word_1_269' title='bbox 730 2220 827 2274; x_wconf 73' lang='grc' dir='ltr'><strong>καὶ</strong></span> <span class='ocrx_word' id='word_1_270' title='bbox 860 2221 957 2283; x_wconf 84' lang='grc' dir='ltr'><strong>τὰς</strong></span> <span class='ocrx_word' id='word_1_271' title='bbox 995 2218 1245 2291; x_wconf 82' lang='grc' dir='ltr'><strong>πονηρὰς</strong></span> <span class='ocrx_word' id='word_1_272' title='bbox 1282 2218 1573 2287; x_wconf 78' lang='grc' dir='ltr'><strong>φάλαγγας</strong></span> <span class='ocrx_word' id='word_1_273' title='bbox 1611 2215 1718 2268; x_wconf 82' lang='grc' dir='ltr'><strong>ὑπὸ</strong></span> <span class='ocrx_word' id='word_1_274' title='bbox 1743 2214 1873 2277; x_wconf 82' lang='grc' dir='ltr'><strong>τοὺς</strong></span> 
     </span>
    </p>
   </div>
   <div class='ocr_carea' id='block_1_39' title="bbox 262 2305 1871 2383">
    <p class='ocr_par' dir='ltr' id='par_1_39' title="bbox 262 2305 1871 2383">
     <span class='ocr_line' id='line_1_39' title="bbox 262 2305 1871 2383; baseline -0.005 -17"><span class='ocrx_word' id='word_1_275' title='bbox 262 2312 437 2375; x_wconf 82' lang='grc' dir='ltr'><strong>πόδας</strong></span> <span class='ocrx_word' id='word_1_276' title='bbox 472 2311 582 2365; x_wconf 89' lang='grc' dir='ltr'><strong>τῶν</strong></span> <span class='ocrx_word' id='word_1_277' title='bbox 614 2311 834 2365; x_wconf 81' lang='grc' dir='ltr'><strong>οἰκείων</strong></span> <span class='ocrx_word' id='word_1_278' title='bbox 875 2310 1151 2382; x_wconf 83' lang='grc' dir='ltr'><strong>φοιτητῶν</strong></span> <span class='ocrx_word' id='word_1_279' title='bbox 1189 2307 1741 2383; x_wconf 77' lang='grc' dir='ltr'><strong>παρασκευάσαντος,</strong></span> <span class='ocrx_word' id='word_1_280' title='bbox 1774 2305 1871 2360; x_wconf 76' lang='grc' dir='ltr'><strong>καὶ</strong></span> 
     </span>
    </p>
   </div>
   <div class='ocr_carea' id='block_1_40' title="bbox 260 2398 1868 2477">
    <p class='ocr_par' dir='ltr' id='par_1_40' title="bbox 260 2398 1868 2477">
     <span class='ocr_line' id='line_1_40' title="bbox 260 2398 1868 2477; baseline -0.006 -17"><span class='ocrx_word' id='word_1_281' title='bbox 260 2406 332 2461; x_wconf 79' lang='grc' dir='ltr'><strong>τὰ</strong></span> <span class='ocrx_word' id='word_1_282' title='bbox 362 2402 507 2460; x_wconf 86' lang='grc' dir='ltr'><strong>ἆθλα</strong></span> <span class='ocrx_word' id='word_1_283' title='bbox 554 2404 778 2477; x_wconf 74' lang='grc' dir='ltr'><strong>μείζονα</strong></span> <span class='ocrx_word' id='word_1_284' title='bbox 823 2404 932 2458; x_wconf 91' lang='grc' dir='ltr'><strong>τῶν</strong></span> <span class='ocrx_word' id='word_1_285' title='bbox 974 2401 1224 2461; x_wconf 80' lang='grc' dir='ltr'><strong>παλαιῶν</strong></span> <span class='ocrx_word' id='word_1_286' title='bbox 1265 2401 1494 2464; x_wconf 80' lang='grc' dir='ltr'><strong>εἰκότως</strong></span> <span class='ocrx_word' id='word_1_287' title='bbox 1547 2398 1868 2469; x_wconf 75' lang='grc' dir='ltr'><strong>ὁρίσαντος,</strong></span> 
     </span>
    </p>
   </div>
   <div class='ocr_carea' id='block_1_41' title="bbox 258 2491 1867 2568">
    <p class='ocr_par' dir='ltr' id='par_1_41' title="bbox 258 2491 1867 2568">
     <span class='ocr_line' id='line_1_41' title="bbox 258 2491 1867 2568; baseline -0.004 -17"><span class='ocrx_word' id='word_1_288' title='bbox 258 2498 332 2553; x_wconf 87' lang='grc' dir='ltr'><strong>τά</strong></span> <span class='ocrx_word' id='word_1_289' title='bbox 349 2515 412 2551; x_wconf 90' lang='grc' dir='ltr'><strong>τε</strong></span> <span class='ocrx_word' id='word_1_290' title='bbox 429 2497 645 2552; x_wconf 80' lang='grc' dir='ltr'><strong>ἔπαθλα</strong></span> <span class='ocrx_word' id='word_1_291' title='bbox 660 2498 891 2568; x_wconf 80' lang='grc' dir='ltr'><strong>οὐράνια</strong></span> <span class='ocrx_word' id='word_1_292' title='bbox 911 2495 1008 2550; x_wconf 71' lang='grc' dir='ltr'><strong>καὶ</strong></span> <span class='ocrx_word' id='word_1_293' title='bbox 1029 2495 1384 2566; x_wconf 84' lang='grc' dir='ltr'><strong>ὑπερκόσμια</strong></span> <span class='ocrx_word' id='word_1_294' title='bbox 1410 2491 1833 2564; x_wconf 79' lang='grc' dir='ltr'><strong>εὐτρεπίσαντος</strong></span> <span class='ocrx_word' id='word_1_295' title='bbox 1852 2507 1867 2524; x_wconf 79' lang='lat'><strong><em>&#39;</em></strong></span> 
     </span>
    </p>
   </div>
   <div class='ocr_carea' id='block_1_42' title="bbox 258 2583 1870 2663">
    <p class='ocr_par' dir='ltr' id='par_1_42' title="bbox 258 2583 1870 2663">
     <span class='ocr_line' id='line_1_42' title="bbox 258 2583 1870 2663; baseline -0.006 -18"><span class='ocrx_word' id='word_1_296' title='bbox 258 2594 313 2645; x_wconf 82' lang='grc' dir='ltr'><strong>οί</strong></span> <span class='ocrx_word' id='word_1_297' title='bbox 343 2592 656 2663; x_wconf 73' lang='grc' dir='ltr'><strong>ἡττώμενοι</strong></span> <span class='ocrx_word' id='word_1_298' title='bbox 690 2592 907 2655; x_wconf 80' lang='grc' dir='ltr'><strong>ἑαυτοῖς</strong></span> <span class='ocrx_word' id='word_1_299' title='bbox 940 2591 1007 2643; x_wconf 85' lang='grc' dir='ltr'>ἂν</span> <span class='ocrx_word' id='word_1_300' title='bbox 1039 2584 1150 2643; x_wconf 74' lang='grc' dir='ltr'><strong>εἷεν</strong></span> <span class='ocrx_word' id='word_1_301' title='bbox 1179 2587 1384 2642; x_wconf 86' lang='grc' dir='ltr'><strong>δίκαιοι</strong></span> <span class='ocrx_word' id='word_1_302' title='bbox 1413 2583 1739 2655; x_wconf 80' lang='grc' dir='ltr'><strong>λογίσασθαι</strong></span> <span class='ocrx_word' id='word_1_303' title='bbox 1768 2583 1870 2653; x_wconf 82' lang='grc' dir='ltr'><strong>τὴν</strong></span> 
     </span>
    </p>
   </div>
   <div class='ocr_carea' id='block_1_43' title="bbox 258 2670 1874 2757">
    <p class='ocr_par' dir='ltr' id='par_1_43' title="bbox 258 2670 1874 2757">
     <span class='ocr_line' id='line_1_43' title="bbox 258 2670 1874 2757; baseline -0.009 -17"><span class='ocrx_word' id='word_1_304' title='bbox 258 2678 439 2757; x_wconf 76' lang='grc' dir='ltr'><strong>ἧτταν</strong></span> <span class='ocrx_word' id='word_1_305' title='bbox 462 2701 478 2716; x_wconf 91' lang='grc'><strong>·</strong></span> <span class='ocrx_word' id='word_1_306' title='bbox 513 2685 547 2755; x_wconf 84' lang='grc' dir='ltr'><strong>ἡ</strong></span> <span class='ocrx_word' id='word_1_307' title='bbox 574 2684 684 2756; x_wconf 80' lang='grc' dir='ltr'><strong>γὰρ</strong></span> <span class='ocrx_word' id='word_1_308' title='bbox 712 2683 839 2752; x_wconf 84' lang='grc' dir='ltr'><strong>νίκη</strong></span> <span class='ocrx_word' id='word_1_309' title='bbox 865 2681 1054 2735; x_wconf 77' lang='grc' dir='ltr'><strong>λοιπὸν</strong></span> <span class='ocrx_word' id='word_1_310' title='bbox 1084 2681 1216 2750; x_wconf 85' lang='grc' dir='ltr'><strong>παρ’</strong></span> <span class='ocrx_word' id='word_1_311' title='bbox 1256 2679 1392 2749; x_wconf 79' lang='grc' dir='ltr'><strong>ἡμῖν</strong></span> <span class='ocrx_word' id='word_1_312' title='bbox 1423 2672 1597 2741; x_wconf 82' lang='grc' dir='ltr'><strong>οὖσα,</strong></span> <span class='ocrx_word' id='word_1_313' title='bbox 1627 2670 1728 2728; x_wconf 80' lang='grc' dir='ltr'><strong>εἶτ’</strong></span> <span class='ocrx_word' id='word_1_314' title='bbox 1773 2674 1874 2744; x_wconf 82' lang='grc' dir='ltr'><strong>οὐχ</strong></span> 
     </span>
    </p>
   </div>
   <div class='ocr_carea' id='block_1_44' title="bbox 261 2768 1874 2849">
    <p class='ocr_par' dir='ltr' id='par_1_44' title="bbox 261 2768 1874 2849">
     <span class='ocr_line' id='line_1_44' title="bbox 261 2768 1874 2849; baseline -0.005 -19"><span class='ocrx_word' id='word_1_315' title='bbox 261 2777 605 2849; x_wconf 83' lang='grc' dir='ltr'><strong>εὑρίσκουσα</strong></span> <span class='ocrx_word' id='word_1_316' title='bbox 650 2777 777 2838; x_wconf 77' lang='grc' dir='ltr'><strong>τοὺς</strong></span> <span class='ocrx_word' id='word_1_317' title='bbox 810 2773 1020 2838; x_wconf 85' lang='grc' dir='ltr'><strong>εἰδότας</strong></span> <span class='ocrx_word' id='word_1_318' title='bbox 1065 2772 1261 2844; x_wconf 82' lang='grc' dir='ltr'><strong>νικᾷν,</strong></span> <span class='ocrx_word' id='word_1_319' title='bbox 1306 2772 1366 2824; x_wconf 83' lang='grc' dir='ltr'><strong>ὲν</strong></span> <span class='ocrx_word' id='word_1_320' title='bbox 1409 2768 1616 2837; x_wconf 85' lang='grc' dir='ltr'><strong>ὀλίγοις</strong></span> <span class='ocrx_word' id='word_1_321' title='bbox 1661 2768 1874 2822; x_wconf 80' lang='grc' dir='ltr'><strong>οἰκείαν</strong></span> 
     </span>
    </p>
   </div>
   <div class='ocr_carea' id='block_1_45' title="bbox 258 2854 1869 2940">
    <p class='ocr_par' dir='ltr' id='par_1_45' title="bbox 258 2854 1869 2940">
     <span class='ocr_line' id='line_1_45' title="bbox 258 2854 1869 2940; baseline -0.008 -18"><span class='ocrx_word' id='word_1_322' title='bbox 258 2869 503 2940; x_wconf 84' lang='grc' dir='ltr'><strong>δύναμιν</strong></span> <span class='ocrx_word' id='word_1_323' title='bbox 532 2864 957 2938; x_wconf 74' lang='grc' dir='ltr'><strong>ἐπιδεικνυμένη</strong></span> <span class='ocrx_word' id='word_1_324' title='bbox 981 2905 996 2930; x_wconf 85' lang='grc'><strong>,</strong></span> <span class='ocrx_word' id='word_1_325' title='bbox 1027 2866 1142 2929; x_wconf 78' lang='grc' dir='ltr'><strong>τοῖς</strong></span> <span class='ocrx_word' id='word_1_326' title='bbox 1176 2861 1250 2935; x_wconf 85' lang='grc' dir='ltr'><strong>μὴ</strong></span> <span class='ocrx_word' id='word_1_327' title='bbox 1280 2860 1627 2933; x_wconf 82' lang='grc' dir='ltr'><strong>βουλομένοις</strong></span> <span class='ocrx_word' id='word_1_328' title='bbox 1653 2856 1746 2912; x_wconf 85' lang='grc' dir='ltr'><strong>διὰ</strong></span> <span class='ocrx_word' id='word_1_329' title='bbox 1768 2854 1869 2910; x_wconf 89' lang='grc' dir='ltr'><strong>πό-</strong></span> 
     </span>
    </p>
   </div>
   <div class='ocr_carea' id='block_1_46' title="bbox 258 2953 1670 3032">
    <p class='ocr_par' dir='ltr' id='par_1_46' title="bbox 258 2953 1670 3032">
     <span class='ocr_line' id='line_1_46' title="bbox 258 2953 1670 3032; baseline -0.008 -16"><span class='ocrx_word' id='word_1_330' title='bbox 258 2980 375 3016; x_wconf 85' lang='grc' dir='ltr'><strong>νων</strong></span> <span class='ocrx_word' id='word_1_331' title='bbox 408 2960 587 3032; x_wconf 81' lang='grc' dir='ltr'><strong>αὑτὴν</strong></span> <span class='ocrx_word' id='word_1_332' title='bbox 621 2958 972 3031; x_wconf 84' lang='grc' dir='ltr'><strong>κτήσασθαι,</strong></span> <span class='ocrx_word' id='word_1_333' title='bbox 1014 2957 1115 3028; x_wconf 75' lang='grc' dir='ltr'><strong>τὴν</strong></span> <span class='ocrx_word' id='word_1_334' title='bbox 1144 2954 1326 3010; x_wconf 88' lang='grc' dir='ltr'><strong>αἰτίαν</strong></span> <span class='ocrx_word' id='word_1_335' title='bbox 1354 2954 1452 3025; x_wconf 80' lang='grc' dir='ltr'><strong>τῆς</strong></span> <span class='ocrx_word' id='word_1_336' title='bbox 1480 2953 1670 3024; x_wconf 80' lang='grc' dir='ltr'><strong>ἣττης.</strong></span> 
     </span>
    </p>
   </div>
   <div class='ocr_carea' id='block_1_47' title="bbox 2263 1831 3323 1890">
    <p class='ocr_par' dir='ltr' id='par_1_47' title="bbox 2263 1831 3323 1890">
     <span class='ocr_line' id='line_1_47' title="bbox 2263 1831 3323 1890; baseline 0.002 -2"><span class='ocrx_word' id='word_1_337' title='bbox 2263 1832 2452 1890; x_wconf 79' lang='lat' dir='ltr'><strong>LXIV.</strong></span> <span class='ocrx_word' id='word_1_338' title='bbox 2481 1863 2555 1875; x_wconf 88' lang='lat'><strong><em>—</em></strong></span> <span class='ocrx_word' id='word_1_339' title='bbox 2583 1831 2963 1889; x_wconf 82' lang='lat' dir='ltr'><strong>THEODORO</strong></span> <span class='ocrx_word' id='word_1_340' title='bbox 2996 1832 3323 1890; x_wconf 78' lang='lat' dir='ltr'><strong>DIACONO.</strong></span> 
     </span>
    </p>
   </div>
   <div class='ocr_carea' id='block_1_48' title="bbox 2050 1942 3581 2015">
    <p class='ocr_par' dir='ltr' id='par_1_48' title="bbox 2050 1942 3581 2015">
     <span class='ocr_line' id='line_1_48' title="bbox 2050 1942 3581 2015; baseline 0.002 -16"><span class='ocrx_word' id='word_1_341' title='bbox 2050 1942 2184 1999; x_wconf 89' lang='lat' dir='ltr'><strong>Cum</strong></span> <span class='ocrx_word' id='word_1_342' title='bbox 2210 1943 2353 1999; x_wconf 90' lang='lat' dir='ltr'><strong>Deus</strong></span> <span class='ocrx_word' id='word_1_343' title='bbox 2378 1944 2615 1999; x_wconf 78' lang='lat' dir='ltr'><strong>Verbum</strong></span> <span class='ocrx_word' id='word_1_344' title='bbox 2645 1943 2904 2014; x_wconf 70' lang='lat' dir='ltr'><strong>(aeternus</strong></span> <span class='ocrx_word' id='word_1_345' title='bbox 2929 1943 3020 1998; x_wconf 88' lang='lat' dir='ltr'><strong>Dei</strong></span> <span class='ocrx_word' id='word_1_346' title='bbox 3048 1944 3241 2015; x_wconf 85' lang='lat' dir='ltr'><strong>Filius)</strong></span> <span class='ocrx_word' id='word_1_347' title='bbox 3268 1945 3431 2000; x_wconf 87' lang='lat' dir='ltr'><strong>homo</strong></span> <span class='ocrx_word' id='word_1_348' title='bbox 3459 1945 3581 2002; x_wconf 78' lang='lat' dir='ltr'><strong>ﬂeri</strong></span> 
     </span>
    </p>
   </div>
   <div class='ocr_carea' id='block_1_49' title="bbox 1979 2032 3582 2105">
    <p class='ocr_par' dir='ltr' id='par_1_49' title="bbox 1979 2032 3582 2105">
     <span class='ocr_line' id='line_1_49' title="bbox 1979 2032 3582 2105; baseline -0.001 -14"><span class='ocrx_word' id='word_1_349' title='bbox 1979 2036 2234 2105; x_wconf 84' lang='lat' dir='ltr'><strong>dignatus</strong></span> <span class='ocrx_word' id='word_1_350' title='bbox 2261 2036 2333 2090; x_wconf 87' lang='lat' dir='ltr'><strong>sit</strong></span> <span class='ocrx_word' id='word_1_351' title='bbox 2358 2076 2374 2103; x_wconf 93' lang='lat'><strong>,</strong></span> <span class='ocrx_word' id='word_1_352' title='bbox 2406 2046 2462 2090; x_wconf 87' lang='lat' dir='ltr'><strong>et</strong></span> <span class='ocrx_word' id='word_1_353' title='bbox 2489 2036 2757 2089; x_wconf 82' lang='lat' dir='ltr'><strong>humanos</strong></span> <span class='ocrx_word' id='word_1_354' title='bbox 2784 2032 3013 2089; x_wconf 62' lang='lat' dir='ltr'><strong>allectus</strong></span> <span class='ocrx_word' id='word_1_355' title='bbox 3043 2036 3324 2105; x_wconf 85' lang='lat' dir='ltr'><strong>animique</strong></span> <span class='ocrx_word' id='word_1_356' title='bbox 3363 2045 3582 2105; x_wconf 84' lang='lat' dir='ltr'><strong>pertur-</strong></span> 
     </span>
    </p>
   </div>
   <div class='ocr_carea' id='block_1_50' title="bbox 1978 2123 3577 2193">
    <p class='ocr_par' dir='ltr' id='par_1_50' title="bbox 1978 2123 3577 2193">
     <span class='ocr_line' id='line_1_50' title="bbox 1978 2123 3577 2193; baseline 0.001 -15"><span class='ocrx_word' id='word_1_357' title='bbox 1978 2123 2250 2187; x_wconf 84' lang='lat' dir='ltr'><strong>bationes,</strong></span> <span class='ocrx_word' id='word_1_358' title='bbox 2278 2139 2399 2192; x_wconf 67' lang='lat' dir='ltr'><strong>qua:</strong></span> <span class='ocrx_word' id='word_1_359' title='bbox 2428 2124 2578 2193; x_wconf 86' lang='lat' dir='ltr'><strong>prius</strong></span> <span class='ocrx_word' id='word_1_360' title='bbox 2606 2123 2869 2177; x_wconf 80' lang='lat' dir='ltr'><strong>ﬂuctuum</strong></span> <span class='ocrx_word' id='word_1_361' title='bbox 2896 2124 3067 2178; x_wconf 88' lang='lat' dir='ltr'><strong>instar</strong></span> <span class='ocrx_word' id='word_1_362' title='bbox 3099 2126 3276 2178; x_wconf 90' lang='lat' dir='ltr'><strong>attolli</strong></span> <span class='ocrx_word' id='word_1_363' title='bbox 3309 2127 3577 2191; x_wconf 83' lang='lat' dir='ltr'><strong>solebant,</strong></span> 
     </span>
    </p>
   </div>
   <div class='ocr_carea' id='block_1_51' title="bbox 1977 2215 3579 2287">
    <p class='ocr_par' dir='ltr' id='par_1_51' title="bbox 1977 2215 3579 2287">
     <span class='ocr_line' id='line_1_51' title="bbox 1977 2215 3579 2287; baseline 0 -16"><span class='ocrx_word' id='word_1_364' title='bbox 1977 2216 2185 2271; x_wconf 86' lang='lat' dir='ltr'><strong>sedarit</strong></span> <span class='ocrx_word' id='word_1_365' title='bbox 2211 2225 2377 2285; x_wconf 88' lang='lat' dir='ltr'><strong>atque</strong></span> <span class='ocrx_word' id='word_1_366' title='bbox 2400 2215 2791 2284; x_wconf 78' lang='lat' dir='ltr'><strong>composuerit,</strong></span> <span class='ocrx_word' id='word_1_367' title='bbox 2814 2225 2869 2270; x_wconf 89' lang='lat' dir='ltr'><strong>et</strong></span> <span class='ocrx_word' id='word_1_368' title='bbox 2891 2231 3110 2271; x_wconf 89' lang='lat' dir='ltr'><strong>carnem</strong></span> <span class='ocrx_word' id='word_1_369' title='bbox 3136 2216 3322 2270; x_wconf 87' lang='lat' dir='ltr'><strong>virtuti</strong></span> <span class='ocrx_word' id='word_1_370' title='bbox 3349 2232 3579 2287; x_wconf 80' lang='lat' dir='ltr'><strong>pronam</strong></span> 
     </span>
    </p>
   </div>
   <div class='ocr_carea' id='block_1_52' title="bbox 1980 2305 3578 2379">
    <p class='ocr_par' dir='ltr' id='par_1_52' title="bbox 1980 2305 3578 2379">
     <span class='ocr_line' id='line_1_52' title="bbox 1980 2305 3578 2379; baseline 0.001 -17"><span class='ocrx_word' id='word_1_371' title='bbox 1980 2315 2145 2377; x_wconf 89' lang='lat' dir='ltr'><strong>atque</strong></span> <span class='ocrx_word' id='word_1_372' title='bbox 2174 2306 2568 2376; x_wconf 88' lang='lat' dir='ltr'><strong>obsequentem</strong></span> <span class='ocrx_word' id='word_1_373' title='bbox 2600 2305 2866 2373; x_wconf 66' lang='lat' dir='ltr'><strong>eﬂ‘ererit,</strong></span> <span class='ocrx_word' id='word_1_374' title='bbox 2892 2316 2947 2362; x_wconf 89' lang='lat' dir='ltr'><strong>et</strong></span> <span class='ocrx_word' id='word_1_375' title='bbox 2982 2308 3278 2379; x_wconf 75' lang='lat' dir='ltr'><strong>phalanges</strong></span> <span class='ocrx_word' id='word_1_376' title='bbox 3309 2309 3578 2363; x_wconf 83' lang='lat' dir='ltr'><strong>malorum</strong></span> 
     </span>
    </p>
   </div>
   <div class='ocr_carea' id='block_1_53' title="bbox 1978 2389 3577 2476">
    <p class='ocr_par' dir='ltr' id='par_1_53' title="bbox 1978 2389 3577 2476">
     <span class='ocr_line' id='line_1_53' title="bbox 1978 2389 3577 2476; baseline 0.001 -22"><span class='ocrx_word' id='word_1_377' title='bbox 1978 2400 2269 2468; x_wconf 79' lang='lat' dir='ltr'><strong>spirituum</strong></span> <span class='ocrx_word' id='word_1_378' title='bbox 2304 2398 2599 2469; x_wconf 73' lang='lat' dir='ltr'><strong>subiecerit</strong></span> <span class='ocrx_word' id='word_1_379' title='bbox 2638 2389 2860 2476; x_wconf 74' lang='lat' dir='ltr'><strong>suorum</strong></span> <span class='ocrx_word' id='word_1_380' title='bbox 2895 2401 3292 2471; x_wconf 79' lang='lat' dir='ltr'><strong>discipulorum</strong></span> <span class='ocrx_word' id='word_1_381' title='bbox 3329 2401 3577 2469; x_wconf 82' lang='lat' dir='ltr'><strong>pedibus,</strong></span> 
     </span>
    </p>
   </div>
   <div class='ocr_carea' id='block_1_54' title="bbox 1980 2492 3578 2563">
    <p class='ocr_par' dir='ltr' id='par_1_54' title="bbox 1980 2492 3578 2563">
     <span class='ocr_line' id='line_1_54' title="bbox 1980 2492 3578 2563; baseline 0 -17"><span class='ocrx_word' id='word_1_382' title='bbox 1980 2503 2035 2547; x_wconf 91' lang='lat' dir='ltr'><strong>et</strong></span> <span class='ocrx_word' id='word_1_383' title='bbox 2068 2492 2366 2546; x_wconf 89' lang='lat' dir='ltr'><strong>certamina</strong></span> <span class='ocrx_word' id='word_1_384' title='bbox 2410 2493 2689 2548; x_wconf 83' lang='lat' dir='ltr'><strong>veteribus</strong></span> <span class='ocrx_word' id='word_1_385' title='bbox 2724 2492 2934 2563; x_wconf 86' lang='lat' dir='ltr'><strong>majora</strong></span> <span class='ocrx_word' id='word_1_386' title='bbox 2982 2492 3179 2547; x_wconf 90' lang='lat' dir='ltr'><strong>merito</strong></span> <span class='ocrx_word' id='word_1_387' title='bbox 3209 2492 3578 2559; x_wconf 90' lang='lat' dir='ltr'><strong>constituerit,</strong></span> 
     </span>
    </p>
   </div>
   <div class='ocr_carea' id='block_1_55' title="bbox 1978 2583 3579 2654">
    <p class='ocr_par' dir='ltr' id='par_1_55' title="bbox 1978 2583 3579 2654">
     <span class='ocr_line' id='line_1_55' title="bbox 1978 2583 3579 2654; baseline -0.001 -15"><span class='ocrx_word' id='word_1_388' title='bbox 1978 2595 2033 2640; x_wconf 91' lang='lat' dir='ltr'><strong>et</strong></span> <span class='ocrx_word' id='word_1_389' title='bbox 2069 2586 2290 2654; x_wconf 69' lang='lat' dir='ltr'><strong>praemia</strong></span> <span class='ocrx_word' id='word_1_390' title='bbox 2317 2599 2535 2654; x_wconf 88' lang='lat' dir='ltr'><strong>quoque</strong></span> <span class='ocrx_word' id='word_1_391' title='bbox 2569 2583 2816 2639; x_wconf 68' lang='lat' dir='ltr'><strong>caelestia</strong></span> <span class='ocrx_word' id='word_1_392' title='bbox 2853 2592 2907 2638; x_wconf 86' lang='lat' dir='ltr'><strong>et</strong></span> <span class='ocrx_word' id='word_1_393' title='bbox 2934 2585 3373 2654; x_wconf 87' lang='lat' dir='ltr'><strong>supramundana</strong></span> <span class='ocrx_word' id='word_1_394' title='bbox 3408 2584 3579 2638; x_wconf 85' lang='lat' dir='ltr'><strong>ador-</strong></span> 
     </span>
    </p>
   </div>
   <div class='ocr_carea' id='block_1_56' title="bbox 1981 2676 3585 2746">
    <p class='ocr_par' dir='ltr' id='par_1_56' title="bbox 1981 2676 3585 2746">
     <span class='ocr_line' id='line_1_56' title="bbox 1981 2676 3585 2746; baseline -0.005 -13"><span class='ocrx_word' id='word_1_395' title='bbox 1981 2678 2162 2733; x_wconf 86' lang='lat' dir='ltr'><strong>narit:</strong></span> <span class='ocrx_word' id='word_1_396' title='bbox 2197 2690 2540 2746; x_wconf 90' lang='lat' dir='ltr'><strong>consequens</strong></span> <span class='ocrx_word' id='word_1_397' title='bbox 2568 2685 2685 2740; x_wconf 89' lang='lat' dir='ltr'><strong>est,</strong></span> <span class='ocrx_word' id='word_1_398' title='bbox 2712 2676 2889 2745; x_wconf 88' lang='lat' dir='ltr'><strong>utqui</strong></span> <span class='ocrx_word' id='word_1_399' title='bbox 2919 2684 3043 2746; x_wconf 88' lang='lat' dir='ltr'><strong>post</strong></span> <span class='ocrx_word' id='word_1_400' title='bbox 3073 2676 3162 2729; x_wconf 92' lang='lat' dir='ltr'><strong>illa</strong></span> <span class='ocrx_word' id='word_1_401' title='bbox 3194 2676 3585 2740; x_wconf 82' lang='lat' dir='ltr'><strong>succumbunt,</strong></span> 
     </span>
    </p>
   </div>
   <div class='ocr_carea' id='block_1_57' title="bbox 1985 2763 3578 2835">
    <p class='ocr_par' dir='ltr' id='par_1_57' title="bbox 1985 2763 3578 2835">
     <span class='ocr_line' id='line_1_57' title="bbox 1985 2763 3578 2835; baseline -0.002 -15"><span class='ocrx_word' id='word_1_402' title='bbox 1985 2764 2061 2820; x_wconf 89' lang='lat' dir='ltr'><strong>illi</strong></span> <span class='ocrx_word' id='word_1_403' title='bbox 2125 2765 2339 2835; x_wconf 87' lang='lat' dir='ltr'><strong>culpam</strong></span> <span class='ocrx_word' id='word_1_404' title='bbox 2392 2766 2537 2820; x_wconf 75' lang='lat' dir='ltr'><strong>lianc</strong></span> <span class='ocrx_word' id='word_1_405' title='bbox 2595 2765 2951 2832; x_wconf 78' lang='lat' dir='ltr'><strong>sibimetipsis</strong></span> <span class='ocrx_word' id='word_1_406' title='bbox 3004 2764 3275 2833; x_wconf 89' lang='lat' dir='ltr'><strong>imputare</strong></span> <span class='ocrx_word' id='word_1_407' title='bbox 3321 2763 3578 2819; x_wconf 86' lang='lat' dir='ltr'><strong>debeant.</strong></span> 
     </span>
    </p>
   </div>
   <div class='ocr_carea' id='block_1_58' title="bbox 1989 2855 3581 2927">
    <p class='ocr_par' dir='ltr' id='par_1_58' title="bbox 1989 2855 3581 2927">
     <span class='ocr_line' id='line_1_58' title="bbox 1989 2855 3581 2927; baseline 0.002 -19"><span class='ocrx_word' id='word_1_408' title='bbox 1989 2855 2228 2911; x_wconf 88' lang='lat' dir='ltr'><strong>Victoria</strong></span> <span class='ocrx_word' id='word_1_409' title='bbox 2264 2857 2411 2910; x_wconf 90' lang='lat' dir='ltr'><strong>enim</strong></span> <span class='ocrx_word' id='word_1_410' title='bbox 2439 2872 2562 2911; x_wconf 89' lang='lat' dir='ltr'><strong>cum</strong></span> <span class='ocrx_word' id='word_1_411' title='bbox 2590 2857 2850 2927; x_wconf 87' lang='lat' dir='ltr'><strong>deinceps</strong></span> <span class='ocrx_word' id='word_1_412' title='bbox 2884 2871 3051 2926; x_wconf 89' lang='lat' dir='ltr'><strong>penes</strong></span> <span class='ocrx_word' id='word_1_413' title='bbox 3080 2872 3179 2912; x_wconf 90' lang='lat' dir='ltr'><strong>nos</strong></span> <span class='ocrx_word' id='word_1_414' title='bbox 3218 2858 3309 2922; x_wconf 88' lang='lat' dir='ltr'><strong>sit,</strong></span> <span class='ocrx_word' id='word_1_415' title='bbox 3342 2873 3447 2912; x_wconf 92' lang='lat' dir='ltr'><strong>nou</strong></span> <span class='ocrx_word' id='word_1_416' title='bbox 3483 2872 3581 2911; x_wconf 87' lang='lat' dir='ltr'><strong>au-</strong></span> 
     </span>
    </p>
   </div>
   <div class='ocr_carea' id='block_1_59' title="bbox 1988 2946 3580 3015">
    <p class='ocr_par' dir='ltr' id='par_1_59' title="bbox 1988 2946 3580 3015">
     <span class='ocr_line' id='line_1_59' title="bbox 1988 2946 3580 3015; baseline 0.001 -14"><span class='ocrx_word' id='word_1_417' title='bbox 1988 2955 2095 3002; x_wconf 91' lang='lat' dir='ltr'><strong>tem</strong></span> <span class='ocrx_word' id='word_1_418' title='bbox 2127 2948 2372 3001; x_wconf 76' lang='lat' dir='ltr'><strong>inveniat</strong></span> <span class='ocrx_word' id='word_1_419' title='bbox 2398 2947 2647 3001; x_wconf 85' lang='lat' dir='ltr'><strong>homines</strong></span> <span class='ocrx_word' id='word_1_420' title='bbox 2676 2946 2813 3001; x_wconf 87' lang='lat' dir='ltr'><strong>tales</strong></span> <span class='ocrx_word' id='word_1_421' title='bbox 2837 2985 2852 3011; x_wconf 89' lang='lat'><strong>,</strong></span> <span class='ocrx_word' id='word_1_422' title='bbox 2887 2946 2977 3015; x_wconf 87' lang='lat' dir='ltr'><strong>qui</strong></span> <span class='ocrx_word' id='word_1_423' title='bbox 3007 2947 3231 3001; x_wconf 81' lang='lat' dir='ltr'><strong>vincere</strong></span> <span class='ocrx_word' id='word_1_424' title='bbox 3264 2948 3441 3001; x_wconf 89' lang='lat' dir='ltr'><strong>sciant</strong></span> <span class='ocrx_word' id='word_1_425' title='bbox 3470 2965 3484 3002; x_wconf 92' lang='lat'><strong>:</strong></span> <span class='ocrx_word' id='word_1_426' title='bbox 3523 2946 3580 3002; x_wconf 90' lang='lat' dir='ltr'><strong>in</strong></span> 
     </span>
    </p>
   </div>
   <div class='ocr_carea' id='block_1_60' title="bbox 261 3038 3578 3125">
    <p class='ocr_par' dir='ltr' id='par_1_60' title="bbox 261 3038 3578 3125">
     <span class='ocr_line' id='line_1_60' title="bbox 261 3038 3578 3125; baseline -0.005 -17"><span class='ocrx_word' id='word_1_427' title='bbox 261 3055 461 3125; x_wconf 85' lang='lat' dir='ltr'><strong>paucis</strong></span> <span class='ocrx_word' id='word_1_428' title='bbox 489 3052 600 3106; x_wconf 86' lang='lat' dir='ltr'><strong>vim</strong></span> <span class='ocrx_word' id='word_1_429' title='bbox 627 3066 783 3107; x_wconf 90' lang='lat' dir='ltr'><strong>suam</strong></span> <span class='ocrx_word' id='word_1_430' title='bbox 814 3064 1105 3115; x_wconf 79' lang='lat' dir='ltr'><strong>exsereus,</strong></span> <span class='ocrx_word' id='word_1_431' title='bbox 1145 3047 1282 3113; x_wconf 87' lang='lat' dir='ltr'><strong>illis,</strong></span> <span class='ocrx_word' id='word_1_432' title='bbox 1327 3045 1421 3116; x_wconf 89' lang='lat' dir='ltr'><strong>qui</strong></span> <span class='ocrx_word' id='word_1_433' title='bbox 1453 3043 1645 3100; x_wconf 86' lang='lat' dir='ltr'><strong>nolunt</strong></span> <span class='ocrx_word' id='word_1_434' title='bbox 1691 3055 1813 3098; x_wconf 89' lang='lat' dir='ltr'><strong>eam</strong></span> <span class='ocrx_word' id='word_1_435' title='bbox 1881 3038 2161 3096; x_wconf 86' lang='lat' dir='ltr'><strong>laboribus</strong></span> <span class='ocrx_word' id='word_1_436' title='bbox 2190 3038 2295 3095; x_wconf 88' lang='lat' dir='ltr'><strong>sibi</strong></span> <span class='ocrx_word' id='word_1_437' title='bbox 2363 3053 2685 3109; x_wconf 88' lang='lat' dir='ltr'><strong>comparare</strong></span> <span class='ocrx_word' id='word_1_438' title='bbox 2709 3077 2724 3105; x_wconf 88' lang='lat'><strong>,</strong></span> <span class='ocrx_word' id='word_1_439' title='bbox 2780 3038 2992 3109; x_wconf 87' lang='lat' dir='ltr'><strong>culpam</strong></span> <span class='ocrx_word' id='word_1_440' title='bbox 3029 3038 3257 3093; x_wconf 85' lang='lat' dir='ltr'><strong>ascribit</strong></span> <span class='ocrx_word' id='word_1_441' title='bbox 3288 3038 3405 3106; x_wconf 87' lang='lat' dir='ltr'><strong>ejus</strong></span> <span class='ocrx_word' id='word_1_442' title='bbox 3477 3038 3578 3105; x_wconf 83' lang='lat' dir='ltr'><strong>rei,</strong></span> 
     </span>
    </p>
   </div>
   <div class='ocr_carea' id='block_1_61' title="bbox 260 3148 760 3221">
    <p class='ocr_par' dir='ltr' id='par_1_61' title="bbox 260 3148 760 3221">
     <span class='ocr_line' id='line_1_61' title="bbox 260 3148 760 3221; baseline -0.008 -16"><span class='ocrx_word' id='word_1_443' title='bbox 260 3151 414 3221; x_wconf 84' lang='lat' dir='ltr'><strong>quod</strong></span> <span class='ocrx_word' id='word_1_444' title='bbox 448 3148 760 3203; x_wconf 75' lang='lat' dir='ltr'><strong>vincantur.</strong></span> 
     </span>
    </p>
   </div>
   <div class='ocr_carea' id='block_1_62' title="bbox 774 3233 1377 3307">
    <p class='ocr_par' dir='ltr' id='par_1_62' title="bbox 774 3233 1377 3307">
     <span class='ocr_line' id='line_1_62' title="bbox 774 3233 1377 3307; baseline -0.01 -15"><span class='ocrx_word' id='word_1_445' title='bbox 937 3265 1009 3276; x_wconf 89' lang='grc'><strong><em>-</em></strong></span> <span class='ocrx_word' id='word_1_446' title='bbox 1049 3234 1138 3307; x_wconf 69' lang='lat' dir='ltr'><strong>Te</strong></span> <span class='ocrx_word' id='word_1_447' title='bbox 1174 3233 1377 3306; x_wconf 66' lang='lat' dir='ltr'><strong>arm.</strong></span> 
     </span>
    </p>
   </div>
   <div class='ocr_carea' id='block_1_63' title="bbox 263 3318 1875 3403">
    <p class='ocr_par' dir='ltr' id='par_1_63' title="bbox 263 3318 1875 3403">
     <span class='ocr_line' id='line_1_63' title="bbox 263 3318 1875 3403; baseline -0.011 -15"><span class='ocrx_word' id='word_1_448' title='bbox 263 3332 408 3403; x_wconf 72' lang='lat' dir='ltr'><strong>napi</strong></span> <span class='ocrx_word' id='word_1_449' title='bbox 442 3328 553 3386; x_wconf 86' lang='grc' dir='ltr'><strong>τοῦ</strong></span> <span class='ocrx_word' id='word_1_450' title='bbox 598 3328 822 3403; x_wconf 79' lang='grc' dir='ltr'><strong>αὑτοῦ·</strong></span> <span class='ocrx_word' id='word_1_451' title='bbox 850 3327 948 3403; x_wconf 36' lang='grc' dir='ltr'><strong>,ότι</strong></span> <span class='ocrx_word' id='word_1_452' title='bbox 991 3326 1278 3403; x_wconf 41' lang='lat' dir='ltr'><strong>1)}!!th</strong></span> <span class='ocrx_word' id='word_1_453' title='bbox 1316 3322 1499 3392; x_wconf 79' lang='grc' dir='ltr'><strong>χωρὶς</strong></span> <span class='ocrx_word' id='word_1_454' title='bbox 1540 3320 1660 3375; x_wconf 85' lang='grc' dir='ltr'><strong>τῶν</strong></span> <span class='ocrx_word' id='word_1_455' title='bbox 1683 3318 1875 3390; x_wconf 64' lang='grc' dir='ltr'><strong>ἔργων</strong></span> 
     </span>
    </p>
   </div>
   <div class='ocr_carea' id='block_1_64' title="bbox 679 3396 1465 3464">
    <p class='ocr_par' dir='ltr' id='par_1_64' title="bbox 679 3396 1465 3464">
     <span class='ocr_line' id='line_1_64' title="bbox 679 3396 1465 3464; baseline -0.01 -10"><span class='ocrx_word' id='word_1_456' title='bbox 679 3402 754 3455; x_wconf 88' lang='grc' dir='ltr'><strong>οὐ</strong></span> <span class='ocrx_word' id='word_1_457' title='bbox 781 3397 954 3459; x_wconf 78' lang='grc' dir='ltr'><strong>σώζει</strong></span> <span class='ocrx_word' id='word_1_458' title='bbox 985 3398 1094 3453; x_wconf 83' lang='grc' dir='ltr'><strong>τὸν</strong></span> <span class='ocrx_word' id='word_1_459' title='bbox 1122 3396 1465 3464; x_wconf 78' lang='grc' dir='ltr'><strong>ἄνθρωπον.</strong></span> 
     </span>
    </p>
   </div>
   <div class='ocr_carea' id='block_1_65' title="bbox 334 3502 1875 3589">
    <p class='ocr_par' dir='ltr' id='par_1_65' title="bbox 334 3502 1875 3589">
     <span class='ocr_line' id='line_1_65' title="bbox 334 3502 1875 3589; baseline -0.012 -17"><span class='ocrx_word' id='word_1_460' title='bbox 334 3515 516 3589; x_wconf 79' lang='grc' dir='ltr'><strong>Δεῦρο</strong></span> <span class='ocrx_word' id='word_1_461' title='bbox 549 3515 648 3587; x_wconf 82' lang='grc' dir='ltr'><strong>μὲν</strong></span> <span class='ocrx_word' id='word_1_462' title='bbox 672 3512 1031 3583; x_wconf 76' lang='grc' dir='ltr'><strong>ὲπιφοιτήσας</strong></span> <span class='ocrx_word' id='word_1_463' title='bbox 1058 3510 1086 3563; x_wconf 87' lang='grc' dir='ltr'><strong>ό</strong></span> <span class='ocrx_word' id='word_1_464' title='bbox 1109 3507 1242 3571; x_wconf 80' lang='grc' dir='ltr'><strong>Θεὸς</strong></span> <span class='ocrx_word' id='word_1_465' title='bbox 1272 3505 1468 3573; x_wconf 86' lang='grc' dir='ltr'><strong>Λόγος,</strong></span> <span class='ocrx_word' id='word_1_466' title='bbox 1497 3502 1684 3558; x_wconf 79' lang='grc' dir='ltr'><strong>πίστιν</strong></span> <span class='ocrx_word' id='word_1_467' title='bbox 1706 3502 1875 3555; x_wconf 88' lang='grc' dir='ltr'><strong>ἀπαι-</strong></span> 
     </span>
    </p>
   </div>
   <div class='ocr_carea' id='block_1_66' title="bbox 259 3591 1877 3684">
    <p class='ocr_par' dir='ltr' id='par_1_66' title="bbox 259 3591 1877 3684">
     <span class='ocr_line' id='line_1_66' title="bbox 259 3591 1877 3684; baseline -0.013 -18"><span class='ocrx_word' id='word_1_468' title='bbox 259 3614 444 3684; x_wconf 82' lang='grc' dir='ltr'><strong>τήσας</strong></span> <span class='ocrx_word' id='word_1_469' title='bbox 466 3651 482 3677; x_wconf 88' lang='grc'><strong>,</strong></span> <span class='ocrx_word' id='word_1_470' title='bbox 519 3610 705 3681; x_wconf 82' lang='grc' dir='ltr'><strong>χάριτι</strong></span> <span class='ocrx_word' id='word_1_471' title='bbox 739 3604 1061 3661; x_wconf 72' lang='grc' dir='ltr'><strong>ἐδικαίωσεν</strong></span> <span class='ocrx_word' id='word_1_472' title='bbox 1107 3599 1189 3671; x_wconf 78' lang='grc' dir='ltr'><strong>(οὐ</strong></span> <span class='ocrx_word' id='word_1_473' title='bbox 1221 3599 1330 3670; x_wconf 84' lang='grc' dir='ltr'><strong>γὰρ</strong></span> <span class='ocrx_word' id='word_1_474' title='bbox 1363 3593 1433 3669; x_wconf 74' lang='grc' dir='ltr'><strong>ἦν</strong></span> <span class='ocrx_word' id='word_1_475' title='bbox 1461 3594 1571 3651; x_wconf 83' lang='grc' dir='ltr'><strong>ἀπὸ</strong></span> <span class='ocrx_word' id='word_1_476' title='bbox 1598 3591 1877 3684; x_wconf 82' lang='grc' dir='ltr'><strong>δικαιοσύ-</strong></span> 
     </span>
    </p>
   </div>
   <div class='ocr_carea' id='block_1_67' title="bbox 262 3682 1876 3774">
    <p class='ocr_par' dir='ltr' id='par_1_67' title="bbox 262 3682 1876 3774">
     <span class='ocr_line' id='line_1_67' title="bbox 262 3682 1876 3774; baseline -0.035 -2"><span class='ocrx_word' id='word_1_477' title='bbox 262 3682 364 3774; x_wconf 75' lang='grc' dir='ltr'><strong>ντις</strong></span> <span class='ocrx_word' id='word_1_478' title='bbox 401 3700 646 3771; x_wconf 78' lang='grc' dir='ltr'><strong>σωθῆναι</strong></span> <span class='ocrx_word' id='word_1_479' title='bbox 682 3699 809 3761; x_wconf 84' lang='grc' dir='ltr'><strong>τοὺς</strong></span> <span class='ocrx_word' id='word_1_480' title='bbox 850 3693 1063 3748; x_wconf 78' lang='grc' dir='ltr'><strong>οἴκοθεν</strong></span> <span class='ocrx_word' id='word_1_481' title='bbox 1102 3688 1466 3763; x_wconf 85' lang='grc' dir='ltr'><strong>προδοθέντας</strong></span> <span class='ocrx_word' id='word_1_482' title='bbox 1488 3702 1503 3718; x_wconf 79' lang='grc' dir='ltr'><strong>ο</strong></span> <span class='ocrx_word' id='word_1_483' title='bbox 1537 3685 1634 3739; x_wconf 71' lang='grc' dir='ltr'><strong>καὶ</strong></span> <span class='ocrx_word' id='word_1_484' title='bbox 1667 3682 1816 3738; x_wconf 70' lang='grc' dir='ltr'><strong>τοῦθ’</strong></span> <span class='ocrx_word' id='word_1_485' title='bbox 1846 3683 1876 3736; x_wconf 68' lang='grc' dir='ltr'>ὁ</span> 
     </span>
    </p>
   </div>
   <div class='ocr_carea' id='block_1_68' title="bbox 263 3775 1876 3867">
    <p class='ocr_par' dir='ltr' id='par_1_68' title="bbox 263 3775 1876 3867">
     <span class='ocr_line' id='line_1_68' title="bbox 263 3775 1876 3867; baseline -0.014 -18"><span class='ocrx_word' id='word_1_486' title='bbox 263 3793 527 3867; x_wconf 81' lang='grc' dir='ltr'><strong>Μελῳδὸς</strong></span> <span class='ocrx_word' id='word_1_487' title='bbox 557 3792 651 3846; x_wconf 81' lang='grc' dir='ltr'><strong>καί</strong></span> <span class='ocrx_word' id='word_1_488' title='bbox 680 3790 742 3843; x_wconf 83' lang='grc' dir='ltr'><strong>τὸ</strong></span> <span class='ocrx_word' id='word_1_489' title='bbox 788 3787 990 3853; x_wconf 83' lang='grc' dir='ltr'><strong>Σκεῦος</strong></span> <span class='ocrx_word' id='word_1_490' title='bbox 1021 3786 1123 3857; x_wconf 81' lang='grc' dir='ltr'><strong>τῆς</strong></span> <span class='ocrx_word' id='word_1_491' title='bbox 1164 3779 1782 3852; x_wconf 71' lang='grc' dir='ltr'><strong>ἐκλογῆςᾶπεφήναντο</strong></span> <span class='ocrx_word' id='word_1_492' title='bbox 1804 3792 1818 3806; x_wconf 76' lang='grc' dir='ltr'><strong><em>ο</em></strong></span> 
     </span>
    </p>
   </div>
   <div class='ocr_carea' id='block_1_69' title="bbox 270 3866 1875 3960">
    <p class='ocr_par' dir='ltr' id='par_1_69' title="bbox 270 3866 1875 3960">
     <span class='ocr_line' id='line_1_69' title="bbox 270 3866 1875 3960; baseline -0.014 -17"><span class='ocrx_word' id='word_1_493' title='bbox 270 3891 373 3960; x_wconf 83' lang='grc' dir='ltr'><strong>μὲν</strong></span> <span class='ocrx_word' id='word_1_494' title='bbox 408 3866 992 3954; x_wconf 69' lang='grc' dir='ltr'><strong>διαϐεϐαιωσάμενοςο</strong></span> <span class='ocrx_word' id='word_1_495' title='bbox 1030 3895 1053 3932; x_wconf 74' lang='grc' dir='ltr'><strong>ι</strong></span> <span class='ocrx_word' id='word_1_496' title='bbox 1097 3878 1212 3933; x_wconf 84' lang='grc' dir='ltr'><strong>Οὐκ</strong></span> <span class='ocrx_word' id='word_1_497' title='bbox 1239 3874 1357 3929; x_wconf 74' lang='grc' dir='ltr'><strong>ἐστι</strong></span> <span class='ocrx_word' id='word_1_498' title='bbox 1388 3873 1463 3946; x_wconf 73' lang='grc'>(3)</span> <span class='ocrx_word' id='word_1_499' title='bbox 1499 3872 1711 3934; x_wconf 85' lang='grc' dir='ltr'><strong>δίκαιος</strong></span> <span class='ocrx_word' id='word_1_500' title='bbox 1749 3866 1875 3960; x_wconf 70' lang='grc' dir='ltr'><strong>οὐδὲ</strong></span> 
     </span>
    </p>
   </div>
   <div class='ocr_carea' id='block_1_70' title="bbox 264 3959 1877 4048">
    <p class='ocr_par' dir='ltr' id='par_1_70' title="bbox 264 3959 1877 4048">
     <span class='ocr_line' id='line_1_70' title="bbox 264 3959 1877 4048; baseline -0.015 -10"><span class='ocrx_word' id='word_1_501' title='bbox 264 3959 350 4048; x_wconf 74' lang='grc' dir='ltr'><strong>εἷς</strong></span> <span class='ocrx_word' id='word_1_502' title='bbox 372 3998 388 4014; x_wconf 75' lang='grc'><strong><em>⁸</em></strong></span> <span class='ocrx_word' id='word_1_503' title='bbox 433 4000 454 4034; x_wconf 73' lang='grc' dir='ltr'><strong>ι</strong></span> <span class='ocrx_word' id='word_1_504' title='bbox 492 3982 521 4034; x_wconf 86' lang='grc' dir='ltr'>ὁ</span> <span class='ocrx_word' id='word_1_505' title='bbox 545 3978 623 4032; x_wconf 87' lang='grc' dir='ltr'><strong>δέ·</strong></span> <span class='ocrx_word' id='word_1_506' title='bbox 662 3997 681 4032; x_wconf 84' lang='grc' dir='ltr'><strong>ι</strong></span> <span class='ocrx_word' id='word_1_507' title='bbox 713 3977 926 4038; x_wconf 84' lang='grc' dir='ltr'><strong>Πάντες</strong></span> <span class='ocrx_word' id='word_1_508' title='bbox 948 3973 1199 4047; x_wconf 73' lang='grc' dir='ltr'><strong>ἥμαρτον</strong></span> <span class='ocrx_word' id='word_1_509' title='bbox 1221 4012 1235 4034; x_wconf 82' lang='grc'><strong>,</strong></span> <span class='ocrx_word' id='word_1_510' title='bbox 1259 3967 1357 4023; x_wconf 75' lang='grc' dir='ltr'><strong>καὶ</strong></span> <span class='ocrx_word' id='word_1_511' title='bbox 1385 3963 1743 4037; x_wconf 81' lang='grc' dir='ltr'><strong>ὑστεροῦνται</strong></span> <span class='ocrx_word' id='word_1_512' title='bbox 1775 3959 1877 4030; x_wconf 85' lang='grc' dir='ltr'><strong>τῆς</strong></span> 
     </span>
    </p>
   </div>
   <div class='ocr_carea' id='block_1_71' title="bbox 264 4050 1877 4143">
    <p class='ocr_par' dir='ltr' id='par_1_71' title="bbox 264 4050 1877 4143">
     <span class='ocr_line' id='line_1_71' title="bbox 264 4050 1877 4143; baseline -0.015 -15"><span class='ocrx_word' id='word_1_513' title='bbox 264 4070 433 4143; x_wconf 78' lang='grc' dir='ltr'><strong>δόξης</strong></span> <span class='ocrx_word' id='word_1_514' title='bbox 461 4069 558 4125; x_wconf 84' lang='grc' dir='ltr'><strong>τοῦ</strong></span> <span class='ocrx_word' id='word_1_515' title='bbox 591 4067 751 4132; x_wconf 83' lang='grc' dir='ltr'><strong>Θεοῦ,</strong></span> <span class='ocrx_word' id='word_1_516' title='bbox 784 4086 805 4121; x_wconf 74' lang='grc' dir='ltr'><strong>ι</strong></span> <span class='ocrx_word' id='word_1_517' title='bbox 840 4060 1364 4136; x_wconf 79' lang='grc' dir='ltr'><strong>διῖσχυρισάμενος)·</strong></span> <span class='ocrx_word' id='word_1_518' title='bbox 1387 4055 1788 4116; x_wconf 84' lang='grc' dir='ltr'><strong>πιστεύσαντας</strong></span> <span class='ocrx_word' id='word_1_519' title='bbox 1818 4050 1877 4105; x_wconf 81' lang='grc' dir='ltr'><strong>δὲ</strong></span> 
     </span>
    </p>
   </div>
   <div class='ocr_carea' id='block_1_72' title="bbox 266 4145 1873 4234">
    <p class='ocr_par' dir='ltr' id='par_1_72' title="bbox 266 4145 1873 4234">
     <span class='ocr_line' id='line_1_72' title="bbox 266 4145 1873 4234; baseline -0.014 -14"><span class='ocrx_word' id='word_1_520' title='bbox 266 4161 626 4234; x_wconf 79' lang='grc' dir='ltr'><strong>δικαιοσύνην</strong></span> <span class='ocrx_word' id='word_1_521' title='bbox 684 4159 1001 4234; x_wconf 83' lang='grc' dir='ltr'><strong>ἀκροτάτην</strong></span> <span class='ocrx_word' id='word_1_522' title='bbox 1060 4154 1290 4218; x_wconf 87' lang='grc' dir='ltr'><strong>εἰκότως</strong></span> <span class='ocrx_word' id='word_1_523' title='bbox 1348 4151 1631 4225; x_wconf 67' lang='grc' dir='ltr'><strong>ἀπῄτησεν</strong></span> <span class='ocrx_word' id='word_1_524' title='bbox 1652 4165 1667 4180; x_wconf 89' lang='grc'><strong>·</strong></span> <span class='ocrx_word' id='word_1_525' title='bbox 1727 4145 1873 4200; x_wconf 83' lang='grc' dir='ltr'><strong>ὥστε</strong></span> 
     </span>
    </p>
   </div>
   <div class='ocr_carea' id='block_1_73' title="bbox 267 4235 1876 4327">
    <p class='ocr_par' dir='ltr' id='par_1_73' title="bbox 267 4235 1876 4327">
     <span class='ocr_line' id='line_1_73' title="bbox 267 4235 1876 4327; baseline -0.013 -17"><span class='ocrx_word' id='word_1_526' title='bbox 267 4253 430 4327; x_wconf 84' lang='grc' dir='ltr'><strong>παρά</strong></span> <span class='ocrx_word' id='word_1_527' title='bbox 471 4253 572 4324; x_wconf 80' lang='grc' dir='ltr'><strong>μὲν</strong></span> <span class='ocrx_word' id='word_1_528' title='bbox 601 4253 703 4325; x_wconf 79' lang='grc' dir='ltr'><strong>τὴν</strong></span> <span class='ocrx_word' id='word_1_529' title='bbox 749 4250 999 4324; x_wconf 84' lang='grc' dir='ltr'><strong>πρώτην,</strong></span> <span class='ocrx_word' id='word_1_530' title='bbox 1032 4250 1068 4319; x_wconf 78' lang='grc' dir='ltr'>ὴ</span> <span class='ocrx_word' id='word_1_531' title='bbox 1105 4246 1274 4319; x_wconf 66' lang='grc' dir='ltr'><strong>χάρις</strong></span> <span class='ocrx_word' id='word_1_532' title='bbox 1314 4241 1621 4304; x_wconf 71' lang='grc' dir='ltr'><strong>ἐδικαίωσε,</strong></span> <span class='ocrx_word' id='word_1_533' title='bbox 1651 4238 1778 4302; x_wconf 80' lang='grc' dir='ltr'><strong>τοὺς</strong></span> <span class='ocrx_word' id='word_1_534' title='bbox 1817 4235 1876 4290; x_wconf 80' lang='grc' dir='ltr'><strong>δὲ</strong></span> 
     </span>
    </p>
   </div>
   <div class='ocr_carea' id='block_1_74' title="bbox 264 4331 1873 4415">
    <p class='ocr_par' dir='ltr' id='par_1_74' title="bbox 264 4331 1873 4415">
     <span class='ocr_line' id='line_1_74' title="bbox 264 4331 1873 4415; baseline -0.013 -12"><span class='ocrx_word' id='word_1_535' title='bbox 264 4345 689 4410; x_wconf 84' lang='grc' dir='ltr'><strong>δικαιωθέντας,</strong></span> <span class='ocrx_word' id='word_1_536' title='bbox 709 4344 890 4415; x_wconf 74' lang='grc' dir='ltr'><strong>εργων</strong></span> <span class='ocrx_word' id='word_1_537' title='bbox 909 4339 1132 4411; x_wconf 84' lang='grc' dir='ltr'><strong>ἀγαθῶν</strong></span> <span class='ocrx_word' id='word_1_538' title='bbox 1149 4332 1542 4393; x_wconf 74' lang='grc' dir='ltr'><strong>ἀντιλαϐέσθαι</strong></span> <span class='ocrx_word' id='word_1_539' title='bbox 1562 4331 1873 4395; x_wconf 75' lang='grc' dir='ltr'><strong>ἐθέσπισεν,</strong></span> 
     </span>
    </p>
   </div>
   <div class='ocr_carea' id='block_1_75' title="bbox 267 4423 1874 4504">
    <p class='ocr_par' dir='ltr' id='par_1_75' title="bbox 267 4423 1874 4504">
     <span class='ocr_line' id='line_1_75' title="bbox 267 4423 1874 4504; baseline -0.008 -13"><span class='ocrx_word' id='word_1_540' title='bbox 267 4437 347 4501; x_wconf 81' lang='grc' dir='ltr'><strong>ὡς</strong></span> <span class='ocrx_word' id='word_1_541' title='bbox 368 4436 474 4491; x_wconf 77' lang='grc' dir='ltr'><strong>οὐκ</strong></span> <span class='ocrx_word' id='word_1_542' title='bbox 498 4436 620 4489; x_wconf 81' lang='grc' dir='ltr'><strong>ὲνὸν</strong></span> <span class='ocrx_word' id='word_1_543' title='bbox 651 4434 761 4489; x_wconf 82' lang='grc' dir='ltr'><strong>ἀπὸ</strong></span> <span class='ocrx_word' id='word_1_544' title='bbox 782 4432 1026 4497; x_wconf 83' lang='grc' dir='ltr'><strong>πίστεως</strong></span> <span class='ocrx_word' id='word_1_545' title='bbox 1052 4431 1213 4504; x_wconf 90' lang='grc' dir='ltr'><strong>μόνον</strong></span> <span class='ocrx_word' id='word_1_546' title='bbox 1236 4428 1313 4503; x_wconf 69' lang='grc'>(4)</span> <span class='ocrx_word' id='word_1_547' title='bbox 1337 4426 1598 4499; x_wconf 79' lang='grc' dir='ltr'><strong>σωθῆναι.</strong></span> <span class='ocrx_word' id='word_1_548' title='bbox 1624 4425 1745 4497; x_wconf 82' lang='grc' dir='ltr'><strong>Χρὴ</strong></span> <span class='ocrx_word' id='word_1_549' title='bbox 1765 4423 1874 4494; x_wconf 85' lang='grc' dir='ltr'><strong>γὰρ</strong></span> 
     </span>
    </p>
   </div>
   <div class='ocr_carea' id='block_1_76' title="bbox 264 4514 1875 4601">
    <p class='ocr_par' dir='ltr' id='par_1_76' title="bbox 264 4514 1875 4601">
     <span class='ocr_line' id='line_1_76' title="bbox 264 4514 1875 4601; baseline -0.009 -18"><span class='ocrx_word' id='word_1_550' title='bbox 264 4531 336 4601; x_wconf 75' lang='grc' dir='ltr'><strong>τῇ</strong></span> <span class='ocrx_word' id='word_1_551' title='bbox 368 4528 559 4583; x_wconf 82' lang='grc' dir='ltr'><strong>πίστει</strong></span> <span class='ocrx_word' id='word_1_552' title='bbox 582 4525 869 4599; x_wconf 86' lang='grc' dir='ltr'><strong>κρίνεσθαι</strong></span> <span class='ocrx_word' id='word_1_553' title='bbox 899 4524 979 4596; x_wconf 87' lang='grc'><strong>(5)</strong></span> <span class='ocrx_word' id='word_1_554' title='bbox 1008 4525 1108 4588; x_wconf 83' lang='grc' dir='ltr'><strong>τὰς</strong></span> <span class='ocrx_word' id='word_1_555' title='bbox 1139 4521 1392 4596; x_wconf 81' lang='grc' dir='ltr'><strong>πράξεις,</strong></span> <span class='ocrx_word' id='word_1_556' title='bbox 1413 4521 1508 4575; x_wconf 79' lang='grc' dir='ltr'><strong>καὶ</strong></span> <span class='ocrx_word' id='word_1_557' title='bbox 1528 4517 1638 4574; x_wconf 83' lang='grc' dir='ltr'><strong>ἀπὸ</strong></span> <span class='ocrx_word' id='word_1_558' title='bbox 1669 4514 1875 4571; x_wconf 79' lang='grc' dir='ltr'><strong>τούτων</strong></span> 
     </span>
    </p>
   </div>
   <div class='ocr_carea' id='block_1_77' title="bbox 2400 3220 3136 3297">
    <p class='ocr_par' dir='ltr' id='par_1_77' title="bbox 2400 3220 3136 3297">
     <span class='ocr_line' id='line_1_77' title="bbox 2400 3220 3136 3297; baseline -0.001 -19"><span class='ocrx_word' id='word_1_559' title='bbox 2400 3222 2572 3297; x_wconf 63' lang='grc' dir='ltr'><strong>ωε</strong></span> <span class='ocrx_word' id='word_1_560' title='bbox 2605 3220 2768 3278; x_wconf 84' lang='lat' dir='ltr'><strong>va.</strong></span> <span class='ocrx_word' id='word_1_561' title='bbox 2805 3251 2871 3265; x_wconf 74' lang='lat'><strong>—-</strong></span> <span class='ocrx_word' id='word_1_562' title='bbox 2900 3221 3136 3277; x_wconf 85' lang='lat' dir='ltr'><strong>EIDEM.</strong></span> 
     </span>
    </p>
   </div>
   <div class='ocr_carea' id='block_1_78' title="bbox 1977 3315 3577 3387">
    <p class='ocr_par' dir='ltr' id='par_1_78' title="bbox 1977 3315 3577 3387">
     <span class='ocr_line' id='line_1_78' title="bbox 1977 3315 3577 3387; baseline 0 -14"><span class='ocrx_word' id='word_1_563' title='bbox 1977 3317 2181 3374; x_wconf 81' lang='lat' dir='ltr'><strong>Eadem</strong></span> <span class='ocrx_word' id='word_1_564' title='bbox 2229 3317 2296 3371; x_wconf 89' lang='lat' dir='ltr'><strong>de</strong></span> <span class='ocrx_word' id='word_1_565' title='bbox 2344 3333 2444 3380; x_wconf 84' lang='lat' dir='ltr'><strong>re,</strong></span> <span class='ocrx_word' id='word_1_566' title='bbox 2499 3332 2682 3381; x_wconf 82' lang='lat' dir='ltr'><strong>nempe</strong></span> <span class='ocrx_word' id='word_1_567' title='bbox 2721 3317 2862 3385; x_wconf 81' lang='lat' dir='ltr'><strong>quod</strong></span> <span class='ocrx_word' id='word_1_568' title='bbox 2912 3315 3047 3384; x_wconf 80' lang='lat' dir='ltr'><strong>ﬁdes</strong></span> <span class='ocrx_word' id='word_1_569' title='bbox 3095 3316 3292 3387; x_wconf 82' lang='lat' dir='ltr'><strong>absque</strong></span> <span class='ocrx_word' id='word_1_570' title='bbox 3332 3319 3577 3387; x_wconf 69' lang='lat' dir='ltr'><strong>operibus</strong></span> 
     </span>
    </p>
   </div>
   <div class='ocr_carea' id='block_1_79' title="bbox 2269 3387 3200 3453">
    <p class='ocr_par' dir='ltr' id='par_1_79' title="bbox 2269 3387 3200 3453">
     <span class='ocr_line' id='line_1_79' title="bbox 2269 3387 3200 3453; baseline 0.001 -13"><span class='ocrx_word' id='word_1_571' title='bbox 2269 3388 2535 3442; x_wconf 81' lang='lat' dir='ltr'><strong>hominem</strong></span> <span class='ocrx_word' id='word_1_572' title='bbox 2573 3403 2676 3440; x_wconf 79' lang='lat' dir='ltr'><strong>non</strong></span> <span class='ocrx_word' id='word_1_573' title='bbox 2716 3388 2885 3453; x_wconf 76' lang='lat' dir='ltr'><strong>faciat</strong></span> <span class='ocrx_word' id='word_1_574' title='bbox 2915 3387 3118 3439; x_wconf 76' lang='lat' dir='ltr'><strong>salvum</strong></span> <span class='ocrx_word' id='word_1_575' title='bbox 3134 3387 3200 3441; x_wconf 76' lang='lat'><strong>“.</strong></span> 
     </span>
    </p>
   </div>
   <div class='ocr_carea' id='block_1_80' title="bbox 2047 3493 3578 3563">
    <p class='ocr_par' dir='ltr' id='par_1_80' title="bbox 2047 3493 3578 3563">
     <span class='ocr_line' id='line_1_80' title="bbox 2047 3493 3578 3563; baseline -0.001 -7"><span class='ocrx_word' id='word_1_576' title='bbox 2047 3499 2182 3556; x_wconf 87' lang='lat' dir='ltr'><strong>Cum</strong></span> <span class='ocrx_word' id='word_1_577' title='bbox 2243 3499 2299 3553; x_wconf 89' lang='lat' dir='ltr'><strong>in</strong></span> <span class='ocrx_word' id='word_1_578' title='bbox 2349 3512 2572 3552; x_wconf 88' lang='lat' dir='ltr'><strong>carnem</strong></span> <span class='ocrx_word' id='word_1_579' title='bbox 2608 3496 2759 3551; x_wconf 83' lang='lat' dir='ltr'><strong>venit</strong></span> <span class='ocrx_word' id='word_1_580' title='bbox 2797 3496 2939 3551; x_wconf 89' lang='lat' dir='ltr'><strong>Deus</strong></span> <span class='ocrx_word' id='word_1_581' title='bbox 2973 3493 3251 3563; x_wconf 80' lang='lat' dir='ltr'><strong>Verbum,</strong></span> <span class='ocrx_word' id='word_1_582' title='bbox 3299 3497 3454 3552; x_wconf 83' lang='lat' dir='ltr'><strong>Iidem</strong></span> <span class='ocrx_word' id='word_1_583' title='bbox 3487 3498 3578 3554; x_wconf 85' lang='lat' dir='ltr'><strong>ille</strong></span> 
     </span>
    </p>
   </div>
   <div class='ocr_carea' id='block_1_81' title="bbox 1976 3586 3576 3659">
    <p class='ocr_par' dir='ltr' id='par_1_81' title="bbox 1976 3586 3576 3659">
     <span class='ocr_line' id='line_1_81' title="bbox 1976 3586 3576 3659; baseline -0.001 -14"><span class='ocrx_word' id='word_1_584' title='bbox 1976 3590 2198 3659; x_wconf 87' lang='lat' dir='ltr'><strong>quidem</strong></span> <span class='ocrx_word' id='word_1_585' title='bbox 2229 3589 2333 3644; x_wconf 88' lang='lat' dir='ltr'><strong>sibi</strong></span> <span class='ocrx_word' id='word_1_586' title='bbox 2374 3587 2559 3643; x_wconf 87' lang='lat' dir='ltr'><strong>haberi</strong></span> <span class='ocrx_word' id='word_1_587' title='bbox 2595 3587 2899 3658; x_wconf 85' lang='lat' dir='ltr'><strong>postulans,</strong></span> <span class='ocrx_word' id='word_1_588' title='bbox 2937 3589 3112 3656; x_wconf 76' lang='lat' dir='ltr'><strong>gratia</strong></span> <span class='ocrx_word' id='word_1_589' title='bbox 3158 3586 3451 3658; x_wconf 84' lang='lat' dir='ltr'><strong>(homines)</strong></span> <span class='ocrx_word' id='word_1_590' title='bbox 3481 3587 3576 3658; x_wconf 82' lang='lat' dir='ltr'><strong>ju-</strong></span> 
     </span>
    </p>
   </div>
   <div class='ocr_carea' id='block_1_82' title="bbox 1976 3677 3579 3752">
    <p class='ocr_par' dir='ltr' id='par_1_82' title="bbox 1976 3677 3579 3752">
     <span class='ocr_line' id='line_1_82' title="bbox 1976 3677 3579 3752; baseline 0 -15"><span class='ocrx_word' id='word_1_591' title='bbox 1976 3690 2093 3738; x_wconf 89' lang='lat' dir='ltr'><strong>stos</strong></span> <span class='ocrx_word' id='word_1_592' title='bbox 2124 3680 2253 3737; x_wconf 78' lang='lat' dir='ltr'><strong>fecit</strong></span> <span class='ocrx_word' id='word_1_593' title='bbox 2287 3680 2486 3752; x_wconf 88' lang='lat' dir='ltr'><strong>(neque</strong></span> <span class='ocrx_word' id='word_1_594' title='bbox 2512 3679 2658 3734; x_wconf 89' lang='lat' dir='ltr'><strong>enim</strong></span> <span class='ocrx_word' id='word_1_595' title='bbox 2688 3677 2805 3734; x_wconf 82' lang='lat' dir='ltr'><strong>ﬁeri</strong></span> <span class='ocrx_word' id='word_1_596' title='bbox 2839 3687 3087 3750; x_wconf 91' lang='lat' dir='ltr'><strong>poterat,</strong></span> <span class='ocrx_word' id='word_1_597' title='bbox 3121 3687 3180 3733; x_wconf 89' lang='lat' dir='ltr'><strong>ut</strong></span> <span class='ocrx_word' id='word_1_598' title='bbox 3203 3681 3295 3750; x_wconf 91' lang='lat' dir='ltr'><strong>qui</strong></span> <span class='ocrx_word' id='word_1_599' title='bbox 3327 3694 3357 3734; x_wconf 92' lang='lat' dir='ltr'><strong>a</strong></span> <span class='ocrx_word' id='word_1_600' title='bbox 3379 3680 3579 3750; x_wconf 85' lang='lat' dir='ltr'><strong>seipsis</strong></span> 
     </span>
    </p>
   </div>
   <div class='ocr_carea' id='block_1_83' title="bbox 1977 3770 3578 3846">
    <p class='ocr_par' dir='ltr' id='par_1_83' title="bbox 1977 3770 3578 3846">
     <span class='ocr_line' id='line_1_83' title="bbox 1977 3770 3578 3846; baseline -0.002 -18"><span class='ocrx_word' id='word_1_601' title='bbox 1977 3773 2179 3846; x_wconf 88' lang='lat' dir='ltr'><strong>proditi</strong></span> <span class='ocrx_word' id='word_1_602' title='bbox 2213 3773 2519 3844; x_wconf 90' lang='lat' dir='ltr'><strong>perditique</strong></span> <span class='ocrx_word' id='word_1_603' title='bbox 2544 3770 2785 3837; x_wconf 83' lang='lat' dir='ltr'><strong>fuerant,</strong></span> <span class='ocrx_word' id='word_1_604' title='bbox 2815 3771 3030 3842; x_wconf 86' lang='lat' dir='ltr'><strong>justitia</strong></span> <span class='ocrx_word' id='word_1_605' title='bbox 3057 3786 3153 3827; x_wconf 83' lang='lat' dir='ltr'><strong>sua</strong></span> <span class='ocrx_word' id='word_1_606' title='bbox 3180 3771 3409 3828; x_wconf 87' lang='lat' dir='ltr'><strong>salutem</strong></span> <span class='ocrx_word' id='word_1_607' title='bbox 3439 3787 3578 3828; x_wconf 85' lang='lat' dir='ltr'><strong>cou-</strong></span> 
     </span>
    </p>
   </div>
   <div class='ocr_carea' id='block_1_84' title="bbox 1978 3861 3578 3938">
    <p class='ocr_par' dir='ltr' id='par_1_84' title="bbox 1978 3861 3578 3938">
     <span class='ocr_line' id='line_1_84' title="bbox 1978 3861 3578 3938; baseline -0.004 -14"><span class='ocrx_word' id='word_1_608' title='bbox 1978 3877 2341 3938; x_wconf 87' lang='lat' dir='ltr'><strong>sequerentur</strong></span> <span class='ocrx_word' id='word_1_609' title='bbox 2365 3883 2380 3921; x_wconf 88' lang='lat'><strong>:</strong></span> <span class='ocrx_word' id='word_1_610' title='bbox 2413 3865 2577 3931; x_wconf 82' lang='lat' dir='ltr'><strong>idque</strong></span> <span class='ocrx_word' id='word_1_611' title='bbox 2604 3864 2952 3920; x_wconf 87' lang='lat' dir='ltr'><strong>Psalmorum</strong></span> <span class='ocrx_word' id='word_1_612' title='bbox 2983 3864 3219 3933; x_wconf 85' lang='lat' dir='ltr'><strong>scriptor</strong></span> <span class='ocrx_word' id='word_1_613' title='bbox 3247 3874 3303 3919; x_wconf 91' lang='lat' dir='ltr'><strong>et</strong></span> <span class='ocrx_word' id='word_1_614' title='bbox 3335 3861 3443 3918; x_wconf 77' lang='lat' dir='ltr'><strong>Vas</strong></span> <span class='ocrx_word' id='word_1_615' title='bbox 3465 3863 3578 3918; x_wconf 88' lang='lat' dir='ltr'><strong>ele-</strong></span> 
     </span>
    </p>
   </div>
   <div class='ocr_carea' id='block_1_85' title="bbox 1978 3954 3578 4023">
    <p class='ocr_par' dir='ltr' id='par_1_85' title="bbox 1978 3954 3578 4023">
     <span class='ocr_line' id='line_1_85' title="bbox 1978 3954 3578 4023; baseline -0.003 -8"><span class='ocrx_word' id='word_1_616' title='bbox 1978 3960 2177 4015; x_wconf 89' lang='lat' dir='ltr'><strong>ctionis</strong></span> <span class='ocrx_word' id='word_1_617' title='bbox 2228 3958 2391 4013; x_wconf 88' lang='lat' dir='ltr'><strong>ambo</strong></span> <span class='ocrx_word' id='word_1_618' title='bbox 2442 3956 2785 4012; x_wconf 79' lang='lat' dir='ltr'><strong>alﬁrmarunt</strong></span> <span class='ocrx_word' id='word_1_619' title='bbox 2819 3955 3221 4023; x_wconf 86' lang='lat' dir='ltr'><strong>disertissime,</strong></span> <span class='ocrx_word' id='word_1_620' title='bbox 3263 3956 3390 4010; x_wconf 90' lang='lat' dir='ltr'><strong>dum</strong></span> <span class='ocrx_word' id='word_1_621' title='bbox 3438 3954 3578 4010; x_wconf 88' lang='lat' dir='ltr'><strong>alter</strong></span> 
     </span>
    </p>
   </div>
   <div class='ocr_carea' id='block_1_86' title="bbox 1978 4047 3570 4119">
    <p class='ocr_par' dir='ltr' id='par_1_86' title="bbox 1978 4047 3570 4119">
     <span class='ocr_line' id='line_1_86' title="bbox 1978 4047 3570 4119; baseline -0.004 -13"><span class='ocrx_word' id='word_1_622' title='bbox 1978 4059 2261 4106; x_wconf 85' lang='lat' dir='ltr'><strong>asseverat</strong></span> <span class='ocrx_word' id='word_1_623' title='bbox 2288 4069 2302 4106; x_wconf 89' lang='lat'><strong>:</strong></span> <span class='ocrx_word' id='word_1_624' title='bbox 2343 4047 2492 4104; x_wconf 70' lang='lat' dir='ltr'><strong>«Non</strong></span> <span class='ocrx_word' id='word_1_625' title='bbox 2523 4059 2608 4105; x_wconf 90' lang='lat' dir='ltr'><strong>est</strong></span> <span class='ocrx_word' id='word_1_626' title='bbox 2636 4050 2816 4119; x_wconf 87' lang='lat' dir='ltr'><strong>justus</strong></span> <span class='ocrx_word' id='word_1_627' title='bbox 2838 4088 2853 4113; x_wconf 93' lang='lat'><strong>,</strong></span> <span class='ocrx_word' id='word_1_628' title='bbox 2891 4062 2961 4103; x_wconf 90' lang='lat' dir='ltr'><strong>ne</strong></span> <span class='ocrx_word' id='word_1_629' title='bbox 3006 4061 3150 4103; x_wconf 89' lang='lat' dir='ltr'><strong>unus</strong></span> <span class='ocrx_word' id='word_1_630' title='bbox 3179 4048 3397 4118; x_wconf 89' lang='lat' dir='ltr'><strong>quidem</strong></span> <span class='ocrx_word' id='word_1_631' title='bbox 3424 4047 3511 4114; x_wconf 81' lang='lat'><strong>&quot;;</strong></span> <span class='ocrx_word' id='word_1_632' title='bbox 3547 4065 3570 4100; x_wconf 71' lang='grc' dir='ltr'><strong>ι</strong></span> 
     </span>
    </p>
   </div>
   <div class='ocr_carea' id='block_1_87' title="bbox 1978 4137 3575 4211">
    <p class='ocr_par' dir='ltr' id='par_1_87' title="bbox 1978 4137 3575 4211">
     <span class='ocr_line' id='line_1_87' title="bbox 1978 4137 3575 4211; baseline -0.001 -15"><span class='ocrx_word' id='word_1_633' title='bbox 1978 4141 2117 4198; x_wconf 83' lang='lat' dir='ltr'><strong>alter</strong></span> <span class='ocrx_word' id='word_1_634' title='bbox 2146 4155 2277 4197; x_wconf 90' lang='lat' dir='ltr'><strong>vero</strong></span> <span class='ocrx_word' id='word_1_635' title='bbox 2306 4155 2505 4211; x_wconf 76' lang='lat' dir='ltr'><strong>magna</strong></span> <span class='ocrx_word' id='word_1_636' title='bbox 2533 4137 3035 4196; x_wconf 52' lang='lat' dir='ltr'><strong>vehementia‘ftsus</strong></span> <span class='ocrx_word' id='word_1_637' title='bbox 3065 4140 3245 4209; x_wconf 87' lang='lat' dir='ltr'><strong>inquit</strong></span> <span class='ocrx_word' id='word_1_638' title='bbox 3270 4157 3285 4194; x_wconf 86' lang='lat'><strong>:</strong></span> <span class='ocrx_word' id='word_1_639' title='bbox 3323 4156 3343 4191; x_wconf 81' lang='grc' dir='ltr'><strong>ι</strong></span> <span class='ocrx_word' id='word_1_640' title='bbox 3370 4137 3575 4195; x_wconf 88' lang='lat' dir='ltr'><strong>Omnes</strong></span> 
     </span>
    </p>
   </div>
   <div class='ocr_carea' id='block_1_88' title="bbox 1978 4230 3573 4306">
    <p class='ocr_par' dir='ltr' id='par_1_88' title="bbox 1978 4230 3573 4306">
     <span class='ocr_line' id='line_1_88' title="bbox 1978 4230 3573 4306; baseline -0.004 -15"><span class='ocrx_word' id='word_1_641' title='bbox 1978 4244 2276 4306; x_wconf 87' lang='lat' dir='ltr'><strong>peccarunt</strong></span> <span class='ocrx_word' id='word_1_642' title='bbox 2301 4276 2317 4303; x_wconf 92' lang='lat'><strong>,</strong></span> <span class='ocrx_word' id='word_1_643' title='bbox 2368 4246 2426 4290; x_wconf 90' lang='lat' dir='ltr'><strong>et</strong></span> <span class='ocrx_word' id='word_1_644' title='bbox 2473 4234 2853 4290; x_wconf 87' lang='lat' dir='ltr'><strong>destituuntur</strong></span> <span class='ocrx_word' id='word_1_645' title='bbox 2876 4233 3048 4301; x_wconf 75' lang='lat' dir='ltr'><strong>gloria</strong></span> <span class='ocrx_word' id='word_1_646' title='bbox 3077 4232 3173 4287; x_wconf 88' lang='lat' dir='ltr'><strong>Dei</strong></span> <span class='ocrx_word' id='word_1_647' title='bbox 3197 4231 3242 4263; x_wconf 83' lang='lat'>&quot;</span> <span class='ocrx_word' id='word_1_648' title='bbox 3270 4233 3327 4301; x_wconf 75' lang='grc' dir='ltr'>ι)</span> <span class='ocrx_word' id='word_1_649' title='bbox 3361 4250 3374 4285; x_wconf 91' lang='lat'><strong>:</strong></span> <span class='ocrx_word' id='word_1_650' title='bbox 3402 4231 3471 4285; x_wconf 87' lang='lat' dir='ltr'><strong>ab</strong></span> <span class='ocrx_word' id='word_1_651' title='bbox 3505 4230 3573 4285; x_wconf 85' lang='lat' dir='ltr'><strong>iis</strong></span> 
     </span>
    </p>
   </div>
   <div class='ocr_carea' id='block_1_89' title="bbox 1978 4320 3568 4396">
    <p class='ocr_par' dir='ltr' id='par_1_89' title="bbox 1978 4320 3568 4396">
     <span class='ocr_line' id='line_1_89' title="bbox 1978 4320 3568 4396; baseline -0.004 -15"><span class='ocrx_word' id='word_1_652' title='bbox 1978 4340 2111 4381; x_wconf 80' lang='lat' dir='ltr'><strong>vero</strong></span> <span class='ocrx_word' id='word_1_653' title='bbox 2140 4326 2233 4396; x_wconf 87' lang='lat' dir='ltr'><strong>qui</strong></span> <span class='ocrx_word' id='word_1_654' title='bbox 2263 4324 2633 4391; x_wconf 89' lang='lat' dir='ltr'><strong>crediderunt,</strong></span> <span class='ocrx_word' id='word_1_655' title='bbox 2657 4338 2951 4388; x_wconf 89' lang='lat' dir='ltr'><strong>summam,</strong></span> <span class='ocrx_word' id='word_1_656' title='bbox 2978 4336 3157 4392; x_wconf 87' lang='lat' dir='ltr'><strong>neque</strong></span> <span class='ocrx_word' id='word_1_657' title='bbox 3186 4321 3239 4376; x_wconf 93' lang='lat' dir='ltr'><strong>id</strong></span> <span class='ocrx_word' id='word_1_658' title='bbox 3273 4320 3568 4385; x_wconf 87' lang='lat' dir='ltr'><strong>immerito,</strong></span> 
     </span>
    </p>
   </div>
   <div class='ocr_carea' id='block_1_90' title="bbox 1973 4412 3572 4489">
    <p class='ocr_par' dir='ltr' id='par_1_90' title="bbox 1973 4412 3572 4489">
     <span class='ocr_line' id='line_1_90' title="bbox 1973 4412 3572 4489; baseline -0.004 -17"><span class='ocrx_word' id='word_1_659' title='bbox 1973 4417 2246 4489; x_wconf 88' lang='lat' dir='ltr'><strong>justitiam</strong></span> <span class='ocrx_word' id='word_1_660' title='bbox 2281 4417 2499 4488; x_wconf 76' lang='lat' dir='ltr'><strong>exegit:</strong></span> <span class='ocrx_word' id='word_1_661' title='bbox 2533 4417 2606 4471; x_wconf 90' lang='lat' dir='ltr'><strong>ita</strong></span> <span class='ocrx_word' id='word_1_662' title='bbox 2635 4425 2696 4471; x_wconf 90' lang='lat' dir='ltr'><strong>ut</strong></span> <span class='ocrx_word' id='word_1_663' title='bbox 2724 4417 2900 4486; x_wconf 88' lang='lat' dir='ltr'><strong>primo</strong></span> <span class='ocrx_word' id='word_1_664' title='bbox 2926 4416 3144 4485; x_wconf 83' lang='lat' dir='ltr'><strong>quidem</strong></span> <span class='ocrx_word' id='word_1_665' title='bbox 3182 4413 3357 4485; x_wconf 76' lang='lat' dir='ltr'><strong>gratia</strong></span> <span class='ocrx_word' id='word_1_666' title='bbox 3387 4412 3572 4483; x_wconf 83' lang='lat' dir='ltr'><strong>justos</strong></span> 
     </span>
    </p>
   </div>
   <div class='ocr_carea' id='block_1_91' title="bbox 1980 4502 3575 4579">
    <p class='ocr_par' dir='ltr' id='par_1_91' title="bbox 1980 4502 3575 4579">
     <span class='ocr_line' id='line_1_91' title="bbox 1980 4502 3575 4579; baseline -0.006 -12"><span class='ocrx_word' id='word_1_667' title='bbox 1980 4511 2209 4577; x_wconf 79' lang='lat' dir='ltr'><strong>fecerit;</strong></span> <span class='ocrx_word' id='word_1_668' title='bbox 2248 4509 2579 4579; x_wconf 78' lang='lat' dir='ltr'><strong>iustiﬁcatos</strong></span> <span class='ocrx_word' id='word_1_669' title='bbox 2618 4516 2803 4563; x_wconf 88' lang='lat' dir='ltr'><strong>autem</strong></span> <span class='ocrx_word' id='word_1_670' title='bbox 2833 4507 3101 4562; x_wconf 87' lang='lat' dir='ltr'><strong>bonorum</strong></span> <span class='ocrx_word' id='word_1_671' title='bbox 3132 4520 3357 4574; x_wconf 88' lang='lat' dir='ltr'><strong>operum</strong></span> <span class='ocrx_word' id='word_1_672' title='bbox 3392 4502 3575 4558; x_wconf 88' lang='lat' dir='ltr'><strong>studio</strong></span> 
     </span>
    </p>
   </div>
   <div class='ocr_carea' id='block_1_92' title="bbox 265 4594 1876 4691">
    <p class='ocr_par' dir='ltr' id='par_1_92' title="bbox 265 4594 1824 4691">
     <span class='ocr_line' id='line_1_92' title="bbox 265 4594 1824 4691; baseline -0.01 -17"><span class='ocrx_word' id='word_1_673' title='bbox 265 4594 447 4691; x_wconf 63' lang='grc' dir='ltr'><strong>αὖτὴν</strong></span> <span class='ocrx_word' id='word_1_674' title='bbox 470 4594 799 4691; x_wconf 66' lang='grc' dir='ltr'><strong>ψυχοιῖσθαι.</strong></span> <span class='ocrx_word' id='word_1_675' title='bbox 829 4594 1021 4690; x_wconf 80' lang='grc' dir='ltr'><strong>Νεκρὰ</strong></span> <span class='ocrx_word' id='word_1_676' title='bbox 1046 4615 1157 4687; x_wconf 84' lang='grc' dir='ltr'><strong>γὰρ</strong></span> <span class='ocrx_word' id='word_1_677' title='bbox 1186 4594 1253 4668; x_wconf 68' lang='grc' dir='ltr'><strong>ἂν</strong></span> <span class='ocrx_word' id='word_1_678' title='bbox 1281 4610 1372 4677; x_wconf 76' lang='grc' dir='ltr'><strong>εἴη</strong></span> <span class='ocrx_word' id='word_1_679' title='bbox 1399 4609 1606 4664; x_wconf 84' lang='grc' dir='ltr'><strong>τούτων</strong></span> <span class='ocrx_word' id='word_1_680' title='bbox 1637 4607 1824 4679; x_wconf 86' lang='grc' dir='ltr'><strong>χωρίς.</strong></span> 
     </span>
    </p>
   </div>
   <div class='ocr_carea' id='block_1_93' title="bbox 1983 4594 3574 4691">
    <p class='ocr_par' dir='ltr' id='par_1_93' title="bbox 1989 4594 3574 4671">
     <span class='ocr_line' id='line_1_93' title="bbox 1989 4594 3574 4671; baseline -0.006 -12"><span class='ocrx_word' id='word_1_681' title='bbox 1989 4603 2116 4659; x_wconf 86' lang='lat' dir='ltr'><strong>duci</strong></span> <span class='ocrx_word' id='word_1_682' title='bbox 2143 4602 2429 4658; x_wconf 80' lang='lat' dir='ltr'><strong>sattxerit:</strong></span> <span class='ocrx_word' id='word_1_683' title='bbox 2480 4601 2680 4671; x_wconf 85' lang='lat' dir='ltr'><strong>quippe</strong></span> <span class='ocrx_word' id='word_1_684' title='bbox 2732 4614 2854 4653; x_wconf 90' lang='lat' dir='ltr'><strong>cum</strong></span> <span class='ocrx_word' id='word_1_685' title='bbox 2902 4612 3010 4653; x_wconf 92' lang='lat' dir='ltr'><strong>non</strong></span> <span class='ocrx_word' id='word_1_686' title='bbox 3049 4597 3222 4666; x_wconf 88' lang='lat' dir='ltr'><strong>possit</strong></span> <span class='ocrx_word' id='word_1_687' title='bbox 3267 4596 3428 4650; x_wconf 89' lang='lat' dir='ltr'><strong>Immo</strong></span> <span class='ocrx_word' id='word_1_688' title='bbox 3467 4594 3574 4651; x_wconf 79' lang='lat' dir='ltr'><strong>(ide</strong></span> 
     </span>
    </p>
   </div>
   <div class='ocr_carea' id='block_1_94' title="bbox 268 4685 3573 4779">
    <p class='ocr_par' dir='ltr' id='par_1_94' title="bbox 268 4685 3573 4779">
     <span class='ocr_line' id='line_1_94' title="bbox 268 4685 3573 4779; baseline -0.008 -11"><span class='ocrx_word' id='word_1_689' title='bbox 268 4685 736 4768; x_wconf 35' lang='lat' dir='ltr'><strong>tantum&#39;sa-lvari.</strong></span> <span class='ocrx_word' id='word_1_690' title='bbox 770 4685 1002 4779; x_wconf 80' lang='lat' dir='ltr'><strong>Oportet</strong></span> <span class='ocrx_word' id='word_1_691' title='bbox 1029 4685 1175 4764; x_wconf 82' lang='lat' dir='ltr'><strong>enim</strong></span> <span class='ocrx_word' id='word_1_692' title='bbox 1202 4704 1328 4760; x_wconf 85' lang='lat' dir='ltr'><strong>ﬁdei</strong></span> <span class='ocrx_word' id='word_1_693' title='bbox 1360 4700 1579 4758; x_wconf 87' lang='lat' dir='ltr'><strong>misceri</strong></span> <span class='ocrx_word' id='word_1_694' title='bbox 1611 4699 1858 4754; x_wconf 85' lang='lat' dir='ltr'><strong>actiones</strong></span> <span class='ocrx_word' id='word_1_695' title='bbox 1897 4692 2178 4768; x_wconf 84' lang='lat' dir='ltr'><strong>(rectas),</strong></span> <span class='ocrx_word' id='word_1_696' title='bbox 2214 4700 2270 4746; x_wconf 85' lang='lat' dir='ltr'><strong>et</strong></span> <span class='ocrx_word' id='word_1_697' title='bbox 2298 4706 2397 4764; x_wconf 90' lang='lat' dir='ltr'><strong>per</strong></span> <span class='ocrx_word' id='word_1_698' title='bbox 2425 4691 2529 4748; x_wconf 85' lang='lat' dir='ltr'><strong>bas</strong></span> <span class='ocrx_word' id='word_1_699' title='bbox 2590 4690 2738 4745; x_wconf 88' lang='lat' dir='ltr'><strong>illam</strong></span> <span class='ocrx_word' id='word_1_700' title='bbox 2799 4690 2957 4760; x_wconf 89' lang='lat' dir='ltr'><strong>quasi</strong></span> <span class='ocrx_word' id='word_1_701' title='bbox 3018 4688 3270 4744; x_wconf 89' lang='lat' dir='ltr'><strong>animari.</strong></span> <span class='ocrx_word' id='word_1_702' title='bbox 3302 4685 3398 4744; x_wconf 83' lang='lat' dir='ltr'><strong>His</strong></span> <span class='ocrx_word' id='word_1_703' title='bbox 3427 4687 3573 4743; x_wconf 83' lang='lat' dir='ltr'><strong>enim</strong></span> 
     </span>
    </p>
   </div>
   <div class='ocr_carea' id='block_1_95' title="bbox 266 4802 955 4871">
    <p class='ocr_par' dir='ltr' id='par_1_95' title="bbox 266 4802 955 4871">
     <span class='ocr_line' id='line_1_95' title="bbox 266 4802 955 4871; baseline -0.007 -8"><span class='ocrx_word' id='word_1_704' title='bbox 266 4805 524 4871; x_wconf 88' lang='lat' dir='ltr'><strong>remotis,</strong></span> <span class='ocrx_word' id='word_1_705' title='bbox 556 4812 772 4859; x_wconf 90' lang='lat' dir='ltr'><strong>mortua</strong></span> <span class='ocrx_word' id='word_1_706' title='bbox 800 4805 871 4859; x_wconf 90' lang='lat' dir='ltr'><strong>sit</strong></span> <span class='ocrx_word' id='word_1_707' title='bbox 886 4802 955 4858; x_wconf 85' lang='lat'><strong>&quot;’.</strong></span> 
     </span>
    </p>
   </div>
   <div class='ocr_carea' id='block_1_96' title="bbox 340 4929 1876 5011">
    <p class='ocr_par' dir='ltr' id='par_1_96' title="bbox 340 4934 1868 5011">
     <span class='ocr_line' id='line_1_96' title="bbox 340 4934 1868 5011; baseline -0.009 -10"><span class='ocrx_word' id='word_1_708' title='bbox 340 4948 391 4982; x_wconf 69' lang='lat'><strong>”</strong></span> <span class='ocrx_word' id='word_1_709' title='bbox 429 4944 552 5000; x_wconf 82' lang='lat' dir='ltr'><strong>Jac.</strong></span> <span class='ocrx_word' id='word_1_710' title='bbox 579 4960 642 5011; x_wconf 88' lang='grc' dir='ltr'><strong>ιι,</strong></span> <span class='ocrx_word' id='word_1_711' title='bbox 666 4944 761 5000; x_wconf 74' lang='grc'><strong>24.</strong></span> <span class='ocrx_word' id='word_1_712' title='bbox 836 4943 884 4974; x_wconf 83' lang='grc'><strong>³³</strong></span> <span class='ocrx_word' id='word_1_713' title='bbox 918 4942 1060 4999; x_wconf 83' lang='lat' dir='ltr'><strong>Psal.</strong></span> <span class='ocrx_word' id='word_1_714' title='bbox 1093 4956 1211 5007; x_wconf 73' lang='lat' dir='ltr'><strong>xw,</strong></span> <span class='ocrx_word' id='word_1_715' title='bbox 1239 4940 1328 4994; x_wconf 70' lang='lat'><strong>5&#39;5.</strong></span> <span class='ocrx_word' id='word_1_716' title='bbox 1408 4937 1453 4969; x_wconf 83' lang='grc'><strong>³⁸</strong></span> <span class='ocrx_word' id='word_1_717' title='bbox 1480 4936 1639 4991; x_wconf 79' lang='lat' dir='ltr'><strong>Rom.</strong></span> <span class='ocrx_word' id='word_1_718' title='bbox 1664 4951 1748 5003; x_wconf 87' lang='lat' dir='ltr'><strong>ut,</strong></span> <span class='ocrx_word' id='word_1_719' title='bbox 1778 4934 1868 4988; x_wconf 72' lang='lat'><strong>9.3.</strong></span> 
     </span>
    </p>
   </div>
   <div class='ocr_carea' id='block_1_97' title="bbox 1983 4929 2337 5011">
    <p class='ocr_par' dir='ltr' id='par_1_97' title="bbox 2001 4929 2337 4997">
     <span class='ocr_line' id='line_1_97' title="bbox 2001 4929 2337 4997; baseline -0.003 -11"><span class='ocrx_word' id='word_1_720' title='bbox 2001 4929 2118 4986; x_wconf 77' lang='lat' dir='ltr'><strong>Jac.</strong></span> <span class='ocrx_word' id='word_1_721' title='bbox 2158 4946 2215 4997; x_wconf 84' lang='lat' dir='ltr'><strong>tt,</strong></span> <span class='ocrx_word' id='word_1_722' title='bbox 2245 4930 2337 4985; x_wconf 72' lang='grc'><strong>26.</strong></span> 
     </span>
    </p>
   </div>
   <div class='ocr_carea' id='block_1_98' title="bbox 1388 5086 2464 5150">
    <p class='ocr_par' dir='ltr' id='par_1_98' title="bbox 1388 5086 2464 5150">
     <span class='ocr_line' id='line_1_98' title="bbox 1388 5086 2464 5150; baseline -0.005 0"><span class='ocrx_word' id='word_1_723' title='bbox 1388 5090 1632 5150; x_wconf 64' lang='grc' dir='ltr'><strong>ἾΑΒΙιΕ</strong></span> <span class='ocrx_word' id='word_1_724' title='bbox 1667 5086 2059 5147; x_wconf 80' lang='lat' dir='ltr'><strong>LECTIONES</strong></span> <span class='ocrx_word' id='word_1_725' title='bbox 2097 5090 2188 5145; x_wconf 85' lang='grc' dir='ltr'><strong>ΕΤ</strong></span> <span class='ocrx_word' id='word_1_726' title='bbox 2230 5087 2464 5145; x_wconf 66' lang='lat' dir='ltr'><strong>NOTAE.</strong></span> 
     </span>
    </p>
   </div>
   <div class='ocr_carea' id='block_1_99' title="bbox 341 5248 1872 5336">
    <p class='ocr_par' dir='ltr' id='par_1_99' title="bbox 341 5248 1872 5336">
     <span class='ocr_line' id='line_1_99' title="bbox 341 5248 1872 5336; baseline -0.011 -17"><span class='ocrx_word' id='word_1_727' title='bbox 341 5262 425 5336; x_wconf 82' lang='grc'>(1)</span> <span class='ocrx_word' id='word_1_728' title='bbox 478 5259 588 5315; x_wconf 86' lang='lat' dir='ltr'><strong>Pro</strong></span> <span class='ocrx_word' id='word_1_729' title='bbox 628 5258 845 5332; x_wconf 81' lang='grc' dir='ltr'><strong>ἀρετῶν</strong></span> <span class='ocrx_word' id='word_1_730' title='bbox 902 5258 1027 5315; x_wconf 89' lang='lat' dir='ltr'><strong>cod.</strong></span> <span class='ocrx_word' id='word_1_731' title='bbox 1084 5255 1209 5313; x_wconf 75' lang='lat' dir='ltr'><strong>Vat.</strong></span> <span class='ocrx_word' id='word_1_732' title='bbox 1269 5253 1377 5310; x_wconf 82' lang='lat'><strong>650</strong></span> <span class='ocrx_word' id='word_1_733' title='bbox 1425 5251 1580 5324; x_wconf 86' lang='lat' dir='ltr'><strong>ponit</strong></span> <span class='ocrx_word' id='word_1_734' title='bbox 1631 5248 1872 5319; x_wconf 78' lang='grc' dir='ltr'><strong>ἀγαθῶν.</strong></span> 
     </span>
    </p>
   </div>
   <div class='ocr_carea' id='block_1_100' title="bbox 267 5333 1870 5475">
    <p class='ocr_par' dir='ltr' id='par_1_100' title="bbox 267 5333 1870 5475">
     <span class='ocr_line' id='line_1_100' title="bbox 267 5333 1870 5475; baseline -0.009 -16"><span class='ocrx_word' id='word_1_735' title='bbox 267 5333 660 5475; x_wconf 54' lang='grc' dir='ltr'><strong>Ροῗῧκάοιιίει·</strong></span> <span class='ocrx_word' id='word_1_736' title='bbox 690 5400 851 5475; x_wconf 70' lang='lat' dir='ltr'><strong>epist.</strong></span> <span class='ocrx_word' id='word_1_737' title='bbox 880 5396 1009 5475; x_wconf 61' lang='lat'><strong>204,</strong></span> <span class='ocrx_word' id='word_1_738' title='bbox 1063 5395 1227 5452; x_wconf 81' lang='lat' dir='ltr'><strong>infra.</strong></span> <span class='ocrx_word' id='word_1_739' title='bbox 1262 5394 1419 5475; x_wconf 85' lang='lat' dir='ltr'><strong>_Puto</strong></span> <span class='ocrx_word' id='word_1_740' title='bbox 1441 5393 1503 5475; x_wconf 45' lang='lat' dir='ltr'><strong>&#39;in</strong></span> <span class='ocrx_word' id='word_1_741' title='bbox 1562 5392 1671 5446; x_wconf 81' lang='lat' dir='ltr'><strong>line</strong></span> <span class='ocrx_word' id='word_1_742' title='bbox 1696 5391 1870 5475; x_wconf 78' lang='lat' dir='ltr'><strong>_epist.</strong></span> 
     </span>
    </p>
   </div>
   <div class='ocr_carea' id='block_1_101' title="bbox 268 5461 1876 5537">
    <p class='ocr_par' dir='ltr' id='par_1_101' title="bbox 268 5461 1876 5537">
     <span class='ocr_line' id='line_1_101' title="bbox 268 5461 1876 5537; baseline -0.01 -8"><span class='ocrx_word' id='word_1_743' title='bbox 268 5461 469 5530; x_wconf 70' lang='lat' dir='ltr'><strong>deesse</strong></span> <span class='ocrx_word' id='word_1_744' title='bbox 501 5461 738 5531; x_wconf 57' lang='lat' dir='ltr'><strong>verbum&#39;</strong></span> <span class='ocrx_word' id='word_1_745' title='bbox 774 5461 1012 5536; x_wconf 80' lang='lat' dir='ltr'><strong>aliquod,</strong></span> <span class='ocrx_word' id='word_1_746' title='bbox 1073 5478 1203 5537; x_wconf 85' lang='lat' dir='ltr'><strong>puta</strong></span> <span class='ocrx_word' id='word_1_747' title='bbox 1258 5462 1577 5537; x_wconf 72' lang='grc' dir='ltr'><strong>ἐπιγράφει,</strong></span> <span class='ocrx_word' id='word_1_748' title='bbox 1626 5461 1710 5517; x_wconf 90' lang='lat' dir='ltr'><strong>vel</strong></span> <span class='ocrx_word' id='word_1_749' title='bbox 1740 5463 1876 5537; x_wconf 75' lang='grc' dir='ltr'><strong>ἁναο</strong></span> 
     </span>
    </p>
   </div>
   <div class='ocr_carea' id='block_1_102' title="bbox 268 5532 1875 5614">
    <p class='ocr_par' dir='ltr' id='par_1_102' title="bbox 268 5532 1875 5614">
     <span class='ocr_line' id='line_1_102' title="bbox 268 5532 1875 5614; baseline -0.01 -13"><span class='ocrx_word' id='word_1_750' title='bbox 268 5546 499 5614; x_wconf 79' lang='grc' dir='ltr'><strong>γράφει,</strong></span> <span class='ocrx_word' id='word_1_751' title='bbox 552 5544 636 5599; x_wconf 84' lang='lat' dir='ltr'><strong>vel</strong></span> <span class='ocrx_word' id='word_1_752' title='bbox 692 5532 1313 5614; x_wconf 42' lang='grc' dir='ltr'><strong>λογίζεταιηῐῖιττε-</strong></span> <span class='ocrx_word' id='word_1_753' title='bbox 1358 5532 1487 5591; x_wconf 74' lang='grc' dir='ltr'><strong>Ροει</strong></span> <span class='ocrx_word' id='word_1_754' title='bbox 1533 5533 1704 5605; x_wconf 78' lang='grc' dir='ltr'><strong>ἥττης</strong></span> <span class='ocrx_word' id='word_1_755' title='bbox 1753 5532 1875 5589; x_wconf 88' lang='lat' dir='ltr'><strong>cod.</strong></span> 
     </span>
    </p>
   </div>
   <div class='ocr_carea' id='block_1_103' title="bbox 319 5608 1280 5684">
    <p class='ocr_par' dir='ltr' id='par_1_103' title="bbox 319 5608 1280 5684">
     <span class='ocr_line' id='line_1_103' title="bbox 319 5608 1280 5684; baseline -0.006 -14"><span class='ocrx_word' id='word_1_756' title='bbox 319 5608 410 5671; x_wconf 51' lang='lat' dir='ltr'><strong>at.</strong></span> <span class='ocrx_word' id='word_1_757' title='bbox 434 5608 542 5684; x_wconf 74' lang='lat'><strong>650</strong></span> <span class='ocrx_word' id='word_1_758' title='bbox 568 5616 790 5684; x_wconf 86' lang='lat' dir='ltr'><strong>apponit</strong></span> <span class='ocrx_word' id='word_1_759' title='bbox 817 5609 1170 5684; x_wconf 72' lang='grc' dir='ltr'><strong>προσρίπτει.</strong></span> <span class='ocrx_word' id='word_1_760' title='bbox 1203 5608 1280 5664; x_wconf 80' lang='lat' dir='ltr'><strong>In.</strong></span> 
     </span>
    </p>
   </div>
   <div class='ocr_carea' id='block_1_104' title="bbox 342 5629 1028 5756">
    <p class='ocr_par' dir='ltr' id='par_1_104' title="bbox 342 5629 1028 5756">
     <span class='ocr_line' id='line_1_104' title="bbox 342 5629 1028 5741; baseline -0.015 -71"><span class='ocrx_word' id='word_1_761' title='bbox 342 5629 397 5671; x_wconf 87' lang='grc' dir='ltr'><strong>ιι.</strong></span> <span class='ocrx_word' id='word_1_762' title='bbox 434 5629 542 5669; x_wconf 69' lang='grc' dir='ltr'><strong>σου</strong></span> <span class='ocrx_word' id='word_1_763' title='bbox 568 5629 790 5741; x_wconf 48' lang='lat' dir='ltr'><strong>apponit</strong></span> <span class='ocrx_word' id='word_1_764' title='bbox 820 5629 1028 5680; x_wconf 77' lang='grc' dir='ltr'><strong>προςςρι¹</strong></span> 
     </span>
     <span class='ocr_line' id='line_1_105' title="bbox 342 5680 1028 5756; baseline -0.017 -9"><span class='ocrx_word' id='word_1_765' title='bbox 342 5685 423 5756; x_wconf 74' lang='lat' dir='ltr'><strong>l3)</strong></span> <span class='ocrx_word' id='word_1_766' title='bbox 457 5683 597 5742; x_wconf 84' lang='lat' dir='ltr'><strong>Cod.</strong></span> <span class='ocrx_word' id='word_1_767' title='bbox 681 5693 782 5751; x_wconf 86' lang='lat' dir='ltr'><strong>at.,</strong></span> <span class='ocrx_word' id='word_1_768' title='bbox 814 5680 914 5735; x_wconf 79' lang='grc' dir='ltr'><strong>ἔτι.</strong></span> <span class='ocrx_word' id='word_1_769' title='bbox 948 5680 1028 5736; x_wconf 85' lang='lat' dir='ltr'><strong>lo.</strong></span> 
     </span>
    </p>
   </div>
   <div class='ocr_carea' id='block_1_105' title="bbox 2060 5243 3575 5316">
    <p class='ocr_par' dir='ltr' id='par_1_105' title="bbox 2060 5243 3575 5316">
     <span class='ocr_line' id='line_1_106' title="bbox 2060 5243 3575 5316; baseline -0.003 -16"><span class='ocrx_word' id='word_1_770' title='bbox 2060 5246 2137 5316; x_wconf 75' lang='grc'>(4)</span> <span class='ocrx_word' id='word_1_771' title='bbox 2162 5246 2267 5300; x_wconf 88' lang='lat' dir='ltr'><strong>Pro</strong></span> <span class='ocrx_word' id='word_1_772' title='bbox 2291 5246 2401 5301; x_wconf 70' lang='grc' dir='ltr'><strong>ἀπὺ</strong></span> <span class='ocrx_word' id='word_1_773' title='bbox 2421 5244 2657 5307; x_wconf 86' lang='grc' dir='ltr'><strong>πίστεως</strong></span> <span class='ocrx_word' id='word_1_774' title='bbox 2679 5243 2842 5313; x_wconf 87' lang='grc' dir='ltr'><strong>μόνον</strong></span> <span class='ocrx_word' id='word_1_775' title='bbox 2866 5243 3058 5300; x_wconf 85' lang='lat' dir='ltr'><strong>scribit</strong></span> <span class='ocrx_word' id='word_1_776' title='bbox 3085 5243 3248 5309; x_wconf 85' lang='lat' dir='ltr'><strong>idem,</strong></span> <span class='ocrx_word' id='word_1_777' title='bbox 3281 5243 3376 5297; x_wconf 85' lang='grc' dir='ltr'><strong>ἀπ’</strong></span> <span class='ocrx_word' id='word_1_778' title='bbox 3404 5243 3575 5313; x_wconf 81' lang='grc' dir='ltr'><strong>αὐτῆς</strong></span> 
     </span>
    </p>
   </div>
   <div class='ocr_carea' id='block_1_106' title="bbox 1980 5317 3574 5459">
    <p class='ocr_par' dir='ltr' id='par_1_106' title="bbox 1980 5317 3574 5459">
     <span class='ocr_line' id='line_1_107' title="bbox 1980 5317 3574 5459; baseline -0.006 -17"><span class='ocrx_word' id='word_1_779' title='bbox 1980 5317 2634 5459; x_wconf 42' lang='grc' dir='ltr'><strong>μόῖἒξῖλέιοέδκιρνᾶσθαι</strong></span> <span class='ocrx_word' id='word_1_780' title='bbox 2679 5383 2760 5459; x_wconf 81' lang='lat' dir='ltr'><strong>[et</strong></span> <span class='ocrx_word' id='word_1_781' title='bbox 2794 5386 2883 5459; x_wconf 19' lang='lat' dir='ltr'><strong>Asic</strong></span> <span class='ocrx_word' id='word_1_782' title='bbox 2929 5381 3262 5459; x_wconf 57' lang='lat' dir='ltr'><strong>cod._Ynt.].</strong></span> <span class='ocrx_word' id='word_1_783' title='bbox 3325 5379 3574 5436; x_wconf 80' lang='lat' dir='ltr'><strong>Conferri</strong></span> 
     </span>
    </p>
   </div>
   <div class='ocr_carea' id='block_1_107' title="bbox 1982 5453 3578 5523">
    <p class='ocr_par' dir='ltr' id='par_1_107' title="bbox 1982 5453 3578 5523">
     <span class='ocr_line' id='line_1_108' title="bbox 1982 5453 3578 5523; baseline -0.008 -9"><span class='ocrx_word' id='word_1_784' title='bbox 1982 5453 2166 5514; x_wconf 81' lang='lat' dir='ltr'><strong>autem</strong></span> <span class='ocrx_word' id='word_1_785' title='bbox 2215 5453 2336 5510; x_wconf 75' lang='lat' dir='ltr'><strong>cum</strong></span> <span class='ocrx_word' id='word_1_786' title='bbox 2381 5453 2481 5510; x_wconf 78' lang='lat' dir='ltr'><strong>liae</strong></span> <span class='ocrx_word' id='word_1_787' title='bbox 2529 5453 2699 5521; x_wconf 55' lang='lat' dir='ltr'><strong>epist.—</strong></span> <span class='ocrx_word' id='word_1_788' title='bbox 2720 5456 2879 5510; x_wconf 80' lang='lat' dir='ltr'><strong>debet</strong></span> <span class='ocrx_word' id='word_1_789' title='bbox 2911 5471 2998 5523; x_wconf 85' lang='lat' dir='ltr'><strong>cp.</strong></span> <span class='ocrx_word' id='word_1_790' title='bbox 3026 5453 3153 5517; x_wconf 70' lang='lat'><strong>2‘26,</strong></span> <span class='ocrx_word' id='word_1_791' title='bbox 3186 5453 3240 5523; x_wconf 76' lang='lat' dir='ltr'><strong>et</strong></span> <span class='ocrx_word' id='word_1_792' title='bbox 3273 5466 3392 5503; x_wconf 87' lang='lat' dir='ltr'><strong>cum</strong></span> <span class='ocrx_word' id='word_1_793' title='bbox 3422 5460 3578 5523; x_wconf 50' lang='lat' dir='ltr'><strong>utraf</strong></span> 
     </span>
    </p>
   </div>
   <div class='ocr_carea' id='block_1_108' title="bbox 1983 5519 3575 5599">
    <p class='ocr_par' dir='ltr' id='par_1_108' title="bbox 1983 5519 3575 5599">
     <span class='ocr_line' id='line_1_109' title="bbox 1983 5519 3575 5599; baseline -0.006 -17"><span class='ocrx_word' id='word_1_794' title='bbox 1983 5545 2090 5599; x_wconf 89' lang='lat' dir='ltr'><strong>que</strong></span> <span class='ocrx_word' id='word_1_795' title='bbox 2114 5543 2164 5583; x_wconf 90' lang='lat' dir='ltr'><strong>c.</strong></span> <span class='ocrx_word' id='word_1_796' title='bbox 2208 5543 2245 5580; x_wconf 87' lang='grc' dir='ltr'><strong>ιι</strong></span> <span class='ocrx_word' id='word_1_797' title='bbox 2290 5526 2541 5596; x_wconf 60' lang='lat' dir='ltr'><strong>Epistula:</strong></span> <span class='ocrx_word' id='word_1_798' title='bbox 2565 5519 2626 5580; x_wconf 35' lang='lat' dir='ltr'><strong>&#39;S.</strong></span> <span class='ocrx_word' id='word_1_799' title='bbox 2664 5525 2870 5590; x_wconf 86' lang='lat' dir='ltr'><strong>Jacobi,</strong></span> <span class='ocrx_word' id='word_1_800' title='bbox 2901 5519 3084 5599; x_wconf 18' lang='lat' dir='ltr'><strong>Atujns</strong></span> <span class='ocrx_word' id='word_1_801' title='bbox 3111 5522 3419 5576; x_wconf 90' lang='lat' dir='ltr'><strong>testimonio</strong></span> <span class='ocrx_word' id='word_1_802' title='bbox 3443 5519 3575 5574; x_wconf 83' lang='lat' dir='ltr'><strong>alibi</strong></span> 
     </span>
    </p>
   </div>
   <div class='ocr_carea' id='block_1_109' title="bbox 1985 5593 3216 5670">
    <p class='ocr_par' dir='ltr' id='par_1_109' title="bbox 1985 5593 3216 5670">
     <span class='ocr_line' id='line_1_110' title="bbox 1985 5593 3216 5670; baseline -0.007 -17"><span class='ocrx_word' id='word_1_803' title='bbox 1985 5593 2202 5670; x_wconf 79' lang='lat' dir='ltr'><strong>quoque</strong></span> <span class='ocrx_word' id='word_1_804' title='bbox 2228 5593 2419 5652; x_wconf 82' lang='lat' dir='ltr'><strong>auctor</strong></span> <span class='ocrx_word' id='word_1_805' title='bbox 2453 5607 2637 5654; x_wconf 90' lang='lat' dir='ltr'><strong>noster</strong></span> <span class='ocrx_word' id='word_1_806' title='bbox 2666 5611 2809 5667; x_wconf 79' lang='lat' dir='ltr'><strong>saepe</strong></span> <span class='ocrx_word' id='word_1_807' title='bbox 2836 5596 3023 5650; x_wconf 89' lang='lat' dir='ltr'><strong>utitur.</strong></span> <span class='ocrx_word' id='word_1_808' title='bbox 3050 5593 3216 5646; x_wconf 79' lang='lat' dir='ltr'><strong>Rt-r&#39;r.</strong></span> 
     </span>
    </p>
   </div>
  </div>
