4084 6362
502 242 521 304 i
539 242 636 309 135

877 350 1083 406 LXXV.
1117 381 1186 394 --
1226 349 1701 406 ADAMANTINO.

1156 441 1222 494 In
1258 445 1413 497 idem.

569 560 627 615 Si
676 571 1001 629 cognoscere
1044 569 1174 610 aves
1219 556 1545 627 quibusnam
1600 558 1791 629 poenis
1833 554 2083 613 sceierati

493 652 687 720 Judmi,
714 650 803 720 qui
832 657 1020 704 contra
1046 647 1323 702 Christum
1358 649 1721 714 insanierunt,
1750 648 1926 703 affecti
1953 648 2083 714 sint,

498 749 551 800 in
589 759 781 800 manus
813 755 969 797 sume
999 738 1244 810 .loscphi,
1276 738 1447 796 Judaei
1477 742 1720 811 quidem,
1755 748 1812 794 at
1844 738 2088 793 veritatis

498 835 726 894 studiosi
771 833 894 899 viri,
928 832 1212 887 historiam
1247 832 1314 887 de
1349 832 1580 898 excidio,
1621 841 1679 887 ut
1721 832 1904 887 videas
1935 831 2073 885 divi-

499 930 643 983 nitus
671 933 849 979 uetant
884 920 1195 988 historiam,
1223 922 1438 991 qualem
1471 936 1572 976 nec
1607 930 1713 975 tota
1743 920 1915 976 series
1943 929 2081 973 tem—

497 1033 688 1090 porum
717 1014 870 1081 vidit,
895 1030 962 1069 ex
989 1030 1096 1085 quo
1120 1024 1175 1069 et
1202 1016 1437 1085 quandiu
1467 1014 1713 1070 homines
1735 1013 2083 1067 exstiterunt.

494 1109 633 1165 Nam
660 1123 728 1163 ne
756 1107 1043 1177 quisquam
1074 1104 1366 1175 denegaret
1400 1104 1557 1159 [idem
1591 1104 1829 1173 ipsorum
1861 1102 2085 1157 calami-

492 1204 720 1270 tatibus,
749 1200 997 1272 quamvis
1039 1209 1095 1256 et
1137 1199 1297 1255 ﬁdem
1341 1207 1398 1255 et
1423 1198 1729 1268 exemplum
1763 1214 1826 1253 ac
1853 1212 2084 1254 consue-

494 1294 733 1351 tudinem
786 1304 1001 1346 omnem
1053 1289 1461 1356 superantibus,
1504 1288 1705 1343 idcirco
1751 1304 1858 1342 non
1895 1297 2080 1341 extra-

492 1395 654 1436 neum
687 1378 918 1447 aliquem
944 1376 1219 1445 (fortassis
1249 1377 1395 1431 enim
1428 1377 1508 1431 vel
1537 1377 1716 1445 potius
1745 1377 2078 1442 necessario,

491 1487 601 1529 non
629 1471 925 1526 invenisset
956 1467 1271 1539 iidem),sed
1306 1467 1578 1523 hominem
1605 1482 1672 1521 cx
1701 1468 1891 1522 eadem
1921 1476 2083 1537 gente

1707 246 1768 307 S.
1810 246 2104 307 ISIDORI
2144 245 2583 309 PELUS‘IOTA!

3634 250 3771 315 1436

2611 352 2731 410 σε’.
2770 386 2839 396 -
2881 356 3349 429 mammae.

2784 450 2888 514 Εἰς
2924 450 2987 503 τὸ
3015 448 3185 503 αὑτό.

2261 560 2325 612 El
2351 558 2421 613 τά
2445 560 2699 632 ἐπίχειρα
2720 560 2829 615 τῶν
2854 561 3152 631 ἀλιτηρίων
3186 559 3474 624 Ἰουδαίων,
3493 560 3603 614 τῶν
3630 562 3776 617 κατὰ

2188 646 2284 700 τοῦ
2319 647 2556 720 Χριστοῦ
2589 648 3087 721 ὲπιλυττησάντων,
3121 649 3328 718 γνῶναι
3361 647 3562 719 βούλει,
3587 648 3776 720 ἔντυχε

2192 742 2258 811 τῇ
2299 741 2586 811 Ἰωσήπου,
2622 741 2819 813 ἀνδρὸς
2869 740 3127 795 Ἰουδαίου
3163 742 3285 811 μὲν,
3320 741 3648 813 φιλαλήθους
3696 743 3774 805 δὲ,

2185 831 2434 904 περὶτῆς
2465 833 2720 897 ἁλώσεως
2751 833 2981 906 ἱστορίᾳ,
3035 834 3128 889 ἵνα
3182 832 3299 905 ἴδῃς
3323 833 3595 905 -Θεήλατον
3632 835 3777 890 ἱστο-

2179 921 2316 991 ρίαν
2347 922 2486 993 (⁸59),
2520 924 2640 977 οἷαν
2669 924 2792 977 οὐδὲ
2836 926 2864 977 ὁ
2898 924 3123 995 σύμπας
3166 919 3275 976 εἶδε
3319 924 3531 995 χρόνος,
3570 924 3662 995 ἀφ’
3714 915 3776 978 οὗ

2190 1010 2255 1081 δὴ
2288 1013 2382 1064 καὶ
2420 1013 2506 1081 ἐφ’
2556 1014 2681 1066 ὅσον
2734 1014 3032 1087 ἄνθρωποι.
3097 1015 3217 1068 Ἵνα
3248 1014 3358 1086 γὰρ
3413 1016 3607 1086 μηδεὶς
3658 1019 3778 1080 ταῖς

2191 1103 2438 1168 ἀπίστοις
2484 1105 2665 1160 αὐτῶν
2712 1107 2808 1160 καὶ
2868 1106 3205 1178 παραλόγοις
3256 1108 3536 1180 ἀπιστήσῃ
3570 1125 3781 1179 συμφοο

2192 1193 2335 1262 ραῖς,
2363 1191 2466 1245 ούκ
2504 1192 2802 1263 ἀλλόφυλόν
2833 1210 2954 1248 τινα
2994 1195 3011 1263 (
3047 1190 3083 1265 ἦ
3113 1194 3221 1263 γάρ
3285 1193 3352 1247 ἂν
3390 1193 3542 1257 ἴσως,
3579 1195 3778 1265 μᾶλλον

2187 1281 2244 1335 δὲ
2268 1282 2582 1349 ἀναγκαίως
2613 1283 2953 1354 ἠπιστήθη),
2989 1284 3105 1339 ἀλλ’
3134 1285 3411 1357 ὁμόφυλον
3453 1285 3618 1339 αὐτὸν
3661 1285 3775 1357 (ΛΟ)

2189 1375 2284 1427 κοιλ⁷
2326 1371 2575 1446 ζηλωτὴν
2617 1378 3098 1450 παρεσκεύασενή
3148 1378 3381 1449 ἀλήθεια
3410 1378 3479 1433 τὰ
3512 1379 3779 1434 ἀλλόκοτα

2188 1470 2373 1523 ἐκεῖνα
2397 1470 2812 1542 ἐκτραγῳδῆσαι
2844 1470 3016 1541 πάθη.

491 1561 780 1621 oriundum
810 1571 864 1617 et
893 1561 1258 1614 institutorum
1288 1558 2087 1629 patriorumservantissimum
2127 1561 2337 1628 paravit
2366 1568 2419 1613 et
2467 1560 2726 1615 instruxit
2775 1561 2998 1625 veritas,
3043 1569 3104 1616 ut
3132 1561 3400 1631 stdpenda
3472 1561 3561 1617 illa
3604 1569 3775 1650 gesta,

492 1672 616 1729 quae
639 1655 841 1713 Iudaeis
874 1664 1194 1718 evenerunt,
1229 1653 1436 1723 tragico
1460 1652 1597 1724 stylo
1624 1652 1975 1708 describeret.

709 1766 944 1824 LXXVI.
984 1795 1055 1808 —
1084 1764 1346 1820 HERONI
1388 1762 1865 1821 PRESBYTERO.

495 1883 563 1940 1η
592 1882 646 1939 id
672 1881 811 1953 quod
838 1880 1035 1934 dictum
1061 1886 1159 1942 est,
1186 1876 1543 1953 c_Sim_ile_est
1581 1893 1798 1948 regnum
1831 1877 2079 1935 calorum

990 1964 1158 2020 grano
1186 1948 1462 2019 sinapis“
1478 1991 1491 2004 .
1530 1969 1548 2003 ι

561 2082 964 2144 Enuntiationis
1014 2081 1093 2136 vis
1126 2096 1193 2139 ac
1234 2082 1498 2153 gravitas,
1554 2083 1608 2138 id
1663 2081 1808 2153 quod
1860 2080 2078 2143 dicitur,

490 2180 640 2237 velut
687 2178 757 2234 ob
803 2174 993 2232 oculos
1024 2175 1176 2240 ponit
1222 2174 1545 2229 clarioribus
1587 2174 1996 2244 quibusda'met
2028 2172 2081 2226 in

489 2270 678 2331 oculos
723 2269 1129 2326 incurrentibus
1178 2267 1340 2323 rebus
1385 2266 1645 2323 adhibitis
1689 2283 1704 2320 :
1749 2280 1857 2335 quo
1899 2264 1960 2319 lit
2023 2273 2084 2320 ιιι

489 2363 655 2420 etiam
702 2361 980 2418 auditores
1012 2358 1170 2430 quasi
1215 2357 1494 2427 cujusdam
1526 2357 1658 2428 lyrte
1694 2371 1832 2412 sono
1874 2353 2081 2411 deliuiti

490 2456 839 2512 detineantur
870 2470 886 2508 :
920 2461 976 2508 et
1010 2450 1244 2505 maxime
1289 2448 1533 2520 quidem,
1577 2448 1795 2520 quando
1845 2447 2083 2503 institui-

487 2556 579 2605 tur
609 2546 860 2603 tractatio
907 2544 975 2599 de
1022 2544 1188 2599 rebus
1231 2555 1568 2612 qntevnequc
1617 2540 1908 2595 admodum
1946 2554 2081 2593 con-

488 2643 656 2693 suetae
703 2642 848 2700 sunt,
896 2646 1075 2702 neque
1119 2630 1284 2686 nimis
1328 2631 1452 2700 vulg
1489 2644 1576 2684 res
1604 2636 1768 2699 atque
1815 2626 2078 2699 protritm,

488 2726 586 2782 sed
613 2725 775 2794 vulgo
812 2723 1091 2779 hominum
1120 2719 1338 2784 abditae,
1366 2728 1421 2774 et
1442 2734 1672 2789 quarum
1699 2718 1965 2787 sapientia
1995 2725 2080 2772 est

490 2832 660 2889 penes
703 2831 798 2872 eos
848 2815 940 2885 qui
986 2813 1055 2869 de
1099 2814 1209 2868 illis
1245 2816 1411 2866 verba
1462 2810 1687 2878 faciunt,
1715 2825 1746 2864 a
1779 2825 1883 2880 qua
1914 2810 2075 2863 etiam

491 2907 825 2965 audientium
852 2906 1149 2961 vehemens
1187 2904 1401 2960 exsistit
1435 2903 1702 2976 cupiditas
1733 2918 1797 2958 ac
1838 2902 2075 2957 studium

490 2997 875 3069 cognoscendi.
925 2995 1207 3050 Allieiendi
1262 3009 1496 3064 namque
1547 2995 1653 3048 vim
1711 2993 1894 3058 habet,
1928 2991 2074 3063 quod

2470 1765 2607 1834 υπς’.
2645 1797 2716 1809 -
2749 1770 2959 1823 unum
3002 1726 3479 1843 nPEzBrTEPo.

2172 1880 2293 1945 Είς
2320 1879 2386 1932 τὸ
2420 1880 2766 1953 εἰρημένοις,
2805 1899 2824 1933 ι
2868 1882 3071 1952 Ὁμοία
3094 1856 3323 1953 ἐστὶν)ιῆ
3340 1885 3633 1949 ,βασιλεία
3660 1882 3780 1940 τῶν

2507 1950 2783 2019 οίιριινῶν
2804 1950 3003 2018 κόκκῳ
3037 1950 3365 2021 σινάπεως.
3404 1974 3422 2007 ι

2269 2085 2335 2138 Ἢ
2365 2085 2494 2156 περὶ
2526 2086 2628 2157 τὴν
2658 2087 2961 2159 ἑρμηνείαν
3001 2088 3246 2159 δεινότης
3277 2089 3552 2158 ἐμφάσεσι
3585 2106 3777 2160 τρανο-

2174 2176 2373 2248 ςτέραις
2398 2177 2700 2250 παρίστησι
2720 2179 2781 2234 τὸ
2804 2180 3118 2251 λεγόμενον,
3143 2181 3238 2234 καὶ
3255 2175 3368 2234 οἷον
3390 2182 3481 2235 ὑπ’
3508 2181 3631 2250 ὄψιν
3648 2182 3773 2249 ἄγει

2183 2270 2246 2324 τὸ
2275 2270 2541 2326 λανθάνον
2568 2270 2680 2343 (41)
2703 2287 2716 2301 '
2747 2272 2816 2324 δι’
2848 2273 2914 2343 ἢν
2945 2272 3038 2325 καὶ
3071 2273 3121 2325 οἱ
3163 2274 3435 2344 ἀκροαταὶ
3460 2272 3649 2344 ὥσπερ
3674 2272 3780 2325 ὑπὸ

2183 2359 2354 2433 λύρας
2383 2361 2600 2433 ἔχονται
2628 2363 2767 2433 (42),
2798 2364 2893 2416 καὶ
2925 2363 3142 2434 μάλισθ’
3177 2365 3308 2417 ὅταν
3340 2363 3479 2435 μηδὲ
3512 2365 3643 2434 περὶ
3668 2364 3776 2417 τῶν

2191 2452 2497 2525 συνήθωνή
2539 2453 2798 2524 βάσανος,
2842 2455 2876 2525 ἢ
2928 2455 3065 2524 μηδὲ
3097 2454 3207 2508 τῶν
3252 2452 3775 2525 καθημαξευμένων,

2171 2541 2320 2597 ἀλλὰ
2348 2544 2456 2598 τῶν
2501 2547 2615 2608 τοῖς
2666 2544 2881 2608 πολλοῖς
2932 2546 3166 2617 ἀδήλων,
3225 2546 3319 2599 καὶ
3365 2549 3399 2617 ἠ
3461 2544 3623 2614 σοφία
3668 2545 3778 2599 τῶν

2185 2635 2523 2707 φραζόντων,
2571 2637 2665 2705 ἀφ’
2695 2630 2760 2708 ἧς
2809 2638 2901 2689 καὶ
2935 2639 2968 2707 ἡ
3001 2637 3269 2707 ἐπιθυμία
3308 2636 3416 2691 τῶν
3468 2636 3777 2691 ἀκουόντων

2166 2729 2423 2799 ’ἐναργής
2449 2743 2462 2757 ⁸
2483 2728 2734 2782 ἑλκτικὸν
2755 2729 2866 2801 γὰρ
2891 2730 2951 2782 τὸ
2983 2729 3057 2800 μὴ
3081 2730 3285 2802 σφόδρα
3308 2730 3558 2799 σύνηθες.
3591 2730 3777 2785 Ταῦτα

2164 2818 2236 2872 δὲ
2255 2818 2413 2889 ἔφην,
2439 2818 2739 2892 ἐπειδήπερ
2764 2821 3113 2893 μεμήνυκας·
3139 2821 3204 2873 Τί
3233 2824 3347 2875 ἐστι
3376 2823 3435 2875 τὸ
3459 2819 3778 2892 ὠμοιῶσθαι

2179 2909 2582 2982 τῆν’βασιλείαν
2610 2911 2718 2965 τῶν
2743 2912 2989 2982 οὐρανῶν
3021 2913 3206 2983 κόκκῳ
3232 2915 3536 2979 σινάπεως;
3556 2913 3775 2985 Βραχὺς

2184 3002 2285 3074 μέν
2333 3003 2452 3055 ἐστι
2486 3004 2895 3075 σπειρόμενοςὸ
2922 3004 3014 3057 τοῦ
3046 3005 3191 3058 θείου
3218 3004 3574 3075 κηρύγματος
3596 3005 3775 3074 λόγος,

489 3108 598 3151 non
633 3092 790 3148 valde
838 3089 1105 3145 familiare
1142 3098 1242 3145 est.
1301 3088 1425 3145 llaec
1459 3098 1639 3144 autem
1671 3104 1734 3143 ea
1787 3091 2073 3146 occasione

2182 3095 2278 3150 καὶ
2301 3095 2410 3149 τῶν
2439 3095 2658 3149 πώποτε
2679 3096 2992 3166 λεγομένων
3027 3098 3179 3169 παρά
3233 3097 3342 3149 τῶν
3390 3096 3660 3161 δοξάντων
3693 3113 3778 3151 σο-

490 3186 627 3255 dixi,
661 3185 784 3257 quia
822 3183 1085 3255 scripsisti
1113 3183 1243 3238 mihi
1277 3201 1290 3237 :
1323 3182 1462 3249 Quid
1497 3182 1598 3237 sibi
1634 3182 1780 3249 velit,
1814 3183 1959 3254 quod
1987 3199 2076 3239 re-

491 3292 654 3348 gnum
698 3274 963 3332 caelorum
1011 3288 1182 3345 grano
1227 3273 1432 3343 sinapis
1485 3283 1852 3343 comparetur.
1910 3273 2079 3329 Exilis

487 3369 703 3441 quidem
738 3375 842 3432 est,
871 3382 992 3422 cum
1019 3368 1338 3428 seminatur,
1376 3364 1543 3419 divini
1590 3366 1846 3436 praeconii
1875 3381 2076 3432 sermo,

487 3461 532 3515 si
570 3474 691 3514 cum
731 3458 840 3514 illis
867 3457 1181 3513 conferatur
1215 3457 1578 3528 dogmatibus,
1612 3455 1779 3529 454
1828 3472 1950 3527 quae
1975 3473 2078 3510 un-

486 3568 648 3624 quam
685 3552 884 3606 tradita
916 3559 1041 3605 sunt
1073 3548 1236 3603 ab'iis
1269 3550 1359 3618 qui
1387 3549 1668 3618 sapientia:
1699 3549 1842 3602 fama
1877 3556 1931 3603 et
1958 3548 2079 3618 opi-

485 3645 652 3699 nione
695 3644 939 3698 celebres
984 3642 1228 3707 fuerunt,
1263 3650 1319 3695 et
1350 3641 1687 3696 brevissimis
1721 3641 2080 3695 annuntiatur

485 3737 695 3800 verbis,
743 3749 848 3789 nou
894 3733 1179 3789 solum~ob
1210 3734 1587 3805 compendium
1634 3734 1919 3795 orationis,
1983 3732 2076 3786 sed

482 3828 649 3881 etiam
674 3825 744 3880 ob
765 3824 1034 3896 plebeium
1066 3839 1234 3895 genus
1262 3824 1511 3880 dicendi.‘
1531 3822 1587 3878 Si
1611 3838 1740 3880 vero
1773 3823 2077 3885 excolatur,

485 3917 687 3971 crescit
717 3927 881 3987 atque
915 3914 1234 3971 diffunditur
1271 3915 1532 3971 latissime
1565 3923 1619 3969 et
1649 3916 1899 3984 superior
1929 3915 2080 3969 inve-

486 4005 635 4059 nitur
667 4004 919 4057 omnibus
949 4005 1041 4073 qui
1082 4020 1320 4075 unquam
1353 4004 1406 4059 in
1439 4003 1799 4059 admiratione
1837 4004 2074 4072 fuerunt,

484 4096 866 4159 sermonibus;
924 4110 1025 4151 nec
1074 4095 1623 4166 immeritozquippe
1652 4096 1742 4165 qui
1789 4097 2075 4151 veritatem

483 4185 684 4256 pariat,
716 4199 816 4240 nec
849 4186 902 4241 in
930 4185 1250 4242 exornando
1283 4184 1568 4242 mendacio
1614 4196 1930 4256 occupetur.
1972 4185 2079 4244 Ve-

484 4275 647 4331 ritate
698 4286 878 4332 autem
923 4277 1098 4347 majus
1130 4285 1213 4331 est
1254 4276 1409 4331 nihil.
1442 4273 1599 4333 Unde
1629 4278 1793 4332 etiam
1823 4276 2076 4334 eﬂbctum

481 4375 587 4430 est,
631 4375 687 4420 ut
725 4366 817 4437 qui
867 4366 1224 4437 philosophia:
1282 4379 1343 4421 se
1381 4367 1599 4422 nomine
1624 4367 1923 4438 jactabant,
1964 4370 2079 4425 suis

2166 3184 2301 3255 ·φῶν
2349 3184 2659 3255 δογμάτων,
2712 3187 2809 3239 καὶ
2866 3188 2923 3239 ὲν
2953 3184 3316 3256 βραχυτάτοις
3366 3185 3769 3253 ἐπαγγέλλεται

2184 3277 2446 3350 ῥήμασιν,
2482 3277 2543 3330 οὐ
2587 3277 2747 3349 μόνον
2773 3275 2864 3331 διὰ
2888 3277 2989 3347 τὴν
3017 3274 3350 3346 συντομίαν,
3375 3275 3511 3329 ἀλλά
3548 3274 3646 3329 καὶ
3682 3274 3773 3329 διὰ

2180 3368 2281 3440 τὴν
2336 3368 2610 3440 ίδιωτικὴν
2660 3369 2825 3433 λέξιν.
2860 3368 3286 3441 Γεωργούμενος
3337 3367 3383 3421 δ’
3441 3366 3619 3434 αὔξει,
3682 3366 3777 3421 καὶ

2182 3458 2540 3526 πλατύνεται,
2572 3462 2669 3515 καὶ
2700 3461 2842 3533 ὑπὲρ
2887 3463 3097 3522 πάντας
3137 3463 3262 3524 τοὺς
3296 3459 3519 3514 πώποτε
3552 3459 3775 3531 θαυμα-

2183 3549 2414 3614 σθέντας
2442 3549 2637 3620 λόγους
2670 3551 3007 3623 εὑρίσκεται,
3042 3550 3137 3605 ἅτε
3156 3551 3221 3621 δὴ
3256 3551 3520 3621 ἀλήθειαν
3544 3550 3775 3615 ὠδίνων,

2181 3642 2279 3696 καὶ
2307 3643 2368 3695 ού
2400 3642 2463 3696 τὸ
2492 3642 2690 3713 ψεῦδος
2720 3643 2964 3714 κοσμῶν.
2998 3642 3199 3708 Μεῖζον
3221 3641 3276 3697 δὲ
3304 3643 3563 3716 ἀληθείας
3596 3643 3774 3697 οὐδέν.

2180 3734 2273 3787 Διὸ
2300 3735 2394 3788 καὶ
2415 3736 2464 3788 oi
2494 3733 2573 3805 τῷ
2595 3736 2695 3808 τῆς
2720 3734 3042 3804 φιλοσοφίας
3074 3734 3493 3805 ἐναϐρυνόμενοι
3524 3734 3773 3806 ὀνόματι,

2180 3829 2294 3892 τοῖς
2361 3828 2587 3893 οίκείοις
2643 3829 2880 3899 δόγμασι
2940 3829 3116 3884 πολλά
3176 3830 3392 3901 χαίρειν
3440 3831 3775 3901 φράσαντες,

2181 3920 2424 3987 ἐφίενται
2449 3920 2544 3990 τῆς
2576 3918 2669 3972 τοῦ
2700 3919 2835 3973 Θεοῦ
2863 3922 3045 3983 σκιᾶς,
3074 3920 3170 3975 καὶ
3202 3920 3609 3990 καταφεύγουσι
3638 3921 3779 3993 πρὸς

2180 4010 2352 4081 αὐτὴν
2379 4009 2513 4080 (43).
2548 4011 2713 4064 Πόσοι
2738 4011 2847 4080 γὰρ
2873 4011 3234 4084 Πυθαγόρειοι
3269 4010 3441 4082 τύφου
3470 4014 3565 4066 καὶ
3605 4014 3779 4081 ὑπερ-

2184 4100 2343 4169 οψίας
2378 4102 2681 4173 πεφηνότες
2712 4102 3047 4168 διδάσκαλοι,
3095 4104 3350 4176 φοιτηταί
3396 4108 3654 4174 γεγόνασι
3681 4103 3776 4158 τοῦ

2166 4193 2372 4261 ’λόγουί
2407 4195 2564 4248 πόσοι
2592 4194 2649 4249 δὲ
2680 4194 3043 4262 Πλατωνικοὶ,
3064 4196 3165 4267 τὴν
3189 4197 3363 4267 ὀφρῦν
3394 4196 3494 4268 τὴν
3525 4197 3632 4249 ἀπὸ
3674 4195 3778 4264 τῆς

2179 4283 2537 4350 καλλιεπείας
2569 4286 3050 4350 κατασπάσαντες,
3085 4285 3192 4340 ὑπὸ
3247 4286 3349 4356 τὴν
3402 4286 3560 4340 σκιάν
3605 4283 3777 4338 αὑτοῦ

2182 4371 2541 4444 ίδρύνθησανί
2574 4373 2732 4428 πόσοι
2792 4375 3218 4447 Ἀριστοτελικοὶ
3264 4376 3359 4430 καὶ
3377 4374 3627 4439 Στωῖκοὶ,
3677 4374 3779 4434 τὴν

489 4456 1074 4527 ἁοςιιιιιιίίιιιεοίοιιειιηι
1092 4455 1288 4513 valere
1303 4456 1490 4526 jussis,
1521 4459 1756 4514 divinam
1781 4458 1924 4514 illam
1954 4475 2077 4513 um-

2182 4463 2266 4533 ὲφ’
2366 4463 2744 4534 ἐσεμνύνοντο,
2807 4466 3000 4534 σοφίαν
3043 4466 3413 4537 ἀτιμάσαντες
3475 4465 3780 4537 ἠγάπησαν

480 4550 636 4603 bram
671 4556 951 4617 expetant,
976 4556 1032 4603 et
1063 4548 1130 4603 ad
1162 4548 1336 4617 ipsam
1363 4548 1700 4620 confugiant.
1725 4550 1895 4616 Quam
1924 4551 2077 4606 multi

2187 4554 2247 4607 ὲν
2279 4557 2391 4618 τοῖς
2419 4555 2684 4626 ὑπηκόοις
2719 4557 3008 4628 τετάχθαιι

485 4641 631 4697 enim
664 4640 1011 4715 Pythagorei,
1042 4659 1168 4700 cum
1198 4653 1357 4701 antea
1406 4644 1581 4701 fastus
1624 4662 1688 4701 ac
1721 4647 2086 4716 despicuentia:
2151 4649 2381 4705 fuissent
2409 4652 2683 4721 magistri,
2711 4653 2872 4723 hujus
2923 4653 3087 4708 divini
3148 4653 3298 4708 verbi
3348 4651 3476 4707 facti
3526 4658 3650 4704 sunt
3692 4644 3776 4704 di-

487 4731 726 4800 scipuli?
754 4734 925 4798 Quam
951 4735 1109 4789 multi
1143 4736 1271 4790 item
1294 4735 1556 4791 Platonici
1581 4738 1951 4805 supercilium,
1973 4739 2116 4801 quod
2158 4739 2287 4809 ipsis
2327 4741 2600 4795 extulerat
2628 4759 2785 4797 suum
2813 4753 3006 4799 ornate
3061 4743 3270 4798 dicendi
3303 4743 3562 4805 studium,
3587 4743 3781 4795 demit-

493 4834 673 4879 tentes
724 4830 1238 4902 contrahetuesque,
1288 4834 1386 4885 sub
1450 4833 1591 4886 illius
1663 4834 1852 4886 undira
1927 4835 2319 4919 consederunt?
2362 4836 2534 4904 Quam
2582 4839 2734 4893 multi
2785 4839 3018 4909 denique
3087 4838 3415 4893 Aristotelici
3469 4848 3525 4892 et
3584 4834 3776 4899 Stoici,

551 4980 596 5011 ³³
628 4980 820 5036 Matth.
856 5000 978 5049 xm,
1015 4985 1075 5039 ’ὀί
1138 5000 1291 5053 seqq.

1585 5124 1817 5179 VARle
1862 5125 2251 5182 LECTIONES
2278 5126 2366 5182 ΕΤ
2406 5126 2640 5182 ΝΟΤᾸΞ.

684 5272 793 5363 ἷξεο
812 5277 1052 5363 ἱστορίαν
1074 5276 1218 5363 idem
1238 5275 1509 5363 cod.‘lcgit
1537 5280 1826 5363 τιμωρίαν.
1846 5281 2062 5363 Possm’.

555 5347 1060 5419 (40)_'0yégop.ior
1103 5347 1329 5419 tho’r.
1364 5347 1506 5418 Lege
1558 5347 1758 5414 αύτῶν,
1812 5364 1865 5406 et
1906 5355 2068 5406 intelo

486 5414 613 5487 lige,
639 5414 749 5470 τῶν
774 5414 1522 5489 ’ἸουδαίωνηΝοιςιιιιίυηιόκ
1569 5422 1670 5475 hae
1703 5422 1931 5489 epistola
1979 5425 2062 5475 in-

484 5486 635 5556 signe
663 5488 896 5557 elogium
924 5486 1168 5553 .losephi,
1204 5486 1289 5557 cui
1327 5489 1512 5541 tribuit
1554 5486 1764 5544 laudern
1798 5494 2059 5555 veritatis,

483 5555 604 5625 quae
630 5555 802 5626 prima
834 5557 917 5626 lex
950 5564 1034 5609 est
1062 5555 1324 5614 historice.
1351 5557 1481 5610 Esse
1511 5574 1747 5626 namque
1780 5563 1940 5615 dehet
1968 5564 2056 5617 lux

483 5625 748 5694 veritatis,
774 5625 924 5682 te's'tis
957 5635 1279 5695 temporum.
1309 5627 1507 5682 Confer
1536 5625 1697 5699 epist.
1725 5630 1853 5684 “223.
1885 5631 2054 5689 Rtrr.

2248 5284 2361 5355 (41)
2400 5284 2549 5350 liceo,
2582 5286 2676 5340 καὶ
2719 5283 2901 5343 οἷον...
2939 5289 3201 5344 λανθάνον
3231 5291 3434 5346 omittit
3470 5292 3560 5347 ed.
3592 5290 3772 5346 Paris.

2176 5363 2227 5409 ct
2263 5357 2581 5423 supplentur
2603 5373 2668 5411 ex
2710 5362 2831 5413 cod.
2862 5359 3035 5414 Vatie.
3075 5360 3237 5416 Εοιτ.

2397 5424 2508 5500 _Pro
2535 5427 2771 5500 ἔχονται,
2811 5432 2930 5483 cod.
2968 5431 3087 5485 Vat.
3123 5431 3521 5500 Ιρᾳῐιᾶγονται.
3552 5430 3769 5487 Possm.

2246 5497 2356 5565 (45)
2394 5497 2495 5572 lup
2523 5497 2712 5568 αὐτὴν,
2758 5500 2905 5572 idem
2945 5501 3106 5554 habet
3155 5497 3341 5572 αὐτὸν,
3390 5511 3443 5556 ct
3474 5517 3598 5558 mox
3654 5512 3778 5572 post

2172 5567 2327 5620 πόσοι
2359 5567 2837 5640 ίιιίύὶιτοιγαροῦν,
2872 5572 3129 5626 οιιιὶἱιυηε
3166 5573 3291 5644 γάρ.
3327 5570 3404 5629 ΙΙ).
