4084 6364
569 409 703 481 1151

1785 425 1848 486 S.
1895 424 2194 486 ISIDORI
2241 424 2680 487 PELUSIOTIE

3704 411 3846 488 1152‘

559 527 738 582 exitus
758 527 1006 591 habetur,
1053 535 1112 581 ut
1138 526 1352 598 opinor,
1392 541 1554 606 quam
1594 529 1802 584 ruditas
1851 540 2013 600 atque
2039 533 2141 586 im-

2256 532 2344 604 ιῆς
2373 534 2430 585 tv
2455 533 2520 603 τῇ
2552 528 2664 602 ζωῇ
2695 530 2958 602 ἀμαθίας.
2983 529 3045 584 Εί
3067 529 3112 584 δ’
3137 528 3388 596 ἐκείνοις,
3421 528 3602 602 πολλῷ
3638 531 3834 601 μᾶλλον

559 617 754 687 peritia
791 619 844 672 in
875 617 1006 673 vita.
1037 615 1191 686 Quod
1214 619 1260 674 si
1305 619 1435 685 illis,
1466 618 1634 674 multo
1669 621 1840 692 magis
1888 623 2044 677 nobis
2075 623 2148 677 ita

561 707 729 762 videri
758 709 938 774 debet,
999 710 1088 780 qui
1149 709 1202 764 in
1249 709 1608 766 aeternitatem
1634 721 1891 783 tanquam
1925 727 2148 784 sc0pum

561 799 752 854 intenti
779 815 989 867 sumus,
1045 812 1100 856 et
1145 801 1490 872 prudentiam
1525 803 1578 857 in
1629 801 1747 858 dies
1785 803 1984 862 divinis
2019 819 2147 861 ora-

559 890 697 946 culis
729 907 928 948 aeuere
955 895 1239 950 debemus.

843 1025 977 1081 XCI.
1003 1057 1075 1070 -ι-
1093 1025 1492 1084 ΗΛΒΡΟΟΒᾸΞ
1525 1019 1912 1084 ΞΟΡΗΙΞΤᾹΞ.

1166 1118 1241 1173 Dc
1261 1119 1442 1174 cadent
1467 1136 1538 1174 re.

639 1253 798 1308 Varia
832 1269 896 1309 ac
937 1253 1256 1324 multiplicia
1302 1265 1429 1310 sunt
1460 1255 1737 1310 hominum
1781 1257 1958 1312 studia
1984 1259 2145 1312 etiam

563 1344 712 1398 circa
743 1344 956 1399 dicendi
985 1360 1206 1412 genera.
1240 1344 1369 1400 Nam
1421 1345 1510 1400 alii
1559 1347 1777 1416 quidem
1822 1351 2148 1405 adamarunt

562 1436 890 1491 atticisutum
919 1445 1176 1502 veterem,
1199 1437 1288 1490 alii
1312 1453 1441 1492 vero
1469 1440 1806 1508 perspicuam
1841 1443 2146 1497 orationem

563 1527 838 1581 atticismo
861 1527 1123 1597 potiorem
1156 1528 1378 1582 ducunt.
1411 1528 1578 1582 Aiunt
1606 1530 1750 1584 enim
1779 1549 1792 1585 :
1832 1533 1968 1600 Quid
1997 1533 2146 1588 utili-

567 1619 694 1674 tatis
715 1618 870 1674 all‘ert
901 1617 1080 1673 Attice
1111 1618 1362 1689 loquendi
1389 1622 1626 1676 studium
1653 1621 1812 1695 461
1841 1625 2058 1694 quando
2083 1641 2144 1680 ca

570 1724 692 1778 quae
732 1710 988 1764 dicuntur
1027 1711 1166 1764 velut
1214 1713 1454 1768 tenebris
1499 1713 1866 1781 occultantur,
1906 1717 2142 1786 aliisque

567 1799 834 1871 indigent,
861 1801 948 1868 qui
983 1815 1044 1856 ea
1079 1802 1132 1856 in
1159 1801 1335 1858 lucem
1366 1787 1649 1874 proferant
1670 1807 1693 1846 ν
1721 1806 1825 1862 Alii
1860 1823 1990 1864 vero
2013 1823 2140 1880 epo-

2250 624 2386 694 ημῖν
2416 625 2530 686 τοῖς
2557 623 2636 684 είς
2664 620 2834 674 αίῶνα
2871 619 2962 673 τὸν
2985 619 3186 674 σκοπὸν
3217 618 3422 691 ἔχουσι,
3455 619 3553 674 καὶ
3579 619 3680 690 τὴν
3715 620 3838 676 σύν-

2252 726 2369 762 εσιν
2413 709 2536 764 καθ’
2587 709 2823 780 ἑκάστην
2875 709 3092 781 ἡμέραν
3141 709 3344 780 ἀκονᾷν
3402 710 3463 764 ἐκ
3527 709 3643 762 τῶν
3679 708 3837 765 θείων

2251 797 2448 869 λογίων
2477 799 2806 871 ὀφείλουσιν.

2619 1018 2737 1093 ιιΑθ.
2775 1025 3110 1096 ΛΡΠΟΚΡᾼ
3145 1021 3468 1099 ΣΟΦΙΣΤῌσ

2785 1113 2927 1182 Περὶ
2958 1131 2982 1166 z
2995 1113 3066 1168 οὗ
3097 1108 3308 1169 αὐτοῦ.

2318 1243 2656 1317 Πολύτροποι
2681 1244 2788 1298 τῶν
2815 1244 3116 1316 ἀνθρώπων
3142 1223 3238 1299 καὶ
3261 1247 3315 1298 αί
3335 1245 3462 1314 περὶ
3492 1246 3622 1309 τοὺς
3645 1240 3846 1315 λόγους

2249 1337 2556 1406 ἐπιθυμίαι.
2601 1338 2664 1392 Οί
2696 1337 2794 1408 μὲν
2833 1337 2940 1410 γὰρ
2986 1337 3168 1391 αὐτῶν
3196 1337 3455 1406 ἀγαπῶσι
3488 1337 3552 1390 τι
3592 1338 3840 1402 παλαιῶς

2263 1426 2605 1493 Ἀττικίζειν,
2645 1429 2693 1481 oi
2739 1427 2796 1481 δὲ
2843 1427 2906 1481 τὸ
2935 1427 3123 1496 σαφῶς
3145 1429 3320 1481 εἰπεῖν
3343 1427 3438 1481 τοῦ
3483 1427 3837 1499 Ἀττικισμοῦ

2249 1520 2517 1592 πρότερον
2572 1520 2798 1590 ἄγουσι,
2851 1519 3122 1588 λέγοντες·
3173 1519 3240 1574 Τί
3280 1520 3344 1574 τδ
3387 1520 3582 1591 κέρδος
3636 1523 3702 1574 ὲκ
3743 1521 3838 1574 τοῦ

2262 1611 2607 1678 Ἀττικίζειν,
2662 1613 2791 1667 ὅταν
2853 1611 2924 1664 τὰ
2955 1610 3224 1682 λεγόμενα
3301 1611 3492 1684 ὥσπερ
3548 1615 3607 1666 tv
3661 1611 3842 1682 σκότῳ

2249 1702 2583 1777 κρύπτηται,
2643 1704 2738 1758 καὶ
2790 1701 2966 1758 ἄλλων
3013 1701 3201 1774 δέηται
3253 1703 3362 1756 τῶν
3394 1706 3474 1768 είς
3519 1703 3635 1774 φῶς
3695 1703 3841 1756 αὐτὰ

2249 1794 2517 1860 ἀξόντων;
2556 1793 2742 1848 Ἄλλοι
2781 1793 2839 1847 δὲ
2887 1793 3139 1866 χαίρουσι
3173 1797 3240 1866 τῇ
3273 1793 3530 1864 ὲποποιίςι
3555 1811 3569 1826 ·
3597 1795 3695 1848 καὶ
3723 1793 3844 1848 Ets-

565 1894 728 1961 pmia,
753 1892 804 1948 l.l
843 1902 927 1947 est
960 1893 1182 1948 heroico
1211 1895 1470 1962 carmine,
1491 1896 1863 1963 deiectantur;
1895 1899 1985 1955 alii
2015 1876 2144 1970 ατο»

2256 1903 2334 1958 ροι
2369 1887 2469 1957 μὲν
2515 1888 2582 1958 τῇ
2634 1887 2925 1958 σεμνότητι
2960 1890 3059 1959 τῆς
3099 1887 3428 1959 τραγῳδίας,
3475 1886 3622 1942 ἄλλοι
3670 1885 3728 1940 δὲ
3767 1889 3842 1959 τῇ

577 1983 748 2037 ritate
796 1982 1112 2054 tragoediae;
1172 1984 1260 2040 alii
1311 1987 1590 2043 blanditiis
1633 2003 1697 2044 ac
1734 1991 2020 2046 lenociniis
2052 2008 2147 2048 coa-

566 2072 775 2128 manlius
815 2089 832 2137 ;
885 2075 977 2128 alii
1015 2076 1168 2146 copia
1224 2076 1513 2134 rhetorica:
1555 2081 1868 2150 capiuntur.
1903 2081 2010 2138 Sed
2044 2099 2148 2142 nec

567 2161 620 2215 lii
659 2163 802 2218 inter
841 2179 900 2219 se
935 2166 1305 2222 consentiunt.
1341 2166 1482 2223 Sunt
1517 2169 1662 2224 enim
1709 2173 1799 2240 qui
1843 2174 2148 2230 sublimita-

569 2263 674 2307 tem
727 2253 969 2312 Platonis
1014 2255 1458 2326 amplectuntur;
1499 2267 1630 2315 sunt
1676 2263 1768 2332 qui
1810 2261 2148 2336 Thucydidis

447 2401 452 2406 _
566 2345 930 2414 gravitatem;
986 2354 1115 2402 sunt
1165 2349 1257 2417 qui
1309 2347 1567 2406 Isocratis
1605 2353 1966 2420 tenuitatem;
2024 2365 2150 2411 sunt

566 2438 660 2506 qui
695 2439 1072 2494 Demosthenis
1099 2441 1500 2496 vehementiam
1538 2442 1851 2511 przrl'erunt.
1884 2443 1976 2500 Sic
2004 2447 2148 2501 enim

567 2531 889 2585 existimant
945 2546 1138 2588 omnes
1183 2534 1400 2588 dicendi
1453 2545 1600 2590 artes
1653 2535 1826 2605 ipsum
1869 2537 2148 2606 depastum

567 2638 714 2686 esse,
737 2631 788 2678 et
825 2625 1116 2693 gravitate,
1151 2633 1206 2680 et
1233 2627 1557 2693 acerbitate,
1603 2638 1656 2683 et
1689 2629 2056 2694 vehementia,
2090 2640 2145 2685 et

577 2714 924 2768 contentione
963 2715 1303 2784 certaminis,
1355 2731 1547 2774 omnes
1589 2728 1858 2788 quotquot
1906 2737 2148 2792 unquam

569 2805 897 2858 exstiterunt
930 2821 1244 2875 superasse.
1275 2806 1514 2865 Rursum
1565 2812 1656 2867 alii
1707 2813 1925 2881 quidem
1969 2813 2148 2887 Lysiae

569 2910 742 2966 genus
784 2897 1000 2953 dicendi
1052 2910 1299 2969 apertum
1338 2910 1392 2958 et
1433 2904 1724 2972 protritum
1769 2915 1954 2962 amant
1991 2925 2006 2963 :
2060 2909 2151 2964 alii

569 3002 757 3046 contra
800 2993 916 3050 1εωί
953 2996 1254 3051 orationem
1283 3037 1298 3062 ,
1351 3013 1472 3068 qum
1513 2999 1766 3056 Isocratis
1811 3002 2027 3072 quidem
2071 3003 2156 3060 di-

570 3087 754 3140 ctione
789 3088 1204 3143 convenientior
1231 3101 1316 3144 est
1361 3089 1606 3160 indiciis,
1640 3093 1928 3150 sublimior
1966 3106 2148 3152 autem

576 3193 740 3246 quam
801 3179 998 3252 Lysim.
1035 3183 1141 3237 Alii
1196 3185 1432 3256 denique
1468 3183 1750 3243 zEschiuis
1806 3189 2150 3260 perspicuum

567 3279 626 3324 et
674 3273 961 3328 candidum
1014 3275 1228 3331 dicendi
1277 3292 1450 3347 genus
1488 3276 1740 3348 probant.
1794 3278 1928 3336 Cum
1985 3280 2154 3352 igitur

571 3363 681 3416 tam
709 3363 873 3420 varia;
891 3364 1000 3418 sint
1030 3381 1093 3421 ac
1121 3365 1508 3423 dissentientes
1536 3368 1813 3422 hominum
1847 3370 2152 3440 opiniones,

569 3454 825 3524 equidem
859 3471 963 3511 non
996 3457 1169 3514 habeo
1203 3461 1384 3516 dicere
1409 3461 1501 3532 qni
1536 3461 1651 3516 lieri
1688 3463 1880 3530 possit,
1917 3473 1977 3518 ut
2018 3463 2159 3518 scri-

579 3557 703 3612 ptnr
736 3548 932 3618 aliquis
975 3551 1226 3608 omnibus
1251 3553 1483 3622 placeat.
1511 3553 1697 3624 Itaque
1739 3554 1840 3620 illi,
1871 3565 1928 3610 ut
1961 3556 2052 3625 qui
2089 3555 2156 3611 ad

571 3637 804 3706 gloriam
871 3641 1190 3710 respiciant,
1226 3629 1470 3700 scribant
1502 3655 1561 3700 ut
1596 3646 1727 3718 ipsis
1771 3646 1924 3702 libet.
1960 3647 2031 3702 At
2064 3663 2156 3703 sa-

571 3744 670 3782 cra
699 3739 754 3783 et
784 3729 1028 3785 cmlestia
1057 3733 1304 3801 oracula,
1331 3737 1591 3806 quoniam
1624 3739 1692 3792 ad
1717 3737 1961 3794 universi
1991 3753 2158 3808 gene-

576 3817 652 3872 ris
682 3821 902 3875 humani
931 3823 1218 3880 utilitatem
1251 3829 1604 3896 pronuntiata
1653 3830 1971 3900 scriptaque
1998 3839 2152 3896 sunt,

568 3911 957 3982 perspicuitate
1005 3927 1133 3971 sunt
1164 3925 1489 3987 temperata.
1525 3918 1603 3974 Ex
1656 3920 1760 3975 hac
1805 3921 1950 3974 enim
1989 3929 2045 3976 et
2078 3921 2152 3976 illi

565 4003 664 4082 qui
723 4005 844 4058 aliis
893 4005 1189 4065 virtutibus
1237 4010 1557 4065 orationum
1616 4011 1965 4068 delectantur
2002 4011 2156 4086 (sunt

569 4105 759 4152 autem
792 4094 845 4150 hi
875 4112 1135 4169 perquam
1171 4101 1304 4173 rari)
1335 4101 1468 4156 nihil
1503 4101 1803 4172 quidquam
1833 4103 2152 4160 detrimenti

570 4182 875 4251 patiuntur,
904 4187 1070 4244 semel
1117 4187 1484 4259 intelligentes
1515 4207 1576 4246 ea
1614 4207 1735 4260 qua:
1775 4194 2013 4252 oraculis
2044 4195 2152 4251 illis

563 4275 924 4332 continentur
959 4296 974 4332 :
1008 4289 1064 4334 et
1095 4295 1286 4336 omnes
1320 4281 1410 4350 qui
1451 4281 1802 4352 agricultura!
1841 4285 1973 4340 dant
2017 4301 2151 4356 ope-

565 4374 683 4416 ram
710 4375 766 4419 et
797 4367 1045 4423 artificiis
1071 4379 1127 4423 et
1154 4369 1370 4424 caeteris
1403 4367 1853 4442 occupationibus
1875 4373 2004 4429 vitae
2035 4372 2154 4429 dis-

571 4459 831 4526 tinentur,
877 4461 1268 4530 perspicuitate
1315 4462 1607 4532 plurimum
1681 4465 1968 4535 juvantur,
2021 4466 2150 4520 dum

2252 1979 2629 2050 στωμυλότητι
2653 1979 2751 2052 τῆς
2777 1979 3072 2050 κωμῳδίας
3101 1997 3117 2012 ·
3157 1981 3254 2034 καὶ
3289 1981 3440 2035 ἄλλοι
3473 1979 3540 2052 τῇ
3572 1979 3847 2052 ἁϐρότητι

2247 2073 2350 2138 τῆς
2391 2073 2712 2146 ῥητορικῆς.
2766 2073 2904 2126 Ἀλλ’
2936 2072 3058 2126 οὐδὲ
3109 2064 3259 2126 οὗτοι
3307 2071 3720 2142 συμϐαίνουσιν.
3773 2069 3846 2125 Οί

2254 2164 2352 2236 μὲν
2376 2165 2487 2237 γὰρ
2540 2165 2602 2219 τδ
2640 2157 2776 2235 ὕψος
2823 2163 2920 2218 τοῦ
2977 2164 3267 2228 Πλάτωνος
3325 2162 3684 2234 ἀποδέχονται
3707 2205 3722 2230 ,
3783 2165 3844 2216 oi

2249 2255 2307 2309 δὲ
2330 2255 2428 2327 τὴν
2470 2255 2791 2311 Θουκυδίδου
2825 2255 3133 2328 σεμνότητα
3158 2253 3269 2326 (81-)
3295 2268 3310 2282 '
3368 2255 3466 2308 καὶ
3512 2255 3562 2308 oi
3613 2254 3714 2324 μὲν
3739 2251 3847 2324 τὴν

2265 2347 2610 2420 Ἰσοκράτους
2641 2347 2897 2421 λιτότητα
2925 2347 3064 2418 (8‘2),
3111 2349 3159 2400 οί
3207 2345 3266 2398 δὲ
3301 2345 3402 2417 τὴν
3461 2344 3848 2416 Δημοσθένους

2252 2444 2552 2516 δεινότητα.
2591 2444 2780 2510 Πάσοις
2825 2442 2938 2515 γὰρ
2984 2441 3166 2498 αὐτῶν
3202 2438 3522 2512 σεσιτῆσθαι
3557 2440 3670 2512 (8‘5)
3739 2440 3848 2506 τὰς

2251 2533 2362 2589 τῶν
2392 2535 2568 2604 λόγων
2618 2536 2814 2606 τέχνας
2868 2537 3098 2600 οἴονται,
3154 2534 3250 2589 καὶ
3299 2535 3356 2587 tv
3397 2533 3476 2604 τῷ
3539 2532 3700 2604 δεινῷ
3745 2535 3848 2587 καὶ

2255 2626 2438 2698 πικρῷ
2506 2627 2602 2681 καὶ
2637 2626 2926 2697 παθητικῷ
2975 2627 3070 2681 καὶ
3117 2626 3401 2698 ἐναγωνίῳ
3429 2626 3637 2690 πάντας
3669 2626 3846 2696 ὑπερ-

2255 2718 2546 2774 ϐάλλεσθαι
2575 2717 2710 2788 (84).
2756 2717 2866 2772 Καὶ
2922 2718 2970 2772 οἱ
3030 2717 3128 2789 μὲν
3180 2717 3280 2789 τὴν
3334 2717 3537 2772 Λυσίου
3598 2718 3848 2790 φανερὰν

2255 2811 2428 2867 ἅπασι
2500 2811 2596 2866 καὶ
2642 2810 3018 2882 τετριμμένην
3069 2809 3216 2877 λέξιν
3281 2809 3610 2878 ἀγαπῶσιν·
3675 2807 3727 2862 οἱ
3784 2809 3848 2864 δὲ

2268 2903 2486 2969 Ἰσαίου,
2521 2901 2583 2956 τὸ
2626 2899 3049 2973 δικανικώτερον
3095 2901 3197 2972 μὲν
3235 2900 3602 2972 Ἰσοκράτους,
3635 2901 3846 2971 ὑψηλόο

2256 3011 2412 3066 τερον
2472 2994 2529 3048 δὲ
2583 2992 2784 3048 Λυσίου
2819 3009 2834 3023 ·
2866 2994 2916 3046 oi
2947 2992 3002 3046 δὲ
3032 2993 3286 3064 Αἰσχίνου
3317 2992 3376 3046 τδ
3424 2993 3594 3062 σαφὲς
3625 2993 3724 3046 καὶ
3770 2991 3838 3046 ro

2255 3081 2469 3138 λευκόν.
2507 3081 2790 3137 Τοσούτων
2804 3074 2898 3136 οὖν
2933 3081 3104 3139 ὄντων
3123 3081 3233 3136 τῶν
3259 3080 3698 3154 διαφερομένων,
3727 3080 3848 3144 πῶς

2258 3193 2342 3241 τις
2377 3173 2740 3246 συγγραφέων
2772 3175 2939 3230 πᾶσιν
2970 3173 3241 3246 ἀρέσειεν,
3265 3173 3364 3226 οὐκ
3389 3173 3496 3244 ἔχω
3537 3172 3744 3242 λέγειν.
3777 3173 3846 3227 Oi

2263 3271 2362 3344 μὲν
2405 3265 2502 3325 οὖν
2533 3271 2669 3343 πρὸς
2706 3268 2866 3336 δόξαν
2901 3269 3158 3342 δρῶντες,
3197 3267 3274 3332 ὡς
3318 3267 3602 3340 βούλονται
3631 3267 3847 3340 γραφέ-

2258 3380 2440 3418 τωσαν
2471 3379 2486 3396 ⁸
2537 3363 2588 3416 οί
2630 3362 2687 3416 δὲ
2723 3362 2859 3434 ἱεροὶ
2904 3361 3002 3416 καὶ
3047 3361 3292 3434 οὐράνιοι
3331 3359 3598 3432 χρησμοὶ,
3650 3359 3841 3430 ἐπειδὴ

2261 3458 2398 3523 πρὸς
2453 3455 2724 3525 ὠφέλειαν
2772 3453 2954 3524 πάσης
3010 3455 3110 3524 τῆς
3162 3449 3586 3524 ἀνθρωπότητος
3617 3449 3848 3524 tetih-

2261 3564 2360 3601 σαν
2425 3547 2522 3601 καὶ
2586 3545 2928 3617 ἐγράφησαν,
3013 3545 3083 3615 τῇ
3152 3542 3424 3614 σαφηνείᾳ
3501 3541 3844 3613 ἒκράθησαν.

2271 3639 2368 3693 Ἐκ
2429 3639 2529 3711 μὲν
2587 3639 2698 3710 γὰρ
2757 3632 2985 3706 ταῦτης,
3046 3633 3095 3689 οί
3172 3635 3294 3700 ταῖς
3360 3634 3551 3698 ἄλλαις
3604 3633 3848 3705 “ἁρεταῖς

2256 3729 2365 3784 τῶν
2406 3727 2581 3799 λόγων
2613 3723 2895 3801 χαίροντες
2946 3725 3138 3798 (ὀλίγοι
3165 3727 3210 3780 δ’
3260 3725 3399 3780 εἰσὶν
3457 3719 3658 3794 οὗτοι),
3697 3725 3848 3779 οὐδὲν

2258 3820 2762 3891 παραϐλάπτονται,
2828 3813 2978 3884 ἅπαξ
3035 3815 3284 3882 νοοῦντες
3365 3818 3434 3870 τΞι
3495 3815 3844 3887 χρησθέντα·

2257 3914 2462 3978 πάντες
2491 3913 2536 3966 δ’
2571 3912 2620 3966 oi
2649 3911 2947 3982 γεωργίαις
2994 3910 3090 3964 καὶ
3120 3909 3340 3980 τέχναις
3371 3907 3463 3962 καὶ
3491 3911 3616 3970 ταῖς
3657 3907 3847 3970 ἄλλαις

2256 4006 2536 4078 ἀσχολίαις
2569 4001 2661 4059 τοῦ
2701 4003 2818 4075 βίου
2861 3998 3238 4074 σχολάζοντες,
3287 3999 3627 4070 ὠφελοῦνται
3657 4002 3723 4054 ὲκ
3751 3999 3848 4069 τῆς

2258 4096 2595 4168 σαφηνείας·
2624 4093 2722 4149 καὶ
2772 4089 2834 4148 τὸ
2861 4093 3097 4166 πρέπον,
3155 4090 3250 4146 καὶ
3278 4090 3341 4144 τὸ
3390 4088 3625 4154 δίκαιον,
3657 4093 3754 4144 καὶ
3789 4085 3847 4141 τδ

2257 4189 2540 4263 συμφέρον
2593 4191 2652 4244 ἐν
2701 4188 2969 4260 ἀκαριαίᾳ
3013 4185 3206 4260 καιροῦ
3267 4187 3406 4258 ῥοπῇ
3457 4181 3843 4256 μανθάνοντες.

2255 4283 2351 4344 Eli;
2409 4281 2682 4353 τοσαύτην
2736 4282 2846 4350 γὰρ
2898 4278 3193 4348 συντομίαν
3237 4279 3272 4349 ἡ
3325 4277 3446 4332 θεία
3527 4273 3842 4344 συνετμήθη

2253 4374 2562 4440 παίδευσις,
2612 4371 2689 4437 ὡς
2742 4373 2804 4426 τδ
2853 4371 3086 4426 ἑκάστου
3124 4368 3373 4440 βούλημα
3401 4369 3528 4439 ὅρον
3576 4362 3721 4420 εἶναι
3750 4366 3844 4436 τῆς

2254 4467 2460 4539 ἀρετῆς
2499 4462 2906 4536 ἀποφήνασθαι·
2945 4483 2964 4515 ι
3007 4462 3195 4518 Πάντα
3241 4461 3373 4532 γὰρ,
3416 4460 3608 4532 φησὶν,
3644 4459 3747 4513 ὅσα
3779 4455 3841 4511 ἂν

561 4554 624 4599 et
655 4547 781 4616 quid
807 4548 1018 4616 deceat,
1056 4561 1112 4606 et
1135 4552 1263 4620 quid
1296 4551 1498 4622 iustum
1544 4562 1599 4610 et
1633 4556 1762 4626 quid
1802 4557 1933 4611 utile
1963 4558 2056 4622 sit,
2099 4557 2149 4610 in

2258 4558 2452 4630 θέλητε
2503 4557 2590 4610 ἵνα
2643 4555 2872 4610 ποιῶσιν
2921 4555 3050 4626 ὑμῖν
3106 4555 3155 4607 oi
3198 4553 3496 4622 ἄνθρωποι,
3534 4551 3634 4605 καὶ
3690 4551 3844 4620 ὑμεῖς

568 4649 842 4696 tuomento
891 4643 1152 4712 temporis
1186 4644 1425 4700 discunt.
1469 4645 1529 4701 lu
1574 4655 1784 4702 tantum
1814 4648 1960 4702 enim
1995 4663 2148 4703 co-n-

567 4729 819 4796 pendium
873 4731 1052 4788 divina
1123 4735 1394 4790 insdtutio
1443 4745 1722 4792 contracta
1771 4747 1890 4802 est,
1964 4745 2023 4792 ut
2098 4737 2149 4792 id

567 4819 710 4886 quod
738 4823 969 4892 quisque
996 4826 1266 4893 voluerit,
1299 4827 1518 4885 virtutis
1547 4845 1669 4886 esse
1711 4823 2006 4886 terminum
2053 4831 2149 4886 de-

569 4908 790 4966 iiuierit.
837 4912 927 4970 Sic
954 4916 1099 4969 enim
1135 4916 1212 4969 ait
1241 4934 1255 4973 :
1289 4937 1306 4970 ι
1337 4915 1536 4974 Omnia
1577 4936 1699 4991 qua:
1767 4921 2049 4976 volueritis
2093 4934 2147 4976 ut

567 4994 770 5054 faciant.
799 5003 952 5060 vobis
976 5005 1250 5074 homines,
1290 5018 1344 5064 et
1373 5025 1470 5067 vos
1501 5008 1666 5068 facite
1709 5011 1842 5082 ipsis
1872 5013 2144 5067 similiter.

2257 4651 2463 4704 ποιεῖτε
2488 4649 2668 4710 αὐτοῖς
2697 4646 2900 4718 ὁμοίως
2925 4661 2938 4676 ·
2971 4638 3128 4708 οὗτος
3157 4643 3267 4716 γάρ
3297 4644 3450 4696 ὲστιν
3483 4643 3512 4695 ὁ
3551 4640 3722 4711 νόμος
3758 4637 3844 4692 καὶ

2258 4745 2308 4797 oi.
2344 4741 2644 4812 προφῆται.
2720 4758 2739 4792 ι
2795 4737 2861 4792 Τί
2910 4736 3048 4809 πρὸς
3096 4735 3304 4806 ταύτην
3353 4731 3452 4803 τὴν
3503 4731 3710 4804 ἀρετὴν
3757 4732 3845 4783 καὶ

2259 4835 2360 4905 τὴν
2417 4831 2709 4903 συντομίαν
2751 4831 2848 4885 καὶ
2894 4830 2994 4902 τὴν
3049 4829 3351 4900 σαφήνειαν
3398 4828 3448 4880 oi
3504 4821 3844 4880 Πλατωνικοὶ

2257 4923 2520 4992 διάλογοι,
2544 4923 2576 4993 ἢ
2603 4920 2683 4996 [ἡ]
2720 4919 2997 4992 Ὁμηρικὴ
3024 4917 3229 4982 δέλτος,
3265 4917 3298 4988 ἢ
3323 4917 3372 4969 oi
3395 4913 3506 4968 τῶν
3540 4912 3843 4986 νομοθετῶν

2257 5012 2507 5076 κὼδικες,
2538 5011 2664 5082 ἢάί
2722 5008 3100 5081 Δημοσθένους
3143 5005 3347 5078 βίϐλοι,
3396 5005 3429 5077 ἢ
3463 5007 3496 5078 η
3529 5004 3634 5076 τῆς
3676 5019 3844 5076 τραγ-

1662 5187 1896 5243 V'ARIE
1935 5188 2318 5246 LECTIONES
2351 5188 2437 5242 El‘
2481 5185 2712 5242 NOTAE.

643 5333 752 5412 (8
787 5334 922 5412 Τὴν.
944 5337 1320 5394 Θουκυδίδου
1338 5410 1357 5412 (Α
1377 5339 1738 5412 σεμνότητα.
1771 5345 1968 5400 Suidas
1995 5361 2008 5398 :
2045 5347 2157 5400 Χα-

565 5405 842 5527 (ἇσκτῖὶξες
865 5405 1039 5474 λόγων
1083 5410 1420 5527 φραστικῶν,
1449 5405 1688 5496 δψηλδς,
1715 5417 1922 5486 ἰσχνὸς,
1951 5415 2114 5486 μέσος
2139 5434 2152 5449 ο

639 5473 697 5527 δὲ
770 5477 1052 5527 ουκυδίδτις
1099 5497 1128 5527 τ
1163 5496 1191 5527 ν
1240 5481 1445 5527 ὑψηλὸν
1482 5485 1753 5527 tintinant
1807 5486 1882 5527 οἰν-
1921 5487 2152 5527 erit/tamn.

643 5425 842 5528 κτηὲες
868 5425 1039 5474 Λογων
1083 5425 1420 5532 φςαστικων,
1464 5425 1688 5496 ὑψηλὸς,
1715 5425 1922 5486 ἰσχνὸς,
1951 5425 2114 5486 μέσος
2139 5434 2152 5449 ⁸

639 5473 697 5527 δὲ
731 5477 1070 5556 -ουικυδίδηςι
1099 5497 1128 5531 τ
1163 5481 1445 5556 νλῦψηλδν
1482 5485 1774 5555 ἐζήλωσεν,
1807 5486 1882 5556 ᾡς
1921 5487 2156 5556 πρόσφοο

563 5559 666 5628 ξρν
793 5548 973 5628 οἰκείᾳ
1002 5547 1526 5628 φρσει.ἓοίιιιιιηοει
1549 5547 1680 5610 illud
1703 5547 1771 5628 de
1806 5547 2154 5626 Tltucj'dide:

571 5617 746 5668 Semel
768 5619 882 5672 risit
903 5617 1164 5692 (cocum
1189 5621 1504 5692 Thucydide
1525 5635 1704 5677 autem
1733 5617 2150 5682 Demosthenem

519 5707 524 5712 ι
571 5689 1496 5766 tutoque‘cnnlertUlpianus'cum
1534 5693 1828 5766 alibi,rtum
1867 5696 1919 5748 in
1976 5697 2154 5766 prole-

577 5765 719 5832 E‘um.
753 5758 816 5832 ad
847 5758 1191 5832 Olynthium:
1225 5771 1279 5817 et
1305 5763 1647 5832 Philippicas.
1673 5758 1751 5820 Et
1777 5767 1902 5832 quid
1955 5758 2149 5820 mirum

570 5818 993 5882 Demosthenem
1049 5831 1217 5900 ipsius
1265 5818 1584 5902 gravitatem
1635 5818 2004 5904 esprc'ssissc,
2060 5837 2152 5904 qui

2255 5347 2426 5400 octies
2466 5359 2590 5398 cum
2635 5357 2732 5397 sua
2774 5357 2938 5395 manu
2987 5337 3384 5409 descripserit}
3415 5335 3546 5390 Vide
3576 5349 3626 5390 et
3663 5337 3843 5392 Deme.

2259 5407 3526 5488 (riuntlelergtttttH§p1_ép;tnre{ac.RITT.
3611 5477 3626 5488 .
3680 5477 3708 5488 _
3793 5474 3806 5488 ο

2329 5485 2442 5556 (8‘2)
2483 5483 2618 5539 Cod.
2659 5480 2822 5556 V_at.,
2868 5477 3144 5552 λειότητα,
3200 5480 3354 5535 Vers.
3396 5493 3514 5548 seq.
3563 5477 3749 5532 αὐτῶν
3793 5477 3840 5529 in

2255 5553 2653 5626 «instimulatL
2685 5553 2894 5606 Possm.
2949 5619 2975 5626 _
3042 5623 3055 5626 Α
3197 5619 3218 5626 _
3440 5619 3452 5626 .
3499 5618 3512 5626 .
3777 5615 3802 5626 -

2327 5621 2698 5747 (85inAt'm3r
2759 5619 3140 5690 σεσιτῆσθαι.
3197 5619 3328 5693 Leg.
3395 5618 3560 5676 αὑτὸν
3627 5618 3838 5682 σεσιτῆ-

2327 5713 2404 5747 αι.
2494 5709 2610 5747 ιττ.

2261 5695 2404 5748 σθαι.
2441 5695 2610 5748 Rm.

2333 5764 2448 5886 (:4)
2498 5763 2738 5888 ﬁcit-tae
2797 5763 3304 5832 ὑπερϐάλλεσθαι.
3353 5760 3532 5817 Malim

2333 5850 2354 5887 π
2391 5850 2468 5888 αι.
2561 5875 2574 5888 .

2257 5835 2468 5888 λέτθαι.
2499 5835 2574 5888 lo.

3609 5761 3637 5811 ὖ
3648 5754 3816 5828 mp":
3829 5779 3841 5790 -
