4084 6362
515 267 647 334 Μἰ9

1721 266 1781 326 S.
1817 265 2107 326 ISIDORi
2141 263 2580 326 PELUSIOT/E

2568 166 2603 195 ἱ

3654 270 3788 339 1160

508 371 970 432 inconsideratum
1000 386 1049 431 et
1075 376 1179 429 luci
1191 382 1592 444 rcumspectum
1615 375 1773 429 habet
1804 373 2088 444 judicium,

2204 375 2463 443 ’Ἄμεινον
2491 379 2598 445 γὰρ
2631 375 2686 427 ἐν
2708 376 2821 439 τοῖς
2848 375 3064 444 ἐναγέσι
3089 376 3157 429 τὰ
3183 376 3368 441 κακῶς
3385 378 3791 447 ἐπαγγελθέντα

507 480 567 520 ιιι
624 469 787 523 etiam
824 470 971 538 rcgni
1020 468 1251 523 mediam
1291 476 1501 536 partem
1559 465 1660 536 ipsi
1711 467 2093 537 promitteret:

508 573 614 612 non
656 560 932 628 cogitans,
972 559 1189 630 gravius
1216 573 1336 613 esse
1359 558 1594 627 justitia,
1620 572 1778 628 quam
1807 572 1970 626 regno
2001 572 2097 611 ex-

505 647 707 701 cidere.
766 649 993 715 Insuper
1052 649 1152 701 sub
1195 647 1382 717 liquidi
1424 643 1779 717 iurisiurandi
1827 655 2095 719 praetextu

506 752 696 791 umnes
745 738 969 807 pcrjurii
1010 738 1274 792 terminos
1303 740 1538 793 excedit.
1590 738 1819 793 Praestat
1853 739 1997 793 enim
2044 740 2097 794 in

509 829 596 895 iis,
626 846 747 899 qua:
779 831 985 884 habent
1007 831 1355 885 atrocitatem
1389 831 1671 895 facinoris,
1700 829 1836 883 male
1862 829 2098 895 promis-

511 937 572 977 sa
611 924 748 976 bene
799 924 1134 989 rescindere,
1163 939 1329 994 quam
1375 922 1514 977 male
1562 922 1735 976 videri
1783 929 2095 976 servantem

503 1028 626 1069 esse
654 1015 1041 1085 jurisjurandi.
1080 1014 1208 1069 Erat
1250 1023 1432 1069 autem
1471 1015 1572 1069 hoc
1614 1013 1785 1083 magis
1821 1014 2097 1067 vclamen-

505 1117 617 1158 tum
655 1109 927 1176 quoddam
989 1108 1202 1162 timoris
1248 1121 1357 1176 quo
1410 1114 1530 1158 crat
1576 1105 1921 1175 praepeditus.
1958 1104 2097 1158 Nam

503 1198 648 1251 sicut
711 1197 946 1252 famulus
1003 1198 1286 1265 improbus
1336 1196 1561 1251 herilem
1623 1196 2096 1264 reprehensionem

502 1296 778 1350 metuens,
816 1288 889 1341 ita
928 1289 1021 1343 hic
1057 1302 1273 1357 quoque
1304 1286 1605 1357 Baptistam
1656 1286 1952 1342 metuebat.
1986 1285 2096 1340 Ve-

512 1393 607 1432 rus
644 1379 789 1432 enim
818 1379 864 1433 is
890 1388 974 1433 est
1009 1377 1286 1443 dominus,
1320 1378 1412 1448 qui
1446 1378 1681 1434 ofﬁcium
1722 1380 1872 1445 facit,
1915 1394 2022 1434 non
2050 1379 2097 1434 is

501 1468 595 1535 qui
625 1484 924 1538 purpuram
973 1476 1175 1538 gestat,
1207 1477 1262 1522 et
1302 1483 1579 1522 armorum
1610 1469 1806 1523 robore
1837 1470 2098 1539 praeditus

502 1570 607 1613 est.
632 1559 771 1614 Cum
822 1560 986 1630 igitur
1015 1560 1194 1616 timori
1245 1575 1345 1615 suo
1376 1561 1533 1631 quasi
1584 1561 1857 1629 quoddam
1916 1560 2095 1616 velum

502 1652 840 1706 obtendisset
869 1651 1228 1720 iurisiurandi
1252 1652 1599 1724 religionem,
1637 1666 1855 1718 suaeque
1894 1651 2096 1722 impro-

2202 464 2349 518 λύειν
2381 465 2583 530 καλῶς,
2617 466 2650 536 ἢ
2684 466 2746 519 τὸ
2767 467 2944 520 δοκεῖν
2974 467 3223 536 εὐορκεῖν
3245 468 3548 539 κακῶς(5)’
3588 472 3791 541 μᾶλλον

2199 558 2256 611 δὲ
2281 558 2438 612 τοῦτο
2455 559 2653 629 σκῆψις
2677 554 2747 631 ἦν
2760 558 2855 611 τοῦ
2885 560 3076 628 φόϐου.
3106 562 3317 632 Ὥσπερ
3330 560 3441 633 γὰρ
3459 563 3676 634 οἰκέτης
3694 581 3790 617 που

2202 649 2366 720 νηρὸς
2394 649 2583 707 δεδιὼς
2605 650 2699 703 τὸν
2726 651 3047 704 δεσποτικὸν
3079 652 3321 724 ἔλεγχον,
3344 652 3612 707 οὕτωκαὶ
3637 650 3792 718 οὗτος

2201 736 2458 791 ἐδεδοίκει
2515 738 2608 793 τὸν
2644 740 2984 812 Βαπτιστήν.
3026 741 3258 814 Ἀληθὴς
3287 743 3397 813 γὰρ
3443 744 3733 814 δεσπότης,
3763 748 3793 800 ό

2200 826 2267 881 τὰ
2297 828 2484 884 δέοντα
2525 830 2781 903 πράττων
2835 849 2895 885 τε
2930 832 3027 885 καὶ
3066 835 3444 904 προστάττων,
3476 836 3575 907 οὐχ
3621 838 3652 889 ὁ
3692 838 3790 906 τὴν

2201 919 2498 993 ἁλουργίδα
2538 922 2944 994 περικείμενος,
2976 924 3069 977 καί⁸
3103 924 3210 978 τῶν
3253 926 3435 980 ὃπλων
3484 928 3544 980 τὸ
3588 928 3794 998 κράτος

2198 1010 2360 1080 ἔχων.
2400 1012 2818 1084 Παραπέτασμα
2850 1010 2950 1069 οὖν
2991 1015 3087 1071 τοῦ
3132 1016 3298 1086 φόϐου
3327 1017 3420 1071 τὸν
3453 1017 3617 1089 ὅρκον
3664 1036 3791 1091 προ-

2201 1103 2551 1174 ϐαλλόμενος,
2603 1107 2699 1159 καὶ
2735 1108 3076 1178 ἐπιτειχίσας
3129 1112 3195 1180 τῇ
3248 1110 3573 1182 προαιρέσει
3605 1112 3700 1164 τὸν
3727 1113 3797 1166 ἐκ

2198 1192 2294 1246 τοῦ
2323 1192 2500 1247 δοκεῖν
2527 1197 2806 1266 ἐπιορκεῖν
2834 1197 3100 1265 κίνδυνον,
3129 1200 3225 1251 ἐπὶ
3268 1200 3363 1255 τὸν
3413 1202 3573 1269 φόνον
3599 1199 3796 1275 ῶρμη-

2201 1301 2314 1337 σεν.
2358 1285 2494 1338 Οὐδὲ
2544 1288 2653 1357 γὰρ
2681 1289 2872 1360 σχῆμα
2914 1289 3292 1362 δικαστηρίου,
3346 1286 3437 1345 οἷα
3478 1293 3666 1347 πολλοὶ
3692 1311 3797 1347 πε-

2201 1376 2484 1445 ποιήκασι,
2538 1376 2874 1447 προύθηκεν,
2938 1377 3061 1441 οὐδὲ
3115 1379 3458 1450 κατηγόρους
3533 1380 3789 1451 ἔστησεν,

2194 1466 2318 1519 οὐδὲ
2353 1466 2639 1540 μάρτυρας
2693 1469 3059 1540 ἐμισθώσατο·
3093 1470 3211 1544 ᾔδει
3257 1471 3369 1543 γὰρ
3412 1471 3658 1536 κολάζων
3691 1475 3794 1528 οὐκ

2200 1557 2513 1622 ἀδικοῦντα,
2555 1559 2671 1614 ἀλλ’
2701 1559 2916 1615 ἀδικίαν
2989 1560 3394 1631 στηλιτεύοντα.
3456 1560 3599 1614 Ἀλλ’
3637 1564 3667 1616 ὁ
3694 1562 3792 1634 μὲν

2194 1649 2275 1713 ὡς
2311 1650 2538 1723 κρύψων
2582 1650 2676 1704 τὸν
2730 1651 2973 1722 ἔλεγχον,
3022 1651 3265 1724 ἀκρίτως
3306 1651 3371 1706 τὸ
3428 1653 3560 1721 ἄγος
3590 1654 3793 1725 είργά·

504 1742 588 1798 ba:
631 1744 895 1799 voluntati
949 1745 1353 1814 przestruxisset
1402 1744 1703 1814 periculum
1731 1745 1875 1814 quod
1920 1759 1985 1799 ex
2028 1758 2088 1797 eo

2193 1758 2349 1795 σατο.
2422 1743 2482 1796 'O
2530 1742 2589 1796 δέ
2634 1743 2737 1797 οὐκ
2796 1743 3106 1817 ἐσιωπήθη,
3178 1744 3322 1799 ἀλλὰ
3388 1744 3793 1819 λαμπροτέρως

502 1836 869 1904 impenderet,
904 1836 949 1889 si
978 1835 1278 1905 perjurium
1310 1835 1653 1890 committere
1692 1835 1991 1901 videretur,
2028 1834 2095 1890 ad

480 1930 702 1999 (caedem
734 1929 1023 1997 processit.
1052 1923 1243 1996 Neque
1276 1927 1425 1981 enim
1457 1925 1687 1996 figuram
1719 1940 1785 1980 ac
1807 1928 2093 1995 strepitum

499 2019 716 2089 judicii,
750 2020 896 2075 sicut
928 2033 959 2074 ο
994 2019 1180 2075 multis
1206 2020 1287 2087 (in
1316 2031 1484 2073 causa
1516 2016 1705 2088 simili)
1738 2015 1943 2073 factum
1986 2027 2093 2082 est,

507 2112 832 2182 proposuit;
895 2126 1076 2182 neque
1129 2117 1484 2166 accusatores
1532 2109 1852 2175 constituit;
1917 2123 2094 2179 neque

506 2212 675 2258 testes
736 2203 991 2258 mercede
1044 2202 1327 2268 conduxit,
1374 2211 1469 2257 aut
1529 2202 1869 2257 subornavit.
1922 2198 2095 2255 Norat

498 2295 643 2351 enim
698 2308 757 2348 se
786 2309 893 2349 non
916 2308 1039 2349 eum
1077 2293 1351 2348 hominem
1393 2291 1588 2362 punire
1619 2292 1713 2361 qui
1743 2291 1929 2361 inique
1961 2306 2091 2360 age-

503 2396 609 2452 ret;
642 2388 735 2441 sed
777 2389 868 2456 qui
909 2386 1236 2457 injustitiam
1286 2387 1674 2441 insectaretur.
1708 2386 1781 2439 At
1825 2388 1939 2456 ipse
1972 2386 2095 2456 qui-

501 2478 622 2535 dem
655 2493 721 2532 eo
746 2479 875 2546 line,
902 2488 963 2533 ut
1001 2478 1482 2548 reprehensionem
1533 2477 1858 2543 occultaret,
1892 2478 2094 2547 impro-

500 2569 624 2625 vide
670 2580 724 2625 et
782 2572 991 2642 absque
1032 2570 1242 2640 judicio
1281 2570 1465 2626 scelus
1518 2570 1649 2626 illud
1703 2572 2083 2642 perpetravit:

497 2661 736 2727 Joannes
767 2675 952 2720 autem
1003 2680 1109 2720 non
1138 2666 1328 2730 tacuit,
1366 2664 1460 2719 sed
1493 2664 1699 2719 clarius
1734 2664 1908 2720 multo
1943 2679 2087 2735 prae-

498 2760 666 2816 dicat.
697 2759 834 2815 Nam
876 2761 1166 2830 hodieque,
1196 2777 1296 2833 per
1324 2776 1540 2817 omnem
1572 2770 1845 2815 terrarum
1873 2760 2086 2829 orbem,

495 2851 805 2921 ubicunque
852 2851 933 2907 sol
974 2852 1270 2922 splendet,
1309 2853 1553 2909 clamat:
1591 2871 1610 2905 ι
1651 2850 1771 2907 Non
1820 2852 1947 2908 licet
1989 2854 2085 2909 tibi

496 2942 701 2998 habere
722 2957 954 2999 uxorem
997 2941 1232 3015 Philippi
1285 2943 1473 3000 fratris
1508 2944 1581 2997 tui
1605 2942 1675 2998 ".
1717 2962 1737 2998 ι
1770 2943 1906 3010 Quia
1958 2960 2087 3000 vero

499 3049 723 3088 causam
777 3036 932 3104 cupis
988 3051 1322 3107 cognoscere
1368 3035 1676 3106 (multiplex
1737 3045 1922 3092 autem
1961 3051 2085 3092 esse

500 3125 866 3198 perhibetur).
899 3126 1004 3181 Alii
1043 3127 1264 3195 quidem
1294 3141 1419 3182 eum
1463 3126 1614 3180 aiunt
1644 3125 1961 3195 profanasse
2002 3127 2072 3183 le.

498 3233 623 3287 gem
666 3218 853 3274 Mosis.
884 3220 1019 3273 Cum
1052 3219 1202 3274 enim
1226 3218 1397 3277 frater
1425 3232 1558 3274 suus
1588 3233 1777 3274 semen
1806 3218 1946 3289 (sive
1990 3233 2083 3274 so-

495 3308 702 3382 bolem)
745 3311 1019 3375 haberet,
1075 3311 1360 3382 conjugem
1409 3309 1528 3379 ejus
1572 3311 1730 3365 duxit
1756 3328 1775 3365 ι
1805 3311 1952 3381 quod
2000 3312 2084 3366 fas

495 3414 606 3456 non
653 3412 795 3457 erat.
833 3401 970 3457 Nam
1006 3403 1050 3458 si
1099 3403 1274 3457 frater
1326 3402 1450 3459 sine
1495 3402 1685 3460 liberis
1735 3402 2081 3467 decessisset,

493 3493 846 3562 permittebat
876 3494 960 3549 lex
1000 3493 1155 3550 fratri
1199 3494 1322 3565 ejus
1365 3508 1596 3549 uxorem
1631 3493 1855 3558 ducere,
1901 3492 2082 3563 quoad

496 3598 683 3640 semen
732 3586 1062 3642 suscitasset
1094 3586 1356 3642 defuncto
1385 3586 1432 3618 "
1462 3603 1476 3640 :
1507 3601 1633 3642 cum
1656 3585 1868 3641 orbitas
1909 3585 2083 3640 maxi-

499 3691 648 3733 mum
702 3677 907 3733 malum
969 3692 1098 3734 esse
1144 3680 1465 3748 duceretur,
1524 3689 1718 3751 utpote
1765 3693 1867 3747 per
1917 3692 2080 3748 quam

491 3767 754 3822 memoria
806 3768 1190 3826 defunctorum
1244 3771 1464 3841 penitus
1525 3769 1862 3825 aboleretur.
1935 3766 2082 3833 Quo-

491 3859 652 3913 modo
722 3867 905 3914 autem
980 3860 1146 3916 etiam
1221 3862 1332 3917 filia
1365 3863 1613 3933 genitore
1673 3876 1774 3917 suo
1839 3859 2077 3927 relicto,

491 3960 549 4005 et
613 3964 740 4006 cum
802 3952 1052 4008 adultero
1100 3965 1155 4009 et
1211 3955 1458 4011 adultera
1515 3954 1783 4020 vivebat,
1847 3962 1904 4009 et
1963 3969 2081 4009 ser-

491 4058 709 4099 monem
774 4043 843 4099 de
904 4055 1061 4117 patre
1129 4047 1424 4103 conlictnm
1483 4046 1678 4105 tollere
1750 4048 2081 4117 satagebat?

486 4134 651 4207 ωε
690 4135 1030 4192 Concedatur
1050 4138 1391 4209 enim,quod
1429 4147 1603 4192 mater
1659 4137 1942 4211 (adulteri)
1977 4138 2073 4193 de-

2206 1834 2563 1906 κηρύσσεται.
2597 1836 2756 1891 Κατὰ
2782 1838 2962 1891 πᾶσαν
2985 1837 3096 1907 γάρ
3123 1837 3222 1910 τὴν
3251 1837 3342 1906 ὑφ’
3382 1838 3534 1909 ἥλιον
3573 1838 3657 1892 ἐτι
3697 1840 3793 1893 καὶ

2197 1923 2292 1977 νῦν
2346 1923 2480 1997 βοᾷ’
2527 1946 2546 1979 ι
2612 1928 2729 1981 Οὐκ
2793 1928 2989 1998 ⁸ἔξεστί
3047 1946 3131 1989 σοι
3188 1928 3338 2000 ἔχειν
3383 1929 3483 2001 τὴν
3553 1934 3791 1999 γυναῖκα

2195 2017 2465 2073 Φιλίππου
2490 2017 2588 2073 τοῦ
2625 2018 2857 2089 ἀδελφοῦ
2903 2037 3022 2075 σου.
3060 2038 3080 2072 ι
3125 2020 3346 2091 Ἐπειδὴ
3380 2022 3439 2075 δὲ
3472 2021 3571 2093 τὴν
3610 2023 3790 2079 αἰτίαν

2196 2111 2403 2175 ἐθέλεις
2434 2111 2627 2183 μαθεῖν
2682 2112 3045 2185 (πολύτροπος
3079 2112 3138 2166 δέ
3161 2108 3302 2167 εἶναι
3340 2113 3606 2185 λέγεται),
3629 2113 3790 2186 δῆλον

2193 2202 2278 2256 ὅτι
2308 2203 2359 2254 οἱ
2390 2203 2491 2273 μὲν
2522 2203 2614 2257 τὸν
2643 2203 2889 2267 Μωσέως
2914 2206 3047 2273 φασὶ
3083 2203 3454 2275 βεϐηλωκέναι
3487 2204 3564 2276 (6)
3599 2204 3786 2275 νόμον.

2199 2295 2460 2367 Ἐχοντος
2497 2297 2607 2367 γὰρ
2670 2297 2765 2351 τοῦ
2803 2296 3035 2367 ἀδελφοῦ
3079 2295 3246 2351 αὐτοῦ
3285 2295 3532 2369 σπέρμα,
3558 2296 3660 2367 τὴν
3692 2314 3790 2365 γυο

2196 2388 2362 2442 ναῖκα
2403 2388 2568 2441 αὑτοῦ
2627 2388 2889 2460 ἠγάγετο,
2952 2389 3090 2459 ὅπερ
3139 2388 3241 2441 οὐκ
3303 2386 3455 2458 ἐξῆν.
3531 2388 3787 2442 Ἀτέκνου

2193 2480 2302 2553 γὰρ
2323 2480 2498 2545 ὄντος,
2527 2480 2828 2551 ἐπέτρεψεν
2860 2482 2888 2534 ὁ
2922 2480 3088 2551 νόμος
3109 2478 3318 2548 λαϐεῖν,
3360 2480 3467 2544 ¹ε-Ξωις
3490 2480 3787 2552 ἀναστήσει

2195 2573 2417 2644 σπέρμα
2458 2572 2538 2645 τῷ
2595 2573 3038 2643 τετελευτηκότι·
3074 2572 3264 2644 ἐπειδὴ
3309 2572 3419 2642 γὰρ
3472 2573 3506 2643 ἡ
3561 2571 3787 2635 ἀτεκνία

2195 2662 2452 2734 μέγιστον
2480 2663 2647 2717 κακὸν
2691 2659 2832 2717 εἶναι
2867 2662 3172 2734 ἐνομίζετο,
3206 2661 3280 2727 ὡς
3315 2661 3595 2725 παντελῶς
3628 2662 3784 2716 σϐεν-

2190 2753 2433 2825 νυμένης
2462 2753 2563 2822 τῆς
2598 2754 2820 2825 μνήμης
2847 2753 2956 2809 τῶν
2995 2751 3340 2809 τεθνεώτων.
3386 2753 3511 2819 Πῶς
3539 2754 3596 2810 δέ
3625 2754 3721 2808 καὶ
3749 2754 3783 2825 ἡ

2191 2844 2438 2918 θυγάτηρ
2495 2844 2590 2900 τὸν
2653 2847 2957 2919 γεννήτορα
3030 2848 3256 2916 ἀφεῖσα,
3310 2848 3406 2902 καὶ
3469 2845 3547 2917 τῷ
3607 2846 3781 2920 μοιχῷ

2189 2937 2285 2991 καὶ
2324 2940 2390 3009 τῇ
2468 2938 2740 3010 μοιχαλίδι
2809 2940 2999 3010 συνῆν,
3050 2939 3143 2993 καὶ
3185 2939 3277 2993 τὸν
3354 2940 3498 3012 ὑπὲρ
3555 2939 3649 2993 τοῦ
3697 2956 3780 2994 τε·

2189 3030 2377 3094 κὸντος
2410 3031 2569 3100 λόγον
2624 3032 2999 3104 πεποιημένον
3055 3032 3266 3086 ἀνελεῖν
3332 3032 3636 3098 ἐσπούδαζε
3665 3034 3778 3105 (7);

2187 3122 2433 3177 Δεδόσθω
2462 3124 2592 3192 γὰρ,
2639 3124 2716 3189 ὡς
2747 3124 2825 3196 (8)
2867 3125 3049 3197 μήτηρ
3081 3123 3160 3195 τῷ
3193 3124 3346 3192 πόθῳ
3373 3124 3573 3196 ἐμέθυε
3606 3140 3620 3154 ⁸
3663 3124 3781 3189 πῶς

2190 3217 2284 3270 καὶ
2318 3217 2351 3287 ἡ
2386 3217 2635 3289 θυγάτηρ
2680 3218 3162 3287 συγκατεσκεύαζε
3206 3217 3265 3272 τὸ
3309 3218 3535 3289 δρᾶμα;
3567 3219 3632 3273 Οί
3683 3219 3773 3283 δὲ,

2189 3298 2265 3365 ὧν
2296 3306 2416 3361 ἐστι
2470 3308 2568 3361 καὶ
2614 3306 2922 3379 Ἰώσηπος,
2974 3308 3226 3377 λέγουσιν
3264 3309 3371 3372 ὅτι,
3430 3308 3636 3373 ζῶντος
3683 3309 3779 3367 τοῦ

2187 3396 2410 3469 ἀνδρὸς,
2440 3400 2536 3453 καὶ
2577 3398 2872 3470 θυγάτριον
2914 3398 3131 3470 ἔχοντος
3150 3437 3166 3464 ,
3195 3398 3323 3471 ἔσχε
3353 3400 3454 3469 τὴν
3506 3402 3775 3470 γυναῖκα·

2185 3490 2333 3561 λέγει
2357 3490 2488 3559 γοῦν
2514 3493 2542 3545 ὁ
2579 3490 2862 3563 Ἰώσηπος,
2894 3493 2954 3546 ἐν
2977 3491 3044 3561 τῇ
3071 3490 3519 3564 ὀκτωκαιδεκάτῃ
3538 3492 3778 3564 ἱστορίᾳ,

2184 3584 2267 3641 ὅτι
2289 3583 2430 3654 μετά
2453 3581 2720 3655 Σαλώμης
2741 3582 2905 3653 γονὰς
2937 3582 3210 3654 Ἡρωδιὰς
3239 3583 3334 3636 ἐπὶ
3363 3583 3626 3655 συγχύσει
3648 3602 3781 3656 φρο-

2190 3675 2407 3747 νήσασα
2435 3674 2546 3728 τῶν
2579 3674 2843 3746 πατρίων,
2886 3672 3103 3746 Ἡρώδη
3134 3677 3396 3746 γαμεῖται
3420 3718 3435 3743 ,
3468 3676 3547 3747 τῷ
3569 3678 3778 3749 ὁμοπα-

2189 3765 2327 3840 τρίῳ
2352 3765 2568 3837 ἀδελφῷ
2602 3765 3049 3830 διαστασιάζοντι
3080 3759 3124 3835 ᾧ
3153 3767 3471 3836 ἀπαντῆσαί
3498 3785 3583 3832 τις
3614 3769 3776 3823 δύνα·

2187 3874 2299 3920 ται,
2339 3855 2513 3926 λέγων
2535 3874 2547 3887 ·
2585 3856 2707 3920 Πῶς
2741 3851 2834 3915 οὖν
2873 3854 2972 3925 οὐχ
2999 3855 3076 3920 ὡς
3107 3855 3303 3927 μοιχῷ,
3344 3856 3459 3911 ἀλλ’
3493 3858 3568 3922 ὡς
3594 3875 3777 3930 παρα-

2182 3948 2365 4018 νόμως
2408 3949 2649 4019 γήμαντι
2682 3947 2928 4002 ἐνεκάλει
2974 3948 3004 4000 ὁ
3049 3948 3344 4020 Ἰωάννης;
3386 3950 3532 4021 Πρὸς
3576 3950 3636 4006 ὃν
3690 3968 3779 4017 τις

2180 4039 2405 4100 δύναται
2433 4040 2744 4111 ἀπαντῆσαι
2779 4040 3152 4108 λέγων”ῐσως
3176 4040 3265 4095 διὰ
3298 4041 3505 4111 βιϐλίον
3532 4044 3774 4103 ἀποστα-

2183 4131 2300 4184 σίου
2330 4126 2401 4203 ἦν
2429 4132 2737 4186 ἀποστᾶσα.
2782 4132 2944 4187 Ἀλλὰ
2968 4132 3063 4185 καὶ
3085 4133 3249 4188 πάλιν
3278 4134 3605 4207 ἀπαντήσειε
3647 4136 3772 4200 Πῶς

2180 4217 2273 4277 οὖν
2311 4223 2371 4277 τὸ
2406 4223 2512 4277 ὑπὸ
2550 4222 2647 4278 τοῦ
2693 4223 2859 4296 νόμου
2894 4226 3411 4300 συγκεχωρημένον,
3448 4229 3770 4299 παράνομον

2180 4314 2338 4368 καλεῖ
2372 4313 2447 4386 (9)
2492 4316 2521 4369 ὁ
2562 4314 2852 4387 Ἰωάννηςς
2891 4317 3115 4372 Οὐδέπω
3143 4316 3252 4390 γὰρ
3294 4313 3364 4388 ἦν
3393 4321 3423 4373 ό
3459 4318 3553 4375 τοῦ
3594 4321 3767 4388 Εὐαγ-

486 4228 688 4282 siderio
738 4228 1147 4299 cupiditateque
1217 4229 1370 4283 ebria
1447 4229 1610 4282 fuerit
1662 4245 1676 4281 :
1747 4242 1855 4297 quo
1917 4239 2077 4300 pacto

486 4316 653 4373 etiam
681 4319 786 4374 lilia
837 4321 1053 4376 facinus
1087 4320 1340 4390 adjuvit?
1398 4319 1505 4376 Alii
1539 4330 1719 4376 autem
1753 4320 2008 4393 (quorum
2042 4336 2073 4375 e

486 4424 715 4466 numero
746 4411 1014 4482 .losephus
1044 4426 1261 4482 quoque
1329 4410 1432 4478 est)
1479 4412 1687 4477 dicunt,
1756 4414 1901 4484 quod
1948 4412 2071 4466 vivo

2193 4404 2359 4477 τελείου
2405 4405 2653 4477 χρησμὸς
2685 4406 2861 4471 δοθεὶς
2888 4448 2904 4474 ,
2947 4409 2977 4461 ό
3018 4408 3115 4481 τὴν
3162 4409 3419 4481 τοιαύτην
3470 4411 3767 4481 συνάφειαν

486 4501 650 4556 etiam
719 4503 857 4569 viro,
925 4514 980 4560 et
1034 4504 1202 4560 ﬁliam
1276 4504 1532 4572 habente,
1582 4504 1823 4562 Herodes
1850 4521 2073 4561 uxorem

2193 4499 2434 4570 μοιχείαν
2462 4498 2802 4569 ἀποφαίνων.
2831 4502 2894 4554 Οί
2927 4501 2985 4554 δέ
3020 4518 3209 4571 φασιν,
3254 4504 3339 4557 ὅτι
3378 4503 3646 4572 φονεύσας
3676 4502 3767 4557 τὸν

490 4590 610 4658 eius
652 4593 925 4649 habuerit.
959 4594 1049 4649 Ait
1112 4594 1278 4662 igitur
1316 4593 1588 4665 Josepbus
1628 4605 1822 4650 octavo
1862 4595 2076 4650 decimo

2193 4592 2412 4661 ἀδελφὺν
2458 4592 2527 4647 δι’
2575 4593 2876 4665 ἐπιθυμίαν
2908 4598 3007 4667 τῆς
3044 4594 3351 4666 βασιλείας,
3396 4599 3490 4661 καὶ
3531 4596 3628 4669 τὴν
3664 4614 3766 4663 Tu.-

489 4679 737 4737 historite
764 4699 877 4738 suae
910 4684 1074 4752 libro,
1108 4686 1253 4757 quod
1281 4693 1406 4756 post
1431 4686 1630 4742 editam
1682 4684 1939 4741 Salomon
1967 4684 2075 4741 lle—

2193 4688 2346 4740 ναῖκα
2399 4686 2544 4761 (ἦρα
2582 4686 2691 4760 γὰρ
2739 4689 2909 4760 αὐτῆς
2956 4688 3022 4742 ἐκ
3056 4686 3294 4759 πολλοῦ)
3327 4688 3720 4760 προσαφείλετο
3748 4705 3765 4735 9

556 4859 604 4891 '°
636 4860 803 4913 Mure.
836 4878 906 4925 \l,
942 4866 1025 4916 l8.
1103 4866 1145 4896 '”
1183 4866 1336 4919 Deut.
1376 4883 1499 4932 xxv,
1529 4867 1584 4919 3.

1576 5012 1809 5068 VARIZE
1852 5014 2229 5072 LECTIONES
2285 5016 2369 5071 ET
2410 5019 2637 5075 507.53.

558 5170 635 5241 (5)
668 5170 834 5248 Multa
861 5168 1221 5248 SS.__Patrum
1247 5174 1409 5248 _dicta
1450 5175 1511 5248 in,
1554 5177 2061 5248 hancgsentcntiam

2229 5181 2323 5248 (t5)
2372 5176 2473 5248 P_ro
2530 5174 2900 5244 βεῦηλωκεναι
2942 5175 3066 5228 cod.
3120 5172 3238 5228 Vat.
3266 5173 3394 5245 legit
3444 5172 3762 5244 παραϐεϐη-

485 5240 707 5317 exstant
736 5240 840 5317 :_iu
884 5241 1039 5295 malis
1088 5243 1391 5317 promissis,
1444 5246 1659 5317 etiamsi
1706 5246 2063 5317 jurejurando
2173 5240 2351 5301 κέναι.
2390 5240 2603 5303 Possm.

488 5312 679 5387 vallata
721 5312 846 5375 sint,
875 5320 1131 5387 praistare
1170 5313 1351 5387 lidem_
1379 5311 1723 5387 rescindere;
1767 5311 1927 5385 quam
1965 5320 2065 5371 im-

2247 5318 2324 5387 (7)
2358 5317 2499 5371 Idem
2530 5311 2830 5387 ἐσπούδαζε
2874 5323 3046 5367 mutat
3069 5314 3120 5370 in
3153 5313 3475 5387 ἐσπούδασε.
3509 5313 3581 5369 lo.

416 5425 420 5431 .
485 5385 654 5459 plere,
697 5396 880 5459 neque
915 5382 1029 5459 hoc
1070 5396 1189 5434 esse
1237 5383 1553 5459 periurium.
1621 5386 1752 5459 Villa
1786 5382 2062 5451 'Amsiuzu,

2247 5382 2322 5459 (8)
2355 5388 2497 5442 Idem
2528 5387 2731 5459 otiuittit
2772 5385 2848 5459 ὡς
2883 5394 2999 5452 post
3045 5387 3175 5455 γάρ.
3229 5383 3382 5459 vers.
3422 5405 3449 5459 _i
3472 5395 3647 5459 estea
3679 5399 3763 5459 se.-

484 5448 866 5526 Angustinunt,
915 5448 1179 5526 lsidorum
1237 5451 1624 5526 llifpalensem,
1676 5455 1895 5522 Bcdam,
1932 5448 2062 5521 cm,

2193 5448 2356 5518 dimi),
2397 5472 2493 5524 pro
2523 5448 2958 5518 διαστασιάζοντι
2994 5448 3176 5519 habet,
3210 5454 3304 5508 τοῦ
3350 5453 3539 5526 ἀνδρὸς
3589 5454 3758 5522 αὐτῆς

484 5520 690 5596 relatos
714 5520 1359 5596 a_Gratianocausa22f,
1391 5535 1582 5592 quaest.
1630 5527 1685 5590 4,
1727 5528 1778 5579 in
1825 5520 1891 5580 ur
1922 5520 2060 5596 part.

2193 5520 2661 5596 ιιαστασὶάζοντος.

486 5592 709 5665 Dccrcti.
741 5591 808 5665 Et
836 5591 1110 5665 rati_o_est,
1148 5591 1702 5665 quia_jusjurandum
1748 5612 1851 5650 non
1905 5591 2061 5651 debet
2245 5597 2320 5661 t9)
2352 5595 2782 5649 Pruxalaiidcm
2812 5596 2932 5646 rod.
2967 5596 3117 5665 ponit
3144 5593 3352 5659 ἐκάλει,
3386 5604 3440 5648 et
3472 5610 3611 5649 vers.
3632 5608 3752 5659 seq.

483 5676 606 5718 esse
635 5659 902 5716 vinculum
931 5659 1249 5729 iniquitatis.
1287 5659 1456 5717 um.

2193 5659 2436 5727 ἱιαδοϐεὶς
2468 5683 2565 5734 pro
2595 5665 2787 5727 δοΟείς.
2825 5665 2900 5717 lo.
2968 5659 2978 5665 ’
3722 5668 3727 5673 ’
