4084 6364
359 294 493 363 1161

1219 289 1775 370 ,ΕΡῙΞΤΟΙαΑΡιΠΜ
1822 290 1964 350 LIB.
2010 289 2107 351 IV.
2143 287 2221 325 ³-
2260 288 2759 353 EPIST.XCVII.

3466 285 3605 353 11θῖ

349 405 436 476 οἷς
459 407 727 480 εὐτρεπὴς
749 407 778 460 6
805 405 1024 476 ἐλεγχος
1057 403 1516 476 προόεὸλὴσεται·
1540 403 1664 465 Πῶς
1693 401 1807 470 (Illi
1840 396 1934 453 οὖν

2042 402 2222 456 rodias
2256 402 2511 455 meditata
2541 400 2918 457 confusionem
2956 398 3098 469 juris
3126 403 3336 471 paterni
3366 413 3609 477 nupserit

346 504 444 557 τὸν
479 501 639 570 φόνον
664 498 816 569 αὐτῷ
844 500 944 552 οὐκ
982 497 1261 550 ὠνείδισεν
1286 499 1314 549 6
1345 494 1658 564 Βαπτιστής
1683 511 1697 559 ;
1729 491 1932 545 Τοσοῦ-

348 609 446 647 τον
474 592 582 660 γὰρ
619 587 999 660 χαλεπώτερον
1037 583 1177 642 εἶναι
1213 588 1380 650 δοκεῖ,
1415 587 1526 656 ὅσῳ
1561 585 1657 638 καὶ
1691 583 1918 652 ἀδελφο-

349 683 544 736 κτονία
583 682 744 750 φόνου
776 678 1127 749 ὲναγεστέρα.
1161 677 1284 731 Εἴτε
1322 672 1414 730 οὖν
1441 675 1538 746 τὴν
1574 673 1816 745 πρώτην,
1859 672 1936 735 ὡς

349 771 530 840 ἔγωγε
557 767 732 841 οἶμαι,
774 768 886 823 εἴτε
915 769 1015 840 τὴν
1044 768 1322 839 δευτέραν,
1375 764 1487 818 εἴτε
1511 763 1608 835 τὴν
1632 764 1824 834 τρίτην
1852 762 1936 815 ai-

347 864 474 917 τίαν
513 858 658 932 εἶχεν
701 863 730 916 6
771 860 1013 930 ἔλεγχος,
1051 861 1080 912 6
1127 858 1371 929 ἀνδρεῖος
1403 856 1499 910 καὶ
1532 856 1781 924 γενναῖος
1822 852 1933 924 (Il)

350 957 448 1007 καὶ
492 951 716 1021 ἐλέγξας
762 951 857 1006 καὶ
905 949 1216 1015 ἀποθανὼν,
1263 949 1340 1012 ὡς
1383 950 1496 1012 τοῖς
1543 945 1709 1009 θείοις
1749 945 1934 1014 νόμοις

350 1042 736 1112 συνηγορήσας
758 1082 772 1106 ,
819 1039 1048 1110 ᾀδέσθω.
1080 1040 1142 1092 El
1174 1039 1231 1092 δέ
1263 1055 1348 1102 τις
1399 1037 1535 1106 φαίη
1563 1053 1578 1065 ·
1611 1034 1712 1088 Διά
1743 1035 1796 1087 τί
1843 1031 1934 1086 οὖν

350 1134 708 1205 συνεχωρήθη
732 1133 890 1186 τοῦτο
921 1132 1150 1199 παθεῖνς
1187 1133 1426 1203 φήσαιμι
1445 1171 1459 1193 .
1514 1130 1594 1182 ὅτι
1645 1127 1806 1190 αὐτὸς
1835 1126 1934 1196 μὲν

349 1225 558 1296 ἐϐλάϐη
608 1225 780 1280 οὐδέν.
823 1223 884 1278 Εἰ
927 1224 1034 1295 γὰρ
1074 1223 1294 1285 πάντως
1336 1221 1441 1292 χρὴ
1498 1220 1591 1272 τὸν
1631 1218 1743 1288 βίον
1782 1217 1931 1282 ἐξελ-

351 1317 468 1369 θεῖν
498 1316 612 1386 (12)
643 1357 659 1380 ,
687 1317 714 1368 ὁ
744 1316 1011 1386 λαμπρῶς
1041 1312 1254 1379 διεξιὼν
1297 1313 1432 1380 (15),
1470 1308 1936 1382 μακαριστότερος

351 1407 420 1461 ἂν
455 1409 563 1478 εἴη.
599 1406 814 1460 Ἔπειθ’
844 1409 924 1460 ὅτι
957 1409 989 1476 ή
1024 1405 1144 1460 θεία
1179 1404 1290 1474 (14)
1335 1403 1580 1456 ἐνδίδωσι
1611 1404 1724 1464 τοῖς
1749 1400 1932 1470 πλημ-

353 1497 582 1568 μελοῦσι
619 1497 809 1568 καιρὸν
857 1497 1163 1566 μετανοίας.
1205 1496 1264 1548 Εἰ
1297 1494 1355 1548 δὲ
1405 1493 1527 1564 μηδ’
1558 1491 1733 1554 οὕτως
1770 1507 1934 1561 μετα·

350 1591 628 1659 νοήσαιεν,
661 1590 1046 1661 χαλεπωτέρας
1075 1589 1214 1659 ὁριεῖ
1232 1588 1328 1650 τὰς
1353 1585 1624 1655 τιμωρίας
1646 1600 1660 1614 ο
1686 1582 1931 1652 καὶγὰρ,

356 1680 435 1745 ὥς
475 1681 606 1751 φασί
633 1697 799 1745 τινες,
835 1681 868 1750 ή
895 1678 1059 1732 κακία
1086 1679 1142 1731 ἐν
1177 1677 1367 1748 κόσμῳ
1401 1675 1760 1745 βασιλεύουσα
1789 1675 1936 1728 ἀντι-

2041 490 2262 553 Ilerodi,
2295 492 2538 560 quicum
2584 492 2753 548 fratre
2803 492 3054 546 eumdem
3102 503 3313 562 patrem
3372 496 3606 556 habente

2039 581 2352 635 inimicitias
2375 583 2572 637 alebat.
2597 577 2693 638 Cui
2724 584 2845 652 quis
2867 598 3157 640 occurrere
3179 596 3376 654 potest,
3401 590 3607 647 dicens:

2037 674 2316 740 Quomodo
2368 673 2608 730 Joannes
2657 691 2764 731 non
2828 686 3082 748 tanquam
3131 680 3460 749 adulterum,
3511 688 3606 740 sed

2040 773 2296 834 tanquam
2321 780 2442 818 eum
2467 766 2558 834 qui
2595 775 2783 820 contra
2813 766 2982 834 legem
3005 767 3274 835 duxisset,
3301 773 3610 829 accusavit?

2036 855 2137 910 Cui
2163 872 2226 909 cx
2261 855 2428 909 altera
2455 865 2608 925 parte
2638 867 2820 928 potest
2845 858 2970 927 quis
3006 862 3356 930 reSpondere,
3388 863 3606 920 dicens:

2038 945 2294 1002 Fortasse
2320 962 2414 1015 per
2443 947 2682 1002 libellum
2715 949 2922 1018 repudii
2959 964 2988 1002 a
3019 951 3213 1005 marito
3258 952 3606 1011 discesserat.

2039 1037 2147 1093 Sed
2166 1048 2220 1093 et
2251 1038 2338 1092 hic
2367 1040 2484 1093 vice
2513 1053 2671 1093 versa
2711 1050 2966 1095 occurret
3029 1041 3330 1112 quispiam:
3364 1042 3608 1109 Quanam

2037 1129 2203 1199 igitur
2233 1129 2446 1184 ratione
2468 1131 2520 1184 id
2551 1131 2694 1200 quod
2715 1147 2744 1185 a
2776 1131 2892 1202 lege
2927 1147 3244 1188 concessum
3275 1145 3416 1202 erat,
3448 1135 3610 1192 Joan-

2038 1237 2135 1277 nes
2161 1223 2294 1278 dicit
2331 1231 2520 1278 contra
2574 1224 2752 1294 legem
2788 1222 2948 1278 ﬁeri?
2983 1222 3230 1278 Nondum
3257 1226 3399 1280 enim
3427 1227 3607 1282 datum

2036 1321 2156 1368 erat
2177 1313 2456 1368 oraculum
2487 1312 2792 1383 Evangelii,
2816 1313 2958 1382 quod
2986 1311 3146 1367 talem
3175 1311 3607 1382 conjunctionem

2037 1404 2352 1474 pronuntiat
2410 1419 2532 1459 esse
2585 1404 2936 1458 adulterium.
2999 1404 3102 1458 Alii
3163 1415 3345 1460 autent
3397 1406 3607 1473 dicunt,

2037 1497 2181 1565 quod
2209 1495 2474 1562 Herodes,
2506 1497 2688 1552 occiso
2713 1495 2882 1552 fratre
2913 1511 3011 1566 per
3058 1497 3408 1566 cupiditatem
3437 1501 3610 1569 regni,

2039 1603 2260 1643 uxorem
2293 1604 2510 1658 quoque
2541 1590 2662 1658 ejus
2728 1590 2809 1658 (ut
2859 1604 3022 1659 quam
3071 1590 3232 1661 long’o
3267 1600 3510 1661 tempore
3554 1607 3616 1646 a-

2040 1679 2264 1750 masset)
2299 1681 2608 1737 abduxerit.
2656 1681 2864 1749 Quibus
2900 1683 2951 1737 in
2981 1693 3231 1751 promptu
3260 1695 3345 1739 est
3378 1701 3498 1753 qua:
3519 1685 3616 1740 ob-

351 1773 678 1828 καθίσταται
715 1771 850 1843 1:96;
888 1773 948 1825 τὸ
979 1771 1207 1840 ἀγαθὸν,
1245 1769 1433 1841 φέρειν
1474 1768 1573 1840 τὴν
1604 1768 1925 1838 ἐπιφάνειαν

2038 1768 2248 1832 iiciatur
2275 1769 2572 1826 refutatio:
2599 1773 2892 1837 Quomodo
2926 1773 3092 1841 igitur
3137 1771 3382 1842 Baptista
3413 1775 3613 1830 caedem

348 1861 806 1934 ὀνειροπολοῦσα’
865 1861 947 1915 διὸ
1013 1859 1219 1932 ἀρίστῳ
1279 1859 1436 1929 ἀνδρὶ
1494 1857 1697 1928 φαῦλος
1770 1857 1928 1910 πολε-

355 1958 448 2024 μεῖ
480 1993 495 2016 ,
533 1954 669 2006 ἀλλὰ
725 1953 924 2024 ῥαδίως
987 1952 1294 2006 ἁλίσκεται.
1347 1951 1465 2003 Ἵνα
1514 1949 1622 2019 γὰρ
1682 1948 1752 2001 τὰ
1795 1948 1936 2018 λαμ-

353 2045 470 2116 πρὰ
503 2046 614 2115 (15)
636 2087 650 2111 ,
683 2045 759 2108 ὼς
790 2045 858 2098 δι’
890 2045 1008 2107 ὲνδς
1049 2044 1266 2097 ᾶπαντα
1307 2041 1552 2113 μηνύσω,
1592 2039 1670 2111 τῷ
1699 2041 1810 2111 γὰρ
1837 2039 1930 2110 βα-

353 2138 493 2190 σιλεῖ
525 2137 634 2210 (l6)
667 2140 766 2208 τῆς
806 2137 1156 2208 δικαιοσύνης
1202 2135 1350 2206 δεῦρ’
1402 2134 1720 2204 ἐπιφανέντι
1762 2150 1933 2204 προσ-

351 2228 702 2300 επολέμησαν
755 2231 805 2282 ol
849 2229 947 2297 τῆς
989 2229 1204 2292 ἀδικίας
1239 2227 1607 2281 ὑπασπισταί·
1643 2225 1778 2279 ἀλλὰ
1825 2223 1934 2296 γὰρ

351 2319 608 2373 τοσοῦτον
640 2321 885 2373 ἑάλωσαν
934 2319 1029 2374 καὶ
1076 2319 1445 2390 ὲσϐἑσθησαν,
1482 2319 1558 2381 ὼς
1589 2319 1796 2372 ἐκεῖνον
1835 2316 1933 2387 μὲν

356 2409 632 2479 πανταχοῦ
705 2407 1064 2480 ἁνυμνεῖσθαι
1094 2424 1108 2438 °
1171 2409 1297 2471 τοὺς
1348 2407 1404 2460 δὲ
1456 2406 1787 2476 νομίσαντας
1836 2403 1935 2475 τὴν

356 2497 501 2568 ζωὴν
548 2499 828 2569 ἄπρακτον
879 2492 1038 2560 εἶναι,
1087 2496 1291 2559 πάσαις
1341 2497 1462 2558 ταῖς
1518 2495 1719 2565 ψήφοις
1765 2494 1934 2565 ήττᾶ·

358 2589 506 2642 σθαι.

2041 1861 2142 1930 ipsi
2177 1877 2282 1915 non
2311 1863 2715 1930 exprobravit?
2739 1862 2913 1919 Tanto
2943 1864 3088 1918 enim
3115 1866 3334 1934 gravior
3381 1882 3442 1918 ea
3493 1882 3616 1921 esse

2037 1951 2270 2018 videtur,
2288 1963 2492 2021 quanto
2532 1955 2703 2022 magis
2736 1963 2820 2008 est
2851 1953 3117 2007 nefarium
3170 1955 3518 2022 parricidium
3551 1957 3604 2009 in

2039 2040 2209 2096 fratre
2229 2043 2608 2108 commissum,
2630 2059 2796 2114 quam
2835 2044 3069 2114 vulgaris
3092 2045 3287 2101 caedes.
3342 2046 3468 2100 Sive
3511 2046 3614 2114 igi-

2039 2141 2127 2188 tur
2161 2135 2416 2204 primam,
2450 2144 2508 2189 ut
2533 2151 2635 2204 ego
2663 2136 2925 2201 arbitror,
2961 2138 3074 2191 sive
3123 2138 3439 2201 secundam,
3499 2137 3613 2190 sive

2039 2226 2258 2279 tertiam
2291 2239 2510 2281 causam
2535 2226 2725 2281 habuit
2769 2242 2832 2282 ea
2875 2228 3268 2296 reprehensio:
3301 2229 3522 2282 omnino
3566 2228 3613 2280 is

2039 2313 2378 2384 qui’l'ortiter
2409 2330 2474 2370 ac
2504 2331 2764 2386 generose
2789 2326 2902 2372 tum
2928 2319 3204 2389 redarguit
3260 2333 3461 2388 regem,
3496 2327 3610 2372 tum

2042 2414 2272 2460 mortem
2307 2407 2556 2474 oppetiit,
2589 2406 2661 2460 ita
2694 2407 3020 2470 celebretur,
3054 2418 3113 2462 ut
3145 2423 3244 2476 par
3270 2418 3353 2463 est
3375 2420 3499 2460 eum
3523 2421 3616 2460 ce-

2040 2494 2262 2561 lebrari,
2292 2496 2383 2564 qui
2419 2495 2724 2549 divinarum
2745 2495 2923 2566 legum
2951 2495 3308 2566 patrocinium
3341 2493 3616 2550 defensio-

2044 2599 2274 2654 nemque
2297 2585 2557 2654 suscepit.
2597 2587 2751 2652 Quod
2783 2587 2827 2640 si
2869 2586 2990 2654 quis
3047 2586 3233 2640 dicat:
3283 2584 3396 2640 Cur
3452 2584 3615 2653 igitur

359 2683 461 2737 hoc
487 2685 806 2751 permissum
833 2692 935 2749 est,
1009 2691 1065 2736 ut
1118 2680 1429 2750 pateretur?
1486 2678 1620 2732 Huic
1665 2693 1764 2751 ego
1819 2680 2231 2752 responderim:
2263 2679 2369 2750 Ipsi
2395 2680 2612 2748 quidem
2682 2681 2815 2734 nihil
2839 2696 2903 2735 ea
2959 2695 3018 2735 re
3046 2680 3286 2734 nocitum
3363 2692 3507 2734 esse.
3555 2675 3610 2733 Si

353 2775 499 2828 enim
521 2773 743 2829 omnino
770 2788 801 2828 e
832 2774 938 2827 vita
966 2772 1336 2826 excedendum
1366 2781 1469 2834 est.
1506 2771 1573 2835 is,
1608 2771 1698 2840 qui
1740 2769 1974 2840 gloriosa
2009 2783 2075 2825 ac
2108 2769 2389 2840 splendida
2450 2777 2622 2826 morte
2645 2769 2898 2835 decessit,
2933 2769 3148 2826 beatior
3187 2769 3400 2824 caneris
3423 2769 3614 2825 existi-

355 2866 587 2920 mandus
647 2867 769 2920 erit.
826 2864 1025 2919 Deinde
1057 2864 1238 2917 divina
1309 2863 1522 2918 bonitas
1572 2862 1928 2932 peccantibus
1967 2872 2181 2934 tempus
2205 2863 2597 2931 resipiscentite
2656 2861 2924 2916 concedit.
2959 2862 3113 2928 Quod
3157 2861 3204 2916 si
3240 2876 3308 2916 ne
3347 2862 3428 2916 sic
3486 2863 3612 2931 qui-

354 2959 492 3013 dem-
509 2958 854 3027 resipnerint,
890 2957 1138 3027 graviora
1174 2953 1304 3023 ipsis
1335 2952 1594 3024 irrogabit
1629 2953 1916 3024 supplicia.
1958 2954 2124 3022 Nam,
2164 2964 2222 3010 ut
2245 2955 2465 3024 quidam
2497 2955 2669 3020 aiunt,
2695 2953 3015 3024 improbitas
3040 2954 3093 3009 in
3155 2953 3357 3014 mundo
3388 2968 3613 3024 regnum

351 3051 609 3106 obtinens
641 3050 849 3104 resistit
879 3049 1043 3112 bono,
1084 3061 1359 3116 nunquam
1403 3046 1456 3102 id
1481 3063 1648 3103 unum
1681 3063 1786 3103 non
1815 3050 2028 3118 agitans
2065 3048 2206 3118 apud
2237 3063 2317 3114 se,
2381 3057 2441 3102 ut
2508 3047 2714 3117 primas
2771 3046 2914 3102 ferat
2974 3061 3040 3102 ac
3096 3055 3430 3118 supernatet.
3486 3047 3618 3112 Quae

352 3159 523 3200 causa
557 3153 640 3197 est
688 3157 787 3197 cur
813 3142 1020 3211 optimo
1036 3141 1154 3196 viro
1180 3141 1263 3195 vir
1287 3140 1569 3211 improbus
1594 3142 1792 3198 bellum
1824 3154 2039 3202 moveat
2077 3151 2131 3201 et
2153 3145 2507 3206 adversetur;
2545 3143 2641 3199 sed
2707 3141 2820 3198 cito
2845 3156 2909 3198 ac
2969 3141 3126 3198 facile
3158 3142 3427 3213 capiatur.
3483 3143 3617 3197 Nam

353 3246 436 3301 ut,
466 3250 586 3305 quae
608 3235 787 3290 omnia
820 3247 916 3305 per
949 3248 1008 3288 se
1034 3231 1320 3289 manifesta
1347 3241 1494 3298 sunt,
1528 3235 1687 3290 unico
1720 3245 1930 3291 tantum
1972 3236 2220 3306 exemplo
2256 3234 2550 3302 declarem,
2612 3234 2764 3306 Regi'
2791 3234 3016 3306 justitize
3079 3234 3346 3306 (Christo)
3382 3251 3502 3291 cum
3563 3236 3617 3291 in

355 3328 518 3382 terris
549 3325 908 3394 apparuisset,
967 3324 1242 3395 injustitiue
1334 3326 1598 3381 satellites
1667 3342 1732 3382 ac
1823 3339 2254 3398 propugnatores
2321 3326 2534 3400 (Judaei)
2566 3338 2698 3382 sunt
2753 3327 3064 3383 adversati.
3130 3326 3236 3384 Sed
3281 3330 3420 3385 adeo
3471 3329 3618 3398 capti

351 3420 723 3486 exstinctique
753 3427 899 3481 sunt,
925 3426 980 3468 ut
1011 3417 1128 3484 ipse
1158 3416 1373 3484 quidem
1427 3416 1604 3471 ubivis
1676 3427 1946 3472 terrarum
2019 3419 2329 3475 celebretur
2357 3427 2411 3473 et
2440 3427 2731 3474 cantetur:

2816 3418 2895 3473 illi
2947 3433 3094 3484 vero,
3146 3420 3239 3490 qui
3286 3422 3452 3477 vitam
3501 3421 3620 3489 ejus

349 3512 588 3568 otiosam
621 3523 684 3564 ac
716 3509 865 3562 nihili
902 3523 1024 3562 esse
1062 3509 1341 3572 rebantur,
1393 3508 1648 3563 omnibus
1691 3507 1917 3563 calculis
1956 3520 2123 3578 atque
2159 3508 2434 3576 snﬂ‘ragiis
2461 3511 2845 3566 succumbant.
2881 3533 2885 3540 -

501 3603 614 3669 ιιΖν.
647 3631 714 3640 -
743 3597 1101 3670 ΜΑΡΤΙΑΝῼ
1145 3599 1594 3671 ΠΡΕΣΒΥΤΕΡῼ
1615 3600 1772 3670 (ιδ’).

351 3694 458 3747 Διά
489 3693 546 3746 τί
574 3691 671 3744 ἐπὶ
699 3689 807 3744 τὸν
844 3691 1108 3757 σταυρὸν
1136 3691 1460 3758 ἐρχόμενος
1481 3693 1512 3744 ό
1537 3691 1790 3758 Χριστὸς
1810 3690 1940 3755 ταῖς

589 3759 984 3831 κοπτομέναις
1008 3760 1285 3828 γυναιξὶν
1316 3760 1700 3828 ἐπετίμησεν.

440 3852 662 3922 Ἐπειδὴ
683 3852 985 3922 γέγραφας,
1014 3849 1084 3904 δι’
1115 3852 1181 3922 ῆν
1208 3851 1386 3904 αἰτίαν
1415 3853 1442 3904 6
1465 3851 1701 3922 Χριστὸς
1726 3849 1818 3904 ἐπὶ
1847 3850 1938 3904 τὸν

355 3943 594 4015 σταυρὸν
643 3943 939 4014 ἐρχόμενος
982 3943 1015 4013 ἦ
1064 3943 1412 4013 ἀπαγόμενος
1435 3980 1451 4004 ,
1484 3942 1786 4012 ἐπετίμησε
1817 3945 1937 4006 ταῖς

354 4035 724 4105 κοπτομὲναις
753 4033 916 4087 αὑτὸν
951 4033 1197 4102 γυναιξίν
1249 4035 1318 4102 (εἰ
1346 4034 1454 4104 γὰρ
1485 4033 1578 4086 καὶ
1624 4033 1848 4100 ἀγνοίας
1879 4033 1937 4085 τὸ

354 4127 595 4196 πρᾶγμα
627 4122 714 4196 ἦν,
753 4124 869 4178 ἀλλ’
891 4121 987 4178 οὖν
1009 4141 1072 4193 γε
1096 4125 1192 4178 καὶ
1221 4124 1431 4186 ἑννοίας
1455 4119 1569 4194 εἶχε
1601 4122 1935 4194 γνὼρισμα)’

355 4216 525 4286 φημὶ,
566 4216 649 4269 ὅτι
685 4214 872 4286 ἐπειδὴ
916 4215 990 4285 μὴ
1042 4213 1298 4267 ἀκούσιον
1357 4213 1485 4284 μηδ’
1542 4212 1842 4284 ἀϐούλητον
1867 4207 1936 4284 ἦν

354 4305 507 4376 αὑτῷ
533 4307 594 4359 τὸ
624 4306 818 4370 πάθος,
855 4305 1068 4376 ὕϐρεως
1099 4304 1250 4376 αὐτῷ
1281 4300 1423 4358 εἶναι
1456 4304 1683 4367 εἰκότως
1710 4305 1773 4357 τὸ
1798 4321 1940 4374 συμ-

357 4395 532 4458 παθὲς
555 4395 756 4462 ἔδοξεν.
799 4395 910 4465 Οὐχ
947 4395 1044 4464 ήδὺ
1068 4395 1198 4466 γὰρ,
1235 4395 1346 4448 οὐδ’
1377 4395 1648 4465 ἀποδοχῆς
1684 4393 1835 4462 ἄξιον
1877 4395 1940 4448 τὸ

357 4485 662 4556 συμπαθὲς,
691 4479 736 4554 ᾧ
763 4487 838 4556 μὴ
861 4487 1030 4548 πάθος
1057 4485 1357 4556 ἀϐούλητον
1373 4486 1436 4540 τὸ
1459 4485 1651 4547 πάθος.

1967 3615 2010 3672 ο
2117 3599 2284 3673 ωε
2310 3599 2518 3656 xcvn.
2545 3629 2614 3641 -
2651 3599 3006 3659 ιιΑιιτιΑΝο
3033 3632 3040 3640 ρ
3063 3602 3543 3662 pnessvrcno.

2043 3691 2223 3757 Quare
2267 3695 2335 3746 ad
2385 3708 2592 3746 crucem
2640 3693 2998 3761 proﬁciscens,
3061 3693 3306 3751 Christus
3373 3700 3618 3754 mulieres

2514 3763 2748 3833 lugentes
2776 3763 3074 3834 objurgarit
3099 3766 3169 3820 τ’.

2109 3854 2373 3920 Quoniam
2422 3871 2518 3926 per
2573 3856 2781 3913 litteras
2815 3860 3134 3929 quaesivisti,
3181 3877 3342 3930 quam
3378 3862 3449 3917 ob
3494 3879 3624 3917 cau-

2036 3960 2153 4000 sam
2178 3944 2433 4002 Christus
2459 3947 2528 4002 ad
2553 3963 2773 4004 crucem
2803 3949 3176 4020 proficiscens,
3205 3965 3297 4008 aut
3324 3955 3622 4016 abductus,

2039 4038 2450 4108 mulieres,qute
2499 4039 2678 4109 ipsum
2730 4040 3008 4114 lugebant,
3079 4044 3379 4116 objurgarit
3415 4044 3621 4118 (aiebas

2043 4132 2209 4192 enim,
2245 4131 2458 4185 tametsi
2487 4131 2849 4202 ignorantiam
2883 4135 3170 4204 quamdam
3215 4137 3266 4191 in
3303 4153 3361 4194 se
3392 4138 3481 4192 illa
3535 4155 3623 4193 res

2044 4217 2317 4282 habuerit,
2353 4227 2532 4274 tamen
2576 4229 2726 4276 certe
2773 4219 3162 4278 benevolentia
3203 4224 3495 4294 singularis
3538 4226 3616 4280 si-

2042 4319 2204 4374 gnum
2233 4305 2459 4376 fuisse);
2490 4309 2832 4378 respondeo:
2887 4309 3026 4377 Quia
3061 4327 3168 4367 non
3227 4312 3397 4368 invito
3454 4323 3620 4384 atque

2043 4397 2248 4452 nolenti
2270 4397 2370 4467 ipsi
2389 4401 2572 4466 passio
2597 4401 2965 4472 contingebat,
2987 4402 3107 4457 ideo
3138 4403 3391 4473 iniuriam
3421 4418 3618 4474 quam-

2044 4488 2170 4542 dam
2201 4487 2306 4557 ipsi
2342 4487 2547 4545 inferre
2586 4491 2926 4557 videbantur,
2958 4493 3102 4560 quod
3136 4493 3308 4548 vicem
3357 4493 3474 4564 ejus
3521 4493 3619 4548 do-

357 4581 561 4636 lebant.
594 4579 725 4633 Nam
762 4579 879 4647 ejus
907 4580 1089 4634 dolere
1113 4578 1307 4644 vicem,
1341 4579 1431 4634 cui
1485 4577 1702 4648 id'quod
1769 4577 1974 4646 patitur
2013 4593 2120 4634 non
2194 4589 2394 4648 praeter
2449 4588 2710 4640 contrave
2770 4583 3098 4641 voluntatem
3123 4585 3343 4662 evenit,
3385 4600 3488 4641 non
3530 4596 3619 4642 est

357 4688 447 4730 res
479 4674 553 4728 illi
575 4675 839 4742 jucunda,
871 4688 1046 4743 neque
1076 4679 1321 4742 accepta.

432 4785 479 4820 "
508 4787 641 4844 Luc.
684 4801 839 4851 mn,
869 4785 958 4841 28.

1440 4901 1678 4960 VARIE
1717 4901 2103 4962 LECTIONES
2138 4903 2229 4962 ET
2266 4903 2500 4966 NOTAE.

431 5062 540 5132 (l0)
571 5061 697 5132 Πῶς
730 5069 905 5132 mutat
927 5059 980 5114 in
1004 5059 1136 5114 διότι
1159 5069 1213 5114 et
1245 5073 1385 5115 vers.
1413 5073 1528 5128 seq.
1548 5057 1931 5132 χαλεπώτερον

353 5135 408 5188 in
440 5130 860 5202 χαλεπώτερος.⁸
878 5130 1082 5202 Possm.

426 5197 538 5270 (Il)
567 5203 631 5254 Ὀ
658 5197 932 5272 ἀνδρεῖος
967 5199 1067 5255 καί
1090 5198 1383 5269 γενναῖος.
1405 5198 1469 5254 F.
1494 5201 1597 5270 leg.
1626 5197 1930 5272 δάνδριίως

351 5275 450 5327 καὶ
478 5273 760 5338 γενναίως.
797 5269 874 5323 lo.

2107 5059 2223 5130 (14)
2245 5059 2376 5133 Ὅτι
2395 5059 2848 5133 ήθείαΝἰᾴοιιιτ
2878 5063 3071 5133 deesse
3087 5062 3336 5133 πρόνοια,
3363 5060 3615 5133 νειγάγα-

2037 5129 2233 5203 θύτης.-
2254 5131 2334 5185 vel
2370 5130 2768 5203 φιλανθρωπία,
2813 5132 2898 5187 vel
2945 5133 3077 5203 quid
3122 5129 3320 5198 simile,
3363 5132 3463 5185 nisi
3492 5129 3616 5202 quis

2037 5199 2191 5254 malit
2218 5199 2394 5256 legere
2413 5201 2475 5254 τὸ
2507 5199 2681 5255 Θείον.
2714 5200 2881 5256 Βιττ.

2109 5269 2221 5340 (15)
2246 5268 2384 5342 Co__d._
2402 5268 2520 5324 Vat.
2539 5272 2741 5342 omittit
2759 5286 2945 5327 vocem
2975 5269 3227 5342 λαμπρὰ,
3257 5284 3354 5339 pro
3378 5269 3461 5321 illa
3487 5268 3617 5322 sub-

383 5411 395 5422 .
424 5335 539 5422 (12)
574 5341 685 5394 Τὸν
723 5342 870 5422 ,βίον
916 5337 1206 5422 ἐξαιρεῖν.
1249 5335 1412 5422 Forte
1447 5339 1730 5422 Ξοξῃβίου.
1751 5339 1933 5422 Porro

2038 5335 2263 5422 stitueps
2304 5337 2441 5392 ἄλλα
2467 5339 2650 5422 παρῶ.
2686 5335 3094 5422 Versa-penum
3122 5335 3379 5422 ἀκέραια
3422 5347 3494 5422 ει,
3525 5351 3610 5404 ep.

350 5409 552 5464 similis
591 5422 673 5464 est
716 5413 984 5463 se-ntentia
1021 5409 1300 5462 Ciceronis
1341 5409 1392 5461 in
1435 5409 1718 5478 Philippis.
1751 5410 1932 5464 inlita-

352 5481 501 5535 tione
536 5480 908 5533 Demosthenis
935 5479 1159 5544 prolata.
1196 5478 1358 5531 Hrrr.

425 5548 539 5620 (15)
569 5550 700 5602 llud.
748 5547 864 5620 Vat.
905 5546 1115 5620 διεξιὼν
1152 5549 1310 5600 vertit
1341 5547 1680 5620 itl‘éEEXOt‘ol
1699 5559 1751 5602 et
1786 5564 1930 5603 vers.

351 5616 474 5688 seq.
521 5616 989 5688 μακαριστότερος
1026 5619 1077 5669 in
1114 5616 1601 5686 μακαριστότατος.
1639 5616 1929 5688 Vers.seq.

349 5706 452 5758 pro
503 5687 904 5758 μετανοήσαιεν
952 5688 1113 5739 habet
1157 5689 1660 5754 γνωσιμαχήσαιεν.
1720 5687 1928 5740 Possis.

731 5779 1001 5841 ΡΑτ-ιιοι..
1042 5779 1161 5838 Gn.
1202 5777 1523 5839 LXXVIII.

2074 5423 2131 5461 r0
2187 5409 2469 5480 ἄπρακτον
2536 5404 2673 5468 εἶναι
2748 5404 2939 5466 scribit
3012 5412 3152 5465 idem
3227 5404 3610 5462 ἀπεκτονέναι.

2079 5491 2340 5617 Οῗῖἒέ)’7ζῷ
2367 5545 2476 5617 γὰρ
2505 5548 2766 5611 βασιλεῖ.
2798 5547 2962 5603 Forte
2995 5545 3262 5617 redundat
3285 5544 3414 5613 γάρ.
3435 5529 3608 5617 Πιττ.

2133 5611 2240 5685 16⁵)
2271 5611 2404 5697 cum
2436 5611 2559 5698 :hac
2602 5619 2829 5686 epistola
2869 5617 3109 5700 conferri
3139 5611 3306 5697 debet
3339 5611 3426 5736 ep.
3481 5611 3612 5678 218,

2133 5701 2198 5740 'a.
2245 5687 2402 5740 htnns
2427 5687 2548 5740 hbrt
2573 5703 2644 5740 Iv.
2675 5702 2762 5740 en.
2793 5687 2893 5740 I66
2925 5697 2979 5740 et
3003 5685 3110 5740 280
3148 5685 3239 5738 lth.
3281 5699 3342 5736 ιι.
3395 5699 3452 5740 ιο.

2035 5686 2198 5752 intra,
2245 5686 2402 5755 hujus
2427 5686 2548 5740 libri
2573 5703 2644 5751 Iv,
2675 5702 2762 5756 ep.
2793 5687 2893 5741 I66
2925 5697 2979 5743 et
3003 5685 3110 5740 285
3148 5685 3239 5738 ιιι).
3281 5699 3342 5736 ιι.

3181 5773 3252 5834 37
