4084 6364
487 305 615 369 1167

1683 298 1740 355 S.
1797 294 1894 354 [Si
1905 292 2083 354 DORI
2113 292 2550 354 PELUSIOTE

3592 291 3720 356 1168

481 417 603 470 ritia
631 416 676 446 "
705 456 718 475 ,
749 433 765 462 ι
788 422 890 467 ctc.
921 411 1088 484 468
1107 410 1164 464 Si
1187 409 1347 478 igitur
1371 414 1528 461 erant
1561 404 1777 474 rcpleti,
1826 419 2054 471 quomo-

2165 400 2303 458 ἶπε-
2337 405 2626 475 [ῐαρέδωκε
2656 403 3204 473 πληρωθησομέναις.
3243 403 3356 456 ἀλλ’
3384 403 3466 456 ὅτι
3514 420 3579 454 πε
3593 405 3721 468 πλη-

480 508 548 560 dn
575 507 794 560 tradidit
821 506 948 559 eos?
983 504 1110 558 Vide
1129 516 1290 571 quam
1313 508 1570 555 accurate
1615 498 1890 566 loquatur.
1927 494 2045 549 Non

481 598 656 652 dixit:
695 595 939 649 Tradidit
972 592 1294 663 replendus,
1331 591 1426 646 sed
1465 589 1578 656 jam
1631 588 1870 655 repletos
1919 585 2048 640 reli-

480 689 599 757 quit
626 699 788 756 atque
810 685 1058 741 dcsmuit
1084 702 1096 738 :
1127 683 1267 737 haud
1303 681 1463 735 aliter
1487 695 1552 733 ac
1608 679 1652 733 si
1685 679 1808 747 quis
1865 686 2050 745 Pastor

485 779 656 830 bonus
685 789 815 830 oves
840 772 1192 844 pestilentiali
1227 772 1312 827 lue
1342 779 1621 838 correptas
1655 779 1808 822 extra
1833 781 2048 837 gregem

483 869 656 931 abire,
683 877 735 918 et
771 864 1169 934 quodammodo
1229 863 1367 928 lupis
1408 861 1620 915 tradere
1656 860 2000 915 consueverit
2035 879 2048 912 :

486 975 589 1012 non
618 959 755 1026 quod
779 972 871 1010 eas
898 957 948 1008 iu
976 954 1157 1008 fauces
1185 953 1430 1021 luporum
1445 950 1713 1020 projiciat,
1770 951 1873 1004 scd
1910 952 2052 1017 quod

480 1065 578 1104 sua
602 1065 731 1104 cura
762 1062 826 1102 ac
849 1047 1100 1116 praesidio
1129 1060 1222 1100 eas
1257 1045 1490 1099 demutet
1508 1059 1572 1098 ac
1601 1043 1879 1098 destituat.
1915 1041 2044 1092 Illud

485 1141 667 1209 itaque
689 1138 934 1207 verbum,
966 1136 1132 1200 dedit,
1165 1136 1323 1187 talcm
1354 1135 1512 1188 habet
1535 1147 1773 1186 sensum.
1821 1129 2057 1198 Spiritus

484 1241 662 1284 autem
697 1226 1154 1297 compunctionis,
1191 1225 1323 1278 nihil
1356 1225 1499 1276 aliud
1542 1231 1648 1285 est,
1675 1237 1834 1290 quam
1864 1231 2054 1290 stupoo

487 1323 562 1376 ris
583 1329 635 1375 et
660 1317 1051 1389 percussionis.
1089 1315 1218 1369 Nam
1253 1327 1615 1382 compungere
1644 1322 1727 1366 est
1752 1312 1891 1365 idem
1913 1311 2056 1381 quod

497 1410 786 1463 vulnerare
810 1423 874 1462 ac
910 1417 1212 1476 percutcrc,
1238 1405 1532 1460 secundum
1558 1405 1608 1457 id
1631 1407 1772 1473 quod
1807 1403 1859 1456 in
1883 1402 2056 1457 Evan-

2157 497 2439 566 ρωμίνους
2488 497 2699 564 ἀφῆκεν
2719 511 2732 522 ·
2772 495 2962 564 ὥσπερ
2992 495 3057 548 ἂν
3089 497 3140 548 εί
3177 512 3260 557 τις
3287 495 3488 564 ποιμὴν
3517 495 3720 561 ἀγαθὸς

2152 589 2398 660 πρόϐατα
2431 589 2650 659 λοιμικῇ
2693 588 2832 657 νόσῳ
2882 587 3195 648 ἑαλωκότα,
3234 587 3340 650 ἔξω
3382 589 3481 657 τῆς
3522 587 3720 655 ἀγέλης

2153 681 2462 742 ἀπελάσειε,
2491 680 2584 732 καί
2605 680 2800 750 τρίπον
2826 677 2948 731 τινὰ
2968 681 3076 740 τοῖς
3104 678 3287 741 λύκοις
3326 677 3594 749 παραδοίη
3617 718 3632 736 ,
3663 678 3722 729 οὐ

2153 771 2227 840 τῷ
2258 773 2335 832 εἰς
2365 771 2428 823 τὰ
2477 770 2584 823 τῶν
2631 769 2809 823 λύκων
2854 768 3103 822 ὲκὸαλεῖν
3152 769 3434 838 στύματα,
3483 768 3622 822 ἀλλὰ
3650 769 3725 836 τῷ

2153 862 2441 931 γυμνῶσαι
2480 861 2578 930 τῆς
2619 861 2822 923 οἰκείας
2873 858 3192 929 ἐπιμελείας
3226 859 3322 914 καὶ
3364 860 3719 927 προστασίας.

2155 957 2227 1008 Τὸ
2263 956 2360 1024 μὲν
2401 950 2516 1017 οῦν,
2545 953 2760 1010 ἔδωκε.
2799 951 3052 1022 τοιαύτην
3093 951 3204 1020 ἔχει
3237 950 3335 1020 τὴν
3375 951 3586 1002 ἔννοιαν
3654 949 3728 1001 Τὸ

2154 1046 2210 1099 δὲ
2260 1046 2478 1113 πνεῦμα
2517 1045 2615 1114 τῆς
2653 1041 3020 1108 κατανύξεως,
3059 1041 3448 1110 καταπλήξεως
3488 1041 3598 1108 (51)
3633 1043 3725 1093 καὶ

2156 1137 2572 1208 κατατρεϋσεως.
2609 1136 2683 1189 Τὸ
2717 1135 2823 1206 γάρ
2855 1135 3085 1195 νύττειν,
3119 1132 3441 1203 τιτρώσκειν
3487 1135 3606 1184 ἐστὶ
3629 1134 3726 1185 καὶ

2157 1225 2450 1295 πλήττειν,
2501 1223 2764 1286 κατὰτὸ,
2819 1243 2837 1274 ‹
2909 1225 3140 1288 Ἐνυξαν
3193 1224 3291 1294 τὴν
3330 1223 3574 1293 πλευράν
3633 1223 3728 1275 τοῦ

2159 1315 2393 1383 Χριστοῦ
2425 1318 2488 1386 τῇ
2513 1315 2699 1388 λόγχῃ.
2718 1334 2734 1366 ι
2756 1314 2910 1368 Ἐπεὶ
2935 1309 3028 1368 οῦν
3050 1314 3279 1382 πλῆξαι
3300 1315 3413 1366 ἐστὶ
3434 1315 3498 1366 τὸ
3528 1314 3730 1382 νύξιν,

2158 1409 2218 1458 τί»
2247 1405 2660 1476 κατατρωθῆναι
2695 1407 2787 1460 καὶ
2818 1406 3198 1476 κατανυγῆναι
3231 1405 3455 1468 εἰκότως
3490 1404 3730 1476 εἴρηται.

485 1501 626 1572 gelio
653 1502 853 1553 dicitur
881 1515 894 1553 :
927 1517 945 1549 ι
992 1497 1443 1564 Compunxerunt
1495 1494 1638 1549 latus
1677 1493 1879 1549 Christi
1936 1493 2058 1547 lan-

2165 1492 2291 1549 Εἶτα
2321 1495 2641 1566 ἑρμηνεύων
2663 1496 2826 1559 αὐτὸς
2857 1496 2916 1548 τὸ
2955 1495 3305 1559 κίιτένυξεν,
3327 1495 3409 1547 ὅτι
3433 1493 3733 1561 κατέπλη-

487 1606 582 1642 cea
605 1589 673 1642 ".
721 1607 738 1638 ι
772 1590 905 1655 Quia
935 1589 1097 1656 igitur
1140 1601 1485 1654 compungere
1523 1585 1798 1655 signiﬁcat
1825 1596 2062 1652 percute-

2165 1587 2268 1651 ξεν
2293 1589 2461 1651 ἐστὶν,
2512 1587 2618 1657 ἔφη
2638 1604 2652 1619 ο
2697 1606 2715 1639 ι
2739 1587 3079 1656 Ὀφθαλμοὺς
3116 1585 3209 1640 τοῦ
3263 1588 3338 1657 μὴ
3369 1585 3608 1656 βλέπειν,
3639 1589 3736 1639 καὶ

489 1697 575 1742 re.
628 1683 803 1735 recte'
836 1690 997 1748 atque
1036 1678 1225 1732 ordine
1299 1676 1499 1731 factum
1537 1686 1641 1740 est,
1687 1675 1832 1745 quod
1888 1678 2053 1729 etiam

2165 1673 2276 1733 ὦτα
2306 1680 2397 1733 τοῦ
2433 1679 2508 1751 μὴ
2549 1679 2786 1734 ἀκούειν.
2823 1698 2839 1730 ι
2872 1679 3043 1732 Τοῦτο
3065 1680 3174 1750 γὰρ
3213 1677 3536 1748 συμϐαίνειν
3572 1679 3734 1731 εῐωθε

486 1740 876 1839 κατανυγῆναι,
911 1740 1024 1824 Ἰιοο
1054 1777 1140 1822 est
1199 1767 1513 1836 compuugi,
1572 1740 1774 1821 dictum
1833 1773 1919 1822 est
1963 1781 2060 1834 pro

2165 1775 2274 1834 τοῖς
2302 1740 2855 1840 καταπληττομένοις.
2887 1768 3016 1822 Ἀτε
3046 1740 3158 1838 γ’ἀρ
3187 1740 3294 1820 τοῦ·
3309 1768 3399 1821 νοῦ
3431 1770 3734 1840 ταραχθέν-

487 1867 884 1922 convulnerari.
914 1864 1114 1919 Deinde
1144 1861 1256 1933 ipse
1314 1876 1594 1930 exponens
1637 1861 1862 1916 verbum
1915 1877 2052 1914 com-

2165 1879 2274 1926 τος.
2309 1861 2364 1913 αί
2403 1859 2682 1932 αἰσθήσεις
2715 1859 2814 1922 τὰς
2862 1857 3066 1920 οἰκείας
3095 1859 3379 1930 ἐνεργείας
3418 1860 3734 1930 ἀρνοῦνται,

487 1957 770 2028 pangendi,
803 1955 945 2025 quod
985 1954 1124 2010 idem
1168 1954 1239 2009 sit
1270 1967 1393 2008 cum
1425 1955 1595 2007 verbo
1641 1949 2057 2021 obstupefacien-

2167 1953 2290 2005 Ὅτι
2311 1952 2367 2005 δὲ
2397 1942 2554 2005 τοῦτο
2582 1950 2800 2020 μηνύει,
2839 1951 3003 2004 ἄκουε
3027 1951 3124 2020 τῆς
3155 1952 3399 2023 Γραφῆς,
3433 1951 3699 2022 λεγούσης
3722 1973 3737 1986 ο

486 2050 562 2110 di,
595 2049 768 2101 dixit:
811 2064 830 2098 ι
868 2045 1085 2110 Oculos,
1111 2052 1168 2098 ut
1223 2059 1331 2098 non
1385 2042 1629 2107 videant,
1676 2052 1730 2098 et
1771 2056 1953 2106 aures,
2001 2052 2061 2096 ut

2169 2061 2186 2094 ι
2225 2042 2599 2114 Μακάριος,δς
2619 2041 2679 2094 οὐ
2707 2040 2983 2111 κατενύγη
3001 2044 3056 2094 ὲν
3073 2041 3216 2113 λύπῃ
3237 2043 3513 2113 ἁμαρτίας
3533 2043 3669 2113 (32).
3713 2063 3732 2092 ι

489 2155 593 2192 non
619 2138 846 2192 audiant
886 2137 955 2191 '°.
995 2153 1013 2187 ι
1055 2134 1167 2189 Ηοο
1205 2135 1348 2189 enim
1373 2149 1472 2189 usu
1501 2133 1686 2189 venire
1717 2133 1852 2188 solet
1880 2135 1943 2189 iis
1971 2134 2060 2204 qui

2166 2135 2272 2186 Καὶ
2301 2133 2406 2206 μὴν
2433 2135 2466 2204 ἡ
2509 2133 2652 2187 κατά
2700 2132 2832 2186 Θεὸν
2860 2132 3003 2205 λύπη
3035 2134 3323 2203 μετάνοιαν
3357 2137 3435 2198 εἰς
3461 2137 3739 2206 σωτηρίαν

489 2239 708 2297 stupore
733 2237 860 2282 sunt
885 2226 1140 2296 correpti.
1171 2223 1304 2279 Nam
1348 2240 1471 2280 cum
1529 2239 1679 2280 mens
1737 2225 2052 2294 perturbata

2165 2225 2574 2295 ἀμεταμέλητον
2597 2225 3015 2295 κατεργάζεται.
3059 2225 3124 2278 Τί
3146 2221 3238 2279 οῦν
3262 2228 3379 2280 ἐστι
3407 2227 3434 2279 ὃ
3452 2244 3646 2297 (gmw;
3677 2228 3740 2279 Ei

489 2320 579 2381 sit,
607 2332 797 2372 sensus
824 2314 998 2371 oillcia
1049 2325 1104 2370 et
1127 2315 1371 2370 actiones
1405 2328 1534 2369 suas
1567 2314 1860 2385 abnegant.
1897 2313 2052 2380 Quod

2168 2316 2266 2385 μὲν
2309 2312 2401 2368 οὖν
2431 2317 2704 2384 εἴποιμεν,
2732 2315 2805 2378 ὡς
2842 2315 3044 2369 οἴονταί
3095 2333 3266 2378 τινες,
3307 2317 3400 2370 τὸν
3452 2317 3574 2386 μηδ’
3603 2317 3739 2378 ὅλως

491 2420 670 2463 autem
699 2409 798 2462 hoc
828 2409 1001 2475 ipsum
1028 2407 1241 2468 innuat,
1267 2404 1392 2459 audi
1449 2405 1815 2472 Seripturam,
1866 2405 2057 2460 dicen-

2166 2405 2562 2476 ἀμαρτήσαντα
2587 2403 2987 2475 μακαρίζεσθαι
3020 2403 3428 2476 ὲνταῦθα.τάχα
3456 2406 3631 2468 οὐδεὶς
3643 2406 3739 2459 τοῦ

495 2506 634 2552 lem:
674 2517 692 2549 ι
730 2496 946 2559 Beatus,
976 2495 1067 2564 qui
1100 2510 1204 2550 non
1260 2505 1344 2550 est
1389 2495 1697 2549 stimulatus
1739 2494 1854 2550 sive
1911 2511 2061 2550 com-

2169 2497 2524 2568 μακαρισμοῦ
2549 2496 2737 2550 τούτου
2755 2496 3106 2552 ἀπολαύσειε.
3123 2497 3328 2560 Πάντες
3352 2497 3459 2566 γὰρ
3487 2499 3542 2549 ὲν
3568 2499 3740 2550 ἐπιτι-

491 2597 724 2658 punctus
749 2587 800 2640 itt
828 2588 1046 2641 tristitia
1072 2585 1256 2642 delicti
1287 2587 1356 2640 ⁸¹.
1405 2605 1424 2637 ι
1480 2585 1643 2655 Atqui
1695 2585 1917 2641 tristitia
1969 2601 2059 2642 se-

2168 2589 2312 2659 μίοις
2352 2588 2538 2657 ὲσμέν.
2581 2589 2678 2652 Τίς
2717 2587 2822 2659 γὰρ
2855 2589 3208 2658 καυχήσεται,
3259 2590 3429 2660 ἁγνὴν
3460 2589 3604 2660 ἔχειν
3641 2589 3739 2659 τὴν

491 2681 725 2734 cundum
754 2679 919 2733 Deum
941 2678 1316 2748 paenitentiam
1359 2677 1414 2732 in
1467 2677 1698 2733 salutem
1733 2692 1838 2731 non
1885 2679 2063 2748 paeni-

2165 2679 2426 2749 καρδίαν;
2460 2679 2493 2750 ἢ
2535 2680 2618 2743 τίς
2657 2680 3096 2751 παρῤησιάσεται
3148 2680 3388 2752 καθαρὸς
3430 2676 3571 2734 εἶναι
3633 2682 3742 2734 ἀπὺ

493 2771 707 2826 tendam
747 2780 1022 2838 operatur.
1065 2769 1205 2835 Quid
1235 2780 1468 2838 estergo
1493 2769 1635 2839 quod
1663 2769 1775 2825 ait?
1804 2768 1864 2825 Si
1897 2771 2061 2839 igitur

2165 2767 2483 2837 ἀμαρτίαςς
2530 2768 2593 2821 Et
2647 2768 2704 2821 δὲ
2758 2769 3021 2838 φαίημεν,
3076 2769 3159 2822 ὄτι
3201 2769 3494 2840 μακαρίζει
3541 2769 3601 2822 ού
3649 2769 3739 2822 τὸν

491 2877 555 2917 ex
586 2864 942 2932 quorumdam
974 2862 1230 2931 opinione
1263 2861 1563 2916 dixerimus
1590 2878 1606 2927 ;
1653 2875 1782 2915 eum
1814 2861 1903 2931 qui
1924 2876 2063 2916 nun-

2167 2855 2243 2927 μὴ
2285 2857 2399 2926 (55)
2421 2855 2751 2926 λυπηθέντα,
2789 2856 2926 2910 ἀλλά
2947 2858 3038 2910 τὸν
3063 2858 3137 2928 μὴ
3166 2857 3592 2926 καταπληγέντα
3625 2856 3738 2925 (54)

492 2969 653 3024 quam
675 2954 897 3008 omnino
921 2953 1181 3022 peccarit,
1217 2953 1306 3008 hic
1349 2952 1564 3008 beatum
1613 2952 1920 3022 praedicari,
1953 2952 2063 3008 l'or-

2167 2948 2272 3002 ὑπὸ
2296 2948 2394 3018 τῆς
2429 2946 2626 3017 λύπης,
2663 2947 2759 3000 καὶ
2791 2947 3175 3016 προδεδωκότα
3204 2947 3299 3018 τὴν
3333 2947 3539 3002 οἰκείαν
3565 2966 3739 3016 σωτη-

496 3055 640 3098 tasse
667 3058 825 3098 nemo
855 3043 1304 3098 bacbeatitudine
1363 3042 1592 3098 fruetur.
1650 3041 1853 3098 Omnes
1911 3045 2058 3098 enim

2170 3039 2312 3110 ρίαν,
2336 3034 2445 3090 οἷον
2469 3038 2667 3092 ἔπαθεν
2703 3037 2904 3102 Ἰούδας
2923 3079 2939 3103 ,
2973 3039 3181 3109 ἀγχόνῃ
3214 3040 3404 3092 ἑαυτὸν
3437 3040 3683 3107 ἀνελὼν(
3714 3039 3741 3091 ὃ

494 3138 668 3206 poenis
724 3135 939 3190 otmoxii
992 3149 1197 3190 sumus.
1254 3133 1386 3188 Nam
1438 3133 1562 3203 quis
1612 3134 1950 3204 gloriabitur,
2004 3149 2063 3191 se

2170 3132 2264 3183 καὶ
2297 3129 2484 3192 δεδιὼς
2506 3131 2535 3183 ὁ
2574 3129 2862 3193 θεσπέσιος
2892 3129 3104 3194 Παῦλος
3145 3131 3220 3200 μὴ
3265 3131 3360 3184 καὶ
3389 3133 3418 3184 ό
3445 3147 3740 3201 πεπορνευ-

497 3243 688 3296 purum
727 3241 820 3280 cor
854 3225 1095 3281 habere?
1133 3226 1238 3278 Aut
1263 3224 1386 3294 quis
1429 3224 1599 3280 libere
1641 3225 1918 3296 loquetur,
1943 3240 2006 3282 se
2034 3242 2063 3282 a

2168 3221 2279 3284 κὼς
2299 3221 2450 3290 παρά
2474 3220 2783 3289 Κορινθίοις
2804 3219 2988 3282 πάθοι,
3014 3219 3196 3288 ἔλεγεν
3222 3236 3237 3252 ο
3254 3221 3556 3291 προσέσθαι
3579 3221 3742 3274 αὐτὸν

495 3327 715 3387 peccato
739 3318 996 3369 mundum
1020 3316 1171 3371 esse?
1195 3315 1289 3369 Sin
1321 3325 1500 3370 autem
1545 3315 1866 3381 dixerimus,
1917 3317 2063 3386 quod

2169 3315 2601 3384 μετανοήσαντα,
2633 3312 2709 3382 μή
2742 3329 2858 3376 πως
2885 3314 2949 3382 τῇ
2984 3313 3348 3383 περισσοτέρᾳ
3379 3312 3523 3384 λύπῃ
3567 3331 3739 3366 κατα-

498 3422 602 3460 non
639 3422 768 3461 eum
808 3407 896 3474 qui
931 3419 1036 3460 non
1059 3405 1130 3460 sit
1159 3403 1394 3460 all'ectus
1429 3404 1646 3459 tristitia
1685 3404 1901 3459 beatum
1934 3420 2063 3474 prae-

2165 3403 2304 3474 ποθῇ
2351 3405 2380 3456 ὁ
2415 3402 2691 3470 τοιοῦτος)
2719 3418 2734 3432 ·
2767 3403 2906 3472 τάχα
2929 3420 3046 3466 πως
3069 3405 3167 3473 τῆς
3199 3403 3457 3478 ἀληθείας
3493 3404 3740 3472 ὀψόμεθα

496 3497 656 3559 diret,
680 3497 774 3550 sed
800 3510 924 3550 eum
958 3495 1050 3564 qui
1083 3510 1188 3551 non
1246 3496 1318 3550 sit
1375 3496 1428 3549 itt
1479 3504 1758 3566 stuporem
1825 3496 1987 3552 datus
2032 3513 2063 3552 a

2165 3495 2263 3548 τοῦ
2289 3493 2475 3566 ῥητοῦ.
2508 3493 2570 3546 Ei
2592 3494 2649 3546 δὲ
2673 3493 2768 3545 καὶ
2797 3494 2891 3546 ἐπὶ
2932 3494 3100 3547 καλοῦ
3127 3496 3338 3562 γίνεται
3367 3497 3399 3564 ἡ
3428 3495 3739 3559 κατάνυξις.

497 3599 749 3648 tnmrore.
784 3601 956 3655 neque
992 3601 1143 3640 suam
1171 3587 1403 3640 salutem
1429 3587 1730 3655 prodiderit
1767 3605 1781 3641 :
1841 3589 1892 3642 id
1916 3588 2063 3657 quod

497 3672 646 3728 Jud:e
666 3676 885 3734 accidit.
910 3675 1001 3743 qui
1037 3675 1331 3743 suspendio
1355 3677 1454 3730 sibi
1481 3677 1646 3729 vitam
1678 3677 1878 3745 eripuit
1896 3676 2062 3746 (quod

499 3765 660 3818 etiam
700 3774 944 3818 metuens
974 3763 1174 3819 Paulus
1227 3780 1294 3820 ne
1349 3765 1622 3820 accideret
1663 3764 1738 3818 illi
1793 3766 1884 3834 qui
1926 3767 2065 3836 apud

500 3854 814 3908 Corinthios
836 3865 1084 3921 stuprum
1137 3856 1461 3920 admiserat,
1493 3855 1848 3924 praecipiebat
1891 3857 2068 3926 ipsum

498 3956 620 3998 acta
641 3946 750 4013 jam
775 3947 1115 4014 paenitentia,
1141 3949 1317 4001 denuo
1341 3946 1394 4000 in
1419 3956 1617 4001 costum
1650 3945 1889 3999 ﬁdelium
1928 3947 2072 4002 reci-

499 4036 582 4104 pi,
616 4051 682 4088 ne
729 4036 1082 4091 immoderato
1110 4050 1344 4092 mterore
1374 4035 1496 4090 talis
1517 4034 1904 4090 absorberetur
1928 4034 2009 4104 ")
2053 4053 2069 4091 :

499 4137 609 4181 tum
642 4123 890 4182 fortassis
935 4142 1119 4182 rerum
1151 4140 1370 4182 sensum
1403 4125 1531 4180 dicti
1581 4126 1932 4196 attingemus.
1970 4125 2072 4183 Mi—

2171 3585 2499 3655 θαυμαζέτω
2527 3583 2715 3654 μηδείς
2735 3599 2750 3613 '
2775 3585 2940 3636 κάκεῖ
2961 3585 3070 3654 γάρ
3109 3585 3168 3636 τὸ
3198 3584 3473 3657 τρωθῆναι
3495 3586 3609 3646 τοῖς
3646 3603 3744 3637 κα-

2169 3672 2282 3736 λοῖς
2319 3673 2646 3744 ἑρμηνεύει·
2689 3673 2766 3736 ὡς
2815 3674 2910 3726 καὶ
2951 3676 2982 3744 ἡ
3021 3675 3111 3727 τὸν
3147 3674 3290 3728 θεῖον
3329 3675 3508 3745 ἔρωτα
3564 3675 3745 3744 ἐρῶσα

2167 3761 2315 3831 ψυχὴ
2348 3761 2478 3815 εὗόα
2501 3776 2513 3789 ⁸
2551 3780 2568 3812 ι
2615 3761 2736 3814 ’Ότι
2788 3763 3103 3834 τετρωμένη
3141 3763 3360 3832 ἀγάπης
3403 3763 3534 3831 ἐγὼ.
3577 3782 3594 3814 ι
3627 3763 3746 3833 Χρὴ

2167 3852 2226 3906 δὲ
2262 3853 2500 3917 ειδέναι,
2537 3853 2620 3905 ὃτι
2666 3852 2725 3904 οὐ
2772 3852 2986 3916 πάντως
3035 3855 3102 3906 τὰ
3133 3855 3272 3908 αὐτὰ
3311 3855 3552 3923 ὀνόματα
3590 3853 3623 3923 ἢ
3659 3856 3746 3924 ρή-

2172 3961 2320 4015 ματα
2363 3944 2425 3997 τὸ
2451 3944 2588 3997 αὐτὸ
2607 3946 2906 4016 παρίστησι
2933 3946 3128 4014 νόημα.
3169 3945 3390 4015 Ἐπειδὴ
3419 3945 3516 3998 καὶ
3534 3948 3562 3997 ὀ
3587 3944 3748 3998 Δασιδ

2171 4035 2356 4104 ἔλεγεν
2379 4052 2396 4068 ο
2423 4054 2442 4087 ι
2476 4036 2665 4100 Ὅπως
2696 4037 2762 4090 ἂν
2789 4036 2935 4109 ψάλῃ
2965 4053 3047 4088 σοι
3077 4039 3110 4106 ἡ
3133 4036 3267 4101 δόξα
3305 4053 3427 4107 μου,
3455 4036 3550 4089 καὶ
3571 4037 3634 4088 οὐ
3674 4036 3746 4104 μὴ

2170 4126 2496 4196 κατανυγῶ,
2527 4129 2666 4199 ὅπερ
2688 4167 2705 4193 ,
2739 4123 2928 4198 οἶμαι,
2967 4127 3165 4196 δηλοῦν
3213 4127 3305 4194 τὸ,
3354 4127 3431 4180 Οὐ
3474 4129 3550 4198 μὴ
3581 4143 3749 4180 κατα-

567 4297 609 4332 ”
633 4299 784 4354 lium.
819 4301 968 4364 t.29.
1026 4302 1071 4334 "
1101 4300 1258 4357 Joan.
1299 4316 1410 4368 xix,
1433 4302 1524 4358 54.
1594 4303 1642 4334 ⁸⁸
1668 4302 1825 4359 Rom.
1861 4319 1936 4370 xI,
1963 4304 2020 4361 8.

2165 4304 2326 4361 Eccli.
2370 4319 2484 4370 xlv,
2518 4306 2568 4360 Ι.
2643 4304 2689 4338 ⁸⁸
2718 4303 2759 4359 ll
2779 4302 2907 4360 Cor.
2943 4319 3004 4368 ιι,
3039 4303 3092 4364 7.
3116 4304 3171 4359 8.

1594 4454 1830 4512 ΥΑΒΙιΕ
1868 4453 2258 4514 LECTIONES
2298 4457 2383 4514 ET
2425 4457 2654 4514 NOTAE.

494 4629 846 4751 patagio“
898 4631 1290 4703 καταπλήξεως
1346 4633 1487 4687 idem
1544 4631 1668 4688 cod.
1738 4630 1890 4686 addit
1931 4630 2070 4684 ἐστι.

539 4713 706 4752 οεδιιι.

569 4767 680 4836 (52)
713 4767 1032 4836 Μακάριος,
1067 4768 1136 4836 ὃς
1166 4771 1238 4825 οὐ
1263 4769 1562 4838 κατεγύτη
1587 4769 1659 4823 ἐν
1696 4771 1863 4838 ,λύπῃ
1894 4768 2079 4838 ἁμαρ·

496 4835 888 4907 τίεις-,δὶτιιοιιὶ
916 4849 997 4891 est
1026 4835 1289 4893 sententia
1323 4855 1369 4892 c.
1398 4835 1508 4902 xtv,
1544 4835 1674 4907 ιιι,
1700 4835 2080 4907 quattivis_Sa-

501 4904 698 4956 lomoni
728 4906 794 4958 ab
812 4907 1576 4962 aliistribuatur:utincertus
1593 4904 1928 4961 facit'auctor
1957 4905 2079 4960 Ἅν-

499 4972 843 5040 τικειμένων
906 4991 944 5029 t.
998 4977 1277 5041 Quomodo
1327 4977 1580 5031 Salomon
1637 4977 1803 5041 dicat,
1856 4974 2075 5039 Beatus,

496 5044 586 5106 qui
617 5058 718 5094 non
763 5054 836 5096 est
871 5055 1209 5110 compunctus
1269 5046 1490 5098 tristitia
1524 5045 1722 5110 delicti,
1758 5058 1880 5099 cum
1911 5041 2072 5099 Jaco-

499 5111 597 5163 bus
628 5113 906 5182 praecipiat
931 5128 946 5165 :
981 5111 1164 5166 Miseri
1206 5123 1388 5174 estote,
1421 5123 1469 5166 et
1501 5113 1690 5182 lugete,
1722 5122 1772 5166 et
1821 5112 2070 5182 plorato;

499 5184 834 5251 respondet:
876 5179 1098 5251 Beatum
1147 5183 1332 5250 utique
1364 5182 1511 5234 illum
1549 5179 1694 5251 dicit
1735 5179 1830 5251 qui
1861 5182 2068 5236 nullout

497 5249 676 5319 attigit
709 5250 982 5313 delictum,
1014 5249 1167 5318 cujus
1197 5249 1374 5319 delicti
1425 5250 1636 5304 tristitia
1685 5249 2076 5319 coinpungere-

499 5325 606 5368 tur.
633 5317 817 5371 Potest
847 5319 983 5381 Iieri,
1016 5317 1348 5371 utnonnulri
1380 5319 1535 5372 beate
1555 5319 1798 5374 viventes
1818 5317 1945 5373 'nou'
1973 5320 2072 5374 tri-

499 5387 643 5439 stitia
667 5385 1014 5456 ﬂagitiorum,
1046 5389 1139 5440 sed
1164 5397 1486 5456 aeternorum
1517 5388 1782 5456 desiderio
1805 5401 2070 5456 compun-

501 5465 716 5522 gantur.
747 5453 860 5509 Hoc
893 5465 1074 5508 autem
1120 5456 1260 5524 qttod
1293 5453 1524 5509 Jacobus
1551 5455 1837 5525 lugendum
1874 5453 2074 5525 et'plo-

504 5525 727 5594 randum
779 5527 1052 5594 praet-epit.
1109 5527 1168 5594 iu
1207 5533 1492 5594 utrumque
1535 5526 1940 5594 accipi__potest,
1977 5539 2071 5578 seu

503 5591 556 5660 in
599 5590 682 5644 his
711 5593 803 5659 qui
836 5595 972 5644 niala
1013 5607 1108 5647 sua
1140 5590 1442 5659 deplorant,
1483 5607 1580 5646 seu
1618 5590 1670 5646 in
1703 5590 1828 5652 illis.
1861 5594 1951 5660 qui
1980 5609 2074 5650 so-

502 5657 614 5710 ium
647 5663 710 5712 de
732 5657 980 5714 caelestis
1003 5661 1190 5728 patriae
1204 5657 1393 5717 amore
1439 5662 1730 5728 suspirant.
1764 5657 1926 5715 ltiti.

2242 4629 2359 4702 (35),
2389 4628 2501 4702 V_ox
2547 4629 2643 4702 [si],
2670 4631 2913 4702 additur_
2930 4646 2994 4685 ex
3041 4631 3159 4685 cod.
3199 4629 3344 4698 νειμ,
3375 4647 3536 4701 quam
3583 4645 3746 4688 etiam

2173 4698 2389 4766 coniicit
2423 4698 2838 4754 Rittersltusius.
2881 4699 3037 4754 Ευιτ.

2243 4771 2356 4837 (54)
2391 4772 2474 4840 ρύ
2495 4769 2994 4840 τὸν-λυπηθέντα,
3018 4769 3180 4824 ἀλλὰ
3201 4768 3287 4840 μὴ
3309 4769 3418 4824 τὸν
3442 4774 3750 4840 καταπλη-

2173 4840 2372 4909 τέντα.
2407 4837 2583 4909 Forte
2613 4839 2894 4906 legendum
2935 4839 2997 4891 οὐ
3041 4840 3132 4891 τὸν
3167 4837 3242 4908 μὴ
3277 4837 3433 4907 λυπ.,
3475 4840 3613 4893 ἀλλὰ
3658 4837 3748 4895 τον

2178 4905 2253 4980 μὴ
2279 4907 2527 4980 καταπλ,
2551 4905 2893 4980 observanda
2937 4918 3023 4980 est
3058 4925 3122 4961 ex
3167 4905 3276 4963 hac
3314 4905 3473 4980 epist.
3518 4911 3752 4974 insignis

2177 4977 2475 5040 sententia,
2515 4977 2567 5030 in
2613 4977 3062 5046 interpretatione
3109 4992 3276 5046 sacra:
3317 4977 3611 5046 Scriptum
3663 4990 3742 5030 al-

2177 5048 2322 5116 tendi
2344 5061 2375 5116 α
2421 5046 2573 5116 nobis
2607 5045 2966 5116 σώετε-τοὺς
2990 5045 3088 5116 τῆς
3122 5045 3272 5116 ίερᾶς
3301 5045 3523 5116 Γραφῆς
3551 5048 3748 5116 νόμούς

2175 5115 2274 5185 καὶ
2323 5114 2392 5168 τὰ
2449 5114 2733 5185 inopum.
2791 5113 2881 5185 sic
2938 5114 2997 5166 Β.
3047 5113 3448 5185 ἰιίι;.“τιιιεξιιι.;
3481 5113 3629 5169 ἰ·ιιι’
3662 5115 3747 5185 ,υε

2179 5182 2371 5238 Trinit.
2399 5200 2419 5239 :
2459 5201 2478 5235 ι
2515 5182 2629 5237 Neu
2661 5193 2746 5237 est
2787 5184 3022 5237 humano
3053 5194 3145 5236 aut
3175 5184 3354 5238 saeculi
3383 5200 3542 5238 sensu
3581 5187 3632 5238 in
3659 5184 3746 5236 Dei

2171 5253 2334 5307 rebus
2367 5253 2709 5322 loquendum,
2763 5267 2935 5319 neque
2967 5268 3063 5320 per
3104 5253 3394 5322 ,violentam
3438 5264 3600 5320 atque
3651 5253 3749 5306 im-

2172 5321 2485 5390 prudentem
2528 5322 2964 5390 praedicationem
3013 5321 3315 5376 cmlestium
3348 5324 3618 5376 dictorum
3657 5335 3745 5390 sa-

2172 5389 2325 5444 nitati
2360 5389 2550 5444 aliena:
2578 5399 2739 5460 atque
2767 5391 2942 5460 impiae
2985 5391 3350 5460 intelligentia
3373 5389 3746 5460 extorqueuda

2171 5461 2498 5529 perversitas
2517 5469 2620 5529 est.
2652 5477 2672 5509 ι
2696 5456 2958 5514 Ιιίθιιιίίίιι.
2994 5475 3029 5513 ιι
3063 5456 3498 5529 ρῇιιεόειινιορθτὶε
3531 5456 3602 5513 τ’(
3634 5460 3744 5513 Non

2170 5538 2253 5598 est
2284 5528 2383 5582 iste
2411 5527 2590 5582 saeculi
2629 5543 2844 5598 sermo,
2876 5529 3002 5597 quia
3034 5527 3106 5584 de
3139 5545 3247 5598 quo
3278 5531 3477 5596 agitur.
3510 5540 3613 5584 non
3645 5545 3744 5585 sae-

2171 5597 2273 5650 culi
2317 5612 2401 5651 res
2428 5606 2528 5652 est.
2571 5614 2590 5646 ι
2627 5596 2792 5651 Rt'r'r.
