4084 6366
377 341 520 412 1169

1271 340 1805 402 EPISTOLARUM
1853 341 1999 400 LIB.
2039 341 2136 400 IV.
2177 365 2246 377 --
2275 338 2512 400 EPIST.
2551 337 2709 397 CIII.

3495 316 3508 330 δ

3501 331 3642 400 1170

374 451 570 521 πλαγῶ
601 448 716 519 (35)
757 447 879 502 οὐδὲ
919 445 1172 518 μεταστῶ
1223 447 1304 510 εἰς
1345 446 1404 499 τὸ
1441 445 1637 517 μηκέτι
1692 447 1903 516 ὑμνεῖν.
1938 465 1951 498 ι

2069 447 2176 500 rari
2202 457 2383 502 autem
2418 461 2576 502 nemo
2611 449 2788 512 debet,
2822 446 2865 501 si
2899 444 3064 500 etiam
3098 447 3148 500 in
3181 445 3379 501 bonam
3431 460 3636 517 partem

384 546 666 614 Ἐπήγαγε
685 542 795 613 γάρ
817 556 829 570 ·
871 559 888 591 ι
926 539 1131 610 Κύριος
1162 541 1190 592 ὀ
1217 537 1348 600 Θεός
1379 553 1500 608 μου,
1543 538 1624 600 εἰς
1657 535 1748 590 τὸν
1782 535 1955 590 αιῶνα

370 632 852 705 ἐξομολογησομαί
887 648 992 684 σοι.
1057 650 1074 681 ι
1104 631 1215 682 Καὶ
1236 631 1284 682 οἱ
1313 630 1439 699 περὶ
1483 627 1749 700 Συμεῶνα
1771 628 1828 681 δὲ
1855 630 1945 681 καὶ

369 726 525 785 Astii.
555 725 692 795 μετὰ
720 724 782 776 τὸ
813 720 1138 792 ὑϐρισθῆναι
1170 722 1250 784 εἰς
1273 721 1442 792 αὐτὴν
1473 721 1571 792 τὴν
1597 720 1953 790 σωφροσύνην

369 818 470 886 τὴν
503 813 760 884 ἀδελφὴν,
789 813 1189 880 κατενύγησαν,
1221 811 1488 875 τουτέστι,
1513 809 1942 881 κατεπλάγησαν

370 907 470 960 καὶ
507 902 943 975 κατετρώθησαν
995 902 1101 954 ὑπὸ
1135 901 1338 971 ζήλου·
1379 902 1476 954 καὶ
1497 901 1674 965 οὕτως
1715 903 1794 964 εις
1813 902 1948 971 ἀμε-

367 1000 600 1053 τάθετον
634 996 904 1061 ἐξέπεσαν
943 995 1137 1064 ὀργὴν,
1164 994 1240 1057 ὡς
1272 995 1369 1048 καὶ
1397 994 1534 1064 δόλῳ
1574 994 1635 1047 ού
1676 993 1838 1064 μόνον
1863 991 1956 1046 τὸν

367 1090 660 1160 ὑϐριστὴν,
705 1088 842 1144 ἀλλὰ
877 1090 974 1144 καὶ
1005 1090 1188 1143 πᾶσαν
1223 1085 1390 1141 αὐτοῦ
1419 1085 1518 1157 τὴν
1560 1084 1720 1139 πόλιν
1753 1085 1956 1158 ἡϐηδὸν

369 1182 742 1251 κατασφάξαι.

2063 539 2298 592 sumitur
2327 539 2764 610 compunctionis
2823 538 3068 594 verbum.
3113 537 3248 592 Nam
3305 538 3377 593 ibi
3423 555 3638 608 quoque

2060 631 2350 701 signiﬁcat,
2383 631 2722 685 vulneratum
2757 645 2876 685 csse
2902 629 3062 684 rebus
3092 629 3252 684 bonis
3284 646 3297 683 :
3327 631 3478 684 verbi
3515 647 3636 700 gra-

2063 721 2158 786 tia,
2189 736 2311 772 cuin
2340 722 2506 774 etiam
2534 721 2716 775 divino
2758 735 2943 776 amore
2995 731 3244 789 correpta
3297 722 3476 774 aniina
3523 722 3634 776 cla-

2054 821 2209 866 mat:
2249 830 2268 864 i
2319 812 2455 878 Quia
2499 813 2788 865 dilectione
2851 811 3128 866 vulnerata
3172 829 3290 866 sunt
3366 828 3466 881 ego
3509 813 3572 868 ⁸³.
3611 833 3629 863 ι

2053 904 2352 960 Sciendum
2377 916 2456 960 est
2486 915 2689 967 autem,
2743 921 2847 958 non
2901 904 3122 958 omnino
3174 905 3363 959 eadem
3413 906 3633 959 nomina

2053 1004 2147 1050 aut
2176 996 2337 1050 verba
2371 996 2622 1052 eumdem
2669 1011 2888 1066 semper
2950 996 3284 1050 intellectum
3349 997 3620 1064 praebere.

2052 1085 2187 1140 Nam
2214 1086 2382 1142 David
2413 1099 2630 1157 quoque
2651 1086 2824 1141 dixit:
2860 1103 2880 1138 i
2910 1085 2984 1141 Ut
3041 1096 3226 1140 cantet
3287 1086 3382 1140 tibi
3449 1085 3618 1156 gloria

2055 1193 2198 1243 mea,
2219 1189 2396 1234 etnon
2426 1195 2760 1250 compnngar
2788 1179 2858 1246 “,
2928 1180 3031 1234 hoc
3054 1189 3158 1244 est,
3196 1187 3254 1232 ut
3283 1189 3436 1248 puto,
3470 1193 3538 1233 ne
3567 1192 3632 1232 eo

373 1274 610 1342 redigar,
641 1283 700 1327 ut
734 1290 838 1329 non
894 1273 1122 1342 amplius
1173 1284 1367 1326 canam
1413 1269 1657 1339 hymnos.
1699 1287 1718 1319 ι
1750 1267 1972 1325 Addidit
2009 1271 2156 1326 enim
2191 1289 2205 1326 :
2245 1288 2265 1324 ι
2305 1272 2529 1328 Domine
2581 1274 2720 1328 Deus
2775 1287 2950 1338 meus,
3004 1273 3061 1328 in
3109 1282 3370 1327 aeternum
3403 1271 3630 1326 conﬁte-

373 1363 474 1416 hor
497 1365 590 1418 tibi
620 1363 690 1420 ⁸⁸.
719 1385 738 1417 ι
775 1364 879 1420 Sed
910 1378 962 1420 et
990 1365 1080 1433 qui
1116 1365 1260 1417 circa
1321 1362 1628 1416 Simeonem
1683 1371 1739 1415 ct
1789 1361 1924 1416 Levi
1966 1373 2146 1430 erant,
2171 1373 2291 1432 post
2325 1366 2578 1421 violatam
2656 1381 2767 1422 sine
2837 1367 3041 1424 sororis
3089 1366 3421 1436 pudicitiam,
3490 1381 3632 1420 coni-

369 1455 560 1523 piincti
591 1466 737 1521 sunt,
776 1457 877 1511 hoc
905 1467 988 1511 est
1012 1456 1064 1508 iu
1117 1463 1392 1522 stuporem
1431 1453 1558 1514 acti,
1613 1461 1664 1508 et
1701 1454 2075 1509 convulnerati
2107 1465 2236 1509 sunt
2303 1457 2402 1512 zeli
2473 1469 2528 1512 et
2589 1459 2979 1528 indignationis
3039 1457 3377 1510 vehementia
3410 1473 3423 1510 :
3465 1467 3628 1526 atque

371 1545 448 1598 ita
508 1547 561 1599 in
614 1547 945 1614 pertinacem
1003 1546 1140 1599 iram
1215 1545 1542 1604 inciderunt,
1599 1553 1657 1596 ut
1702 1542 1888 1598 dolose
1945 1559 2162 1614 quoque
2225 1547 2528 1620 “Olim
2597 1548 2768 1603 solum
2844 1549 3017 1617 ipsum
3082 1547 3295 1617 injurim
3354 1557 3632 1602 auctorem

371 1635 620 1702 Sicheni,
649 1637 743 1692 sed
771 1652 875 1690 una
898 1636 1058 1691 etiam
1095 1645 1261 1691 totam
1286 1635 1454 1705 ipsius
1485 1633 1762 1688 civitatem
1815 1647 1844 1687 a
1886 1635 2058 1704 prima
2089 1637 2373 1706 pubertate
2401 1649 2720 1695 mactarent.

858 1733 982 1825 PB’.
1026 1801 1097 1816 -.
1126 1771 1473 1842 summa.

456 1881 672 1952 Ἐπειδὴ
724 1883 1028 1954 γέγραφας·
1073 1884 1134 1938 El
1178 1883 1600 1938 συνεϐούλευσεν
1647 1887 1677 1940 ὁ
1705 1885 1914 1947 Παῦλος
1939 1902 1954 1917 ·

377 1993 397 2027 i
439 1973 628 2039 Θέλεις
655 1975 714 2028 δὲ
769 1974 846 2046 μὴ
887 1974 1174 2044 φοϐεῖσθαι
1217 1976 1318 2048 τὴν
1349 1976 1620 2043 ἐξουσίαν,
1660 1976 1723 2032 τὸ
1755 1977 1956 2045 ἀγαθὴν

371 2063 544 2130 ποίει,
569 2066 666 2120 καὶ
687 2066 832 2134 iisti;
858 2067 1083 2122 ἔπαινον
1116 2067 1176 2132 ἐξ
1201 2069 1372 2140 αὐτῆς
1392 2087 1406 2102 ·
1446 2088 1464 2121 ι
1496 2069 1614 2134 πῶς
1654 2069 1792 2140 μετὰ
1822 2070 1957 2140 βρα-

369 2158 473 2229 χέα
516 2158 713 2226 φησιν·
767 2175 788 2211 ι
847 2158 1098 2212 ’Λπόδοτε
1123 2158 1202 2230 τῷ
1226 2159 1318 2213 τὸν
1351 2159 1538 2231 φόϐον,
1565 2161 1657 2238 τὸν
1689 2161 1886 2230 φόϐον;
1932 2179 1950 2213 ι

367 2245 550 2319 οἶμαι,
584 2251 668 2303 ὅτι
697 2249 746 2302 ει
783 2249 860 2320 μὴ
894 2250 1024 2320 περὶ
1044 2249 1141 2304 τοῦ
1177 2250 1315 2304 θεοῦ
1339 2267 1484 2315 τινες
1509 2251 1642 2305 αὐτὸ
1679 2251 1955 2321 βούλονται

368 2339 631 2412 εἰρῆσθαι
659 2339 679 2412 (
712 2340 1023 2412 γέγραπται
1052 2342 1162 2413 γάρ
1182 2359 1195 2372 ο
1233 2361 1252 2393 ι
1304 2342 1450 2412 Τίμα
1485 2342 1576 2396 τὸν
1606 2342 1831 2413 Κύριον,
1863 2343 1957 2396 καὶ

372 2431 618 2501 ἰσχύσεις
643 2448 656 2462 ο
686 2433 829 2503 πλὴν
858 2432 915 2486 δὲ
949 2433 1114 2486 αὑτοῦ
1145 2433 1220 2504 μὴ
1258 2433 1426 2504 φοϐοῦ
1475 2434 1637 2488 ἄλλον
1671 2435 1716 2504 ι)
1739 2451 1752 2466 ο
1778 2436 1958 2487 ἐκεῖνο

373 2521 476 2589 μὲν
508 2517 656 2586 εἷπε,
697 2523 778 2593 τῷ
811 2523 901 2576 τὸν
933 2523 1096 2592 φόϐον
1145 2523 1253 2578 ἀπὸ
1293 2506 1388 2577 τοῦ
1416 2522 1604 2594 ξίφους
1632 2525 1747 2588 τοῖς
1776 2525 1959 2596 πλημ-

372 2612 630 2672 μελοῦσιν
667 2615 1055 2685 ἐπηρτημένον
1085 2615 1484 2687 διαδιδράσκειν
1515 2616 1606 2670 τὸν
1643 2617 1953 2687 φιλάρετον,

369 2707 465 2759 καὶ
503 2705 601 2758 τοῦ
625 2707 951 2775 ἀρχοντικοῦ
986 2709 1207 2761 ἐπαίνου
1241 2707 1530 2779 τυγχάνειν
1549 2725 1564 2739 ⁸
1597 2708 1756 2762 τοῦτο
1775 2708 1836 2762 δὲ
1863 2706 1956 2762 τὸν

367 2799 432 2848 ἑκ
473 2799 571 2868 τῆς
607 2799 900 2868 συντυχίας
929 2800 1022 2852 καὶ⁴
1050 2801 1151 2871 τῆς
1199 2800 1382 2864 αἰδοῦς
1407 2799 1503 2853 καὶ
1525 2801 1625 2872 τῆς
1666 2801 1833 2872 τιμῆς
1857 2800 1956 2870 τῆς

371 2890 869 2962 κεχρεωστημένης
915 2895 1029 2956 τοϊς
1073 2892 1405 2964 ἡγουμένοις
1437 2895 1734 2964 χρεωστεϊν
1768 2891 1953 2962 φόϐον.

368 2979 508 3032 Οὐδὲ
540 2981 652 3052 γάρ
679 2983 829 3036 ἐστιν
871 2983 1069 3054 ἀτελὴς
1098 2985 1316 3050 τούτου,
1340 2984 1434 3037 τοῦ
1463 2983 1630 3054 μηδὲν
1652 2984 1817 3038 αὐτὸν
1845 3005 1952 3042 πα-

2512 1772 2618 1828 Cll.
2662 1803 2734 1814 —
2775 1771 3168 1829 PHILETRiO.

2125 1884 2389 1953 Quoniam
2433 1901 2529 1952 per
2559 1887 2770 1942 litteras
2816 1889 3110 1956 qumsivisti
3163 1903 3270 1958 quo
3302 1897 3458 1955 pacto
3491 1887 3636 1942 Pau-

2059 1978 2162 2043 lus,
2189 1979 2232 2032 si
2261 1979 2548 2033 consilium
2578 1979 2725 2033 dedit
2755 1979 2838 2033 liis
2871 1980 3051 2034 verbis
3081 1993 3094 2028 :
3143 1997 3161 2030 i
3198 1978 3289 2034 Vis
3311 1989 3490 2034 autem
3527 1997 3631 2033 non

2060 2069 2251 2124 timere
2291 2078 2632 2137 potestatem,
2676 2067 2762 2124 fac
2809 2071 3010 2125 bonum
3049 2081 3103 2124 et
3155 2069 3377 2125 habebis
3421 2071 3633 2124 laudem

2058 2161 2124 2214 ali
2160 2175 2224 2215 ea
2252 2161 2326 2226 °';
2365 2177 2386 2214 ι
2431 2160 2592 2230 paulo
2626 2170 2748 2230 post
2796 2161 2943 2216 dicat
2979 2178 2993 2216 :
3033 2161 3317 2217 «Reddite
3359 2161 3406 2215 ei
3451 2161 3536 2215 cui
3569 2161 3635 2215 ti-

2060 2267 2264 2306 morem
2315 2252 2566 2323 (debetis)
2627 2252 2879 2308 timorem
2909 2251 2954 2285 ⁸⁷
2993 2271 3008 2307 :
3057 2271 3078 2307 ι
3121 2251 3201 2308 sic
3247 2251 3521 2308 existimo.
3576 2251 3633 2306 Si

2059 2343 2148 2412 qui
2178 2343 2351 2398 nolint
2388 2345 2525 2399 forte
2562 2343 2690 2398 illud
2723 2345 2927 2398 dictum
2956 2358 3079 2398 esse
3108 2343 3178 2399 de
3208 2342 3316 2400 Deo
3347 2343 3633 2414 (scriptum
3720 2367 3728 2374 -

2057 2445 2140 2491 est
2163 2437 2358 2491 enim:
2409 2453 2429 2489 ι
2493 2435 2708 2492 Honora
2761 2437 3066 2501 Dominum,
3125 2446 3180 2492 et
3235 2445 3426 2505 potens
3479 2436 3633 2492 eris:

2059 2536 2254 2598 przeter
2297 2529 2469 2597 ipsum
2514 2543 2642 2583 vero
2691 2544 2795 2584 non
2831 2527 3048 2581 timebis
3091 2527 3255 2581 alium
3280 2527 3358 2596 ⁸⁸;
3399 2526 3455 2598 ι)
3505 2525 3634 2582 illud

2057 2620 2272 2688 quidem
2323 2619 2473 2687 prius
2524 2619 2725 2674 dixisse
2779 2619 3001 2673 Paulum
3055 2620 3194 2685 ideo,
3239 2619 3370 2687 quia
3419 2618 3634 2672 virtutis

2057 2709 2332 2763 studiosus
2389 2709 2638 2762 timorem
2673 2709 2846 2771 illuni,
2897 2710 3038 2777 quia
3084 2709 3262 2778 gladio
3311 2709 3634 2764 facinorosis

2059 2799 2351 2869 impendet,
2399 2799 2639 2870 emigiat,
2685 2807 2739 2854 et
2791 2799 2999 2854 Iaudem
3051 2800 3399 2869 magistratus
3440 2814 3631 2853 consc-

2057 2904 2252 2964 quatur
2279 2913 2292 2945 :
2331 2895 2433 2949 hoc
2462 2906 2639 2949 autem
2667 2895 2937 2964 posterius
2963 2895 3279 2964 (protulisse
3307 2896 3452 2962 eum)
3485 2895 3630 2957 ideo.

2056 2986 2181 3054 quia
2228 2985 2390 3039 etiam
2441 2995 2614 3040 metus
2655 2989 2875 3055 quidam
2917 2986 3180 3041 debeatur
3229 2983 3634 3055 magistratibus

370 3071 799 3142 ραϐλάπτοντος,
827 3073 966 3127 ἀλλὰ
999 3075 1091 3128 καὶ
1125 3072 1546 3146 αἰδεσιμώτερον
1572 3075 1667 3128 καὶ
1701 3075 1951 3148 λαμπρό-

2059 3090 2122 3130 ex
2163 3077 2460 3131 reverentia
2512 3088 2567 3132 et
2611 3077 2816 3132 h0iiore
2847 3079 3001 3146 ipsis,
3050 3077 3266 3147 quando
3321 3076 3474 3130 nobis
3512 3090 3633 3129 cum

308 3215 320 3234 γ
365 3179 527 3232 τερον
556 3163 976 3232 ἀποφαίνοντος.
1009 3165 1194 3218 Εῖκειν
1236 3165 1347 3237 γὰρ
1390 3165 1495 3236 χρὴ
1523 3166 1704 3221 ’παντὶ
1746 3168 1944 3231 σθένει,

363 3256 422 3307 tv
451 3247 535 3317 οἷς
571 3255 698 3324 μήτ’
724 3255 976 3310 εὐσέϐεια
1018 3257 1147 3328 μήθ’
1194 3259 1226 3327 ή
1268 3259 1440 3330 ἀρετὴ
1481 3259 1947 3324 καταϐλάπτεται,

366 3344 502 3399 ἀλλὰ
525 3347 618 3399 καὶ
650 3345 1056 3419 βασιλικωτέρα
1076 3351 1168 3403 καὶ
1200 3349 1603 3421 ἐπιφανεστέρα
1629 3352 1692 3404 ὲκ
1718 3351 1815 3420 τῆς
1842 3350 1948 3404 τῶν

368 3438 666 3506 μετιόντων
699 3439 1003 3503 ἐπιεικείας
1023 3440 1401 3510 ἀναφαίνεται.

2056 3167 2164 3222 illis
2191 3169 2456 3238 agendum
2486 3180 2588 3231 est.
2618 3169 2819 3224 debito.
2861 3169 3046 3239 Neque
3068 3170 3210 3225 enini
3252 3169 3302 3222 is
3331 3169 3419 3236 qui
3451 3166 3633 3222 virtuti

2060 3261 2150 3314 dat
2177 3274 2421 3326 Operam,
2468 3260 2729 3315 immunis
2758 3270 2907 3316 esLa
2945 3260 3067 3315 talis
3102 3261 3311 3314 timoris
3337 3259 3417 3328 (ut
3446 3259 3524 3312 sic
3560 3259 3630 3312 Ιο·

2059 3347 2231 3418 quar)
2289 3349 2662 3403 reverentialis
2732 3351 3114 3418 praestatione,
3173 3351 3265 3417 qni
3327 3348 3636 3402 nullatenus

2061 3441 2233 3508 ipsum
2264 3439 2428 3501 lat-dit.
2481 3440 2611 3510 quin
2643 3443 2820 3508 potius
2871 3430 3320 3496 venerabiliorcm
3363 3448 3526 3507 atque
3571 3435 3637 3490 il-

367 3528 680 3584 lustriorem
709 3528 970 3586 declarat.
1021 3529 1228 3586 Cedere
1280 3533 1424 3586 enim
1478 3541 1690 3601 oportet
1757 3531 2146 3602 (magistratui)
2207 3533 2456 3586 omnibus
2540 3533 2768 3596 viribus,
2821 3534 2872 3585 in
2925 3532 3030 3588 illis
3079 3534 3261 3599 rebus,
3336 3532 3390 3586 in
3441 3531 3634 3598 quibus

367 3638 546 3693 neque
589 3623 800 3693 pietati,
852 3639 1026 3696 neque
1060 3623 1245 3681 vi’rttiti
1297 3626 1462 3681 ullum
1513 3626 1737 3681 aifertur
1781 3627 2188 3692 detrimentum,
2259 3627 2366 3680 imo
2435 3627 2598 3680 etiam
2641 3627 2987 3696 praestantior
3049 3637 3212 3697 atque
3273 3626 3535 3696 iiisignior
3567 3639 3640 3680 ex

365 3719 635 3775 cultorum
675 3735 898 3776 suorum
937 3723 1310 3778 moderatione
1342 3725 1770 3779 demonstratur.

618 3852 738 3909 PI".
783 3883 841 3893 --
874 3855 1186 3926 ΕΠΙΜΑΧῼ
1235 3855 1670 3927 ΑΝΑΓΝΩΣἸᾘ.

532 3963 635 4030 Εἰς
662 3964 761 4018 τὸο
798 3983 816 4015 ι
859 3964 1057 4033 ’Υμεῖς
1092 3966 1236 4020 ἐστε
1251 3965 1423 4036 σῶμα
1460 3967 1736 4034 Χριστοῦ.
1787 3987 1805 4020 ι

449 4097 668 4169 Ἐπειδὴ
696 4099 1000 4168 γέγραφας·
1042 4099 1108 4152 Τί
1147 4101 1296 4153 ἐστιν
1320 4117 1338 4162 θ,
1377 4120 1395 4151 ι
1437 4101 1622 4172 Ὑμεῖς
1651 4103 1771 4154 ἐστε
1799 4101 1956 4172 σῶμα

363 4193 628 4261 Χριστοῦ,
661 4195 757 4246 καὶ
791 4193 927 4262 μέλη
959 4194 1023 4246 ἐκ
1052 4193 1287 4264 μέρους;
1315 4213 1333 4246 ι
1365 4176 1548 4265 οἶμαι,
1578 4195 1659 4248 ὅτι
1692 4194 1878 4264 ἐπειδὴ
1906 4195 1956 4247 οι

370 4281 468 4348 μὲν
494 4280 812 4350 ἅπανταγοῦ
846 4283 943 4352 τῆς
968 4283 1059 4352 ὑφ’
1085 4282 1219 4354 ἡλίῳ
1259 4282 1586 4353 Ἐκκλησίας
1612 4283 1772 4353 σῶμα
1812 4284 1945 4353 Χρι·

367 4368 518 4431 σποῦ,
552 4370 830 4439 Κορίνθιοι
856 4370 913 4423 δὲ
945 4371 1108 4440 μέρος
1135 4367 1276 4439 ἦσαν
1314 4371 1507 4424 τούτου
1545 4371 1639 4425 τοῦ
1668 4371 1944 4439 σώματος,

2365 3859 2498 3916 CIII.
2530 3891 2600 3901 —
2628 3859 2976 3914 EI'IMACIIO
3004 3859 3324 3914 LECTORI.

2233 3969 2298 4022 In
2332 3970 2486 4034 illud,
2525 3991 2541 4022 i
2606 3971 2707 4024 Vos
2735 3974 2858 4024 estis
2889 3990 3077 4038 corpus
3105 3973 3300 4025 (Ilii-isti
3334 3973 3400 4025 ⁸³.
3434 3992 3452 4025 ι

2126 4102 2392 4167 Quoniam
2443 4120 2539 4172 per
2593 4103 2804 4157 litteras
2834 4105 3157 4173 tlillBSlVis’li,
3209 4106 3335 4172 quid
3375 4106 3477 4158 sibi
3513 4107 3637 4161 velit

2058 4193 2186 4246 illud
2227 4211 2238 4247 :
2277 4211 2295 4244 i
2345 4191 2453 4248 Vos
2501 4196 2634 4250 estis
2675 4209 2870 4264 corpus
2917 4194 3151 4258 Christi,
3188 4206 3242 4248 et
3294 4198 3530 4248 membra
3570 4212 3634 4250 es

2052 4293 2233 4351 parte;
2265 4302 2284 4334 ι
2315 4285 2571 4349 arbitror,
2602 4286 3219 4355 qiiiaquotq-nottibique
3255 4287 3440 4340 vivunt
3461 4287 3633 4340 homi-

2052 4387 2169 4438 nes,
2200 4374 2453 4429 Ecclesiae
2491 4376 2815 4431 universalis
2837 4378 2939 4430 sub
2961 4379 3073 4430 sole
3104 4392 3198 4445 per
3244 4387 3414 4430 totum
3445 4378 3633 4431 orbein

364 4461 450 4514 διὰ
475 4461 640 4514 τοῦτο
657 4461 876 4530 ἔφησεν·
904 4481 924 4514 ι
963 4462 1057 4514 Ἐκ
1089 4461 1308 4530 μέρους·
1342 4481 1359 4513 ι
1387 4456 1518 4526 οἷον,
1539 4462 1717 4525 Μέλος
1735 4463 1882 4516 ἐστὶν
1914 4466 1947 4534 ἡ

2056 4465 2310 4533 dispersa:
2349 4480 2549 4535 corpus
2589 4468 2924 4521 constituunt
2945 4466 3182 4531 Christi;
3215 4466 3477 4520 Corinthii
3508 4482 3640 4520 vero

368 4553 499 4623 παρ’
538 4551 670 4622 ὑμῖν
713 4553 1012 4622 Ἐκκλησία
1044 4553 1142 4624 τῆς
1183 4553 1518 4624 ἁπανταχοῦ.
1554 4553 1716 4606 Ὥστε
1747 4553 1948 4608 δίκαιοι

367 4637 430 4693 iv
487 4642 638 4710 εῐητε
678 4639 740 4693 οὐ
779 4641 941 4710 μόνον
978 4641 1114 4712 πρὸς
1162 4643 1388 4704 ἑαυτοὺς
1419 4641 1761 4711 (ἐστασίαζον
1791 4644 1946 4715 γὰρ),

2047 4572 2174 4626 pars
2201 4569 2355 4610 erait
2384 4559 2544 4628 hujus
2563 4559 2834 4629 corporis,
2863 4559 2981 4612 ideo
3009 4557 3231 4610 Paulum
3263 4558 3364 4611 hoe
3389 4557 3626 4612 dixisse:

2052 4663 2070 4696 ι
2106 4644 2183 4700 Ex
2224 4657 2394 4716 parte.
2439 4667 2457 4699 ι
2499 4648 2664 4715 Quasi
2706 4649 2910 4702 diceret
2958 4665 2972 4703 :
3025 4647 3261 4702 Ecclesia
3321 4661 3440 4714 quae
3496 4651 3631 4715 apud

366 4732 502 4785 ἀλλὰ
529 4734 625 4787 καὶ
680 4734 818 4805 πρὸς
869 4733 1078 4797 πάντας
1131 4735 1254 4797 τοὺς
1311 4734 1452 4788 κατὰ
1477 4734 1576 4804 τὴν
1617 4737 1948 4808 οἰκουμένην

2056 4751 2143 4791 vos
2170 4747 2277 4802 est,
2326 4741 2630 4793 membrum
2658 4749 2742 4794 est
2773 4738 3029 4793 Ecclesiae
3076 4738 3401 4792 universalis
3434 4738 3632 4804 ubique

365 4823 694 4891 ὀμοπίστους
720 4826 984 4894 ὁμονοεῖν,
1019 4825 1196 4878 πᾶσαν
1218 4824 1482 4895 διχόνοιαν
1503 4827 1566 4877 ὲκ
1599 4825 1774 4879 ποδῶν
1793 4843 1949 4900 ποιη-

368 4912 614 4984 σάμενοι.

2044 4831 2286 4886 locorum
2314 4829 2535 4884 diti‘usie.
2571 4828 2936 4896 Quamobrem
2967 4844 3180 4896 aequum
3205 4837 3373 4891 esset,
3405 4842 3499 4882 vos
3531 4843 3635 4880 non

2044 4921 2217 4975 solum
2247 4922 2386 4977 inter
2412 4923 2766 4992 vosmetipsos
2803 4922 3124 4992 (discordias
3153 4921 3295 4976 enim
3336 4920 3633 4991 fovebant),

365 5018 735 5058 \el'ulllcllmll
759 5020 882 5082 ctuti
904 5006 1155 5059 omnibus
1202 5021 1297 5076 per
1351 5006 1536 5059 urbem
1570 5014 1837 5060 terrarum
1869 5008 2186 5078 degentibus
2225 5012 2422 5080 passim
2455 5011 2580 5065 ﬁdei
2621 5011 2784 5066 sociis
2835 5011 3181 5065 concordiam
3257 5011 3456 5078 colere,
3489 5011 3634 5065 omni

365 5093 641 5150 discordia
674 5092 860 5160 procul
895 5092 1148 5161 relegata.

419 5277 473 5309 ⁸³
500 5276 662 5351 gerit.
687 5291 761 5338 iv,
795 5277 857 5351 9:
931 5276 978 5308 ⁸⁸
1012 5274 1150 5330 Psal.
1187 5291 1338 5342 xxix,
1369 5277 1454 5333 l5.
1530 5279 1575 5310 "'
1609 5279 1756 5334 Psal.
1783 5295 1951 5344 cxvn.

2056 5321 2068 5336 .
2157 5283 2202 5314 "
2232 5283 2519 5351 Romanii,
2551 5287 2606 5342 5.
2695 5287 2736 5319 ⁸⁷
2773 5286 2879 5342 ilii.’

365 5345 454 5403 "l
499 5349 628 5403 Cor.
671 5361 762 5410 xv,
790 5346 880 5401 27.

1477 5501 1705 5558 VARUE
1743 5505 2125 5564 LECTIONES
2164 5509 2252 5564 ET
2290 5509 2524 5567 ΝΟΤᾸΕ.

434 5665 551 5730 (35')
605 5663 750 5727 Ila-0,
797 5665 969 5734 ὅῖῑερ,
1019 5658 1173 5732 οἶμαι
1227 5679 1396 5731 usque
1451 5662 1517 5734 ad
1575 5662 1943 5730 καταπλαγῶ,

365 5735 652 5790 omittebat
687 5736 775 5788 ed.
824 5732 1020 5798 Parim,
1052 5743 1104 5787 et
1153 5743 1297 5788 recte
1350 5732 1666 5803 supplentur
1699 5749 1725 5786 a
1760 5736 1942 5789 codice

2057 5667 2316 5722 Vaticano
2347 5668 2471 5725 650.
2501 5671 2656 5726 Eon.
