4084 6360
581 313 713 384 1171

914 425 1046 483 (21V.
1080 457 1147 470 —
1182 425 1460 483 HIERACI
1492 427 1811 488 DIACONO.

576 518 644 572 In
691 520 911 581 dictum,
971 536 989 569 ι
1039 516 1196 572 Vobis
1243 519 1387 572 dedit
1440 519 1599 578 Deus.
1647 539 1749 575 non
1795 525 1950 576 modo
1985 535 2042 577 ut
2093 526 2151 578 in

644 590 844 710 3m»;
866 589 1163 709 ccederetis,
1197 590 1286 642 sed
1341 590 1499 643 etiam
1546 603 1604 644 ut
1652 607 1747 658 pro
1797 595 1909 662 ipso
1945 605 2153 662 patere-

642 770 902 826 Prazclara
944 777 1106 838 atque
1137 770 1350 841 egregia
1379 771 1619 828 facinora
1651 790 1759 828 non
1787 775 1905 830 sine
1938 776 2150 845 magnis

576 863 738 917 etiam
779 862 1054 916 laboribus
1096 862 1281 929 perﬁci
1331 864 1529 918 solent.
1577 864 1709 920 Cum
1756 867 1921 937 igitur
1955 869 2150 937 exigua

565 955 822 1011 ‘etlutilia
862 957 1045 1011 nescio
1079 971 1200 1024 qua:
1243 972 1405 1026 opera
1437 968 1552 1013 tute
1575 957 1763 1022 facias,
1811 959 1918 1013 noli
1958 967 2148 1026 putare

576 1056 627 1102 te
646 1047 894 1101 maximis
917 1049 1151 1116 praemiis
1175 1050 1470 1116 petiturum
1501 1066 1514 1103 :
1544 1065 1642 1104 nec
1667 1059 1750 1104 est
1771 1049 1913 1120 quod
1941 1065 2149 1120 speres,

571 1154 696 1193 cum
737 1139 902 1193 vitam
947 1139 1179 1210 elegeris
1227 1141 1454 1209 periculi
1507 1149 1780 1211 expertem
1819 1156 1883 1196 ac
1925 1142 2152 1198 mollitie

571 1226 926 1293 tliﬂluentem,
960 1228 1073 1283 fore
1104 1240 1280 1284 tamen
1313 1231 1364 1284 in
1400 1230 1578 1286 fronte
1605 1231 1767 1296 aciei,
1801 1240 1861 1285 ut
1888 1231 1964 1286 sis
2017 1246 2150 1287 con-

572 1320 794 1385 Spicuus
832 1330 996 1390 atque
1047 1319 1295 1391 insignis.
1324 1321 1452 1390 Ejus
1495 1321 1638 1376 enim
1681 1331 1766 1378 est
1807 1323 1970 1378 etiam
2017 1337 2152 1378 voce

571 1412 835 1478 praeconis
875 1411 1133 1467 victorem
1170 1413 1515 1480 proclamari,
1549 1412 1639 1483 qui
1665 1415 1902 1480 pericula
1930 1415 2149 1480 adierit,

571 1502 772 1568 quique
801 1512 1002 1572 tropaea
1031 1502 1304 1557 statuerit.
1331 1503 1482 1568 Quod
1504 1503 1549 1558 si
1588 1505 1751 1558 etiam
1775 1505 2072 1575 contigerit
2092 1517 2151 1563 ut

571 1591 626 1644 in
676 1591 860 1660 pra~lio
909 1593 1214 1659 occumbat,
1273 1593 1533 1647 memoria
1580 1603 1844 1664 perpetuo
1890 1595 2046 1660 vivit,
2094 1607 2149 1654 et

571 1684 792 1752 praemia
830 1682 1033 1752 majora
1062 1699 1221 1752 quam
1250 1698 1346 1754 pro
1383 1683 1603 1739 homine
1629 1695 2011 1756 consequetur.
2041 1687 2148 1744 Ge-

1772 323 1833 382 S.
1879 321 2170 384 ISIDORI
2213 320 2653 384 PELUSIOTIE

2179 439 2225 496 Α
2606 433 2722 486 PA'.
2761 459 2833 470 —
2865 427 3100 484 lEPAKl
3155 428 3470 497 AIAKoNo.

3677 325 3794 390 1172

2253 523 2361 591 Εἰς
2379 525 2446 578 τό
2467 567 2482 591 ,
2531 543 2549 576 ι
2599 521 2771 592 ’Υμῒν
2811 521 3134 592 ἐχαρίσατο
3173 524 3205 574 ὀ
3238 519 3416 592 Θεὸς.-
3440 521 3510 571 οὐ
3534 519 3713 592 μόνον
3735 525 3790 576 τό

2323 589 2412 680 εἰς
2437 589 2625 648 αὐτὸν
2659 589 2985 656 πιστεύειν,
3031 590 3191 644 ἀλλὰ
3232 590 3328 642 καὶ
3360 589 3424 641 τὸ
3455 591 3599 656 ὑπὲρ
3629 592 3792 646 αὑτοῦ

2323 681 2452 718 πασ
2456 681 2608 733 χειν.
2633 685 2652 718 ι

2324 778 2406 832 Τὰ
2443 777 2654 848 μεγάλα
2703 774 3109 846 κατορθώματα
3161 776 3418 846 μεγάλοις
3443 777 3620 830 καὶτὰ
3657 777 3793 847 μέγι-

2253 887 2353 923 στα
2380 871 2657 941 μεγίστοις
2687 868 2800 939 (56)
2828 868 3012 930 πόνοις
3037 867 3431 938 κατορθοῦσθαι
3456 869 3654 936 πέφυκε
3675 872 3792 941 (57).

2249 961 2342 1032 Μὴ
2369 960 2548 1014 τοίνυν
2585 961 2759 1031 μικρὰ
2789 961 2884 1012 καὶ
2926 958 3109 1027 φαῦλα
3139 959 3414 1029 πράττων,
3443 960 3551 1012 οῐου
3579 961 3682 1012 τῶν
3715 977 3796 1030 μισ

2249 1053 2452 1121 γίστων
2497 1052 2750 1106 ἐπάθλων
2774 1049 3095 1115 τεύξεσθαι·
3131 1050 3270 1120 μηδὲ
3309 1050 3398 1104 τὸν
3426 1050 3693 1105 ἀκίνδυνον
3717 1053 3796 1105 καὶ

2250 1141 2419 1212 ὑγρὸν
2457 1141 2715 1210 ἑλόμενος
2745 1139 2881 1208 βίον,
2913 1138 3100 1202 ἔλπιζε
3124 1141 3182 1191 ὲν
3215 1138 3292 1208 τῷ
3324 1139 3558 1208 μετώπῳ
3585 1141 3677 1209 τῆς
3711 1140 3798 1208 φά-

2251 1231 2454 1300 λαγγος
2487 1231 2745 1302 λάμψειν.
2790 1229 2896 1282 Τοῦ
2953 1228 3062 1300 γὰρ
3103 1228 3542 1292 κινδυνεύσαντος
3571 1233 3658 1285 καὶ
3687 1233 3797 1302 τρό‹

2249 1340 2387 1377 παια
2427 1322 2724 1394 στήσαντός
2754 1321 2994 1374 ἐστικαὶ
3034 1319 3096 1372 τὸ
3134 1319 3621 1390 ἀνακηρύττεσθαι.
3665 1323 3720 1374 Εἰ
3749 1323 3797 1376 δὲ

2248 1414 2346 1469 καὶ
2370 1414 2748 1484 τελευτήσειεν
2783 1413 2842 1464 ὲν
2867 1413 2934 1482 τῇ
2963 1411 3133 1481 μάχῃ,
3153 1413 3218 1482 τῇ
3251 1413 3442 1483 μνήμῃ
3471 1412 3797 1481 ἀτελεύτητος

2252 1505 2402 1575 μένει
2429 1504 2564 1574 (38),
2588 1501 2767 1557 καὶτὰ
2785 1501 2996 1555 ἔπαθλα
3019 1499 3243 1570 μείζονα
3267 1502 3380 1566 ἕξει
3404 1501 3436 1571 ἢ
3461 1502 3596 1554 κατὰ
3612 1501 3698 1554 ἄνθ
3708 1519 3796 1571 ρω-

2247 1614 2370 1651 πον.
2412 1595 2471 1648 '0
2504 1595 2563 1647 δὲ
2589 1595 2840 1662 γενναῖος
2864 1593 2959 1646 τοῦ
2993 1592 3232 1663 Χριστοῦ
3267 1593 3590 1665 στρατηγὸς,
3637 1593 3800 1648 καὶτὰ

2248 1687 2392 1758 ὑπὲρ
2418 1684 2584 1739 αὐτοῦ
2617 1685 2919 1756 παθήματα
2954 1683 3253 1752 στεφάνους
3287 1679 3429 1736 εἶναι
3468 1683 3686 1742 εἰκότως
3727 1701 3798 1736 νο·

571 1789 799 1829 uerosus
837 1786 1018 1830 autem
1057 1776 1144 1831 ille
1172 1775 1373 1831 Christi
1405 1777 1510 1832 dux
1555 1778 1762 1833 militiae
1807 1793 1867 1833 ea
1902 1795 2023 1848 qua:
2058 1797 2144 1851 prc

2262 1777 2429 1848 μίξει,
2460 1776 2662 1844 λέγων·
2698 1795 2716 1828 ι
2753 1775 2916 1844 Ὑμῖν
2937 1773 3228 1845 ἐχαρίσατο
3251 1776 3278 1826 ὁ
3311 1774 3467 1837 Θεὸς,
3501 1775 3560 1826 ού
3588 1775 3732 1844 μόνον
3751 1773 3803 1826 τὸ

569 1869 688 1937 ipso
717 1869 966 1932 sustinet,
996 1869 1187 1923 merito
1217 1883 1316 1939 pro
1359 1869 1576 1924 coronis
1602 1871 1788 1938 habet,
1824 1871 1989 1943 470
2011 1873 2138 1930 dum

568 1959 643 2014 ait
680 1975 695 2012 :
734 1979 752 2011 ι
797 1957 956 2014 Vobis
986 1959 1134 2015 dedit
1170 1960 1330 2027 Deus,
1359 1976 1464 2016 non
1500 1962 1673 2016 solum
1718 1962 1770 2017 in
1817 1965 1990 2032 ipsum
2023 1981 2143 2022 cre-

565 2051 715 2118 dere,
743 2052 834 2106 sed
883 2052 1047 2107 etiam
1084 2067 1181 2122 pro
1212 2054 1329 2124 ipso
1355 2055 1487 2124 pati.
1527 2071 1550 2108 ι
1578 2053 1711 2108 Nam
1751 2065 1807 2109 ut
1834 2055 1944 2123 jam
1977 2059 2142 2113 omit-

569 2160 698 2211 .am,
735 2144 928 2213 inquit,
961 2145 1138 2198 futura
1171 2147 1331 2212 bona,
1364 2148 1528 2200 etiam
1561 2148 1688 2216 ipsa:
1715 2150 2018 2218 passiones,
2048 2167 2145 2221 per

563 2252 702 2306 quas
743 2239 905 2291 etiam
942 2237 1041 2306 ipsi
1095 2235 1326 2292 Domino
1367 2241 1851 2306 communicamus,
1907 2243 2142 2298 maxima

561 2335 691 2380 euut
719 2327 937 2396 prmmia
968 2337 1022 2382 et
1050 2342 1267 2383 coronze
1291 2329 1450 2398 longe
1477 2330 1879 2398 pulcherrimae.

809 2437 920 2494 CV.
953 2470 1024 2482 —
1071 2439 1366 2496 OPHELIO
1404 2441 1890 2498 GRAMMATICO.

1129 2530 1203 2586 De
1225 2532 1579 2588 da'monilms.

633 2643 897 2712 Quoniam
929 2652 982 2698 te
1015 2643 1198 2699 mirari
1234 2644 1478 2707 dicebas,
1509 2644 1778 2714 quomodo
1805 2646 2044 2700 nonnulli
2077 2660 2145 2701 ex

562 2734 742 2789 noxiis
791 2734 1127 2790 daemonibus
1152 2735 1512 2804 postularim,
1555 2754 1712 2792 suum
1763 2737 2146 2804 coltorcmju-

561 2831 705 2877 stum
736 2837 879 2887 esse,
912 2823 986 2876 illi
1019 2839 1146 2878 vero
1172 2823 1366 2893 injusta
1421 2841 1579 2894 agere
1607 2829 2003 2894 sustinuerunt,
2032 2827 2149 2882 exi-

564 2911 725 2964 stimo
757 2911 959 2965 idcirco
986 2911 1129 2981 ipsos
1151 2911 1455 2980 postulasse
1489 2920 1546 2966 ut
1573 2914 1745 2967 cultor
1763 2930 1895 2969 suus
1920 2915 2146 2984 justitiaa

563 3014 782 3066 operam
814 3000 990 3066 daret,
1040 3001 1162 3070 quia
1186 3017 1244 3057 se
1271 3017 1368 3070 pro
1391 3003 1495 3058 diis
1542 3005 1821 3070 gerebant,
1851 3014 1905 3060 et
1933 3005 2000 3058 ab
2029 3019 2147 3058 om-

565 3089 726 3143 nibus
750 3089 936 3143 haheri
961 3089 1229 3145 volebant.
1257 3089 1457 3161 lnjusta
1484 3107 1614 3146 vero
1637 3094 2142 3160 subministrabant,

2244 1870 2326 1933 εἰς
2364 1867 2530 1922 αὑτὸν
2566 1867 2677 1938 (59)
2723 1865 3024 1930 πιστεύειν,
3066 1865 3203 1918 ἀλλὰ
3233 1865 3330 1918 καὶ
3377 1865 3438 1918 τδ
3487 1865 3622 1937 ὑπὲρ
3654 1863 3796 1917 αὐτοῦ

2243 1960 2496 2031 πάσχειν.
2530 1977 2548 2008 ι
2581 1957 2698 2012 ’Ίνα
2715 1957 2823 2028 γὰρ
2845 1955 3022 2027 παρῶ,
3048 1955 3206 2025 φησὶ,
3235 1957 3303 2008 τὰ
3331 1955 3595 2026 μέλλοντα
3619 1955 3800 2022 ἀγαθὰ,

2243 2052 2383 2104 αὐτὰ
2409 2050 2480 2103 τὰ
2517 2049 2687 2120 πάθη,
2719 2048 2785 2100 δι’
2823 2043 2900 2102 ὧν
2927 2047 3023 2102 καὶ
3047 2047 3126 2118 τῷ
3161 2047 3414 2119 Δεσπότῃ
3443 2047 3801 2118 κοινωνοῦμεν,

2249 2143 2482 2214 μέγιστά
2503 2144 2620 2196 ἐστι
2645 2140 2894 2211 βραδεῖα,
2920 2141 3014 2194 καὶ
3044 2139 3296 2210 στέφανοι
3316 2140 3616 2194 κάλλιστοι.

2492 2435 2613 2491 PE'.
2634 2466 2703 2478 -
2729 2432 3066 2506 nummus}
3100 2435 3580 2507 ΓΡΑΜΜΑΤΙΚῼ.

2780 2530 2918 2596 Περὶ
2946 2527 3264 2597 δαιμόνων.

2329 2639 2549 2710 Ἐπειδὴ
2591 2639 2896 2710 θαυμάζειν
2935 2638 3092 2710 ἔφης,
3129 2637 3247 2696 πῶς
3291 2656 3441 2704 τινες
3479 2638 3587 2692 τῶν
3635 2637 3802 2708 ἀλιτη-

2247 2731 2380 2804 ρίων
2422 2731 2692 2800 δαιμόνων
2731 2731 2938 2784 δίκαιον
2971 2730 3155 2798 ὴξίουν
3179 2725 3318 2782 εἶναι
3347 2730 3442 2783 τὸν
3492 2727 3808 2800 θεραπευτὴν

2246 2824 2445 2889 αὐτῶν,
2467 2824 2516 2877 οἱ
2541 2823 2648 2893 (40)
2680 2823 2738 2877 δὲ
2769 2825 2834 2876 τὰ
2862 2823 3024 2876 ἄδικα
3055 2821 3188 2893 δρᾷν
3228 2820 3594 2892 πραττόμενοι
3621 2817 3797 2888 ὑπέμε-

2245 2933 2335 2969 νον
2358 2933 2372 2948 ⁹
2407 2915 2673 2988 ἡγοῦμαι.
2719 2917 2800 2968 ὅτι
2826 2915 3033 2968 δίκαιον
3092 2914 3190 2984 μὲν
3230 2912 3418 2983 ὴξίουν
3448 2908 3587 2964 εἶναι
3619 2910 3704 2962 τὸν
3733 2908 3798 2960 θε·

2251 3006 2582 3075 ραπεύοντα,
2608 3006 2741 3058 διότι
2774 3004 2885 3057 θεοὶ
2913 3002 3051 3058 εἶναι
3080 3003 3458 3074 ὑπεκρίνοντο.
3493 2999 3806 3070 ’Υπηρέτουν

2247 3096 2304 3150 δὲ
2329 3095 2398 3149 τὰ
2423 3095 2605 3161 ἄδικα,
2629 3095 2766 3149 διότι
2789 3095 3013 3166 πονηροὶ
3035 3095 3320 3163 γεγόνασιν
3352 3096 3418 3146 ἐκ
3442 3092 3806 3164 προαιρέσεως.

567 3179 709 3247 quod
757 3179 984 3248 improbi
1017 3193 1198 3236 essent
1232 3157 1478 3238 instituto
1512 3184 1674 3238 animi
1718 3193 1773 3238 et
1815 3199 1908 3238 sua
1945 3157 2139 3239 volun;

2260 3186 2480 3257 Ἐπειδὴ
2527 3157 2638 3258 γὸιρ
2687 3157 3170 3257 ᾔδεσανηπολλοῦς
3214 3185 3321 3237 τῶν
3396 3157 3693 3254 ἀνθρώπων
3724 3178 3811 3248 τὴν

566 3278 696 3326 tate.
750 3270 882 3325 Nam
918 3287 1040 3327 cum
1092 3273 1538 3330 scirent'multos
1584 3275 1840 3330 mortales
1884 3275 2140 3331 virtutem

564 3362 618 3418 in
645 3363 820 3434 pretio
866 3364 1085 3431 habere,
1141 3364 1463 3422 simulantes
1511 3381 1569 3423 se
1619 3367 1836 3422 virtutis
1877 3367 2148 3424 studiosos

565 3467 770 3518 amare,
815 3464 875 3507 ut
913 3454 1166 3510 videlicet
1199 3454 1507 3525 opinionem
1547 3457 1833 3526 probitatis
1866 3458 1966 3513 sibi
2010 3473 2147 3512 con-

566 3544 838 3612 ciliarent,
867 3561 971 3600 non
1007 3545 1176 3599 multo
1210 3559 1332 3614 post
1363 3547 1648 3603 sceleratis
1689 3549 1996 3605 actionibus
2021 3563 2150 3621 pro-

563 3633 763 3688 dobant
795 3648 952 3689 suum
993 3634 1062 3689 ad
1095 3634 1233 3688 mala
1268 3637 1608 3704 propendens
1639 3638 1934 3708 ingenium.

862 3745 996 3802 CVI.
1035 3778 1104 3789 —
1128 3747 1480 3806 EPIMACHO
1513 3748 1832 3806 LECTORI.

562 3856 642 3912 De
674 3873 733 3912 eo
772 3858 860 3912 cui
907 3861 1137 3929 quinque
1168 3869 1216 3914 et
1260 3877 1320 3915 eo
1350 3863 1436 3915 cui
1464 3862 1570 3916 duo
1601 3861 1800 3916 talenta
1835 3862 2038 3916 credita
2069 3863 2137 3916 ”.

630 4033 895 4100 Quoniam
931 4036 1252 4105 quaesivisti,
1280 4036 1410 4107 quid
1444 4050 1623 4093 causa;
1676 4038 1769 4102 sit,
1811 4051 1912 4092 cur
1959 4035 2006 4092 is
2049 4036 2144 4101 qui

561 4126 802 4198 quinque
843 4125 1040 4182 talenta
1083 4137 1390 4197 acceperat,
1423 4137 1480 4184 et
1511 4129 1772 4184 lucrando
1820 4127 2142 4199 duplicarat,

641 4281 691 4315 ”
720 4281 955 4356 Philipp.
985 4302 1023 4352 ι,
1053 4283 1145 4340 29.
1231 4286 1276 4319 “
1299 4283 1493 4344 Matth.
1528 4302 1658 4354 xxv,
1688 4286 1756 4343 l5
1786 4301 1940 4358 seqq.

2248 3277 2451 3348 ἀρετὴν
2514 3276 2810 3347 τιμῶντας,
2847 3276 2973 3339 τοὺς
3023 3274 3348 3345 φιλαρέτους
3404 3273 3624 3344 ἀγαπᾷν
3662 3283 3810 3339 προσ-

2244 3369 2604 3439 ποιούμενοι,
2651 3369 2716 3424 ἵν’
2764 3367 2961 3437 ἀγαθοὶ
3012 3367 3316 3438 νομισθεῖεν
3374 3361 3541 3432 εἶναι,
3597 3361 3707 3435 μετ’
3755 3359 3806 3412 οὐ

2244 3461 2379 3514 πολὺ
2402 3463 2523 3524 ταῖς
2554 3461 2775 3530 ὲναγέσι
2801 3458 3062 3530 πράξεσιν
3087 3459 3317 3530 ἤλεγχον
3360 3457 3574 3511 ἑαυτῶν
3602 3455 3695 3525 τὴν
3730 3451 3812 3505 ἐπὶ

2242 3549 2314 3604 τὰ
2336 3550 2484 3604 κακὰ
2507 3551 2780 3622 ῥέπουσαν
2811 3550 3068 3605 διάνοιαν.

2493 3745 2633 3813 PG’.
2672 3775 2744 3786 —
2774 3745 3089 3816 ΕΠΙΜΑΧῼ
3137 3743 3581 3814 ΔΝΔΓΝΩΣΤῌ.

2237 3858 2377 3928 Περὶ
2407 3858 2514 3914 τοῦ
2549 3861 2621 3913 τὰ
2677 3854 2721 3909 ε’
2753 3857 2853 3912 καὶ
2886 3857 2996 3982 ἓιὲῦ
3025 3857 3096 3911 τὰ
3138 3856 3200 3920 ,β’
3247 3853 3525 3910 τάλαντα
3569 3865 3804 3908 πιστευ-

2967 3944 3128 3982 ντορ.

2967 3944 3128 3994 ντος.

2325 4037 2543 4108 Ἐπειδὴ
2577 4037 2710 4110 ἔφης
2738 4055 2752 4070 ο
2779 4037 2878 4092 Διά
2915 4037 2969 4091 τι
3007 4039 3036 4091 ό
3071 4036 3140 4090 τὰ
3165 4036 3328 4090 πέντε
3358 4036 3598 4090 τάλαντα
3622 4031 3807 4095 λαϐὼν,

2245 4127 2340 4181 καὶ
2376 4127 2764 4193 διπλασιάσας,
2782 4127 2879 4181 καὶ
2898 4128 2926 4181 ό
2949 4125 3016 4180 τὰ
3047 4125 3160 4190 δύο,
3183 4125 3277 4195 τῆς
3291 4125 3465 4196 αὐτῆς
3494 4124 3684 4195 ἔτυχεν
3709 4116 3808 4191 (Μ)

1691 4445 1926 4502 νΑιιιΛῑ
1967 4443 2354 4501 LECTIONES
2385 4443 2476 4500 ET
2514 4442 2751 4500 NOTAE.

629 4600 741 4673 (56)
774 4601 874 4657 Ed.
905 4597 1114 4676 Parim.
1146 4603 1402 4676 μεγάλοις
1435 4598 1788 4676 [μεγίστοις].
1819 4598 1994 4657 Locus
2010 4616 2139 4674 sup-

554 4670 736 4744 pletur
775 4687 808 4744 ε
840 4673 960 4725 cod.
999 4670 1362 4744 Yatic._Eorr.

630 4739 740 4812 (37)
776 4740 1052 4812 Sententia
1081 4753 1161 4796 est
1185 4741 1496 4807 Pindarica,
1529 4742 1598 4797 ab
1640 4741 1762 4796 aliis
1800 4755 2012 4809 quoque
2039 4755 2138 4812 au-

554 4812 797 4880 ctoribus
827 4811 1119 4880 celebrata.
1148 4813 1470 4868 Redundare
1494 4822 1672 4868 autem
1711 4812 1798 4866 hic
1823 4821 1950 4878 puto
1985 4811 2140 4880 μεγί-

556 4897 720 4943 στοις.
753 4877 1038 4945 Pindarus,
1072 4879 1281 4949 Olymp.
1321 4882 1355 4937 5
1387 4900 1401 4937 :

567 4970 684 5024 Ἀεὶ
717 4969 770 5038 δ’
807 4969 948 5038 ἀμφ’
976 4970 1246 5038 ἀρεταῖσι
1289 4974 1476 5036 πόνος
1507 4969 1765 5024 δαπάνα.

559 5041 628 5093 Te
648 5037 968 5108 μάρκαται,
995 5037 1144 5107 ,πρὸς
1165 5040 1344 5109 ἔργον
1367 5039 1626 5106 κινδύνῳ
1649 5039 2123 5110 κεκαλυμμένον.

557 5127 622 5181 Et
653 5127 862 5196 Olymp.
896 5126 929 5180 6
962 5145 978 5181 :

528 5243 535 5249 -
567 5217 895 5270 Ἆκίνδυνοι
921 5217 974 5268 δ’
1002 5217 1228 5283 ἀρεταὶ.
1251 5217 1388 5270 οὔτε
1409 5219 1544 5284 παρ’
1574 5218 1886 5285 ἀνδράσιν,

554 5287 691 5339 Οῦτ’
726 5287 796 5338 ἐν
824 5285 1008 5338 ναυσὶ
1039 5287 1268 5348 κοίλαις
1293 5288 1474 5353 τίμιαι
1496 5304 1508 5316 ·
1542 5288 1763 5342 πολλοὶ

553 5356 627 5409 Δὲ
650 5355 1003 5423 μέμνανται,
1045 5357 1239 5409 καλὸν
1279 5356 1388 5409 εῖτι
1413 5356 1666 5424 ποναθῇ.

551 5445 682 5516 Quae
711 5444 797 5498 his
833 5444 1103 5516 versibus,
1135 5445 1246 5516 qui,
1281 5455 1564 5516 scazontes
1611 5446 1967 5516 appellantur,
2002 5449 2116 5503 red-

552 5515 689 5568 didit
725 5513 1126 5568 eruditissimus
1159 5514 1439 5567 Fabricius
1472 5532 1485 5568 :

553 5582 776 5638 Sudoris
803 5596 987 5650 expers
1029 5595 1074 5636 et
1107 5584 1330 5651 periculi
1369 5585 1557 5647 virtus,

556 5652 668 5722 ﬂeo
697 5668 728 5702 a
758 5651 903 5717 viris,
939 5668 1029 5705 nec
1065 5655 1119 5706 in
1149 5651 1446 5722 triremibus
1478 5654 1672 5722 famam
1846 5696 1855 5701 -

554 5718 790 5775 Meretur
817 5733 834 5770 :
867 5728 924 5772 at
958 5722 1095 5780 quod
1118 5738 1234 5776 cum
1267 5719 1446 5774 labore
1479 5718 1764 5789 perfectum
1792 5735 1861 5776 eu
1888 5739 1906 5784 ,-

2236 4597 2371 4670 Ejus
2402 4601 2532 4668 riget
2562 4614 2784 4668 perenne
2803 4607 2848 4651 et
2880 4597 3130 4667 inclytum
3163 4611 3370 4650 nomen.
3415 4593 3592 4650 Βιττ.

2307 4677 2422 4763 (58)
2449 4688 2725 4763 sententia
2757 4688 2945 4763 eadem
2977 4697 3062 4742 est
3096 4685 3293 4756 Tyrtazi
3326 4694 3503 4763 poeta:
3535 4692 3598 4763 _ct
3628 4679 3810 4763 popia-

2239 4754 2354 4811 rum
2394 4759 2545 4810 ducis
2599 4756 3023 4810 Lzu'ouicarutn:
3084 4754 3292 4809 necnon
3339 4754 3640 4808 Justiuiani
3689 4754 3809 4869 iulg.

2239 4827 2317 4869 ιίι,
2350 4827 2522 4869 Ιιιςίιίι.
2563 4826 2636 4869 ηρ
2665 4837 2896 4869 prrusnl-
2937 4837 3034 4869 Ini-
3076 4825 3154 4869 uel
3193 4840 3304 4869 cur-
3346 4824 3450 4869 nni
3489 4838 3590 4869 nm
3631 4836 3754 4869 rPDll
3792 4852 3808 4869 ο

2237 4827 2523 4903 tit._l_us.tit.
2561 4826 2636 4903 De
2665 4837 2896 4879 excusat.
2937 4837 3035 4879 (ul.
3076 4825 3154 4878 vel
3193 4840 3305 4903 cur,
3346 4824 3450 4890 Qui
3481 4838 3590 4903 .pro
3630 4824 3808 4903 repuh.

2236 4886 2563 4966 ceciderunt.
2600 4901 2649 4947 iu
2693 4907 3008 4966 perpetuum
3042 4910 3136 4963 per
3171 4886 3394 4966 gloriari
3438 4886 3632 4966 Iri—vere
3668 4886 3810 4966 intel-

2239 4965 2497 5033 liguutur.
2536 4961 2734 5034 Tyrtuéi
2785 4961 3195 5034 Cartuina'apud
3236 4962 3393 5018 Joau.
3434 4961 3711 5016 Stobaequ
3749 4961 3812 5009 vi-

2234 5035 2347 5088 deri
2380 5047 2622 5101 possunt.
2653 5035 2725 5088 lo.

2308 5105 2420 5174 (39)
2449 5106 2579 5158 Cod.
2616 5105 2734 5158 Vat.
2783 5102 2919 5166 650,
2953 5103 3185 5174 Χριστὸν
3224 5103 3370 5173 legit,
3403 5112 3462 5157 et
3511 5114 3657 5153 vers.
3701 5111 3806 5166 seq.

2235 5172 2370 5228 ἄλλα
2403 5190 2498 5238 pro
2531 5175 2690 5227 αὑτά.
2731 5175 2932 5227 Possm.

2307 5235 2418 5311 (40)
2449 5245 2580 5298 Cod.
2621 5243 2740 5296 Vat.
2783 5243 2885 5295 650
2935 5245 3099 5298 verba
3145 5241 3493 5312 θεραπευτὴν
3531 5241 3730 5312 αὐτῶν,

2233 5303 2458 5376 omittit,
2491 5324 2544 5364 et
2575 5329 2670 5380 pro
2722 5315 2786 5366 iis
2823 5313 3157 5382 limciponit,
3202 5303 3619 5382 θεραπεύονται
3665 5303 3808 5382 ait?“

2223 5382 2300 5447 δὲ,
2333 5394 2436 5436 etc.
2473 5377 2588 5435 Mox
2626 5399 2721 5448 pro
2757 5377 3122 5453 πραττόμενοι
3175 5377 3314 5436 idem
3360 5383 3564 5436 melius
3605 5377 3805 5438 scribil,

2223 5453 2697 5522 προσταττόμενοι.
2731 5454 2804 5506 ID.

2293 5522 2404 5586 Uti)
2433 5515 2540 5575 Pro
2565 5523 2754 5593 ἔτυχεν
2778 5521 2906 5593 _c0d.
2941 5520 3067 5593 Vat.
3097 5519 3205 5593 650
3238 5521 3402 5593 habet
3434 5519 3653 5593 ἔτυχον.
3692 5515 3800 5570 Mox

2220 5591 2254 5713 '4
2304 5593 2443 5645 inter
2493 5591 2693 5662 ἐπειδὴ
2728 5591 2836 5660 γὰρ
2917 5603 2972 5646 et
3019 5591 3116 5662 οὐχ
3164 5591 3355 5647 inserit
3405 5591 3471 5642 τὸ
3527 5591 3796 5658 διάφορον-

2243 5678 2292 5713 o.

2243 5678 2292 5713 υ.
