4084 6372
557 348 580 414 Ι
598 349 696 416 175
1753 348 1811 410 S.
1859 347 2150 410 ISIDORI
2187 345 2626 409 PELUSIOTE
3666 339 3782 407 1176

557 464 624 510 ad
661 456 1026 512 Abrahamum
1070 480 1084 515 :
1131 477 1150 510 ι
1193 457 1484 526 ingredere
1529 457 1595 510 ad
1643 458 1892 512 ancillam
1935 473 2170 522 ιιιθοιιι,

2277 474 2368 522 .ου,
2399 456 2494 510 καὶ
2542 451 2933 516 τεκνοποίησον
2963 449 3020 515 ἐξ
3059 447 3256 516 αὐτῆς.
3299 463 3316 495 ι
3361 445 3433 497 Τὸ
3474 445 3514 497 δ’
3549 446 3781 516 ἅψασθαι,
3877 496 3890 502 ἡ

554 559 610 603 et
636 549 832 606 liberos
881 566 946 604 ex
980 564 1042 605 ea
1073 549 1407 619 procrea".
1449 568 1468 603 ι
1522 549 1798 616 Tangendi
1841 559 2020 602 autem
2066 550 2132 603 de

2240 545 2335 597 ἐπὶ
2373 543 2468 596 τοῦ
2502 543 2696 612 φιλεῖν,
2728 541 2761 611 ἢ
2799 537 3114 609 ἐφάψασθαι
3148 535 3282 604 (47).
3329 536 3390 587 Εἰ
3437 536 3542 605 γὰρ
3567 538 3654 590 καὶ
3693 557 3780 592 πα.

558 641 840 707 basiando,
883 651 975 695 aut
1021 641 1441 696 contrectando.
1493 641 1814 710 Quanquam
1845 641 1987 694 enim
2029 640 2129 693 iSta

2244 635 2621 707 ραὸαλλόμενα
2645 636 2712 704 τῇ
2749 631 2978 702 συνόδῳ,
3003 631 3065 682 οὐ
3092 630 3238 682 δοκεῖ
3254 630 3617 699 ἁμαρτήματα
3645 625 3781 696 εἶναι,

553 733 598 787 si
638 746 760 787 cum
793 733 936 787 coitu
979 731 1352 797 conferantur,
1382 743 1602 802 peccata
1642 747 1762 787 esse
1807 747 1911 786 non
1947 732 2133 786 viden-

2238 728 2376 782 ἀλλά
2413 745 2475 796 γε
2508 726 2768 796 ἀληθείας
2798 722 3128 793 δικαζούσης
3179 721 3492 789 πταίσματα
3533 723 3620 775 καί
3665 723 3783 778 αὐτὰ

554 831 682 884 tur,
739 831 1113 881 verumtamen
1153 821 1396 877 Veritate
1430 822 1711 892 judicante
1755 823 1870 893 ipsa
1918 837 2133 892 quoque

2237 821 2462 883 εἰκότως
2491 819 2557 873 ἂν
2579 819 2686 890 εἴη.
2715 819 2778 871 Εἰ
2801 819 2911 886 γὰρ
2932 819 2966 886 ή
2996 815 3284 886 περίεργος
3309 815 3405 866 θέα
3439 815 3643 884 μοιχεία
3665 811 3783 869 εἶναι

551 912 746 968 merito
793 912 974 982 lapsus
1023 913 1242 984 quidam
1288 915 1561 970 censenda
1605 915 1826 969 fuerim.
1877 913 2013 968 Nam
2077 914 2123 967 si

2241 913 2581 982 κέκριται,ή
2627 912 2737 980 ἁφὴ
2783 908 2964 979 πολλῷ
3015 908 3176 961 πλέον
3221 902 3556 978 κριθήσεται.
3601 908 3783 979 Ὠσπερ

550 1004 761 1058 curiosa
806 1005 1189 1074 contemplatio
1226 1003 1552 1059 adulterium
1601 1019 1725 1059 esse
1760 1003 2003 1071 judicata
2043 1013 2128 1059 est.

2240 1004 2352 1074 γὰρ
2382 1005 2472 1056 ἐπὶ
2499 1003 2608 1055 τῶν
2637 1003 2862 1055 εἰκόνων
2889 999 3088 1070 χρῶμα
3107 999 3370 1069 γραμμῆς
3394 997 3786 1070 κινητικώτερόν

551 1094 620 1164 (a
665 1095 944 1167 Christo.)
997 1095 1355 1150 contrectatio
1385 1105 1536 1150 certe
1584 1095 1752 1149 multo
1807 1094 1979 1165 magis
2032 1109 2130 1164 pro

2232 1096 2382 1148 ἐστιν
2405 1110 2417 1123 ·
2467 1094 2612 1148 οὕτω
2651 1094 2746 1148 καὶ
2783 1093 2878 1146 ἐπὶ
2910 1091 3019 1144 τῶν
3067 1091 3182 1158 (48)
3225 1090 3492 1160 σωμάτων
3528 1090 3636 1162 ἁφὴ
3677 1089 3785 1153 θέας

550 1185 820 1241 adulterio
848 1188 1200 1257 judicabitur.
1231 1187 1695 1253 Quemadmodum
1729 1186 1873 1239 enim
1912 1187 1963 1240 in
1998 1189 2132 1240 ima-

2234 1185 2682 1257 κινητικώτερον.
2715 1186 2778 1238 Εἰ
2823 1184 3007 1236 τοίνυν
3052 1185 3086 1254 ή
3108 1183 3204 1235 Θέα
3241 1181 3538 1252 λεπτοτέρα
3559 1177 3684 1234 οὖσα
3704 1199 3785 1234 κα-

549 1274 767 1342 ginibus
799 1276 1026 1346 depictis
1047 1277 1199 1332 color
1217 1277 1388 1347 magis
1413 1276 1579 1330 allicit
1610 1287 1944 1345 spectatores
1970 1292 2129 1346 quam

2232 1279 2578 1349 τακέκριται,
2612 1278 2646 1348 ἡ
2699 1276 2812 1348 ἁφὴ
2867 1275 3154 1346 παχυτέρα
3188 1271 3327 1328 οὖσα
3358 1273 3666 1338 ἀπόλαυσις,
3701 1273 3786 1326 οὐκ

551 1365 692 1419 nuda
721 1366 1070 1434 lineamenta,
1129 1368 1210 1423 sic
1248 1368 1411 1423 etiam
1453 1367 1506 1421 in
1545 1369 1863 1436 corporibus
1909 1384 2128 1436 compa-

1350 1383 1411 1420 .m
1453 1367 1506 1421 in
1545 1369 1863 1436 corporibus
1909 1384 2128 1436 compa-
2234 1371 2542 1432 ἀπεικότως
2566 1367 2963 1440 ἀπηγόρευται.

551 1466 729 1512 ratum
767 1466 871 1522 est,
904 1471 962 1516 ut
987 1469 1162 1515 tactus
1230 1473 1394 1529 quam
1438 1459 1586 1513 visus
1634 1458 1892 1527 majorem
1939 1463 2186 1516 movendi
2229 1464 2335 1517 vim
2406 1463 2622 1519 habeat.
2667 1463 2722 1517 Si
2763 1461 2928 1530 igitur
2970 1471 3220 1528 aspectus
3275 1456 3524 1526 quamvis
3571 1455 3787 1510 subtilior

550 1563 744 1606 sensus
788 1553 860 1606 sit
891 1567 957 1607 ac
990 1551 1198 1620 purior,
1231 1551 1621 1606 condemnatus
1661 1559 1746 1606 est
1782 1563 1984 1617 tamen,
2023 1567 2128 1606 non
2171 1554 2443 1609 immerito
2473 1561 2671 1619 tactus,
2703 1563 2760 1606 ut
2793 1552 2884 1622 qui
2951 1552 3025 1607 sit
3084 1551 3324 1606 crassior
3359 1560 3522 1618 atque
3557 1545 3786 1616 impurior

550 1657 769 1709 sensus,
801 1644 1107 1713 prohibitus
1133 1651 1238 1699 est.

868 1753 982 1811 CX.
1014 1786 1086 1796 —-
1117 1754 1418 1812 LEONTIO
1459 1754 1814 1814 EPISCOPO.

2538 1763 2640 1818 PI'.
2674 1791 2747 1802 --
2785 1758 3084 1830 ΛΕΟΝΤΙῼ
3123 1757 3496 1828 ΕΠιΣκοιιο.

553 1845 694 1911 Quid
720 1847 786 1900 sit
815 1846 949 1900 illud
974 1862 992 1900 :
1033 1863 1054 1898 ι
1093 1847 1160 1902 Et
1191 1859 1342 1902 erunt
1388 1849 1442 1902 in
1469 1849 1729 1903 montibus
1766 1859 1820 1902 ut
1877 1851 2131 1906 columbae

2239 1854 2302 1908 Τί
2324 1853 2485 1908 ἐστι*
2530 1872 2547 1904 ι
2589 1852 2699 1908 Καὶ
2731 1851 2979 1906 ἔσονται
3027 1849 3127 1902 ἐπὶ
3151 1848 3268 1900 τῶν
3315 1849 3503 1914 ὀρέων
3530 1848 3606 1914 ὠς
3649 1863 3785 1915 περι-

1159 1919 1469 1973 meditantes
1508 1919 1575 1972 ’⁷.
1607 1936 1630 1971 ι
2655 1938 2772 1990 ore]

2655 1921 2858 1990 στεραὶ
2887 1918 3267 1988 μελετητικαί
3289 1933 3308 1981 ;
3347 1937 3368 1968 ι

619 2026 881 2094 Quoniam
932 2041 1031 2098 per
1076 2027 1286 2084 litteras
1334 2028 1660 2099 qutesivisti,
1703 2029 1832 2100 quid
1885 2031 1952 2084 sit
2002 2032 2130 2087 illud

2301 2033 2522 2106 Ἐπειδὴ
2567 2033 2881 2104 γέγραφαςο
2913 2031 2978 2084 Τί
3023 2032 3140 2084 ἐστι
3179 2029 3240 2082 τὸ
3273 2029 3488 2102 γραφὲν
3525 2026 3667 2098 παρά
3710 2026 3785 2078 τοῦ

547 2117 692 2187 quod
714 2118 782 2173 ab
811 2117 1096 2174 Ezechiele
1124 2120 1385 2186 scriptum
1412 2129 1497 2174 est
1526 2138 1538 2174 :
1566 2138 1585 2170 ι
1615 2119 1682 2173 Ει
1713 2133 1873 2174 erunt
1897 2122 1946 2174 in
1978 2135 2131 2174 mon-

2240 2122 2506 2195 Ἰεζεκιήλ
2529 2144 2544 2156 ·
2593 2146 2611 2176 ι
2657 2124 2769 2177 Καὶ
2817 2123 3032 2176 ἔσονται
3071 2121 3165 2174 ἐπὶ
3197 2120 3304 2173 τῶν
3331 2121 3507 2190 ὁρέων
3552 2117 3624 2180 ὡς
3653 2133 3786 2186 περι-

548 2211 692 2267 tibus
719 2221 777 2266 ut
800 2212 1069 2267 columba:
1104 2211 1466 2276 meditantes;
1502 2229 1522 2263 ι
1563 2212 1886 2279 respondeo,
1913 2212 2130 2267 tametsi

2234 2217 2424 2287 στερα).
2444 2215 2795 2286 μελετητικαί
2818 2231 2833 2280 ;
2861 2233 2879 2266 ι
2916 2213 3079 2284 φημὶ,
3111 2215 3191 2267 ὅτι
3220 2211 3551 2273 πολυεπείας
3569 2209 3660 2276 μὲν
3676 2206 3787 2277 χρί-

552 2301 744 2356 multis
792 2303 977 2356 verbis
1029 2301 1267 2372 indigeat
1307 2301 1429 2371 ejus
1498 2300 1898 2370 interpretatio,
1930 2318 2014 2356 me
2050 2310 2131 2357 ta-

2233 2306 2314 2371 ζει
2341 2309 2373 2377 ή
2402 2306 2670 2378 ἑρμηνεία
2692 2321 2704 2335 ⁶
2736 2307 2906 2376 ὅμως,
2953 2305 3028 2364 ὡς
3084 2303 3149 2356 ἂν
3180 2299 3290 2368 οἷός
3331 2321 3395 2356 τε
3439 2296 3501 2363 ὦ,
3536 2296 3786 2368 συντεμὼν

545 2405 667 2446 men
717 2407 877 2460 quam
924 2400 1112 2462 potero
1170 2392 1710 2463 compendiosissime
1755 2394 1807 2448 id
1851 2394 2131 2464 expositu-

2232 2398 2425 2468 φράσω
2449 2416 2462 2431 ο
2499 2399 2634 2469 Περὶ
2668 2397 2778 2450 τῶν
2823 2399 2880 2450 ὲν
2913 2399 2978 2466 τῇ
3017 2394 3365 2447 Βαϐυλωνίου
3405 2393 3574 2462 ἐφόδῳ
3599 2391 3785 2442 ἀνασω-

544 2498 686 2538 rum.
723 2482 798 2538 De
831 2482 936 2538 illis
969 2494 1089 2537 erat
1121 2497 1302 2537 sermo
1341 2483 1639 2553 prophetae,
1671 2485 1763 2552 qui
1801 2495 1860 2538 ut
1893 2502 1922 2538 a
1951 2485 2121 2554 Baby-

2232 2488 2435 2542 Θὲντων
2473 2490 2554 2550 εἰς
2584 2488 2653 2541 τὰ
2673 2488 2798 2558 ὅρη,
2841 2483 2909 2558 ἦν
2940 2486 3017 2558 τῷ
3048 2487 3306 2558 προφήτῃ
3329 2489 3358 2538 ὁ
3402 2485 3575 2552 λόγος,
3604 2478 3783 2534 ὅτιούδ“

542 2573 672 2628 lonii
709 2571 899 2644 (regis)
926 2573 1208 2628 invasione
1240 2573 1339 2628 tuti
1373 2583 1580 2639 essent,
1608 2573 1662 2627 in
1688 2583 1901 2629 montes
1927 2572 2121 2629 confu-

2231 2574 2298 2627 ἂν
2327 2574 2521 2640 δόξωσι
2545 2573 2971 2644 διαπεφευγέναι
2999 2576 3124 2638 τοὺς
3165 2574 3487 2643 πολεμίους,
3515 2568 3786 2638 διαφεύξον-

539 2672 730 2732 gerant
751 2679 766 2718 :
786 2677 921 2730 quos
941 2663 1038 2728 ait,
1053 2663 1301 2733 quamvis
1325 2663 1506 2718 hostes
1525 2663 1778 2733 ell‘ugisse
1793 2665 2126 2728 viderentur,

2229 2681 2318 2716 ται
2343 2663 2441 2734 τὴν
2464 2664 2641 2734 δίκην.
2680 2665 2847 2718 Ὀταν
2877 2664 2988 2735 γὰρ
3027 2665 3126 2728 τὰς
3157 2664 3402 2734 ἐρήμους
3439 2658 3786 2729 κατειληφότες

541 2764 722 2809 tamen
765 2753 991 2822 justitiae
1028 2754 1224 2809 divina:
1267 2755 1797 2811 animadversionem
1852 2771 1956 2811 non
2004 2773 2129 2812 eva-

2229 2753 2335 2820 ἒξω
2369 2755 2476 2807 τῶν
2527 2756 2718 2808 δεινῶν
2763 2751 2901 2810 εἶναι
2938 2758 3275 2827 ἡγήσωνται,
3302 2756 3428 2809 τότε
3463 2750 3710 2822 γυναῖκάς
3737 2763 3785 2799 τε

538 2857 720 2898 suros.
756 2840 893 2897 Nam
927 2843 1148 2913 quando
1181 2845 1237 2898 in
1271 2844 1532 2900 solitariia
1565 2845 1697 2901 locis
1723 2859 2128 2903 commorantes

2230 2850 2326 2902 καὶ
2375 2849 2572 2912 παῖδας
2597 2849 2692 2903 καὶ
2719 2850 2829 2904 τῶν
2863 2849 3040 2904 ἄλλων
3068 2849 3284 2903 οἰκείων
3305 2848 3406 2902 τὸν
3444 2847 3654 2918 ὄλεθρον
3676 2843 3785 2913 θρη-

537 2940 697 2986 estra
725 2947 941 2988 onmem
975 2933 1064 2988 teli
1078 2933 1283 3003 jactum
1306 2949 1368 2989 se
1388 2935 1717 2993 constitutos
1745 2951 1865 2992 esse
1893 2939 2126 2995 arbitra-

2231 2941 2452 3004 νοῡντες
2501 2941 2842 2995 διατελοῦσιο
2883 2941 2963 3012 τῷ
3003 2941 3065 2995 δὲ
3101 2941 3210 2995 τῶν
3247 2938 3592 3011 περιστερῶν
3631 2949 3783 3002 παρα-

539 3021 764 3085 buntur,
797 3031 924 3077 tunc
947 3034 1004 3076 et
1035 3038 1236 3080 uxores
1284 3039 1414 3081 suas
1448 3035 1501 3081 et
1541 3026 1761 3096 libems,
1805 3040 1860 3085 et
1897 3040 2124 3084 caetero-

2172 3083 2193 3103 η
2229 3031 2486 3102 δείγματι
2518 3033 2579 3086 τὸ
2615 3032 2949 3103 περιώδυνον
2981 3033 3090 3086 τῶν
3110 3032 3299 3103 ψυχῶν
3343 3032 3700 3102 παρέστησεν.
3735 3023 3785 3074 Οἱ

539 3127 659 3166 rum
694 3113 1117 3182 propinquorum
1143 3114 1369 3168 exitium
1417 3118 1694 3186 perpetuis
1724 3083 2014 3187 gemitibus
2061 3106 2152 3176 ac‘

2172 3083 2193 3141 ³
2230 3083 2480 3193 an...
2532 3083 2783 3192 έοῶξαῖέξ
2798 3083 3098 3194 gas}.
3122 3083 3486 3186 ’τξὺξπέλὲις
3539 3083 3596 3172 τὲ
3646 3115 3785 3174 πάθος

538 3201 1020 3259 lamentationibus
1057 3215 1476 3274 prosequentur.
1521 3207 1906 3263 Columbarum
1946 3223 2124 3266 autent

2224 3209 2550 3280 ἐκφέροντες
2576 3209 2635 3262 οὐ
2670 3209 2873 3279 μικρὰν
2896 3209 3239 3280 λαμϐάνουσι
3265 3209 3363 3261 τοῦ
3395 3207 3595 3268 πάθους
3629 3217 3784 3272 παρα-

537 3293 639 3348 sub
703 3293 938 3365 imagine
969 3298 1272 3354 acerrimos
1347 3299 1654 3354 animorum
1722 3305 1996 3356 cruciatus
2056 3307 2126 3359 ob

2226 3299 2446 3369 μυθίαν·
2481 3299 2821 3369 Κουφίξεται
2851 3300 2961 3370 γὰρ
2985 3300 3187 3371 τρόπον
3213 3299 3334 3354 τινὰ
3370 3302 3437 3370 τῇ
3468 3297 3702 3368 διηγήσει
3732 3293 3785 3343 τὰ

535 3385 723 3440 oculos
743 3388 1041 3457 proposuit.
1061 3388 1162 3456 Qui
1185 3391 1329 3444 enim
1352 3393 1613 3453 clamant,
1635 3399 1690 3445 et
1711 3407 1940 3463 angores
1959 3393 2123 3467 472

2222 3389 2370 3463 πάθη
2410 3392 2522 3461 (49)
2552 3408 2565 3419 ·
2596 3394 2644 3445 οἱ
2689 3391 2734 3446 δ’
2789 3390 2894 3445 ὑπὸ
2927 3390 3100 3456 δέους,
3152 3391 3183 3463 ἢ
3232 3393 3408 3464 ἄλλης
3452 3390 3590 3454 τινος
3631 3385 3785 3443 αἰτίας

535 3477 702 3532 animi
736 3478 818 3532 sui
856 3478 922 3532 ad
951 3480 1230 3549 proximos
1263 3480 1522 3549 eﬂerunt,
1563 3498 1670 3540 non
1705 3487 1960 3555 exiguum
1997 3502 2123 3554 per-

2226 3486 2352 3555 σιγῇ
2388 3483 2491 3548 τὰς
2547 3483 2837 3555 συμφορὰς
2891 3483 3400 3555 κατακρύπτοντες,
3442 3483 3584 3554 μόνῳ
3625 3479 3677 3531 δὲ
3722 3475 3784 3543 τῷ

533 3568 741 3639 cipiunt
783 3570 988 3628 doloris
1016 3573 1270 3629 solatium
1300 3585 1356 3630 et
1407 3575 1793 3632 levamentum.
1825 3579 1958 3634 Nam
1987 3595 2123 3648 qun-

2235 3575 2526 3645 στεναγμῷ
2543 3576 2642 3645 τὴν
2668 3575 2860 3644 ὀδύνην
2881 3575 3258 3646 ἐμφαίνοντες,
3283 3577 3609 3630 ἀνύποιστον
3629 3571 3784 3640 ἔχουσι

533 3659 824 3715 dammodo
851 3661 1055 3718 leviora
1086 3662 1228 3719 ίίιιιιι
1265 3667 1538 3722 narrando
1585 3669 1723 3722 mala
1756 3668 1840 3739 (ea
1873 3684 1993 3738 quae
2027 3683 2124 3724 nos

2229 3666 2322 3720 τοῦ
2385 3665 2557 3720 κακοῦ
2605 3665 2702 3737 τὴν
2750 3665 2957 3735 ἔφοδον,
2996 3667 3090 3720 ἆτε
3135 3668 3214 3728 εἰς
3268 3666 3568 3738 θεραπείαν
3608 3664 3696 3734 μὲν
3724 3655 3786 3724 μὴ

533 3753 828 3823 cruciant).
860 3753 963 3820 Qui
999 3769 1129 3810 vero
1154 3765 1247 3810 aut
1270 3767 1432 3814 metu
1473 3768 1570 3814 aut
1607 3759 1768 3814 aliam
1810 3762 2120 3830 quampiam

2228 3759 2512 3822 νεύουσαν,
2563 3760 2642 3821 εἰς
2672 3757 2922 3811 ἐπίτασιν
2961 3758 3018 3811 δὲ
3072 3757 3401 3826 βλέπουσαν.
3439 3756 3676 3827 Δηλῶσαι
3709 3744 3785 3802 οὖν

535 3841 609 3896 ob
633 3859 854 3900 causam
877 3846 1095 3904 silentio
1118 3848 1456 3906 calamitates
1479 3866 1609 3908 suas
1643 3851 1926 3908 involvunt
1961 3861 2126 3922 atque

2225 3847 2550 3919 βουλόμενος
2583 3846 2697 3919 (50)
2726 3846 2826 3917 τῆς
2869 3847 3140 3917 τιμωρίας
3166 3846 3226 3899 τὸ
3253 3847 3509 3917 μέγεθος,
3552 3841 3679 3898 ἀλλὰ
3710 3835 3786 3890 καὶ

537 3937 815 4003 occulunt,
851 3939 944 3993 sed
977 3938 1098 3994 solo
1134 3942 1371 4010 suspirio
1400 3942 1703 3998 cruciatum
1754 3944 2121 4008 subindicant,

2357 3941 2488 4003 ῖέους
2511 3939 2608 4012 τὴν
2637 3938 2963 4010 ὑπερὸολὴν,
2991 3939 3106 4007 εἴγε
3133 3938 3269 4010 μηδὲ
3291 3939 3492 4009 ὲκόοᾷν
3503 3933 3783 4005 τολμῶμεν.
3896 4015 3898 4018 _

536 4025 614 4081 illi
687 4027 1083 4086 intolerabilem
1148 4033 1503 4102 experiuntur
1561 4033 1689 4089 mali
1759 4035 2119 4100 invasionem,

2219 4031 2318 4101 τῆς
2348 4031 2590 4100 ὑποψίας
2611 4031 2702 4084 ἀεὶ
2731 4031 2830 4101 τὴν
2859 4029 3048 4100 ἔφοδον
3080 4031 3191 4083 τῶν
3220 4029 3500 4102 πολεμίων
3527 4029 3779 4095 ὀνειροπο-

533 4119 736 4188 quippe
759 4135 881 4189 qua:
903 4122 970 4178 ad
998 4123 1344 4178 sanationem
1400 4141 1507 4180 non
1543 4125 1785 4190 inclinet,
1818 4128 1911 4181 sed
1939 4127 2120 4194 potius

1709 4135 1785 4190 et,
1818 4128 1911 4181 sed
1939 4127 2120 4194 potius
2217 4124 2438 4194 λούσης,
2469 4125 2534 4194 τῇ
2565 4123 2792 4196 τοιαύτῃ
2824 4123 2992 4176 εἰκόνι
3028 4124 3319 4194 ἐχρήσατο.

534 4211 602 4265 ad
647 4222 992 4278 augmentum
1024 4223 1078 4270 et
1105 4215 1466 4271 intensionem
1504 4225 1730 4285 spectet.
1776 4216 1910 4271 Cum
1978 4216 2144 4286 igitur
2221 4211 2645 4282 magnitudinem
2704 4195 2866 4267 vellet
2923 4213 3166 4268 iudicare
3214 4213 3483 4281 supplicii.
3527 4219 3691 4275 neque
3735 4195 3780 4252 id

531 4302 705 4358 solum
762 4318 952 4359 verum
992 4306 1158 4360 etiam
1212 4308 1753 4364 vehementissimum
1815 4321 1871 4364 et
1932 4309 2256 4363 acerrimum
2297 4315 2525 4370 metum,
2587 4305 2854 4374 siquidem
2901 4321 3076 4374 neque
3141 4305 3454 4359 exclamare
3520 4300 3779 4366 audemus,

531 4395 838 4465 suspicione
866 4411 1082 4468 semper
1122 4398 1373 4454 hostilem
1419 4400 1832 4469 impressionem
1905 4401 2051 4455 velut
2079 4400 2133 4454 in
2172 4413 2366 4456 somno
2425 4397 2814 4453 obversantem
2873 4413 2938 4453 ac
2992 4407 3437 4467 reprmseutatam
3515 4391 3782 4462 cogitante.

528 4489 766 4563 imagine
789 4492 1051 4562 ejusmodi
1083 4510 1213 4552 usus
1241 4505 1344 4550 est.

841 4585 982 4642 CXI.
1001 4618 1072 4627 —
1091 4587 1442 4645 LAMPETIO
1469 4587 1790 4647 DIACONO.
2145 4603 2190 4658 ι)

2145 4603 2190 4658 ι)
2495 4585 2647 4642 PIA'.
2694 4616 2764 4626 -
2795 4584 3157 4655 ΛΛΜΠΕἸΊῼ
3193 4583 3522 4653 ΔΙΑΚΟΝῼ.

675 4674 840 4731 «σωκ
870 4676 1121 4733 obtuleris
1144 4695 1332 4735 munus
1356 4689 1503 4735 tuum
1529 4683 1598 4734 ad
1625 4684 1798 4736 altare
1816 4681 1883 4734 “.
1913 4701 1931 4733 ι
2229 4697 2247 4729 t

2229 4697 2247 4729 ι
2299 4675 2444 4732 Ἐὰν
2485 4675 2837 4745 προσφέρῃς
2873 4676 2948 4760 τό
2975 4673 3168 4741 δῶρόν
3217 4691 3334 4728 σου
3366 4672 3469 4726 ἐπὶ
3496 4671 3562 4724 τὸ
3591 4670 3778 4722 θυσια-

2834 4759 3106 4812 στηριον.
3150 4763 3168 4796 ι

600 4855 850 4914 Maxima:
873 4871 1015 4914 curae
1045 4868 1174 4915 sunt
1199 4857 1309 4917 Deo
1365 4859 1544 4916 Verbo
1574 4861 1853 4916 hominum
1882 4862 2025 4915 inter
2051 4874 2109 4916 se

2293 4859 2564 4929 Μέγιστον
2596 4859 2708 4931 (51)
2755 4857 2834 4928 τῷ
2878 4857 2998 4928 Θεῷ
3048 4856 3205 4927 Λόγῳ
3255 4858 3283 4910 ό
3338 4854 3466 4925 περί
3508 4848 3616 4905 τῶν
3661 4841 3776 4912 πρὸς

599 5011 816 5080 ἐϐοη.
842 5026 954 5081 xu,
980 5013 1041 5068 Ξ.
1103 5013 1150 5047 ’⁷
1186 5014 1385 5071 Ezech.
1417 5030 1515 5080 vn,
1546 5015 1635 5072 16.
1717 5015 1766 5049 ⁸⁸
1797 5013 1988 5070 latth.
2054 5029 2108 5079 ν,
2134 5011 2228 5069 25.

1661 5171 1896 5228 νΑῐιιΔΞῑ
1934 5169 2320 5228 LECTIONES
2356 5169 2446 5225 ET
2480 5166 2715 5225 ΝΟἸίΕ.

602 5326 726 5402 (47)
782 5327 890 5384 Pro
940 5325 1256 5400 ἐφάψασθαι
1302 5327 1444 5385 idem
1497 5331 1618 5386 cod.
1660 5332 1849 5387 scribit
1893 5331 2110 5402 ἑπαφᾶο

2217 5327 2312 5384 sed
2342 5328 2506 5383 etiam
2535 5325 2777 5402 querulis
2809 5324 3212 5402 narrationibus
3253 5324 3305 5379 in
3353 5323 3596 5402 aliorum.
3617 5314 3770 5402 sinunt

531 5389 912 5455 oOét.Possnt.
983 5389 996 5400 ’
1062 5389 1075 5398 ’
2015 5389 2028 5402 ’
2216 5389 2568 5454 ειοηετοιυνξ
2622 5394 2824 5450 Confer
2861 5395 3035 5448 locmn
3069 5395 3300 5450 similem
3347 5394 3487 5462 apud
3535 5389 3770 5444 lsidorum

599 5469 971 5542 (48)_Pro_his,
997 5468 1093 5524 καὶ
1119 5468 1212 5523 ἐπὶ
1255 5467 1387 5537 τῶν,
1420 5469 1562 5525 idem
1586 5473 1709 5527 cod.
1738 5472 1911 5528 solum
1944 5472 2110 5529 habet

1486 5484 1562 5524 em
1586 5473 1709 5527 cod.
1738 5472 1911 5528 solum
1944 5472 2110 5529 habet
2216 5465 2612 5542 nos_t_rum_lib.A
2634 5481 2698 5542 in
2733 5479 2818 5532 ep.
2849 5463 3099 5542 84h":

527 5521 814 5622 κάὴὶέὲιέγ-
856 5521 971 5622 ινα]
1096 5608 1165 5622 ..
1372 5521 1441 5620 ⁷.
1503 5607 1544 5622 η
1585 5609 1634 5622 ..

2264 5521 2400 5607 *(50)
2417 5621 2431 5622 7
2456 5521 2874 5622 Βογᾼόμεγὸςτᾲ
3056 5531 3386 5622 μενος
3404 5540 3580 5622 [puto‘
3594 5521 3769 5580 adden-

597 5609 710 5682 (49)
740 5607 856 5666 Non
885 5609 1061 5666 solum
1094 5608 1280 5679 igitur,
1311 5617 1370 5664 ut
1393 5607 1472 5662 ait
1501 5607 1682 5672 0vid.,
2213 5601 2546 5682 duim:qu
2592 5601 2663 5682 in
2693 5620 2795 5658 ms.
2835 5601 3277 5682 'Oinittiti’tr,__o§_
3295 5603 3473 5682 μονόν.
3499 5670 3509 5682 .
3531 5601 3601 5651 la.

2289 5664 2541 5747 (ὅθ-Ῥω
2559 5674 2813 5747 μέγιστον
2839 5674 2956 5747 cod.
2989 5672 3110 5747 Vat.
3136 5664 3240 5726 650
3267 5664 3416 5728 habet
3446 5670 3702 5741 μέγιστος,
3724 5664 3768 5710 ει

680 5744 934 5813 Expletur
959 5745 1209 5815 lacrymis
1241 5745 1573 5816 egeriturque
1598 5743 1769 5811 dolor,
2218 5743 2364 5802 vers.
2384 5743 2435 5797 "2
2469 5755 2592 5799 ante
2621 5743 2778 5811 λόγος
2807 5744 2956 5798 addit
2983 5746 3032 5797 ό.
3082 5743 3292 5799 Possm.
