4084 6354
345 334 476 398 1177

1209 340 1748 402 EPISTULARUM
1790 345 1936 404 LIB.
1983 347 2057 404 IV
2137 373 2206 384 ·-·-
2241 348 2476 407 ΕΙἾΞΤ.
2517 349 2696 412 CXII.

3472 347 3599 405 1178

341 447 602 515 ἀλλήλους
658 445 1018 514 καταλλαγῶν
1067 447 1243 515 λόγος.
1293 450 1352 502 '0
1381 451 1490 520 γὰρ
1533 453 1820 518 διαλλάξας
1854 456 1922 508 τὰ

2048 456 2515 511 ειτοιιείΙίπιίοιιθε.
2545 458 2674 509 Nam
2721 457 2861 509 idem
2890 456 2999 520 ille,
3026 457 3114 522 qui
3150 453 3448 509 cmlestium
3479 468 3598 507 cum

343 536 571 608 οὐράνια
596 539 711 600 τοῖς
737 537 1018 605 ἐπιγείοις,
1047 534 1202 602 οὗτος
1237 541 1332 594 καὶ
1375 543 1471 602 τὰς
1515 543 1714 614 ἔχθρας
1744 562 1922 614 παρα-

318 627 484 690 λύει,
524 630 661 697 μήτε
703 629 868 697 φῦναι
904 631 1226 701 συγχωρῶν,
1265 633 1360 685 καὶ
1398 633 1780 706 βλαστησάσας
1818 638 1927 690 ἀπὸ

344 718 456 770 τῶν
483 716 652 788 ριξῶν
698 718 868 782 αύτάς
898 721 1207 774 κατασείων
1229 737 1242 751 ·
1293 722 1442 790 λέγει
1469 725 1567 793 μὲν
1604 727 1743 796 γάρ’
1779 745 1798 778 ι
1834 727 1925 797 Μὴ

344 807 567 874 ὀργίςου
594 806 676 878 τῷ
698 807 915 878 ἀδελφῷ
938 825 1032 862 σου
1075 811 1222 879 είκῆ.
1267 831 1287 863 ι
1331 813 1550 885 Ἐπειδὴ
1580 815 1636 867 δέ
1665 812 1773 870 οἶδε
1828 819 1926 888 τὴν

345 897 700 969 ἀνθρωπίνην
726 899 1014 952 ἀσθένειαν
1060 900 1469 957 ὀλισθαίνουσαν
1492 904 1627 974 (5‘2),
1662 906 1756 959 καὶ
1791 907 1929 975 μετά

345 993 408 1044 τὸ
441 991 696 1059 γενέσθαι
727 993 934 1047 διαλύει
975 994 1086 1064 (55)
1146 996 1244 1059 τάς
1282 997 1459 1066 ῥίζας,
1509 1001 1691 1054 καὶτὸ
1731 1003 1928 1054 οἰκεῖον

347 1083 522 1154 δῶρον
547 1084 732 1155 μένειν
768 1086 1057 1140 ἀτέλεστον
1082 1087 1351 1156 ἀνέχεται,
1387 1089 1495 1152 ἕως
1529 1092 1596 1145 ἂν
1627 1092 1764 1163 πρὸς
1803 1094 1930 1146 ἐαυ-

351 1179 481 1240 τοὺς
507 1177 890 1249 σπεισὼμεθα·
918 1179 1032 1249 ἔχει
1070 1179 1170 1250 μὲν
1191 1176 1284 1234 οὖν
1319 1182 1734 1254 φιλανθρωπίαν
1765 1187 1930 1257 ἀκρο-

348 1269 528 1339 τάτην
559 1269 621 1323 τδ
651 1269 875 1341 λεχθέν⁶
907 1273 1009 1326 οὐκ
1063 1275 1286 1345 ἀμοιρεῖ
1314 1275 1370 1328 δὲ
1412 1277 1506 1329 καὶ
1553 1277 1815 1348 λογισμοῦ
1848 1278 1929 1331 δι-

352 1357 535 1414 καίου.
565 1361 638 1414 Σὺ
674 1361 773 1432 μὲν
799 1361 930 1434 γάρ,
955 1365 1111 1434 φησὶ,
1135 1365 1326 1434 φιλανθ
1337 1366 1546 1436 ρωπίαν
1575 1368 1757 1438 ζητεῖς
1780 1386 1792 1399 ο
1813 1368 1931 1422 ἀλλ’

349 1451 377 1502 ὁ
405 1449 732 1520 ἠδικημένος
786 1452 1088 1523 ἐκδίκησιν.
1139 1455 1213 1508 Σὺ
1266 1455 1365 1525 μὲν
1403 1454 1590 1517 καλεῖς
1634 1455 1748 1526 (54)
1777 1455 1933 1527 ἐλεή-

353 1559 494 1610 μονα
517 1559 529 1572 ·
562 1541 679 1595 ἀλλ’
721 1543 932 1607 ἐκεῖνος
973 1544 1202 1599 δίκαιον.
1249 1547 1322 1598 Σὺ
1367 1545 1698 1617 συγγνώμην
1739 1548 1930 1610 αἰτεῖς,

351 1631 470 1684 ἀλλ’
501 1633 710 1696 ἐκεῖνος
747 1633 821 1704 μὴ
855 1633 1141 1705 βοηθηθεὶς
1170 1637 1431 1708 καταϐοᾷ.
1463 1637 1680 1691 Παΰσον
1727 1641 1933 1692 ἐκεῖνον

353 1721 579 1784 δικαίως
628 1723 1008 1786 καταδοῶντα.
1041 1727 1135 1779 καὶ
1164 1727 1264 1779 οὐκ
1302 1728 1632 1798 ἀμοιρήσεις
1661 1728 1758 1799 τῆς
1793 1729 1934 1799 ἐμῆς

2035 546 2386 600 terrestribus
2409 548 2638 616 gratiam
2668 547 3076 616 redintegravit,
3110 546 3230 599 odia
3265 559 3482 615 quoque
3503 545 3601 595 lto-

2035 638 2237 690 minum
2264 639 2524 698 dis5nlvit.
2555 654 2728 708 neque
2773 641 2954 693 enasci
3013 653 3076 691 ea
3122 640 3463 708 permittens,
3498 639 3600 691 etsi

2037 728 2176 780 forte
2204 729 2650 797 germinaverint,
2683 730 2938 783 radicitus
2966 731 3056 783 illa
3089 729 3410 783 concutiens
3442 737 3604 795 atque

2033 818 2287 871 evellens.
2319 819 2404 870 Ait
2434 820 2578 872 enim
2615 837 2628 872 :
2668 837 2687 870 ι
2726 818 2840 873 Noli
2893 820 3052 873 irasci
3096 819 3252 871 fratri
3282 827 3374 872 tuo
3437 827 3604 870 teme-

2037 922 2094 962 re
2117 909 2208 963 ⁹⁸⁶.
2249 927 2268 958 ι
2297 908 2432 975 Quia
2459 924 2587 963 vero
2616 911 2783 977 probe
2804 913 3074 981 cognitam
3099 909 3256 964 habet
3313 911 3604 962 humanam

2037 998 2428 1063 infirmitatem,
2457 1017 2576 1068 qua!
2601 1001 2701 1054 levi
2732 1011 3004 1055 momento
3031 1001 3096 1053 ad
3123 1001 3325 1069 lapsum
3357 998 3594 1066 impelli-

2037 1097 2144 1152 tur,
2173 1087 2333 1140 etiam
2361 1090 2565 1143 exortis
2590 1091 2890 1144 inimicitiis
2927 1089 3172 1144 dissolvit
3229 1103 3414 1142 earum
3449 1088 3596 1141 radi-

2034 1191 2147 1242 ces,
2177 1179 2418 1248 adeoque
2436 1182 2710 1248 proprium
2743 1197 2936 1236 manus
2983 1179 3356 1250 imperfectum
3384 1193 3607 1234 manere

2035 1283 2190 1336 atquo
2216 1270 2396 1324 animo
2423 1273 2544 1335 fert,
2575 1272 2751 1340 quoad
2784 1287 2954 1341 usque
2980 1273 3123 1326 inter
3153 1287 3250 1325 nos
3283 1271 3338 1324 in
3377 1285 3606 1325 concor-

2041 1358 2184 1412 diam
2221 1361 2526 1415 redeamus.
2560 1361 2692 1415 Cum
2746 1361 2910 1429 igitur
2953 1361 3005 1415 id
3046 1359 3189 1429 quod
3249 1359 3452 1413 dictum
3505 1369 3607 1423 est,

2041 1465 2306 1504 summam
2365 1451 2419 1504 in
2481 1467 2540 1506 se
2599 1453 2992 1507 humanitatem
3029 1453 3466 1522 complectatur:
3501 1463 3611 1505 tum

2039 1542 2200 1596 etiam
2231 1543 2598 1612 rationejusta
2631 1561 2735 1599 non
2769 1545 3100 1600 destituitur.
3129 1546 3262 1599 Nam
3286 1555 3340 1599 tu
3375 1546 3614 1614 quidem,

2041 1633 2236 1702 inquit,
2259 1634 2642 1689 humanitatem
2670 1636 3165 1704 benignitatemque
3193 1639 3334 1705 apud
3366 1649 3450 1690 me
3468 1648 3617 1702 qua!-

2043 1724 2149 1786 ris;
2185 1733 2240 1777 at
2270 1725 2316 1778 is
2352 1726 2442 1792 qui
2472 1728 2569 1778 abs
2604 1737 2654 1779 te
2706 1725 2900 1793 injuria
2955 1724 3184 1780 affectus
3229 1734 3334 1788 est,
3359 1725 3616 1778 ultionem

354 1813 644 1881 εὐμενείας
664 1831 678 1844 ο
701 1814 986 1882 διάλλαξον
1005 1817 1187 1886 σαυτῷ
1207 1817 1299 1870 τδν
1325 1818 1671 1889 ἀδικηθέντα,
1705 1822 1798 1873 καὶ
1811 1821 1930 1873 τότε

2048 1814 2228 1883 poscit.
2261 1814 2339 1867 'I‘u
2366 1814 2582 1880 quidem
2631 1814 3039 1868 misericordem
3071 1830 3156 1867 me
3187 1828 3348 1867 vocas
3384 1830 3398 1866 :
3437 1823 3492 1866 at
3523 1813 3616 1866 ille

358 1904 462 1971 ἐμὲ
530 1903 888 1974 διαλλαγῆναί
937 1922 1022 1958 σοι
1083 1905 1453 1975 ἀντιϐόλησον.
1503 1909 1580 1961 Οὐ
1640 1910 1939 1978 πιπράσκω

357 1991 519 2063 δώρῳ
566 1993 854 2064 ἀλλοτρίας
885 1995 1224 2066 ἐκδικήσεως
1269 1996 1495 2051 δίκαιον.
1524 1999 1598 2050 Οὐ
1642 1999 1846 2052 νοθεύω
1880 1998 1941 2051 τὸ

360 2083 662 2136 ἀδέκαστον
713 2087 996 2156 κριτήριον
1042 2086 1196 2153 (55)°
1247 2088 1308 2140 ού
1358 2088 1692 2159 μεταδίδωμί
1746 2107 1827 2142 σοι
1865 2089 1942 2161 τῷ

359 2170 685 2242 ἀδικήσαντι
723 2174 823 2243 τῆς
873 2172 988 2244 (56)
1019 2174 1326 2246 εὐμενείας,
1355 2177 1460 2241 ἕως
1511 2177 1578 2231 ἂν
1607 2180 1634 2231 ὁ
1666 2179 1946 2249 ἀδικηθεὶς

359 2260 735 2331 ὀλοφύρηται·
785 2265 962 2318 ἐκεῖνό
1018 2281 1101 2318 σοι
1156 2267 1464 2338 δωροῦμαι,
1511 2269 1573 2321 οὐ
1622 2270 1817 2340 μικρὸν
1861 2272 1942 2338 ὃν,

2040 1908 2266 1974 justum.
2304 1903 2382 1958 Tu
2423 1907 2630 1959 veniam
2661 1905 2900 1974 postulas
2938 1921 2952 1958 :
2988 1911 3043 1958 at
3067 1904 3156 1957 ille
3190 1905 3428 1958 nondum
3460 1904 3614 1972 adju-

2050 2008 2134 2052 tus
2163 1999 2440 2051 reclamat.
2470 1997 2786 2066 Tranquilla
2823 1996 2975 2050 illum
3031 1997 3122 2068 qui
3163 1995 3307 2063 juste
3361 1993 3621 2049 reclamat

2049 2088 2160 2160 (ne
2199 2089 2293 2142 tibi
2320 2089 2529 2142 veniam
2565 2089 2857 2142 concedam
2880 2088 2919 2157 ),
2944 2096 2998 2142 et
3056 2098 3182 2142 tunc
3237 2101 3354 2140 mea
3388 2085 3481 2139 tibi
3513 2099 3618 2139 non

2042 2180 2216 2235 deerit
2249 2179 2642 2236 benevolentia.
2665 2179 2974 2233 Iteconciiia
3004 2179 3156 2248 prius
3188 2177 3282 2231 tibi
3313 2191 3438 2231 eum
3457 2189 3617 2244 quem

2043 2271 2226 2326 laesisti
2259 2286 2273 2335 ;
2305 2279 2360 2323 et
2394 2281 2521 2324 tunc
2557 2270 2713 2333 mihi,
2745 2279 2797 2322 ut
2836 2269 2931 2323 tibi
2986 2267 3326 2331 reconcilier,
3352 2265 3614 2336 supplica.

361 2354 500 2406 ἀλλά
536 2355 631 2406 καὶ
667 2355 860 2427 κομιδῇ
894 2355 1151 2426 μέγιστον
1175 2373 1188 2388 °
1221 2358 1553 2430 ὑπερτίθημι
1580 2360 1680 2430 τὴν
1711 2361 1943 2430 διάγνω-

2048 2360 2157 2416 Νοη
2182 2364 2354 2417 vendo
2395 2360 2728 2429 munerejus
2755 2361 2946 2415 alienae
2998 2361 3220 2414 ultionis
3254 2378 3266 2414 :
3303 2374 3412 2412 non
3467 2355 3621 2411 adul-

364 2461 487 2498 cw°
528 2447 629 2498 οὐκ
660 2446 880 2518 ἐκφέρω
909 2448 1072 2512 εὐθὺς
1103 2449 1363 2518 αὐτοτελῆ
1397 2451 1693 2520 ἀπόφασιν.
1743 2454 1946 2526 Δίδωμί

364 2549 454 2586 σοι
483 2535 676 2607 καιρὸν
706 2537 1149 2608 ἀπολογήσασθαι
1179 2538 1259 2609 τῷ
1281 2539 1613 2610 ἀδικηθέντι.

2044 2463 2162 2508 tero
2216 2455 2584 2523 incorruptum
2615 2454 2879 2522 judicium
2932 2469 3154 2508 meum:
3190 2469 3296 2505 non
3351 2451 3492 2504 facio
3547 2459 3622 2513 te,

2043 2546 2134 2614 qui
2171 2544 2400 2598 alterum
2427 2545 2620 2614 injuria
2653 2544 2904 2610 aﬂ'ecisti,
2964 2559 3096 2599 mea:
3138 2543 3450 2612 participem
3504 2554 3628 2609 gra-

365 2627 478 2690 tiae,
511 2641 674 2695 quam
698 2626 790 2680 diu
813 2626 1012 2694 injuria
1056 2627 1304 2695 aﬂ‘ecms,
1339 2631 1468 2682 mihi
1517 2631 1586 2685 de
1659 2640 1709 2685 te
1771 2633 2144 2702 conqueritur.
2204 2633 2337 2688 Illud
2388 2635 2481 2689 tibi
2545 2634 2767 2706 largior,
2835 2637 2978 2704 quod
3036 2635 3250 2704 quidem
3310 2633 3626 2701 neutiquam

361 2717 643 2787 exiguum.
679 2718 774 2772 sed
835 2716 990 2786 longe
1038 2720 1330 2773 maximum
1357 2729 1440 2775 est
1472 2739 1486 2776 :
1517 2721 1725 2790 protelp
1760 2736 1937 2778 causae
1976 2724 2417 2792 dijudicationem
2449 2744 2464 2781 :
2498 2741 2604 2780 non
2669 2725 2855 2782 statim
2908 2725 3198 2795 perfectam
3250 2739 3316 2778 ac
3385 2722 3627 2778 definiti-

361 2823 489 2861 vam
547 2805 838 2876 pronuntio
882 2807 1236 2862 sententiam.
1271 2806 1522 2866 Concedo
1559 2811 1652 2866 tibi
1681 2811 1912 2882 spatium
1952 2814 2019 2869 ad
2047 2815 2490 2872 satisfaciendum
2521 2816 2570 2869 ei
2601 2831 2764 2884 quem
2803 2815 3002 2886 injuria
3038 2812 3284 2869 atl'ecisti.

886 2898 1030 2950 PIB‘.
1066 2928 1138 2938 —
1168 2899 1418 2954 ΩΡΙΩΝΙ.

360 2988 623 3063 Περί-(αξ)
667 2988 1016 3063 συντᾴξεως
1061 2990 1174 3063 τοῦ»
1208 2991 1620 3048 ἀποστολικοῦ
1641 2994 1910 3063 ῥήματος
1930 3037 1947 3063 ,

506 3058 653 3112 ἔνθα
684 3059 837 3126 φησι
858 3075 871 3088 ·
910 3077 928 3110 ι
967 3061 1335 3114 κωλυόντων
1364 3063 1576 3131 ταμεῖν
1607 3058 1743 3134 (3η.
1783 3083 1801 3116 ι

449 3119 701 3221 Ἐπειδὴ,
729 3119 782 3203 τί
808 3151 925 3204 ἐστι
963 3151 1022 3204 τὸ
1053 3153 1344 3222 είρημένον
1490 3119 1721 3226 Παύλῳ,
1765 3176 1782 3209 ι
1824 3157 1951 3210 Κω-
1977 3119 2022 3176 c

356 3243 602 3297 λυόντων
642 3245 839 3313 γαμεῖν
859 3259 873 3273 ·
922 3243 1018 3296 καὶ
1046 3244 1345 3314 ἀπέχεσθαι
1383 3245 1689 3317 βρωμάτων
1709 3288 1724 3307 ,
1769 3267 1789 3301 ι
1819 3247 1948 3318 ήθέ-

358 3334 538 3407 λησας
577 3334 768 3404 μαθεῖν
791 3373 805 3398 ,
857 3335 988 3400 ίσθι,
1030 3336 1112 3389 ὃτι
1141 3337 1286 3400 τινὲς
1334 3338 1460 3408 μὲν,
1496 3339 1954 3411 προσποιούμενοι

356 3429 584 3495 ἀγνοεῖν
615 3427 696 3480 ὃτι
721 3428 966 3498 χάρισμα
993 3420 1251 3496 γνώσεως
1277 3430 1370 3483 καὶ
1397 3430 1587 3500 σοφίας
1613 3431 1826 3502 εἴληφε,
1864 3432 1958 3484 καὶ

358 3522 449 3574 δτι
498 3519 706 3590 Ἐρμῆς
739 3517 876 3573 εἶναι
929 3521 1188 3592 ἐνομίσθη
1211 3561 1225 3584 ,
1263 3522 1398 3590 φασὶ
1431 3522 1506 3594 μὴ
1549 3523 1959 3594 κεκρατηκέναι

359 3613 460 3664 τὸν
487 3612 811 3666 ’Δπόστολον
830 3611 931 3682 τῆς
963 3612 1236 3684 φράσεως,
1259 3614 1374 3667 ἀλλ’
1409 3616 1492 3678 είς
1523 3616 1836 3669 τούναντίον
1867 3632 1963 3668 πε-

2479 2906 2643 2979 473
2671 2905 2827 2962 CXII.
2857 2937 2927 2946 -—
2953 2904 3208 2962 ORlONI.

2057 3000 2134 3056 De
2165 3001 2553 3055 constructione
2592 3000 2870 3067 apostolici
2897 2999 3045 3063 dicti,
3072 2998 3160 3051 ubi
3199 2998 3279 3050 ait
3310 3012 3330 3049 :
3365 3015 3386 3048 ι
3437 2994 3632 3050 Prohi-

2269 3072 2497 3125 bentium
2529 3070 2922 3122 matrimonium
2938 3069 3243 3122 contrahere
3263 3067 3374 3124 ⁹⁸“.
3399 3085 3418 3118 ι

2130 3161 2394 3229 Quoniam
2414 3161 2541 3231 quid
2567 3161 2636 3214 sit
2653 3159 2792 3229 quod
2813 3161 2950 3228 apud
2969 3158 3190 3213 Paulum
3214 3159 3430 3220 dicitur,
3456 3177 3473 3208 ι
3505 3155 3636 3211 Pro-

2062 3254 2359 3308 hibentium
2404 3253 2629 3314 nubere,
2663 3260 2718 3305 et
2775 3251 3050 3305 abstinere
3097 3265 3125 3302 a
3157 3249 3310 3313 cibis,
3355 3266 3373 3300 ι
3425 3247 3638 3302 discere

2059 3344 2300 3405 voluisti,
2336 3343 2479 3397 scire
2503 3343 2668 3396 debes
2707 3342 2968 3409 quosdam
2998 3340 3317 3394 simulantes
3344 3353 3403 3392 se
3426 3338 3640 3392 nescire

2055 3434 2196 3498 quod
2225 3431 2424 3486 donum
2452 3432 2695 3486 scientia:
2718 3438 2769 3484 et
2793 3430 3072 3499 sapientire
3101 3437 3443 3492 consecutus,
3468 3428 3643 3496 quod-

2060 3541 2165 3593 que
2193 3525 2262 3577 ob
2285 3523 2338 3578 id
2360 3524 2521 3578 etiam
2543 3523 2844 3578 Mercurius
2865 3523 3202 3577 existimatus
3229 3521 3300 3575 sit
3323 3519 3635 3588 Apostolus,

2059 3615 2243 3668 dicere
2305 3629 2410 3668 non
2458 3627 2708 3670 servasse
2750 3629 2873 3669 eum
2909 3612 3160 3684 loquendi
3205 3612 3495 3676 rationem,
3546 3610 3639 3665 sed

366 3702 738 3773 ριενεχθῆναι.
776 3705 850 3757 Τὸ
875 3703 1006 3776 γὰρ,
1052 3723 1072 3758 ι
1115 3706 1456 3761 κωλυόντων
1492 3708 1723 3777 γαμεῖν,
1765 3726 1783 3759 ι
1823 3707 1943 3761 κατέ

2064 3709 2116 3762 in
2159 3707 2490 3761 contrarium
2541 3706 2781 3762 delatum
2836 3720 2975 3761 esse.
3029 3705 3163 3760 Cum
3202 3702 3346 3758 enim
3388 3702 3640 3764 dixisset,

476 3839 544 3873 ”‘
565 3843 765 3900 Matth.
797 3859 851 3912 v,
889 3844 982 3900 22.
1051 3844 1182 3899 "“I
1215 3845 1355 3900 Tim.
1387 3860 1460 3914 tv,
1486 3846 1542 3901 ὅ.

1498 3958 1734 4015 VARIAE
1774 3957 2165 4016 LECTIONES
2197 3955 2288 4012 ET
2325 3955 2561 4014 NOTAE.

445 4109 590 4181 (52),
612 4109 738 4181 Tim
761 4110 1148 4178 ἀνθρωπίνην
1197 4110 1518 4166 ἀσθένειαν
1573 4109 1959 4181 ὀλισθαίνου-

373 4178 661 4252 σανῇδίσ
703 4178 1147 4252 Qhrysostomus,
1189 4181 1424 4252 πρᾶγμα
1469 4180 1746 4234 εὐόλισθον
1790 4178 1952 4248 φύσει

375 4251 682 4326 ἅνθρωπος.
712 4249 890 4326 Δίξιττ.
937 4308 940 4310 _
1074 4311 1086 4326 γ

450 4318 565 4391 (55)
611 4318 830 4391 Διαλύει
879 4329 1050 4374 mutat
1074 4318 1236 4391 idem
1275 4320 1397 4391 cod.
1443 4319 1496 4373 iu
1530 4318 1876 4391 διασαλεύει,
1907 4327 1965 4374 et

375 4389 526 4460 vers.
558 4399 676 4460 post
710 4390 892 4460 tertio,
922 4390 1231 4460 ἀκροτάτην
1263 4391 1316 4444 in
1347 4389 1606 4460 ἄκρατον.
1637 4389 1847 4444 Possm.

453 4407 526 4445 τε.
558 4407 676 4457 ροει
710 4407 892 4455 ιετιιο,
922 4407 1160 4460 ακροτατ
1204 4408 1231 4442 ν
1263 4407 1316 4444 ιη
1347 4407 1606 4460 ακρατον.
1637 4407 1847 4444 I’OSSIN.

452 4459 567 4532 (54)
596 4458 682 4512 Σὺ
720 4458 839 4528 μὲν
876 4459 1102 4532 καλεῖςἐ
1148 4407 1375 4514 ὗίόοιιιι·
1410 4463 1599 4514 deesse
1638 4476 1727 4528 με,
1758 4467 1850 4512 aut
1883 4457 1962 4512 ita

378 4528 480 4599 pro
507 4530 610 4599 μὲν
643 4531 1030 4597 reponendum.
1067 4528 1232 4599 Rt'r'r.

454 4547 480 4584 ο
551 4547 610 4581 εν
643 4547 1030 4597 reponendum.
1067 4547 1232 4584 nt'r'r.

454 4547 566 4671 (εξ)
601 4599 700 4671 ορ-
721 4599 947 4671 νοθεύω
988 4599 1056 4671 to
1098 4597 1432 4671 d682¢d0t93_
1450 4597 1791 4671 ἀδέκαστον
1833 4612 1957 4663 arpi-

379 4666 610 4738 zﬁptoir.
661 4667 810 4722 Fort.
845 4669 1058 4738 legend.
1089 4671 1150 4721 οὐ
1187 4686 1237 4720 ν.
1267 4667 1518 4738 τηάδίκῳ
1555 4666 1618 4720 τὸ
1663 4667 1959 4720 ἀδέκαστον

380 4756 476 4808 κρ.
511 4737 586 4808 lita
617 4748 768 4808 certe
810 4737 1004 4793 sensus
1040 4739 1294 4808 postulat.
1322 4737 1534 4792 Possm.

2057 4109 2353 4180 eultatiset
2376 4108 2817 4180 confragositatis
2849 4123 2956 4161 nou
2991 4123 3103 4180 una
3127 4117 3230 4180 est,
3275 4122 3436 4175 quam
3464 4107 3646 4175 quivis

2059 4181 2230 4235 lector
2267 4179 2480 4234 facilius
2529 4177 2646 4246 ipse
2690 4194 2788 4248 per
2818 4193 2878 4232 se
2923 4177 3312 4248 deprehendet,
3347 4193 3506 4244 quam
3545 4191 3646 4244 ego

2059 4263 2284 4306 necesse
2328 4245 2558 4304 habeam
2588 4245 2833 4318 pluribus
2881 4261 3174 4318 exponere.
3223 4245 3296 4297 Ea
3337 4261 3420 4298 me
3460 4262 3486 4296 a
3523 4261 3644 4297 rer-

2060 4319 2221 4374 tendo
2248 4333 2396 4386 pene;
2425 4315 2768 4372 deterruerat
2797 4333 2810 4368 :
2842 4328 2994 4372 certe
3043 4315 3107 4369 ad
3125 4326 3449 4386 furentum
3507 4319 3648 4386 hanc

2060 4383 2330 4443 reservari
2362 4388 2548 4458 jussit,
2590 4403 2658 4458 ne
2690 4387 2866 4441 dicam
2889 4386 3086 4454 coegit.
3117 4383 3349 4458 _Teut_avi
3395 4393 3504 4436 tum
3548 4385 3647 4435 ali-

2068 4460 2218 4526 quid.
2254 4454 2378 4514 Sed
2395 4472 2480 4512 me
2511 4457 2714 4524 ubique
2754 4470 2973 4510 sensum
3021 4454 3306 4526 scriptoris
3337 4463 3648 4506 assecutum

2009 4548 2014 4554 -
2069 4524 2211 4592 esse,
2243 4527 2294 4582 id
2321 4543 2448 4582 vero
2476 4542 2582 4580 non
2621 4527 2795 4581 ausim
2834 4527 3054 4579 dicere:
3091 4524 3198 4576 imo
3223 4537 3421 4594 negare
3453 4537 3650 4594 propa-

2066 4597 2172 4650 lam
2206 4613 2309 4652 non
2345 4611 2558 4651 vereor.
2583 4594 2694 4650 Nec
2721 4605 2982 4664 prmSIare
3010 4593 3257 4664 lectionis
3283 4593 3648 4664 integritatem

2066 4668 2208 4730 volo,
2251 4667 2463 4721 tametsi
2500 4662 2747 4735 quantum
2781 4665 3112 4735 correxerint
3147 4662 3518 4735 probabiliter.
3550 4662 3649 4735 Do-

2066 4738 2269 4792 ctiores
2300 4737 2426 4790 dent
2480 4733 2726 4795 meliora.
2777 4747 2834 4789 et
2874 4734 3122 4802 inprimis
3156 4733 3444 4786 ostendant
3475 4733 3649 4802 nobis,

450 4806 766 4878 (56)_lnter
798 4808 897 4877 τῆς
941 4818 996 4863 et
1042 4799 1330 4878 εὐμενείας
1394 4808 1534 4861 idem
1588 4807 1709 4861 cod.
1763 4804 1943 4860 mserit

2059 4817 2171 4860 tum
2205 4821 2314 4876 quo
2341 4814 2500 4875 pacto
2534 4807 2690 4878 varia
2706 4805 2850 4858 dicta
2875 4799 3174 4873 scriptura:
3205 4803 3259 4878 in
3293 4803 3393 4854 hac
3421 4799 3650 4869 cpistola

381 4876 555 4946 έμῆἐέ
580 4876 658 4946 19.-

2057 4871 2390 4939 εοίιωιῖθειιί,
2426 4885 2590 4943 atque
2626 4875 2692 4928 ad
2721 4890 2886 4927 unum
2915 4871 3137 4941 sco—pum
3165 4871 3651 4943 refcranturttntn

456 4942 574 5014 (57)
602 4945 756 5001 Hane
783 4945 1069 5014 epistolam
1102 4960 1208 5000 non
1233 4945 1367 4999 satis
1399 4947 1680 5000 commode
1710 4959 1810 4999 nec
1843 4943 1964 5000 sine
2058 4947 2187 5014 quid
2215 4945 2316 5000 sibi
2347 4943 2401 4998 in
2425 4942 2852 5014 uniuscujusque
2876 4943 3201 5014 allegatione
3226 4950 3280 4994 et
3305 4942 3651 5014 expositione

382 5016 706 5070 difficultate
732 5031 922 5083 magna
946 5014 1196 5069 Latinam
1219 5016 1287 5068 ab
1316 5016 1609 5082 interprete
1640 5017 1753 5068 fieri
1778 5029 1958 5082 posse,

2062 5007 2298 5069 Isidorus
2327 5014 2478 5075 velit,
2508 5007 2671 5082 quod'
2687 5007 2940 5081 equidem
2975 5007 3079 5082 non
3109 5011 3308 5082 ubique
3336 5011 3514 5080 capio.
3539 5007 3652 5063 Cur

383 5084 546 5139 facile
594 5085 726 5139 mihi
773 5080 1121 5150 assentietur,
1166 5083 1260 5152 qui
1319 5080 1490 5138 velata
1537 5080 1808 5153 paulisper
1843 5100 1962 5154 mea
2062 5085 2206 5140 enim
2241 5084 2340 5154 τὴν
2374 5080 3138 5153 ἀμϐλυωπίαν(Ιίεείιιιιιιθιιιί
3173 5080 3338 5134 ίὶιττ.

385 5154 636 5209 xei-sione
671 5155 898 5210 tentarit
943 5168 1138 5208 novam
1172 5169 1236 5209 ac
1274 5152 1570 5223 propriam.
1615 5155 1792 5209 Causa
1824 5152 1967 5207 ditii-

460 5310 542 5381 (a)
581 5310 860 5365 Eruditam
898 5323 1032 5365 sane
1060 5319 1112 5381 et
1163 5310 1363 5381 utilem,
1404 5310 1574 5381 sancti
1607 5308 1797 5364 Isidori
1828 5305 2128 5381 epistolam
2178 5303 2331 5381 novis
2379 5300 2616 5381 adjicere
2665 5299 2868 5381 idcirco
2914 5296 3133 5381 placuit.
3159 5291 3653 5381 γνβιξράμ-Ῐξιξξῖςίξζεξξ

381 5361 1369 5441 t‘a‘r‘iiaﬁiis‘.”Eii'ieiséiu'dnns.iet
1406 5361 1582 5448 ipsius
1604 5361 1968 5438 confessione,
1990 5361 2548 5448 senstturtniuusn'est
2597 5361 3050 5448 assecutum-vitio
3086 5361 3654 5448 scriptidex'ctnptaris

382 5431 1075 5506 ﬁnitissimisinani;
1091 5431 1256 5504 codd.
1285 5431 1453 5503 sibi;
1473 5431 1801 5502 Billinsnou
1838 5431 2056 5514 reperit.
2091 5443 2351 5516 Equidem
2380 5439 2697 5516 allaboravi,
2725 5431 3267 5516 Vatican-i_'c0t_l..ope.
3296 5441 3354 5516 ιιι
3387 5431 3492 5516 Ιςιξξ
3506 5441 3653 5516 fitfit?

383 5531 444 5574 et
477 5519 698 5589 intelligi
735 5519 926 5589 melius
949 5529 1111 5589 queat
1139 5519 1361 5589 epistola
1388 5533 1556 5572 sacrae
1589 5517 1884 5584 Scriptura:
1900 5506 2240 5589 illustrandae
2281 5510 2592 5589 peridonea,
2630 5510 2879 5589 viamque
2911 5506 3042 5589 aliis
3078 5506 3162 5589 his
3183 5509 3650 5589 .comuuutstrans:

387 5571 707 5644 Initio‘veFo
734 5571 980 5659 I'auluin'
1007 5571 1185 5659 Iconii'
1213 5571 1547 5642 Mercurium
1582 5571 1908 5659 ciiiilitetitite
1945 5587 2118 5659 gratia
2137 5571 2481 5659 _appellattttn
2513 5571 2694 5659 discas
2742 5571 2924 5659 Actor.
2973 5588 3078 5659 XLV.
3099 5657 3121 5659 ,Δ
3144 5571 3235 5659 ut
3264 5571 3650 5659 ,ουίίξξεῃξι-[η

385 5659 637 5728 proxima
677 5639 832 5726 epist.
854 5639 892 5711 7|
1010 5639 1228 5713 rUrtinﬁiu
1248 5639 1498 5713 diacono
1521 5639 1702 5711 inissa.
1716 5678 1729 5708 ι
1745 5671 1943 5710 umtuet

2048 5655 2101 5707 it.
2136 5639 2240 5706 I’rd
2275 5647 2688 5718 περιενεχθῆναι
2735 5657 2853 5702 erat
2897 5646 2948 5698 in
2994 5642 3148 5695 Rom.
3180 5639 3298 5693 cod.
3331 5639 3520 5703 script.
3556 5649 3653 5687 πε-

384 5728 753 5800 ριενηνέχθαι.
