4084 6368
539 298 672 363 1187

1740 307 1802 367 S.
1846 304 2140 367 lSlDURI
2178 304 2616 366 PELUSIOTIE

3655 315 3770 386 1188

529 415 727 482 ptura?
756 432 777 466 ι
819 414 971 470 Sicut
1005 432 1110 471 non
1143 427 1269 472 sunt
1302 416 1506 473 similes
1542 415 1712 472 facies
1741 416 2001 481 faciebus,
2033 419 2102 472 ita

2208 418 2345 470 πᾶσι
2375 415 2680 491 χαρακτὴρ,
2723 415 2816 469 καὶ
2847 417 2904 470 ὲν
2926 416 3170 489 τοσαύτῃ
3196 416 3407 490 πληθύϊ
3427 421 3648 497 διαφορὰ
3668 430 3768 501 (70)

531 518 710 573 neque
738 506 902 559 corda
929 506 1230 560 hominum.
1260 524 1280 558 ι
1309 506 1353 562 Ο
1384 521 1498 560 rem
1526 506 1939 561 admirandam!
1967 522 2107 562 unus

534 595 783 664 idemque
812 598 952 650 inest
981 598 1229 652 omnibus
1266 599 1555 652 character
1584 615 1598 651 :
1639 608 1695 652 et
1730 598 1784 651 in
1830 607 1973 652 tanta
2007 599 2107 654 bo-

530 688 731 740 minum
748 687 1093 742 multitudine
1108 702 1330 742 omnino
1352 690 1494 743 inest
1513 688 1816 743 din‘erentia
1841 688 2103 755 vultuum,

532 788 590 830 ut
619 777 685 831 iis
707 778 795 844 qui
830 779 1010 832 vident
1038 779 1241 848 agnitio
1269 779 1608 834 confusionis
1636 794 1831 847 expers
1854 790 2106 834 constare

530 868 715 935 possit.
750 869 1069 939 Quanquam
1104 870 1249 924 enim
1275 871 1544 925 interdum
1573 873 1623 925 in
1654 872 1922 943 aliquibus
1953 873 2114 926 simi-

531 956 699 1012 litudo
728 960 908 1015 inesse
943 962 1176 1023 videtur,
1205 968 1384 1015 tamen
1419 964 1641 1016 omnino
1693 963 1972 1032 quidpiam
2022 964 2107 1018 in-

531 1050 777 1104 venietur
811 1052 862 1103 in
897 1052 1086 1105 iisdem
1127 1054 1270 1121 quod
1304 1069 1399 1108 eos
1439 1053 1799 1109 discriminet.
1839 1053 1972 1108 Nam
2006 1054 2107 1108 etsi

533 1141 771 1211 pulchris
810 1144 982 1197 oculis
1014 1146 1223 1213 praediti
1251 1147 1359 1199 sint
1394 1146 1566 1211 multi,
1601 1155 1801 1211 tamen,
1830 1149 1970 1200 inter
2005 1147 2105 1201 hos

532 1249 745 1304 quoque
774 1223 859 1290 est
889 1234 1211 1291 dill‘erentia.
1244 1238 1346 1291 Alii
1394 1237 1538 1293 enim
1583 1238 1758 1292 ciesiis
1787 1238 1985 1304 oculis,
2015 1239 2105 1293 alii

533 1339 758 1379 uvarum
788 1325 1022 1380 colorem
1053 1340 1113 1379 ac
1143 1327 1380 1393 speciem
1414 1326 1797 1392 referentibus,
1826 1328 1917 1381 alii
1953 1329 2111 1398 nigri-

533 1411 781 1466 catitibus
816 1411 1204 1481 reperiuntur:
1248 1412 1337 1464 alii
1378 1413 1542 1466 etiam
1582 1414 1959 1468 albicantibus.
2003 1415 2110 1470 Sed

532 1516 590 1557 et
618 1505 669 1557 in
697 1504 907 1571 capillis
930 1504 1180 1573 quiddam
1208 1504 1344 1558 inest
1376 1504 1665 1569 peculiare.
1697 1505 1849 1572 Quod
1870 1507 1920 1560 si
1941 1506 2107 1561 etiam

534 1594 657 1648 simi
688 1603 811 1648 sunt
844 1594 1009 1664 aliqui
1037 1611 1052 1659 ;
1096 1604 1152 1648 at
1185 1609 1288 1648 non
1336 1610 1524 1650 omnes
1567 1596 1758 1650 eodem
1811 1598 1990 1663 modo,
2016 1599 2110 1652 sed

2208 508 2427 570 πάντως
2457 506 2632 560 ἔνεστι
2663 506 2992 576 προσώπων,
3030 507 3103 571 ὡς
3130 508 3441 580 ἀσύγχυτον
3463 516 3568 577 τοῖς
3588 517 3766 588 ὁρῶσιν

2206 594 2346 651 εἶναι
2374 598 2474 666 τὴν
2515 596 2735 665 γνῶσιν.
2772 596 2836 649 El
2871 595 2980 667 γὰρ
3011 598 3104 651 καί
3144 615 3275 652 ποτε
3311 598 3369 651 ἔν
3411 618 3548 655 τισιν
3590 606 3770 664 ἐνεῖναι

2204 687 2344 755 δόξει
2369 687 2644 758 ὁμοιότης,
2681 685 2794 739 ἀλλ’
2828 687 3184 758 εὑρεθήσεται
3213 706 3266 742 τι
3293 690 3513 756 πάντως
3534 694 3594 747 τὸ
3618 696 3768 770 διορί.

2208 777 2387 842 Comm
2403 777 2511 846 γὰρ
2533 778 2625 830 καὶ
2637 777 2871 845 εὐόφθαλ
2877 777 2969 847 μοί
2986 780 3092 862 εἰσι
3104 778 3449 843 πολλοὶ,ἀλλὰ
3464 784 3567 837 κάν
3581 786 3769 853 τούτοις

2206 868 2322 921 ἐστὶ
2350 868 2602 939 διαφορά.
2631 870 2693 923 οι
2730 869 2828 939 μὲν
2849 868 2959 940 γὰρ
2992 869 3102 941 (71)
3125 873 3357 942 χαροποὶ
3380 911 3397 936 ,
3423 877 3473 927 οἱ
3494 876 3537 928 δ’
3564 878 3768 944 οἰνίζον-

2206 975 2317 1020 τες,
2343 959 2398 1011 οἱ
2420 957 2476 1010 δὲ
2500 958 2903 1029 μελανόμματοι
2925 959 3293 1031 εὑρίσκονται,
3319 963 3367 1015 οἱ
3389 963 3443 1017 δὲ
3466 967 3558 1019 καὶ
3585 966 3766 1027 λευκοί.

2220 1049 2379 1103 Ἀλλὰ
2407 1050 2501 1104 καὶ
2526 1051 2583 1102 ὲν
2602 1050 2771 1121 θριξὶν
2804 1051 3003 1121 ίδιότης
3020 1053 3190 1106 ἐστίν·
3220 1055 3271 1107 ει
3288 1054 3345 1107 δὲ
3366 1057 3460 1109 καὶ
3486 1059 3769 1128 σιμοὶ,ἀλλ’

2207 1142 2268 1194 οὐ
2293 1141 2493 1204 πάντες
2517 1141 2737 1211 ὁμοίως*
2761 1142 2874 1196 ἀλλ’
2898 1145 2925 1195 ὁ
2948 1142 3049 1211 μὲν
3076 1143 3256 1207 τοῦτο,
3285 1148 3313 1199 ό
3331 1146 3388 1199 δὲ
3416 1148 3588 1202 ἐκεῖνο
3611 1151 3668 1203 τὺ
3694 1152 3773 1221 μέν

2207 1232 2297 1294 λος
2326 1232 2544 1285 κάλλιον
2580 1234 2713 1301 ἔχει’
2750 1233 2846 1285 καὶ
2884 1236 2911 1287 ὁ
2942 1234 3040 1304 μὲν
3066 1233 3279 1299 λευκὸς,
3319 1237 3347 1290 ὁ
3389 1236 3447 1288 δὲ
3477 1238 3661 1307 μὲλαςο
3686 1241 3773 1294 καὶ

2210 1323 2424 1384 πάν-τως
2462 1321 2580 1374 ἐστὶ
2608 1323 2669 1374 τὸ
2691 1321 2942 1387 διορίζον.
2977 1323 3053 1378 Οὐ
3081 1325 3192 1395 γὰρ
3217 1326 3397 1380 πάντα
3426 1320 3537 1381 οἷον
3569 1329 3675 1402 (72)
3702 1334 3773 1384 εί-

2209 1414 2353 1466 πεῖνο
2387 1411 2529 1466 οὕτω
2572 1412 2667 1467 καὶ
2695 1415 2749 1466 αί
2798 1414 3015 1486 καρδίαι
3061 1415 3170 1469 τῶν
3205 1416 3532 1488 ἀνθρώπων⁸
3579 1422 3636 1474 οὐ
3677 1423 3773 1492 γὰρ

2212 1506 2346 1557 πᾶσι
2372 1503 2439 1556 τὰ
2470 1503 2607 1557 αὐτὰ
2637 1504 2880 1574 ἀρέσκει.⁹
2918 1505 3053 1559 ἀλλὰ
3092 1508 3203 1570 τοῖς
3228 1508 3327 1578 μὲν
3360 1492 3569 1575 ταῦτα,
3607 1517 3711 1575 τοῖς
3732 1515 3771 1568 δ¹

2211 1598 2414 1649 ἐκεῖνα.
2440 1595 2549 1649 Καὶ
2567 1595 2721 1648 αὐτοὶ
2740 1595 2798 1648 δὲ
2816 1596 2869 1648 oi
2892 1596 2999 1649 τῶν
3022 1596 3203 1651 αὐτῶν
3223 1600 3451 1668 ἐρασταὶ
3471 1603 3566 1671 οὐχ
3591 1603 3773 1673 ὁμοίως

538 1684 626 1738 hic
652 1685 811 1748 istud,
841 1685 930 1740 ille
971 1686 1101 1739 illud
1140 1688 1441 1741 membrum
1490 1687 1652 1741 habet
1690 1686 2001 1747 formosius.
2044 1689 2102 1743 EI

2214 1684 2343 1756 περὶ
2376 1684 2443 1737 τὰ
2475 1684 2752 1753 ὲπέραστα
2778 1683 3011 1753 ἔχουσιν·
3057 1685 3174 1739 ἀλλ’
3203 1688 3251 1739 οἱ
3287 1687 3387 1757 μὲν
3426 1691 3697 1759 μειζόνων,
3727 1694 3772 1745 ol

535 1772 903 1842 aliusqiiidem
929 1774 1189 1829 candidus
1216 1783 1319 1837 est,
1343 1773 1479 1827 alius
1501 1784 1681 1829 autem
1706 1776 1860 1846 niger
1888 1793 1903 1830 :
1931 1778 2102 1832 omni-

2210 1774 2266 1827 δὲ
2321 1772 2560 1845 μετρίων
2590 1771 2702 1844 (75)
2758 1773 3022 1843 ἐφίενται.
3075 1776 3245 1828 Πόσοι
3288 1775 3569 1848 σώφρονές
3612 1781 3770 1833 εἰσιν)

536 1879 710 1933 noque
740 1874 822 1919 est
843 1866 1067 1935 aliquid,
1095 1868 1239 1935 quod
1270 1867 1563 1921 discrimen
1600 1867 1743 1922 inter
1768 1884 1864 1923 eos
1916 1868 2103 1924 faciat.

534 1956 718 2027 Neque
749 1960 891 2012 enim
945 1959 1126 2014 omnia
1158 1957 1339 2013 verbis
1381 1959 1610 2027 exprimi
1642 1969 1885 2028 possunt.
1921 1960 2015 2017 Sic
2054 1970 2111 2017 et

532 2051 695 2105 corda
747 2050 1021 2103 hominum
1063 2057 1189 2104 sunt
1215 2062 1548 2118 comparata.
1600 2048 1738 2105 Nam
1779 2066 1883 2107 non
1919 2052 2107 2109 eadem

531 2142 782 2196 omnibus
815 2142 1026 2212 placent
1065 2161 1077 2197 :
1107 2142 1200 2197 sed
1229 2141 1351 2196 aliis
1386 2142 1603 2211 quidem
1646 2143 1783 2211 haec,
1822 2145 1941 2201 aliis
1981 2162 2109 2202 vero

535 2233 642 2287 illa.
669 2234 804 2301 Quid
830 2234 972 2304 quod
1006 2235 1077 2288 illi
1100 2236 1220 2304 ipsi,
1250 2236 1342 2305 qui
1369 2236 1688 2291 earumdem
1712 2253 1891 2293 rerum
1920 2252 2109 2295 amore

436 2362 439 2363 ν
535 2334 806 2387 tenentur,
843 2336 948 2379 non
984 2325 1175 2379 eodem
1204 2327 1362 2380 modo
1385 2340 1511 2394 erga
1555 2341 1643 2381 res
1684 2338 1894 2382 amatas
1929 2326 2109 2385 affecti

533 2427 678 2481 sunt,
707 2418 798 2471 sed
825 2416 916 2470 alii
946 2419 1346 2482 vehementius,
1377 2418 1466 2471 alii
1496 2420 1829 2474 moderatius
1852 2435 1946 2474 eas
1979 2434 2108 2475 con-

531 2505 852 2576 cupiscunt?
875 2507 1044 2574 Quam
1084 2509 1234 2563 multi
1270 2520 1397 2563 sunt
1421 2509 1593 2564 sobrii
1620 2523 1682 2562 ac
1707 2511 2109 2579 temperantes?

2210 1865 2326 1919 ἀλλ’
2385 1865 2485 1936 οὐχ
2528 1865 2748 1937 ὁμοίως.
2809 1862 2873 1919 Οἱ
2919 1864 3019 1935 μὲν
3072 1865 3180 1937 γὰρ
3219 1867 3318 1939 τὴν
3374 1871 3689 1938 παρθενίαν,
3728 1873 3773 1925 ol

2208 1956 2265 2010 δὲ
2292 1957 2389 2027 τὴν
2419 1959 2766 2029 ἐγκράτειαν,
2805 1958 2853 2009 οἱ
2882 1956 2939 2010 δὲ
2980 1957 3072 2011 τὸν
3124 1957 3339 2028 ἔντιμον
3378 1961 3561 2030 γάμον
3609 1961 3774 2031 ἠσπά-

2210 2064 2391 2103 σαντο.
2433 2050 2595 2102 Πόσοι
2644 2048 2963 2119 ἐλεήμονες)
3018 2048 3137 2102 ἀλλ’
3175 2050 3389 2104 ἑαυτῶν
3453 2053 3771 2125 διαφέρουσι.

2208 2140 2373 2193 Πόσοι
2399 2140 2625 2194 δίκαιοιὶ
2661 2139 2797 2193 ἁλλὰ
2824 2138 3245 2194 διαλλάττουσιν.
3279 2143 3354 2194 Οὐ
3384 2141 3550 2212 μόνον
3570 2144 3657 2196 ἐπὶ
3680 2143 3774 2197 τῶν

2207 2231 2419 2302 ἀρετῶν
2444 2232 2581 2302 (74),
2604 2230 2741 2284 ἀλλά
2769 2232 2862 2284 καὶ
2898 2232 2992 2284 ἐπὶ
3013 2232 3119 2285 τῶν
3142 2233 3351 2287 κακιῶν
3372 2233 3443 2287 τὸ
3475 2234 3604 2288 αὐτὸ
3643 2234 3774 2287 ἔστιν

2211 2324 2360 2379 ιδετν.
2415 2325 2580 2378 Πόσοι
2628 2325 2733 2378 εἰσὶ
2780 2325 3062 2380 κάκιστοι)
3109 2325 3245 2379 ἀλλὰ.
3284 2326 3556 2398 διορισμῷ
3592 2327 3774 2397 γνωρί-

2209 2415 2414 2480 ζονται.
2467 2416 2631 2469 Πόσοι
2673 2415 2898 2483 λάγνοιι
2945 2415 3061 2470 ἀλλ’
3093 2418 3154 2470 οὐ
3200 2418 3410 2482 πάντες
3448 2422 3556 2483 τοῖς
3608 2420 3775 2482 αὐτοῖς

2208 2505 2475 2560 ἑάλωσαν.
2529 2507 2593 2559 Εἰ
2642 2505 2699 2559 δὲ
2740 2508 2833 2560 καὶ
2876 2509 2991 2570 τοῖς
3056 2508 3241 2571 αὐτοῖς
3292 2507 3501 2572 ἁλοῖεν,
3562 2507 3671 2562 ἀλλ’
3719 2508 3773 2560 οὐ

531 2585 602 2652 At
629 2598 984 2653 dissimiliter.
1019 2600 1122 2653 Alii
1163 2608 1398 2669 namque
1423 2600 1826 2668 virginitatem,
1855 2601 1944 2655 alii
1976 2618 2102 2656 con-

2208 2599 2410 2661 πὰντες
2440 2597 2643 2668 ὁμοίως
2686 2597 3006 2650 διάκεινται·
3056 2596 3197 2650 ἀλλὰ
3248 2600 3299 2650 οἱ
3334 2597 3443 2667 μὲν
3486 2601 3603 2661 ταῖς
3649 2598 3773 2651 κατὰ

533 2690 840 2751 tinentiam,
879 2689 970 2743 alii
1004 2691 1237 2759 denique
1272 2691 1594 2748 lionorabile
1624 2692 1931 2764 coniugium
1977 2705 2102 2751 sunt

2209 2689 2390 2758 φύσιν,
2420 2690 2471 2742 oi.
2499 2689 2556 2743 δὲ
2582 2691 2705 2752 ταῖς
2736 2687 3054 2760 ύπερορίαις
3082 2688 3196 2760 (75)
3228 2690 3530 2761 τέρπονται
3559 2692 3769 2762 ἡδοναῖς·

532 2779 788 2846 amplexi.
827 2777 999 2844 Quam
1031 2779 1180 2832 multi
1212 2790 1336 2835 sunt
1381 2782 1797 2836 misericordes?
1827 2785 1932 2837 Sed
1968 2784 2102 2840 inter

2206 2783 2253 2834 oi
2311 2781 2420 2852 μὲνξ
2450 2782 2531 2843 είς
2577 2780 2674 2853 τὴν
2711 2780 2933 2852 ἔννομον
2980 2783 3142 2852 φύσιν
3190 2783 3586 2853 παροινοῦσινο
3639 2784 3685 2836 oi.
3725 2781 3774 2832 δὲ

531 2882 592 2922 se
623 2866 895 2922 differunt.
935 2868 1108 2934 Quam
1159 2870 1312 2922 multi
1356 2880 1483 2924 sunt
1526 2871 1698 2941 justi?
1740 2874 1848 2928 Sed
1876 2875 2102 2930 variant.

2208 2871 2302 2925 καὶ
2342 2872 2441 2942 τὴν
2495 2872 2851 2942 ἑδραστήριον
2876 2872 2986 2943 (76)
3019 2871 3349 2943 ὑϐρίζουσιν.
3379 2874 3454 2928 0i.
3487 2873 3583 2944 μὲν
3626 2872 3774 2942 ψοτρο-

531 2958 648 3013 Non
677 2960 848 3014 solum
887 2971 1065 3014 autem
1098 2960 1150 3014 in
1203 2961 1522 3026 virtutibus,
1556 2963 1653 3018 sed
1688 2964 1741 3018 in
1790 2964 1935 3020 vitiis
1964 2982 2102 3036 quo-

2206 2963 2348 3027 δεείς
2367 2962 2481 3034 (77)
2518 2965 2676 3015 εἰσιν·
2700 2966 2748 3017 oi
2776 2963 2833 3016 δὲ
2863 2964 3241 3033 ριζιοκίνδυνοι.
3266 2966 3329 3018 Οί
3360 2966 3470 3035 μὲν
3509 2964 3770 3035 φειδωλοί·

531 3066 640 3122 que
667 3051 807 3106 idem
838 3052 1020 3107 videre
1048 3062 1132 3106 est
1154 3053 1467 3108 discrimen.
1499 3054 1671 3120 Quam
1709 3056 1857 3112 multi
1883 3059 2101 3127 pessimi

2206 3054 2336 3107 οί’δὲ
2357 3054 2574 3110 ἄσωτοι.
2601 3054 2664 3106 Ol
2685 3052 2782 3123 μὲν
2801 3053 2920 3106 οὐδὲ
2945 3053 3104 3122 λόγου
3130 3052 3360 3106 ἀκοῦσαι
3374 3053 3651 3107 δύνανται·
3671 3051 3772 3105 οίδι

533 3143 975 3213 vitiosissimique
1019 3145 1181 3199 sunt?
1213 3143 1592 3201 Verumtamen
1630 3147 1933 3204 dill'erentia
1965 3165 2101 3218 qua-

2206 3150 2326 3202 οὐδὲ
2354 3149 2450 3213 τὰς
2473 3149 2743 3218 τιμωρίας
2793 3148 3124 3219 φρίττουσιν.
3152 3151 3216 3202 Ol
3248 3148 3346 3219 μὲν
3371 3148 3608 3212 κόλακές
3631 3149 3770 3200 εἰσιν·

530 3234 653 3289 dam
683 3233 1142 3290 internoscantur.
1192 3235 1365 3302 Quam
1425 3238 1576 3291 multi
1636 3248 1763 3292 sunt
1795 3238 2102 3295 libidinibus

2206 3242 2252 3293 oi
2282 3240 2339 3293 δὲ
2366 3239 2757 3294 κολακεύεσθαι
2787 3239 3088 3310 βούλονται.
3137 3242 3199 3294 Οἱ
3237 3241 3336 3311 μὲν
3369 3242 3518 3314 μέθῃ
3545 3242 3769 3313 ἥδονται·

529 3323 736 3379 dediti?
765 3325 830 3377 At
862 3340 965 3379 non
1019 3340 1209 3381 omnes
1264 3326 1455 3381 iisdem
1506 3332 1651 3397 capti
1679 3338 1825 3384 sunt.
1864 3329 2020 3395 Quod
2060 3330 2102 3384 si

2206 3333 2251 3384 οἱ
2281 3331 2339 3384 δὲ
2369 3331 2537 3394 θέαις.
2566 3333 2630 3384 Οἱ
2670 3331 2768 3401 μὲν
2800 3333 2965 3402 ᾠδαῖς
2988 3371 3002 3397 ,
3033 3333 3084 3386 οἱ
3120 3332 3176 3385 δὲ
3209 3333 3438 3404 θρήνοις
3459 3351 3472 3365 ο
3505 3336 3553 3387 οἱ
3599 3332 3691 3403 μὲν
3722 3333 3774 3382 ὲν

528 3416 692 3469 etiam
722 3415 910 3470 iisdem
938 3432 1154 3486 quoque
1179 3418 1498 3487 capiantur;
1531 3428 1589 3473 at
1614 3434 1718 3474 non
1742 3435 1931 3475 omnes
1956 3421 2102 3475 simi-

2209 3425 2328 3485 ταῖς
2362 3423 2588 3494 ἐρήμοις
2609 3461 2625 3485 ,
2666 3423 2717 3475 oi
2745 3422 2801 3475 δὲ
2832 3425 2889 3475 ἐν
2918 3427 3038 3485 ταῖς
3073 3423 3261 3476 πόλεσι
3298 3423 3673 3494 λῃστεύουσιν.
3720 3423 3774 3474 0i

530 3507 651 3562 liter
679 3507 854 3564 allecti
884 3519 1040 3575 sunt;
1077 3524 1261 3564 verum
1293 3509 1383 3563 alii
1411 3511 1773 3579 voluptatibus
1806 3512 2101 3567 secumlum

2214 3513 2314 3583 μὲν
2355 3512 2619 3582 φονῶσινο
2665 3514 2714 3564 oi
2747 3511 2803 3566 δὲ
2849 3513 2967 3565 οὐδὲ
3014 3511 3207 3580 ἄλογον
3252 3516 3628 3585 σφαττόμενον
3661 3514 3776 3566 [δεῖν

528 3610 800 3665 naturam,
829 3600 917 3654 alii
955 3601 1324 3669 voluptatibus
1364 3617 1393 3654 a
1447 3609 1640 3657 natura
1686 3601 2102 3658 abhorrentibus

2209 3604 2594 3674 ὑπομένουσιν.
2621 3605 2682 3658 Ol
2706 3604 2807 3672 μὲν
2829 3605 2991 3658 δειλοί
3011 3607 3170 3659 εἰσινο
3202 3606 3252 3658 οἱ
3280 3605 3334 3658 δὲ
3357 3606 3607 3678 θρασεῖς.
3650 3602 3773 3656 Ἀλλ’

528 3688 888 3743 delectantur.
917 3690 1023 3745 Alii
1056 3692 1272 3759 quidem
1302 3693 1355 3745 in
1384 3691 1676 3761 legitimam
1703 3702 1947 3746 naturam
1978 3708 2102 3761 pec-

2206 3698 2256 3749 εί
2298 3696 2475 3748 πάντα
2507 3695 2575 3748 τὰ
2623 3696 2996 3767 ἁμαρτήματα
3030 3696 3551 3768 καταριθμήσασθαι
3582 3700 3775 3766 ἐπιχει-

526 3787 654 3832 cant
678 3789 734 3832 et
761 3779 1146 3844 libidinantur;
1196 3779 1286 3833 alii
1316 3794 1444 3834 vero
1485 3781 1645 3834 etiam
1680 3782 1943 3849 posticam
1977 3796 2101 3835 cor-

2207 3786 2455 3856 ρήσαιμι,
2486 3785 2597 3838 οὐδ’
2623 3787 2671 3838 εί
2697 3785 3008 3839 παύσασθαι
3037 3770 3348 3857 βουλοίμην,
3377 3788 3662 3860 δυναίμην.
3691 3785 3772 3838 Διὸ

526 3870 672 3937 poris
714 3880 922 3938 partem
968 3870 1297 3925 coiitumelia
1336 3871 1601 3927 alliciunt.
1646 3872 1748 3925 Alii
1800 3873 2098 3927 meticulosi

2206 3875 2494 3938 ἐκθειάσας
2519 3875 2616 3939 τὰς
2648 3875 2797 3946 ἱερὰς
2830 3876 2923 3930 καὶ
2959 3876 3105 3940 θείας
3132 3877 3389 3948 Γραφὰς,
3424 3875 3770 3933 καταπαύσω.

524 3974 591 4012 ac
615 3959 787 4012 timidi
822 3970 982 4024 sunt;
1028 3959 1121 4013 alii
1149 3960 1386 4014 audaces
1419 3970 1474 4015 et
1506 3961 1865 4029 praeﬁdentes.
1895 3963 1999 4015 Alii
2035 3973 2253 4020 tenaces
2286 3980 2350 4019 ac
2382 3966 2568 4034 parci;
2607 3966 2695 4019 alii
2731 3966 2936 4034 profusi
2989 3982 3054 4021 ac
3110 3978 3353 4035 nepotes.
3389 3969 3497 4023 Alii
3551 3984 3618 4022 ne
3665 3968 3783 4019 ver;-

525 4049 651 4102 bum
684 4050 899 4118 quidem
926 4051 1113 4105 audire
1143 4057 1368 4119 possunt
1403 4051 1726 4118 acrius;alii
1750 4061 1940 4106 contra
2006 4064 2135 4107 sunt
2168 4054 2259 4122 qui
2291 4070 2357 4108 ne
2387 4056 2647 4125 supplicia
2676 4056 2843 4128 476
2867 4058 3082 4127 quidem
3133 4058 3380 4112 horrent.
3450 4058 3553 4112 Alii
3596 4056 3774 4111 adula-

526 4150 673 4196 tores
696 4153 850 4209 sunt;
883 4143 973 4198 alii
1005 4158 1132 4198 vero
1163 4159 1224 4200 se
1256 4144 1465 4199 adulari
1502 4144 1705 4200 volunt.
1752 4144 1858 4199 Alii
1901 4146 2167 4202 ebrietate
2192 4148 2446 4217 gaudent,
2512 4148 2602 4202 alii
2673 4149 3028 4219 spectaculis;
3085 4149 3176 4204 alii
3211 4150 3489 4217 cantibus,
3564 4147 3653 4202 alii
3700 4147 3771 4198 la-

524 4235 962 4292 mentationibus.
991 4237 1095 4292 Alii
1145 4239 1200 4294 in
1245 4238 1502 4306 desertis,
1534 4239 1626 4294 alii
1660 4241 1714 4294 in
1747 4240 1972 4295 urbibus
2038 4241 2321 4295 latrocinia
2385 4251 2663 4299 exercent.
2711 4244 2814 4297 Alii
2883 4245 3057 4299 caedes
3104 4243 3317 4314 spirant
3357 4254 3413 4299 et
3479 4249 3773 4317 appetunt;

523 4326 709 4381 aliine
751 4326 963 4382 brutum
992 4331 1208 4397 quidem
1251 4329 1455 4384 animal
1498 4337 1794 4385 mactatum
1849 4330 2090 4399 aspicere
2129 4345 2285 4399 inquo
2311 4333 2496 4384 animo
2526 4341 2769 4400 possunt.
2800 4331 2903 4386 Alii
2970 4331 3170 4401 ignavi,
3204 4330 3295 4385 alii
3372 4329 3590 4387 feroces
3629 4339 3767 4384 sunt.

523 4416 630 4474 Sed
663 4417 704 4473 si
731 4419 911 4473 omnia
953 4419 1231 4475 hominum
1275 4429 1498 4491 peccata
1541 4433 1864 4476 enumerare
1907 4432 2094 4485 coner,
2136 4434 2203 4475 ne
2247 4419 2291 4474 si
2354 4419 2518 4474 velim
2558 4421 2775 4489 quidem
2808 4419 3012 4474 exitum
3081 4418 3329 4475 invenire
3381 4433 3449 4475 ac
3507 4419 3771 4479 desinere.

523 4509 747 4578 possim.
794 4510 1134 4582 Quapropter
1190 4520 1484 4568 veneratus
1532 4526 1718 4568 sacras
1767 4524 1834 4567 ac
1894 4510 2105 4567 divinas
2146 4508 2477 4582 Scripturas,
2513 4512 2604 4567 hic
2638 4511 2799 4566 tinem
2839 4511 3056 4569 faciam.

1632 4687 1871 4746 VARIE
1910 4686 2297 4747 LECTIONES
2332 4686 2421 4743 ET
2454 4684 2687 4743 ΝΟΤᾸΞ.

520 4860 878 4929 prospiciunt,
916 4861 1040 4914 dum
1071 4875 1177 4914 non
1212 4860 1389 4915 solum
1445 4860 1501 4914 in
1535 4859 1766 4922 actione,
1799 4858 1893 4914 sed
1926 4860 2091 4915 etiam

520 4933 571 5000 in
624 4932 958 5000 cogitatione
1003 4929 1300 4985 fmditatem
1351 4944 1507 5000 suam
1590 4940 2030 5000 recognoscant.
2063 4947 2083 4981 ι

519 4998 792 5055 Rt'r'rf—
828 4998 1098 5065 Quidquid
1129 5000 1223 5062 sit,
1264 4999 1531 5053 luculenta
1562 5007 1648 5053 est
1693 5009 1750 5051 et
1783 4998 2093 5065 pererudita

518 5084 682 5138 super
715 5070 815 5138 hoc
845 5067 990 5138 dicto
1020 5067 1207 5138 lsidnri
1233 5069 1640 5123 commentatio.
1670 5065 1835 5121 EDIT.

588 5136 700 5207 (70)
736 5136 883 5190 Inter
924 5136 1159 5207 διαφορὰ
1198 5147 1278 5207 et_
1312 5138 1528 5199 πάντως
1574 5139 1699 5191 cod.
1730 5138 1872 5207 ngat.
1905 5136 2095 5190 inserit

515 5205 755 5276 πάντων,
796 5216 852 5258 et
903 5220 1044 5276 vers.
1087 5205 1203 5276 post
1254 5205 1430 5276 ἣρω
1469 5210 1668 5260 ἐνεῖναι
1720 5205 1860 5273 δόξει
1897 5207 2093 5261 seribit

515 5281 654 5334 idem
675 5275 876 5338 δόξειεν
907 5271 1067 5328 εῖναι.
1094 5273 1306 5329 Possm.

582 5342 1002 5418 (71)Ιηιοι·χὰρ
1023 5355 1077 5398 et
1109 5344 1344 5413 χαροποὶ
1377 5343 1518 5418 idem
1550 5345 1743 5418 inserit
1775 5346 1901 5401 εἰσι.
1925 5344 2080 5399 Vers.

510 5420 549 5471 4
577 5411 693 5484 seq.
729 5411 1140 5484 μελανόμματοι
1165 5411 1335 5484 mutat
1376 5414 1428 5484 in
1457 5414 1947 5484 μεγαλονόμματοι,
1983 5430 2087 5466 non

514 5479 681 5539 recte.
724 5479 875 5536 Vers.
919 5479 1037 5549 seq.
1076 5490 1198 5548 post
1228 5479 1414 5535 λευκοὶ
1449 5479 1563 5534 hinc
1603 5479 1951 5537 recte'aildit
1982 5484 2086 5534 κάν

512 5553 723 5615 τούτοις
784 5552 946 5604 πάλιν
1002 5550 1270 5620 ὲναλλαγή
1294 5566 1308 5578 ·
1360 5551 1406 5603 οἱ
1473 5551 1529 5603 δὲ
1606 5554 1701 5605 καὶ
1754 5549 1899 5604 οὖλοι
1925 5569 1938 5582 ο
1997 5551 2084 5605 ἀλ.

582 5690 695 5752 (72)
725 5688 868 5742 Etlit.
897 5688 1098 5752 Paris.,
1133 5685 1195 5738 οὐ
1244 5685 1351 5755 γὰρ
1395 5690 1644 5741 παντοῖον
1683 5689 1874 5741 εἰπεῖν.
1927 5688 2082 5743 Eutr.

2267 4856 2379 4928 (75)
2400 4857 2537 4928 Cod.
2568 4857 2690 4915 Vat.
2716 4857 2820 4913 650
2860 4872 2958 4926 pro
2991 4856 3254 4928 μειζόνων
3290 4863 3348 4928 e_t_
3374 4855 3618 4928 μετρίων
3645 4853 3775 4928 scri-

2192 4923 2559 4998 ιιίιμειζόνως
2586 4936 2643 4982 et
2672 4923 2937 4999 μετρίυξς.
2971 4923 3076 4981 lion
3107 4926 3271 4983 male.
3308 4923 3611 4994 Versfseq.
3641 4923 3776 4977 ἐντι-

2196 5015 2297 5069 μον
2328 5009 2501 5069 mutat
2540 5001 2595 5069 in
2623 5000 2826 5067 τίμιον.
2869 4998 2948 5069 In.

2266 5068 2378 5137 (74)
2406 5069 2487 5119 Οὺ
2514 5064 2708 5134 μόνοιν·
2741 5070 2844 5121 ἐπὶ
2869 5064 3006 5137 τῶν
3050 5065 3153 5134 ἀρ.
3176 5065 3307 5121 Post
3332 5067 3392 5122 οὐ
3438 5065 3606 5136 μόνον
3640 5064 3775 5119 νίἀθ·

2195 5135 2282 5190 tur
2311 5135 2431 5190 imae
2455 5140 2718 5190 omissum
2754 5138 2833 5190 δέ.
2867 5135 3035 5192 Rt'r'r.

2268 5205 2381 5275 (75)
2415 5204 2872 5279 Ριολὺπξερορίαις
2905 5206 3045 5260 idem
3077 5203 3200 5279 cod,
3248 5206 3411 5261 habet
3444 5203 3770 5279 _iiitspopt'0t;

2193 5286 2249 5331 et
2274 5272 2574 5345 vers._inde
2598 5272 2673 5337 4,’
2694 5272 2983 5345 ἀνέχονται
3019 5292 3114 5344 pro
3139 5275 3409 5329 δύνανται.
3444 5272 3527 5328 In.

2258 5344 2372 5414 (76)
2430 5341 2874 5415 Ἑδραστήριὸῖνκ
2918 5341 3172 5415 lutélligit
3218 5362 3377 5401 anum
3418 5360 3431 5395 :
3475 5355 3531 5398 et
3578 5341 3768 5396 indicat

2188 5416 2364 5535 scelus
2401 5417 2547 5536 qluod
2583 5430 2687 5470 non
2719 5417 2932 5485 prolicit
2969 5421 3132 5482 scire,
3181 5426 3242 5469 ut
3263 5431 3384 5470 cum
3438 5415 3768 5482 imperatore

2207 5497 2396 5536 Oditur.
2456 5499 2512 5536 Ι).

2207 5499 2396 5537 οσιιςιΓ.
2433 5499 2512 5537 ΙΙ).

2242 5497 2586 5624 ἑῗοςε.
2635 5563 2742 5608 vet.
2773 5552 3063 5624 ψοφοδεὴς.
3099 5569 3402 5624 ιοηονυειισ.
3440 5552 3542 5608 Est
3590 5560 3761 5603 autem

2191 5623 2238 5742 iis
2268 5623 2357 5689 qui
2384 5623 2609 5678 minimo
2639 5623 3016 5693 quoquesono
3045 5636 3137 5677 aut
3165 5623 3400 5693 strepitu
3430 5629 3758 5675 cxterretur.

2214 5706 2270 5742 ο.
