4084 6372
505 291 640 358 ιιοι

1713 287 1774 348 S.
1814 285 2108 346 ISIDORI
2147 285 2585 345 PELUSIOTE

3637 277 3773 343 1192

504 399 796 463 metuebat,
831 411 1004 466 neque
1029 396 1301 450 hominem
1325 393 1693 455 reverebatnr,
1726 393 1849 446 boui
1889 402 2070 447 tamen
2105 439 2108 452 ,

2221 410 2269 456 ις
2297 434 2310 456 ,
2341 394 2433 445 καὶ
2461 394 2518 445 ὲν
2552 393 2664 454 τοῖς
2694 391 2976 451 κακίστοις
3009 389 3120 461 (8‘3)
3149 389 3348 462 ἀρετή·
3378 389 3432 443 τί
3457 389 3776 459 θαυμάζεις,

503 492 786 562 quidpiam
823 488 1042 552 fecisse,
1082 487 1206 538 dum
1262 486 1474 538 viduam
1537 485 1706 546 illam,
1745 500 1867 554 quae
1905 484 2084 538 conti-

2215 483 2490 538 ίὲνταῦθα
2532 483 2916 555 διαλυσάμενοι
2947 485 3218 554 ἑκάτεροι,
3253 485 3432 536 ἐκεῖσε
3467 480 3778 553 ἀπηνέχθη-

505 592 695 637 uenter
722 582 897 647 ipsqu
936 578 1139 638 adibat,
1189 575 1566 629 misericordia
1624 583 1945 643 prosecutus
1977 585 2083 638 est,

503 685 558 727 et
585 679 900 744 persecutus
931 668 1134 720 ultione
1162 681 1255 720 eos
1285 666 1376 735 qui
1427 667 1598 734 ipsam
1633 663 1830 733 injuria
1873 663 2079 719 afﬁcie-

2183 593 2304 637 σαν,
2336 578 2364 628 6
2397 577 2496 646 μὲν
2533 577 2738 646 γυμνὸς
2777 577 3218 647 ἁμαρτημάτων,
3255 577 3283 628 6
3335 575 3392 628 δὲ
3423 575 3634 646 ἔρημος
3673 592 3775 628 κα-

2181 665 2554 736 τορθωμάτων
2580 682 2594 730 ;
2627 665 2719 719 Διὸ
2743 667 2771 719 6
2797 666 2896 736 μὲν
2947 664 3196 736 καθαρὰν
3223 665 3432 735 ἐτρύγα
3453 666 3552 736 τὴν
3586 666 3784 736 εὐφρο-

507 762 717 820 bant“.
746 760 800 814 Si
838 759 999 828 igitur
1021 768 1108 826 ,et
1142 759 1193 810 in
1223 757 1328 812 illis
1356 759 1444 826 qui
1481 767 1608 811 sunt
1637 757 1850 826 optimi,
1878 755 2081 826 aliquid

2214 756 2370 826 ύνηνο
2400 759 2428 810 6
2465 758 2521 811 δὲ
2550 757 2984 829 ἀπαραμύθητον
3023 756 3263 826 ὑπέμενε
3289 756 3390 827 τὴν
3415 758 3715 827 τιμωρίαν.

512 853 1020 924 reperiturdiguum
1069 851 1512 918 reprehensione,
1539 861 1592 904 et
1637 858 1826 904 contra
1877 849 1930 903 in
1971 849 2077 904 illis
2115 864 2334 919 quoque
2365 851 2456 920 qui
2495 860 2622 905 sunt
2673 851 2916 921 pessimi,
2983 850 3162 918 aliqua
3233 849 3408 903 virtus
3439 849 3578 904 inest
3605 867 3620 902 :
3651 846 3782 918 quid

509 945 750 1009 miraris,
783 943 829 998 si
865 945 916 996 in
972 944 1080 995 vita
1116 943 1275 994 ambo
1325 942 1486 997 soluti
1525 942 1910 1007 discesserunt,
1947 942 2083 997 alter
2124 943 2341 1012 quidem
2394 943 2568 998 nudus
2630 943 2890 1013 peccatis,
2915 941 3053 996 alter
3086 956 3214 996 vero
3249 941 3498 996 desertus
3542 955 3571 994 a
3603 941 3782 996 virtu-

511 1038 681 1096 tibus?
707 1040 878 1106 Quam
903 1037 972 1092 ob
1001 1052 1218 1091 Cattlsattl
1253 1037 1391 1092 alter
1419 1037 1632 1105 quidem
1665 1051 1855 1107 puram
1931 1037 2174 1106 percepit
2252 1037 2516 1104 laetitiam,
2546 1036 2684 1093 alter
2747 1047 2928 1093 autem
2967 1037 3146 1093 omnis
3193 1050 3390 1106 expers
3437 1035 3618 1092 solatii
3666 1051 3790 1094 sus-

514 1137 675 1190 tiuuit
700 1132 1025 1203 suppliciqu
1039 1169 1053 1184 .
1131 1128 1156 1150 ‘

636 1245 844 1304 CXVII.
886 1275 959 1285 —
992 1242 1438 1300 VALENTIANO
1480 1241 1962 1298 PRESBYTERO.

513 1343 691 1410 Quare
748 1341 854 1403 lex,
921 1337 1065 1404 lepra
1126 1350 1216 1391 aut
1273 1337 1397 1390 aliis
1476 1337 1674 1410 morbis
1732 1337 2100 1390 involimtariis

581 1413 906 1472 laborantes,
946 1417 1097 1461 extra
1127 1425 1282 1462 sacra
1318 1417 1500 1461 castra
1527 1407 1816 1461 consistere
1846 1422 2103 1476 pra’cepe-

586 1483 654 1514 υἷι
694 1484 737 1514 ιι

586 1495 654 1534 ΠΙ
694 1495 761 1536 ³⁸³.

588 1594 802 1652 Videris
840 1594 970 1650 mihi
1024 1607 1130 1646 non
1165 1593 1398 1661 probare
1434 1605 1551 1657 eos,
1581 1589 1674 1660 qui
1723 1587 1958 1643 lectores
1987 1588 2098 1657 (sa-

517 1699 733 1740 crarum
782 1680 1135 1750 Litterarum)
1194 1679 1262 1733 ad
1304 1677 1820 1747 contemplationem
1871 1691 1935 1731 ae
1988 1685 2103 1730 stu-

518 1776 667 1831 dium
719 1775 1100 1843 allegoriarum
1164 1771 1664 1839 investigandarum
1722 1768 2098 1823 exhortantur.

525 1871 659 1922 Dum
687 1868 857 1929 enim,
886 1877 944 1920 ut
969 1865 1175 1928 aiebas,
1217 1864 1540 1932 semetipsos
1566 1861 1863 1932 Scripturis
1890 1859 2104 1929 sapien-

523 1961 692 2015 tiores
717 1973 839 2016 esse
867 1957 1202 2018 existimant,
1245 1953 1371 2009 hinc
1409 1955 1465 2006 lit
1488 1963 1547 2007 ut
1579 1954 1758 2007 divina
1791 1951 2009 2006 oracula
2047 1951 2099 2006 in

526 2065 880 2120 quascunque
911 2051 1044 2119 ipsis
1094 2048 1318 2102 libuerit
1361 2047 1560 2117 llguras
1606 2045 2018 2107 transforment,
2050 2051 2103 2098 et

523 2144 802 2197 auditores
826 2142 1010 2196 multis
1047 2140 1222 2194 modis
1253 2137 1460 2192 fallant.
1504 2137 1573 2190 At
1616 2152 1715 2207 ego
1745 2150 1920 2205 neque
1961 2134 2101 2200 illos,

523 2235 567 2290 si
599 2237 724 2304 quid
769 2234 988 2303 sapiens
1034 2240 1200 2299 atque
1245 2230 1514 2283 cruditqu
1561 2228 1806 2282 invenire
1849 2227 2106 2298 pollicen-

527 2337 634 2394 tur,
664 2325 1020 2396 culpaverim,
1053 2337 1228 2392 ueque
1270 2329 1321 2375 te
1362 2319 1637 2376 nolentem
1693 2331 1747 2376 et
1775 2321 1999 2375 invitum
2039 2319 2106 2373 ad

525 2420 812 2490 allegorias
843 2415 1154 2472 tractandas
1181 2414 1476 2484 coegerim,
1506 2417 1599 2469 sed
1629 2423 1771 2468 recta
1809 2414 1877 2468 ad
1915 2412 2108 2467 defen-

527 2514 735 2567 sionem
775 2525 861 2565 me
902 2509 1201 2578 accingam.
1245 2509 1548 2574 Quaesivisti
1580 2508 1723 2561 enim
1757 2525 1772 2562 :
1807 2507 1985 2572 Quare
2030 2506 2108 2560 Ie-

526 2604 752 2674 gislator
781 2603 1024 2672 leprosos
1054 2611 1108 2654 et
1144 2601 1265 2653 aliis
1297 2601 1502 2655 morbis
1538 2598 1923 2653 involuntsriis
1951 2597 2107 2652 labo-

529 2705 716 2751 rantes
741 2710 768 2746 a
800 2694 974 2747 sacris
999 2691 1231 2745 coetibus
1253 2690 1504 2744 exclusos
1536 2701 1700 2759 atque
1731 2697 1968 2743 remotos
1989 2702 2112 2742 esse

529 2784 809 2843 sanxerit?
839 2782 1100 2837 Ausculta
1144 2781 1308 2848 igitur
1338 2781 1715 2849 compendiose
1746 2791 1808 2833 ac
1852 2779 2108 2843 breviter,

532 2885 767 2958 mpntem
809 2884 956 2934 tuam
994 2871 1046 2926 in
1091 2870 1320 2926 collecto
1351 2871 1574 2925 habens.
1614 2868 1820 2940 (Neque
1852 2869 1996 2924 enim
2032 2868 2114 2922 fas

529 2980 616 3026 est
669 2977 876 3022 natura:
928 2981 1147 3031 arcana,
1193 2981 1314 3034 quae
1354 2964 1470 3032 ipsa
1525 2964 1705 3016 abdita
1758 2977 1879 3016 esse
1922 2961 2110 3028 voluit,

533 3059 851 3128 divulgare.)
896 3058 1022 3112 Ideo
1063 3059 1165 3112 hoc
1209 3057 1284 3110 ita
1332 3055 1478 3108 cavit
1528 3064 1586 3108 ut
1633 3065 1919 3122 parentum
1960 3053 2118 3106 luxu-

536 3155 672 3206 riam
715 3160 1101 3218 compesceret,
1145 3155 1199 3202 et
1239 3145 1608 3216 voluptatibus
1668 3141 1850 3197 frenos
1919 3138 2108 3206 impo~

536 3254 731 3307 seret,
779 3251 834 3296 et
881 3243 1066 3294 modos
1118 3253 1181 3291 ac
1233 3240 1366 3290 lines
1419 3231 1793 3289 consuetudini
1848 3228 2115 3300 coniugali

537 3341 817 3388 statueret.
857 3330 990 3384 Nam
1036 3330 1161 3398 quia
1209 3327 1362 3382 multi
1407 3335 1532 3380 tunc
1562 3323 1780 3393 quando
1825 3321 1976 3377 nefas
2011 3331 2114 3384 est,

538 3426 591 3481 in
617 3437 814 3481 emtum
855 3421 1206 3484 conveniunt,
1239 3429 1292 3473 et
1355 3434 1419 3472 ev
1459 3417 1837 3486 intempestiva
1885 3413 2106 3468 commi-

537 3519 715 3573 stioue
750 3517 962 3586 impura
994 3523 1049 3568 et
1079 3511 1338 3568 deformia
1381 3524 1610 3577 corpora
1645 3516 1997 3576 procreantur
2029 3505 2115 3573 (li-

540 3600 986 3673 berorum),ueid
1006 3604 1180 3666 fleret,
1202 3614 1386 3654 curam
1411 3598 1830 3666 cautionemquc
1853 3593 2116 3648 adhibuit.

537 3699 689 3766 Quod
740 3706 917 3750 autem
965 3696 1077 3746 haec
1113 3707 1200 3745 res
1243 3706 1347 3744 non
1401 3699 1508 3743 tam
1544 3689 1651 3744 illis
1697 3687 1788 3756 qui
1837 3685 1963 3740 inde
1993 3700 2118 3754 pro-

536 3789 684 3858 gnati
707 3797 854 3846 sunt.
882 3800 1041 3851 quam
1071 3782 1385 3851 parentibus
1411 3783 1561 3848 ipsis,
1591 3780 1883 3832 maximam
1919 3777 2117 3831 afferat

537 3894 775 3948 pteuam,
817 3890 1001 3936 nemo,
1035 3882 1092 3926 ut
1133 3874 1347 3942 opinor,
1391 3871 1622 3942 ignorat.
1673 3869 1783 3923 Etsi
1833 3869 1976 3922 enim
2010 3869 2114 3920 ista

540 3985 626 4024 res
697 3967 968 4036 aliquibus
1021 3965 1252 4020 fortasse
1316 3979 1383 4018 ne
1435 3961 1650 4031 quidem
1700 3961 1910 4016 videtur
1962 3959 2123 4014 ullam

537 4059 817 4113 continere
875 4070 1089 4126 ptenam
1121 4093 1137 4120 ,
1202 4055 1348 4124 quod
1415 4055 1750 4110 consuetudo
1813 4053 2122 4124 opinionem

537 4161 710 4216 patrue
736 4128 1045 4202 .destruat:
1080 4154 1260 4200 tamen
1311 4145 1556 4215 plerique
1599 4159 1792 4199 omnes
1841 4154 2118 4214 parentes,

2293 1244 2439 1300 PIZ'.
2477 1276 2543 1288 —
2575 1246 3064 1318 ΟΥΛΛΕΝΤΙΛΝῼ
3101 1245 3215 1316 (83)
3249 1245 3723 1318 ΠΡΕΣΒΥΤΕΡῼ.

2209 1337 2311 1390 Διὰ
2343 1337 2401 1389 τί
2441 1336 2473 1390 6
2506 1339 2689 1406 νόμος
2730 1337 2870 1403 τοὺς
2901 1335 3270 1404 λεπρῶντας,
3324 1335 3364 1402 ἢ
3403 1336 3648 1402 ἐτέρους
3697 1356 3796 1391 ro-

2278 1406 2522 1476 σήματα
2571 1408 2832 1461 ἀκούσια
2891 1407 3255 1473 νοσοῦντας,
3305 1406 3424 1470 ἐξω
3459 1407 3617 1464 εἷναι
3678 1408 3798 1462 τῶν

2282 1475 2457 1544 ἱερῶν
2485 1478 2818 1544 περιϐόλων
2845 1476 3221 1545 προσέταξεν
3247 1477 3382 1547 (84).

2283 1591 2504 1654 Ἔοικας
2523 1590 2622 1643 ούκ
2642 1589 3002 1660 ἀποδέχεσθαι
3023 1590 3147 1653 τοὺς
3184 1591 3276 1644 ἐπὶ
3297 1591 3396 1655 τὰς
3425 1591 3658 1662 θεωρίας
3681 1591 3794 1661 (85)

2208 1683 2334 1744 τοὺς
2393 1681 2866 1750 ἀναγινώσκοντας
2917 1680 3393 1753 παρακαλοῦντας.
3442 1683 3801 1753 Σοφωτέρους

2209 1773 2339 1842 γὰρ,
2372 1773 2448 1836 ὼς
2479 1773 2635 1843 ἔφης,
2685 1773 2793 1826 τῶν
2826 1773 3062 1842 Γραφῶν
3099 1773 3326 1834 ἑαυτοὺς
3357 1772 3676 1846 ἡγούμενοι,
3718 1777 3800 1838 είς

2211 1865 2351 1934 ἅπερ
2375 1863 2652 1934 βούλονται
2686 1864 3143 1936 μετακομίζοντες
3169 1864 3239 1918 τὰ
3263 1865 3382 1918 θεῖα
3409 1866 3606 1935 Λόγια,
3628 1866 3804 1919 πολλὰ

2215 1957 2506 2026 σφάλλουσι
2553 1959 2682 2022 τοὺς
2737 1957 3056 2021 ἀκούοντας.
3121 1957 3264 2026 Ἐγὼ
3312 1958 3357 2010 δ’
3409 1957 3524 2012 οὔτ’
3557 1959 3805 2022 ἐκείνους

2212 2050 2591 2118 αἰτιασαίμην,
2640 2049 2688 2101 εί
2743 2050 2905 2118 σοφόν
2955 2067 3004 2102 τι
3051 2047 3292 2120 ἐξευρεῖν
3345 2050 3804 2117 ἐπαγγέλλονται,
3875 2031 3884 2040 ’

2213 2140 2336 2194 οὗτε
2388 2140 2471 2205 σὲ,
2521 2143 2594 2212 μὴ
2640 2141 2980 2212 βουλόμενον,
3027 2141 3348 2212 ἀλληγορετν
3398 2142 3804 2212 ἀναγκάσαιμι,

2215 2234 2329 2287 ἀλλ’
2384 2233 2441 2296 ἐξ
2485 2233 2703 2296 εὐθείας
2733 2235 2832 2304 τὴν
2868 2233 3164 2301 ἀπολογίαν
3227 2232 3586 2305 ποιησαίμην.
3627 2233 3807 2300 Ἐφης

2215 2325 2324 2395 γάρ
2347 2343 2359 2356 ·
2401 2325 2507 2378 Τοῦ
2541 2325 2700 2395 χάριν
2745 2327 2772 2378 6
2825 2325 3124 2395 νομοθέτης
3172 2325 3298 2388 τοὺς
3332 2323 3677 2394 λεπρῶντας,
3711 2325 3806 2377 καὶ

2214 2417 2379 2487 ’έτερα
2407 2415 2688 2486 νοσήματα
2720 2415 2953 2468 ἀκούσια
2989 2413 3304 2482 νοσοῦντας,
3332 2412 3436 2477 ἔξω
3467 2411 3608 2465 εἷναι
3641 2412 3807 2482 ἱερῶν

2217 2509 2520 2581 περιϐόλων
2552 2509 2870 2572 ὲθέσπισεν;
2908 2508 3104 2561 Ἀκουε
3135 2507 3199 2576 δὴ
3228 2506 3531 2576 συντόμωῖ,
3561 2520 3806 2572 συναγα-

2217 2603 2330 2674 γών
2365 2619 2458 2655 σου
2488 2601 2578 2654 τὸν
2615 2601 2738 2656 νοῦν
2761 2602 2852 2672 (οὐ
2890 2601 2998 2670 γὰρ
3033 2600 3190 2669 Θέμις
3228 2598 3415 2668 σαφῶς
3453 2598 3522 2650 τὰ
3565 2596 3668 2665 τῆς
3699 2597 3806 2665 φύ-

2220 2712 2354 2757 σεως
2400 2692 2744 2764 δημοσιεύειν
2776 2691 3092 2762 μυστήρια)’
3132 2691 3250 2741 Ὅτι
3269 2689 3369 2753 τὰς
3403 2687 3674 2760 ἀκρασίας
3698 2688 3811 2740 τῶν

2219 2785 2424 2856 γονέων
2470 2783 2835 2844 ἀναστέλλων,
2869 2783 2963 2834 καὶ
2991 2783 3109 2844 ταῖς
3141 2782 3354 2851 ἡδοναῖς
3395 2777 3650 2848 χαλινοὺς
3686 2780 3812 2830 ἑπι-

2219 2877 2410 2941 τιθεὶς,
2460 2876 2556 2929 καὶ
2603 2874 2775 2945 μέτρα
2832 2871 3031 2943 ὁρίζων
3089 2874 3210 2934 ταῖς
3268 2870 3598 2933 συνουσίαις,
3650 2869 3813 2922 τοῦτο

2223 2965 2573 3037 προσέταξεν.
2621 2963 2840 3032 Ἐπειδὴ
2870 2963 2978 3033 γὰρ
3010 2961 3194 3014 πολλοὶ
3223 2961 3312 3013 ὅτε
3337 2959 3399 3013 ού
3428 2959 3587 3029 θέμις
3613 2960 3811 3028 συνέρ-

2219 3074 2425 3128 χονται,
2459 3057 2552 3108 καὶ
2581 3057 2644 3108 ὲκ
2673 3055 2768 3124 τῆς
2797 3055 3031 3126 ἀκαίρου
3069 3054 3360 3116 συνουσίας
3390 3051 3681 3123 ἀκάθαρτα
3715 3055 3814 3106 καὶ

2214 3147 2450 3217 δυσεχθῆ
2487 3146 2597 3217 (86)
2632 3144 2906 3197 τίκτονται
2939 3143 3185 3214 σώματα,
3220 3143 3308 3196 ἴνα
3342 3142 3418 3213 μὴ
3451 3141 3611 3195 τοῦτο
3641 3141 3809 3212 γένη-

2213 3255 2324 3298 ται,
2352 3238 2685 3307 ἐφρόντισεν.
2719 3236 2840 3287 Ὅτι
2865 3234 2921 3286 δὲ
2955 3235 3016 3287 ού
3046 3237 3156 3298 τοῖς
3191 3233 3482 3304 τεχθείσιν,
3523 3233 3662 3286 ἀλλὰ
3691 3235 3810 3295 τοῖς

2214 3327 2434 3382 τεκοῦσι
2480 3319 2680 3398 μᾶλλον
2713 3331 2976 3397 μεγίστην
3007 3326 3162 3396 φέρει
3207 3325 3450 3387 κόλασιν,
3494 3325 3692 3389 οὐδεὶς,
3731 3325 3812 3388 ὼς

2216 3414 2394 3489 οἶμαι,
2448 3421 2653 3487 ἀγνοεῖ.
2724 3418 2787 3470 Oi
2841 3419 2940 3487 μὲν
2992 3418 3100 3488 γὰρ
3157 3417 3276 3470 οὐδὲ
3343 3417 3617 3488 τιμωρίαν
3677 3417 3812 3481 ἴσως

2223 3511 2478 3580 ἡγοῦνται
2525 3509 2585 3563 τὸ
2633 3510 2886 3579 πρᾶγμα,
2937 3509 3035 3578 τῆς
3088 3506 3377 3578 συνηθείας
3433 3509 3534 3580 τὴν
3583 3508 3814 3562 κόλασιν

2221 3599 2556 3670 ἑκλυούσης·
2609 3600 2658 3651 οί
2709 3598 2751 3651 δ’
2800 3599 3100 3668 ἀνήκεστον
3145 3597 3478 3669 ὑπομένουσι
3509 3599 3811 3668 τιμωρίαν.

2220 3687 2312 3748 οὓς
2341 3687 2569 3758 ηὔχοντο
2601 3686 2857 3756 ἀμείνους
2889 3685 3097 3740 ἑαυτῶν
3140 3683 3302 3753 εἶναι,
3352 3685 3579 3750 τούτους
3624 3687 3812 3756 εἰργο-

2226 3782 2420 3851 μένους
2467 3780 2628 3850 ίερῶν
2681 3779 2912 3832 συνόδων
2949 3779 3233 3850 θεώμενοι.
3290 3779 3401 3832 Καὶ
3450 3782 3562 3842 τοῖς
3615 3779 3714 3849 μὲν
3748 3779 3816 3831 τὸ

2222 3867 2360 3925 εἷναι
2399 3869 2650 3922 ἀκούσιον
2683 3870 2742 3922 τὺ
2777 3870 2944 3932 πάθος
2985 3869 3328 3940 ὲξευμαρίζει
3361 3869 3457 3940 τὴν
3493 3871 3810 3940 συμφοράν·

2222 3965 2334 4024 τοῖς
2382 3962 2437 4014 δὲ
2469 3962 2528 4014 τὸ
2565 3961 2866 4013 συνειδέναι
2914 3963 2995 4014 ὅτι
3045 3961 3143 4030 τῆς
3174 3963 3444 4030 ἀκρασίας
3477 3960 3662 4014 αὐτῶν
3693 3964 3814 4013 ἐστι

2223 4053 2492 4124 σύμϐολον
2542 4053 2656 4122 (87)
2707 4051 2975 4114 ἑκουσίου,
3016 4051 3341 4104 ἀνύποιστον
3383 4053 3529 4104 ποιεῖ
3561 4051 3662 4122 τὴν
3689 4051 3810 4105 ὀδύ-

2221 4163 2341 4216 νην.

534 4230 728 4308 quibus
751 4239 800 4291 id
831 4255 929 4291 usu
954 4236 1120 4302 venit,
1153 4235 1456 4290 incurabile
1489 4237 1759 4290 sustinent
1783 4236 2100 4306 supplicium
2142 4245 2196 4290 et
2221 4240 2494 4291 cruciatos
2543 4237 2806 4290 maximus
2871 4237 3198 4300 animorum,
3227 4235 3352 4288 dum
3420 4234 3625 4288 liberos
3653 4247 3809 4288 suos.

534 4349 692 4402 quos,
727 4332 808 4402 (ut
849 4331 956 4386 l‘ert
1005 4345 1294 4386 commune
1345 4338 1628 4399 parentum
1703 4330 1908 4390 votum)
1951 4330 2148 4400 seipsis
2222 4332 2626 4400 pmstautiores
2682 4345 2806 4384 esse
2864 4331 3158 4399 optabant,
3215 4330 3388 4384 sacris
3446 4328 3810 4382 conventibus

533 4425 706 4479 arceri
755 4435 920 4493 atque
957 4422 1406 4478 excludivldeut.
1451 4421 1517 4476 Et
1565 4421 1754 4477 liberis
1816 4422 2033 4490 quidem
2082 4422 2137 4476 id
2211 4423 2574 4476 calamitatem
2637 4422 2817 4475 reddit
2878 4422 3172 4484 leviorem,
3232 4423 3374 4490 quod
3439 4417 3643 4472 malum
3709 4418 3810 4472 hoc

535 4515 679 4570 nulla
705 4529 803 4569 sua
831 4515 986 4584 culpa
1014 4514 1117 4570 sibi
1151 4515 1501 4580 attraxerint,
1530 4513 1625 4571 sed
1650 4514 1857 4583 absque
1921 4529 2020 4570 sua
2085 4515 2359 4570 voluntate
2403 4515 2454 4568 in
2509 4516 2561 4569 id
2643 4515 2975 4570 inciderint:
3010 4513 3180 4586 478
3211 4513 3530 4584 parentibus
3598 4520 3808 4575 autem,

613 4669 661 4704 "
689 4669 821 4725 Luc.
864 4686 1018 4736 sviti,
1062 4670 1086 4724 1
1117 4685 1270 4740 seqq.

1609 4825 1846 4883 VARIE
1887 4825 2273 4883 LECTIONES
2309 4827 2398 4883 ET
2456 4826 2688 4884 NOTAE.

600 4981 712 5055 (89.)
744 4983 909 5055 Edita
934 4983 1131 5055 Paris.,
1166 4984 1238 5055 Ei
1269 4984 1452 5036 τοίνυν
1487 4985 1504 5004 ⁶
1540 4982 1636 5037 καὶ
1687 4986 1744 5036 ἐν
1784 4985 1896 5047 τοῖς
1952 4985 2114 5038 κακί-

533 5053 702 5121 στοις,
730 5053 945 5105 omissis
977 5053 1314 5106 iutermediis
1347 5069 1467 5121 qua:
1509 5055 1868 5107 restituuntur
1891 5071 1956 5108 ex
1989 5058 2110 5109 cod.

533 5120 708 5176 Vatic.
734 5121 860 5175 650.
891 5121 1047 5174 Enn.

603 5193 713 5262 (85)
747 5192 884 5262 god.
917 5191 1036 5244 Vat.
1065 5190 1193 5250 650,
1225 5190 1509 5246 υὺἀλεντι.
1539 5191 1750 5247 Possm.

603 5259 1066 5382 (Sdkﬁorieratur
1099 5275 1218 5312 cum
1255 5262 1357 5314 hac
1382 5263 1542 5329 epist.
1590 5262 1687 5315 ut
1732 5261 1871 5316 infra
1904 5264 2006 5316 hoc
2053 5263 2121 5316 li-

531 5331 910 5475 br?8.5)“|¥:.rl;
925 5396 1032 5462 τὰς
1061 5395 1324 5475 θεωρίας.
1351 5395 1602 5475 βεωρίας
1634 5399 1722 5453 hic
1751 5411 1906 5475 vocat
1942 5400 2104 5475 ἀλλητ-
2130 5455 2132 5457 ,

528 5469 740 5540 γορᾼίας,
770 5467 928 5540 quod
947 5467 1296 5540 perspicuum
1347 5470 1401 5516 lit
1443 5483 1506 5518 cx
1538 5484 1714 5540 seqq.,
1745 5471 1869 5522 οὔτε
1927 5489 1986 5523 σε

530 5535 1212 5638 ἓοὲλίόμενοέξιέληγορῗίἓ
1239 5535 1684 5638 αναγκασαίμην.
1713 5540 1976 5638 βιῗιιίὶιιιτ
2012 5535 2103 5619 iii;

527 5604 622 5661 cra
647 5604 805 5674 epist.
827 5605 952 5684 295.
977 5604 1148 5658 Aliter
1175 5604 1508 5684 Epiphanius
1555 5604 1753 5672 accipit
1785 5609 2018 5680 θεωρίαν
2057 5609 2109 5660 in

534 5679 630 5728 hac
654 5685 942 5736 sententia,
996 5689 1158 5742 quam
1195 5677 1536 5742 Ut'igcutauis
1577 5678 1868 5742 Opposuit:
1926 5679 2111 5730 Πάντα

2210 4986 2280 5040 τὰ
2306 4987 2424 5040 θεῖα
2449 4987 2513 5057 ῥή
2524 5003 2669 5056 ματα
2697 4987 2798 5040 οὐκ
2821 4985 3148 5056 ἀλληγορίας
3172 4986 3364 5049 δεῖται,
3391 4983 3530 5057 ᾲλλᾲ
3551 4984 3637 5057 ’ὡς
3668 4983 3797 5057 ἔχει·

2215 5055 2458 5126 θεωρίας
2481 5055 2536 5108 δὲ
2567 5057 2741 5109 δεῖται
2769 5057 2862 5109 καὶ
2894 5055 3222 5127 αἰσθήσεως,
3264 5057 3344 5127 εἰς
3369 5056 3429 5106 τὸ
3453 5055 3660 5127 εἰδέναι
3687 5055 3802 5127 ἐκᾴ-

2218 5124 2351 5196 στης
2403 5127 2720 5196 ὑποθέσεως
2755 5129 2850 5196 τὴν
2893 5124 3144 5195 δύναμιν.
3179 5126 3276 5179 llic
3312 5125 3526 5196 θεωρία
3578 5124 3674 5176 καὶ
3718 5124 3798 5177 αῖ·-

2219 5194 2413 5264 σθησις
2454 5195 2759 5248 adhibenda
2789 5194 2840 5248 iii
2879 5194 3284 5262 Scrip’turarum
3311 5194 3565 5256 lectione,
3604 5203 3796 5264 tracta-

2222 5262 2477 5334 tioneque
2513 5266 2646 5317 ιιίίιίι
2679 5264 2818 5316 aliud
2851 5275 2934 5320 est
2967 5265 3554 5334 qttam_épeuv@viillutl
3586 5277 3616 5315 a
3647 5262 3792 5326 Citri-

2219 5347 2306 5388 sui
2335 5331 2447 5400 ipso
2480 5335 2633 5388 nobis
2660 5331 3092 5387 commeudaium
3118 5331 3275 5386 Joan.
3304 5331 3353 5385 v‘.
3393 5333 3564 5388 RtTT.

2284 5399 2398 5474 (86)
2431 5405 2704 5470 Scriptum
2725 5402 2784 5454 δυ
2798 5401 2959 5474 τεχθῇ
2983 5405 3105 5456 cod.
3143 5402 3262 5474 Vat.
3287 5413 3463 5456 mutat
3489 5405 3542 5456 iu
3566 5399 3789 5471 εἰδεχθῆ,

2215 5485 2270 5528 et
2296 5472 2448 5528 ms.
2483 5490 2600 5540 seq.
2642 5485 2760 5538 post
2787 5474 2870 5524 ὅτι
2905 5473 2961 5524 δὲ
2992 5475 3140 5524 addit
3161 5472 3338 5523 τοῦτο.

2287 5544 2401 5614 (87)
2435 5538 2578 5595 Inter
2607 5541 2881 5611 σύμϐολον
2904 5553 2955 5596 οι
2996 5543 3244 5594 ἑκουσίου
3289 5543 3428 5595 idem
3458 5541 3579 5594 cod.
3618 5538 3791 5594 inserit

2219 5615 2335 5683 τῆς.
2372 5615 2578 5666 Possm.
