4084 6360
584 304 721 370 1199

1801 298 1863 358 S.
1906 295 2200 356 ISIDORI
2239 293 2677 357 PELUSIOTE

3707 296 3844 365 1200

584 413 809 477 addidit,
856 407 1102 481 corporis
1145 415 1634 479 temperamentum
1677 407 1828 476 sequi
1878 406 2166 460 facultates

2274 405 2506 474 σάμενος
2527 420 2539 431 ·
2572 404 2647 468 ὡς
2696 402 3011 473 ἐλέγχεσθαι
3051 404 3213 458 αὑτὸν
3257 404 3434 476 μάτην
3467 404 3568 475 μὲν
3597 404 3658 459 τὸ
3682 406 3849 479 ὕνομα

578 510 1024 574 auitnze:eoque
1079 502 1295 557 tandem
1350 504 1631 572 pervenit,
1688 512 1746 554 ut
1798 500 2039 563 diceret,
2093 512 2161 553 ne

582 601 795 670 quidem
819 596 1066 667 corporis
1089 605 1369 666 expertem
1400 605 1454 651 et
1493 594 1857 650 immortalem
1883 607 2004 649 esse
2036 592 2162 647 aui-

528 692 540 714 ‘
584 705 744 752 mam,
785 702 908 742 cum
962 684 1147 741 nescio
1191 686 1464 754 quomodo
1508 691 1991 754 temperamentum
2031 681 2164 736 deii—

583 779 741 834 nierit
787 778 1056 841 animant,
1127 783 1186 828 ut
1235 772 1309 828 ita
1360 781 1621 845 arguatur
1662 772 1885 836 frustra,
1913 785 1979 825 ac
2026 770 2164 826 dicis

582 876 789 923 tantum
822 880 986 921 causa
1028 878 1227 920 nomen
1262 863 1487 933 quidem
1535 862 1732 918 animm
1759 863 1971 918 crebris
2003 876 2160 916 usur-

580 976 708 1030 pare
753 958 1098 1015 sermonibus
1144 957 1320 1009 :duttt
1380 967 1560 1010 autem
1616 956 1721 1011 hoc
1776 956 1943 1010 verbo
2006 964 2163 1009 tenus

580 1054 851 1113 muccdit,
894 1066 962 1106 ne
991 1050 1249 1107 videlicet
1291 1050 1475 1105 multis
1518 1048 1854 1118 sapientibus
1887 1047 2163 1102 contradi-

577 1162 704 1201 cere
748 1144 1035 1210 videatur,
1083 1158 1198 1200 rem
1248 1143 1459 1199 interea
1505 1141 1676 1210 ipsam
1707 1147 2001 1210 oppugnat.
2057 1138 2163 1195 Sed

584 1252 688 1291 non
741 1246 824 1292 est
869 1235 970 1306 ipsi
1015 1236 1120 1291 hac
1171 1235 1225 1290 in
1278 1249 1336 1289 re
1370 1230 1815 1289 auscultandum.
1860 1227 1995 1285 Nam
2037 1229 2163 1285 dum

585 1346 614 1381 ιι
640 1329 794 1383 edico
853 1327 1090 1400 dogmati
1153 1341 1214 1383 se
1265 1321 1714 1389 accommodavit,
1766 1337 2030 1393 suamque
2080 1337 2166 1376 ar-

585 1430 689 1472 tem
717 1420 960 1474 stabilire
986 1427 1043 1475 et
1068 1418 1455 1475 commendare
1480 1415 1675 1483 voluit,
1695 1415 1943 1472 veritatis
1976 1430 2162 1470 curam

584 1514 806 1583 insuper
854 1512 1060 1567 habuit.
1106 1510 1183 1566 De
1232 1507 1514 1565 curatione
1562 1521 1797 1577 namque
1850 1521 2161 1579 corporum,

580 1604 741 1674 481
782 1605 1037 1673 quoniam
1073 1602 1125 1656 iu
1169 1601 1270 1656 hac
1311 1608 1430 1655 arte
1468 1599 1743 1656 excellens
1783 1598 1887 1653 fuit
1941 1597 2162 1661 artifex,

2263 496 2361 566 τῆς
2386 495 2567 565 ψυχῆς
2595 495 2930 565 θρυλλοῦντα
2950 513 2961 526 ·
2992 495 3080 550 διὰ
3120 496 3177 550 δὲ
3205 496 3265 549 τὸ
3307 498 3382 567 μή
3429 497 3580 564 δόξαι
3637 498 3851 565 πολλοῖς

2277 591 2459 658 σοφοῖς
2488 589 2807 658 ἀντιλέγειν,
2838 588 2996 642 τοῦτο
3022 588 3428 660 συγχωροῦντα,
3464 590 3541 661 τῷ
3564 592 3640 664 (1)
3674 592 3853 663 πράγ-

2269 696 2399 749 ματι
2423 744 2428 749 .
2454 679 2782 751 μαχόμενος,
2816 678 3051 750 τοῦνομα
3093 683 3385 751 συγχωρεῖ.
3434 680 3575 734 Ἀλλ’
3597 682 3659 734 οὐ
3687 700 3854 753 προσ-

2264 771 2448 825 εκτέον
2473 771 2622 842 αὑτῷ
2641 764 2699 826 ἐν
2722 770 2913 843 τούτῳ.
2943 771 3170 842 Τῷογάρ
3199 772 3427 844 ἰατρικῷ
3464 772 3693 844 δόγματι
3724 775 3851 827 ἐπό-

2269 879 2449 934 μενος,
2475 864 2569 917 καὶ
2588 863 2686 936 τὴν
2714 862 2849 917 ἰδίαν
2864 864 3062 934 τέχνην
3091 864 3354 935 συστῆναι
3384 865 3727 936 βουλόμενος,
3752 866 3851 936 τῆς

2264 953 2523 1026 ἀληθείας
2553 956 2655 1009 οὐκ
2694 956 3001 1027 ἐφρόντισε.
3047 956 3328 1026 Σωμάτων
3372 958 3484 1029 γὰρ
3532 958 3663 1029 περὶ
3685 957 3853 1028 θερα-

2265 1044 2447 1108 πείας,
2474 1046 2659 1117 ἐπειδὴ
2688 1046 2936 1117 τεχνίτης
2961 1047 3019 1100 ἐν
3046 1046 3219 1120 ταύτῃ
3248 1050 3277 1100 ὁ
3297 1047 3435 1121 ἀνὴρ
3457 1048 3851 1121 περιελαλεῖτο,

2265 1137 2340 1200 ὡς
2368 1136 2615 1207 βούλεται
2650 1140 2734 1209 (οὐ
2763 1138 2871 1210 γὰρ
2894 1140 3269 1210 ἀφαιρήσομαι
3299 1140 3463 1194 αὐτοῦ
3484 1142 3585 1213 τὴν
3615 1141 3709 1194 ἐπὶ
3735 1142 3857 1194 τού-

2264 1245 2378 1293 τοις
2407 1229 2633 1304 ἀξίαν),
2662 1231 2840 1303 ψυχῆς
2895 1231 2941 1284 δ’
2995 1231 3183 1285 ἕνεκεν
3238 1234 3314 1304 μὴ
3367 1232 3692 1304 ἀμιλλάσθω
3745 1238 3851 1299 τοῖς

2267 1321 2618 1392 σοφωτέροις,
2662 1323 2799 1395 μηδὲ
2851 1322 3231 1377 καταϐαινέτω
3269 1327 3350 1389 εἰς
3394 1325 3604 1395 ἀγῶνα,
3643 1321 3706 1383 οὗ
3764 1329 3854 1381 καὶ

2265 1409 2572 1483 ἀνάσκητος
2605 1412 2722 1466 ἐστι
2756 1412 2852 1466 καὶ
2890 1411 3259 1483 ἀμελέτητος*
3320 1415 3455 1486 μηδὲ
3505 1415 3747 1488 ἀθλητὴς
3782 1415 3854 1470 ὢν

2264 1502 2363 1575 τὴν
2402 1505 2667 1575 μουσικήν
2712 1503 2967 1575 κρινέτιιν
3022 1505 3158 1575 μηδὲ
3202 1506 3330 1578 περὶ
3359 1505 3430 1559 τά
3470 1506 3701 1580 σώματα
3730 1509 3857 1579 ὅλην

2267 1595 2466 1650 ἑαυτοῦ
2492 1594 2737 1660 κενώσας
2780 1595 2881 1667 τὴν
2934 1595 3171 1660 σύνεσιν,
3222 1598 3350 1669 περὶ
3389 1597 3572 1670 ψυχῆς
3601 1599 3858 1669 δογματι-

585 1697 668 1748 vir
709 1694 832 1758 ille,
872 1694 1126 1764 loquatur
1155 1709 1284 1750 sane
1317 1708 1417 1749 suo
1447 1693 1753 1749 arbitratu:
1798 1706 1978 1763 neque
2018 1691 2162 1747 enim

2269 1685 2429 1753 ζέτωο
2467 1686 2601 1757 μηδὲ
2632 1688 2933 1741 πιστευέτω
2957 1687 3057 1758 (2),
3092 1689 3150 1742 ὲν
3177 1687 3255 1759 τῷ
3300 1691 3737 1755 κατασκευάζειν
3761 1692 3858 1764 τὴν

584 1788 686 1857 ipsi
722 1762 1036 1857 dignitatem
1087 1788 1138 1842 in
1187 1788 1272 1843 his
1316 1785 1478 1842 rebus
1519 1800 1674 1841 suam
1728 1762 2033 1840 detraham.
2092 1784 2166 1839 De

2268 1777 2537 1849 ἁρμονίαν
2578 1777 2687 1830 τῶν
2723 1778 3001 1848 στοιχείων
3046 1774 3186 1833 εἶναι
3224 1780 3422 1851 ψυχήν.
3462 1782 3525 1836 El
3563 1782 3675 1855 γὰρ
3702 1762 3858 1838 τοῦτο

583 1881 762 1933 anima
798 1893 927 1934 vero
949 1887 1225 1933 certamen
1258 1891 1383 1934 cum
1415 1876 1753 1947 sapientibus
1779 1888 1849 1929 ne
1879 1872 2163 1944 suscipiat,

584 1987 756 2040 neque
784 1972 1076 2027 descendat
1118 1970 1171 2026 in
1200 1970 1403 2026 luctam
1424 2012 1439 2037 ,
1467 1970 1521 2025 in
1556 1985 1661 2041 qua
1694 1984 1799 2025 non
1840 1978 1922 2026 est
1949 1970 2167 2026 exerci-

584 2072 728 2117 tatus
755 2071 811 2117 et
842 2062 1353 2132 impraemeditatus,
1386 2077 1569 2135 neque
1599 2078 1722 2118 cum
1753 2062 1826 2117 sit
1857 2062 2060 2118 athleta
2084 2061 2167 2131 ju-

581 2155 781 2207 dicium
815 2153 918 2208 sibi
948 2160 1130 2208 sumat
1156 2154 1222 2210 de
1247 2163 1365 2210 arte
1394 2155 1600 2210 musica
1626 2172 1639 2209 :
1670 2167 1898 2222 cumque
1949 2167 2166 2208 omnem

583 2256 735 2294 suam
763 2241 1107 2311 prudentiam
1150 2243 1297 2298 circa
1353 2257 1585 2314 corpora
1617 2244 2020 2311 consumpserit
2045 2282 2061 2307 ,
2100 2242 2168 2297 de

583 2330 762 2385 anima
797 2346 864 2386 ne
911 2332 1089 2386 tradat
1121 2333 1375 2401 dogmata
1404 2350 1417 2387 :
1471 2346 1648 2403 neque
1676 2332 1899 2397 credat,
1928 2332 2167 2386 animam

582 2424 883 2479 consistere
925 2424 977 2478 in
1009 2423 1350 2479 concilianda
1387 2424 1672 2479 harmonia
1707 2434 1762 2478 et
1790 2436 2170 2491 contempera-

586 2517 730 2571 tinue
775 2516 1186 2574 elementorum.
1221 2515 1277 2571 Si
1312 2516 1456 2571 enim
1487 2516 1591 2572 hoc
1618 2516 1720 2585 ipsi
1763 2532 1831 2572 ex
1880 2515 2166 2587 hypothesi

584 2610 741 2662 detur
776 2608 960 2678 (nemo
992 2610 1138 2663 enim
1176 2608 1395 2678 sapiens
1438 2608 1511 2662 ita
1552 2621 1618 2662 ex
1649 2608 1836 2673 animo
1868 2606 2164 2677 senserit);

583 2701 626 2753 si
661 2700 878 2768 quidem
913 2701 985 2753 ita
1028 2714 1089 2753 se
1140 2699 1305 2754 habet
1335 2698 1413 2754 rei
1442 2698 1682 2762 veritas,
1730 2712 1852 2753 cum
1882 2696 1997 2766 ipso
2027 2709 2167 2751 tem-

587 2801 923 2860 peramento,
943 2790 1029 2845 vel
1045 2790 1223 2859 potius
1244 2804 1350 2844 uua
1374 2803 1495 2845 cum
1522 2802 1748 2859 corpore
1767 2788 1947 2843 anima
1967 2788 2171 2843 exstin-

586 2891 800 2951 guetur.
838 2880 895 2935 Si
922 2881 1067 2936 enim
1094 2880 1276 2935 anima
1310 2889 1392 2935 est
1421 2879 1732 2945 harmonia,
1756 2888 1866 2934 tum
1896 2887 1952 2933 ot
1980 2878 2166 2941 ultima

585 2973 969 3039 constituetur,
1000 2986 1054 3028 et
1072 2974 1243 3043 prima
1269 2962 1766 3050 perimetur..Lyra
1784 2971 1929 3029 enim
1952 2982 2013 3028 et
2034 2971 2169 3028 fides

2268 1868 2390 1944 καθξ
2428 1869 2683 1923 ὑπόθεσιν
2734 1869 2912 1942 δοθείη
2947 1871 3046 1942 (μὴ
3088 1872 3197 1947 γὰρ
3240 1871 3302 1943 δή
3343 1889 3427 1937 τις
3460 1872 3570 1928 τῶν
3620 1877 3855 1930 συνετῶν

2230 2036 2233 2039 δ
2266 1960 2409 2015 οὕτω
2436 1961 2799 2033 φρονήσειεν),
2832 1963 3019 2035 ἐπειδὴ
3073 1962 3218 2034 μάλα
3252 1963 3481 2036 ἀλήθεια
3512 1965 3688 2033 οὕτως
3719 1970 3850 2040 ἔχει,

2270 2055 2386 2124 μετ’
2428 2053 2616 2121 αὐτοῦ,
2665 2048 2866 2126 μᾶλλον
2900 2055 2957 2109 δὲ
3010 2055 3148 2127 μετά
3178 2057 3272 2110 τοῦ
3330 2056 3582 2129 σώματος
3618 2060 3850 2131 σϐεσθή-

2269 2161 2442 2199 σεται.
2473 2146 2534 2198 Ei
2583 2146 2692 2217 γὰρ
2725 2146 2985 2218 ἁρμονία,
3034 2148 3128 2201 καὶ
3174 2147 3463 2202 τελευταία
3512 2149 3852 2225 συνίσταται,

2267 2238 2363 2290 καὶ
2415 2237 2606 2310 πρώτη
2668 2239 2966 2293 ἀπόλλυται
3007 2238 3082 2311 (ἡ
3136 2239 3245 2313 γὰρ
3278 2240 3418 2309 λύρα
3461 2242 3555 2296 καὶ
3586 2245 3643 2296 al
3673 2244 3857 2313 χορδαὶ

2267 2327 2627 2399 ἀρμοσθεῖσαι
2658 2328 2775 2400 μὲν,
2813 2328 2914 2401 τὴν
2952 2330 3219 2401 ἁρμονίαν
3271 2330 3555 2403 τίκτουσι·
3583 2332 3849 2386 διαλυθεῖ-

2272 2436 2361 2473 σαι
2408 2419 2464 2472 δὲ
2498 2419 2691 2491 χρόνον
2726 2420 2846 2474 τινὰ
2893 2421 3229 2491 διαμένουσι,
3274 2423 3371 2492 τῆς
3409 2422 3682 2493 ἁρμονίας
3720 2441 3852 2496 ’προ⁶

2267 2509 2662 2582 απολομένης)’
2686 2511 2757 2564 ’τί
2788 2507 2881 2566 οὖν
2908 2511 3043 2582 φαίη
3062 2514 3090 2565 ὁ
3112 2511 3386 2581 βέλτιστος
3417 2513 3543 2584 περὶ
3572 2513 3682 2567 τῶν
3711 2515 3854 2587 παρὰ

2270 2606 2524 2675 ποιηταῖς
2552 2604 2649 2658 καὶ
2687 2604 2999 2675 φιλοσόφοις
3038 2605 3132 2659 καὶ
3175 2605 3539 2677 λογογράφοις
3560 2606 3855 2678 φιλοσοφη-

2269 2695 2492 2763 θέντων,
2526 2696 2602 2760 ὡς
2633 2697 2808 2769 πάντη
2857 2714 2917 2751 τε
2955 2697 3051 2751 καὶ
3099 2697 3321 2762 πάντως
3386 2699 3664 2770 ἐσομένων
3701 2700 3762 2754 ἐν
3791 2702 3853 2771 τῇ

2268 2788 2447 2860 κρίσει
2506 2788 2913 2861 κολαστηρίων;
2988 2790 3148 2843 Ποῖον
3215 2791 3275 2846 δὲ
3348 2792 3515 2863 γέρας
3562 2792 3679 2856 τοῖς
3736 2792 3855 2865 τῇδε

2270 2880 2479 2952 βιοῦσιν
2531 2880 2709 2953 ὀρθῶς
2741 2882 3052 2951 ἐπινοήσεις
3087 2881 3214 2946 Τοῖς
3241 2882 3352 2955 γὰρ
3392 2882 3537 2936 οὕτω
3574 2883 3854 2939 πολιτευο-

2273 2971 2478 3042 μένοις,
2515 2971 2592 3036 ὡς
2633 2971 2703 3026 τὰ
2742 2971 2935 3038 πολλὰ,
2981 2966 3119 3026 ἆθλα
3156 2972 3429 3044 μεγίστων
3453 2974 3527 3046 (5)
3559 2976 3738 3030 πόνων
3771 2978 3856 3031 καὶ

586 3062 925 3118 concinnatae
958 3063 1178 3134 quidem
1210 3071 1519 3134 aptatasque
1546 3072 1871 3120 concentum
1906 3064 2163 3135 pariunt:

2273 3061 2514 3135 ἱδρώτων
2555 3064 2752 3133 μεστὰ,
2788 3062 2894 3128 ἕως
2917 3063 3016 3135 τῆς
3055 3063 3245 3119 ἐνθάδε
3281 3064 3539 3140 τελευτῆς
3566 3067 3854 3140 προετέθη.

587 3155 870 3211 dissoluta:
899 3170 1028 3212 vero
1062 3156 1132 3211 ad
1161 3164 1373 3226 tempus
1407 3154 1626 3226 aliquod
1672 3164 1912 3220 manent,
1941 3155 2160 3213 harmo-

587 3244 676 3299 nia
714 3245 862 3313 prius
885 3244 1178 3300 exstincta.
1214 3242 1351 3311 Quid
1384 3254 1565 3299 autem
1594 3244 1832 3315 optimus
1865 3243 1955 3300 ille
1988 3241 2170 3316 (Gale-

586 3335 711 3405 nus)
746 3335 991 3392 dicturus
1024 3345 1111 3392 est
1138 3335 1207 3394 de
1240 3335 1308 3391 iis
1338 3349 1460 3407 quae
1505 3335 1645 3405 apud
1676 3344 1866 3407 poetas
1910 3345 1967 3391 et
1994 3334 2171 3406 philo-

584 3431 787 3495 sophos
832 3436 888 3481 ct
941 3436 1191 3484 oratores
1217 3429 1490 3499 disputata
1525 3438 1653 3482 sunt
1678 3428 1905 3496 passim,
1940 3426 2083 3498 quod
2114 3428 2168 3483 in

2275 3156 2375 3210 Ποῖ
2401 3154 2459 3209 δὲ
2500 3153 2601 3227 τὴν
2648 3155 2920 3226 τιμωρίαν
2954 3157 3115 3227 ὁριεῖ,
3154 3158 3268 3220 τοῖς
3311 3157 3510 3213 κακίαν
3541 3158 3641 3230 μὲν
3682 3161 3856 3214 πᾶσαν

2278 3243 2711 3316 μεταδιώκουσιν
2746 3243 2853 3309 ἓως
2884 3244 3140 3313 θανάτου,
3194 3248 3291 3302 καὶ
3314 3247 3547 3303 πλούτου
3575 3247 3672 3302 καὶ
3699 3249 3857 3320 τιμῆς

2274 3335 2646 3403 ἀπολαύουσις
2712 3336 2836 3401 Πῶς
2885 3335 3268 3409 διερμηνεύσει
3312 3340 3413 3411 τὴν
3466 3339 3598 3411 παρ’
3638 3340 3858 3414 Ὁμήρῳ

2275 3427 2371 3481 τοῦ
2402 3424 2715 3496 λογιστικοῦ
2744 3426 2883 3500 πρὸς
2917 3429 2978 3483 τὸ
3003 3429 3237 3502 θυμικὸν
3260 3431 3585 3503 παραίνεσιν
3607 3447 3623 3462 ο

585 3526 834 3573 extremo
860 3518 1066 3587 judicio
1090 3518 1292 3590 ubique
1320 3528 1377 3574 et
1412 3518 1637 3575 omnino
1683 3518 1866 3574 futura
1900 3520 2010 3573 siut
2041 3516 2536 3589 supplicia?Quale
2556 3532 2687 3573 vero
2748 3519 3031 3588 praemium
3056 3522 3121 3578 iis
3186 3524 3278 3594 qui
3333 3522 3478 3580 hanc
3518 3522 3690 3577 vitam
3717 3530 3857 3579 recto

587 3611 1048 3682 laudabiliterque
1080 3615 1514 3683 transegerunt?
1546 3614 1747 3684 quique
1788 3614 1863 3669 ita
1890 3628 1982 3670 res
2047 3613 2400 3685 rationesque
2432 3628 2558 3670 suas
2630 3614 3023 3685 instituerunt,
3075 3627 3132 3672 ut
3197 3618 3366 3673 multa
3413 3620 3715 3674 certamina
3746 3636 3856 3675 ma-

588 3703 751 3759 ximis
784 3702 1063 3760 laboribus
1095 3718 1160 3759 ac
1202 3705 1493 3762 sudoribus
1519 3705 1676 3777 plena
1703 3707 1771 3762 ad
1807 3705 1967 3761 linem
2002 3721 2176 3778 usque
2210 3706 2370 3777 huius
2401 3710 2534 3764 vitae
2580 3708 2713 3779 ipsis
2754 3707 2960 3766 fuerint
3011 3712 3332 3783 proposita?
3380 3710 3481 3769 Ubi
3544 3728 3674 3769 vero
3740 3729 3859 3784 sup-

587 3794 809 3864 plicium
844 3795 951 3850 illis
983 3794 1203 3850 dellniet
1227 3836 1242 3861 ,
1274 3796 1364 3867 qui
1405 3811 1624 3853 omnem
1657 3796 2062 3867 improbitatem
2098 3798 2165 3854 ad
2208 3810 2437 3855 mortem
2485 3813 2657 3871 usque
2724 3810 3006 3856 sectantur
3033 3842 3048 3868 ,
3101 3803 3305 3857 interea
3340 3810 3519 3857 tamen
3548 3803 3778 3865 ,divitiis
3808 3816 3857 3858 et

588 3878 796 3976 honore
828 3889 1266 3958 fruunturiQuo
1290 3891 1450 3949 modo
1521 3901 1700 3947 autem
1768 3891 1912 3946 illam
1985 3895 2124 3965 apud
2164 3893 2457 3977 Homerum
2544 3893 2973 3952 admonitionem
3036 3896 3528 3969 interpretabitur,
3583 3912 3691 3968 qua
3737 3912 3856 3968 pars

586 3970 784 4036 anima:
815 3983 1024 4038 ratione
1054 3983 1278 4067 praedita
1309 3984 1480 4039 utitur
1509 3984 1574 4039 ad
1610 3983 1940 4039 irascibilem
1970 3970 2319 4044 facultatem:

730 4096 837 4151 Cor
876 4098 1039 4169 stt/fer
1072 4098 1327 4165 patiens?

591 4189 871 4255 Quomodo
912 4187 1014 4245 hoc
1048 4206 1176 4246 vero
1206 4190 1473 4259 accipiet:
1559 4258 1568 4268 .

732 4279 912 4334 Manet
944 4297 1106 4351 usque
1139 4280 1349 4346 anima,
1382 4290 1432 4336 et
1473 4281 1610 4334 subit
1650 4283 1871 4337 orrum?

591 4371 870 4439 Quomodo
901 4372 1027 4425 item
1059 4370 1200 4425 istud
1230 4387 1243 4423 :

734 4465 885 4531 (ξένιε
924 4461 1128 4533 aliquid
1174 4460 1391 4515 restabit
1421 4459 1490 4514 ad
1521 4476 1698 4515 arcum
1719 4462 1746 4516 ξ’

2427 4103 2687 4170 Τέτλαθι,
2729 4103 2904 4173 κραδί
2906 4104 2977 4171 η’;

2280 4193 2403 4258 Πῶς
2431 4195 2509 4259 δὲ,

2423 4285 2596 4355 Ψυχή
2630 4303 2694 4340 τε
2720 4286 2908 4357 μένει,
2940 4279 3207 4344 Ἀϊδόσδε
3228 4288 3475 4358 βεϐήκει
3492 4305 3512 4352 ;

2276 4377 2403 4443 Πῶς
2432 4377 2518 4443 δὲ,
2742 4441 2756 4452 ,

2423 4464 2510 4525 Ἦ
2531 4470 2608 4538 ῥά
2633 4471 2693 4525 τί
2723 4471 2856 4526 ἐστι
2880 4472 2976 4526 καί
3008 4473 3102 4527 εῖν
3141 4471 3341 4526 Ἀΐδαο
3373 4470 3682 4541 δόμοισιν;

591 4578 744 4645 Quod
774 4574 907 4630 nihil
936 4584 1021 4629 est
1049 4574 1217 4641 aliud,
1263 4588 1424 4642 quam
1501 4588 1693 4628 revera
1727 4573 1800 4628 ibi
1836 4559 2052 4643 quoque
2080 4572 2166 4628 ali-

2278 4581 2345 4635 "O
2377 4582 2547 4648 ἐστιν,
2595 4583 2809 4654 ἀληθῶς
2842 4584 2906 4657 δή
2965 4584 3080 4661 ἔστι
3131 4604 3185 4639 τι
3229 4586 3410 4641 κάκεῖ.
3443 4586 3567 4651 Πῶς
3596 4587 3653 4641 δὲ
3690 4588 3843 4659 Εὐρι-

592 4669 721 4738 quid
754 4667 1040 4737 supererit.
1088 4664 1369 4733 Quomodo
1419 4675 1597 4720 autem
1640 4663 1962 4732 Euripides,
2012 4678 2173 4735 quem

592 4762 890 4831 sapientem
925 4774 1045 4813 esse
1082 4758 1294 4821 dicitis,
1327 4760 1428 4811 hoc
1457 4756 1827 4826 pronuntiavit
1855 4772 1869 4809 :

730 4851 875 4906 Bene
911 4862 971 4904 ac
1003 4850 1150 4904 beate
1178 4852 1230 4905 in
1260 4850 1432 4918 infera
1462 4849 1557 4904 tibi
1590 4850 1657 4905 sit
1691 4847 1895 4903 domo?

563 5132 620 5237 Ἰ-
670 5164 745 5237 (1)
779 5161 920 5237 Idem
956 5160 1395 5237 allleu‘i‘gpifpartt
1425 5160 1576 5237 ponit
1604 5158 1734 5228 γάρ·
1774 5164 1829 5212 cl
1855 5170 1999 5211 vers.
2039 5154 2165 5212 inde

595 5234 650 5299 2,
680 5230 780 5303 pro
816 5230 1172 5303 l5iav__scribit
1199 5230 1425 5303 οἰκείαν.
1455 5230 1672 5286 Possm.

669 5294 744 5376 (:2)
778 5304 907 5377 (ind.
946 5300 1070 5377 yart.
1125 5300 1431 5377 πιστευέτω
1460 5312 1677 5377 mutat“
1703 5299 1756 5377 in
1804 5294 2164 5377 πιστευέσθω.

594 5367 755 5427 νέες.
794 5372 916 5425 inde
946 5371 999 5437 '5,
1047 5385 1142 5438 pro
1176 5369 1317 5438 μάλα
1348 5370 1499 5437 ponit.
1557 5369 1708 5440 μηδὲ
1736 5368 1798 5440 ἡ.⁸
1838 5367 1992 5421 Vers.
2027 5380 2169 5440 _seq.

592 5454 713 5514 post
749 5442 914 5514 αξιτοῦ
941 5435 1083 5495 addit
1112 5435 1304 5514 γάρ-οι
1337 5435 1433 5506 pro
1460 5435 1909 5514 pardi-substituit
1933 5435 2060 5514 πρρε
2096 5435 2170 5488 In.

666 5514 741 5581 (5)
786 5513 929 5567 Idem
965 5514 1084 5564 cod.
1122 5505 1392 5581 μεγίστων
1427 5505 1595 5581 mutat
1618 5510 1673 5562 iu
1701 5505 1990 5581 ,μέγισταί
2017 5505 2173 5581 Vcrs.

597 5576 780 5651 puét'ti
812 5585 951 5635 inter
977 5581 1081 5651 ἓως
1110 5576 1163 5634 et
1207 5580 1438 5651 θανάτου
1481 5578 1666 5633 inserit
1694 5578 1772 5628 δέ·
1797 5586 2013 5651 clAt'crs.
2052 5576 2175 5628 inde

602 5644 760 5706 iertio
792 5667 887 5721 pro
917 5669 973 5703 τε
1010 5650 1159 5720 μένει
1215 5649 1338 5718 legit
1369 5651 1422 5702 in
1465 5659 1716 5721 contextu
1742 5644 2080 5721 _cxt8vatpévr,
2119 5652 2174 5698 ct

600 5735 630 5776 e
664 5713 858 5792 regfin
892 5713 1132 5791 margine
1162 5713 1381 5791 apponit
1416 5718 1706 5788 ἱπτκμὲιγς.
1742 5713 1816 5767 In.

2287 4672 2468 4744 πίδης,
2502 4673 2561 4727 ὃν
2589 4675 2753 4745 σοφὸν
2804 4672 2943 4731 εἶναι
2988 4675 3197 4749 ὁρίζετε
3225 4678 3324 4761 (β),
3356 4677 3480 4750 ἔφη·

2426 4846 2511 4906 Εὖ
2544 4866 2653 4943 ⁸σοι
2684 4850 2916 4922 γένοιτο
2953 4854 3049 4908 καὶ
3087 4854 3158 4908 ἐν
3185 4853 3354 4922 ditior
3394 4854 3602 4927 δόμοις
3643 4856 3751 4928 (5);

1696 4999 1937 5057 VARUS
1974 4999 2372 5058 LECTIONES
2402 5000 2492 5058 ET
2531 5002 2762 5087 ΝΟΤᾼΞ.

2343 5155 2420 5227 (4)
2457 5155 2821 5225 Εὐριπίδης,
2871 5156 2946 5211 ὃν
2989 5158 3187 5229 σοφὸν
3233 5156 3387 5213 εἶναι
3446 5160 3685 5228 cipitata.
3743 5161 3857 5215 Nuti

2275 5239 2403 5280 sunt
2451 5240 2666 5290 versus,
2707 5242 2816 5296 quo
2848 5238 2959 5283 tres
3009 5229 3152 5285 inter
3196 5245 3257 5285 se
3304 5231 3656 5287 conferuntur
3708 5232 3863 5286 laude

2277 5296 2562 5367 sapientia:
2602 5298 2654 5350 in
2684 5297 2875 5367 primis
2905 5298 3056 5352 clari.

2353 5409 2930 5486 Σοφρς-Σοροξτλῆς,
2958 5412 3300 5486 σοφώτερος
3323 5416 3376 5469 δ’
3399 5419 3732 5486 Εὐριπίδης
3748 5436 3761 5449 ·

2366 5465 2629 5549 Ἀἶλδρῶν
2654 5465 2707 5533 δ’
2736 5465 3018 5536 dadis-tuor
3395 5465 3765 5556 ἓοξξώτᾶέῖς.

2348 5569 2546 5626 Notum
2584 5586 2800 5652 quoque
2850 5572 2917 5626 de
2967 5573 3224 5652 Euripide
3264 5578 3539 5652 Ciceronis
3575 5581 3860 5652 judicium.

2277 5651 2538 5714 quantum
2565 5646 2787 5714 singulis
2811 5656 2944 5710 pene
2972 5647 3219 5714 versibus
3243 5647 3359 5714 ejus
3393 5646 3660 5704 trilmeiit.
3699 5650 3859 5710 llt'r'r.

2348 5710 2424 5781 ᾧ)
2454 5706 2540 5765 Εὖ
2573 5706 2677 5767 σοί
2701 5706 2931 5782 γένοιτο
2962 5713 3057 5766 καί
3089 5715 3158 5769 ἐν
3191 5706 3383 5784 ’Λέδος
3416 5718 3640 5789 δόμοις.
3667 5706 3858 5780 Pheres
