4084 6354
302 373 440 438 ἓὲθῦ

1146 377 1681 440 EPISTULARUM
1719 381 1866 442 LIB.
1911 383 2010 443 IV.
2048 409 2117 419 -
2159 385 2396 446 EPIST.
2437 385 2695 446 CXXIX.

3382 432 3388 438 .
3422 387 3555 450 1:206

295 489 525 556 Πνεῦμα
560 487 694 542 Θεοῦ
743 489 876 546 οἰκεῖ
907 489 966 542 ἐν
1001 489 1144 559 ὑμῖν.
1178 509 1196 540 ι
1236 490 1514 560 Ψυχικοὺς
1537 489 1614 554 δὲ,
1639 485 1871 564 περὶῶν
1899 541 1905 552 α

1986 494 2192 564 quidem
2217 495 2453 565 Spiritus
2493 495 2586 550 Dei
2621 495 2825 550 habitat
2857 495 2906 549 iu
2937 495 3178 551 vobis“.
3209 513 3228 548 ι
3278 495 3555 554 Animales

296 581 610 652 γέγραπται
637 595 650 610 °
691 599 710 633 ι
750 579 988 651 τυχικοὶ
1021 579 1239 652 πνεῦμα
1293 582 1366 653 μὴ
1405 581 1622 652 ἔχοντες
1647 597 1662 613 ·
1705 601 1724 633 ι
1749 582 1878 646 τοὺς

293 675 412 736 τοῖς
464 673 748 742 λογισμοῖς
793 673 888 726 καὶ
937 671 1314 740 συλλογισμοῖς
1355 672 1452 725 καὶ
1503 671 1878 743 διαλογισμοῖς

297 763 504 836 μᾶλλον
517 761 1000 834 ιέπερειδομένους,
1027 764 1121 816 καὶ
1141 763 1204 816 τὸ
1222 763 1428 817 δίκαιον
1455 762 1549 818 καὶ
1578 763 1642 818 τὸ
1668 764 1878 834 συμφέ-

293 873 394 926 ρον
434 857 501 910 ἐκ
545 853 751 909 τούτων
795 853 1116 924 νομίζοντας
1164 854 1440 927 εὑρίσκειν
1467 871 1480 884 ·
1513 848 1618 907 οἷοί
1659 855 1798 908 εἰσιν
1827 855 1878 908 oi

293 948 430 1020 παρ’
459 947 684 1018 Ἕλλησι
736 947 908 1015 σοφοί.
944 947 1249 1017 Σαρκικοὺς
1287 947 1345 1000 δὲ
1382 948 1510 1010 τοὺς
1538 949 1651 1009 τοῖς
1677 946 1876 1001 πάθεσι

292 1040 399 1110 τῆς
428 1039 631 1111 σαρκὸς
658 1037 1013 1111 ἡττηθέντας,
1032 1039 1142 1093 άπὸ
1161 1039 1257 1094 τοῦ
1285 1023 1878 1109 πλειστοδυναμοῦντος

294 1133 496 1196 αὐτοὺς
520 1129 703 1184 καλῶν
726 1145 740 1163 °
782 1126 884 1184 οἶοι
917 1131 1116 1194 πάντες
1147 1133 1198 1184 oi.
1227 1132 1466 1198 ἐναγεῖς,
1500 1133 1594 1184 καὶ
1619 1130 1867 1202 ἀκάθαρ-

295 1239 402 1288 τοι,
435 1223 534 1276 καὶ
586 1221 718 1292 περὶ
762 1222 861 1286 τὰς
903 1221 1188 1286 συνουσίας
1236 1223 1558 1285 λυττῶντες.
1611 1222 1674 1276 Ei
1709 1223 1823 1294 γὰρ
1847 1222 1877 1274 6

297 1311 616 1382 σωματικδς
654 1311 1032 1380 Πνευματικὸς
1079 1312 1192 1382 (Π)
1220 1311 1382 1382 σῶμα
1409 1312 1522 1382 ἔχει
1557 1313 1649 1366 καὶ
1677 1312 1878 1382 ψυχὴν,

234 1459 240 1464 _
296 1403 396 1456 καὶ
427 1403 457 1455 6
487 1402 717 1474 ψυχικὸς
769 1402 928 1474 σῶμα
984 1403 1118 1474 ἔχει,
1166 1405 1261 1457 καὶ
1309 1407 1338 1456 6
1383 1405 1644 1476 σαρκικὺς
1670 1405 1873 1477 ψυχὴν,

291 1493 413 1548 ἀλλ’
464 1493 574 1547 ἀπὸ
646 1493 740 1547 τοῦ
808 1494 1136 1566 κρατοῦντος
1189 1495 1420 1560 ἕκαστος
1469 1497 1714 1552 καλεῖται
1737 1498 1874 1569 (I8).

294 1585 516 1654 Ὠσπερ
545 1583 654 1655 γὰρ
684 1586 874 1655 γήϊνον
899 1584 1114 1652 λέγεται
1145 1584 1207 1637 τὸ
1240 1585 1422 1654 σῶμα,
1449 1587 1624 1640 καίτοι
1647 1586 1872 1641 καὶτῶν

292 1675 474 1729 ἄλλων
503 1675 782 1746 στοιχείων
820 1676 1067 1747 μετέχον,
1108 1676 1188 1746 τῷ
1209 1677 1354 1731 κατὰ
1382 1676 1444 1730 τὸ
1489 1677 1742 1732 πλεῖστον
1777 1677 1873 1748 μὲ-

298 1785 392 1836 ρος
421 1767 521 1838 τῆς
552 1769 655 1838 γῆς
688 1767 966 1838 μετέχειν·
1000 1769 1144 1822 οὕτω
1173 1769 1446 1833 κάκείνοις
1479 1769 1588 1824 ἀπὸ
1615 1769 1708 1825 τοῦ
1740 1787 1878 1843 κρα-

292 1857 522 1922 τοῦντος
550 1857 829 1929 ἐξενίκησε
859 1858 1115 1932 τοῦνομα.

1985 599 2114 642 vero
2135 584 2389 654 appellat,
2421 587 2488 639 de
2515 584 2712 654 quibus
2755 583 3016 652 scriptum
3057 593 3140 639 est
3166 603 3179 640 :
3220 586 3550 652 «Animales,
3581 611 3586 618 ι

1980 677 2230 744 spiritum
2271 694 2378 732 non
2423 677 2685 731 habentes
2705 676 2744 708 ³¹
2775 691 2790 742 ;
2823 695 2842 729 ι
2890 690 2982 731 eos
3032 676 3124 744 qui
3179 677 3558 733 ratiocinatio-

1981 769 2160 834 nibus,
2191 777 2245 823 et
2273 769 2600 839 syllogismis
2627 778 2683 824 et
2708 768 3162 836 disputationibus
3194 769 3372 834 petitis
3405 769 3557 822 inni—

1987 869 2201 925 tuntur,
2230 868 2284 914 et
2313 876 2376 914 ex
2409 862 2493 914 bis
2525 876 2583 915 se
2625 861 2940 914 inventuros
2971 860 3306 913 arbitrantur
3331 857 3384 912 id
3412 861 3558 928 quod

1980 951 2184 1020 justum
2233 953 2306 1006 sit
2352 959 2409 1005 et
2451 951 2627 1006 utile:
2681 951 2870 1019 quales
2918 961 3049 1005 sunt
3094 951 3370 1019 sapientes
3415 951 3556 1018 apud

1981 1042 2224 1098 Graecos.
2251 1041 2514 1098 Carnales
2536 1043 2774 1111 denique
2805 1056 2919 1105 eos,
2949 1041 3036 1109 qui
3064 1039 3344 1096 aﬂ'ectibus
3374 1041 3560 1095 carnis

1981 1149 2041 1190 se
2069 1135 2209 1188 vinci
2251 1135 2561 1202 patiuntur;
2614 1134 2684 1188 ab
2718 1147 2784 1188 eo
2814 1132 2958 1202 quod
2987 1132 3278 1202 plurimum
3324 1132 3379 1185 in
3428 1130 3561 1199 ipsis

1980 1225 2168 1295 pollet,
2188 1225 2684 1303 denominationem
2716 1239 2905 1280 eorum
2931 1238 3181 1278 sumens:
3211 1222 3396 1291 quales
3435 1232 3559 1275 sunt

1981 1330 2172 1372 omnes
2205 1316 2473 1380 scelerati,
2501 1326 2556 1370 et
2586 1316 2782 1386 impuri
2807 1357 2822 1382 ,
2848 1325 2905 1370 et
2927 1315 3018 1383 qui
3048 1315 3196 1369 circa
3225 1313 3474 1369 libidines
3501 1324 3560 1368 et

1981 1407 2162 1461 coitus
2187 1406 2490 1462 insaniunt.
2519 1408 2838 1474 Quanquam
2882 1409 3028 1462 enim
3061 1406 3362 1474 spiritualis
3391 1407 3556 1458 etiam

1982 1499 2145 1554 homo
2178 1513 2375 1568 corpus
2415 1499 2574 1553 habet
2619 1509 2675 1554 et
2707 1501 2967 1563 animam,
2997 1508 3052 1552 et
3078 1495 3330 1551 animalis
3358 1509 3559 1566 corpus

1980 1588 2166 1652 habet,
2199 1597 2253 1642 et
2282 1591 2518 1644 carnalis
2546 1590 2727 1644 anima
2760 1605 2863 1642 non
2889 1587 3241 1643 destituitur:
3276 1598 3458 1641 tamen
3491 1588 3560 1642 ab

1980 1693 2046 1735 eo
2079 1682 2221 1748 quod
2254 1680 2597 1750 potissimum
2627 1690 2730 1745 est,
2751 1681 2980 1750 quisque
2999 1680 3320 1750 appellatur.
3353 1677 3558 1746 Quem-

1982 1769 2272 1825 admodum
2341 1771 2485 1826 euim
2533 1785 2729 1840 corpus
2757 1809 2771 1834 ,
2821 1771 3033 1825 tametsi
3078 1769 3306 1823 aliorum
3343 1781 3558 1836 quoque

1913 1857 2373 1918 Belementorum
2417 1863 2688 1932 particeps
2747 1864 2861 1926 sit,
2901 1863 3020 1916 ideo
3070 1874 3252 1915 tamen
3285 1871 3562 1914 terrenum

297 1950 536 2016 dicitur,
565 1951 707 2019 quod
743 1927 1036 2006 maximam
1072 1960 1278 2020 partem
1323 1966 1388 2006 ex
1441 1927 1584 2008 terra
1625 1962 1874 2010 conatet:
1912 1953 1992 2010 sic
2023 1953 2130 2008 illis
2149 1968 2365 2024 quoque
2393 1927 2458 2008 ex
2486 1968 2552 2009 eo
2584 1927 2725 2022 quod
2771 1951 3046 2021 potentius
3112 1961 3214 2014 est,
3251 1963 3446 2004 nomen
3473 1945 3566 2002 ob-

693 2133 875 2188 PKH'.
894 2163 964 2176 -
993 2135 1326 2207 summa
1347 2136 1483 2204 (l9).

298 2225 408 2288 Εις
433 2224 542 2278 τὸν
561 2221 836 2292 ἀοίδιμον
858 2225 1117 2279 θάνατον
1132 2226 1238 2281 τοῦ
1261 2226 1532 2296 Σωτῆρος
1553 2226 1724 2295 ἡμῶν
1743 2227 1880 2298 (20).

373 2313 568 2380 Πόθεν,
601 2313 756 2384 ἔφης,
797 2314 955 2386 δῆλόν
987 2317 1158 2380 ἐστιν,
1188 2317 1270 2370 ὅτι
1303 2317 1446 2373 ἑκὼν
1473 2318 1568 2372 ἐπὶ
1595 2321 1689 2372 τὸν
1717 2318 1881 2374 θάνα-

299 2423 395 2459 τον
420 2399 586 2476 ἦλθεν
599 2405 627 2457 6
643 2405 878 2476 Χριστός
895 2405 1008 2476 (21)
1026 2423 1042 2472 ;
1065 2407 1316 2461 Μάλιστα
1338 2407 1435 2478 μὲν
1453 2408 1518 2462 ἐκ
1535 2407 1630 2462 τοῦ
1655 2410 1882 2480 νεκροὺς

302 2499 618 2567 Δεσποτικῇ
659 2495 916 2568 αὑθεντίᾳ
955 2498 1339 2568 ἐγηγερκέναι.
1395 2500 1454 2555 '0
1499 2500 1609 2572 γὰρ
1670 2503 1884 2570 νεκροῖς

302 2587 452 2657 ζωὴν
484 2588 874 2660 χαρισάμενος,
905 2591 1005 2644 οὐκ
1024 2590 1090 2644 ἂν
1114 2590 1285 2662 δήπου
1319 2591 1469 2646 ἄκων
1495 2594 1589 2646 ἐπὶ
1619 2591 1680 2646 τδ
1711 2591 1885 2656 πάθος

303 2679 472 2752 ἤχθη.
501 2680 637 2734 Εἰδὲ
665 2682 759 2736 καὶ
787 2683 853 2752 τῇ
885 2680 1040 2752 θεῖκῇ
1069 2680 1288 2752 ἐξουσίᾳ.
1311 2683 1410 2736 οῦκ
1445 2683 1604 2754 ἡθελε
1664 2675 1882 2754 χρήσα’-
1915 2680 1932 2697 ⁸

304 2771 456 2834 σθαι,
487 2769 622 2826 ἀλλά
669 2788 732 2840 γε
757 2771 885 2840 ἐξῆν
929 2772 1414 2843 ἀπολογησάμενον
1458 2774 1741 2844 ἐκφυγεῖν,
1771 2775 1886 2842 εῐγε

303 2861 490 2932 ἤθελε.
523 2863 632 2917 Καὶ
660 2863 770 2934 γὰρ
796 2859 912 2933 εἷχε
935 2865 1030 2917 καὶ
1059 2864 1152 2918 τὸν
1179 2865 1408 2920 Πιλάτον
1439 2867 1519 2931 είς
1554 2865 1712 2920 τοῦτο
1737 2865 1888 2936 αὐτῷ

306 2953 752 3025 συμπράττοντα,
785 2956 878 3010 καὶ
906 2957 1155 3026 λέγοντα,
1198 2959 1330 3013 ποτὲ
1367 2958 1465 3029 μέν
1489 2975 1504 2992 ·
1541 2979 1559 3011 ι
1599 2959 1710 3028 Οὐχ
1740 2959 1889 3030 εὑρί-

307 3063 428 3100 σκω
457 3049 516 3100 ὲν
551 3046 702 3118 αὐτῷ
739 3047 862 3102 οὐδὲ
894 3047 1023 3118 μίαν
1055 3049 1236 3104 αίτίαν
1258 3050 1490 3104 θανάτου
1510 3068 1524 3081 ο
1567 3070 1584 3102 ι
1623 3050 1836 3106 ποτὲδέ
1867 3067 1880 3081 ο

2274 2135 2442 2210 m
2475 2134 2754 2192 CXXVIII.
2779 2163 2847 2175 —-
2870 2131 3280 2190 EUSTEPHIO.

2197 2227 2264 2282 In
2296 2228 2544 2283 celebrem
2571 2237 2790 2282 mortem
2824 2225 3121 2282 Saluatoris
3161 2225 3347 2278 nostri.

2063 2318 2215 2374 Unde
2263 2329 2514 2381 constat,
2573 2317 2755 2386 inquis
2783 2355 2800 2380 ,
2858 2315 3132 2371 Christum
3188 2313 3329 2368 ultro
3371 2321 3426 2366 et
3465 2327 3564 2368 sua

1988 2422 2180 2482 sponte
2208 2411 2274 2465 ad
2317 2419 2546 2466 mortem
2577 2410 2792 2464 venisse
2811 2409 2834 2450 ν
2863 2399 3104 2462 Maxime.
3132 2408 3349 2476 quidem
3375 2422 3440 2460 ex
3471 2419 3559 2468 eo,

1990 2505 2134 2574 quod
2171 2514 2415 2558 mortuos
2448 2502 2724 2557 Dominica
2751 2501 3074 2557 auctoritate
3103 2511 3160 2556 et
3193 2500 3436 2568 potentia
3469 2515 3566 2554 cx-

1991 2594 2201 2649 citavit.
2262 2592 2394 2647 Nam
2442 2592 2533 2663 qui
2595 2593 2846 2662 mortuis_
2878 2591 3044 2645 vitam
3079 2589 3308 2659 largitus
3347 2599 3474 2653 est,
3520 2590 3568 2643 is

1991 2683 2236 2755 profecto
2283 2701 2386 2738 non
2435 2684 2638 2738 invitus
2669 2683 2736 2736 ad
2771 2681 3078 2752 passionem
3115 2694 3268 2734 suam
3298 2680 3566 2734 abductus

1990 2785 2094 2832 est.
2137 2775 2289 2843 Quod
2323 2777 2368 2830 si
2423 2776 2587 2829 etiam
2643 2776 2822 2830 divina
2857 2771 3100 2843 potentia
3149 2771 3226 2826 uti
3263 2770 3437 2826 noluit
3465 2810 3481 2834 .
3510 2780 3568 2824 at

1992 2878 2140 2922 certe
2180 2867 2376 2921 licebat
2411 2869 2460 2920 ei
2489 2907 2504 2928 ,
2565 2867 2609 2920 si
2657 2865 2914 2918 voluisset
2942 2904 2954 2926 ,
3007 2863 3323 2916 defensioue
3368 2861 3568 2916 utendo

1993 2957 2251 3028 ell‘ugere.
2309 2958 2553 3012 Habebat
2601 2957 2746 3011 enim
2793 2955 3020 3010 Pilatum
3050 2968 3268 3023 quoque
3315 2951 3420 3007 sibi
3453 2951 3570 3019 ejus

1992 3057 2218 3104 conatus
2250 3050 2478 3113 socium,
2512 3057 2567 3102 et
2597 3047 2866 3102 dicentem
2889 3085 2904 3107 ,
2937 3061 3082 3102 nunc
3105 3044 3322 3114 quidem
3357 3066 3368 3098 :
3403 3061 3423 3094 ι
3451 3043 3566 3098 Νοη

309 3158 329 3190 σ
389 3138 591 3203 Ἀθῶός
616 3141 733 3208 εἰμι
775 3140 884 3194 ἀπὸ
923 3140 1016 3194 τοῦ
1063 3142 1290 3213 αἵματος
1321 3143 1534 3199 τούτου.
1576 3162 1593 3194 ι
1631 3143 1694 3198 El
1723 3143 1782 3197 δὲ
1812 3143 1886 3214 μὴ

1996 3139 2213 3196 invenio
2249 3141 2302 3193 in
2341 3139 2457 3208 ipso
2501 3139 2664 3192 ullam
2717 3138 2928 3206 culpam
2965 3145 3138 3188 morte
3185 3134 3399 3204 dignam
3424 3133 3509 3200 ⁸¹ς
3543 3153 3563 3185 ι

303 3232 757 3305 ἀπολογήσασθαι
787 3233 1000 3306 ῆθελεν,
1033 3234 1443 3288 ἐκκαλέσασθαι
1477 3235 1618 3288 κατά
1671 3233 1883 3288 Παῦλον

305 3324 458 3394 ἐξῆν.
510 3324 621 3378 Καὶ
650 3323 761 3395 γὰρ
795 3323 901 3378 ὑπὸ
949 3322 1256 3396 Ῥωμαίους
1305 3319 1468 3396 ἦσαν.
1517 3324 1718 3378 Λοιπὸν
1775 3324 1887 3392 γάρ

301 3402 628 3482 Αὔγουστος
662 3415 692 3468 6
736 3413 1030 3484 Ῥωμαίων
1075 3414 1436 3486 αὐτοκράτωρ
1475 3415 1887 3485 χειρωσάμενος

304 3507 580 3568 ἅπαντας,
616 3507 675 3558 ἐν
701 3498 786 3570 οἷς
814 3501 956 3575 ἦσαν
984 3505 1079 3560 καὶ
1110 3504 1286 3570 αὐτοὶ,
1323 3503 1608 3557 ἐκέλευσεν
1646 3503 1888 3574 ἀπογρά-

300 3594 516 3665 ψασθαι
554 3595 736 3650 πᾶσαν
765 3595 863 3666 τὴν
892 3593 1241 3666 οἰκουμένην,
1280 3593 1386 3665 πρὸ
1412 3593 1507 3647 τοῦ
1539 3593 1631 3646 τὸν
1660 3593 1888 3662 Σωτῆρα

301 3686 367 3738 τὸ
407 3684 552 3740 κατὰ
580 3684 762 3758 σάρκα
805 3684 1165 3754 γεννηθῆναι·
1211 3685 1306 3740 καὶ
1348 3682 1888 3761 Ῥωμαίωνιήγεμὼν

303 3771 375 3845 ἦν
409 3775 544 3845 παρ’
582 3775 767 3838 αὐτοῖς
818 3775 848 3827 ὁ
895 3775 1146 3844 Πιλάῖος,
1204 3773 1406 3828 διέπων
1439 3773 1509 3826 τὰ
1561 3776 1884 3846 πράγματα,

306 3870 406 3922 καὶ
436 3867 1025 3938 τοῦς,ἐκκα>.ουμένους
1058 3868 1294 3938 πέμπων
1325 3869 1404 3931 είς
1439 3867 1538 3938 τὴν
1571 3865 1886 3938 Ῥωμαίων,

306 3961 406 4012 καὶ
460 3958 644 4030 τηρῶν
699 3959 884 4022 αὐτοῖς
945 3958 1008 4010 τὸ
1059 3959 1293 4013 ἄσυλονθ
1348 3957 1538 4029 ῷσπερ
1589 3955 1682 4014 οὖν
1733 3959 1827 4012 καὶ
1863 3961 1892 4012 6

303 4053 540 4121 Φῆστος,
575 4052 639 4104 -εί
668 4051 724 4105 δὲ
777 4049 1052 4122 βούλει,·ὁ
1090 4051 1393 4123 χιλίαρχος,
1427 4052 1518 4106 τὸν
1553 4051 1764 4104 Παῦλον
1799 4051 1894 4104 καὶ

307 4142 568 4196 διέσωσεν
597 4141 664 4196 ἐκ
704 4141 802 4212 τῆς
835 4138 1083 4212 φονώσης
1116 4141 1360 4203 συνόδου,
1407 4142 1504 4194 καὶ
1543 4142 1622 4205 εἰς
1674 4141 1893 4211 Ῥώμην

312 4231 452 4300 πρὸς
483 4231 740 4302 Καίσαρα
775 4229 1112 4300 ἀνέπεμψεν.
1155 4229 1291 4284 Ἀλλ’
1333 4231 1490 4284 οὐδὲν
1545 4229 1756 4284 τούτων
1793 4247 1892 4282 πε-

309 4322 543 4392 ποίηκεν
578 4324 608 4376 6
661 4319 897 4392 Χριστός
919 4337 934 4352 ο
987 4319 1112 4374 οὔτε
1145 4322 1253 4394 γὰρ
1289 4325 1348 4394 τῇ
1383 4321 1625 4394 ἐξουσίᾳ,
1653 4321 1778 4377 οὔτε
1827 4323 1892 4392 τῇ

309 4413 612 4486 ἀπολογίᾳ,
640 4411 767 4467 οὕτε
793 4415 859 4485 τῇ
885 4413 1137 4485 ἐκκλήτῳ
1175 4415 1469 4486 ἐχρήσατο,
1511 4415 1600 4468 ἴνα
1625 4413 1894 4486 λαμπρῶς

310 4504 486 4579 δείξῃ,
515 4505 601 4558 ὅτι
631 4503 720 4558 τὸν
753 4501 984 4558 θάνατον
1011 4501 1340 4558 θανατώσων
1365 4503 1513 4575 δεῦρ’
1547 4506 1764 4575 ἀφῖκτο.

1990 3247 2133 3287 nunc
2164 3247 2328 3286 vero:
2366 3249 2384 3282 ι
2419 3231 2682 3286 Inttocens
2727 3244 2846 3282 sum
2895 3229 2962 3280 ab
3003 3227 3104 3280 hoc
3155 3225 3417 3294 sanguine
3445 3223 3509 3278 ³³.
3544 3243 3563 3273 ι

1989 3323 2142 3390 Quod
2191 3324 2236 3377 si
2284 3337 2384 3377 nec
2426 3321 2742 3376 defensione
2784 3317 3109 3372 innocentiae
3141 3315 3218 3369 uti
3252 3314 3462 3379 voluit,
3513 3325 3570 3369 at

1991 3427 2290 3480 provocare
2319 3410 2568 3482 exemplo
2600 3409 2752 3490 Pauli
2786 3409 3002 3464 licebat.
3048 3405 3222 3460 Erant
3271 3405 3417 3460 enim
3468 3407 3570 3462 sub

1991 3503 2250 3559 Romanis
2277 3503 2468 3559 Judzei.
2515 3502 2650 3556 Nam
2700 3517 2822 3558 cum
2873 3500 3150 3570 Augustus
3196 3499 3567 3553 Romanorum

1993 3595 2286 3664 imperator
2330 3608 2519 3650 omnes
2567 3593 2623 3648 in
2673 3605 2826 3647 suam
2875 3591 3170 3660 redegisset
3224 3598 3567 3658 potestatem,

1991 3683 2137 3738 inter
2162 3699 2299 3754 quos
2324 3685 2422 3754 ipsi
2460 3697 2677 3752 quoque
2719 3692 2872 3738 erant
2894 3722 2910 3748 ,
2936 3682 3104 3752 jussit
3147 3695 3345 3736 census
3376 3678 3570 3750 agendi

1992 3789 2154 3830 causa
2194 3774 2432 3830 describi
2458 3788 2676 3830 omnem
2707 3783 2973 3830 terrarum
3005 3773 3214 3835 orbem,
3247 3771 3570 3841 priusquam

1995 3869 2248 3922 Salvator
2295 3845 2592 3922 seciﬂtdum
2637 3878 2860 3920 carnem
2925 3873 3281 3918 nasceretur:
3338 3871 3394 3915 et
3455 3869 3576 3915 erat

1995 3958 2136 4026 apud
2170 3959 2315 4025 ipsos
2347 3955 2715 4011 Romanorum
2745 3970 2947 4026 praeses
2980 3953 3203 4018 Pilatus,
3234 3954 3326 4024 qui
3365 3967 3450 4007 res
3479 3949 3575 4006 ad-

1995 4049 2365 4113 ministrabat,
2391 4057 2445 4102 et
2468 4047 2798 4117 appellantes
2820 4045 3048 4101 Romam
3071 4046 3335 4112 mittebat,
3368 4058 3575 4112 eosque

1996 4141 2260 4194 adversus
2288 4140 2394 4193 vim
2433 4149 2578 4193 tutos
2611 4139 2940 4208 praestabat;
2977 4145 3036 4191 ut
3086 4147 3142 4192 et
3201 4135 3392 4191 Festus
3453 4141 3575 4202 post

1997 4246 2142 4298 eum,
2181 4231 2296 4287 sive
2331 4231 2501 4285 mavis
2534 4230 2784 4286 tribunus
2819 4229 3048 4284 militum
3075 4268 3092 4294 ,
3126 4226 3345 4283 Paulum
3371 4234 3428 4280 et
3457 4238 3575 4279 ser-

1997 4325 2244 4378 vavit'ex
2277 4326 2485 4395 synodo
2515 4320 2862 4386 Iudaeorum,
2907 4336 3028 4391 quae
3058 4320 3192 4376 nihil
3223 4319 3331 4374 nisi
3371 4317 3573 4374 caedem

1999 4417 2264 4485 spirabat,
2296 4425 2352 4469 et
2382 4415 2610 4469 Romam
2645 4413 2711 4468 ad
2734 4411 3007 4470 Caesarem
3039 4413 3266 4468 remisit.
3305 4409 3413 4465 Sed
3441 4409 3574 4466 nihil

1928 4497 1970 4552 υ
2000 4507 2230 4560 istorum
2267 4505 2392 4560 fecit
2439 4504 2708 4561 Christus.
2774 4505 2908 4560 Nam
2956 4517 3130 4575 neque
3180 4503 3418 4574 potentia
3455 4515 3574 4566 sua,

313 4574 495 4666 ...-q'.'.'e
541 4594 877 4660 defensione,
910 4606 1085 4666 neque
1131 4574 1494 4666 appellatione
1533 4574 1664 4650 usus
1690 4607 1808 4660 est,
1858 4605 1916 4650 ut
1956 4594 2158 4666 liquido
2225 4599 2555 4665 ostenderet,
2632 4613 2692 4652 se
2733 4599 2837 4652 liuc
2886 4574 3173 4666 propterea
3222 4593 3434 4648 venisse
3459 4629 3477 4659 ,
3517 4598 3577 4645 ut

313 4701 546 4749 mortem
575 4701 750 4746 morte
774 4687 1030 4746 adiceret.

503 4780 678 4834 PKG’.
732 4809 805 4822 -—
860 4780 1244 4852 ΣΤΡΑἸἩΓῙῼ
1292 4781 1717 4836 MONAZONTI.

313 4877 423 4942 Hic
448 4875 554 4930 τό·
591 4894 610 4926 ι
654 4873 786 4929 Πᾶν
812 4875 1146 4946 ἁμάρτημα,
1184 4873 1215 4946 ἃ
1250 4874 1359 4929 ἐὰν
1404 4875 1547 4945 ποιῇ
1587 4876 1920 4946 ἄνθρωπος,

697 5001 706 5008 ,
795 4945 970 5011 ἐκτὸς
995 4943 1100 5000 τοῦ
1137 4943 1429 5014 σώματος.
1453 4965 1470 4998 ο

392 5035 622 5102 Πολλὰς,
681 5031 728 5090 ὦ
787 5036 1047 5109 μακάριε,
1098 5037 1324 5091 δυνατὸν
1385 5039 1466 5102 είς
1525 5039 1624 5091 τό·
1689 5057 1708 5090 ι
1783 5039 1897 5092 Πᾶν

2212 4781 2448 4838 CXXIX.
2477 4814 2548 4822 —
2578 4777 2972 4838 STRA'I‘EGIO
3010 4775 3361 4836 MONACHO.

1953 4905 1963 4924 α
2002 4875 2072 4930 1η
2098 4876 2230 4930 illud
2275 4874 2431 4929 Pauli
2463 4877 2685 4940 dictum,
2725 4894 2741 4927 ι
2783 4873 2948 4929 Omne
2975 4883 3279 4945 peccatum,
3308 4871 3582 4942 quodcun-

2270 4963 2368 5015 que
2397 4945 2573 5014 fecerit
2604 4945 2778 5010 homo,
2805 4954 2954 4998 extra
2978 4943 3166 5012 corpus
3193 4943 3256 4996 ”.
3289 4961 3308 4993 ι

2077 5038 2288 5102 Multas,
2327 5051 2361 5090 ο
2413 5040 2608 5103 beate,
2667 5036 2811 5091 velut
2843 5036 3024 5106 janutc
3079 5050 3335 5090 sensuum
3381 5034 3582 5106 aperiri

393 5174 440 5206 ³⁸
469 5169 626 5228 Rom.
659 5187 778 5239 vui,
805 5171 858 5226 9.
935 5169 1122 5232 “,Jud.
1156 5173 1240 5230 I9.
1319 5174 1364 5206 ³³
1397 5173 1529 5231 Luc.
1568 5189 1722 5240 mu,
1750 5174 1805 5229 ι.
1881 5175 1902 5206 ³

1986 5175 2141 5231 Iattb.
2183 5192 2352 5240 xxvii,
2375 5175 2488 5230 ΞΜ
2545 5175 2591 5208 ³⁸
2616 5175 2638 5229 I
2661 5174 2790 5231 Cor.
2819 5190 2894 5241 vr,
2926 5175 3013 5230 18.

1435 5286 1672 5344 VARhE
1710 5287 2100 5345 LECTIONES
2131 5288 2220 5343 ET
2260 5287 2490 5344 ΝΟΤΑΞ.

393 5426 509 5496 (i7)
538 5423 640 5480 ΕιΙ.
671 5423 874 5497 Paris,
898 5427 927 5480 ὁ
956 5427 1287 5497 σωματὶκὸς,
1319 5427 1492 5484 male:
1515 5442 1654 5484 corr.
1682 5443 1746 5484 ex
1773 5429 1894 5483 cod.

322 5494 502 5566 Vatic.
535 5496 802 5566 sententia
831 5494 1128 5566 ﬂagitante.
1160 5497 1316 5552 Enn.
1344 5517 1350 5522 ·

397 5565 512 5636 (I8)
565 5565 708 5619 Ἀπὸ
757 5565 864 5620 τοῦ
907 5565 1273 5636 κρατοῦντος
1316 5566 1572 5635 ἕκαστος
1610 5567 1898 5624 καλεῖται.

321 5635 462 5689 Vale
496 5650 659 5702 supra
685 5636 844 5702 epist.
878 5635 999 5690 ιη.
1033 5636 1199 5694 Rrr'r.

401 5704 510 5775 (I9)
541 5705 662 5762 Post
699 5705 981 5776 Εὑστεφίῳ
1007 5708 1129 5768 cod.
1159 5706 1280 5763 Vat.
1308 5706 1416 5763 650
1454 5708 1601 5765 addit
1630 5708 1903 5781 ναυάρχῳ.

327 5776 536 5830 Possm.

2079 5427 2191 5498 (ΞΩ)
2222 5427 2352 5481 Cum
2386 5427 2486 5482 bac
2527 5427 2686 5498 epist.
2732 5426 2920 5482 confer
2959 5425 3118 5494 epist.
3171 5423 3234 5477 97
3269 5419 3423 5486 liuius
3459 5422 3580 5476 libri

2011 5497 2356 5638 Ν’(Ξιίςψότι
2400 5566 2556 5621 ἑκὼν
2601 5566 2836 5638 enitor
2869 5563 3130 5638 Odi-ator
3164 5557 3350 5638 ἦλθεν
3385 5563 3417 5614 ὁ
3449 5563 3583 5629 Χρι-

2013 5633 2186 5704 στος.
2233 5637 2582 5693 Bernardus:
2622 5655 2639 5689 ι
2665 5637 2916 5692 Christus
2955 5634 3214 5704 qutcsitus
3238 5633 3314 5704 ad
3360 5645 3580 5704 regnum

2017 5702 2466 5777 I'ugitrquaesitus
2493 5710 2559 5761 ad
2585 5719 2811 5777 mortem
2841 5721 2943 5760 non
2971 5702 3132 5777 I‘ugit,
3158 5703 3250 5756 scd
3278 5717 3395 5755 sese
3433 5702 3582 5756 obtu-

2019 5776 2097 5833 lit.
2141 5797 2158 5828 )
2194 5777 2406 5846 Optime
2439 5779 2601 5848 igitur
2625 5779 2674 5830 in
2705 5776 2875 5845 ipsum
2912 5776 3143 5843 quadrat
3172 5787 3380 5836 vcrsus,
3421 5787 3578 5842 quem
