4078 6374
327 397 465 462 1209

1202 391 1736 456 EPISTOLARUM
1773 390 1918 451 LIB.
1956 392 2052 453 IV.
2091 417 2162 429 -
2200 394 2439 458 EPIST.
2479 371 2738 460 CXXIX.

3459 393 3596 460 1210

322 509 633 578 ἀπαλλάξαι
695 509 1000 582 βουλόμεθα
1023 525 1036 540 ο
1086 509 1297 580 μήποτε
1345 507 1442 561 καὶ
1491 507 1520 559 6
1585 501 1908 566 Ἀπὸστολος

2018 509 2060 566 is
2091 525 2198 564 non
2253 512 2590 566 conmiserit
2643 519 2863 582 peccata
2917 512 3075 566 venia
3107 511 3336 582 majora,
3365 513 3596 570 dicimus

319 602 423 655 tu!
448 601 548 670 τῆς
581 600 842 672 πορνείας
872 599 1031 652 τοῦτο
1069 599 1195 668 ἔφη.
1237 598 1340 650 Τὸν
1369 598 1479 668 γὰρ
1529 593 1908 664 πορνεύσαντα

323 689 481 764 παρὰ
530 687 840 760 Κορινθίοις
899 689 1235 758 σωφρονίσαι
1287 687 1608 758 βουλόμενος
1631 725 1648 749 ,
1702 684 1910 756 ταύτην

324 783 528 854 ερρηξε
576 781 677 850 τὴν
731 781 939 853 φωνήν.
971 781 1034 834 Εἰ
1076 781 1134 835 δὲ
1179 780 1276 835 καὶ
1305 780 1518 851 τρίτην,
1551 779 1724 834 ἐννόει
1754 818 1770 841 ,
1827 780 1911 833 ὅτι

321 873 522 944 ὥσπερ
558 872 590 924 6
637 874 721 936 είς
752 873 1020 926 θάλατταν
1065 875 1216 926 σῖτον
1259 872 1292 942 ἢ
1351 869 1540 943 ἔτερόν
1581 887 1636 924 τι
1686 869 1912 941 σπέρμα

325 965 541 1038 ῥίπτων
579 967 661 1029 εἰς
707 965 800 1019 τὸν
850 965 1058 1036 σπόρον
1091 963 1399 1036 ἁμαρτάνει
1419 1003 1435 1028 ,
1480 961 1707 1017 κωλύων
1740 962 1910 1016 αὑτὸν

323 1061 409 1122 εἰς
453 1057 670 1126 γένεσιν
703 1057 885 1110 ἐλθεῖν
907 1072 921 1086 ’
958 1055 1102 1110 οὕτω
1130 1057 1228 1110 καὶ
1265 1057 1294 1110 6
1341 1057 1422 1118 εἰς
1451 1055 1675 1125 ἑταίραν
1706 1055 1914 1127 ῥίπτων

321 1151 390 1203 τδ
425 1148 624 1204 ἑαυτοῦ
687 1148 935 1220 σπέρμα,
957 1150 1039 1208 εἰς
1073 1148 1136 1202 τὸ
1167 1149 1366 1202 οἰκεῖον
1391 1146 1553 1218 σῶμα
1578 1147 1910 1218 ἁμαρτάνει.

324 1242 549 1312 ἐκείνης
579 1242 642 1294 ού
692 1241 754 1294 τὺ
802 1239 991 1310 τεχθὲν
1041 1238 1372 1310 ἀναιρούσης
1430 1239 1611 1310 μόνον,
1636 1237 1773 1292 ἀλλὰ
1821 1238 1914 1292 καὶ

324 1333 590 1406 τεχθῆναι
639 1332 956 1402 κωλυούσης
998 1332 1133 1404 (27).
1167 1333 1231 1386 Εἰ
1263 1332 1320 1386 δὲ
1352 1331 1652 1402 τετάρτην·
1707 1331 1914 1384 ἐννοεῖν

325 1427 461 1497 χρὴ,
490 1427 574 1480 δτι
619 1426 742 1480 καθ’
778 1425 807 1478 6
835 1425 972 1496 δρᾷ,
1027 1425 1122 1480 καὶ
1155 1425 1353 1494 πάσχει
1397 1423 1530 1494 (28).
1570 1421 1632 1476 Εἰ
1677 1422 1788 1492 γὰρ
1838 1421 1914 1493 μὴ

326 1518 566 1584 ἔπαθεν,
593 1519 694 1572 οὐκ
727 1517 793 1572 ἂν
827 1516 1090 1590 ερρευσεν
1118 1533 1132 1548 ·
1164 1517 1213 1570 εί
1241 1515 1299 1569 δὲ
1341 1515 1624 1588 ἔρρευσεν,
1659 1514 1872 1586 ἐφθάρη
1897 1530 1912 1544 ο

327 1611 380 1664 εἰ
425 1611 484 1663 δὲ
525 1609 760 1680 ἐφθάρη,
797 1607 1052 1680 ὑϐρίσθη.
1119 1608 1334 1678 Ἀμέλει
1385 1610 1472 1661 ἐπ’
1505 1607 1734 1678 οὐδεμιᾷ
1780 1605 1914 1678 ἄλλῃ

327 1702 556 1772 πράξει,
602 1702 634 1773 ἢ
667 1702 758 1754 ἐπὶ
791 1702 926 1772 μόνῃ
956 1703 1022 1770 τῇ
1055 1699 1249 1772 ἀνδρὸς
1278 1699 1415 1770 πρὸς
1445 1698 1680 1768 γυναῖκα
1715 1697 1917 1767 συνόδῳ

328 1793 554 1862 λέγεται
601 1793 872 1866 ἐφθάρθαι
918 1792 1018 1863 τὴν
1063 1790 1333 1862 παρθένον
1367 1793 1463 1846 καὶ
1509 1791 1601 1845 τὸν
1633 1791 1916 1845 νεανίσκον

330 1884 717 1955 πειραθέντας.
773 1885 837 1937 Εἰ
889 1883 948 1936 δὲ
990 1884 1083 1937 καὶ
1117 1883 1394 1955 πέμπτην,
1451 1882 1622 1936 ἐννόει
1651 1923 1668 1948 ,
1728 1883 1814 1936 ὅτι
1839 1881 1918 1952 τῷ

331 1976 512 2047 πόρνῃ
549 1975 933 2046 συνερχομένῳ
959 1977 1008 2028 εἰ
1031 1972 1248 2045 τεχθείη
1282 1974 1514 2038 παιδίον,
1546 1973 1624 2038 εἰς
1655 1972 1914 2044 πορνείαν

329 2069 632 2138 τρέφεται,
682 2068 778 2120 καὶ
813 2071 842 2122 6
872 2066 1016 2138 ὁρῶν
1056 2065 1195 2137 μετὰ
1225 2064 1438 2131 ταῦτα,
1485 2064 1668 2130 λέξει⁶
1709 2066 1919 2128 Ὄντως

331 2157 530 2211 ἑαυτὸν
549 2159 757 2221 ἐκεῖνος
775 2156 1052 2228 ἠδίκησεν·
1079 2157 1189 2211 ίδοὺ
1213 2156 1322 2227 γάρ
1349 2158 1409 2210 τδ
1443 2155 1687 2228 σπέρμα,
1719 2155 1920 2226 μᾶλλον

329 2247 391 2300 δὲ
427 2248 489 2301 τὸ
520 2247 678 2317 σῶμα
710 2249 874 2302 αὐτοῦ
919 2247 1192 2318 πορνεύει.
1230 2249 1296 2302 El.
1329 2247 1410 2301 δὲ·
1435 2248 1532 2302 καὶ
1571 2248 1762 2317 ἕκτην,
1793 2247 1918 2301 επί-

331 2357 554 2412 στησον,
587 2340 670 2394 ὅτι
705 2340 754 2392 εἰ
785 2338 948 2412 δούλῃ
986 2357 1072 2405 τις
1120 2341 1496 2411 κοινωνήσειε,
1531 2339 1717 2393 δοῦλον
1765 2339 1919 2394 ἔσται

211 2429 246 2496 _'
329 2432 396 2486 τδ
425 2431 754 2500 τικτόμενον
781 2447 797 2462 ο
831 2431 950 2494 πῶς
972 2425 1068 2484 οὖν
1091 2430 1196 2484 οὐκ
1223 2431 1303 2494 εἰς
1328 2430 1526 2484 ἑαυτὸν
1572 2429 1880 2502 ἁμαρτάνει
1898 2470 1915 2495 ,

331 2521 364 2575 ό
404 2519 594 2575 δοῦλον
645 2519 964 2584 σπουδάζων
999 2521 1224 2586 τεκεϊν;
1275 2519 1339 2573 Εἰ
1393 2517 1454 2572 δὲ
1513 2519 1608 2573 καὶ
1658 2518 1917 2590 ἑϐδόμην,

329 2612 436 2684 δρα
463 2613 550 2666 ὃτι
578 2611 676 2665 καὶ
709 2611 770 2666 τὸ
791 2610 1114 2683 τικτόμενον
1145 2609 1434 2677 estnam,
1465 2609 1619 2665 νόθον
1645 2609 1921 2682 καλούμε-

332 2721 448 2768 νον,
477 2704 578 2758 καὶ
601 2703 801 2774 ἄτιμον
824 2701 1105 2774 πανταχοῦ
1131 2701 1438 2772 γινόμενον,
1471 2701 1578 2757 κάν
1607 2702 1667 2756 ἰν
1695 2701 1920 2774 βουλευο

329 2795 531 2867 τηρίῳ,
563 2793 670 2850 κάν
709 2795 770 2848 ἐν
805 2793 1146 2867 δικαστηρίῳ
1205 2791 1359 2866 (29)
1411 2791 1470 2848 δὲ
1521 2791 1739 2865 εἰσέλθῃ
1765 2833 1781 2859 ,
1822 2793 1920 2848 ικ-

331 2885 593 2943 6άλλεται
617 2899 635 2916 ⁶
691 2887 760 2942 δι’
808 2879 870 2941 οὗ
890 2887 995 2946 ,καὶ
1045 2886 1074 2939 6
1119 2885 1530 2956 φυτευσάμενος
1557 2883 1920 2942 συναπολαύει

331 2980 434 3052 τῆς
460 2978 728 3050 αἰσχύνης
748 2995 766 3011 ο
808 2979 1112 3051 ὑπόμνημα
1157 2979 1267 3050 γὰρ
1295 2977 1396 3050 τῆς
1428 2977 1636 3044 οἰκείας
1664 2977 1920 3048 λαγνείας

331 3073 677 3144 κατέλειψεν.
719 3073 784 3126 Εἰ
823 3073 880 3127 δὲ
915 3073 1010 3127 κα)⁸
1045 3071 1262 3143 ὀγδόην,
1299 3071 1690 3142 δοκιμάσωμεν
1727 3071 1824 3126 καὶ⁵
1853 3071 1919 3127 τὸ

2010 601 2402 658 admonitionis
2455 617 2620 658 causa
2656 621 2671 658 :
2705 603 2936 669 Desiste,
2993 603 3066 658 mi
3127 603 3320 670 frater,
3369 605 3439 660 ab
3496 607 3598 660 hoc

2010 695 2202 750 morbo
2233 711 2246 749 :
2283 695 2372 750 hic
2407 696 2630 751 morbus
2661 698 2903 752 omnium
2949 705 3036 752 est
3095 696 3446 762 deterrimus,
3487 712 3596 752 non

1970 835 1974 840 .
2009 788 2154 855 quod
2186 785 2275 840 hic
2296 800 2488 842 omnes
2509 785 2649 842 alios
2671 796 2912 858 superet,
2952 789 3047 843 sed
3070 788 3212 856 quod
3239 785 3360 857 ipso
3379 802 3600 858 quoque

2009 891 2134 931 eum
2192 875 2430 932 liberare
2485 878 2818 946 cupiamus:
2855 893 3035 934 annon
3083 881 3249 934 etiam
3304 877 3600 946 Apostolus

2011 967 2264 1024 simiiiter
2325 969 2392 1025 de
2450 967 2814 1026 fornicatione
2847 971 2950 1025 hoc
3000 971 3222 1026 dixerit.
3277 969 3410 1025 Nam
3468 970 3596 1024 dum

2011 1057 2288 1128 corrigere
2321 1067 2486 1128 atque
2517 1059 2812 1115 emendare
2841 1059 3002 1113 vellet
3028 1073 3150 1114 eum
3188 1059 3282 1128 qui
3308 1061 3447 1130 apud
3482 1059 3590 1113 Co-

2013 1151 2246 1208 rinthios
2281 1150 2578 1207 fornicatus
2605 1161 2746 1218 erat,
2777 1151 2830 1206 iu
2863 1153 3002 1206 hanc
3030 1165 3216 1206 vocem
3248 1153 3450 1222 erupit.
3473 1153 3592 1208 Jam

2013 1243 2060 1298 si
2123 1243 2338 1298 tertiam
2403 1257 2620 1311 quoque
2669 1243 2754 1298 vis
2807 1243 2902 1297 tibi
2957 1243 3156 1312 aperiri
3207 1243 3453 1310 januam,
3494 1248 3598 1297 hoc

2013 1333 2386 1387 animadverte
2417 1349 2430 1386 :
2463 1331 2926 1399 Quemadmodum
2963 1332 3052 1401 qui
3096 1331 3150 1386 lu
3176 1347 3327 1388 mare
3357 1331 3600 1385 frumen-

2015 1432 2126 1478 tum
2167 1433 2259 1478 aut
2288 1423 2757 1494 aliud-quodpiam
2809 1439 2995 1480 semen
3044 1424 3362 1495 projicit,in
3412 1439 3598 1479 semen

2013 1523 2224 1584 peccat,
2251 1513 2377 1568 dum
2435 1513 2488 1568 id
2547 1513 2802 1583 prohibet
2846 1513 2913 1566 ad
2948 1514 3358 1583 generationem
3409 1529 3602 1582 perve-

2016 1606 2176 1660 nire:
2204 1605 2280 1660 ita
2307 1606 2472 1660 etiam
2501 1605 2549 1660 is
2575 1605 2668 1675 qui
2698 1606 2749 1660 in
2787 1607 3129 1660 meretricem
3167 1604 3386 1674 projicit
3435 1619 3598 1659 suum
3657 1657 3664 1664 ,

2017 1711 2227 1764 semen,
2263 1696 2318 1751 in
2350 1696 2630 1766 proprium
2653 1709 2855 1766 corpus
2891 1701 3106 1764 peccat,
3135 1695 3250 1765 ipsa
3283 1709 3388 1749 non
3427 1695 3602 1750 solum

2022 1792 2321 1861 perimente
2366 1790 2418 1845 id
2466 1791 2609 1860 quod
2659 1799 2844 1844 natum
2889 1787 3078 1851 fuerit,
3115 1787 3210 1842 sed
3247 1788 3394 1843 nasci
3419 1789 3607 1858 prohi-

2020 1885 2201 1940 bente.
2231 1883 2401 1938 Porro
2426 1883 2472 1938 si
2499 1891 2748 1952 quartam
2809 1879 3134 1952 (desideras
3189 1880 3602 1948 interpretatio—

2020 1976 2182 2046 nem)
2226 1975 2466 2044 cogitare
2505 1979 2742 2041 oportet,
2796 1970 3096 2026 secundum
3154 1971 3207 2026 id
3271 1973 3417 2041 quod
3467 1973 3599 2041 agit,

2019 2069 2195 2138 ipsum
2231 2067 2392 2122 etiam
2427 2067 2560 2136 pati.
2589 2066 2724 2121 Nam
2759 2065 2860 2120 nisi
2913 2081 3105 2134 passus
3133 2066 3266 2135 quid
3293 2077 3462 2130 esset,
3494 2081 3600 2118 non

2021 2163 2287 2218 ﬂuxisset.
2324 2159 2380 2216 Si
2437 2168 2618 2214 autem
2669 2157 2844 2226 ﬂuuit,
2882 2169 3176 2230 corruptus
3218 2168 3302 2214 est
3329 2175 3344 2212 :
3371 2159 3417 2213 si
3471 2171 3602 2212 vero

2020 2262 2306 2325 corruptus
2337 2261 2440 2318 est,
2485 2251 2810 2308 contumelia
2861 2251 3085 2308 aﬂ‘sctus
3133 2261 3239 2306 est.
3263 2249 3394 2317 Qua-
3422 2250 3588 2304 etiam

2019 2361 2180 2402 causa
2206 2355 2311 2414 est,
2342 2345 2486 2416 quod
2519 2344 2590 2401 de
2619 2343 2762 2400 nulla
2817 2345 2926 2400 alia
2983 2344 3218 2409 actione,
3255 2341 3350 2398 sed
3375 2341 3446 2397 de
3487 2341 3606 2396 solo

2020 2439 2120 2493 viri
2143 2452 2270 2492 cum
2307 2435 2534 2493 muliere
2568 2450 2862 2508 congressu
2898 2435 3118 2502 dicitur,
3141 2442 3433 2504 corruptos
3481 2447 3606 2490 esse

2020 2529 2288 2598 virginem
2313 2536 2374 2586 et
2400 2527 2803 2585 adolescentem
2838 2542 2954 2584 rem
2990 2536 3244 2598 expertos
3275 2539 3593 2582 veneresm.

2021 2623 2080 2682 Si
2135 2631 2193 2679 et
2239 2621 2485 2693 quintam
2513 2620 2630 2692 (vis
2687 2620 3198 2692 interpretationem
3217 2617 3261 2690 ),
3295 2620 3498 2688 cogita,
3555 2615 3605 2672 si

2018 2717 2069 2772 ei
2096 2714 2190 2785 qui
2221 2717 2346 2770 cum
2370 2721 2556 2771 scorto
2583 2727 2916 2784 congressus
2968 2721 3079 2778 est,
3102 2721 3266 2768 natus
3294 2709 3466 2766 fuerit
3497 2708 3604 2764 ali-

2019 2807 2144 2879 quis
2201 2806 2368 2874 ﬁlius,
2399 2806 2448 2863 is
2501 2805 2572 2862 ad
2623 2804 3038 2862 fornicationem
3097 2803 3384 2868 educatur,
3407 2809 3464 2858 et
3509 2801 3606 2872 qui

2021 2907 2210 2972 postea
2237 2913 2362 2956 eum
2396 2896 2767 2968 conspexerit,
2793 2895 2938 2952 dicet
2973 2911 2988 2951 :
3021 2893 3232 2950 Revera
3265 2893 3320 2950 in
3359 2893 3606 2962 seipsnm

2022 2991 2112 3048 ille
2157 2989 2259 3047 fuit
2308 2990 2540 3062 injurius
2582 3005 2599 3045 :
2642 3002 2772 3046 ecce
2817 2989 2966 3044 enim
3024 3003 3234 3056 «meo,
3277 2986 3360 3043 vel
3422 2985 3608 3057 potius

2020 3097 2221 3154 corpus
2250 3080 2369 3150 ejus
2401 3089 2696 3138 scortatur.
2720 3079 2779 3135 Si
2810 3093 2940 3135 vero
2975 3080 3140 3136 etiam
3193 3087 3432 3142 sextam,
3463 3077 3609 3134 scire

333 3167 712 3241 ῥηθησόμενον
737 3180 752 3195 ⁸
785 3165 978 3236 ἐπειδὴ
1009 3167 1039 3220 ὁ
1071 3163 1372 3236 πορνεύων,
1407 3163 1467 3218 ἒν
1495 3163 1632 3236 πρὸς
1656 3163 1756 3236 τὴν
1782 3181 1921 3238 πορ-

2025 3177 2207 3242 debes,
2239 3175 2382 3246 quod
2409 3175 2452 3230 si
2483 3189 2605 3230 cum
2658 3187 2814 3230 serva
2847 3172 2970 3242 quis
3025 3187 3138 3226 rem
3189 3171 3460 3236 habuerit,
3487 3183 3606 3225 scr-

328 3259 637 3332 νευομένην
661 3258 874 3328 γίνεται
896 3297 912 3320 ,
943 3259 1019 3322 ὡς
1055 3257 1126 3310 τὰ
1152 3258 1328 3312 οἰκεῖα
1359 3256 1496 3328 μέλη
1516 3255 1687 3312 ποιῶν
1712 3259 1922 3330 πόρνης

333 3353 495 3425 μέλη.
526 3353 606 3414 εἰς
635 3350 828 3404 ἑαυτὸν
859 3349 939 3421 τῷ
971 3349 1088 3403 ὄντι
1130 3349 1459 3420 ἁμαρτάνει.
1488 3350 1638 3420 Φόνῳ
1669 3350 1770 3420 μὲν
1808 3351 1919 3422 γάρ

329 3461 476 3508 τινες
501 3438 560 3498 εὖ
592 3443 896 3514 ἐχρήσαντο
927 3443 1022 3516 (ὡς
1045 3441 1252 3512 Μωσῆς
1275 3441 1369 3495 καὶ
1392 3441 1624 3512 Φινεὲς),
1655 3443 1752 3496 καὶ
1779 3443 1918 3514 ὀργῇ

329 3537 382 3610 (6
401 3537 613 3608 Πέτρος
643 3537 736 3590 καὶ
761 3533 1018 3604 Παῦλος)·
1052 3534 1278 3606 πορνείᾳ
1309 3533 1368 3588 δὲ
1400 3534 1577 3597 οὐδεὶς
1613 3533 1834 3587 πώποτε
1860 3531 1920 3589 εὗ

323 3628 626 3700 ἐχρήσατο.
659 3627 752 3680 Διὸ
791 3626 1002 3682 καὶτὸν
1026 3626 1242 3698 δρῶντα
1276 3625 1518 3698 μολύνει.
1555 3626 1755 3693 Σιωπῶ
1785 3625 1919 3698 γάρ,

324 3721 412 3775 δτι
441 3720 570 3784 τοὺς
597 3720 654 3773 ὲν
675 3718 896 3793 πολέμῳ
920 3700 1242 3788 φονεύοντας
1274 3719 1369 3772 καὶ
1397 3717 1612 3789 στηλῶν
1632 3718 1726 3774 καὶ
1751 3720 1922 3791 ἀναῤ-

329 3814 548 3885 ρήσεων
576 3809 840 3876 ἀξιοῦσιν.
879 3811 941 3864 Εἰ
986 3810 1044 3865 δὲ
1096 3811 1193 3865 καὶ
1235 3810 1509 3882 τραπῆναι
1544 3811 1692 3882 ἡμᾶς
1745 3811 1922 3882 βούλει

325 3908 409 3971 εἰς
447 3905 552 3978 τὴν
582 3905 687 3974 τῆς
727 3904 1061 3976 ἀλληγορίας
1089 3903 1230 3967 ὁδὸν,
1261 3905 1459 3971 ὲννάτη
1487 3902 1628 3958 ἔστω
1655 3905 1688 3975 ἡ
1721 3903 1921 3974 λεχθηο

327 3997 564 4068 σομένη.
611 3997 832 4068 Ἐπειδὴ
876 3997 934 4051 ἒν
970 3995 1135 4076 σῶμά
1161 3999 1310 4050 ἐστιν
1349 3997 1382 4067 ή
1432 3995 1755 4066 Ἐκκλησία,
1791 3995 1840 4049 οἰ
1863 3997 1922 4050 δὲ

327 4093 524 4153 καθεϊς
573 4091 822 4162 ἀλλήλων
874 4091 1008 4164 μέλη
1037 4130 1052 4156 ,
1075 4093 1103 4145 6
1131 4091 1190 4146 δὲ
1243 4089 1526 4160 πορνεύων
1579 4091 1660 4154 εἰς
1716 4089 1924 4156 πάντας

327 4185 644 4257 ἁμαρτάνει
671 4200 689 4218 °
718 4183 1013 4255 ἀνατρέχει
1042 4183 1150 4254 γὰρ
1181 4183 1348 4239 αὐτοῦ
1377 4183 1439 4237 τὸ
1470 4183 1695 4254 σφάλμα
1739 4183 1834 4238 ἐπὶ
1861 4184 1926 4236 τὸ

326 4274 455 4345 τῆς-
475 4274 807 4345 Ἐκκλησίας
843 4274 1120 4346 πλήρωμα
1140 4316 1157 4341 ,
1189 4265 1251 4327 οὗ
1280 4273 1378 4329 καὶ
1417 4275 1722 4345 ἐκκοπῆναι
1759 4273 1924 4328 αὐτὸν

327 4366 690 4438 προσέταξεν,
733 4366 840 4431 ἓως
881 4367 950 4420 ἂν
999 4367 1332 4438 μετανοήσῃ.
1379 4367 1444 4421 Ei
1477 4367 1534 4420 δὲ
1561 4367 1656 4421 καὶ
1686 4365 1924 4438 δεκάτην

2026 3283 2152 3323 vum
2213 3267 2319 3323 erit
2341 3267 2392 3322 id
2423 3269 2568 3336 quod
2614 3280 2682 3321 ex
2731 3279 2795 3320 ea
2851 3273 3124 3320 nascetur.
3140 3263 3427 3352 puomodo
3477 3276 3609 3333 ergo

2028 3377 2133 3416 non
2202 3360 2256 3415 in
2307 3361 2547 3430 seipsmn
2601 3365 2812 3428 peccat,
2843 3357 2935 3426 qui
2998 3369 3214 3410 servum
3252 3353 3606 3424 satagitpro-

2025 3452 2257 3508 creare?
2304 3451 2361 3506 Si
2403 3461 2460 3506 et
2505 3449 2819 3518 septimam,
2855 3447 2977 3501 vide
3000 3447 3142 3516 quod
3169 3445 3336 3500 etiam
3375 3445 3426 3498 id
3463 3446 3607 3513 quod

2023 3558 2091 3599 ex
2143 3542 2236 3598 tali
2293 3540 2578 3611 complexu
2640 3540 2904 3605 nascitur,
2965 3537 3294 3594 contumelia
3351 3535 3607 3600 afﬁcitur,

2024 3634 2220 3704 quippe
2245 3633 2390 3703 quod
2423 3631 2647 3687 nothum
2703 3643 2770 3684 ac
2823 3629 3068 3698 spurium
3099 3635 3342 3692 vocetur,
3366 3633 3420 3680 et
3448 3626 3608 3695 igno-

2023 3726 2190 3782 minia
2222 3713 2423 3794 ubique
2458 3723 2702 3779 locorum
2735 3730 2958 3776 notetur
2993 3737 3008 3776 :
3044 3727 3101 3774 et
3129 3720 3245 3774 sive
3288 3720 3342 3772 in
3373 3733 3609 3772 senacuo

2024 3821 2132 3875 lum
2158 3819 2271 3874 sive
2297 3816 2636 3888 injudicium
2683 3813 3044 3884 ingrediatur,
3074 3813 3200 3868 inde
3229 3813 3554 3866 exturbatur
3591 3829 3605 3866 :

2023 3925 2132 3983 quo
2164 3911 2282 3982 ipso
2333 3909 2498 3965 etiam
2554 3908 2768 3980 genitor
2811 3907 2931 3977 ejus
2989 3905 3172 3977 probri
3203 3913 3256 3959 et
3301 3903 3613 3974 ignominia:

2026 4004 2298 4073 particeps
2323 4003 2408 4057 ilt.
2440 4000 2848 4056 Monumentum
2881 3997 3026 4052 enim
3097 4012 3212 4052 sum
3267 3995 3508 4050 libidinis
3545 4011 3613 4051 ac

2025 4090 2264 4146 lasciviae
2303 4097 2424 4160 post
2479 4103 2541 4146 se
2580 4089 2837 4169 reliquit.
2875 4085 2934 4142 Si
2959 4101 3090 4142 vero
3143 4087 3311 4142 etiam
3361 4096 3609 4141 octavam

2025 4181 2298 4254 (requiris
2347 4180 2917 4253 interpretationem),
2974 4179 3352 4234 examinemus
3399 4187 3454 4232 et
3507 4178 3614 4232 hoc

2023 4277 2168 4348 quod
2202 4277 2416 4332 dicetur
2449 4260 2471 4330 ἶ
2491 4276 2627 4344 Quia
2656 4275 2748 4346 qui
2777 4275 3104 4338 fornicatur,
3136 4286 3302 4327 unum
3347 4271 3608 4342 quiddam

2025 4380 2148 4422 cum
2181 4380 2244 4422 ea
2275 4367 2353 4432 fit,
2375 4381 2499 4423 cum
2540 4380 2650 4436 qua
2702 4381 2764 4421 se
2821 4365 3165 4428 commiscet,
3193 4363 3336 4430 quod
3393 4363 3610 4432 propria

331 4454 538 4528 βούλει,
577 4456 802 4527 λεχθείη
832 4455 931 4523 ἂν,
977 4457 1062 4510 δτι
1103 4455 1293 4528 ἐπειδὴ
1329 4457 1381 4510 οἰ
1416 4456 1568 4528 νόμῳ
1605 4456 1702 4511 τοῦ
1735 4457 1920 4530 τιμίου

2027 4472 2124 4512 sua
2157 4459 2402 4514 membra
2432 4457 2598 4514 faciat
2642 4459 2810 4514 scorti
2848 4456 3092 4512 membra
3126 4473 3140 4510 :
3173 4456 3225 4511 in
3256 4455 3612 4524 semetipsum

329 4551 514 4619 γάμου
547 4547 824 4612 συνιόντες
847 4547 907 4602 ἓν
933 4547 1097 4618 σῶμα
1121 4547 1361 4617 γίνονται
1417 4545 1466 4619 (ι
1505 4548 1760 4603 Ἔσονται
1785 4549 1916 4622 γὰρ,

2030 4564 2217 4605 revera
2272 4559 2481 4620 peccat.
2513 4549 2648 4604 Nam
2715 4550 2862 4605 caede
2910 4551 3127 4620 quidem
3185 4548 3424 4606 nonnulli
3473 4549 3612 4604 bene

329 4640 520 4711 φησὶν,
541 4641 593 4694 οἰ
609 4640 702 4694 δύο
717 4642 797 4704 εἰς
817 4640 998 4712 σάρκα
1021 4641 1168 4706 μίαν·
1183 4659 1202 4692 ι
1237 4639 1317 4694 διὸ
1333 4639 1428 4694 καὶ
1455 4640 1488 4711 ή
1506 4639 1644 4712 γυνὴ
1662 4640 1758 4694 τοῦ
1785 4641 1916 4695 ἰδίου

2029 4643 2108 4698 usi
2152 4650 2307 4706 sunt,
2355 4651 2412 4697 ut
2470 4641 2648 4698 Moses
2693 4651 2749 4698 et
2782 4641 3051 4710 Pbinees;
3079 4651 3136 4698 et
3181 4641 3284 4709 ira,
3319 4639 3514 4695 Petrus
3555 4648 3612 4695 et

330 4731 588 4804 σώματος
611 4732 713 4786 οὐκ
751 4732 1076 4799 ἐξουσιάζει,
1115 4731 1230 4786 ἀλλ’
1261 4732 1291 4784 6
1334 4730 1473 4802 ἀνὴρ
1502 4747 1516 4762 ο
1567 4730 1676 4784 οὐδ’
1717 4732 1747 4785 6
1777 4732 1918 4805 ἀνὴρ

2029 4714 2265 4801 Ρειυιυεξ
2301 4733 2662 4791 fornicatione
2709 4743 2889 4790 autem
2955 4749 3116 4790 nemo
3169 4746 3406 4803 unquam
3467 4733 3606 4788 bene

327 4825 427 4879 τοῦ
462 4823 593 4877 ἰδίου
625 4822 876 4894 σώματος
905 4823 1232 4890 ἐξουσιάζει,
1261 4823 1377 4878 ἀλλ’
1407 4827 1440 4896 ἡ
1472 4823 1659 4898 γυνή)ο
1693 4825 1920 4889 εἰκότως

2030 4841 2159 4882 usus
2180 4835 2282 4882 εει.
2318 4824 2434 4893 Qua
2469 4827 2535 4881 de
2584 4841 2750 4882 causa
2803 4825 2968 4882 etiam
3015 4825 3190 4896 ipsum
3226 4825 3316 4894 qui
3353 4832 3608 4893 stuprum

329 4919 357 4972 6
386 4915 672 4987 πορνεύων
718 4915 819 4982 μὲν
860 4917 1022 4988 ἀνὴρ,
1057 4917 1136 4980 είς
1169 4916 1270 4988 τὴν
1313 4915 1593 4988 γαμετὴν,
1641 4917 1918 4970 τουτέστιν

2025 4926 2222 4988 patrat.
2253 4919 2464 4988 polluit.
2491 4918 2661 4991 486
2683 4919 2860 4975 Taceo
2912 4919 3081 4984 enim,
3117 4919 3258 4989 quod
3287 4931 3405 4983 eos,
3427 4917 3519 4987 qui
3557 4917 3610 4971 in

329 5011 413 5074 εἰς
450 5009 514 5062 τὸ
547 5007 676 5062 ἵδιον
725 5007 886 5077 σῶμα
944 5008 1058 5078 (50)
1119 5009 1422 5078 ἁμαρτάνει
1449 5025 1463 5039 ·
1495 5009 1528 5078 ἠ
1557 5007 1616 5061 δὲ
1656 5024 1918 5078 πορνευο-

2029 5009 2168 5076 bello
2196 5011 2375 5066 caules
2399 5013 2769 5078 committunt,
2799 5011 2966 5067 etiam
2994 5011 3260 5066 columnis
3301 5021 3358 5066 et
3403 5025 3612 5080 praeco-

345 5101 513 5174 μένη,
563 5101 644 5164 εἰς
671 5099 733 5153 τὸ
762 5099 894 5154 ἴδιον
921 5099 1101 5170 σῶμα,
1132 5100 1406 5162 τουτέστι,
1435 5099 1526 5154 τὸν
1555 5099 1745 5172 ἄνδρα,
1777 5099 1937 5171 σῶμα

2046 5101 2152 5156 niis
2186 5101 2378 5172 dignos
2423 5110 2480 5156 et
2535 5101 2884 5158 honorandos
2909 5113 3157 5160 censent.
3182 5102 3335 5169 Quod
3369 5101 3416 5159 si
3445 5102 3612 5158 etiam

1453 5255 1690 5312 VARIA'J
1720 5253 2116 5312 'LECTIUNES
2157 5255 2246 5312 ΕΤ
2278 5247 2542 5312 NOTAE.’

407 5395 520 5468 (97)
553 5395 700 5464 Hmc,
725 5393 786 5448 ού
830 5393 1056 5468 μόνον..)
1103 5391 1420 5468 κωλυούσης
1452 5407 1562 5448 om.
1597 5394 1684 5450 ed.
1726 5393 1900 5449 Paris.

2018 5389 2118 5468 Ero
2158 5393 2227 5468 Δὲν
2291 5401 2520 5468 utroque
2579 5391 2700 5447 loco
2739 5389 2826 5468 hic
2871 5389 3241 5468 reponendum
3288 5400 3487 5444 censeo
3533 5386 3606 5442 εἰ.

295 5457 766 5537 οδυὶιρίιεηιιιτόξ
793 5457 980 5537 codice
1007 5463 1322 5537 V_atic._650
1345 5457 1506 5537 Eutr.
1604 5533 1644 5537 __
1676 5533 1698 5537 μ
2019 5460 2202 5537 Possis
2253 5457 2682 5537 etiam'feteuto
2749 5461 2808 5512 ὲν
2873 5457 3001 5515 ante
3053 5457 3272 5530 εἰσέλθῃ
3346 5471 3612 5528 reponere

408 5531 524 5608 (Ξὸ)
566 5537 702 5608 Καθ’
741 5533 774 5588 ὃ
805 5532 936 5608 δρᾷ,
965 5533 1062 5608 καὶ
1107 5531 1485 5608 πάσχειηΜῌς.
1523 5533 1752 5608 καθ’μόν,
1807 5547 1910 5608 non

2019 5532 2277 5608 Olllis‘s‘llltl
2317 5532 2400 5586 ἄν.
2445 5531 2520 5586 lo.

332 5592 728 5676 τθίῖιείΝοίυιη
761 5592 853 5660 est
876 5592 1006 5676 illud
1051 5592 1331 5676 vettts,':l'6
1350 5604 1563 5676 δρῶντα
1595 5603 1675 5656 δεῖ
1708 5592 1763 5676 τι
1816 5601 1912 5655 καὶ

2031 5673 2042 5676 _
2091 5601 2201 5673 (50)
2221 5600 2363 5676 Αριιίε
2406 5609 2715 5676 sequuntur
2760 5609 2874 5676 post
2913 5599 3048 5676 [διον
3092 5599 3284 5676 adimat,
3327 5592 3607 5676 nimirum,

328 5679 554 5736 παθεῖν.
585 5675 794 5729 Notum-
825 5683 880 5728 et
908 5673 1252 5744 physicorum
1304 5667 1649 5729 consentiens
1689 5673 1907 5742 dogma.

2019 5667 2359 5744 ἁμαρτάνει·
2395 5667 2514 5744 ἡδὲ
2563 5667 2962 5744 πορνευομένη,
3002 5670 3082 5733 εἰς
3123 5668 3380 5744 ατο-ἴδιον.
3405 5667 3607 5744 σῶμα,

2020 5735 2428 5868 liiecijnquatn;
2455 5735 2719 5798 otuuia'ut
2745 5735 3018 5812 su'pvrliua
3043 5739 3294 5798 cod.\'at.
3317 5739 3422 5794 650
3444 5735 3612 5794 omit-

2021 5823 2102 5868 tu.
2185 5828 2350 5868 055m.

2021 5823 2102 5868 ιιι.
2142 5823 2350 5868 I'OSSIN.

329 5753 415 5808 Eo
441 5760 490 5802 et
525 5749 613 5802 hic
643 5747 911 5812 respicere
946 5744 1156 5797 vulelur
1188 5745 1439 5798 Isidorus.
1478 5745 1642 5799 Ιίιττ.

409 5819 523 5892 (‘29)
564 5816 667 5873 Καὶ
725 5815 1247 5881 ἐνβουλευτηρίιρ,
1289 5814 1384 5868 καὶ
1425 5815 1493 5869 ἑν
1522 5815 1904 5884 δικαστηρίῳ.
