4078 6422
368 420 510 490 1213

1225 431 1763 492 El‘lSTOLin-UM
1806 434 1951 493 LIB.
1992 435 2091 495 1V.
2134 459 2201 470 -ο
2233 435 2468 494 EPIST.
2509 433 2798 494 CXXXII.

3503 417 3636 489 12H

367 540 484 593 τῶν
504 537 764 593 ἱναντίων
785 539 1006 613 ἔχθραν,
1025 541 1092 594 δι’
1113 543 1180 613 ἣν
1199 543 1596 614 ὲκροτήοησαν,
1625 545 1954 609 ἐννοοῦντες,

2063 545 2296 599 ditornm
2337 543 2786 606 benevolentiam,
2812 556 2917 595 non
2936 538 3240 595 "amicitiam
3274 552 3399 608 erga
3425 552 3506 604 se,
3530 552 3636 592 non

367 633 438 686 οὐ
489 632 650 704 μόνον
681 631 790 686 ὑπὸ
824 634 934 687 τῶν
980 635 1194 706 κρότων
1239 635 1649 706 πτερωθέντες,
1695 637 1832 691 ἀλλὰ
1860 639 1958 692 καὶ

367 723 482 776 ὑπὸ
511 723 1144 796 φιλαυτίαςμεθύοντες,
1172 728 1231 780 ού
1264 729 1371 798 μὴν
1397 727 1532 782 ἀλλά
1559 730 1652 782 καὶ
1685 729 1791 782 ὑπὸ
1825 747 1958 802 προ-

362 815 586 886 λήψεως
623 818 1042 890 κεχειρωμένοι,
1076 818 1464 890 δογματίζουσι
1495 820 1762 885 πολλάκις
1794 821 1959 887 ἄδοξά

361 923 490 960 τινα
535 905 631 958 καὶ
661 907 1050 975 καταγέλαστα
1081 909 1366 980 δόγματα⁶
1412 909 1607 965 ἔπειτα
1629 953 1644 977 ,
1672 912 1792 966 δέον
1820 912 1956 984 μηδὲ

362 995 457 1050 διὰ
517 995 764 1068 γλώττης
818 999 1234 1072 προφέρεσθαι,
1279 1002 1575 1072 κρατύνειν
1631 1005 1954 1074 πειρῶνται.

363 1088 492 1159 Χρὴ
520 1087 814 1160 τοιγαροῦν
837 1092 967 1154 τοὺς
995 1091 1056 1144 ὲν
1086 1093 1200 1156 τοῖς
1239 1093 1468 1147 τοιοῖσδε
1513 1094 1694 1163 λόγοις
1727 1095 1958 1163 φοιτῶν-

363 1194 488 1244 τας,
525 1176 896 1246 γινώσκοντας
916 1220 930 1241 ,
958 1181 1040 1234 ὅτι
1070 1181 1202 1254 περὶ
1229 1181 1412 1254 ψυχῆς
1439 1183 1588 1238 ἐστιν
1621 1185 1650 1237 ό
1678 1184 1952 1250 κίνδυνος,

361 1269 466 1324 καὶ
493 1269 576 1323 ὅτι
607 1271 707 1341 τῆς
743 1271 1005 1342 ἀληθείας
1033 1273 1188 1328 οὐδὲν
1216 1275 1706 1346 προύργιαίτερον⁴
1752 1276 1814 1330 οὐ
1849 1275 1954 1348 μὴν

363 1360 426 1413 δὲ
449 1359 701 1415 ἀλλὰκαὶ
735 1361 1059 1428 ἐννοοῦντας
1097 1364 1168 1418 τὰ
1202 1366 1381 1432 κακὰ,
1413 1366 1484 1421 τὰ
1511 1367 1577 1422 ὲκ
1624 1369 1724 1438 τῆς
1753 1366 1956 1438 ἔχθρας

363 1452 466 1504 καὶ
491 1454 591 1516 τῆς
625 1451 954 1523 προλήψεως
977 1455 1305 1528 τικτόμενα,
1337 1459 1553 1522 κοινοὺς
1594 1459 1692 1530 μὲν
1727 1459 1955 1524 ἑαυτοὺς

367 1543 641 1616 παρέχειν
689 1548 804 1598 τοῖν
851 1545 1127 1616 λεγόντοιν
1177 1549 1488 1622 ἀκροατὰς,
1518 1551 1583 1604 ού
1628 1550 1732 1622 μὴν
1769 1551 1950 1616 ίσουςο

360 1634 484 1686 ἐστι
512 1633 558 1686 δ’
599 1635 660 1686 οὐ
702 1635 930 1697 ταυτὸν,
970 1635 1046 1701 ὡς
1073 1636 1480 1702 οἴονταί-τινες.
1507 1640 1674 1710 Κοινῇ
1711 1637 1811 1708 μὲν
1843 1638 1953 1710 γὰρ

361 1724 474 1794 χρὴ
499 1724 808 1800 ἀκροᾶσθαι
840 1727 1168 1798 ἀμφοτέρων
1189 1745 1203 1758 ’
1235 1729 1298 1782 ού
1332 1729 1438 1798 μὴν
1477 1729 1727 1801 ἐκατέρῳ
1763 1729 1953 1798 νέμειν

362 1816 428 1870 τὸ
472 1818 621 1871 ἴσον·
662 1817 800 1870 ἀλλά
844 1818 922 1888 τῷ
972 1818 1073 1890 μὲν
1107 1822 1462 1892 συνετωτέρῳ
1513 1821 1736 1892 μᾶλλον,
1787 1821 1864 1892 τῷ
1893 1822 1950 1876 δὲ

2059 634 2492 688 adversariorum
2525 631 2732 694 odium,
2769 643 2904 700 quas
2935 629 3003 684 ob
3051 643 3138 682 res
3193 626 3414 696 plausus
3458 633 3513 677 et
3549 631 3636 677 tu-

2059 725 2261 778 multus
2293 722 2509 778 excitati
2546 732 2692 781 sunt.
2725 721 3048 791 cogitantes,
3068 732 3172 773 non
3211 716 3386 770 solum
3411 714 3639 784 applau-

2057 817 2210 871 sibus
2235 813 2541 870 istiusmodi
2572 812 2725 877 elati,
2759 810 2853 866 sed
2883 811 3048 877 etiam
3079 823 3265 862 amore
3288 805 3371 861 sui
3401 804 3639 858 inebria-

2059 907 2122 974 ti,
2153 908 2284 977 quin
2315 914 2372 962 et
2429 903 2500 959 ab
2543 903 2836 972 anticipata
2877 901 3054 970 aliqua
3111 898 3367 968 opinione
3411 895 3634 958 devicti,

2057 1012 2200 1066 ωερε
2220 995 2454 1052 absurda
2483 1003 2646 1065 atque
2683 991 2910 1048 ridicula
2967 992 3208 1060 qnmdam
3259 987 3510 1057 dogmata
3542 999 3662 1078 ex:

2057 1091 2297 1162 c0gitant
2333 1099 2388 1146 et
2423 1088 2678 1154 tradunt;
2711 1086 2908 1142 deinde
2951 1099 3074 1142 cum
3106 1098 3173 1136 ne
3207 1082 3422 1151 quidem
3447 1080 3629 1148 lingua

2057 1182 2288 1254 proferri
2317 1195 2379 1236 ea
2411 1179 2737 1250 oportuerit,
2756 1177 3006 1234 obtinere
3037 1176 3204 1230 etiam
3263 1173 3350 1226 illa
3405 1181 3636 1227 conten-

2057 1277 2212 1330 dunt.
2246 1273 2378 1342 Quae
2409 1288 2530 1329 cum
2561 1272 2633 1326 ita
2687 1272 2818 1334 sint,
2848 1279 3066 1340 oportet
3115 1265 3380 1337 ejusmodi
3437 1263 3639 1318 doctri-

2057 1379 2249 1420 narum
2273 1363 2569 1429 studiosos,
2589 1375 2713 1417 cum
2741 1360 2946 1426 sciant,
2974 1359 3212 1412 animam
3237 1355 3326 1410 hic
3349 1355 3402 1408 in
3441 1354 3638 1408 discri-

2056 1457 2202 1512 mine
2259 1453 2491 1518 versari,
2545 1461 2603 1508 et
2658 1451 2891 1507 veritate
2953 1449 3087 1502 nihil
3138 1445 3498 1515 praestabilius
3545 1452 3640 1496 aut

2057 1547 2337 1618 antiquius
2361 1561 2505 1610 esse,
2543 1553 2813 1614 praetcrea
2838 1541 3001 1596 etiam
3051 1540 3354 1608 cogitantes
3379 1551 3440 1591 ea
3477 1534 3636 1596 mala,

2055 1657 2176 1712 qua:
2201 1656 2266 1695 ex
2284 1640 2408 1694 odio
2460 1649 2515 1693 et
2554 1637 2852 1706 anticipata
2887 1635 3146 1704 opinione
3172 1631 3454 1691 oriuntur,
3485 1642 3638 1681 com-

2057 1744 2246 1784 munes
2293 1729 2510 1797 quidem
2561 1741 2622 1782 se
2684 1727 2924 1794 praebere
2990 1722 3286 1777 dicentium
3333 1715 3638 1780 tunditores;

2059 1836 2162 1876 non
2193 1830 2371 1874 tamen
2403 1817 2661 1888 aequales.
2708 1816 2821 1869 Non
2858 1825 2940 1870 est
2971 1823 3151 1868 autem
3181 1827 3346 1865 unum
3385 1821 3440 1864 et
3472 1810 3639 1871 idem,

361 1907 736 1979 ἀμαθεστέρῳ
771 1903 939 1982 ἦττον
964 1927 977 1940 ο
1013 1911 1110 1964 καὶ
1139 1910 1216 1980 τῷ
1250 1914 1348 1981 μὲν
1389 1913 1538 1983 σοφῷ
1565 1914 1842 1978 ἐπαίνους,
1871 1913 1950 1983 τῷ

2056 1925 2112 1964 ιιι
2145 1912 2361 1982 quidam
2403 1911 2758 1964 arbitrantur.
2786 1906 2921 1960 Nam
2953 1913 3168 1973 Oportet
3189 1905 3406 1972 quidem
3433 1910 3639 1954 utrum-

359 2000 419 2051 δὲ
452 1999 772 2070 ἀπαιδεύτῳ
798 2042 813 2063 ,
839 2003 889 2057 εἰ
920 2003 1019 2072 μὲν
1047 2004 1150 2056 ύπὺ
1171 2003 1356 2074 ψόγων
1389 2000 1503 2062 οἷός
1533 2024 1591 2059 τε
1621 2006 1706 2078 εἴη
1737 2023 1948 2075 σωφρο-

361 2091 620 2160 νισθῆναι
641 2131 658 2156 ,
685 2093 1008 2163 ψόγους·.εί
1044 2095 1102 2149 δὲ
1143 2097 1242 2166 μὴ,
1278 2097 1460 2168 σιγήν.
1505 2098 1694 2152 Ταῦτα
1726 2098 1826 2167 μὲν
1857 2093 1950 2150 οὖν

360 2185 496 2254 περὶ
530 2182 641 2236 τῶν
669 2185 1040 2255 ἀκροωμένων
1086 2187 1350 2256 εἰρήσθω.
1381 2189 1520 2252 Τοὺς
1559 2189 1618 2243 δὲ
1651 2189 1908 2254 λέγοντας
1934 2229 1950 2254 ,

363 2274 824 2346 πρεπωδέστερον
844 2273 984 2330 εἷναί
1002 2293 1166 2347 φημι,
1193 2278 1564 2349 ἀμφισσητείν
1585 2279 1706 2349 μὲν.
1731 2278 1808 2355 μὴ
1825 2280 1950 2348 ἐρε-

362 2363 536 2430 θίζειν
559 2365 674 2436 (36)
701 2365 779 2420 δέ.
821 2367 1257 2440 Ἀμφισϐητοῦσι
1279 2369 1378 2440 μὲν
1395 2371 1503 2442 γὰρ
1531 2369 1795 2432 πολλάκις
1819 2371 1954 2443 πρὸς

363 2459 586 2527 φίλουςο
621 2461 988 2538 φιλονεικοῦσι
1020 2463 1076 2517 δὲ
1097 2465 1146 2516 οἱ
1174 2463 1480 2534 δυσμενεῖς.
1513 2463 1671 2517 Οῦτω
1689 2463 1796 2534 γὰρ
1821 2463 1953 2517 καλ-

362 2550 522 2621 λίστη
545 2552 640 2604 καὶ
654 2549 1055 2624 ὠφελιμωτάτη
1077 2555 1109 2624 ἡ
1137 2553 1397 2607 συνουσία
1423 2555 1536 2614 τοῖς
1556 2569 1615 2606 τε
1649 2552 1948 2623 φράζουσι,

359 2646 478 2710 τοίς
513 2645 562 2698 τ’
609 2645 869 2698 ἀκούουσι
917 2647 1233 2715 γενήσεται.
1287 2645 1354 2698 ΟΞ
1395 2661 1455 2699 τε
1496 2643 1604 2714 γὰρ
1654 2643 1946 2710 λέγοντες,

365 2733 610 2802 μάλιστα
649 2735 716 2789 ἂν
770 2737 828 2788 ὲν
863 2737 979 2798 τοῖς
1025 2734 1402 2806 ἀκροωμένοις
1451 2732 1626 2800 οὕτως
1673 2734 1952 2806 εὐδόκιμοι

359 2820 508 2896 ἦσαν
550 2826 674 2896 μὲν,
715 2827 818 2882 οὐκ
865 2813 1178 2900 ἐπαινοῖντο
1226 2827 1304 2884 δέ.
1351 2827 1642 2899 Εὐδόκιμοι
1698 2829 1798 2899 μὲν
1844 2828 1954 2900 γάρ

359 2918 482 2971 ἐστι
523 2917 730 2989 κυρίως
761 2919 824 2972 τὸ
865 2919 1138 2990 ἀποδοχῆς
1179 2918 1466 2986 ἀξιοῦσθαι
1506 2920 1564 2972 ἐν
1591 2921 1712 2982 ταῖς
1755 2918 1954 2989 ψυχαῖς

359 3009 473 3062 τῶν
505 3011 836 3076 ἀκουόντων,
871 3015 995 3070 ταῖς
1039 3011 1171 3066 ἄνευ
1221 3011 1442 3081 ἀπάτης
1486 3012 1804 3074 ἀδεκάστως
1847 3011 1950 3073 τὰς

358 3101 580 3170 ψήφους
611 3101 926 3172 φερούσαιςο
949 3099 1400 3172 ἐγκωμιάζεσθαι
1424 3102 1482 3154 ἐν
1522 3099 1666 3170 λόγῳ
1693 3097 1955 3164 πολλάκις

359 3191 660 3246 κολακείαν
705 3193 961 3256 πνέοντι,
1005 3193 1100 3246 καὶ
1147 3191 1315 3262 μηδὲν
1369 3191 1711 3262 ἀληθεύοντι.
1773 3191 1842 3244 Οἵ
1893 3207 1954 3244 τε

359 3283 658 3348 ἀκούοντες
683 3283 920 3356 μάλιστα
940 3257 1320 3355 εὐφραίνοιντο
1347 3257 1471 3355 μὲν,
1497 3285 1596 3353 οὐχ
1622 3283 1842 3354 ἥδοιντο
1869 3283 1948 3336 δέ.
1981 3257 2027 3316 C

360 3375 771 3449 Εὖφραίνεσθαι
813 3377 914 3448 μὲν
953 3377 1064 3447 γάρ
1103 3379 1242 3442 ἐστι,
1273 3377 1332 3430 τὸ
1363 3377 1553 3448 μαθεῖν
1581 3394 1633 3430 τι
1678 3377 1786 3430 τῶν
1820 3377 1952 3430 καλ-

359 3469 588 3535 λίστων,
624 3471 717 3523 καὶ
743 3470 846 3540 τὴν
879 3470 1146 3539 φρόνησιν
1165 3469 1260 3522 ἐπὶ
1283 3470 1344 3522 τὸ
1381 3469 1605 3538 ἄμεινον
1642 3469 1912 3540 ἀκονῆσαι
1933 3485 1947 3498 ·

361 3561 594 3632 ἥδεσθαι
627 3561 714 3627 δὲ,
747 3560 1002 3616 ἐσθίοντα
1041 3562 1162 3633 η’τι
1200 3562 1440 3615 τοιοῦτον
1483 3561 1950 3632 διαπραττόμενον

356 3654 453 3709 διὰ
485 3654 580 3708 τοῦ
617 3652 892 3725 σώματος.
917 3653 1112 3708 Ταῦτα
1144 3653 1425 3726 κεκρίσθω
1445 3668 1459 3682 ⁸
1495 3653 1669 3708 ταῦτα
1695 3653 1946 3724 ὡρίσθω·

355 3746 536 3800 ταῦτα
560 3746 928 3817 πεφυλάχθω·
965 3747 1061 3800 καὶ
1097 3746 1267 3818 πολλὴ
1306 3746 1545 3810 ἐπίδοσις
1584 3746 1738 3800 ἔσται
1765 3747 1828 3801 ού
1852 3747 1951 3817 μό-

359 3857 454 3893 νον
488 3842 548 3893 ὲν
588 3842 704 3904 τοῖς
739 3839 1119 3910 ἀκροωμένοις
1153 3839 1234 3904 είς
1265 3840 1490 3910 ἀρετὴν,
1525 3838 1664 3893 ἀλλὰ
1713 3839 1808 3892 καὶ
1836 3841 1950 3903 τοῑς

357 3931 544 4000 λέγειν
575 3932 942 4004 πειρωμένοις
967 3934 1049 3996 είς
1074 3931 1415 4001 φιλοσοφίαν.

2055 2020 2159 2072 que
2183 2003 2550 2060 communiter
2579 2002 2769 2056 audire
2795 2017 2808 2066 ;
2843 2015 2946 2053 non
2987 2010 3166 2052 tamen
3222 1995 3436 2064 utrique
3457 2009 3640 2061 arqua-

2055 2097 2264 2151 litatem
2309 2096 2569 2158 tribuere,
2603 2094 2696 2148 sed
2725 2089 3062 2159 prudentiori
3119 2086 3311 2155 magis,
3349 2081 3637 2148 indoctiori
3705 2083 3716 2088 '

2053 2203 2183 2243 vero
2207 2188 2427 2252 minus;
2473 2196 2528 2242 et
2578 2183 2814 2254 sapienti
2867 2179 3088 2251 quidem
3139 2177 3345 2238 laudes,
3374 2175 3490 2229 rudi
3513 2190 3640 2228 vero

2055 2290 2221 2347 atque
2253 2277 2531 2346 imperito,
2557 2277 2604 2330 si
2639 2277 2856 2344 quidem
2896 2275 3406 2346 reprehensionibus
3437 2271 3636 2337 corrigi

2053 2369 2442 2449 emendarique
2497 2369 2692 2440 possit,
2759 2368 3212 2438 reprehensiones
3248 2384 3261 2420 :
3295 2367 3378 2420 sin
3437 2365 3638 2430 minus,

2054 2462 2327 2517 silentium
2359 2461 2638 2518 adhibere.
2676 2461 2799 2515 llurc
2826 2461 2990 2531 igitur
3022 2461 3090 2517 de
3114 2459 3456 2514 auditoribus
3485 2453 3624 2512 tiit'in

2053 2564 2236 2611 sunto.
2271 2553 2448 2610 Porro
2503 2555 2648 2626 quod
2700 2557 2767 2608 ad
2823 2569 2917 2608 eos
2948 2553 3044 2624 qui
3079 2553 3270 2608 dicunt
3303 2553 3520 2615 attinet,
3552 2550 3638 2604 aio
3717 2611 3738 2632 Ι

2055 2649 2200 2717 ipsos
2233 2649 2472 2702 maxime
2500 2648 2697 2703 decere
2745 2648 3045 2702 modestam
3095 2645 3638 2704 dubitationem,non

2054 2745 2234 2792 autem
2269 2737 2508 2792 rixosam
2539 2738 2972 2792 contentionem.
3011 2735 3359 2806 Sarpeenim
3390 2733 3456 2787 ad
3489 2734 3630 2788 ami-

2057 2845 2151 2886 cos
2179 2830 2458 2902 ambigere
2487 2830 2664 2884 solent
2713 2831 2962 2885 homines
2989 2847 3003 2884 :
3037 2827 3484 2885 contentionibus
3512 2839 3640 2878 vero

2053 2923 2186 2977 dant
2216 2937 2436 2990 operam
2468 2922 2696 2976 inimici.
2721 2921 2846 2976 llaec
2871 2921 3034 2992 igitur
3083 2921 3450 2991 pulcherrima
3475 2927 3642 2984 atque

2055 3013 2346 3069 utilissima
2375 3015 2480 3068 erit
2517 3015 2884 3081 conversatio,
2919 3023 2973 3067 et
2997 3013 3064 3068 iis
3097 3015 3187 3082 qui
3244 3013 3452 3072 dicunt,
3483 3021 3538 3064 ct
3577 3010 3645 3064 iis

2056 3105 2148 3175 qui
2181 3107 2427 3160 audiunt.
2463 3105 2595 3160 Nam
2628 3115 2682 3160 et
2718 3107 2811 3177 qui
2857 3107 3062 3168 dicunt,
3101 3108 3172 3158 ita
3227 3105 3462 3158 maxime
3500 3102 3642 3172 apud

2059 3213 2156 3252 eos
2184 3197 2277 3267 qui
2307 3197 2538 3252 audiunt
2567 3197 2878 3267 probabiles
2912 3208 2964 3252 et
2996 3199 3137 3268 grati
3179 3203 3358 3259 erunt,
3397 3210 3505 3247 non
3541 3209 3641 3246 au-

2057 3297 2166 3342 tem
2198 3286 2940 3343 laudabuntur.Prohahilem
2972 3288 3116 3340 enim
3146 3286 3393 3340 essehoc
3421 3283 3639 3353 proprie

2058 3379 2222 3444 est,si
2257 3379 2456 3460 quisin
2517 3381 2712 3435 animis
2737 3380 3091 3460 audientium
3139 3377 3532 3447 approbatione
3559 3375 3642 3428 di-

2058 3485 2198 3538 gnos
2257 3452 2568 3534 censeatur,
2628 3452 2743 3541 qui.
2788 3471 2908 3528 sine
2967 3470 3158 3526 fraude
3204 3485 3269 3525 ac
3323 3469 3644 3538 deorptione

2059 3562 2375 3632 incorrupte
2401 3563 2638 3620 calculos
2701 3563 2900 3618 ferunt.
2922 3562 3155 3618 Laudari
3207 3577 3335 3618 vero
3388 3561 3642 3616 consistit

2057 3653 2112 3708 in
2143 3655 2412 3718 oratione,
2451 3668 2571 3724 qme
2596 3668 2971 3724 swpenumero
2997 3653 3420 3708 assentationem
3446 3651 3638 3719 spirat.

2057 3746 2303 3816 nihilque
2361 3748 2478 3802 veri
2533 3747 2586 3800 in
2635 3762 2694 3801 se
2743 3746 3010 3802 continet.
3064 3743 3133 3800 Et
3181 3759 3312 3800 vero
3367 3743 3638 3798 auditores

2059 3841 2295 3894 maxime
2327 3839 2543 3908 quidem
2576 3839 2922 3903 laetabuntur,
2944 3852 3050 3892 non
3086 3846 3264 3892 autem
3291 3834 3641 3891 delectabun-

2059 3941 2165 3985 tur.
2219 3930 2314 3985 Est
2365 3932 2510 3986 enim
2552 3931 2750 3996 lzetari,
2781 3931 2994 3986 discere
3038 3929 3243 4000 aliquid
3305 3943 3486 3983 rerum
3523 3925 3641 3994 pul-

355 4026 760 4081 cherrimarum
807 4035 863 4082 et
917 4027 1426 4084 honestissimorum
1465 4044 1480 4081 :
1511 4025 1789 4094 {delectari
1819 4039 1948 4082 vero
1983 4027 2336 4096 suaviterque
2398 4024 2538 4080 allici
2573 4036 2676 4091 est,
2711 4026 2840 4080 dmn
2889 4024 3011 4094 quis
3079 4023 3336 4088 comedit,
3373 4031 3466 4075 aut
3494 4021 3650 4090 quid-

357 4119 506 4189 piam
536 4119 715 4173 simile
739 4133 838 4188 per
873 4135 1070 4189 corpus
1099 4121 1229 4191 agit.
1264 4117 1390 4174 Haec
1433 4118 1508 4173 ita
1543 4118 1779 4188 iudicata
1809 4119 1944 4184 sint,
1985 4117 2101 4172 haec
2135 4117 2382 4180 deﬁnita,
2413 4117 2529 4173 haec
2595 4116 2992 4173 observentur:
3054 4116 3135 4172 sic
3173 4115 3413 4170 futurum
3445 4123 3550 4176 est,
3587 4121 3645 4164 ut

360 4223 556 4279 magna
587 4225 692 4264 non
747 4211 926 4266 solum
964 4213 1018 4267 in
1064 4213 1407 4268 auditoribus
1446 4213 1516 4268 ad
1545 4213 1824 4280 virtutem,
1849 4213 1946 4268 sed
1982 4213 2151 4269 etiam
2184 4213 2237 4267 in
2297 4211 2366 4268 iis
2395 4213 2487 4283 qui
2515 4211 2730 4268 dicendi
2797 4211 2981 4267 studio
3024 4218 3298 4275 tenentur,
3327 4207 3396 4262 ad
3417 4206 3641 4276 sapien-

361 4303 520 4366 tiam,
549 4305 642 4360 liat
671 4307 940 4362 accessio.

861 4425 1032 4479 mea
1073 4455 1143 4466 --
1182 4426 1439 4498 name.
1673 4429 1686 4440 '
2545 4424 2804 4482 cxxxn.
2847 4453 2910 4468 .-
2939 4421 3187 4479 PAULO.

359 4516 495 4570 Ὀτι
528 4519 641 4572 οὐκ
664 4511 746 4588 ἦν
770 4517 1227 4592 συμφέροντῷν
1253 4517 1498 4573 πάντων
1523 4516 1751 4592 γνῶσιν
1783 4517 1949 4588 ἔχειν

2059 4518 2184 4574 Non
2219 4520 2385 4588 fuisse
2419 4535 2483 4574 ex
2513 4536 2611 4574 usu
2659 4527 2864 4592 nostra,
2891 4527 2946 4592 ιιι
2984 4517 3217 4568 omnium
3263 4526 3439 4564 rerum
3467 4509 3647 4578 cogni-

773 4594 778 4598 ’
904 4587 912 4588 ί
1061 4588 1243 4658 ἡμιῑςο
1529 4587 1541 4592 ⁷
1817 4587 1823 4588 ί

2221 4587 2227 4588 ί
2525 4592 2666 4644 tione
2698 4587 2912 4657 μνέεάὶιὶ
2935 4600 3187 4640 “unius.

438 4699 658 4757 Πολλῶν
704 4701 1113 4773 προϐλημάτων
1153 4701 1321 4772 ἐσμὸν
1365 4702 1646 4773 συντόμως
1690 4701 1945 4756 ἐπιλῦσαι

361 4793 730 4864 πειράσομαι.
761 4793 909 4864 Φημὶ
953 4792 1154 4858 τοίνυν,
1186 4793 1269 4846 ὅτι
1315 4793 1350 4863 ἡ
1389 4791 1532 4864 θήρα
1563 4795 1662 4863 τῆς
1689 4791 1947 4862 γνώσεως

357 4886 476 4940 τῶν
512 4883 819 4960 μελλόντων
852 4885 986 4955 ἡμῖν
1013 4887 1160 4938 κατά
1201 4883 1354 4938 τόνδε
1377 4884 1468 4938 τὸν
1497 4883 1611 4956 βίον
1640 4884 1674 4957 ἦ
1711 4886 1946 4956 πράττε-

359 4976 492 5032 σθαι
535 4976 570 5048 ἢ
619 4976 962 5046 συμϐαίνειν,
999 4974 1102 5030 κᾶν
1147 4978 1196 5030 εί
1251 4976 1392 5046 (57),
1423 4975 1498 5039 ὡς
1544 4975 1714 5048 ἔφης,
1746 4978 1944 5048 ἐφικτὴ

355 5069 456 5124 καὶ
487 5069 787 5139 ἁλώσιμος.
819 5067 1102 5133 παντελῶς
1130 5067 1226 5122 καὶ
1260 5069 1543 5140 ἀνωφελὴς
1579 5071 1671 5124 καὶ
1703 5070 1947 5140 σφαλερὰ

358 5159 645 5229 τυγχάνει.
681 5157 744 5212 Ei
773 5157 871 5228 μὲν
900 5157 1008 5230 γὰρ
1031 5159 1131 5212 οὐκ
1163 5157 1280 5211 ἐστι
1314 5157 1673 5227 φυλάξασθαι,
1699 5160 1947 5230 ἀφαιρεῖ-

360 5268 457 5307 ται
512 5249 670 5322 ἡμῶν
721 5250 823 5320 τὴν
863 5249 1001 5322 πρὸς
1050 5249 1120 5303 τὰ
1170 5251 1551 5322 συμπίπτοντα
1603 5267 1953 5324 παρασκευα-

363 5345 564 5414 σθῆναι
594 5342 916 5413 ὀφείλουσαν
957 5344 1179 5415 ἀρετήν.
1211 5342 1319 5397 Τοῦ
1364 5342 1472 5415 γὰρ
1521 5344 1955 5416 προσπίπτοντος

362 5436 648 5508 ἀδοκήτως
668 5474 684 5500 ,
729 5435 884 5489 οὐδὲν
933 5434 1104 5498 οὕτως
1136 5435 1234 5506 τὴν
1279 5434 1659 5507 εὐθημοσύνην
1706 5435 1954 5507 πορίζειν

2157 4705 2445 4760 Multarum
2520 4701 2880 4774 quaestionum
2947 4697 3179 4752 ‘turbam
3261 4694 3645 4762 cumpendiose

2051 4791 2223 4866 488
2248 4793 2460 4848 solvere
2493 4793 2754 4847 conabor.
2793 4789 2898 4844 Aio
2949 4787 3137 4856 igitur,
3169 4783 3643 4852 ἰιινεειὶεςιιίοιιοιιι

2049 4889 2382 4961 cognitionis
2399 4904 2586 4944 earnm
2622 4902 2828 4951 rerum,
2860 4901 2982 4956 quae
3013 4885 3168 4939 nobis
3199 4885 3249 4937 in
3282 4883 3381 4938 hac
3413 4882 3520 4934 vita
3555 4888 3651 4934 aut

2051 4982 2297 5054 agendae,
2329 4991 2427 5037 aut
2469 4991 2748 5036 eventura:
2795 4989 3026 5040 restant,
3061 4977 3443 5047 quantunwis,
3478 4985 3537 5028 ut
3567 4973 3651 5028 in-

2051 5072 2304 5141 quiebas,
2338 5085 2461 5128 eam
2487 5071 2704 5140 assequi
2737 5079 2901 5140 atque
2953 5068 3419 5140 comprehendere
3454 5081 3643 5136 posse-

2052 5179 2192 5228 mus,
2221 5171 2276 5218 et
2299 5163 2543 5218 inutilem
2572 5171 2750 5216 tamen
2785 5162 3010 5217 omnino
3031 5173 3082 5216 et
3106 5159 3464 5230 periculosam
3489 5172 3636 5210 esse.

2053 5253 2186 5310 Nam
2221 5255 2265 5310 si
2301 5253 2466 5310 vitari
2496 5262 2796 5324 nequeunt,
2840 5253 3180 5324 praescientia
3209 5251 3301 5306 illa
3338 5249 3515 5304 aufert
3546 5237 3642 5301 n'o-

2062 5344 2147 5399 bis
2170 5359 2313 5411 eam,
2345 5358 2466 5414 qua:
2517 5343 2782 5398 adversus
2837 5357 3016 5407 οιιειιε,
3043 5339 3136 5410 qui
3185 5337 3340 5393 nobis
3370 5333 3644 5394 accidunt,

2064 5435 2281 5492 fortiter
2313 5434 2570 5492 ferendos
2630 5433 2826 5490 instrui
2879 5433 3058 5498 debet,
3093 5431 3372 5486 virtutem.
3398 5423 3545 5481 Nihil
3565 5429 3648 5478 est

1467 5616 1696 5673 VARUE
1732 5613 2116 5673 LECTIONES
2151 5613 2238 5671 ΕΤ
2277 5612 2542 5672 ΝΟΤᾹΞ.’

451 5755 564 5848 (36)
598 5776 704 5833 Pro
732 5777 1006 5849 ἐρεθίζειν,
1033 5778 1314 5849 idemrod.
1349 5778 1507 5836 habet
1542 5777 1762 5849 ἔρεζειν.
1794 5778 1948 5833 Vera.

365 5861 426 5912 et
464 5847 631 5906 verbo
662 5847 775 5904 ull.'
803 5865 889 5917 ep.
935 5847 1250 5919 φιλοσοφίαν
1305 5850 1442 5904 idem
1493 5847 1701 5903 breviat
1753 5850 1805 5903 in
1861 5867 1945 5901 σο-

2066 5776 2213 5845 φίαν.
2251 5775 2463 5831 Possm.

2134 5847 2247 5916 (37)
2277 5846 2381 5902 Pro
2406 5846 2506 5899 κᾶν
2537 5848 2582 5897 εἰ
2607 5845 2724 5913 legit
2765 5842 2864 5896 κῗιν
2967 5841 3084 5894 t'OtI.
3124 5839 3242 5892 Vat.
3277 5836 3395 5892 650.
3432 5832 3513 5892 ιο.
