4078 6364
313 317 446 384 1221

1177 316 1711 378 ΕΡΙΒΤΟΙΛΠΙΤΜ
1751 319 1894 379 LIB.
1934 320 2031 379 IV.
2075 345 2139 353 -
2172 321 2408 381 EPIST.
2452 320 2647 382 CXLI.

3435 328 3570 391 1m

309 430 498 486 νεσθαι
544 428 671 500 περὶ
725 428 834 482 τῶν
876 428 1112 499 ἀδήλων,
1158 428 1295 483 ἀλλά
1344 432 1456 493 τοῖς
1502 431 1884 501 ἀκουσομένοις

1998 448 2095 486 cus
2124 434 2466 504 podagricum
2493 443 2764 503 procreet,
2789 449 2977 489 omnes
3003 438 3399 505 consentiunt.)
3424 441 3569 506 Quo-

305 523 633 595 ἐπιτρὲπειν
672 520 773 593 τὴν
811 520 1054 592 κρίσιν),
1108 522 1236 590 περὶ
1278 520 1377 589 τῆς
1423 521 1693 592 ἀκρασίας
1747 518 1815 593 ἦν
1864 526 1891 577 ὁ

302 612 487 682 λόγος,
528 614 679 675 ὅπως
708 611 785 681 μὴ
809 611 868 663 ἐν
897 610 1062 663 παντὶ
1092 608 1270 681 καιρῷ
1294 608 1660 679 συνέρχοιντο,
1691 610 1768 674 ὡς
1791 611 1890 680 τῆς

292 702 518 773 ⁴βλάϐης
542 705 622 765 είς
648 704 718 756 τά
746 701 807 767 ἐξ
847 699 1028 755 αὐτῶν
1052 700 1432 771 τεχθησόμενα
1471 700 1886 772 διαϐησομένης.
1930 714 1937 721 °

307 798 438 850 Ὅτι
472 796 529 849 δὲ
550 796 653 849 οὐκ
681 795 798 848 ἐστι
834 794 996 848 τοῦτο
1020 794 1129 847 ἀπὸ
1152 793 1378 857 σκοποῦ,
1407 795 1710 865 τεκμήριον
1751 793 1888 861 (52),

299 890 368 944 τὸ
403 889 532 954 τοὺς
579 887 882 957 ποδαλγοὺς
920 886 1080 958 ίερῶν
1123 885 1427 956 περιϐόλων
1465 884 1540 957 μὴ
1583 885 1885 957 εἱρχθῆναι.

299 983 372 1054 Οἱ
399 982 500 1054 μὲν
530 982 639 1054 γάρ
667 980 725 1048 ἐξ
756 982 930 1051 ἀρχῆς
950 978 1108 1033 τοῦτο
1136 978 1463 1049 νοσήσαντες
1487 978 1546 1030 τὸ
1574 978 1764 1043 πάθος,
1789 978 1889 1031 οὐκ

299 1053 419 1129 ἀπδ
446 1053 804 1144 δυσκρασίας,
832 1071 949 1125 ἀλλ’
977 1070 1086 1126 ἀπὸ
1116 1072 1361 1141 πονηρᾶς
1386 1068 1617 1140 διαίτης,
1644 1070 1737 1123 καὶ
1760 1087 1890 1140 τρυ-

300 1162 435 1231 φῆς,
479 1162 575 1214 καὶ
602 1159 883 1230 βλακείας,
910 1161 1007 1212 καὶ
1029 1158 1227 1229 ἀργίας
1252 1156 1399 1210 τοῦτ’
1435 1158 1734 1228 ἐσχήκασι·
1766 1157 1832 1210 δι’
1860 1157 1889 1211 δ

299 1256 403 1308 καὶ
427 1254 493 1307 δι’
525 1252 691 1307 αὑτοῦ
717 1251 1093 1322 ἐκολάσθησαν
1116 1266 1131 1280 ·
1149 1252 1199 1304 οἱ
1227 1249 1271 1303 δ’
1296 1250 1353 1316 ἐξ
1376 1249 1556 1303 αὐτῶν
1580 1248 1884 1318 τεχθέντες,

294 1348 405 1401 οὐκ
429 1345 784 1416 ἐκωλύθησαν
821 1344 981 1414 ἱερῶν
1002 1343 1328 1412 κοινωνῆσαι
1356 1341 1611 1396 συνόδων.
1639 1341 1751 1412 Τῆς
1777 1341 1886 1412 γὰρ

292 1437 659 1509 δυσκρασίας,
692 1435 810 1489 ἀλλ’
844 1435 905 1488 οὐ
942 1434 1040 1504 τῆς
1065 1433 1337 1504 ἀκρασίας
1367 1432 1476 1486 τῶν
1501 1433 1705 1501 γονέων
1729 1433 1886 1501 γεγό-

293 1546 461 1583 νασιν
504 1526 820 1596 ἀναγκαίως
866 1525 1232 1597 κληρονόμοι·
1276 1525 1326 1578 oi
1370 1523 1427 1577 δέ
1459 1523 1558 1593 τὴν
1592 1523 1887 1578 ἀκολασίαν

290 1621 411 1675 τῶν
440 1620 645 1689 γονέων
676 1619 734 1671 ὲν
767 1620 880 1680 τοῖς
912 1615 1160 1686 σώμασιν
1188 1613 1624 1686 ἀπομαξάμενοι,
1645 1614 1745 1668 οὐκ
1767 1616 1887 1668 ἐκο-

291 1711 581 1782 λάσθησαν
602 1709 703 1785 μὲν
731 1707 827 1779 (ού
858 1707 967 1778 γάρ
993 1706 1279 1759 ἐκέλευσεν
1301 1704 1498 1769 αὐτοὺς
1518 1704 1887 1773 καταλευσθῆ-

1996 524 2140 578 circa
2174 523 2467 595 legislator,
2499 534 2557 578 ut
2592 525 2721 579 mihi
2752 526 2969 597 quidem
3013 529 3228 583 videtur
3256 528 3385 601 (non
3420 532 3567 587 enim

1994 615 2061 670 de
2102 615 2264 671 rebus
2298 617 2546 671 obscuris
2574 619 2795 687 prmcise
2823 618 3023 687 aliquid
3054 635 3371 675 asseverare
3403 638 3567 690 opor-

1995 713 2095 771 tet,
2127 706 2222 761 sed
2257 707 2525 763 audituris
2557 709 2871 773 permittere
2895 707 3441 777 judicium),sollicite
3470 728 3568 765 cu-

1995 799 2153 852 rabat
2176 798 2244 851 de
2272 797 2659 851 incontinentia
2690 797 2995 865 libidinum,
3018 814 3085 852 ne
3106 800 3298 867 quovis
3320 813 3567 869 tempore

1993 887 2047 939 in
2100 896 2300 940 emtum
2355 889 2707 948 convenirent
2761 885 3040 958 conjuges,
3082 900 3140 943 ut
3192 891 3283 959 qui
3341 892 3565 955 scirent,

1993 992 2188 1032 noxam
2237 979 2288 1031 in
2336 992 2464 1033 suos
2499 979 2699 1034 liberos
2760 981 3132 1035 transiturum.
3181 982 3331 1049 Quod
3383 992 3565 1040 autem

1992 1084 2097 1122 non
2130 1069 2354 1133 sithoc,
2407 1071 2550 1139 quod
2601 1070 2734 1137 dixi,
2787 1072 3162 1142 impertinens,
3207 1083 3302 1129 aut
3333 1089 3364 1129 a
3401 1092 3565 1146 scapo

1990 1160 2225 1223 aberret,
2257 1171 2579 1231 argumento
2628 1173 2733 1229 est,
2782 1164 2923 1233 quod
2973 1165 3248 1235 podagrici
3299 1182 3332 1221 a
3391 1150 3565 1223 sacris

1989 1252 2184 1307 castris
2226 1262 2281 1306 et
2329 1254 2687 1309 comentibus
2732 1271 2838 1309 non
2896 1267 3209 1314 arceantur.
3263 1258 3395 1313 Nam
3462 1261 3565 1329 ipsi

1987 1340 2227 1409 quidem,
2248 1345 2336 1409 qui
2368 1342 2437 1396 ab
2462 1341 2618 1398 initio
2649 1342 2721 1415 (et
2756 1345 2913 1413 primi
2963 1346 3016 1400 itt
3062 1361 3159 1400 sua
3209 1347 3433 1419 familia)
3463 1350 3568 1405 hoc

1986 1432 2128 1485 malo
2160 1430 2408 1488 laborare
2432 1446 2733 1502 creperum,
2766 1452 2869 1489 non
2915 1439 2983 1490 ab
3042 1436 3244 1493 infelici
3294 1450 3567 1511 tempera-

1987 1528 2172 1576 mento
2198 1522 2363 1591 (quod
2394 1524 2531 1579 male
2562 1518 2671 1579 na'ti
2715 1526 2943 1596 essent),
2976 1528 3072 1587 sed
3100 1511 3152 1580 ἀ
3199 1545 3362 1600 prava
3397 1534 3570 1589 \‘icttts

1986 1611 2221 1678 ratione,
2269 1625 2324 1669 et
2367 1614 2593 1682 deliciis,
2635 1626 2690 1671 et
2733 1617 2924 1672 inertia
2976 1630 3141 1689 atque
3199 1623 3411 1692 ignavia
3466 1628 3572 1683 hoe

1986 1711 2385 1759 contraxerunt
2430 1705 2615 1759 :unde
2657 1707 2820 1762 etiam
2865 1724 2960 1778 per
2991 1709 3042 1763 id
3082 1714 3255 1779 puniti
3288 1725 3434 1769 sunt.
3465 1716 3570 1783 Qui

291 1819 390 1857 ναι
409 1817 425 1833 ⁸
466 1800 765 1869 ἀϐούλητον
790 1798 899 1868 γάρ
924 1792 993 1868 ἦν
1031 1795 1093 1849 τό
1126 1794 1355 1866 πάθος),
1383 1794 1736 1865 ἠτιμώθησαν
1771 1795 1882 1866 (55)

1987 1806 2196 1848 veroex
2227 1794 2355 1864 ipsis
2375 1795 2486 1849 nati
2516 1806 2644 1850 sunt
2667 1796 3011 1866 (podagrici),
3039 1800 3073 1853 ii
3100 1804 3272 1857 sacris
3298 1804 3567 1865 interesse

292 1894 376 1959 δὲ,
400 1893 552 1963 πρὸς.
568 1888 948 1979 σωφρονισμὸν
968 1887 1077 1941 τῶν
1098 1886 1389 1941 τεκόντων.
1417 1887 1481 1939 Εί
1500 1886 1555 1940 δέ
1583 1903 1669 1950 τις
1688 1886 1879 1951 οἴεται,

291 1986 459 2043 τοῦτο
485 1988 562 2058 μὴ
590 1984 829 2053 εὐλόγως
855 1979 1334 2052 νενομοθετῆσθαι,
1363 1980 1418 2033 τί
1449 1980 1583 2052 φαίη
1617 1981 1743 2052 περὶ
1784 1981 1877 2035 τοῦ

294 2076 557 2143 θανάτου,
583 2075 671 2129 ὅτι
697 2075 825 2146 μιᾶς
847 2071 1247 2144 ἀμαρτησάσης
1279 2070 1445 2141 (φημὶ
1473 2070 1539 2142 δὴ
1562 2071 1659 2141 τῆς
1690 2069 1877 2140 Εὔας),

291 2167 421 2221 ὅλον
438 2168 501 2220 τὺ
528 2167 684 2236 γένος
704 2164 921 2233 θανάτῳ
941 2160 1265 2233 κατεκρίθη,
1300 2160 1476 2214 καίτοι
1503 2159 1714 2215 πολλῶν
1743 2160 1883 2214 εὐδο-

294 2257 677 2329 κιμησάντων,
701 2254 799 2309 καὶ
821 2257 932 2317 τοῖς
963 2252 1268 2322 πταίσμασι
1298 2252 1412 2314 τοῖς
1433 2253 1774 2322 προγονικοῖς
1804 2249 1880 2322 μὴ

292 2347 814 2419 ἀκολουθησάντων;
856 2333 1013 2399 Εί’δ’
1051 2346 1169 2398 ἐκεῖ
1208 2342 1309 2413 τῆς
1369 2343 1525 2415 ῥίζης
1576 2341 1882 2414 τεθνεώσης

293 2441 611 2511 ἀναγκαίως
635 2438 731 2493 καὶ
762 2438 812 2492 οὶ
841 2437 1054 2498 κλάδοι,
1086 2435 1165 2499 ὡς
1190 2434 1514 2505 κληρονόμοι
1536 2434 1636 2506 τῆς
1659 2433 1874 2503 ἀποφά-

292 2552 458 2601 σεως,
500 2530 927 2602 συναπήλαυσαν
952 2527 1050 2581 τοῦ
1090 2525 1328 2590 πάθουςο
1373 2527 1426 2579 τί
1455 2525 1786 2597 θαυμαστὸν,
1832 2525 1883 2578 εί

290 2624 578 2681 κάνταῦθα
606 2622 693 2675 διὰ
720 2619 820 2692 τὴν
850 2617 1006 2691 ῥίζαν
1025 2618 1055 2670 ὁ
1075 2616 1269 2681 κλάδος
1289 2616 1562 2688 ἠτιμώθη,
1586 2616 1882 2688 παραπέμ-

290 2734 414 2771 πων
439 2711 755 2781 ἀναγκαίως
781 2711 875 2765 καὶ
904 2711 985 2775 είς
1005 2709 1104 2781 τὴν
1130 2707 1289 2780 ῥίζαν
1311 2708 1372 2761 τὸ
1393 2707 1564 2772 πάθος
1588 2726 1603 2775 ;
1634 2707 1742 2761 Τοῦ
1771 2710 1880 2780 γάρ

291 2806 669 2879 ἀτιμωθέντος
713 2803 909 2857 κλάδου
944 2805 1009 2874 τῇ
1056 2801 1180 2873 ῥίζῃ
1230 2801 1331 2854 οὐκ
1360 2800 1597 2854 ἐλάττων
1627 2802 1660 2870 ή
1693 2800 1876 2871 ὀδύνη.

304 2902 368 2955 Ἦ
400 2900 515 2971 γάρ
568 2896 837 2968 εὐχομένη
887 2893 978 2949 τὸν
1031 2893 1224 2948 κλάδον
1280 2892 1501 2964 ἄριστον
1556 2891 1705 2955 ἰδεῖν,
1752 2892 1881 2947 ὅταν

288 2992 581 3061 αἴσθηται,
615 2989 699 3042 ὃτι
745 2989 811 3040 ἐκ
843 2986 944 3056 τῆς
986 2984 1157 3054 αὐτῆς
1186 2982 1484 3045 ἀκολασίας
1513 2982 1575 3035 τὸ
1603 2980 1774 3045 πάθος
1802 2981 1884 3044 είς

290 3088 509 3142 ἐκεῖνον
542 3081 720 3152 διέϐη,
770 3076 1007 3134 ἐνταῦθα
1046 3077 1144 3147 μὲν
1176 3079 1291 3140 τοῖς
1333 3074 1553 3139 οἰκείοις
1599 3075 1883 3145 λογισμοῖς

289 3174 790 3244 καταικισθήσεται
810 3186 825 3203 ο
857 3171 1037 3223 ἐκεῖσε
1067 3167 1125 3221 δὲ
1155 3168 1249 3222 καί
1281 3169 1349 3238 τῇ
1383 3167 1583 3239 κρίσει.
1612 3166 1755 3220 Εἰδέ
1787 3167 1882 3220 καὶ

288 3267 693 3341 προγινώσκων
751 3263 950 3325 αὐτοὺς
998 3262 1028 3313 ὁ
1078 3261 1211 3324 Θεὸς
1262 3261 1531 3332 πονηροὺς
1590 3259 1882 3330 ἐσομένους

289 3358 642 3431 προκατέσχε
670 3354 881 3417 τούτοις
907 3354 1013 3415 τοῖς
1042 3351 1282 3421 δεσμοῖς,
1329 3352 1423 3404 καὶ
1451 3349 1746 3420 ἐχαλίνωσε
1770 3352 1882 3415 τοῖς

291 3452 549 3512 πάθεσιν,
580 3447 822 3518 ἀκριὸῶς
851 3444 1085 3516 οὑκ-ἔχω
1119 3444 1295 3511 λέγειν
1315 3460 1326 3471 ³
1362 3444 1443 3497 ὅτι
1469 3444 1526 3497 δὲ
1556 3442 1650 3496 καὶ
1678 3442 1880 3511 στεφά-

289 3560 404 3599 νων
453 3542 671 3604 πολλοῖς
706 3541 820 3611 (54)
858 3538 1021 3593 αῐτια·
1051 3536 1244 3605 γέγονε
1276 3535 1450 3589 ταῦτα
1481 3535 1551 3588 τά
1575 3537 1882 3607 νοσήματα,

290 3633 649 3708 θαρρούντως
677 3627 1145 3701 διισχυρισαίμην.
1178 3627 1241 3679 Ei
1275 3625 1332 3679 δὲ
1370 3626 1528 3680 σκιὰν
1556 3622 1701 3695 εἶχεν
1727 3627 1757 3678 ὁ
1794 3626 1882 3679 νό-

295 3744 401 3799 μος
450 3724 561 3780 τῶν
608 3722 912 3795 μελλόντων
942 3718 1184 3789 ἀγαθῶν,
1220 3718 1313 3771 καὶ
1345 3718 1446 3770 οὐκ
1476 3718 1646 3786 αὐτὴν
1700 3718 1885 3773 εἰκόνα

288 3817 406 3872 τῶν
434 3815 800 3887 πραγμάτων,
844 3809 1019 3883 οἶμαι,
1052 3811 1138 3865 ὅτι
1175 3810 1272 3880 μὲν
1300 3809 1389 3862 διά
1421 3808 1516 3862 τοῦ
1549 3808 1751 3880 λεπροῦ
1791 3811 1884 3863 τὸν

291 3909 543 3965 ποικίλον
576 3906 672 3961 καὶ
693 3903 1033 3975 κακοῦργον,
1076 3902 1166 3955 διὰ
1203 3902 1259 3955 δὲ
1290 3900 1385 3954 τοῦ
1413 3901 1759 3972 γονορῤυοῦς,
1793 3901 1886 3955 τὸν

291 4004 499 4072 πόρνον
528 4001 623 4054 καὶ
670 3999 762 4053 τὸν
790 3997 998 4067 ἀσελγῆ
1020 4012 1035 4028 ο
1088 3996 1177 4050 διὰ
1202 3996 1258 4049 δὲ
1296 3995 1391 4049 τοῦ
1441 3995 1756 4067 ἀκαθάρτου
1791 3994 1886 4047 ἐπὶ

288 4092 446 4161 ψυχῇ
473 4088 786 4160 ἀνθρώπου,
813 4085 1061 4139 τουτέστι
1088 4084 1176 4138 διὰ
1205 4083 1300 4137 τοῦ
1341 4085 1662 4154 ἁπτομένου
1685 4082 1884 4154 νεκροῦ

293 4183 577 4254 σώματος,
611 4179 703 4233 τὸν
727 4178 876 4250 ψυχῇ
920 4175 1309 4250 ἁμαρτανούσῃ
1340 4176 1762 4247 συμπράττοντα
1789 4175 1886 4229 καὶ

298 4271 696 4344 συναιρόμενον
717 4287 732 4302 ο
763 4268 852 4324 διὰ
893 4268 951 4322 δέ
982 4267 1078 4321 τοῦ
1128 4267 1475 4332 πενθοῦντος,
1508 4267 1599 4322 τὸν
1645 4268 1739 4320 ἐπὶ
1762 4270 1886 4333 ταῖς

1986 1883 2219 1939 coetibus
2252 1884 2476 1940 minime
2516 1888 2895 1955 prohibentur.
2934 1889 3069 1945 Nam
3124 1905 3410 1961 parentum
3438 1912 3572 1952 suo-

1988 1989 2109 2030 rum
2160 1975 2285 2031 mali
2329 1979 2769 2046 temperamenti,
2803 1996 2908 2035 non
2943 1992 3124 2037 autem
3156 1983 3570 2042 incontinentiae

1981 2066 2295 2152 libidinpm,
2346 2073 2654 2127 necessario
2710 2076 3037 2132 exstiterunt
3099 2077 3362 2135 baeredes.
3395 2078 3569 2139 Alteri

1987 2173 2113 2215 vero
2163 2158 2276 2231 (qui
2329 2175 2392 2215 ex
2444 2173 2729 2231 parentum
2782 2165 3059 2223 luxurioso
3103 2171 3394 2227 concubitu
3452 2175 3569 2230 uati

1983 2252 2131 2320 sunt)
2185 2251 2423 2308 libidinis
2472 2264 2761 2324 parentum
2812 2268 2967 2311 n0tas
3000 2258 3053 2312 in
3106 2260 3219 2316 suis
3248 2262 3575 2332 corporibus

1986 2343 2281 2414 impressas
2313 2345 2596 2412 habentes,
2631 2361 2733 2402 non
2761 2349 2978 2418 quidem
3016 2351 3190 2420 puniti
3216 2364 3342 2408 sunt
3366 2353 3570 2424 (neque

1982 2435 2125 2490 enim
2151 2436 2297 2505 ipsos
2323 2437 2592 2506 lapidibus
2617 2440 2770 2495 obrui
2813 2440 2997 2512 jussit,
3034 2444 3160 2513 quia
3196 2445 3396 2499 malum
3430 2445 3568 2515 ipsis

1982 2526 2295 2584 nolentibus
2364 2529 2714 2600 contigerat),
2776 2532 3069 2602 ignominia
3136 2544 3313 2590 tamen
3386 2536 3571 2592 allecti

1985 2630 2133 2683 sunt,
2165 2618 2330 2689 idque
2369 2620 2440 2675 ad
2479 2614 2917 2677 emendationem
2963 2636 3267 2694 parentum.
3309 2625 3463 2695 Quod
3521 2627 3571 2682 si

1984 2710 2106 2779 quis
2128 2720 2214 2765 est
2256 2711 2348 2780 qui
2402 2711 2485 2767 sic
2533 2713 2837 2779 existimat,
2872 2716 2975 2770 hoc
3006 2716 3151 2770 nulla
3185 2718 3322 2772 bona
3360 2720 3571 2774 ratione

1986 2800 2256 2854 sancitum
2298 2799 2489 2866 fuisse,
2521 2801 2650 2872 quid
2689 2802 2776 2859 ille
2810 2806 3011 2861 dixerit
3061 2807 3128 2862 de
3180 2820 3378 2875 morte,
3424 2811 3569 2880 quod

1984 2906 2109 2947 cum
2159 2907 2265 2948 una
2320 2894 2560 2963 peccarit
2612 2896 2814 2951 fetnina
2861 2897 3051 2969 (Evam
3100 2899 3367 2971 intelligo)
3400 2912 3569 2956 tomm

1983 3000 2158 3056 genus
2186 2985 2510 3053 humanum,
2533 2988 2679 3057 quod
2703 2990 2771 3043 ab
2801 3005 2864 3042 ea
2888 2989 3186 3056 descendit,
3217 3001 3394 3048 morte
3418 2994 3572 3047 dam-

1986 3086 2175 3131 natum
2202 3087 2287 3132 est
2313 3117 2329 3143 ,
2366 3094 2491 3134 cum
2527 3091 2709 3135 tamen
2742 3082 2896 3136 multi
2938 3081 3284 3155 laudabiliter
3312 3085 3568 3149 vixerint,

1985 3182 2040 3228 et
2078 3180 2295 3243 peccata
2332 3173 2633 3242 primorum
2667 3183 2950 3243 parentum
2984 3190 3091 3230 non
3126 3173 3330 3231 fuerint
3357 3177 3573 3235 secuti?

1988 3262 2046 3317 Si
2081 3276 2210 3317 vero
2244 3262 2314 3316 ibi
2362 3261 2545 3316 radice
2588 3272 2799 3315 mortua
2834 3265 3144 3320 necessario
3194 3267 3360 3321 etiam
3409 3269 3567 3332 rami,

1988 3364 2243 3423 tanquam
2299 3353 2508 3408 scilicet
2554 3352 2797 3408 breredes
2847 3355 3132 3411 sentcntiae
3188 3358 3566 3423 damuatoriee,

1983 3447 2227 3514 ejusdem
2264 3446 2391 3500 mali
2433 3446 2721 3516 participes
2778 3447 2903 3502 lacti
2953 3457 3078 3502 sunt
3112 3466 3127 3501 :
3162 3449 3290 3518 quid
3314 3459 3399 3505 est
3424 3451 3570 3521 quod

1986 3539 2121 3593 adeo
2143 3536 2422 3601 miremur,
2448 3536 2493 3591 si
2523 3536 2610 3591 hic
2633 3552 2848 3606 quoque
2872 3549 3091 3608 propter
3118 3541 3354 3596 radicem
3384 3556 3570 3596 ramus

1986 3627 2279 3698 ignominia
2318 3636 2536 3682 notatus
2584 3638 2690 3691 est,
2725 3630 3033 3683 necessario
3086 3631 3250 3683 etiam
3298 3631 3350 3684 in
3393 3631 3566 3702 ipsam

1986 3721 2223 3775 radicem
2257 3718 2307 3773 id
2341 3720 2540 3773 malutn
2590 3721 3004 3776 transmittens?
3038 3719 3172 3775 Nam
3214 3718 3367 3777 ramo
3395 3720 3569 3793 igno-

1987 3809 2149 3863 minia
2184 3807 2377 3863 aliecto
2404 3824 2508 3862 non
2546 3810 2723 3861 minor
2766 3810 3006 3863 radicem
3050 3813 3325 3865 cruciatus
3358 3811 3567 3882 amigit.

1992 3904 2161 3957 Itatlix
2193 3902 2361 3967 enim,
2384 3917 2503 3971 qua}
2526 3902 2577 3955 in
2601 3901 2743 3956 votis
2770 3901 2953 3967 habet,
2987 3917 3196 3957 ramum
3237 3919 3397 3972 quam
3426 3908 3572 3971 opti-

1989 4011 2134 4048 mum
2171 3992 2382 4055 videre,
2416 3993 2505 4046 ubi
2556 3992 3026 4055 animadwrterit,
3056 4007 3121 4046 ex
3165 4009 3264 4047 sua
3306 3996 3570 4062 intempe-

1988 4086 2164 4141 rantia
2198 4085 2299 4140 hoc
2343 4084 2543 4138 malum
2575 4083 2628 4138 in
2660 4084 2835 4152 ipsum
2863 4085 3148 4139 transiisse
3190 4099 3255 4139 ac
3300 4100 3570 4155 propaga-

1991 4188 2100 4233 tum
2137 4191 2277 4243 esse,
2317 4178 2367 4231 in
2422 4175 2674 4246 praesenti
2705 4176 2922 4245 quidem
2977 4177 3083 4229 vita
3142 4178 3377 4246 prepriis
3424 4179 3573 4247 cogi-

1989 4268 2287 4324 tationibus
2322 4268 2509 4339 (animi
2549 4267 2689 4322 male
2721 4268 2823 4322 sibi
2854 4268 3082 4338 conscii)
3110 4268 3472 4335 lacerabitur;
3515 4275 3568 4324 in

296 4366 613 4437 συμφοραῖς
647 4361 895 4434 πενθήρη
925 4362 1021 4416 καὶ
1051 4360 1323 4433 θρηνώδη,
1357 4360 1457 4431 τῆς
1496 4360 1604 4413 τῶν
1635 4359 1884 4432 ἀμώμων

1987 4361 2162 4415 altero
2215 4369 2396 4414 autem
2440 4361 2635 4417 saetdo
2677 4360 2841 4413 etiam
2889 4359 3095 4423 judicio
3148 4359 3434 4427 adligetur.
3484 4361 3568 4416 Au

298 4459 457 4531 ἱερᾶς
489 4455 711 4511 συνόδου
741 4455 840 4509 καὶ
884 4454 1217 4526 Ἐκκλησίας
1243 4452 1736 4524 ἐξοστρακισθῆναι
1766 4453 1884 4508 ἐθέ-

1991 4461 2173 4508 autem
2224 4452 2367 4508 Deus
2420 4453 2584 4506 etiam
2640 4453 2921 4521 praescius,
2951 4453 3096 4521 ipsos
3143 4452 3313 4507 malos
3359 4453 3573 4508 futuros

296 4566 515 4605 σπισεν.
539 4599 544 4605 .
611 4560 617 4567 ·
1468 4548 1473 4555 ’
1770 4614 1779 4620 ν

1994 4559 2136 4610 esse,
2170 4545 2318 4602 hisce
2353 4545 2498 4599 velut
2535 4544 2762 4599 vinculis
2792 4544 3112 4613 quibusdam
3157 4555 3281 4599 ante
3311 4545 3574 4600 cohibue-

293 4647 389 4714 rit,
412 4660 477 4701 ac
502 4643 794 4700 refrenat-it
843 4642 933 4699 his
975 4642 1162 4708 malis,
1190 4642 1257 4696 de
1285 4655 1352 4698 eo
1388 4641 1522 4697 nihil
1552 4642 1686 4697 certi
1748 4640 1920 4696 habeo
1993 4641 2194 4696 dicere.
2224 4639 2356 4694 lllud
2392 4652 2570 4694 autem
2622 4640 2958 4696 conﬁdenter
3004 4640 3398 4705 contenderim,
3442 4641 3574 4695 tales

292 4738 524 4795 morbos
570 4740 757 4795 multis
788 4737 955 4794 etiam
986 4748 1312 4791 coronarum
1380 4747 1578 4789 causas
1625 4742 1715 4787 aut
1763 4734 2079 4789 occasiones
2139 4733 2437 4787 exstitisse.
2463 4731 2616 4798 Quod
2672 4733 2715 4786 si
2756 4732 2841 4787 lex
2875 4730 3061 4804 (Paulo
3093 4735 3254 4803 teste)
3324 4732 3574 4787 umbram
3614 4748 3621 4755 λ

294 4831 487 4887 babuit
516 4831 823 4886 futurorum
853 4831 1140 4893 bonorum,
1169 4838 1225 4883 et
1254 4840 1360 4880 non
1405 4826 1580 4894 ipsam
1622 4825 1913 4895 imaginem
1954 4839 2158 4887 rerum,
2198 4832 2353 4893 puto,
2386 4824 2527 4892 quod
2568 4823 2667 4877 sub
2710 4837 2940 4893 persona
2989 4823 3187 4892 Ieprosi
3226 4823 3574 4892 designatum

297 4928 582 4984 hominem
609 4927 821 4981 varium
851 4934 909 4980 et
968 4923 1183 4979 vafrum
1234 4931 1398 4990 atque
1446 4921 1770 4981 malellcunt.
1826 4934 1923 4989 per
1992 4917 2376 4983 seminiﬂuutn,
2441 4928 2796 4973 scortatorem
2860 4928 2915 4973 et
2969 4920 3273 4991 impurum;
3327 4936 3425 4991 per
3476 4922 3579 4975 im-

296 5020 562 5075 mundum
614 5018 670 5072 in
706 5017 889 5071 anima
919 5015 1179 5082 hominis,
1205 5012 1369 5086 492
1401 5012 1503 5068 hoc
1528 5021 1613 5067 est
1645 5027 1741 5079 per
1771 5027 1894 5066 eum
1933 5013 2023 5081 qui
2059 5011 2232 5079 tetigit
2258 5024 2456 5080 corpus
2520 5020 2817 5075 mortuum,
2844 5026 2967 5065 cum
3013 5012 3104 5081 qui
3153 5014 3391 5069 animam
3455 5030 3583 5085 pec-

296 5110 566 5167 catricem
610 5123 714 5178 ope
766 5116 822 5164 et
869 5108 1075 5163 auxilio
1105 5106 1366 5177 adjuvat;
1399 5106 1633 5176 denique
1666 5120 1762 5176 per
1808 5103 2102 5174 lugentem,
2168 5120 2290 5159 eum
2362 5102 2452 5172 qui
2497 5105 2564 5157 de
2601 5103 3005 5160 calamitatibus
3071 5105 3189 5160 suis
3218 5107 3476 5175 querulus
3521 5113 3578 5162 et

293 5204 643 5274 lacrytnosus
666 5209 774 5267 est,
802 5215 871 5255 ex
902 5212 1061 5255 sacro
1085 5208 1229 5256 cmtu
1261 5198 1658 5270 iuculpatorum
1700 5197 2019 5275 ‘bomiuum,
2051 5207 2104 5252 et
2132 5196 2200 5251 ab
2230 5195 2471 5252 Ecclesia
2500 5197 2851 5252 esterntinari
2886 5200 3227 5269 prmceperit.

1444 5397 1680 5454 νΑιιιΑῖ
1716 5395 2102 5455 LECTIONES
2136 5397 2226 5455 ET
2261 5395 2498 5455 NOTAE.

368 5603 625 5681 (52)_Pro
671 5605 971 5677 τεκμήριον
1014 5603 1153 5659 idem
1206 5603 1329 5659 cod.
1361 5600 1484 5657 Vat.
1535 5602 1729 5667 scribit
1782 5617 1875 5659 τε-

294 5675 769 5752 κμὴρέοξιξοεεειε.

362 5742 484 5821 (53)
522 5746 799 5820 Ἦτιμώθη
838 5746 978 5802 idem
1012 5754 1183 5801 mutat
1227 5744 1280 5800 in
1320 5743 1660 5818 ἐτιμωρήθη.
1697 5742 1771 5798 lo.

2062 5607 2176 5680 (54)
2212 5607 2318 5664 Pro
2349 5606 2565 5680 πολλοῖς
2594 5606 2789 5680 iterum
2842 5604 2998 5680 ponit
3041 5601 3322 5680 πολλάκις,
3341 5609 3405 5667 et
3429 5609 3574 5657 vers.

1962 5675 2115 5740 .inde
2143 5675 2178 5735 3
2212 5680 2354 5735 inter
2387 5678 2557 5750 αὑτήν
2591 5688 2647 5734 ct
2674 5675 2856 5733 εἰκόνα
2890 5676 3077 5731 inserit
3105 5675 3225 5744 τήν.
