4078 6422
531 590 672 657 ’1231

1750 594 1807 654 S.
1863 595 1887 652 Ι
1896 594 2154 652 SIDORI
2194 592 2632 654 PELUSIOTE

3645 596 3760 664 1232

529 717 788 775 expressa
833 701 1123 771 sententia)
1182 701 1261 755 sic
1308 703 1578 758 dixerint:
1645 705 1910 771 Quoniam
1963 706 2080 761 velu

2213 705 2369 757 τοῦτο
2401 699 2533 774 ἧκεν
2563 703 2674 773 (69)
2705 704 2732 755 6
2760 701 3012 773 Χριστὸς,
3042 702 3136 758 καὶ
3167 704 3367 776 ταύτης
3394 706 3584 771 αὐτοὺς
3611 710 3763 763 ἀπειλ-

530 795 776 850 morituri
860 794 977 848 sine
1018 793 1223 862 pudore
1254 790 1457 849 aﬂatim
1506 797 1815 850 servierunt
1869 796 2109 865 peccatis

526 889 924 963 596(mortis
954 903 1188 957 namque
1216 899 1412 954 metus,
1435 888 1738 943 truculento
1769 904 1867 944 suo
1888 897 2106 958 aspectu

527 998 623 1038 eos
657 981 934 1045 territans,
966 986 1018 1034 et
1052 979 1435 1049 cogitationem
1470 979 1587 1049 ejus
1634 988 1826 1046 status,
1858 996 1966 1050 quo
1999 997 2104 1038 non

526 1070 760 1141 amplius
811 1077 1015 1136 erunt,
1072 1070 1126 1123 in
1178 1070 1418 1139 ipsorum
1469 1069 1667 1124 animis
1727 1072 1990 1141 gignens,
2050 1073 2104 1127 in

522 1177 740 1218 onmem
791 1161 998 1232 peccati
1042 1160 1356 1215 servitutem
1391 1160 1536 1229 ipsos
1567 1162 1858 1231 detrusit),
1903 1163 2106 1220 ideirco

523 1253 671 1309 venit
699 1251 972 1315 Christus,
1001 1260 1057 1306 et
1093 1251 1195 1306 hac
1238 1266 1332 1307 eos
1365 1253 1629 1308 servitute
1657 1253 1915 1309 liberavit
1945 1265 2106 1325 atque

522 1343 745 1399 exemit.
815 1343 971 1410 Quod
1021 1342 1064 1397 si
1113 1357 1179 1397 ne
1226 1342 1306 1398 sic
1349 1342 1572 1413 quidem
1608 1342 1745 1398 satis
1783 1343 2104 1415 intelligitur

523 1435 772 1507 (dictum)
803 1435 1015 1490 dicetur
1048 1423 1269 1489 clarius.
1322 1436 1367 1487 A
1398 1435 1585 1489 multis
1618 1436 1761 1490 enim
1787 1452 1892 1491 non
1924 1445 2103 1504 poteSt

520 1528 640 1597 capi
695 1542 887 1583 sensus
913 1526 1262 1599 apostolicus.
1324 1524 1397 1582 Ut
1448 1528 1727 1595 liberaret,
1781 1529 1976 1599 inquit,
2009 1543 2102 1584 eos

521 1630 662 1675 metu
697 1620 910 1685 mortis,
963 1635 1087 1691 quae
1134 1620 1186 1674 in
1220 1620 1450 1675 nihilum
1505 1622 1652 1690 ipsos
1708 1620 2011 1691 redigeret,
2047 1630 2102 1674 et

520 1712 811 1767 adduceret
860 1712 914 1766 in
946 1711 1328 1781 cogitationem
1384 1712 1681 1781 incorrupti
1736 1711 1901 1775 illius,
1956 1712 2100 1781 quod

518 1813 640 1872 post
668 1804 871 1859 exitum
908 1817 974 1858 ex
1009 1804 1112 1857 hac
1141 1803 1248 1857 vita
1293 1802 1532 1858 futurum
1563 1812 1685 1867 est,
1738 1802 1955 1870 judicii.
2029 1801 2094 1855 lli

515 1895 663 1950 enim
712 1894 900 1949 libenti
934 1895 1117 1949 animo
1153 1895 1207 1949 in
1241 1895 1323 1947 via
1360 1895 1425 1949 ad
1456 1894 1707 1949 virtutem
1742 1895 1972 1949 ducente
2002 1894 2097 1948 de-

515 1996 841 2051 currerunt,
873 1985 1018 2057 quod
1073 2000 1169 2055 spe
1221 2000 1545 2042 coronarum
1578 1987 1729 2055 quasi
1772 1986 2094 2054 quibusdam

2215 796 2390 859 λὰξων
2418 796 2517 865 τῆς
2547 795 2808 858 δουλείας.
2847 795 2908 848 Et
2935 795 2990 848 δὲ
3026 796 3150 867 μηδ’
3180 796 3355 862 οὓτως
3390 798 3647 869 νενόηται,
3675 820 3758 855 σα-

2215 889 2475 958 φέστερον
2504 887 2784 958 εἰρήσεται
2809 902 2823 917 ⁸
2856 887 3070 952 πολλοῖς
3098 888 3207 959 γὰρ
3236 886 3509 959 ἁλώσιμον
3539 891 3635 945 οὐκ
3664 893 3765 947 ἔστι

2211 978 2270 1030 τὸ
2293 979 2385 1046 νὸη
2395 996 2469 1048 μα
2495 979 2555 1030 τὸ
2578 978 2953 1033 άποστολικόν.
3001 978 3353 1047 Ἀπαλλάξει,
3382 982 3536 1052 φησὶ,
3566 983 3766 1048 τούτους

2208 1069 2303 1120 τοῦ
2332 1069 2495 1135 φόϐου
2530 1069 2623 1122 τοῦ
2661 1068 2916 1134 θανάτου,
2944 1068 3038 1124 τοῦ
3070 1071 3410 1143 ἀνυπαρξίαν
3440 1073 3621 1137 αὐτοῖς
3650 1077 3769 1129 ἀπο-

2208 1160 2523 1225 τελοῦντος,
2563 1160 2659 1216 καὶ
2716 1161 2916 1230 ἀγάγοι
2970 1164 3051 1227 είς
3088 1162 3299 1218 ἔννοιαν
3342 1163 3439 1217 τοῦ
3497 1166 3633 1236 μετὰ
3674 1167 3761 1236 τὴν

2208 1254 2460 1307 ἐντεῦθεν
2531 1254 2789 1327 τελευτὴν
2889 1256 3187 1311 ἀδεκάστου
3256 1258 3626 1330 δικαστηρίου.
3683 1254 3775 1314 Οὗ-

2204 1363 2285 1399 τοι
2317 1345 2426 1416 (70)
2468 1346 2577 1417 γὰρ
2619 1348 2844 1416 ἄσμενοι
2879 1346 2978 1419 τὴν
3021 1347 3116 1401 ἐπὶ
3146 1348 3245 1419 τὴν
3278 1349 3481 1420 ἀρετὴν
3521 1350 3774 1420 φέρουσαν

2205 1436 2321 1491 ὁδὸν
2353 1437 2594 1508 ἔτρεχον,
2625 1440 2691 1508 τῇ
2737 1438 2914 1491 ἐλπίδι
2944 1438 3053 1492 τῶν
3091 1438 3373 1508 στεφάνων
3405 1440 3775 1510 πτερούμενοι.

2205 1529 2300 1582 καὶ
2327 1530 2424 1600 τὴν
2461 1529 2732 1601 ἁμαρτίαν
2770 1529 3020 1600 ἔφευγον,
3058 1530 3137 1600 τῷ
3168 1531 3319 1601 φόϐῳ
3362 1530 3472 1583 τῶν
3518 1533 3775 1602 ἐσομένων

2203 1619 2504 1691 τιμωριῶν.
2547 1621 2609 1673 El
2671 1620 2727 1674 δὲ
2767 1623 2862 1675 καὶ
2917 1623 2997 1686 είς
3031 1622 3161 1676 ἄλλο
3208 1622 3510 1694 ἐνθύμημα
3544 1622 3777 1694 βλέπειὸ

2201 1709 2323 1774 νοῦς
2354 1711 2381 1762 6
2413 1709 2790 1774 ἀποστολικδς,
2826 1710 2927 1781 τῆς
2958 1712 3229 1775 συνέσεως
3258 1711 3361 1781 τῆς
3394 1712 3494 1783 σῆς
3531 1715 3646 1766 ἐστι
3672 1716 3778 1780 κρίο

2200 1817 2308 1853 ναι.
2365 1801 2523 1864 Εἰκὸς
2561 1801 2669 1872 γὰρ
2720 1802 2814 1854 καί
2864 1818 2914 1855 τι
2966 1802 3210 1856 τοιοῦτον
3263 1804 3433 1857 αὐτὸν
3482 1806 3775 1875 ἐμφαίνειν·

2213 1891 2429 1963 Ἐπειδὴ
2461 1893 2644 1947 πολλοὶ
2670 1894 2761 1947 τὸν
2790 1893 3020 1949 θάνατον
3043 1895 3293 1960 δεδιότες,
3329 1896 3408 1961 ὡς
3433 1898 3516 1960 είς
3547 1897 3777 1966 ἀνύπαρ-

2201 1983 2318 2048 ξίαν
2360 1984 2833 2055 παραπέμποντα,
2893 1986 3063 2039 πολλὰ
3115 1987 3209 2041 καὶ
3244 1987 3403 2059 παρὰ
3436 1987 3664 2060 γνώμην
3698 1989 3782 2041 καὶ

514 2076 616 2132 alis
645 2075 799 2131 fuere
832 2075 1097 2143 subvecti,
1128 2084 1184 2131 et
1211 2084 1497 2147 peccatum
1530 2075 1805 2147 fugerunt,
1840 2085 1983 2130 metu
2017 2074 2091 2130 fu.

2195 2075 2393 2146 δρᾶσαι
2429 2076 2522 2127 καὶ
2551 2075 2747 2129 παθεῖν
2772 2076 2976 2145 αἰσχρὰ
3010 2076 3308 2147 ὑπέμενον,
3345 2077 3437 2132 ἵνα
3468 2079 3580 2150 (7|)
3609 2077 3683 2149 μὴ
3710 2095 3780 2128 τι.

514 2176 764 2222 turorum
800 2166 1209 2237 suppliciorum.
1252 2167 1405 2234 Quod
1430 2168 1473 2223 si
1507 2168 1670 2222 etiam
1705 2167 1869 2223 aliam
1899 2183 2093 2236 quam-

515 2260 637 2312 dam
684 2257 1069 2329 cogitationem
1127 2258 1346 2326 respicit
1395 2273 1551 2313 mens
1596 2258 1890 2326 apostolica
1917 2300 1932 2324 ,
1989 2267 2094 2313 tuae

511 2349 814 2418 prudentia:
845 2351 953 2404 erit
988 2349 1253 2420 judicare.
1296 2348 1384 2405 Fit
1415 2350 1562 2405 enim
1594 2349 1914 2416 verisimile,
1946 2351 2090 2419 quod

511 2441 620 2496 tale
653 2441 817 2496 etiam
845 2440 1103 2511 quiddam
1132 2441 1399 2512 signiﬁcet
1429 2460 1443 2495 :
1484 2440 1622 2509 Quia
1653 2440 1805 2495 multi
1836 2450 2089 2503 mortem,

510 2542 709 2603 utqum
737 2533 789 2587 in
819 2532 1049 2587 nihilum
1077 2546 1309 2603 prorsus
1325 2547 1419 2588 eos
1439 2533 1728 2603 redigeret,
1763 2526 2090 2596 metuedtes,

509 2623 678 2679 multa
691 2624 858 2681 etiam
875 2632 1064 2680 contra
1082 2624 1245 2679 animi
1267 2624 1592 2680 sententiam
1609 2634 1717 2679 tam
1737 2624 1915 2680 facere
1928 2640 2090 2695 quam

506 2715 621 2784 pati
658 2715 833 2786 turpia
861 2715 1257 2780 sustinuerunt,
1282 2732 1349 2771 ne
1366 2715 1619 2772 videlicet
1638 2731 1666 2771 a
1693 2716 2093 2787 potentioribus

508 2807 836 2877 punirentur
858 2808 1129 2877 (amantes
1159 2807 1403 2871 enim,et
1433 2821 1656 2877 scopum
1690 2821 1797 2863 non
1828 2808 2090 2872 assecuti,

508 2898 662 2954 dolos
693 2908 859 2968 atque
889 2898 1117 2954 insidias
1152 2905 1381 2953 mortem
1422 2899 1697 2969 parientes
1731 2908 2045 2953 struxerunt
2075 2916 2089 2953 :

2198 2166 2508 2238 μωρηθεῖεν
2559 2168 2711 2239 παρὰ
2753 2168 2861 2221 τῶν
2905 2168 3289 2240 δυνατωτέρων
3346 2170 3621 2241 (ἐρῶντες
3661 2168 3779 2239 γὰρ.

2192 2260 2289 2312 καὶ
2331 2259 2404 2331 μὴ
2432 2262 2799 2330 τυγχάνοντες
2827 2260 2921 2315 τοῦ
2956 2262 3183 2328 σκοποῦ,
3216 2262 3412 2326 δόλους
3447 2263 3544 2317 καὶ
3572 2260 3781 2315 ἐπιϐου-

2190 2350 2290 2413 λάς
2317 2350 2546 2405 θάνατον
2571 2352 2858 2417 τίκτοντας
2884 2353 3314 2419 κατεσκεύαζον,
3352 2354 3433 2417 ὡς
3476 2351 3695 2424 δηλοῦσι
3720 2351 3781 2404 τὰ

2191 2443 2334 2497 κατὰ
2361 2444 2451 2497 τὸν
2492 2445 2710 2515 Ἰωσὴφ,
2739 2445 2772 2516 ἥ
2803 2463 2862 2499 τε
2886 2444 3028 2500 κατὰ
3056 2446 3155 2517 τὴν
3178 2447 3482 2501 Σωσάνναν
3510 2444 3748 2517 ἱστορία)
3773 2459 3783 2471 ·

2189 2529 2292 2607 ἧκε
2330 2535 2635 2591 παιδεύσων
2664 2539 2790 2601 τοὺς
2819 2537 3162 2609 ἀνθρώπους,
3189 2540 3272 2593 ὅτι
3301 2540 3336 2592 6
3368 2539 3608 2601 θάνατος
3650 2538 3785 2608 αἱρε-

2187 2626 2428 2699 τώτερός
2454 2630 2573 2682 ἐστι
2605 2630 2706 2699 τῆς
2733 2629 2951 2695 κακίας,
2983 2631 3077 2685 καὶ
3105 2630 3211 2702 χρὴ
3241 2630 3458 2701 μᾶλλον
3483 2630 3675 2685 τοῦτον
3700 2646 3787 2682 κα-

2186 2718 2530 2790 ταδέχεσθαι,
2566 2721 2599 2791 ἦ
2642 2737 2694 2773 τι
2723 2720 2835 2775 τῶν
2878 2722 3176 2792 αἰσχίστων
3218 2722 3433 2791 δρᾶσαί
3473 2740 3535 2775 τε
3566 2722 3660 2775 καὶ
3692 2737 3785 2774 πα-

2190 2810 2322 2865 θεῖν.
2361 2812 2420 2864 '0
2462 2811 2562 2882 μὲν
2588 2813 2696 2885 γὰρ
2724 2812 2830 2866 ὑπὸ
2859 2814 2958 2882 τῆς
2987 2812 3352 2877 ἀναστάσεως
3386 2813 3751 2885 σϐεσθήσεται
3774 2826 3786 2839 ·

2186 2901 2257 2955 τὰ
2286 2901 2343 2956 δὲ
2368 2903 2449 2965 εἰς
2478 2903 2729 2966 κολάσεις
2761 2902 3177 2972 καταλήξουσιν.

511 3001 570 3045 ιιι
600 2992 896 3047 ostendunt
925 2999 1075 3061 gesta
1109 2990 1327 3061 Josephi
1352 3030 1368 3056 ,
1407 3000 1463 3046 et
1509 2992 1737 3047 historia
1776 2990 2091 3064 Susannae),
2143 2993 2621 3064 venit(Christus),
2690 2996 3038 3050 instituturus
3102 2995 3362 3051 homines
3414 3006 3652 3052 mortem
3684 3004 3791 3049 esse

509 3084 685 3154 magis
718 3082 1053 3154 eligendam,
1098 3088 1258 3153 quam
1299 3093 1360 3138 ut
1385 3083 1577 3139 vitium
1621 3082 1839 3153 aliquod
1895 3085 1946 3139 in
1983 3101 2080 3140 nos
2122 3087 2492 3155 admittamus,
2526 3099 2579 3143 et
2609 3087 2751 3140 illam
2824 3086 3004 3156 potius
3032 3086 3220 3142 libenti
3292 3088 3496 3141 animo
3526 3099 3781 3158 oppeten-

509 3175 658 3237 dam,

507 3265 850 3323 surrectione
897 3264 1318 3334 exstinguetur;

904 3375 1153 3433 CXLVII.
1187 3405 1260 3418 --
1302 3375 1676 3432 MARCIANO.

508 3497 577 3555 1η
614 3500 666 3552 id
698 3496 835 3567 quod
865 3495 1122 3567 scriptum
1154 3507 1252 3561 est,
1288 3493 1466 3567 «Nam
1497 3496 1545 3551 si
1569 3496 1644 3550 eis
1666 3495 1822 3550 Jews
1856 3498 2086 3567 requiem

1065 3568 1401 3635 pra'stitiuet
1428 3566 1494 3622 ⁸⁸.
1511 3586 1529 3619 ›

562 3706 695 3763 Non
720 3707 787 3762 de
811 3706 997 3776 requie
1022 3704 1394 3771 Hebraeorum,
1414 3718 1533 3774 qua:
1562 3704 1693 3774 ipsis
1720 3705 1772 3759 in
1799 3703 2083 3760 Palaestina

504 3799 752 3870 contigit,
791 3808 947 3868 parta
979 3812 1076 3866 per
1111 3797 1357 3851 militiam
1393 3795 1519 3851 Jesu
1557 3798 1650 3851 lilii
1683 3796 1851 3864 Nave,
1903 3797 2086 3852 divino

506 3890 677 3947 Paulo
715 3890 818 3943 fuit
860 3903 1045 3944 sermo
1085 3888 1266 3959 (hujus
1310 3889 1455 3943 enim
1508 3878 1707 3942 nullam
1762 3888 1949 3943 habuit
1999 3904 2088 3943 ra-

507 3982 756 4051 tionem),
802 3981 896 4036 sed
924 3981 989 4033 ad
1017 3994 1137 4034 eam
1167 3994 1288 4049 qua-
1317 3978 1497 4033 futura
1537 3990 1619 4035 est
1650 3980 1887 4048 respicit,
1914 3990 1969 4035 et
2018 3982 2087 4037 ad

504 4089 629 4131 eam
682 4087 878 4144 scopns
931 4071 1326 4127 sententiarum
1374 4070 1540 4140 ipsius
1589 4071 1885 4125 contendit.
1971 4070 2084 4127 Hoc

500 4174 688 4221 autem
713 4180 897 4222 verum
915 4178 1059 4231 esse,
1095 4164 1212 4234 ipse
1240 4172 1411 4219 semet
1439 4164 1844 4233 interpretatur,
1866 4164 2080 4220 dicens:

525 4276 544 4308 ι
572 4256 706 4312 Nam
749 4257 793 4313 si
830 4256 910 4312 eis
937 4255 1097 4312 Jesus
1146 4254 1421 4324 (videlicet
1461 4253 1604 4310 ﬁlius
1636 4253 1781 4309 Nave
1816 4270 1907 4311 seu
1939 4254 2081 4323 Nun)

500 4350 749 4417 requiem
798 4346 1186 4417 praestitisset,
1218 4360 1493 4415 nunquam
1524 4347 1589 4400 de
1627 4344 1733 4399 alia
1770 4344 2084 4414 loqueretur

500 4441 731 4510 posthac
760 4440 867 4496 die.
924 4438 1113 4508 Itaque
1136 4437 1463 4507 relinquitur
1492 4436 1856 4492 sabbatismus
1880 4436 2082 4507 pepulo

502 4533 598 4589 Dei
615 4532 716 4586 ".o
758 4559 829 4571 --
853 4548 872 4582 ι
899 4528 957 4586 Si
981 4529 1125 4585 enim
1155 4528 1308 4598 ipsis,
1334 4527 1531 4599 inquit,
1556 4527 1645 4582 ille
1671 4528 1915 4597 requiem
1949 4542 2080 4583 con-

508 4626 770 4685 ciliasset.
798 4637 905 4679 non
933 4631 1080 4677 certe
1109 4621 1275 4676 David
1316 4627 1441 4691 post
1473 4619 1670 4675 multas
1701 4619 2081 4687 generationes

749 3187 912 3243 quam
966 3172 1169 3241 aliquid
1224 3187 1401 3228 rerum
1475 3172 1909 3243 turpissimarum
1954 3174 2038 3229 vel
2087 3173 2349 3231 faciamus
2400 3177 2486 3230 vel
2575 3176 2864 3245 patiamur.
2949 3174 3084 3230 Nam
3156 3190 3313 3232 mors
3361 3179 3594 3248 quidem
3638 3195 3666 3232 a
3714 3191 3793 3233 re-

1402 3263 1600 3333 probra
1647 3272 1829 3319 autem
1882 3263 1975 3319 illa
2027 3265 2082 3319 in
2120 3264 2384 3337 supplicia
2415 3267 2684 3321 desinent.

2624 3380 2802 3433 PMZ'.
2842 3406 2912 3418 —-
2946 3377 3345 3463 ΜΑΡΚῘΑΝῼ.

2187 3494 2293 3560 Εἰς
2333 3493 2399 3547 τὸ
2438 3491 2869 3563 γεγραμμένον,
2933 3512 2951 3545 ι
2988 3492 3056 3545 El
3101 3493 3210 3560 γὰρ
3267 3493 3517 3561 αὐτοὺς
3566 3491 3797 3563 Ἰησοῦς

2744 3562 3147 3616 κατέπαυσεν.
3187 3580 3206 3613 ι

2258 3698 2335 3751 Οὐ
2364 3695 2495 3767 περὶ
2527 3695 2623 3766 τῆς
2657 3692 3058 3759 καταπαύσεως
3092 3692 3202 3747 τῶν
3239 3693 3560 3767 Ἐϐραίων,
3591 3696 3693 3767 τῆς
3721 3710 3801 3763 γε·

2186 3792 2415 3862 νομένης
2448 3794 2507 3844 ὲν
2539 3793 2606 3861 τῇ
2648 3787 2980 3861 Παλαιστίνῃ
3023 3787 3112 3841 διά
3139 3787 3239 3858 τῆς
3299 3789 3494 3859 Ἰησοῦ
3538 3789 3634 3844 τοῦ
3671 3786 3786 3841 υἱοῦ

2184 3881 2279 3936 τοῦ
2304 3882 2458 3952 Ναυῆ
2499 3881 2854 3951 στρατηγίας,
2886 3878 2964 3950 τῷ
2998 3878 3274 3950 θεσπεσίῳ
3304 3880 3529 3953 Παύλῳ
3561 3883 3591 3935 ὁ
3612 3881 3767 3949 λόγος
3789 3892 3802 3906 '

2185 3973 2399 4043 ἐκείνης
2445 3972 2552 4044 γὰρ
2583 3972 2757 4036 οὐδεὶς
2784 3973 2940 4041 λόγος
2970 3970 3117 4042 αὐτῷ
3142 3986 3154 3999 ’
3204 3972 3288 4034 είς
3330 3972 3394 4025 δὲ
3427 3973 3541 4044 τὴν
3579 3971 3802 4044 προσδοο

2184 4067 2440 4138 κωμένην
2499 4067 2718 4122 ἔσεσθαι
2758 4067 2964 4139 βλέπει,
3006 4068 3101 4121 καὶ
3155 4069 3279 4120 κατ’
3342 4069 3587 4142 ἐκείνης
3624 4072 3654 4124 6
3702 4066 3803 4121 τῶν

2184 4160 2473 4231 νοημάτων
2524 4159 2727 4223 σκοπὸς
2764 4160 3121 4214 συντείνεται.
3178 4159 3309 4213 Ὅτι
3359 4161 3425 4216 δὲ
3472 4163 3632 4217 τοῦτ’
3666 4161 3805 4213 ἔστιν

2184 4253 2403 4323 ἀληθὲς,
2452 4254 2613 4317 αὐτὸς
2644 4252 2839 4306 ἑαυτὸν
2886 4250 3184 4322 ἐρμηνεύει
3218 4251 3417 4320 λέγων
3446 4270 3462 4284 ο
3528 4274 3548 4307 ι
3610 4254 3679 4307 Et
3706 4250 3808 4321 γὰρ

2182 4343 2380 4407 αὐτοὺς
2441 4342 2649 4412 Ἰησοῦς
2697 4342 2891 4414 (δῆλον
2935 4342 2981 4396 δ’
3055 4344 3139 4396 ὅτι
3182 4344 3211 4396 ὁ
3258 4343 3365 4395 τοῦ
3431 4346 3651 4413 Ναυῆ)
3690 4358 3808 4397 κατ·

2182 4432 2422 4487 έπαυσεν
2446 4471 2463 4498 ,
2492 4433 2593 4486 οὐκ
2620 4432 2686 4486 ἂν
2724 4433 2851 4502 περὶ
2877 4430 3043 4501 ἄλλης
3066 4430 3244 4484 ἐλάλει
3273 4434 3435 4501 μετὰ
3460 4434 3652 4488 ταῦτα
3687 4430 3811 4504 ἡμέ-

2185 4543 2304 4597 ρας.
2345 4527 2490 4596 ’Δρα
2541 4525 2897 4579 ὑπολείπεται
2952 4523 3337 4594 σαϐϐατισμὸς
3399 4526 3500 4602 ’.τῇ
3518 4526 3669 4597 -λαῷ
3723 4521 3810 4576 τοῦ

2180 4618 2340 4673 Θεοῦ.
2374 4638 2393 4671 ι
2431 4649 2497 4661 ——
2524 4636 2544 4670 ς
2580 4618 2644 4671 Ei
2700 4617 2808 4688 γὰρ
2850 4617 3081 4681 αὐτοὺς,
3131 4617 3303 4686 φησὶν
3332 4657 3351 4678 ,
3393 4620 3626 4684 ἐκεῖνος
3694 4631 3813 4671 κατ-

506 4720 572 4772 de
598 4718 782 4787 requie
811 4716 1088 4772 disserens
1135 4714 1361 4769 dixisset
1390 4731 1404 4768 :
1446 4713 1619 4769 Hodie
1661 4714 1705 4768 si
1737 4727 1924 4768 vocem
1958 4712 2075 4781 ejus

2195 4710 2444 4774 ἔπαυσεν,
2478 4710 2578 4765 οὐκ
2614 4710 2680 4765 ἂν
2724 4712 2753 4764 6
2801 4708 2966 4763 Δαϐὶδ
3002 4708 3141 4778 μετὰ
3174 4707 3396 4774 πολλὰς
3428 4711 3644 4778 γενεὰς
3695 4708 3813 4776 περὶ

504 4807 810 4873 audieritis,
860 4806 1030 4862 nolite
1067 4804 1338 4861 obdurare
1378 4806 1542 4861 corda
1574 4813 1774 4870 vestra,
1830 4804 1971 4858 sicut
2022 4804 2073 4857 in

503 4898 1040 4956 exacerbatione‘°.i
1105 4898 1269 4971 497
1312 4916 1334 4950 1
1361 4898 1657 4965 Quocirca,
1703 4897 1919 4968 inquit,
1952 4911 2076 4952 vera

502 4990 719 5061 requies
741 4990 937 5061 populo
962 4991 1092 5058 Dei;
1114 5009 1135 5042 ι
1169 4994 1271 5045 hoc
1297 4998 1381 5045 est
1408 4989 1514 5045 illis
1533 4992 1624 5059 qui
1651 4999 1934 5059 postquam
1966 5003 2079 5045 crc-

502 5082 779 5149 dideruut,
795 5083 958 5137 vitam
982 5097 1197 5153 quoque
1225 5080 1547 5135 laudabilem
1571 5080 1963 5152 adjunxerunt,
1994 5095 2079 5136 re-

500 5175 675 5243 posita
702 5182 809 5237 est,
834 5188 956 5242 qua;
986 5187 1091 5228 non
1123 5172 1175 5225 in
1200 5170 1485 5225 Palaestina
1512 5213 1528 5238 ,
1559 5172 1653 5228 sed
1695 5172 1747 5226 in
1772 5169 2074 5228 Jerusalem

498 5265 941 5337 supramundana
971 5274 1055 5321 est
1082 5261 1367 5318 adornata.

453 5494 468 5573 .’
573 5532 620 5567 ιι
652 5531 815 5589 Hebr.
853 5546 928 5599 IV,
958 5530 1011 5596 ε,
1044 5529 1097 5585 9.
1178 5529 1223 5560 ιι
1252 5527 1383 5585 ibid.
1414 5528 1459 5561 ιο
1496 5527 1624 5587 ibid;
1651 5530 1706 5597 ϐ,
1737 5529 1788 5585 7.

2185 4803 2581 4867 καταπαύσεως
2618 4802 2999 4873 διαλεγόμενος
3040 4799 3227 4869 ἐλεγεο
3262 4801 3554 4874 Σήμερον
3584 4804 3689 4858 ἐὰν
3722 4802 3813 4871 τῆς

2182 4894 2369 4964 φωνῆς
2415 4893 2581 4947 αὐτοῦ
2611 4892 2896 4964 ,ἀκούσητε
2922 4931 2936 4955 ,
2978 4890 3053 4962 μὴ
3103 4890 3475 4963 σκληρύνητε
3523 4896 3635 4958 τὰς
3688 4909 3815 4961 καρ-

2179 4985 2299 5049 δίας
2351 4985 2524 5056 ὑμῶν,
2559 4985 2636 5048 ὡς
2684 4987 2741 5037 ὲν
2773 4984 2852 5053 τῷ
2905 4985 3408 5056 παραπικρασμῷ.
3459 5007 3480 5040 ι
3537 5016 3609 5030 u-
3656 5006 3677 5040 (
3725 4982 3815 5038 Οὑ-

2187 5076 2354 5141 κοῦν,
2405 5077 2609 5145 φησὶν,
2656 5077 2690 5146 ἡ
2746 5074 2975 5146 ἀληθινὴ
3026 5075 3343 5139 ἀνάπαυσις
3406 5077 3498 5148 τῷ
3551 5078 3677 5148 λαῷ
3728 5074 3815 5130 τοῦ

2187 5165 2347 5230 Θεοῦ,
2383 5185 2402 5217 ι
2435 5166 2581 5220 τοῦτ’
2614 5166 2752 5230 ἔστι,
2783 5169 2894 5231 τοῖς
2936 5166 3241 5236 εὐδοκίμως
3281 5169 3454 5237 μετὰ
3477 5170 3594 5243 τὴν
3626 5170 3810 5225 πίστιν

2188 5258 2688 5330 πολιτευσαμένοις,
2731 5260 3043 5323 ἀπόκειται,
3079 5259 3179 5312 οὐκ
3222 5260 3287 5311 ἐν
3326 5266 3405 5333 τῇ
3442 5264 3815 5331 Παλαιστίνῃ.

2188 5348 2303 5404 ἀλλ’
2336 5351 2394 5402 ὲν
2424 5352 2491 5421 τῇ
2526 5351 2886 5422 ύπερκοσμίῳ
2940 5348 3304 5421 Ἰερουσαλὴμ
3339 5345 3815 5428 εὐτρεπισοεῖσα.

3270 5532 3299 5549 κ

1602 5685 1838 5741 VARUS
1876 5683 2264 5742 LECTIONES
2304 5685 2393 5741 ΕΤ
2430 5684 2663 5742 NOTAE.

574 5866 690 6000 (69)
713 5867 818 5925 Pro
837 5865 973 5942 ἧκεν
1003 5871 1143 5928 idem
1175 5872 1295 5928 cod.
1332 5872 1524 5928 scribit
1554 5869 1735 5946 ἦλθεν.
1776 5874 1985 5930 Possm.

575 5936 668 6000 (70
715 5931 858 5993 οὗτοι
906 5941 1045 5994 idem
1082 5952 1253 5998 mutat
1308 5944 1360 5997 iu
1410 5941 1570 5998 οὕτω.
1617 5943 1773 5999 Vers.
1805 5960 1920 6000 seu.
1976 5964 1985 6000 ι

575 5931 690 6005 (70)
715 5931 873 6014 οὗτοί
899 5941 1253 6014 _idem_rnutat
1308 5944 1360 5997 iu
1410 5931 1590 5998 οὕτω]
1617 5943 1773 5999 Vers.
1805 5960 1920 6013 seq.
1976 5959 2072 6014 pro

495 6003 601 6076 τὴν
633 6007 823 6064 scribit
852 6008 1029 6080 τήνδε.
1058 6009 1133 6067 In.

2254 5875 2363 5943 (71)
2392 5874 2536 5929 luter
2556 5875 2643 5928 ἵνα
2669 5883 2723 5958 et
2750 5875 2825 5971 μὴ
2855 5876 2994 5971 idem
3024 5873 3212 5971 inserit
3246 5875 3465 5961 μόνον.
3497 5879 3815 5971 νεεε.ιξιιόε

2181 5945 2234 6002 ’5.
2287 5961 2379 6011 pm
2434 5943 2836 6008 κατεσκεύαζον
2894 5946 3055 5999 habet
3104 5948 3588 6006 κατεσκεύασαν.
3665 5950 3811 6005 Vcrs.

2182 6014 2278 6067 ult.
2316 6029 2400 6082 cp.
2433 6014 2680 6077 κολάσεις
2717 6015 3061 6085 singulariter
3092 6014 3274 6079 olle“,
3317 6018 3596 6077 κόλασιν.
3634 6020 3713 6075 lo.
