4078 6388
391 269 526 335 1233

629 385 816 440 PMH'.
858 414 926 424 -
955 385 1215 456 unum
1253 383 1708 456 maxumae).

552 479 653 542 Είς
678 477 766 540 τὸ,
807 495 824 527 ι
862 475 969 531 Kal
995 478 1028 529 ό
1058 474 1280 530 ἀδικῶν
1309 475 1732 545 dvenio-reiecta.
1764 494 1782 526 ι

455 585 521 639 Τί
538 589 703 650 ἐστιν,
719 585 794 659 [ὃ]
822 587 976 658 ἔφης,
998 585 1080 651 τὺ,
1103 603 1120 635 ι
1145 585 1254 639 Καὶ
1275 587 1302 637 6
1321 585 1518 638 ἀδικῶν
1547 585 1930 656 ἐνευλογεῖταις
1945 608 1961 640 ι

390 677 591 730 Ἀκουε
625 679 824 731 τοίνυν.
860 675 1018 747 Παρά
1067 675 1126 729 τὸ
1165 670 1224 729 εὖ
1263 675 1516 744 λέγεσθαι
1551 675 1782 730 ἐνταῦθα
1814 676 1965 748 εἴρη-

387 785 481 822 ται
508 767 572 820 τὸ
604 767 937 836 εὐλογεῖται,
972 767 1117 820 τοῦτ’
1152 765 1652 830 ἐστινιέπαινείται,
1683 765 1967 837 ἐγκωμιά-

386 859 542 924 ζεται
571 857 723 931 παρά
749 857 858 912 τῶν
891 857 1294 912 κολακευόντων
1321 857 1502 924 αὑτὸν,
1534 857 1628 910 καὶ
1658 855 1968 928 ἐπιτριϐόν-

386 968 499 1006 των
536 949 700 1005 αὐτοῦ
736 949 830 1022 τὴν
863 950 1080 1014 κακίαν,
1129 950 1223 1003 καὶ
1270 949 1345 1020 μὴ
1386 949 1639 1018 αἴσθησιν
1678 949 1777 1019 τῆς
1813 949 1968 1002 νόσου

386 1041 480 1096 διὰ
506 1041 606 1110 τῆς
641 1039 852 1110 σιωπῆς
885 1037 1182 1110 ἐμποιῆσαι
1215 1037 1590 1110 ἀνεχομένων·
1639 1037 1718 1092 διὸ
1748 1038 1842 1092 καὶ
1881 1041 1974 1094 άν-

387 1133 620 1204 ήκεστος
651 1131 679 1184 6
705 1129 944 1196 τοιοῦτος
970 1131 1300 1202 εὑρίσκεται.
1329 1131 1420 1202 Τῷ
1447 1131 1554 1202 γὰρ
1583 1130 1704 1202 μηδ’
1725 1130 1973 1202 αἴσθησιν

387 1223 484 1276 τοῦ
513 1222 716 1286 πάθους
744 1221 912 1292 ἔχειν,
941 1220 1238 1293 θεραπείαν
1271 1221 1392 1274 οὔτε
1421 1220 1575 1292 ζητεῖ
1599 1219 1724 1274 οὔτε
1753 1221 1973 1292 προσίε-

388 1329 502 1370 ται.
557 1313 668 1367 Καὶ
697 1313 857 1366 τοῦτό
899 1313 1018 1366 ἐστι
1055 1313 1116 1366 τὺ
1161 1312 1381 1368 πάντων
1417 1311 1739 1378 δεινότατον,
1785 1312 1912 1365 ὅταν
1939 1313 1974 1384 ἡ

391 1407 564 1462 κακία
595 1407 914 1476 ἐπαινῆται,
948 1406 1041 1458 καὶ
1083 1405 1220 1476 μηδὲ
1261 1405 1430 1460 κακία
1477 1399 1614 1458 εἶναι
1663 1403 1974 1475 νομίζηται.

389 1498 485 1551 Διὸ
517 1498 623 1568 χρὴ
663 1495 897 1568 μάλιστα
925 1496 1040 1566 μέν,
1069 1497 1118 1549 εἰ
1141 1495 1386 1562 δυνατὸν,
1416 1493 1661 1565 διορθοῦν
1689 1495 1780 1548 τὸν
1803 1495 1978 1548 τοιοῦ-

387 1605 504 1642 τον.
533 1587 595 1641 El
635 1587 690 1640 δὲ
721 1587 796 1658 μὴ
818 1627 832 1648 ,
872 1585 1006 1658 μηδὲ
1037 1585 1376 1651 κολακεύειν,
1417 1584 1538 1657 μηδ’
1580 1585 1881 1656 ἐπιτρίϐειν
1917 1586 1977 1640 τὸ

391 1679 585 1743 πάθος·
611 1677 750 1732 ἀλλὰ
785 1681 852 1748 τῇ
906 1679 1088 1749 σιωπῇ
1123 1676 1376 1747 αἴσθησιν
1405 1677 1555 1748 αὐτῷ
1587 1677 1687 1747 τῆς
1713 1676 1977 1750 πονηρίας

389 1771 662 1840 ἐμποιεῖν.
695 1767 831 1822 Εἱδέ
861 1769 996 1838 μηδὲ
1041 1769 1200 1822 τοῦτο
1229 1767 1474 1839 βούλοιτό
1503 1785 1585 1832 τις
1615 1771 1808 1835 ποιεῖν,
1840 1768 1972 1838 φεύ-

389 1879 512 1932 γειν
545 1859 948 1933 προτροπάδηνο
987 1860 1075 1914 ἵνα
1109 1860 1182 1932 μὴ
1213 1860 1466 1924 κοινωνὸς
1498 1861 1599 1933 τῆς
1645 1861 1857 1926 ἀδικίας
1887 1861 1976 1915 διὰ

387 1955 494 2023 τῆς
517 1951 804 2016 κολακείας
837 1952 1024 2023 ὀφθεὶς
1047 1992 1060 2015 ,
1107 1952 1360 2016 κοινωνὸς
1397 1952 1546 2024 αὐτῷ
1591 1953 1694 2007 κάν
1730 1955 1852 2017 ταῖς
1891 1971 1974 2006 τι-

395 2043 634 2115 μωρίαις
663 2042 894 2116 εὑρεθῇ.
929 2043 1139 2114 Ὥσπερ
1174 2043 1283 2115 γὰρ
1337 2043 1447 2115 (75)
1477 2046 1506 2098 6
1536 2045 1616 2106 εἰς
1643 2043 1846 2116 ἀρετὴν
1892 2045 1980 2100 ἐν·-

390 2134 546 2201 άγων
579 2130 974 2202 στεφανοῦται,
1008 2131 1111 2186 κᾶν
1139 2130 1302 2201 μηδὲν
1329 2129 1501 2202 ἀνύσῃ
1536 2129 1620 2200 (τὸ
1641 2130 1750 2199 γὰρ
1783 2128 1976 2183 ἑαυτοῦ

389 2223 801 2297 πεπλήρωκενΥ
821 2223 964 2278 οὕτω
989 2224 1084 2277 καὶ
1106 2225 1135 2277 6
1161 2225 1241 2288 εις
1267 2221 1476 2277 ἀδικίαν
1494 2220 1730 2291 ἀλείφων
1755 2220 1978 2284 κολάζε-

390 2335 523 2385 ται,
567 2315 675 2372 κᾶν
721 2316 887 2388 μηδὲν
935 2316 1130 2390 ἰσχύσῃ
1151 2333 1164 2346 ·
1215 2316 1277 2370 τὸ
1305 2315 1412 2389 γὰρ
1457 2313 1651 2368 ἐαυτοῦ
1693 2313 1786 2369 καὶ
1824 2307 1980 2376 οὗτος

393 2409 680 2480 ἐποίησεν.

393 2501 616 2557 modum
653 2500 796 2556 enim
825 2498 898 2569 is,
928 2499 1020 2570 qui
1070 2498 1226 2554 alteri
1259 2498 1325 2552 ad
1385 2499 1642 2554 virtutem
1689 2497 2076 2568 capessendam
2141 2511 2261 2554 sese
2353 2497 2542 2553 ducem
2628 2496 2957 2565 praebuerit,

1212 271 1748 333 EPISTOLARUM
1790 272 1931 332 LIB.
1976 273 2073 336 tv.
2107 259 2182 311 ‘—
2217 274 2454 336 EPIST.
2495 273 2745 335 CXLIX.
3125 277 3172 318 ι

1993 391 2041 446 Α

3499 271 3643 334 123i.-

2337 385 2614 442 CXI.\'III.
2650 414 2718 424 -—
2748 381 3020 438 lSlDORO
3049 380 3361 438 Dl’AtIONO.

2142 474 2208 529 In
2234 475 2388 541 illud,
2420 494 2437 526 ι
2479 474 2542 528 Ει
2571 475 2766 544 injuste
2794 489 2950 543 agens
2970 474 3021 526 in
3055 489 3115 526 eo
3141 472 3394 526 laudatur
3417 472 3487 526 ἰι
3523 491 3542 522 ι

2142 589 2453 657 ρυῖετειιιιε,
2518 587 2644 656 quid
2690 586 2793 641 sibi
2833 584 2996 642 vellet
3026 584 3179 650 illud,
3215 585 3356 656 quod
3397 585 3636 642 dicitur:

2077 701 2096 735 ε
2150 682 2215 736 Et
2239 681 2437 750 injuste
2485 693 2651 751 agens
2699 679 2750 733 in
2805 694 2870 734 eo
2907 679 3264 734 benedicitur.
3307 697 3324 730 ι
3384 678 3641 734 Ausculta

2073 773 2259 844 igitur.
2306 771 2654 827 Benedicitur
2700 770 2802 824 hoc
2843 769 2962 824 loco
2995 771 3281 826 deductum
3333 779 3416 825 est
3457 770 3526 824 ab
3577 785 3641 824 eo

2072 865 2214 935 quod
2239 873 2323 918 est
2354 864 2490 919 bene
2518 862 2720 928 dicere,
2752 870 2808 916 et
2843 861 2982 915 valet
3011 860 3151 916 idem
3189 863 3328 930 quod
3369 861 3639 926 laudatur,

2074 953 2332 1010 encomiis
2361 964 2588 1008 ornatur
2639 953 2707 1009 ab
2739 950 3166 1007 assentatoribus
3214 955 3363 1017 suis,
3412 951 3504 1021 qui
3541 951 3642 1006 im-

2075 1045 2398 1116 probitatem
2432 1045 2600 1115 ipsius
2626 1043 2955 1108 demulcent,
2991 1057 3054 1099 ac
3079 1059 3148 1099 ne
3177 1057 3392 1098 sensum
3418 1043 3636 1114 quidem

2075 1137 2246 1190 morbi
2297 1152 2394 1190 suo
2441 1135 2660 1190 silentio
2705 1133 2756 1188 ei
2800 1133 3119 1204 ingenerare
3163 1133 3454 1188 sustinent.
3515 1132 3646 1201 Quae

2075 1241 2234 1281 causa
2265 1240 2477 1296 quoque
2503 1235 2583 1279 est
2607 1239 2749 1290 ,.cur
2791 1223 2912 1278 talis
2946 1223 3250 1278 inveniatur
3305 1222 3642 1278 incurabilis.

2076 1316 2208 1372 Nam
2240 1317 2363 1386 quia
2401 1331 2466 1370 ne
2499 1331 2716 1370 sensum
2750 1315 2968 1385 quidem
3006 1314 3132 1369 mali
3181 1315 3361 1379 habet,
3418 1315 3648 1368 curatiu-

2079 1425 2195 1464 nem
2227 1423 2326 1462 nec
2359 1407 2572 1477 quaerit,
2609 1422 2708 1462 nec.
2741 1405 3000 1461 admittit.
3045 1407 3222 1476 Atque
3262 1405 3362 1460 hoc
3405 1404 3648 1459 omnium

2077 1501 2584 1570 estgravissimnm,
2620 1500 2838 1570 quando
2887 1497 3206 1566 improbitas
3256 1495 3528 1557 laudatur,
3589 1510 3652 1550 ac

2077 1608 2146 1647 ne
2198 1591 2413 1662 quidem
2475 1605 2574 1660 pro
2645 1589 2991 1660 improbitate
3058 1589 3310 1643 habetur.
3385 1585 3652 1654 Quocirca

2081 1684 2314 1738 maxime
2341 1682 2558 1753 quidem
2585 1683 2638 1736 in
2668 1682 2719 1736 id
2749 1680 3171 1736 incnmbendum
3190 1690 3292 1746 est,
3328 1688 3406 1744 ut,
3459 1679 3504 1734 si
3533 1677 3648 1733 ﬁeri

2083 1784 2278 1847 potest,
2325 1774 2484 1830 talem
2535 1773 2892 1843 corrigamus.
2953 1772 3050 1827 Sin
3099 1773 3298 1838 minus,
3353 1769 3652 1826 cavendum

2085 1877 2264 1921 tamen
2305 1865 2448 1920 omni
2476 1867 2674 1929 studio,
2724 1881 2790 1920 ne
2833 1866 2916 1920 vel
2967 1863 3277 1920 adulatione
3325 1862 3406 1918 vel
3451 1862 3655 1916 demul-

2083 1956 2255 2012 cendu
2281 1955 2474 2008 malum
2513 1953 2792 2009 foveamus
2826 1971 2840 2008 :
2877 1954 2970 2008 sed
2993 1953 3212 2008 silentio
3237 1952 3426 2008 saltem
3452 1953 3652 2022 impro-

2084 2046 2275 2100 bitatis.
2324 2057 2544 2100 sensum
2599 2045 2699 2112 ipsi
2741 2042 3066 2111 injiciamus.
3126 2041 3282 2109 Quod
3327 2041 3370 2094 si
3417 2054 3516 2095 nec
3551 2041 3651 2094 hoc

2083 2138 2300 2208 quidem
2336 2133 2566 2192 voluerit
2621 2136 2745 2205 quis
2785 2135 2988 2201 facere,
3035 2141 3288 2190 contento
3337 2147 3496 2188 cursu
3535 2132 3650 2185 uni-

2076 2229 2272 2298 cuique
2301 2227 2610 2296 fngiendum
2663 2235 2767 2292 est,
2800 2241 2868 2281 ne
2923 2223 3199 2296 iniustitiae
3233 2222 3506 2292 particeps
3541 2220 3656 2275 tleri

2075 2329 2174 2385 per
2203 2314 2628 2370 assentationem
2682 2313 3052 2384 deprehensus
3107 2311 3281 2367 eidem
3345 2325 3559 2381 quoque
3604 2309 3657 2362 in

2079 2403 2363 2477 suppliciis
2415 2403 2756 2474 perferendis
2802 2404 2982 2460 socius
3039 2403 3330 2460 efﬁciatur.
3386 2401 3656 2470 Quemad-

3038 2503 3330 2550 corouatur
3350 2533 3365 2560 ,
3447 2490 3660 2546 tametsi

398 2591 538 2648 nihil
566 2592 709 2664 apud
731 2608 855 2649 eum
878 2591 1172 2662 profecerit
1199 2593 1348 2661 (nam
1378 2599 1640 2662 quantum
1687 2592 1738 2647 in
1766 2605 1824 2647 se
1855 2590 1977 2658 fuit,
2052 2591 2348 2663 implevit):
2377 2591 2448 2647 ita
2477 2591 2643 2646 etiam
2701 2591 2919 2660 punitur
2960 2591 3030 2657 is,
3064 2590 3152 2658 qui
3203 2587 3430 2643 alterum
3463 2585 3526 2640 ad
3571 2584 3659 2638 in-

393 2681 662 2754 justitiam
712 2683 954 2754 instigat,
1009 2683 1224 2740 tametsi
1275 2683 1409 2738 nihil
1451 2683 1704 2739 valuerit.
1754 2682 1886 2738 Nam
1927 2695 1982 2740 et
2019 2684 2109 2742 hic
2133 2683 2275 2754 quod
2302 2697 2457 2739 suum
2491 2690 2628 2746 erat,
2669 2680 2815 2738 fecit.
3620 2667 3630 2676 ’

639 2831 650 2841 -
762 2796 945 2852 me.
981 2827 1054 2837 -
1092 2796 1256 2870 nant
1292 2798 1614 2871 ΔΙΑΚΟΝῼ.

393 2885 509 2956 Ek
541 2887 632 2955 τὸ,
671 2903 693 2940 σ
722 2885 922 2953 Ἀπαξ
945 2886 1331 3028 ἐλάλῷπσὶνώό
1362 2887 1527 2958 Θεὸς,
1566 2908 1586 2942 ι
1633 2892 1720 2959 εις
1760 2892 1867 2947 τὸν
1893 2891 1983 2958 ξα¹

1130 2977 1166 3014 a
1206 2978 1250 3028 μ
1331 2999 1348 3015 .

1130 2977 1348 3030 amor.

474 3069 554 3124 Τδ
593 3069 847 3142 θήραμα,
877 3064 920 3124 ὦ
963 3071 1238 3142 βέλτιστε,
1271 3071 1300 3126 δ
1344 3071 1608 3144 θηρεῦσαι
1636 3073 1844 3141 ποθείς,
1879 3077 1990 3140 τοῖς

2387 2797 2615 2856 CXLIX.
2659 2829 2722 2839 —-
2765 2797 2991 2854 llEleE
3029 2795 3350 2854 DIACONO.

2089 2891 2156 2947 In
2181 2891 2334 2950 illud.
2361 2909 2379 2943 ι
2407 2891 2578 2948 Semel
2601 2890 2806 2945 locutus
2837 2900 2910 2944 est
2939 2889 3098 2952 Deus,
3129 2907 3144 2940 ι
3185 2890 3236 2943 in
3263 2887 3526 2959 psalmum
3552 2903 3661 2943 ut.

2162 3072 2435 3130 Venatura
2467 3072 2583 3140 illa,
2630 3087 2662 3129 ο
2694 3073 2859 3138 bone,
2895 3087 3058 3144 quam
3115 3071 3304 3126 venari
3355 3071 3530 3140 cupis,
3564 3068 3668 3124 illis

402 3159 510 3232 μὲν
541 3159 926 3231 συνετωτέροις
959 3158 1077 3213 ἐστὶ
1115 3158 1481 3232 δυσθήρατον·
1515 3162 1630 3226 τοῖς
1659 3161 1715 3215 δὲ
1745 3162 1986 3234 παχυτέ-

2091 3165 2308 3236 quidem
2333 3167 2422 3236 qui
2447 3175 2573 3221 sunt
2598 3165 2960 3230 cordatiores,
2981 3173 3141 3235 captu
3172 3154 3502 3234 perdidicil'is
3533 3171 3654 3224 est;

401 3267 523 3324 ροις
543 3249 836 3324 ἀθήρατον.
871 3251 1050 3324 Ἐφης
1099 3251 1230 3324 γάρ’
1273 3251 1338 3304 Τί
1379 3253 1527 3305 ἐστιν
1550 3267 1562 3282 ν
1593 3270 1612 3306 ι
1649 3253 1836 3320 Ἀπαξ
1870 3255 1988 3310 ἐλά-

394 3345 568 3417 λησεν
605 3344 635 3397 6
665 3343 828 3409 Θεός⁹
869 3341 964 3398 δύο
1008 3341 1182 3398 ταῦτα
1230 3343 1474 3414 ἧκουσας
1527 3363 1547 3396 ι
1595 3340 1766 3416 Οἶμαι
1809 3345 1989 3402 τοίνυν

396 3435 636 3508 (ἐπειδὴ
672 3433 768 3490 τοῦ
800 3435 1071 3505 νοήματος
1101 3431 1208 3504 χρὴ
1253 3432 1461 3498 ἀνοῖξαι
1509 3433 1609 3499 τὰς
1643 3435 1844 3504 θύρας,
1893 3439 1988 3494 καὶ

394 3529 519 3590 τοῖς
553 3525 938 3597 συνετωτέροις
972 3527 1178 3596 ἐφεῖναι
1217 3526 1278 3577 τὸ
1318 3523 1386 3580 τά
1418 3525 1656 3582 ἀδύνατα
1687 3527 1783 3582 τοῦ
1815 3529 1982 3601 ῥητοῦ

398 3617 815 3690 κατοπτεῦσαι)
847 3617 1020 3682 οὕτως
1068 3616 1354 3688 εἰρῆσθαι,
1395 3617 1471 3683 ὡς
1501 3619 1564 3675 ἄν
1593 3637 1675 3685 τις
1709 3621 1852 3675 εἴποι
1875 3637 1888 3652 ·
1930 3622 1990 3676 Ὀ

396 3712 554 3766 δεῖνα
575 3708 723 3777 ἅπαξ
753 3708 854 3780 μέν
886 3727 976 3781 μοι
1008 3711 1263 3779 συνέτυχε
1285 3725 1298 3740 ο
1333 3712 1462 3782 περί
1499 3711 1556 3764 δὲ
1611 3712 1883 3786 διαφόρων
1913 3714 1992 3769 δι-

402 3799 611 3872 ελέχθη
647 3799 1012 3871 πραγμάτων.
1042 3793 1208 3864 Οὗτος
1241 3798 1338 3872 μὲν
1360 3798 1498 3856 οὖνὸ
1527 3803 1816 3876 πρόχειρος
1845 3804 1988 3870 νοῦς.

412 3893 479 3947 '0
506 3893 565 3946 δὲ
607 3891 906 3964 βαθύτερος
945 3893 1042 3946 καὶ
1071 3891 1525 3966 είλικρινέστερος
1570 3897 1627 3950 ἐν
1660 3897 1860 3962 πάσαις
1893 3897 1993 3969 μὲν

402 3983 736 4056 διέσπαρται
771 3985 893 4049 ταῖς
934 3983 1194 4055 Γραφαῖς·
1227 3982 1284 4038 ἓν
1317 3983 1372 4038 δὲ
1399 3985 1432 4056 ἢ
1455 3987 1707 4060 δεύτερον
1739 4007 1993 4062 μεταχει-

412 4075 712 4147 ρισάμενος
739 4075 936 4144 φράσω
955 4116 968 4140 ,
1009 4077 1059 4130 εί
1104 4077 1198 4131 καὶ
1231 4075 1324 4128 ἐπὶ
1355 4079 1556 4143 πολλάς
1600 4080 1746 4135 ἐστιν
1769 4083 1994 4155 ἐκδοχάς

407 4165 614 4238 τρέψαι
641 4165 736 4238 τὴν
763 4165 1020 4232 διάνοιαν,
1051 4167 1316 4238 ἐχομένας
1346 4169 1442 4239 τῆς
1471 4169 1566 4222 τοῦ
1605 4171 1860 4242 Μελῳδοῦ
1897 4191 1994 4243 με·

328 4261 340 4270 ’
408 4255 698 4326 γαλονοίας
740 4253 854 4328 (74)
894 4255 1114 4328 Ἐπειδὴ
1142 4254 1336 4312 εἶπενὸ
1359 4257 1492 4322 Θεὸς
1523 4259 1598 4330 τῷ
1639 4260 1827 4332 Ἀδάμο
1869 4281 1888 4313 ι
1921 4264 1995 4334 Γῆ

411 4345 487 4409 εἴ,
511 4342 604 4396 καὶ
627 4347 702 4410 εἰς
725 4346 829 4417 γῆν
854 4345 1149 4418 ἀπελεύσῃ·
1182 4367 1201 4401 ι
1233 4349 1293 4402 οὐ
1318 4349 1624 4421 προσέθηκε
1655 4351 1732 4418 δὲ,
1777 4353 1998 4424 Ἀφανιο·

412 4441 616 4516 σθήσῃ,
641 4440 764 4494 οὐδὲ
799 4439 876 4511 μὴ
911 4440 1266 4512 ἐτἰοινελεὺσιςι⁸
1301 4441 1410 4510 ἐγὼ
1443 4441 1532 4496 διά
1559 4441 1654 4496 τοῦ
1693 4444 1868 4499 ταῦτα
1893 4463 1998 4500 παο

2094 3257 2454 3312 crassioribus
2506 3266 2684 3312 autem
2728 3271 2793 3310 ac
2851 3256 3224 3326 pinguioribus
3249 3263 3407 3324 captu
3462 3252 3665 3324 impos-

2094 3348 2287 3404 sibilis.
2343 3347 2634 3415 Quterebas
2681 3347 2848 3415 enim,
2891 3346 3019 3415 quid
3076 3345 3148 3401 sit
3199 3345 3328 3400 illud
3366 3363 3379 3399 :
3422 3363 3440 3394 ι
3487 3341 3666 3399 Semel

2095 3441 2311 3496 locutus
2357 3449 2442 3495 est
2491 3439 2652 3506 Deus,
2710 3440 2815 3493 duo
2870 3439 2984 3494 haec
3035 3435 3214 3492 audivi
3235 3436 3300 3492 ".
3357 3454 3374 3487 ι
3423 3434 3668 3489 Arbitror

2097 3533 2262 3604 igitur
2287 3532 2563 3601 (quoniam
2617 3529 2924 3586 intellectus
2968 3531 3147 3600 janna:
3179 3527 3482 3600 aperiendae
3521 3535 3666 3588 sunt,

2097 3631 2152 3676 et
2189 3619 2708 3692 intelligentioribus
2738 3619 3178 3690 permittendum,
3217 3629 3274 3673 ut
3317 3617 3670 3688 impo.~sibi|ia

2101 3712 2301 3785 (vulgo)
2342 3711 2502 3781 hujus
2539 3713 2666 3768 dicti
2705 3711 3167 3781 contemplemur)
3204 3712 3278 3765 ita
3323 3711 3423 3764 hoc
3467 3709 3670 3764 dictum

2097 3819 2240 3871 esse,
2283 3812 2344 3858 ut
2397 3805 2442 3859 si
2491 3805 2612 3875 quis
2647 3805 2795 3859 dicat
2849 3820 2863 3858 :
2910 3802 3006 3858 ille
3060 3802 3228 3858 semel
3271 3801 3488 3871 quidem
3542 3795 3674 3852 mihi

2100 3895 2373 3962 occurrit;
2419 3895 2486 3950 de
2540 3895 2772 3950 diversis
2813 3903 2993 3950 autem
3031 3893 3299 3964 capitibus
3355 3891 3517 3946 verba
3559 3905 3672 3944 me-

2103 4003 2225 4044 cum
2269 3986 2709 4044 communicavit.
2763 3986 2865 4042 Hic
2924 4001 3054 4042 sane
3098 3985 3290 4040 obvius
3351 3993 3436 4040 est
3483 3997 3674 4038 sensus

2102 4078 2218 4148 ejus
2265 4079 2412 4135 dicti.
2471 4078 2798 4134 Profundior
2853 4087 3032 4135 autem
3090 4087 3253 4147 atque
3302 4075 3565 4132 sincerior
3620 4075 3672 4128 in

2103 4173 2354 4227 omnibus
2390 4171 2608 4241 quidem
2651 4169 2952 4240 Scripturis
3000 4169 3200 4240 passim
3230 4167 3510 4237 dispersus
3535 4175 3617 4221 est
3654 4182 3670 4219 :

2105 4277 2270 4316 nnntn
2303 4272 2482 4317 tamen
2533 4263 2795 4318 duntaxat
2841 4263 3140 4317 alterumve
3183 4262 3237 4314 in
3285 4271 3478 4314 manus
3527 4270 3677 4313 sum-

2104 4362 2254 4424 ptum
2285 4353 2741 4418 commemorabo,
2789 4353 3036 4422 quamvis
3062 4353 3115 4406 in
3151 4351 3347 4406 multos
3401 4365 3463 4406 ac
3493 4349 3676 4404 varios

2107 4444 2417 4500 intellectus
2467 4443 2628 4500 liceat
2679 4452 2894 4499 vertere
2947 4442 3374 4512 cogitationem,
3431 4439 3522 4510 qui
3566 4439 3678 4494 sint

413 4533 894 4607 ρασεσιωπῆσθαι,
921 4533 1020 4604 τὴν
1049 4531 1344 4588 ἀνάστασιν
1382 4534 1831 4606 προσυπήκουσα.
1879 4537 1986 4590 Ἐλ-

2104 4534 2455 4590 consentanei
2529 4533 2850 4590 sublimibus
2913 4532 3317 4604 Psalmographi
3396 4531 3670 4590 sensibus.

406 4621 547 4679 πίδα
591 4623 699 4696 γάρ
739 4624 999 4678 ἐπανόδου
1053 4621 1131 4694 τῷ
1181 4623 1446 4696 ἐξορίστῳ
1491 4623 1712 4680 ἔδωκεν.
1775 4625 1844 4680 Ἦ
1889 4627 1997 4701 γὰρ

408 4717 712 4785 ἀπόφασις,
762 4717 1092 4787 μονότροπος
1133 4709 1270 4768 εἶναι
1299 4713 1528 4768 δοκοῦσα
1553 4716 1701 4785 (75),
1743 4717 1998 4788 ἐμφαίνει

413 4806 708 4878 βασιλικὴν
731 4807 1162 4880 φιλανθρωπίαν,
1189 4807 1284 4860 καὶ
1306 4806 1564 4860 ἐπανόδου
1587 4809 1760 4862 τίκτει
1784 4809 1996 4866 ἐλπίδα.

411 4896 530 4952 Καὶ
554 4895 832 4952 Νινευῗται
861 4898 916 4952 δὲ
948 4897 1224 4970 ἄνθρωποι
1253 4896 1540 4968 βάρϐαροι,
1569 4899 1754 4969 σχεδὸν
1780 4901 1997 4968 ἀπόφα-

412 5007 506 5046 σιν
533 4989 782 5060 καθαρὰν
807 4988 1110 5060 δεξάμενοι,
1142 4988 1296 5044 οὐδὲν
1329 4988 1602 5062 βάρὸαρον
1631 4987 1851 5056 ἔπαθον,
1879 4989 1998 5044 ἀλλ’

2101 4624 2271 4698 498
2296 4624 2560 4694 Quoniam
2591 4625 2799 4682 Adamo
2830 4625 2967 4680 dixit
3002 4625 3140 4682 Deus
3178 4641 3191 4679 :
3233 4643 3254 4677 ι
3285 4623 3455 4680 Terra
3493 4638 3576 4691 es,
3609 4633 3665 4680 et

2107 4719 2159 4776 in
2191 4728 2391 4773 terram
2432 4717 2722 4775 reverteris
2746 4717 2829 4785 “;
2871 4736 2888 4770 ι
2921 4731 3025 4773 non
3085 4717 3291 4773 addidit
3325 4728 3506 4772 autem
3548 4734 3562 4772 :
3617 4715 3678 4772 In

2108 4808 2333 4865 nihilum
2367 4809 2653 4878 redigeris,
2699 4823 2874 4879 neque
2912 4809 3107 4865 iterum
3163 4809 3404 4874 redibis;
3445 4822 3545 4879 ego
3583 4821 3684 4880 per

2107 4903 2182 4966 id,
2217 4901 2358 4972 quod
2399 4901 2498 4957 ista
2549 4899 2765 4958 silentio
2812 4900 3085 4971 praeterita
3120 4911 3279 4968 ειιιιι,
3335 4897 3680 4958 subintellexi

2105 4993 2580 5048 resurrectionem.
2615 4991 2778 5062 Spem
2801 4989 2944 5045 enim
2975 4990 3302 5046 reversiouis
3319 4985 3676 5046 deditexsuli.

495 5149 538 5182 “
568 5147 728 5205 Prov.
762 5161 914 5214 xxiv,
947 5145 1038 5202 25.
1115 5147 1160 5179 ⁶²
1197 5143 1337 5200 Psal.
1373 5145 1593 5210 uni“).
1655 5144 1698 5176 °'
1725 5145 1860 5206 Gen.
1899 5160 1981 5213 ιιι,
2019 5144 2108 5200 19.

1534 5297 1769 5354 VARUE
1812 5298 2193 5375 LECTIO‘AES
2221 5299 2310 5354 ET
2350 5298 2582 5356 NOTAE.

500 5464 616 5528 (7:!)
657 5463 714 5518 In
746 5463 828 5534 tit.
854 5461 1085 5530 διακόνῳ
1107 5469 1276 5516 mutat
1299 5460 1662 5534 intrandum
1683 5461 1848 5534 codex
1874 5459 1994 5534 Vat.

420 5537 559 5593 εδο.
600 5535 757 5590 Vers.
804 5533 839 5588 5
876 5548 960 5600 ep.
1011 5547 1106 5604 pro
1145 5537 1241 5604 μὴι
1268 5530 1392 5585 end.
1429 5530 1582 5604 idem
1633 5531 1796 5604 habet
1839 5531 1993 5604 μηδὲ.

423 5607 590 5663 Vera.
625 5619 739 5673 seq.
774 5598 923 5659 idem
949 5598 1025 5658 εί
1048 5598 1344 5673 tamtam
1370 5600 1624 5671 tollit-ip.
1685 5598 1894 5656 Possm.

504 5675 618 5748 (75)
646 5667 776 5732 Cod.
811 5674 928 5730 Vat.
966 5667 1111 5727 addit
1139 5667 1252 5726 καίζ
1277 5667 1352 5723 In.

2179 5461 2291 5546 (7.4,)
2331 5461 2467 5546 A'nte
2493 5460 2682 5532 ἐπειδὴ
2738 5453 2891 5514 εἶπεν
2955 5459 3164 5532 supplet
3194 5457 3312 5514 cod.
3352 5453 3530 5510 Vatic.
3565 5455 3692 5513 650.

2115 5531 2320 5722 δῖιθὲξ
2350 5529 2460 5659 μ’ίο
2505 5599 2642 5658 εἶναι
2695 5600 2930 5656 δοκοῦσα
2989 5599 3126 5657 idem
3173 5594 3502 5666 simpliciter
3541 5592 3691 5663 ponit

2117 5687 2266 5722 ουσα.
2321 5686 2371 5722 n.

2117 5687 2266 5724 ουσα.
2299 5686 2371 5726 ΙΙ).
