4078 6434
433 281 564 347 ιειι

808 401 996 471 PNq'.
1026 433 1095 443 -
1129 405 1488 481 Ειιιιιτιιτᾳ
1511 409 1646 482 (oe).

436 495 499 548 Τί
549 493 704 556 ἐστι,
761 512 780 544 ι
822 495 894 548 Τὸ
943 496 1232 570 acerrimo].
1278 497 1387 567 τῆς
1418 502 1733 570 πτώσεως,
1792 505 1888 558 καὶ
1946 507 2011 559 τὸ

885 565 1069 620 κόνδυ
1105 566 1210 620 τοῦ
1250 565 1460 636 θυμοῦ.
1508 589 1526 620 ι

501 676 575 728 Τὸ
611 677 868 748 ποτήριον
909 677 1168 742 πτώσεως
1220 681 1314 734 καὶ
1347 681 1504 736 κόνδυ
1534 684 1708 755 θυμοῦ
1741 688 2014 759 τιμωρίας

428 771 543 832 τοῖς
569 767 866 822 πταίσασιν
896 769 1111 824 ἀπειλεί
1141 769 1276 835 Θεὸς
1296 774 1377 836 εἰς
1405 773 1711 847 διόρθωσιν,
1745 779 1876 832 ποτὲ
1911 781 2010 851 μὲν

431 859 818 928 Βαϐυλωνίοις,
861 861 991 915 ποτὲ
1033 862 1090 914 δὲ
1123 863 1428 934 Ἀσσυρίοις
1482 867 1824 940 ἐγχειρίζωνο
1869 871 2012 942 άπερ

425 951 732 1004 ἑκποθέντα
778 950 882 1004 ὑπὸ
947 951 1238 1024 Ἐϐραίων,
1295 955 1494 1020 αὐτοὺς
1566 959 1667 1027 μὲν
1749 960 2008 1031 ὲμέθυσε,

431 1043 699 1115 βελτίονος
731 1044 787 1098 δὲ
816 1045 960 1116 ζωῆς
993 1047 1094 1101 οὐκ
1130 1047 1379 1118 ἠξίωσεν.
1418 1051 1478 1104 Ὀ
1526 1051 1583 1106 δὲ
1629 1054 1884 1124 Χριστὸς,
1917 1056 2012 1110 ἐπὶ

429 1137 592 1201 ξύλου
654 1139 914 1208 ποτήριον
977 1138 1134 1204 πιὼν,
1190 1141 1286 1196 καὶ
1334 1143 1561 1212 πικρίαν
1611 1146 1881 1218 ἰάτρευσε,
1917 1150 2012 1204 καὶ

429 1229 770 1300 εὐφροσύνην
802 1230 1102 1300 ἐπήγαγεν.

712 1423 880 1480 PNZ'.
909 1455 980 1467 —
1007 1424 1356 1499 ΔΝΑΤΟΛΙῼ
1381 1429 1722 1500 ,ΔιΑκοΝᾳ

436 1531 500 1586 Τί
521 1531 654 1587 ἐστι
673 1533 739 1588 τὸ
760 1535 1096 1610 ειρημένςον,
1120 1554 1153 1610 λι
1190 1537 1324 1592 Ἐπί
1351 1539 1521 1610 πάσῃ
1541 1539 1721 1610 ψυχῇ
1741 1545 2014 1600 τετελευ-

819 1605 1038 1672 τηκυίᾳ
1069 1608 1180 1660 οὐκ
1201 1605 1566 1679 εἰσεντεύσῂ.⁷
1598 1629 1618 1662 ι

502 1714 598 1778 Τὸ,
634 1733 653 1766 ι
705 1714 829 1770 Ἐπὶ
856 1713 1002 1784 ψυχῇ
1040 1715 1462 1790 τετελευτηκυίᾳ
1493 1719 1595 1774 οὐκ
1645 1721 1950 1795 εἰσελεύσῃ,
1987 1743 2006 1777 ι

431 1805 756 1876 βουλόμενος
805 1807 937 1872 ῐσως
984 1807 1178 1878 μαθεῖν
1221 1810 1528 1881 γέγραφας.
1568 1812 1768 1867 Ἀκουε
1811 1815 2010 1870 τοίνυν.

432 1896 592 1966 Ψυχῇ
623 1897 988 1968 άμαρτησάσῃ
1011 1898 1086 1968 μὴ
1108 1901 1468 1972 κοινωνήσῃς.
1483 1900 1608 1956 Ὅτι
1630 1901 1829 1974 γὰρτὸ,
1856 1923 1876 1956 ί
1899 1905 2014 1958 Οὐκ

427 1984 734 2059 εἰσελεύσῃ,
758 2005 778 2038 ι
809 1987 901 2058 Μὴ
934 1992 1294 2062 κοινωνήσῃς,
1319 1991 1490 2058 ἐστὶν,
1511 1991 1743 2048 ἄκουσον
1763 1993 1817 2047 τί
1849 2010 2014 2065 φησιν

431 2081 466 2150 ἡ
498 2081 686 2152 Σάρρα
719 2079 798 2150 τῷ
837 2080 1114 2155 Ἀϐραάμο
1167 2101 1187 2134 ι
1239 2082 1466 2137 Εῖσελθε
1495 2087 1579 2149 είς
1605 2084 1717 2157 (91)
1750 2084 1852 2157 τὴν
1888 2102 2014 2139 παι-

428 2170 627 2241 δίσκην
657 2188 784 2240 μου,
820 2176 920 2225 καὶ
961 2172 1350 2244 τεκνοποίησον
1403 2173 1463 2241 ἐξ
1496 2176 1684 2246 αὐτῆς.
1729 2195 1748 2227 ι
1807 2176 1931 2230 Ὅτι
1957 2175 2014 2230 δὲ

429 2263 627 2334 νεκρὸν
660 2261 821 2334 σῶμα
848 2263 914 2318 οὐ
962 2263 1164 2334 μιαίνει
1215 2265 1308 2336 (τά
1337 2265 1446 2336 γάρ
1483 2267 1688 2336 φυσικά
1743 2267 2010 2338 ἀναίτια),

433 2355 574 2425 μάθε
624 2357 755 2426 παρ’
796 2355 960 2408 αὐτού
1014 2356 1496 2426 νομοθετήσαντος.
1552 2357 1795 2420 Μωσέως
1845 2357 2010 2428 φημὶ,

429 2447 528 2501 τοῦ
556 2447 644 2502 διὰ
670 2446 839 2500 σκιῶν
869 2449 962 2502 καὶ
1002 2448 1288 2519 συμϐόλων
1331 2447 1432 2518 τὴν
1475 2447 1735 2521 ἀλήθειαν
1765 2451 2012 2522 ὑπογρά-

426 2539 652 2608 ψαντος.
701 2540 935 2604 Ἐκεῖνος
957 2541 1066 2611 γὰρ
1087 2539 1116 2591 ὁ
1140 2538 1312 2594 ταῦτα
1333 2539 1748 2612 διαταξάμενος,
1778 2543 1849 2596 τὰ
1877 2544 2014 2596 ὀστὶ

428 2629 527 2684 τοῦ
564 2630 764 2702 Ἰωσὴφ
791 2631 1106 2704 περιέφερε.
1142 2632 1283 2704 Πρὸς
1303 2632 1362 2686 ὃν
1383 2633 1606 2698 δικαίως
1633 2635 1698 2690 ἂν
1715 2652 1798 2698 τις
1828 2637 2006 2690 εῐποιο

429 2724 497 2778 Τί
529 2727 736 2792 ποιεῖς,
769 2719 814 2778 ὦ
871 2725 1082 2796 Μωσῆ;
1131 2725 1196 2777 Τί
1235 2726 1522 2796 πράττεις,
1567 2725 1603 2781 ἃ
1647 2727 1908 2794 κωλύεις;
1946 2728 2012 2782 Τί

429 2817 722 2888 ὲγγειρετς,
767 2811 852 2881 οἷς
895 2817 1298 2887 ἁπαγορεύεις;
1360 2817 1560 2889 μᾶλλον
1607 2819 1688 2883 δὲ,
1743 2819 1795 2872 τί
1846 2819 2012 2891 πράτ-

427 2923 544 2970 τεις
568 2905 605 2961 ἃ
633 2908 784 2979 νόμῳ
822 2907 1172 2980 ἀπεκήρυξας
1195 2925 1210 2973 ;
1237 2910 1456 2981 γραφήν
1486 2909 1549 2963 σέ
1583 2928 1688 2974 τις,
1736 2910 1812 2974 ὡς
1842 2911 2010 2976 ἔοικε,

429 2999 700 3072 γράψαιτο
719 3000 856 3070 (92),
875 3000 948 3064 ὡς
973 3000 1189 3072 πρῶτον
1215 3002 1412 3056 λύοντα
1432 3003 1524 3057 τὸν
1555 3002 1740 3074 νόμον.
1769 3005 1846 3058 Ού
1872 3004 2008 3070 λύω,

427 3093 618 3162 φησιν,
635 3091 771 3146 ἀλλὰ
785 3091 873 3147 διὰ
897 3091 1088 3147 τούτου
1107 3094 1358 3164 ὲμφαίνω
1377 3095 1435 3148 τὸ
1455 3093 1783 3166 δηλούμενον
1801 3094 1892 3149 διὰ
1916 3094 2012 3150 τοῦ

428 3186 756 3258 γράμματος
783 3187 1018 3258 πρᾶγμα
1067 3186 1550 3260 περιεργάζεσθαι.
1604 3186 1746 3256 Ἐγὼ
1784 3187 1898 3260 γάρ
1931 3205 2010 3241 νε-

427 3277 562 3350 κρὸν
594 3275 846 3348 σώφρονα
869 3279 968 3332 οὐκ
989 3272 1140 3332 οἶδα·
1190 3277 1302 3348 ἐγὼ
1343 3279 1540 3351 νεκρὸν
1573 3278 1666 3332 τὸν
1709 3280 1838 3342 τοὺς
1891 3281 2012 3332 ἐπι-

427 3368 830 3433 ϐουλεύσαντας
881 3370 1324 3442 εὐεργετήσαντα
1386 3371 1487 3424 οὐκ
1537 3371 1884 3442 ἐπίσταμαιο
1941 3367 2008 3441 ζῇ

427 3461 510 3535 τῷ
549 3461 692 3532 Θεῷ,
724 3461 830 3516 κᾶν
871 3462 1005 3532 ἡμῖν
1035 3461 1175 3526 τέως
1203 3462 1397 3534 νεκρὸς
1435 3461 1544 3536 (93)
1581 3463 1858 3532 φαίνηται.
1901 3465 2012 3516 Καὶ

427 3556 560 3625 ύμῖν
601 3554 658 3608 δὲ
711 3551 987 3624 παραινῶ,
1039 3552 1114 3624 μὴ
1167 3555 1327 3624 μόνον
1381 3554 1480 3626 τὴν
1528 3553 1728 3626 νεκρὰν
1785 3555 2011 3625 φεύγειν

423 3643 727 3714 ἁμαρτίαν,
781 3643 918 3698 ἀλλὰ
968 3644 1104 3715 μηδὲ
1131 3646 1242 3708 τοῖς
1287 3646 1662 3717 ἁμαρτάνουσι
1707 3647 2006 3702 κοινωνεῖν.

425 3735 512 3790 Τὰ
571 3735 670 3807 μὲν
698 3734 826 3806 ’γὰρ
875 3736 1080 3805 φυσικὰ
1139 3735 1494 3807 ἐλαττώματα
1519 3737 1653 3808 (94),
1678 3737 1860 3800 αἰτίας
1906 3736 2012 3802 ἔξω

427 3829 769 3898 ἐσκήνωται·
812 3826 962 3880 τὰδὲ
983 3828 1048 3880 ἐκ
1104 3827 1500 3899 προαιρέσεως,
1545 3829 1880 3900 κατηγορίας
1913 3829 2010 3883 καὶ

409 3921 700 3993 ,τιμωρίας
727 3920 874 3986 ἄξια.
916 3921 1028 3976 Καὶ
1072 3921 1120 3974 εἰ
1161 3921 1486 3991 βασανίσετε
1523 3921 1621 3992 τὴν
1650 3921 1816 3987 λέξιν,
1861 3923 2009 3977 τοῦθ’

424 4013 714 4084 εὑρήσετε.
747 4012 820 4066 Οὐ
851 4013 959 4083 γὰρ
989 4005 1143 4066 εἷπον
1163 4029 1176 4041 ·
1232 4011 1348 4064 Ἐπ’
1393 4011 1688 4082 ἀνθρώπῳ,
1711 4012 1746 4082 ἢ
1795 4011 2009 4082 σώματι

423 4103 860 4175 τετελευτηκότι,
909 4103 1024 4158 ἀλλ’
1077 4103 1178 4158 ἐπὶ
1236 4101 1430 4172 ψυχῇ.
1486 4102 1647 4173 Ψυχὴ
1683 4102 1792 4172 γὰρ
1823 4103 2004 4174 ἁμαρ-

423 4195 684 4260 τάνουσα,
707 4193 1078 4249 ἀποθανεῖται.
1114 4194 1178 4246 Ei.
1203 4194 1310 4265 γὰρ
1339 4194 1401 4246 τὸ
1427 4193 1619 4262 νεκρὸν
1650 4191 1812 4264 σῶμα
1837 4193 2005 4262 μολυ-

425 4285 585 4356 σμὸς,
620 4285 741 4348 πῶς
771 4285 865 4340 καὶ
884 4283 1133 4355 Σολομῶν
1177 4283 1304 4356 (χρὴ
1327 4285 1436 4355 γὰρ
1455 4285 1550 4340 καὶ
1582 4285 1730 4356 ἡμᾶς
1757 4285 2011 4354 προσθεῖ-

423 4395 514 4432 ναι
564 4379 632 4448 τῇ
689 4377 934 4440 Μωσέως
985 4376 1284 4448 ἀπολογίᾳ)
1335 4377 1541 4445 ἔλεγενο
1591 4395 1610 4428 ι
1673 4377 1904 4446 Ἀγαθὸν
1948 4379 2010 4432 τὸ

1348 295 1883 360 EPISTOLARUM
1917 301 2062 362 LIB.
2106 301 2204 366 IV.
2227 333 2291 341 -
2315 256 2550 370 EPIS’li.
2591 311 2812 372 CLVII.

2037 423 2084 478 A

3561 320 3696 384 1242

2554 424 2736 480 CLVI.
2771 456 2840 466 —
2873 425 3237 482 EPICTETO.

2119 515 2260 581 Quid
2276 518 2344 570 sit
2363 517 2519 583 illud,
2551 537 2568 570 ι
2592 517 2822 573 Calicem
2849 520 3039 588 ruitur,
3057 529 3105 574 et
3123 521 3338 576 calicem
3357 522 3636 592 furoris".
3667 545 3688 578 ι

2187 695 2328 751 Deus
2357 696 2702 764 peccantibus
2737 695 2986 766 poculum
3026 696 3195 752 ruinae
3244 708 3300 752 et
3338 698 3564 755 calicem
3609 701 3693 755 in-

2115 786 2446 859 dignationis
2488 802 2552 843 ac
2601 787 2822 843 ultionis
2877 789 2943 842 ad
2991 787 3386 844 correctionem
3447 789 3693 858 ipsorum

2119 879 2507 945 comminatur,
2531 877 2669 933 alias
2728 877 2945 948 quidem
2994 875 3324 951 Babyloniis,
3385 880 3518 936 alias
3568 897 3696 937 vero

2113 970 2350 1040 Assyriis
2375 969 2427 1024 in
2467 984 2662 1024 manus
2713 970 2951 1036 tradens,
2999 985 3120 1040 qua:
3162 971 3231 1025 ab
3267 971 3510 1026 llebraais
3535 982 3693 1040 epota

2115 1063 2262 1131 ipsos
2289 1063 2506 1132 quidem
2561 1061 2936 1125 inebriarunt;
2973 1069 3028 1115 at
3075 1063 3301 1116 meliore
3343 1063 3452 1117 vita
3501 1063 3694 1132 dignos

2115 1168 2221 1207 non
2251 1151 2564 1208 eﬂ'eeerunt.
2597 1151 2852 1206 Christus
2889 1158 3071 1206 autem
3103 1168 3223 1207 cum
3247 1152 3301 1206 in
3333 1151 3477 1223 ligno
3512 1166 3684 1222 poeu-

2113 1241 2227 1295 lum
2267 1241 2424 1308 bibit,
2477 1250 2532 1296 et
2577 1240 2997 1296 amaritudinem
3043 1241 3280 1308 sanavit,
3339 1252 3396 1297 et
3450 1241 3694 1297 laetitiam

2113 1331 2358 1388 adduxit:

2390 1439 2594 1505 CLVII.
2617 1469 2690 1480 -—
2713 1438 3060 1497 ANATOLIO
3093 1438 3412 1499 DIACONO.

2115 1549 2260 1618 Quid
2281 1549 2381 1604 sibi
2407 1549 2530 1604 velit
2559 1550 2698 1619 quod
2723 1551 2920 1604 dictum
2945 1558 3045 1617 est,
3080 1568 3099 1603 ι
3131 1547 3305 1616 Super
3327 1551 3472 1606 omni
3509 1551 3692 1608 anima

2466 1628 2678 1675 mortua
2723 1636 2827 1674 non
2859 1621 3171 1690 ingrediaris
3210 1621 3279 1679 ⁷⁸.
3316 1641 3336 1674 ι

2187 1729 2400 1786 Dictum
2437 1729 2570 1785 illud
2603 1749 2618 1784 :
2663 1749 2679 1783 ι
2711 1729 2793 1786 Ad
2821 1731 3059 1786 animam
3087 1741 3355 1788 mortuam
3387 1749 3491 1788 non
3524 1733 3697 1788 intra-

2118 1822 2222 1888 bis,
2263 1840 2283 1874 ι
2318 1823 2384 1878 ad
2441 1836 2527 1878 me
2561 1821 2829 1889 discendi,
2863 1821 2966 1877 nisi
3016 1821 3196 1888 fallor,
3248 1825 3428 1878 studio
3460 1825 3698 1895 perscri-

2116 1915 2292 1986 psisti.
2327 1913 2586 1970 Ausculta
2610 1915 2795 1984 igitur.
2820 1911 2936 1970 Hoc
2959 1915 3072 1970 vult
3094 1915 3275 1970 dicere
3307 1915 3480 1972 :Cum
3514 1917 3693 1970 anima

2121 2015 2334 2060 mortua
2368 2005 2504 2061 nihil
2527 2005 2624 2061 tibi
2653 2013 2774 2062 esto
2823 2007 3161 2062 commercii.
3189 2007 3324 2060 Nam
3357 2009 3500 2076 quod
3535 2006 3690 2070 illud,

2121 2116 2140 2148 ι
2177 2094 2294 2150 Νοιι
2328 2095 2582 2161 intrabis,
2632 2113 2651 2148 ι
2691 2096 2870 2152 valeat
2901 2097 3044 2152 idem
3103 2097 3270 2167 quod,
3303 2096 3420 2151 Non
3443 2111 3690 2151 commu-

2117 2187 2326 2243 nicabis
2373 2187 2498 2254 (vel,
2529 2184 2676 2242 Nihil
2707 2188 2783 2242 rei
2812 2187 3038 2243 habebis
3071 2201 3194 2243 cum
3230 2187 3316 2257 ea)
3340 2228 3355 2255 ,
3395 2187 3516 2240 audi
3564 2185 3692 2254 quid

2117 2277 2279 2332 Sarra
2324 2276 2460 2332 dicit
2501 2276 2854 2332 Abrahamo:
2891 2295 2910 2328 ι
2966 2275 3256 2348 Ingredere
3311 2278 3378 2330 ad
3439 2275 3691 2330 ancillam

2117 2383 2316 2432 meam,
2347 2376 2402 2423 et
2427 2366 2630 2423 liberos
2671 2381 2736 2423 ex
2784 2381 2848 2422 ea
2883 2381 3107 2436 procrea
3140 2365 3208 2420 ⁸⁸.
3252 2383 3272 2418 ι
3315 2364 3468 2432 Quod
3513 2371 3692 2418 autem

2117 2473 2316 2530 corpus
2341 2467 2614 2514 mortuum
2662 2456 2938 2514 neminem
2973 2455 3170 2526 polluat
3215 2456 3517 2526 (naturales
3547 2454 3694 2510 enim

2117 2564 2205 2604 res
2257 2554 2408 2604 extra
2457 2545 2668 2618 culpam
2699 2547 2879 2614 sunt),
2917 2545 3068 2601 disce
3117 2562 3147 2600 a
3193 2546 3502 2616 legislatore
3552 2545 3692 2615 ipso,

2117 2639 2288 2705 Mose,
2315 2639 2559 2708 inquam,
2588 2637 2680 2706 qui
2707 2651 2804 2706 per
2823 2637 3042 2692 umbras
3067 2646 3121 2691 et
3141 2636 3386 2708 symbola
3415 2635 3695 2692 veritatem

2118 2729 2483 2786 adumbravit.
2518 2727 2652 2782 Nam
2683 2727 2772 2784 ille
2803 2727 2944 2799 ipse,
2975 2728 3070 2798 qui
3118 2730 3233 2783 lucc
3271 2729 3544 2799 praecepit,
3572 2742 3696 2784 ossa

2115 2821 2334 2893 Joseplti
2391 2821 2477 2893 (ex
2548 2818 2790 2891 Egypto
2835 2818 3051 2889 ablata)
3097 2819 3562 2876 circumvectavit.
3613 2819 3696 2873 Ad

2116 2928 2276 2984 quem
2301 2929 2408 2970 non
2445 2913 2642 2985 injuria
2665 2913 2789 2984 quis
2817 2911 3018 2970 dixerit
3047 2929 3062 2968 :
3090 2910 3230 2980 Quid
3263 2911 3398 2984 agis,
3421 2925 3453 2968 ο
3479 2909 3698 2982 Moyse?

2117 3005 2262 3072 Quid
2295 3007 2367 3060 ita
2402 3003 2540 3060 facis
2565 3004 2680 3075 ipse
2711 3019 2833 3074 quae
2861 3005 3115 3076 prohibes
3148 3005 3306 3059 aliis?
3339 3004 3477 3071 Quid
3509 3021 3570 3060 ea
3604 3019 3698 3074 ag-

2123 3099 2392 3166 grederis,
2427 3096 2628 3166 quibus
2679 3097 2998 3152 interdicis?
3028 3096 3142 3152 lmo
3175 3097 3342 3153 etiam
3382 3096 3512 3168 quid
3560 3094 3700 3150 facis

2119 3205 2182 3246 ea
2207 3205 2332 3260 qua:
2365 3191 2480 3260 lege
2503 3187 2610 3243 lata
2639 3187 2888 3244 vetuisti?
2923 3189 3104 3243 Dicam
3131 3189 3225 3244 tibi
3249 3178 3531 3258 quispiam
3558 3187 3696 3242 scri-

2117 3290 2308 3352 pturus
2362 3280 2598 3344 videtur,
2651 3287 2906 3348 tanquam
2948 3279 2997 3332 ei
3061 3279 3153 3348 qui
3212 3279 3419 3349 primus
3453 3277 3696 3333 omnium

2117 3375 2286 3429 violes
2315 3373 2510 3444 legem.
2543 3369 2660 3424 Non
2688 3370 2856 3434 violo,
2885 3385 2988 3424 non
3031 3371 3206 3435 solvo,
3236 3369 3432 3438 inquit,
3465 3368 3634 3439 legem
3663 3383 3694 3422 a

2117 3481 2205 3520 me
2239 3464 2438 3530 latam;
2471 3463 2569 3516 sed
2625 3475 2722 3532 per
2763 3461 2866 3515 hoc
2915 3460 3168 3525 ostendo,
3204 3475 3315 3513 rem
3357 3459 3549 3528 ipsam,
3577 3473 3699 3526 qua

2115 3570 2214 3625 per
2238 3551 2575 3622 Scripturam
2603 3565 2667 3604 ac
2698 3549 2863 3605 verba
2900 3549 3030 3620 legis
3065 3549 3425 3620 signilicatur,
3466 3547 3696 3618 diligen-

2115 3657 2200 3702 ter
2226 3661 2346 3702 esse
2377 3643 2782 3700 attendendum.
2819 3641 2930 3712 Ego
2972 3643 3116 3696 enim
3164 3655 3286 3694 eum
3344 3640 3434 3710 qui
3471 3640 3697 3694 castita-

2120 3749 2227 3794 tem
2251 3737 2440 3802 coluit,
2472 3751 2571 3806 pro
2609 3743 2824 3789 mortuo
2865 3749 2970 3788 non
3017 3733 3190 3786 haben
3227 3749 3242 3786 :
3288 3731 3397 3802 Ego
3419 3746 3568 3792 enm,
3603 3731 3696 3798 qui

2129 3830 2350 3890 fratres,
2382 3845 2410 3880 ιι
2435 3827 2632 3897 quibus
2655 3825 2864 3881 insidiae
2900 3824 3000 3880 sibi
3029 3834 3249 3878 structas
3272 3822 3510 3886 fuerant,
3542 3820 3701 3876 bene-

2120 3921 2261 3976 liciis
2287 3915 2492 3982 adfecit,
2525 3916 2838 3972 defunctum
2871 3917 3074 3970 nescio.
3121 3912 3266 3968 Vivit
3297 3913 3424 3978 Deo,
3457 3923 3516 3966 ut
3545 3911 3700 3967 nobis

2117 4009 2335 4066 interim
2376 4009 2442 4063 ad
2499 4016 2711 4076 tempus
2755 4007 3002 4061 videatur
3025 4019 3147 4060 esse
3193 4014 3460 4059 mortuus.
3505 4000 3612 4058 Sed
3643 4010 3701 4056 et

2118 4103 2270 4158 vobis
2307 4105 2556 4156 hortator
2587 4115 2708 4154 sum
2759 4113 2962 4168 vosque
2992 4097 3180 4153 sedulo
3237 4110 3450 4161 moneo,
3497 4101 3556 4148 ut
3591 4108 3704 4150 non

2115 4193 2290 4251 solum
2319 4191 2542 4262 fugiatis
2565 4199 2873 4260 peccatum,
2907 4203 3019 4243 rem
3055 4187 3304 4241 videlicet
3331 4193 3602 4238 mortuam
3635 4187 3694 4234 et

2118 4284 2312 4339 mortis
2341 4281 2790 4346 coneiliatricem,
2829 4293 3018 4335 verum
3049 4278 3212 4332 etiam
3241 4283 3299 4330 ut
3326 4290 3394 4329 ne
3419 4287 3542 4329 cum
3568 4287 3695 4340 pee-

2117 4375 2366 4432 cantibus
2396 4373 2612 4444 quidem
2645 4373 2811 4428 ullum
2841 4369 3087 4428 habeatis
3109 4365 3516 4424 conmercium.
3555 4361 3692 4418 Nam

422 4467 764 4540 πορευθῆναι
790 4470 870 4532 εἰς
906 4463 1054 4522 οἷκον
1092 4467 1346 4532 πένθους,
1375 4468 1408 4537 ἢ
1449 4470 1527 4532 εἰς
1567 4465 1712 4523 οἷκον
1743 4468 2004 4537 γέλωτοςς

2117 4467 2630 4537 naturalesqu'tdem
2666 4465 2909 4522 defectus
2933 4473 3086 4519 extra
3146 4460 3359 4530 culpam
3403 4465 3460 4512 et
3489 4455 3696 4511 crimen

425 4561 557 4625 Πῶς
597 4561 655 4614 δὲ
706 4561 1031 4632 περιστολῆς
1099 4560 1196 4615 καὶ
1259 4559 1554 4630 ἐκκομιδῆς
1584 4559 1871 4630 ,ἐτύγχανε
1933 4561 2005 4616 τὰ

425 4653 696 4724 σώματας
726 4652 852 4717 Πῶς
893 4652 950 4707 δὲ
990 4655 1057 4724 τῇ
1083 4651 1231 4724 οἰκίᾳ
1265 4652 1401 4722 (Μ’)
1443 4651 1781 4722 παρεδίδοτο,
1806 4653 1856 4705 εί
1884 4652 2005 4706 οὐδὲ

497 4833 544 4868 ⁷⁸
573 4832 772 4890 Ezeeb.
805 4849 964 4898 mn,
995 4833 1084 4888 55.

1160 4833 1206 4864 ⁷³
1233 4831 1391 4886 Num.
1435 4849 1506 4896 vt,
1535 4833 1591 4891 6.
1668 4832 1714 4864 ⁸ο
1753 4830 1888 4889 Gen.
1917 4847 2030 4898 xvi,
2056 4830 2110 4887 ‘2.

2115 4568 2408 4617 versantur
2433 4575 2448 4614 :
2482 4560 2634 4630 atqui
2663 4574 2728 4614 ex
2755 4557 2924 4614 libera
2951 4553 3244 4610 voluntatis
3275 4552 3538 4606 electione
3562 4562 3694 4620 pro-

2120 4653 2462 4719 ﬁciscuntur,
2487 4651 2562 4706 illi
2589 4653 2804 4707 demum
2839 4647 3242 4705 accusationem
3269 4653 3323 4701 et
3354 4641 3698 4698 animadver-

1527 4983 1764 5040 VARIIE
1796 4981 2184 5040 LECTIONES
2223 4983 2309 5038 ET
2350 4981 2586 5039 NOTAE.

505 5148 619 5220 (90)
653 5146 780 5220 llaec
823 5144 1052 5220 epistola
1093 5143 1184 5200 hie
1226 5140 1775 5220 ornitt_e_n_da_l_'uera_t;
1831 5146 2016 5196 exstat

427 5209 1054 5301 suimjeupecius'rosiea
1091 5209 2010 5301 ιυιηεφμιξίέξιαιιι,μιιεηιενξξςο

427 5289 522 5370 g9,
542 5289 630 5344 ubi
653 5277 832 5342 varias
859 5277 975 5356 eius
1009 5284 1270 5340 lectiones
1294 5299 1361 5338 cs
1381 5284 1500 5370 cod.
1524 5282 1634 5336 Alt.
1653 5277 2008 5337 reddidimus.

427 5360 641 5415 Possm.

503 5429 618 5567 (91)
651 5427 786 5484 Cod.
816 5425 941 5480 Val.
967 5424 1057 5479 hic
1093 5433 1148 5479 et
1179 5423 1320 5478 infra
1341 5463 1356 5488 ,
1390 5419 1545 5493 πρός.
1573 5418 1654 5474 In.

505 5499 596 5567 (92
658 5497 766 5552 Pro
809 5495 1084 5567 γράψαιτο
1125 5494 1268 5550 idem
1333 5493 1452 5547 cod.
1508 5491 1654 5546 habet

505 5489 618 5570 (92)
658 5497 766 5552 Pro
809 5495 1084 5568 γράψαιτο
1125 5494 1268 5550 idem
1333 5489 1452 5547 cod.
1508 5491 1668 5546 habet
1715 5489 2007 5562 γράψεται.

428 5567 618 5708 ,ν’(θό)
654 5637 758 5694 Pro
795 5636 898 5702 his,
951 5634 1226 5708 itﬁuium
1263 5632 1398 5708 τέως
1445 5629 1662 5708 νεκρὸς.
1717 5633 1834 5687 cod.
1885 5630 2006 5686 Vat.

435 5701 542 5765 650
572 5701 650 5766 sic
685 5701 891 5775 habet,
919 5705 1019 5761 κᾶν
1051 5701 1179 5776 ἡμῖν
1206 5720 1264 5757 τε
1295 5704 1368 5766 ὡς
1403 5701 1609 5771 νεκρός.
1649 5701 1724 5754 In.

2191 5139 2303 5211 (94)
2333 5140 2435 5196 Pro
2463 5139 2823 5204 ἐλαττώματα
2881 5139 3024 5194 idem
3087 5139 3220 5211 coda
3255 5139 3410 5209 ponit
3439 5139 3704 5211 ᾁμαρτήο

2120 5207 2293 5320 μτατα,
2325 5221 2380 5266 et
2425 5226 2564 5266 vers.
2609 5219 2732 5280 post
2758 5211 2814 5276 2,
2843 5225 2942 5280 pro
2983 5207 3306 5282 βασανίσετε
3336 5207 3491 5280 ponit
3523 5207 3700 5279 βᾶσαι·
3789 5245 3796 5252 .

2120 5297 2145 5320 υ
2173 5297 2321 5320 στῆτε.

2117 5297 2325 5335 νισητε.

2189 5346 2320 5421 (94⁸)
2345 5349 2578 5422 Omnino
2605 5350 2883 5421 legendum
2916 5351 3156 5422 mecm,
3183 5359 3262 5422 ιιι
3303 5361 3471 5422 supra
3504 5346 3604 5422 lib.
3628 5363 3702 5413 ιι,

2115 5417 2278 5487 epist.
2303 5417 2428 5484 MG,
2460 5421 2548 5473 ubi
2585 5417 2722 5476 male
2752 5421 2802 5475 in
2835 5417 3158 5476 edill'Pari‘s.
3182 5419 3458 5489 legebatur
3484 5417 3698 5482 οὐσίας,

2117 5503 2219 5544 nec
2256 5493 2446 5544 melius
2489 5491 2540 5544 in
2577 5489 2768 5545 Bavar.
2817 5491 2938 5544 cod.
2993 5489 3163 5552 θείας,
3211 5503 3333 5540 cum
3382 5489 3698 5552 verumsit,

2121 5559 2188 5613 τὰ
2216 5562 2312 5630 τῆς
2339 5561 2489 5623 ὁσίας
2525 5559 2698 5631 αὐτῆς
2729 5559 3051 5631 διέφθαρται
3097 5559 3302 5631 δίκαια.
3339 5557 3614 5631 Inlegrnrn
3643 5567 3698 5631 et

2121 5625 2490 5692 incorruptum
2524 5625 2722 5685 InanSit
2753 5625 2853 5685 hoc
2908 5625 3100 5683 nntncn
3146 5627 3285 5692 apud
3317 5625 3564 5680 eumdem
3595 5625 3696 5680 Isi-

2119 5701 2308 5756 dorunt
2343 5695 2433 5756 lib.
2456 5706 2510 5753 ἰι
2537 5701 2696 5770 epist.
2749 5699 2875 5767 255,
2913 5699 3031 5752 οὐδὲ
3062 5697 3158 5769 τὴν
3195 5695 3348 5749 ὁσίαν
3398 5695 3569 5766 αὐτὴν
3610 5696 3699 5750 αι-
