4078 6434
355 561 510 629 1249

1311 563 1844 626 EPISTOLARUM
1883 567 2029 627 LIB.
2071 561 2508 626 IV.-—EPIST.
2550 563 2810 623 CLXIII.

3488 557 3618 630 1250

364 675 496 746 μὲν,
526 673 600 738 ὡς
623 667 799 741 οἶμαι,
831 669 930 724 οὔκ
955 663 1106 733 ὄντα,
1138 669 1358 723 πιθανὸν
1397 671 1451 724 δέ
1470 670 1747 735 δοκοῦντα,
1782 671 1945 725 πολλὰ

2055 673 2107 728 id
2172 673 2382 728 tametsi
2437 687 2644 737 verum,
2703 681 2760 726 ut
2802 680 2950 740 puto,
3006 686 3114 728 non
3184 672 3276 739 sit,
3334 673 3624 730 verisimile

363 767 473 838 μὲν
515 766 609 820 καὶ
651 763 806 828 ἄλλα,
841 761 935 815 δύο
962 762 1018 816 δέ
1049 762 1145 833 (6),
1183 763 1323 816 κατά
1347 779 1410 830 γε
1448 763 1537 815 τὸν
1571 764 1836 834 ἡμέτερον
1867 763 1948 815 λο-

359 857 590 928 γισμὸν,
645 852 972 925 ἀνατρέπειν
1019 853 1196 908 δοκεῖ’
1245 853 1303 906 ἓν
1349 853 1468 925 μὲν,
1517 856 1578 909 τὸ
1629 858 1703 928 μὴ
1763 857 1950 927 σαφῶς

354 945 711 1020 κεκηρύχθαι
741 947 798 1000 ἐν
824 948 944 1012 ταῖς
966 947 1232 1018 Γραφαίςο
1249 945 1495 1019 δεύτερον
1523 949 1613 1013 δὲ,
1647 951 1681 1020 ἡ
1710 949 1948 1021 ἄκρατος

356 1040 530 1112 λήθη.
565 1039 640 1092 Οὺ
678 1037 956 1108 συνορῶσα
983 1037 1093 1109 γὰρ
1129 1038 1228 1109 (7),
1257 1041 1408 1093 ποῖον
1431 1039 1623 1110 ἔμελλε
1643 1041 1944 1107 τίκτεσθαι,

361 1129 671 1185 σκάνδαλον
703 1128 769 1180 ἐκ
797 1127 891 1180 τοῦ
916 1127 1232 1199 ’διαρρήδην
1269 1131 1642 1201 κηρυχθῆναι·
1676 1132 1806 1203 ῥᾷον
1837 1131 1948 1202 γὰρ

357 1223 462 1275 ἐπὶ
483 1221 584 1290 τὴν
628 1218 688 1284 ἐξ
715 1217 895 1290 ἀρχῆς
921 1218 1306 1290 ἐπαλινδρόμει
1339 1221 1671 1275 κατάστασιν
1695 1238 1710 1254 ο
1749 1221 1816 1293 ἢν
1844 1239 1946 1275 κα-

359 1309 682 1366 ταπεσοῦσα
713 1309 789 1380 (8)
817 1309 975 1362 τοῦτο
1027 1308 1272 1380 μαθοῦσα
1318 1310 1487 1382 ψυχὴ,
1525 1311 1609 1374 τίς
1640 1314 1674 1382 ἡ
1714 1313 1947 1384 ἄκρατος

360 1405 509 1478 αὕτη
544 1406 640 1458 καὶ
687 1404 880 1474 βαθεῖα
917 1402 1078 1475 λήθη,
1107 1403 1184 1466 ώς
1233 1404 1397 1475 μηδὲν
1432 1403 1601 1474 αὐτὴν
1628 1405 1738 1458 τῶν
1771 1407 1946 1459 ἐκεῖσε

361 1497 708 1569 μεμνῆσθαι,
755 1497 932 1550 καίτοι
961 1493 1395 1566 μνημονεύουσα,
1425 1495 1729 1569 ἀνέδραμεν
1756 1496 1822 1550 ἂν
1849 1497 1948 1568 τὴν

357 1595 659 1667 ταχίστην,
722 1595 847 1650 ὅθεν
896 1592 1179 1659 ἐξέπεσεν,
1235 1596 1329 1648 καὶ
1383 1597 1432 1648 εἰ
1487 1597 1714 1668 μυρίους
1779 1598 1948 1669 ἐχρῆν

358 1689 671 1759 ὑποστῆναι
705 1687 924 1750 πόνους.
963 1685 1075 1738 Καὶ
1116 1685 1226 1758 γὰρ
1273 1687 1322 1738 εξ
1373 1685 1638 1756 βασιλέως
1669 1686 1806 1751 υίὸς,
1837 1688 1948 1744 ἀπὸ

362 1781 646 1854 ῥᾳθυμίας
675 1779 754 1851 (9)
777 1779 881 1849 τῆς
913 1778 1200 1848 βασιλικῆς
1224 1778 1323 1849 μὲν
1349 1779 1507 1849 δόξης
1531 1779 1778 1844 ἐκπέσοι,
1809 1780 1948 1850 μετά

357 1871 583 1947 λῃστῶν
615 1869 670 1926 δέ
715 1871 810 1925 καὶ
849 1869 1191 1940 ἀνδροφόνων
1235 1869 1629 1941 συνδιατρίϐειν
1662 1869 1858 1935 ἐλοιτο,
1912 1873 1946 1942 ὴ

361 1963 562 2035 μνήμη
615 1964 717 2033 τῆς
767 1959 991 2030 πρώτης
1047 1959 1353 2030 εὐημερίας
1387 1959 1676 2030 δυνήσεται
1725 1960 1945 2023 ἀπόνως

2053 762 2212 836 505
2244 774 2422 820 tamen
2458 778 2742 834 apparens,
2783 779 2902 818 cum
2939 763 3041 818 alia
3085 765 3247 819 multa
3279 773 3621 836 argumenta,

2053 866 2160 910 Imu
2193 857 2273 913 vel
2321 845 2558 911 Maxime
2596 857 2724 922 duo,
2756 866 2816 911 ut
2853 865 3034 912 nostra
3076 855 3180 912 fert
3223 857 3504 913 sententia:
3543 871 3617 911 ra-

2052 951 2144 1014 tio,
2195 961 2442 1004 evertere
2481 949 2729 1004 videntur
2759 965 2954 1006 :nnum
3005 948 3244 1018 quidem,
3289 952 3430 1019 quod
3478 951 3624 1006 istud

2049 1040 2239 1109 dogma
2272 1039 2324 1094 in
2359 1038 2653 1108 Scripturis
2687 1053 2792 1093 non
2826 1039 2897 1094 sit
2925 1039 3206 1106 perspicue
3229 1041 3572 1108 prredicatum
3601 1057 3617 1102 ;

2050 1129 2277 1184 alterum
2312 1144 2444 1186 vero
2479 1131 2812 1200 impermista
2837 1129 3054 1184 oblivio.
3089 1128 3205 1184 Non
3233 1131 3372 1184 enim
3429 1127 3616 1183 vident

2051 1223 2208 1292 quale
2235 1222 2572 1277 nasciturum
2606 1223 2678 1276 sit
2699 1221 3013 1276 scandalum
3040 1237 3106 1276 ex
3141 1221 3426 1276 manifesta
3457 1230 3620 1292 atque

2050 1315 2254 1370 diserta
2279 1313 2438 1384 hujus
2455 1312 2724 1380 dogmatis
2745 1313 3148 1383 praedicatione.
3172 1311 3406 1366 Facilius
3424 1314 3622 1382 quippe

2049 1409 2114 1460 ad
2157 1423 2305 1474 eum,
2361 1407 2414 1460 in
2464 1419 2571 1476 quo
2615 1406 2683 1458 ab
2717 1392 2872 1459 initio
2915 1403 3038 1468 fuit,
3075 1411 3274 1458 statum
3324 1411 3624 1458 recurreret

2048 1497 2226 1551 anima
2259 1511 2378 1566 qua:
2417 1502 2484 1551 eo
2519 1495 2744 1560 excidit,
2791 1494 2881 1549 ubi
2926 1493 3030 1548 hoc
3065 1490 3335 1548 didicerit.
3368 1491 3624 1558 Qumnam

2047 1589 2164 1646 ha‘c
2197 1599 2281 1644 est
2308 1598 2552 1644 extrema
2590 1596 2646 1643 et
2680 1587 2941 1658 profunda
2975 1583 3198 1648 oblivio,
3234 1594 3294 1639 ut
3337 1583 3471 1638 nihil
3511 1584 3623 1654 ipsa

2047 1682 2310 1746 omnium,
2340 1697 2462 1751 qua:
2501 1682 2553 1735 in
2586 1682 2768 1750 priore
2801 1694 2902 1733 suo
2941 1685 3084 1732 statu
3130 1676 3340 1739 habuit,
3379 1675 3627 1730 recorde~

2050 1773 2179 1828 tur?
2204 1773 2366 1843 Atqui
2396 1773 2442 1829 si
2488 1772 2884 1834 recordaretur,
2916 1783 3078 1839 quam
3121 1766 3408 1822 celerrime
3437 1780 3502 1820 eo
3535 1779 3625 1819 re-

2047 1874 2316 1931 curreret,
2369 1865 2511 1920 unde
2560 1873 2707 1920 esset
2755 1863 2994 1932 delapsa,
3043 1859 3294 1930 quamvis
3337 1865 3627 1913 sexcentos

2049 1963 2326 2025 Oporteret
2368 1954 2602 2009 tolerare
2650 1953 2886 2007 labores.
2943 1950 3076 2004 Nam
3127 1951 3172 2005 si
3214 1949 3356 2018 regis
3397 1945 3626 2014 alicujus

355 2023 597 2124 τάχιστα
620 2023 993 2120 ἐπαναγαγεέν
1026 2023 1251 2120 ἐπὶ-τὴν
1291 2023 1552 2122 πατρῴαν
1585 2049 1761 2116 ἀξίαν.
1795 2052 1857 2106 Ei
1886 2050 1943 2104 δὲ

2055 2023 2197 2101 lilius
2221 2062 2316 2116 per
2341 2046 2645 2101 socordiam
2688 2043 2951 2114 dignitate
2977 2042 3192 2110 quidem
3221 2040 3371 2108 regia
3407 2037 3625 2094 excide-

358 2145 651 2208 παντελῶς
673 2143 1041 2214 ἀποσϐεσθείη
1071 2142 1178 2196 ἀπὺ
1201 2145 1302 2213 τῆς
1327 2141 1509 2212 ψυχῆς
1539 2142 1701 2197 αὑτοῦ
1735 2145 1767 2214 ἠ
1808 2160 1942 2214 προο

351 2241 500 2311 τέρα
558 2237 772 2308 μνήμη,
807 2234 933 2290 οὔτε
990 2235 1213 2308 βαρεῖαν
1264 2233 1672 2304 διαιτηθήσεται
1701 2233 1811 2305 (10)
1845 2235 1946 2305 τὴν

361 2328 511 2401 μετά
537 2328 647 2383 τῶν
674 2327 888 2399 λῃστῶν
915 2325 1214 2396 διαγωγὴν,
1254 2325 1390 2378 ἀλλά
1418 2326 1512 2380 καὶ
1543 2326 1733 2397 ἥδιστα
1763 2326 1946 2390 αὐτοῖς

358 2417 768 2491 συνδιατρίϐοι·
813 2414 939 2471 οὔτε
974 2433 1027 2471 τι
1060 2417 1256 2488 πράξοι
1287 2415 1398 2470 τῶν
1445 2416 1812 2486 ἐπαναγαγεῖν
1845 2417 1944 2471 αύ-

356 2510 457 2566 τὺν
507 2509 827 2581 δυναμένων
878 2508 964 2576 ἐφ’
1028 2507 1096 2579 ἢν
1159 2508 1283 2579 μηδ’
1335 2504 1440 2562 οἶδε
1501 2508 1810 2579 βασιλείαν·
1869 2510 1944 2582 μὴ

357 2600 626 2673 πράττων
675 2599 734 2653 δὲ
780 2598 850 2652 τὰ
891 2598 1127 2671 φέροντα
1168 2598 1336 2652 αὐτὸν
1365 2600 1567 2664 ἐκεῖσε,
1602 2600 1702 2654 οὐκ
1733 2599 1800 2654 ἂν
1846 2601 1943 2654 ἐπ-

355 2692 578 2748 ανέλθοι
629 2689 784 2746 ποτέ.
841 2689 900 2744 '0
950 2689 1050 2759 μὲν
1081 2685 1176 2743 οὖν
1225 2689 1324 2760 τῆς
1357 2690 1578 2761 μνήμης
1614 2690 1806 2760 λόγος,
1838 2691 1942 2760 εἴγ’

354 2784 575 2857 ἀληθὴς
623 2779 692 2855 ἦν
742 2785 784 2854 ἡ
837 2783 1135 2849 ἔκπτωσις,
1201 2783 1404 2848 πάντας
1441 2783 1762 2856 ἀνθρώπους
1812 2786 1944 2858 ἦλα-

357 2894 461 2932 cev
485 2876 601 2949 (Η)
626 2876 719 2930 ἐπὶ
753 2875 850 2948 τὴν
883 2875 1140 2931 ἐπάνοδον
1160 2891 1174 2906 °
1205 2876 1238 2944 ἡ
1270 2874 1327 2928 δὲ
1357 2875 1535 2948 σαφὴς
1563 2875 1673 2931 τῶν
1703 2876 1935 2948 Γραφῶν

357 2968 682 3023 διδασκαλία
713 2968 879 3022 πλέον
907 2967 974 3022 ἂν
1004 2968 1324 3024 ἐϐεϐαίωσε.
1365 2967 1704 3040 Πιστεύομεν
1728 2969 1784 3024 δέ
1807 2969 1942 3024 ἄλλα

353 3059 488 3112 me
530 3057 756 3128 μείζονα
802 3057 962 3128 ἡμῶν
994 3058 1125 3113 ὄντα
1157 3059 1255 3130 τῆς
1285 3059 1446 3125 ἀξίας
1482 3059 1936 3132 ἀποκεκρύφθαιο

362 3151 486 3208 ἀλλ’
513 3151 674 3221 αὕτη,
705 3149 780 3214 ὥς
825 3144 888 3220 γέ
914 3144 1092 3222 οἶμαι,
1126 3151 1377 3220 φαίνεται
1425 3152 1852 3224 ὠφελιμωτάτη,
1881 3152 1942 3206 τὸ

360 3242 506 3314 μηδέ
552 3240 814 3312 ὁπότερον
841 3243 1191 3314 γεγενῆσθαι,
1244 3242 1417 3298 πολλά
1452 3243 1700 3314 δόγματα
1733 3246 1814 3309 είς
1850 3244 1942 3299 τὸν

2055 2144 2158 2199 ret,
2197 2148 2320 2187 cum
2354 2131 2657 2186 latronibus
2690 2141 2870 2185 autem
2901 2138 2959 2184 et
2993 2129 3211 2184 sicariis
3242 2126 3449 2182 versari
3491 2125 3626 2180 mal-

2055 2223 2144 2288 let,
2183 2223 2445 2278 memoria
2483 2237 2607 2278 eum
2661 2231 2810 2278 certe
2854 2220 3054 2291 prioris
3102 2218 3382 2274 felicitatis
3427 2217 3627 2287 poterit

2053 2311 2198 2366 nullo
2235 2312 2450 2381 negotio
2481 2325 2641 2380 quam
2683 2309 2970 2366 celerrime
3021 2308 3284 2364 reducere
3332 2307 3400 2361 ad
3444 2315 3625 2376 pater-

2053 2419 2176 2458 nam
2208 2403 2548 2472 dignitatem.
2580 2401 2674 2457 Sin
2704 2411 2882 2457 autem
2911 2399 3129 2470 penitus
3160 2398 3428 2455 exstincta
3458 2395 3626 2454 fuerit

2050 2504 2210 2564 atque
2242 2495 2416 2548 deleta
2457 2509 2520 2548 ex
2551 2493 2734 2546 animo
2762 2491 2933 2562 ipsius
2958 2493 3108 2562 prior
3139 2489 3426 2554 memoria,
3450 2501 3625 2555 neque

2049 2599 2214 2654 grave
2253 2594 2350 2638 aut
2399 2582 2613 2639 diliicile
2659 2584 2818 2639 ducet
2857 2597 2977 2638 cum
3022 2582 3324 2638 latronibus
3381 2593 3625 2636 commo-

2050 2675 2158 2730 rari
2195 2693 2208 2730 :
2244 2676 2354 2730 imo
2393 2677 2557 2731 etiam
2605 2675 2970 2732 libentissime
3019 2674 3453 2744 suavissimcque
3501 2687 3624 2728 cum

2051 2767 2182 2836 ipsis
2204 2769 2532 2834 versabitur,
2565 2767 2807 2838 nihilque
2831 2781 3056 2837 prorsus
3081 2764 3244 2821 faciet
3269 2779 3481 2832 eorum,
3505 2778 3627 2834 qua:

2050 2869 2272 2930 possent
2320 2861 2496 2930 ipsum
2538 2860 2604 2915 ad
2649 2875 2898 2930 regnum,
2932 2859 3077 2930 quod
3119 2872 3190 2914 ne
3217 2858 3367 2914 novit
3408 2856 3626 2928 quidem

2055 2951 2307 3022 amplius,
2354 2951 2635 3007 reducere.
2670 2950 2808 3006 Cum
2863 2959 3043 3006 autem
3101 2949 3237 3005 nihil
3287 2963 3475 3004 eorum
3505 2963 3628 3020 qua:

2057 3041 2230 3112 ipsum
2253 3041 2378 3096 illuc
2405 3043 2664 3098 reducere
2686 3052 2927 3113 possent,
2955 3040 3138 3108 faciat,
3161 3057 3438 3113 nunquam
3460 3042 3626 3097 etiam

2055 3150 2121 3191 eo
2172 3146 2496 3193 revertetur.
2552 3134 2738 3206 Itaque
2791 3137 3067 3192 memoria:
3109 3137 3284 3202 ratio,
3336 3135 3384 3191 si
3437 3149 3626 3191 verum

2049 3239 2196 3286 esset
2243 3231 2386 3298 quod
2439 3229 2506 3284 de
2561 3229 2712 3300 lapsu
2752 3229 3056 3285 animarum
3135 3229 3392 3296 traditur,
3436 3243 3629 3284 omnes

361 3331 484 3404 βίον
535 3330 883 3400 εἰσεκώμασε
938 3331 1030 3386 τὸν
1085 3333 1375 3405 ἡμέτερον.
1412 3335 1475 3388 Oi
1525 3334 1626 3405 μὲν
1659 3334 1770 3406 γὰρ
1801 3335 1941 3389 οἷον·

2051 3321 2304 3376 homines
2346 3321 2415 3375 ad
2464 3320 2698 3375 reditum
2726 3321 2804 3392 (in
2853 3320 3090 3390 priorem
3130 3331 3330 3378 statum
3374 3322 3626 3379 felicissi-

2050 3409 2216 3432 ._.--...\
2259 3409 2598 3432 2__--l2_--a-
2653 3409 2841 3432 -I_2_J-
2885 3411 3164 3432 ----..ε----
3218 3411 3618 3432 u-_2_._-__-__-._

356 3441 457 3480 ται
491 3424 628 3497 (12),
659 3422 984 3478 σϐέννυσθαι
1021 3423 1160 3496 μετὰ
1185 3424 1280 3478 τοῦ
1324 3424 1574 3494 σώματος
1603 3424 1702 3496 τὴν
1728 3425 1905 3498 ψυχήν
1925 3441 1938 3455 ·

357 3515 416 3568 οι
443 3512 504 3567 δέ
551 3513 636 3566 ὃτι
669 3512 1079 3578 ἀπολαύσοντες
1115 3513 1278 3585 μόνον
1307 3514 1418 3568 τῶν
1455 3515 1512 3568 ἐν
1551 3515 1689 3585 τῷδε
1719 3514 1797 3586 τῷ
1847 3515 1944 3586 βίῳ

355 3605 550 3660 καλῶν
601 3605 964 3678 παρήχθησαν
1011 3607 1092 3669 είς
1126 3605 1218 3660 τὸν
1247 3605 1392 3678 βίονο
1423 3606 1518 3660 καὶ
1567 3609 1618 3660 oi
1650 3607 1750 3677 μὲν
1787 3607 1944 3660 αὐτο-

361 3697 644 3772 ματισμὸν
681 3698 1100 3770 ἐφαντάσθησαν
1119 3714 1131 3727 ·
1166 3699 1214 3752 οἱ
1245 3698 1304 3752 δέ
1333 3699 1645 3770 εἱμαρμένῃ
1667 3698 1762 3751 καὶ
1792 3699 1944 3767 γενέ-

359 3807 453 3846 σει
503 3789 602 3845 καὶ
635 3789 778 3863 τύχῃ
824 3791 896 3844 τὰ
949 3790 1074 3845 καθ’
1122 3791 1351 3855 ἑαυτοὺς
1387 3789 1732 3862 ἐπέτρεψαν·
1764 3791 1859 3846 καὶ
1895 3793 1944 3844 oi.

363 3879 474 3953 μὲν
502 3880 764 3953 γεννητὸν
787 3882 900 3953 (15)
925 3878 1064 3937 εἶναι
1086 3881 1180 3937 τὸν
1200 3883 1408 3954 κόσμον
1432 3883 1780 3954 ἀπεφήναντο
1809 3881 1941 3954 (14)·

357 3973 418 4027 οἱ
447 3972 509 4027 δδ
552 3971 646 4027 τὸν
681 3972 781 4046 μὲν
829 3973 1060 4046 οὐρανὸν
1099 3975 1357 4048 προνοίας
1395 3973 1698 4046 ἠξιῶσθαιο
1734 3973 1835 4044 τὴν
1887 3975 1947 4028 δὲ

357 4063 472 4136 γῆν
494 4064 646 4137 οὐχί·
680 4067 732 4120 oi
763 4066 808 4120 δ’
840 4065 946 4120 ὑπὸ
977 4066 1079 4138 τῆς
1109 4065 1305 4131 κακίας
1331 4067 1393 4120 τὸ
1427 4067 1588 4136 σῶμα
1612 4066 1943 4134 πεπλᾶσθαι,

359 4156 464 4210 καὶ
513 4157 588 4229 μὴ
631 4156 895 4212 δύνασθαι
944 4157 1148 4230 ἀρετῆς
1190 4159 1421 4228 ὄργανον
1469 4153 1646 4212 εἶναι’
1683 4157 1778 4210 καὶ
1809 4157 1945 4212 ἄλλα

365 4247 571 4319 μυρίαο
602 4249 769 4320 ἆπερ,
808 4248 894 4304 ἵνα
926 4249 1002 4322 μὴ
1030 4250 1090 4306 τὸ
1114 4250 1344 4319 λογίδιον
1372 4249 1726 4322 μηκύνωμεν,
1763 4265 1944 4320 παρα-

360 4337 556 4408 λείψω.
589 4339 774 4394 Ταῦτα
823 4340 881 4394 δέ
917 4341 1098 4396 πάντα
1147 4339 1380 4412 ἐσϐέσθη
1406 4340 1542 4413 (15),
1573 4339 1702 4412 ἦνή
1753 4340 1945 4412 μνήμη

359 4429 468 4498 τῆς
496 4429 770 4500 προτέρας
801 4431 1192 4496 καταστάσεως
1223 4433 1498 4505 ἐνυπῆρχε
1526 4434 1595 4504 τῇ
1623 4431 1792 4504 ψυχῇ,
1825 4431 1944 4486 sive

359 4519 578 4592 ἀληθὴς
612 4517 682 4592 ἦν
712 4523 742 4575 δ
779 4523 882 4593 τῆς
929 4521 1260 4587 ἐκπτώσεως
1306 4522 1482 4592 λόγος,
1525 4523 1620 4576 καὶ
1653 4523 1704 4575 εί
1747 4523 1807 4576 ἐν
1838 4528 1946 4586 τοῖς

363 4612 540 4684 ἱεροῖς
587 4614 860 4684 χρησμοῖς
896 4612 1211 4684 σαφέστατα
1263 4611 1543 4684 ἐκηρύχθη
1585 4611 1758 4684 αὐτῆς
1779 4612 1814 4684 ἠ
1859 4608 1954 4665 ιιι-ι

2049 3409 2217 3482 ιηιιιιι)
2259 3409 2598 3480 impulisset;
2649 3409 2843 3465 deinde
2885 3411 3172 3480 perspicua
3216 3411 3624 3482 Scripturarum

2045 3502 2293 3558 doctrina
2324 3503 2498 3574 magis
2527 3502 2693 3559 etiam
2734 3501 2954 3558 eosdem
2987 3505 3387 3559 conﬁrmasset.
3431 3503 3626 3559 Credi-

2047 3610 2166 3650 mus
2187 3595 2332 3650 enim
2359 3595 2462 3650 alia
2494 3595 2764 3665 quadam,
2799 3603 3046 3649 nostrum
3089 3593 3344 3648 meritum
3381 3593 3622 3666 dignita-

2047 3697 2264 3756 temque
2292 3687 2449 3756 longe
2473 3685 2815 3750 excedentia,
2842 3684 3122 3740 recondita
3151 3699 3275 3741 esse
3305 3684 3466 3741 nobis
3484 3700 3623 3756 pra:-

2047 3779 2174 3834 mia.
2211 3777 2316 3833 Sed
2348 3779 2482 3844 haec,
2515 3787 2576 3832 ut
2607 3791 2706 3848 ego
2751 3777 3030 3842 existimo,
3059 3777 3276 3833 videtur
3306 3776 3619 3842 utilissima,

2047 3874 2192 3942 quod
2237 3869 2438 3927 abolita
2485 3869 2680 3940 prioris
2733 3877 2910 3924 status
2957 3869 3154 3923 animae
3202 3867 3254 3923 in
3313 3883 3420 3938 quo
3460 3868 3622 3924 fuerit

2048 3963 2328 4026 memoria,
2359 3962 2524 4016 multa
2552 3977 2616 4016 ae
2641 3961 2790 4016 varia
2822 3961 2874 4014 in
2906 3959 3075 4016 vitam
3103 3968 3343 4015 nostram
3367 3960 3620 4030 dogmata

2048 4051 2380 4122 importavil.
2428 4051 2532 4107 Alii
2567 4065 2803 4122 namque
2845 4059 3038 4122 putant
3067 4050 3342 4121 exstingui
3381 4051 3616 4107 animam

2047 4163 2168 4201 cum
2199 4161 2457 4217 corpore;
2498 4146 2592 4201 alii
2623 4160 2756 4202 vero
2787 4147 2929 4221 quod
2971 4146 3026 4200 in
3055 4145 3222 4202 vitam
3251 4147 3388 4199 hanc
3418 4145 3620 4214 produ-

2047 4239 2122 4294 eti
2168 4239 2278 4294 sint
2315 4239 2471 4308 quasi
2518 4239 2680 4310 hujus
2727 4245 2934 4293 tantum
2983 4239 3108 4292 vitae
3150 4238 3306 4292 bonis
3336 4236 3622 4306 perfruen-

2046 4330 2173 4386 dum
2210 4330 2315 4385 sibi
2345 4341 2507 4385 esset.
2548 4327 2615 4384 Et
2643 4328 2734 4384 alii
2772 4331 2990 4398 quidem
3029 4343 3216 4384 casum
3247 4329 3621 4390 temerarium.

2047 4437 2157 4492 quo
2181 4423 2360 4478 omnia
2391 4421 2700 4489 volvantur,
2731 4421 3108 4492 exeogitarunt
3132 4437 3150 4488 ;
3174 4419 3262 4475 alii
3299 4430 3480 4476 autem
3509 4420 3624 4476 fatu

2048 4525 2103 4570 et
2127 4516 2442 4572 necessitati
2472 4524 2629 4570 ortus
2658 4524 2713 4569 et
2743 4515 2974 4569 fortuna:
3001 4529 3090 4569 res
3125 4514 3390 4567 humanas
3423 4515 3614 4582 permi-

2047 4618 2237 4665 serunt
2279 4607 2762 4664 administrandas.
2802 4605 2869 4660 Et
2900 4606 2992 4660 alii
3033 4606 3249 4676 quidem
3285 4615 3463 4661 ortum
3503 4621 3626 4690 esse

359 4719 598 4769 πτωσις,
627 4701 868 4758 καλοῦσα
896 4704 988 4758 ἐπὶ
1013 4705 1115 4776 τὴν
1145 4704 1424 4759 ἐπάνοδον.
1451 4704 1549 4758 Διά
1583 4702 1682 4775 μὲν
1710 4701 1820 4773 γάρ
1847 4701 1943 4756 τοῦ

2056 4701 2312 4754 mundum
2366 4699 2792 4769 pronuntiarunt
2849 4699 2982 4758 (alii
3043 4707 3235 4754 contra
3298 4699 3366 4753 ab
3419 4708 3623 4754 aeterno

359 4791 589 4866 πρώτου
619 4795 715 4849 καὶ
744 4793 1006 4867 ’Έλληνες
1047 4794 1144 4850 καὶ
1171 4793 1466 4866 βάρϐαροι·
1503 4794 1592 4848 διὰ
1615 4793 1672 4848 δέ
1699 4791 1794 4848 τοῦ
1821 4793 1946 4848 δευ-

2055 4791 2300 4864 fuisse);
2334 4792 2424 4847 alii
2455 4791 2650 4847 coelum
2680 4791 2897 4862 quidem
2931 4790 3329 4862 providentiam
3375 4790 3465 4846 Dei
3507 4805 3622 4846 sor-

1457 4963 1694 5021 VARle
1732 4961 2117 5020 LECTIONES
2153 4961 2241 5018 ET
2278 4961 2514 5020 NOTE.

466 5121 524 5192 6)
551 5123 680 5179 Post
703 5121 798 5177 δύο
821 5121 885 5192 δέ
902 5123 1022 5178 cod.
1056 5121 1175 5192 vat.
1223 5121 1373 5177 addit
1409 5121 1664 5192 μάλιστα.
1723 5119 1942 5192 Possm.

467 5189 521 5262 Ἰ)
548 5195 632 5262 ρὺ
657 5191 982 5262 συνορῶσα
1015 5191 1149 5262 γάρ.
1191 5192 1252 5245 F.
1277 5192 1387 5262 leg.
1411 5189 1724 5261 συνορῶσι.
1778 5189 1944 5244 Rl'r'r.

467 5259 524 5335 8)
556 5260 732 5335 verba
761 5259 870 5335 illa,
897 5261 966 5335 ἣν
995 5259 1378 5335 καταπεσοῦσα
1401 5269 1457 5315 et
1495 5259 1616 5335 qua:
1646 5269 1948 5328 sequuntur

363 5329 547 5404 usque
566 5333 634 5387 ad
657 5329 804 5404 ψυχὴ
839 5329 1139 5404 inclusive.
1165 5331 1244 5385 sic
1271 5329 1430 5384 aliter
1452 5329 1766 5404 scribuntur
1788 5337 1837 5384 et
1859 5342 1952 5404 9r-

367 5395 630 5458 din'antur
673 5395 885 5470 in'c'od.
935 5401 1148 5470 θοὰ,ίὴ
1193 5401 1576 5470 καταπεσοῦσα
1615 5395 1952 5470 ψυχήτοῦτο

373 5471 646 5598 μὲἓῖῧὲἑαο
660 5469 806 5596 ιξὀεἰι
829 5469 938 5534 τίς,
967 5469 1110 5540 quod
1137 5467 1330 5526 statim
1358 5469 1626 5538 sequitur,
1660 5467 1800 5521 idem
1827 5467 1951 5522 cod.

373 5559 406 5597 a
485 5559 496 5594 I
616 5580 630 5594 .
705 5555 874 5596 ossis.

369 5555 524 5597 add“
551 5555 630 5594 σε.
661 5555 874 5596 ιὀεειιι.

447 5611 524 5678 (9)
557 5609 662 5681 Pro
679 5609 787 5666 ἀπὸ
809 5609 1083 5681 ῥᾳθυμίας
1107 5609 1246 5666 idem
1263 5609 1383 5681 co_d.
1415 5606 1608 5663 scribit
1628 5598 1960 5681 nuntiabo;

370 5672 968 5807 ῗιτώῥρᾳθνμήσᾰςῖειῖ
1009 5672 1089 5735 sic
1135 5681 1257 5734 cod.
1315 5678 1508 5732 Bavar.
1548 5688 1638 5744 ap.
1689 5672 1948 5747 Μηδείῃ]

397 5767 455 5806 ι).

447 5818 562 5890 (10)
594 5818 700 5890 Pro
727 5818 1132 5889 διαιτηθήσεται
1179 5817 1479 5890 idemeod.
1531 5815 1698 5871 habet
1747 5818 1950 5890 ἡγήσε-

371 5885 487 5944 ται.
518 5885 600 5959 In.
633 5889 787 5943 Vers.
828 5885 944 5959 seq.
966 5885 1268 5959 Ἄιαγωγὴν
1295 5886 1436 5959 idem
1474 5893 1633 5959 auget
1658 5885 1950 5959 pryepesito

376 5976 499 6016 συν.
542 5957 660 6018 llos
689 5973 789 6030 pro
826 5953 1189 6032 συνδιατρίϐοι
1223 5953 1801 6026 ἑοιίὺὶισυνᾶατρίψει
1824 5957 1945 6013 cod.

2053 5121 2236 5262 γθῖἱι)
2271 5189 2508 5262 Ἤλασεν
2536 5198 2696 5262 auget
2741 5189 2793 5245 in
2831 5185 3150 5262 συνήλασεν.
3206 5191 3358 5248 Vers.
3405 5189 3526 5253 inde
3569 5192 3624 5258 ἓ,

2052 5259 2110 5313 δέ
2133 5259 2312 5315 mutat
2353 5261 2406 5315 in
2441 5261 2570 5330 γάρ.
2605 5259 2684 5314 In.

2129 5330 2238 5401 (Ιῖ)
2276 5332 2341 5402 οἱ
2363 5328 2618 5402 μὲν-γὰρ
2664 5329 2914 5402 οῖον-ται.
2951 5328 3124 5402 Variae
3160 5331 3455 5402 _hnminnm
3507 5330 3629 5402 epi-

2053 5399 2247 5455 nidnes
2276 5401 2357 5470 ide
2402 5399 2585 5454 anima
2630 5411 2685 5455 et
2729 5401 3090 5470 providentia.
3147 5399 3344 5455 Confer
3392 5415 3480 5468 cp.
3533 5399 3623 5466 99,

2052 5483 2239 5610 sum}
2273 5469 2666 5610 ἓίιθτγεννητδν
2696 5540 2819 5595 cod.
2852 5537 2974 5594 Vat.
3018 5537 3125 5594 650
3172 5538 3324 5608 ponit
3351 5536 3656 5608 ἀπρονόη-.

2053 5606 2164 5660 τον.
2200 5606 2412 5663 Possm.
2557 5606 2567 5610 ⁷
3173 5606 3186 5608 “
3439 5606 3444 5607 ί
3584 5606 3591 5608 ⁷

2125 5677 2238 5748 (lt)
2277 5678 2709 5748 ‘Aarep'rirmo.
2748 5676 2973 5732 Videtur
2994 5675 3320 5748 addendum,
3357 5676 3406 5729 οι
3434 5675 3496 5730 δὲ
3525 5675 3622 5748 μὴ,

2054 5744 2160 5807 vel.
2185 5744 2234 5817 oi
2267 5747 2324 5800 δέ
2351 5744 2645 5817 ἀγέννητον
2667 5748 2764 5801 καὶ
2795 5744 3180 5817 ἀΐδιονξμῐὶιττ.

2127 5816 2239 5886 (I5)
2281 5815 2544 5888 Ἐσϐέσθη
2587 5827 2759 5871 mutat
2803 5817 2924 5888 cod.
2961 5815 3100 5888 Fat:
3134 5820 3185 5870 iu
3235 5815 3536 5888 ἐσεϐάσθη,
3571 5821 3629 5870 et

2053 5884 2144 5958 ἢν,
2173 5884 2316 5958 quod
2349 5884 2543 5946 statim
2564 5890 2810 5957 sequitur
2866 5887 2919 5943 in
2953 5884 3040 5942 ἂν.
3073 5885 3283 5944 Possm.
