4078 6374
1190 371 1224 392 Α

535 413 671 480 I267
1185 405 1259 448 ’³⁷

1750 408 1811 469 S.
1852 403 2150 468 ISIDORI
2183 399 2631 467 PELUSIOTE

3660 402 3781 472 1268

537 527 721 594 potius
747 523 1053 581 'utilitatem
1094 537 1393 594 persequor
1453 528 1601 580 retro
1626 519 1834 578 'sitam.
1865 520 1924 576 Si
1954 518 2121 590 igitur

2233 518 2286 572 τὸ
2328 518 2610 590 συμφέρον
2641 519 2735 570 καὶ
2767 516 2801 585 ἡ
2835 515 2960 586 νίκη
3008 513 3210 578 κεῖται,
3250 513 3325 584 μὴ
3357 513 3518 585 ὁμόσε
3561 517 3665 580 τοῖς
3693 521 3778 574 τύ-

534 621 696 672 etiam
726 618 825 672 hac
854 617 906 671 in
937 617 1044 672 vita
1085 617 1446 688 (interdum),
1479 617 1530 670 in
1568 630 1634 672 eo
1656 615 1782 670 dum
1814 611 1938 683 quis
1959 624 2121 680 supc-

533 718 684 762 ratur
732 717 785 763 et
817 709 981 774 cedit,
1011 709 1218 765 utilitas
1253 718 1307 764 et
1327 708 1557 763 victoria
1610 705 1902 764 consistit:
1931 717 1999 758 ne
2024 717 2120 772 pa-

2230 624 2458 660 πτουσιν
2499 607 2534 676 ἢ
2582 605 2832 660 ἀδικοῦσι
2871 603 3162 676 χωρῶμεν,
3220 605 3355 659 ἀλλά
3396 609 3781 681 παραχωρῶμεν

2227 700 2432 762 αὐτοῖς.
2459 692 2629 762 Οὗτος
2649 695 2759 768 γὰρ
2789 697 2884 750 καὶ
2914 697 3025 750 τῶν
3053 697 3328 767 οὐρανίων
3359 697 3532 752 ἄθλων
3559 702 3586 753 ὁ
3617 702 3778 774 νόμος.

533 798 684 851 ribus
714 797 962 868 passibus
980 799 1340 869 procedamus
1369 813 1490 852 cum
1519 797 1586 854 iis
1626 796 1719 867 qui
1759 810 1859 850 nos
1910 789 2225 863 percutiunt
2258 797 2354 842 aut
2419 787 2617 857 injuria
2685 785 2960 841 alliciunt'
3030 788 3123 841 sed
3183 787 3364 856 potius
3386 789 3517 857 ipsis
3545 795 3784 846 conceda-

535 906 676 945 mus.
711 889 836 945 Ilaec
863 891 1008 946 enim
1052 891 1217 945 etiam
1250 890 1554 946 caelestium
1592 887 1954 946 certaminum
2009 883 2096 937 le‘x
2137 889 2222 937 est
2259 888 2316 936 et
2351 880 2512 935 ratio.

959 1006 1240 1063 CLXXVI.
1269 1038 1338 1050 —--
1364 1005 1687 1063 EULOGIO.

604 1121 721 1176 Non
745 1121 1030 1176 historiam
1063 1120 1385 1191 simpliciter
1413 1121 1622 1176 animos
1644 1121 1943 1192 legentium
1968 1119 2121 1177 oble-

533 1223 682 1267 ctare
705 1211 975 1266 valentem
1001 1212 1262 1280 prepheta
1287 1211 1496 1278 Moyses
1515 1211 1836 1282 descripsit:
1866 1212 1960 1267 sed
1983 1225 2122 1281 quo-

534 1306 679 1359 niam
714 1303 886 1374 legem
917 1301 1062 1358 ferre
1093 1302 1325 1370 volebat,
1353 1304 1603 1373 opiﬁcem
1634 1311 1690 1358 et
1715 1303 1956 1374 judicem
1995 1303 2120 1358 uni-

534 1395 809 1449 versitatis
862 1409 1042 1450 rerum
1105 1395 1388 1465 praeponit,
1455 1409 1664 1450 necnon
1721 1394 1881 1467 hujus
1935 1394 2122 1450 mundi

533 1485 887 1551 creationem,
961 1502 1029 1541 ne
1090 1487 1381 1558 (homines)
1433 1487 1639 1541 cultum
1713 1487 1822 1541 Deo
1878 1485 2119 1542 debitum

535 1578 782 1646 partibus
822 1579 1005 1634 mundi
1062 1579 1401 1634 tribuerent:
1445 1579 1642 1634 deinde
1679 1589 2034 1649 posteaquam
2067 1585 2122 1634 et

534 1669 745 1736 piormn
785 1669 1004 1738 praemia
1054 1678 1107 1724 et
1139 1679 1483 1739 peccatorum
1533 1671 1798 1741 supplicia
1851 1670 2119 1740 adjunxit,

535 1759 610 1816 ita
659 1759 722 1813 ad
758 1759 1149 1831 legislationem
1190 1761 1481 1830 processit,
1512 1771 1571 1816 ut
1602 1761 1800 1816 t‘uturis
1846 1763 2004 1817 tidem
2054 1765 2122 1820 ab

2691 1000 2878 1067 POG".
2916 1030 2977 1041 —
3024 998 3340 1071 amona.

2293 1113 2406 1186 (60)
2438 1115 2550 1186 Οὐχ
2573 1116 2814 1188 ἱστορίαν
2855 1116 3042 1180 ἁπλῶς
3073 1115 3474 1186 ψυχαγωγῆσαι
3503 1115 3788 1188 δυναμένην

2227 1207 2257 1260 ὁ
2285 1207 2613 1278 ἱεροφάντης
2640 1207 2849 1280 ἔγραψε
2884 1209 3122 1279 Μωσῆςο
3145 1209 3259 1262 ἀλλ’
3283 1208 3474 1280 ἐπειδὴ
3507 1209 3790 1279 νομοθετεῖν

2223 1298 2444 1371 ἔμελλε,
2486 1299 2580 1356 τὸν
2612 1301 2950 1373 δημιουργὸν
2979 1303 3074 1356 καὶ
3106 1301 3301 1374 κριτὴν
3333 1301 3430 1355 τοῦ
3452 1303 3648 1366 παντὸς
3677 1319 3790 1374 προ-

2230 1394 2440 1458 τάττει,
2470 1395 2566 1448 καὶ
2607 1393 2710 1464 τὴν
2754 1393 2856 1448 τοῦ
2906 1394 3116 1464 κόσμου
3157 1394 3544 1465 δημιουργίαν,
3595 1395 3675 1447 ἵνα
3728 1395 3792 1465 μὴ

2227 1487 2342 1548 τοῖς
2371 1485 2567 1557 μέρεσι
2615 1486 2708 1540 τοῦ
2741 1487 2952 1556 κόσμου
2983 1485 3046 1540 τὸ
3084 1486 3250 1550 σέϐας
3295 1485 3622 1555 ἀπονέμοιεν
3662 1485 3787 1556 (61)·

2225 1573 2346 1634 εἶτα
2374 1579 2484 1632 τῶν
2516 1579 2679 1633 ὁσίων
2707 1579 2776 1633 τά
2825 1579 2967 1649 γέρα
2986 1619 3001 1644 ,
3048 1579 3144 1631 καὶ
3183 1577 3295 1632 τῶν
3342 1577 3681 1648 ἁμαρτωλῶν
3707 1579 3792 1640 τὰς

2225 1670 2479 1736 κολάσεις
2511 1671 2789 1742 προσθεὶς,
2817 1669 2992 1734 οὕτως
3019 1669 3112 1724 ἐπὶ
3158 1669 3220 1723 τὸ
3261 1669 3577 1740 νομοθετεῖν
3619 1668 3791 1740 ὥρμηο

2228 1783 2341 1830 σεν,
2378 1766 2467 1819 ἵνα
2497 1765 2607 1818 ἀπὸ
2632 1764 2744 1818 τῶν
2787 1763 3174 1835 γεγενημένων
3206 1763 3302 1816 καὶ
3334 1761 3405 1816 τὰ
3438 1763 3692 1832 μέλλοντα
3716 1781 3793 1815 πι-

535 1851 606 1906 iis
643 1866 762 1921 quae
799 1853 913 1922 jam
954 1852 1092 1907 facta
1134 1867 1292 1913 erant
1327 1863 1604 1922 astruens,
1639 1856 1888 1912 subditos
1914 1858 1982 1911 ad
2011 1857 2122 1927 pie-

2233 1858 2600 1928 στωσάμενος,
2643 1859 2725 1921 εἰς
2797 1856 3085 1911 εὐσέϐειαν
3136 1856 3232 1909 καὶ
3289 1854 3642 1926 δικαιοσύνην
3688 1857 3796 1918 τοὺς

537 1953 704 2002 tatem
731 1952 783 1997 et
808 1942 1077 2014 justitiam
1113 1948 1506 2003 exhortaretur
1533 1957 1699 2017 atque
1728 1950 2015 2004 excitaret.

925 2059 1229 2117 CLXXVII.
1254 2091 1326 2101 -—-
1355 2060 1724 2120 PHILITRIO.

607 2173 679 2227 In
699 2172 855 2240 illud,
893 2192 914 2226 ι
954 2172 1239 2244 Oportebat
1277 2184 1324 2230 te
1344 2179 1471 2230 dare
1499 2185 1777 2250 argentum
1799 2177 1863 2245 ι’,
1893 2196 1910 2228 ι
1945 2185 2029 2233 etc

606 2288 758 2344 Adeo
778 2288 970 2358 procul
1003 2304 1032 2343 a
1068 2290 1271 2359 probro
1303 2297 1572 2348 remotum
1617 2298 1723 2356 est,
1769 2305 1891 2346 cum
1923 2291 2124 2362 optima

537 2381 658 2450 quis
703 2392 760 2435 et
787 2383 960 2451 egerit
987 2391 1042 2436 et
1088 2381 1313 2446 dixerit,
1345 2390 1528 2437 tamen
1561 2396 1668 2436 non
1708 2383 1950 2451 potuisse
2001 2399 2124 2452 per-

537 2476 786 2542 suadere,
819 2484 877 2528 ut
913 2473 1028 2543 ipse
1058 2471 1232 2528 Iudex
1266 2472 1538 2530 calculum
1588 2474 1772 2529 tulerit
1822 2491 1886 2530 ac
1923 2475 2124 2531 dixerit

536 2560 612 2614 illi
641 2562 730 2631 qui
766 2563 900 2617 nihil
939 2563 1007 2619 ad
1051 2563 1284 2620 salutem
1330 2565 1703 2638 proximorum
1760 2559 2071 2622 contulerat
2108 2585 2122 2624 :

541 2672 560 2702 ο
593 2651 844 2723 Oportuit
879 2663 932 2709 te
965 2655 1097 2725 dare
1139 2663 1422 2727 argentum
1457 2671 1640 2713 meum
1671 2657 2039 2722 meusulariis,
2073 2667 2127 2712 et

536 2760 638 2814 ego
665 2760 787 2801 cum
842 2748 1134 2816 venissem,
1169 2747 1223 2803 id
1268 2750 1642 2819 repetiissem;
1700 2769 1719 2801 ι
1762 2752 1865 2806 hoc
1915 2762 1998 2806 est
2041 2752 2122 2806 di-

537 2852 684 2903 cere,
728 2837 980 2906 Oportuit
1029 2839 1347 2895 contestari.
1383 2841 1632 2908 Oportuit
1683 2839 1848 2894 vitam
1882 2839 2127 2910 inculpa-

534 2939 647 2983 tam
681 2929 988 2986 ostendere.
1019 2929 1155 2984 Nam
1187 2947 1322 3002 opus
1360 2942 1568 2987 rectum
1599 2947 1663 2988 ac
1690 2931 2005 3001 'perfectum
2059 2931 2126 2985 ad

533 3022 699 3075 tinem
735 3022 1056 3090 perducere,
1110 3038 1215 3078 non
1251 3034 1335 3079 est
1378 3024 1494 3092 ejus
1551 3023 1644 3094 qui
1684 3023 1837 3088 dicit,
1873 3023 1969 3078 sed
2009 3023 2126 3091 ejus

531 3113 787 3170 videlicet
817 3114 909 3185 qui
946 3115 1136 3182 audit,
1165 3126 1226 3171 ut
1274 3117 1617 3186 incorruptus
1652 3114 1860 3172 Iudicis
1887 3115 2127 3173 calculus

534 3204 860 3261 declaravit.
1383 3225 1391 3232 ·

536 3314 704 3388 514
732 3316 1053 3376 CLXXVIII.
1089 3353 1157 3362 —
1198 3323 1573 3379 DOROTIIEO
1622 3322 2118 3379 SCIIOLASTICO.

533 3429 602 3484 In
631 3432 988 3492 Abrahamum
1021 3439 1336 3505 ent-omium,
1375 3440 1438 3490 de
1482 3436 1801 3494 mactatidne
1838 3437 2008 3495 Isaaci
2055 3439 2119 3494 “.

607 3609 816 3666 Nullum
871 3611 974 3668 hoc
1017 3614 1162 3683 quod
1215 3614 1334 3669 dico
1378 3613 1655 3682 illustrius,
1680 3629 1744 3670 ac
1777 3629 1845 3668 ne
1904 3615 2121 3685 quidem

533 3699 659 3753 huic
706 3701 883 3756 simile
937 3702 1188 3772 proferre
1233 3713 1386 3774 potes
1445 3718 1730 3774 tropaeum,
1764 3707 1908 3774 quod
1933 3706 2125 3760 statuit

533 3791 847 3860 patriarcha
879 3794 1245 3850 Abrahamus.
1281 3795 1395 3852 Non
1419 3797 1562 3853 enim
1611 3797 1662 3852 id
1713 3806 1908 3852 contra
1936 3807 2124 3867 tyran-

534 3898 655 3947 nos,
706 3883 803 3937 sed
851 3893 1039 3939 contra
1092 3885 1282 3954 ipsam,
1328 3903 1447 3958 quae
1504 3889 1741 3946 maxime
1781 3888 2122 3963 tyranuicam

532 3977 643 4028 vim
675 3975 863 4042 habet,
901 3986 1172 4044 naturam,
1221 3981 1419 4036 erexit.
1447 3980 1580 4036 Nam
1633 3997 1756 4037 cum
1804 3995 1994 4038 omnes
2037 3996 2126 4035 ra-

537 4068 921 4125 tiocinationes
948 4071 1413 4144 cogitationesque
1447 4075 1711 4130 adversus
1743 4075 1917 4143 ipsum
1962 4074 2126 4130 insito

535 4169 780 4229 paterna:
803 4169 1014 4230 storges
1036 4160 1230 4218 ali‘ectu
1253 4172 1478 4218 armatae
1497 4175 1704 4229 essent,
1723 4173 1776 4220 et
1795 4165 1966 4234 ipsmn
1993 4179 2125 4219 con-

533 4249 824 4305 vulnerare
861 4251 1184 4318 niterentur,
1209 4263 1389 4309 tamen
1425 4255 1540 4324 ipse
1575 4256 1778 4311 mansit
1813 4254 2124 4310 invulnera-

533 4342 656 4398 bilis
687 4362 702 4398 :
744 4353 796 4400 et
831 4353 948 4402 erat
999 4361 1226 4403 cernere
1261 4358 1511 4404 naturam
1556 4350 1772 4420 quidem
1802 4351 1969 4420 ipsam
2001 4365 2122 4406 cum

533 4433 648 4489 suis
675 4437 844 4490 armis
889 4445 1052 4507 atque
1081 4439 1252 4508 copiis
1280 4439 1534 4495 omnibus
1567 4439 1713 4494 humi
1740 4449 2073 4510 prostratam
2108 4456 2122 4502 ;

2229 1951 2504 2021 ὑπηκόους
2535 1949 2919 2023 προτρέψειεν.

2710 2063 2876 2116 POZ'.
2909 2091 2980 2102 --
3014 2059 3342 2132 ΦῙΛῘΤΡΙῼ.

2353 2181 2458 2248 Εἰς
2483 2181 2582 2233 τό·
2622 2197 2640 2230 ι
2683 2178 2841 2232 Ἔδει
2863 2190 2936 2232 σε
2966 2174 3187 2242 βαλεῖν
3208 2175 3276 2230 τὸ
3304 2174 3612 2244 ἀργύριον.
3656 2191 3674 2224 ι

2299 2291 2459 2346 Οὕτω
2481 2291 2672 2364 πόρῤω
2697 2289 3039 2360 καθέστηκεν
3069 2287 3360 2359 αἰσχύνης,
3393 2284 3456 2338 τὸ
3484 2282 3555 2338 τὰ
3573 2283 3802 2354 βέλτιστα

2229 2384 2540 2457 πράττοντά
2569 2402 2627 2438 τε
2665 2383 2759 2438 καὶ
2802 2379 3084 2454 φράζοντα
3133 2379 3210 2450 μὴ
3254 2377 3559 2450 δυνηθῆναι
3603 2378 3798 2437 πεῖσαι,

2228 2479 2303 2542 ὡς
2329 2477 2491 2532 αὑτὸν
2525 2477 2617 2533 τὸν
2645 2477 2837 2548 κριτὴν
2879 2472 3223 2545 ψηφίσασθαι
3256 2471 3352 2526 καλ
3374 2471 3574 2534 εἰπεῖν,
3603 2467 3676 2538 τῷ
3711 2484 3802 2538 μη-

2228 2572 2316 2625 δὲν
2341 2573 2419 2635 εἰς
2442 2569 2542 2641 τὴν
2565 2571 2674 2627 τῶν
2698 2569 2868 2632 πέλας
2895 2567 3168 2638 σωτηρίαν
3197 2564 3573 2635 εἰσενηνοχότι
3595 2578 3607 2591 ·
3632 2581 3649 2612 ι
3676 2559 3803 2612 Ἔδει

2232 2680 2292 2716 σε
2324 2660 2659 2715 καταϐαλεῖν
2687 2661 2748 2714 τὸ
2768 2659 3034 2731 ἀργύριόν
3065 2676 3168 2730 μου
3201 2659 3298 2711 ἐπὶ
3320 2659 3451 2722 τοὺς
3469 2653 3805 2728 τραπεζίτας,

2229 2753 2388 2821 κάγὼ
2421 2751 2591 2806 ἐλθὼν
2622 2751 2883 2823 ἀπῄτησα
2913 2750 2980 2811 ἂν
3010 2750 3142 2804 αὐτό
3163 2766 3176 2780 °
3213 2769 3230 2802 ι
3255 2747 3410 2804 τοῦτ’
3441 2747 3588 2802 ἔστιν
3618 2747 3804 2799 εἰπεῖν’

2242 2845 2439 2918 Ἐχρῆν
2469 2843 2946 2917 διαμαρτύρασθαι
2972 2862 2985 2875 ·
3014 2842 3122 2895 ἔδει
3168 2841 3287 2912 βίον
3332 2840 3584 2912 ἄληπτον
3624 2837 3806 2890 ἐπιδει-

2230 2937 2518 3008 κνύμενον,
2556 2937 2631 2989 Τὸ
2662 2935 2768 3008 γὰρ
2801 2937 2882 2999 είς
2913 2933 3069 2997 τέλος
3102 2933 3336 3003 ἀγαγεῖν
3382 2931 3445 2985 τὸ
3472 2927 3808 2999 κατόρθωμα,

2229 3032 2290 3085 οὑ
2324 3029 2416 3084 τοῦ
2445 3030 2721 3099 λέγοντος,
2746 3028 2885 3083 ἀλλὰ
2911 3027 3004 3081 τοῦ
3031 3025 3329 3088 ἀκούοντο;
3361 3024 3530 3094 δῆλον
3577 3023 3656 3075 ὅτι
3698 3019 3813 3073 καθ-

2232 3126 2463 3196 έστηκεν
2489 3122 2600 3194 (ϐἓ)
2623 3139 2635 3153 ·
2661 3123 2738 3187 ὡς
2767 3125 2800 3192 ἡ
2832 3122 3134 3183 ἀδέκαστος
3157 3117 3344 3189 ψῆφος
3377 3116 3478 3171 τοῦ
3511 3113 3710 3188 Χριτοῦ
3740 3111 3813 3164 δε*

2151 3205 2194 3264 C
2228 3217 2472 3288 δήλωκεν
2506 3216 2642 3287 (65).

2385 3331 2557 3384 POH'.
2591 3361 2657 3372 --
2687 3328 2997 3397 seposito
3035 3325 3146 3398 (at)
3186 3324 3664 3394 ΣΧΟΛΛΣΤΙΚῼ.

2228 3443 2332 3510 El;
2385 3441 2490 3496 τὸν
2531 3439 2788 3510 Ἀϐραὰμ
2834 3439 3146 3518 ἐγκώμιοῖ.
3185 3437 3286 3491 ἐπὶ
3340 3435 3421 3505 τῇ
3478 3437 3588 3490 τοῦ
3631 3434 3819 3490 Ἰσαὰκ

2898 3525 3104 3580 σφαγιι
3114 3549 3127 3562 ο

2302 3607 2471 3661 Οὐδὲν
2500 3599 2561 3660 οὗ
2592 3623 2734 3679 φημι
2767 3603 3179 3676 λαμπρότερον,
3207 3601 3326 3654 ἀλλ’
3357 3601 3518 3655 οὐδὲν
3553 3599 3665 3652 ἴσον
3695 3597 3822 3668 ἔχεις

2229 3703 2404 3754 εἰπεῖν
2436 3699 2719 3772 τρόπαιον,
2750 3691 2810 3753 οὗ
2842 3697 3116 3768 ἔστησενό
3148 3695 3516 3767 πατριάρχης
3551 3691 3821 3763 Ἀϐραάμ*

2229 3795 2290 3848 οὐ
2322 3792 2432 3863 γὰρ
2460 3791 2608 3846 κατά
2636 3792 2939 3863 τυράννων.
2984 3788 3121 3844 ἀλλά
3153 3788 3296 3842 κατά
3349 3788 3458 3858 τῆς
3499 3801 3823 3860 τυραννικω-

2227 3886 2396 3957 τάτης
2429 3883 2646 3954 φύσεως
2697 3883 2810 3953 (65)
2843 3881 2986 3936 τοῦτ’
3017 3883 3228 3952 ἤγειρε.
3281 3869 3552 3936 ’Πάντων
3598 3879 3704 3950 γὰρ
3726 3875 3823 3930 τῶν

2229 3979 2508 4049 λογισμῶν
2564 3977 2685 4031 οὐδὲ
2733 3979 2948 4048 ὅρασιν,
3003 3975 3142 4030 ἀλλὰ
3197 3977 3266 4046 τῇ
3319 3975 3565 4046 ἐμφύτῳ
3625 3986 3826 4044 συμπα-

2231 4070 2352 4142 Θεία
2372 4070 2483 4142 (66)
2515 4069 2900 4139 ὡπλισμένων,
2929 4067 3201 4122 κάκείνων
3240 4067 3823 4139 κατατιτρωσκόντων.

2231 4163 2395 4227 αὐτὸς
2427 4163 2620 4233 ἔμενεν
2649 4161 2896 4232 ἄτρωτος
2920 4179 2932 4192 ’
2971 4161 3066 4213 καὶ
3093 4155 3160 4230 ἦν
3190 4160 3291 4227 τὴν
3329 4160 3437 4230 μὲν
3472 4159 3641 4228 φύσιν
3674 4153 3826 4223 αὐτὴν

2234 4258 2363 4310 ἰδεῖν
2420 4256 2599 4326 χαμαὶ
2629 4253 2974 4326 ὲρριμμένην
3024 4252 3164 4323 μετὰ
3210 4251 3322 4304 τῶν
3356 4254 3550 4308 ὃπλων
3599 4251 3692 4305 καὶ
3735 4247 3828 4299 τῶν

2231 4347 2646 4420 στρατοπέδων·
2700 4345 2864 4400 αὐτὸν
2897 4346 2952 4399 δὲ
3007 4347 3298 4413 ἑστηκότα,
3357 4345 3459 4398 καὶ
3518 4345 3624 4415 τὴν
3689 4343 3828 4412 χεῖρα

2231 4441 2603 4504 ἀνατείνοντα,
2639 4439 2759 4510 οὐχὶ
2788 4439 3052 4506 στέφανον
3081 4435 3338 4505 ἔχουσαν,
3385 4436 3533 4488 ἀλλὰ
3573 4435 3830 4506 μάχαιραν

530 4526 708 4594 ipsam
751 4545 883 4587 vero
933 4542 1193 4598 Stantem,
1222 4540 1274 4586 et
1307 4546 1524 4587 manum
1575 4531 1984 4596 cxtendentem,
2017 4549 2122 4588 non

2233 4532 2431 4596 παντὸς
2463 4531 2730 4601 στεφάνου
2765 4527 3176 4604 λαμπροτέραν.
3223 4526 3314 4580 Διδ
3359 4528 3460 4579 καὶ
3491 4526 3698 4599 πάντες
3748 4519 3830 4592 μὲν

608 4707 652 4742 ⁸⁵
679 4709 863 4768 Matth.
903 4725 1026 4778 xxv,
1060 4712 1150 4766 ‘27.
1229 4714 1271 4745 ¹⁶
1295 4713 1429 4769 Gen.
1460 4731 1598 4783 xxn,
1633 4715 1650 4768 l
1685 4731 1835 4787 seqq.

1636 4868 1879 4926 VARUS
1922 4868 2309 4926 LECTIONES
2353 4870 2438 4924 ET
2479 4868 2715 4925 ΝΟΤᾸΞ..

607 5027 716 5099 (60)
750 5029 885 5099 Cum
916 5027 1017 5099 hac
1039 5028 1274 5099 epistola
1320 5028 1478 5099 plane
1507 5029 1760 5099 congruit
1803 5026 1944 5099 quod
1981 5027 2121 5082 scri-

536 5097 706 5154 nunc
727 5098 965 5154 Mosaica
998 5098 1223 5153 historia
1252 5098 1412 5153 Philo
1434 5100 1486 5154 iu
1517 5099 1610 5153 lib.
1643 5098 1714 5152 De
1743 5097 1953 5167 api/icio
1977 5114 2125 5150 mun-

535 5171 613 5223 di.
655 5168 862 5225 Idcirco
911 5171 1086 5237 ipsum
1129 5184 1158 5221 a
1205 5169 1390 5224 mundi
1447 5169 1763 5224 conditione
1812 5168 2020 5230 ordiri,
2067 5177 2126 5221 ut

535 5241 806 5306 ostendat,
844 5247 898 5294 et
935 5239 1193 5308 mundum
1223 5237 1349 5308 legi,
1377 5247 1430 5292 et
1457 5238 1628 5308 legem
1658 5239 1858 5292 mundo
1886 5252 2121 5292 consen-

539 5311 681 5364 tire:
726 5311 918 5379 legem,
963 5307 1205 5375 inquam,
1235 5307 1398 5378 quam
1436 5307 1640 5362 laturus
1667 5314 1816 5372 erat,
1854 5323 1885 5364 a
1917 5308 2118 5362 mundo

537 5381 805 5446 pendere;
837 5381 1126 5446 virumque
1183 5380 1384 5434 bonum
1424 5379 1562 5449 legis
1607 5379 2011 5441 observantem,
2041 5379 2116 5432 si-

539 5452 648 5504 mul
681 5466 742 5505 ac
773 5449 955 5503 mundi
988 5450 1122 5504 civis
1148 5449 1322 5508 lactus
1352 5459 1455 5513 est,
1491 5451 1556 5502 ad
1594 5450 1922 5503 voluntatem
1955 5459 2009 5502 et
2032 5463 2121 5499 ar-

540 5521 760 5574 bitrium
812 5528 1042 5585 natum,
1093 5536 1213 5589 qua:
1250 5530 1334 5573 est
1382 5519 1465 5572 lex
1516 5520 1725 5580 mundi,
1759 5535 1884 5572 suas
1929 5534 2120 5572 omnes

537 5606 567 5641 at
607 5593 781 5645 tiones
817 5591 1050 5654 dirigere
1080 5601 1136 5642 et
1169 5592 1295 5643 huic
1334 5605 1529 5658 parare
1560 5590 1775 5658 (Iehj‘t‘t‘.
1812 5590 1980 5645 Rm.

610 5661 722 5734 (fil)
755 5661 889 5734 Cod.
931 5661 1052 5715 Vat.
1078 5659 1216 5734 _650,
1253 5657 1618 5734 ἀπονείμοιεν.
1655 5657 1871 5734 Possm.

613 5731 727 5802 (62)
757 5732 829 5788 Ut
857 5731 1257 5802 persuadeatur
1303 5732 1534 5783 audituri
1579 5733 1720 5798 quod
1755 5731 1866 5781 vult
1915 5739 2120 5802 orator,

543 5816 648 5855 non
673 5800 762 5857 est
790 5804 842 5856 in
869 5817 1031 5855 manu
1057 5800 1311 5862 oratoris,
1343 5803 1436 5855 sed
1463 5803 1514 5853 in
1540 5809 1811 5870 potestate
1836 5801 2119 5870 auditoris.

546 5871 799 5931 Pluribus
862 5873 1003 5926 hanc.
1061 5872 1382 5925 sententiam
1439 5869 1630 5947 prohat
1699 5871 1937 5926 Isidorus
1985 5869 2124 5924 iulra

2225 5027 2383 5093 epist.
2416 5025 2544 5088 203,
2611 5037 2666 5080 et
2723 5025 3024 5080 rationibus
3081 5035 3138 5080 et
3184 5025 3634 5082 auctoritatibus
3686 5025 3833 5079 etiam

2223 5098 2416 5160 Arist,
2455 5097 2542 5149 ubi
2576 5098 2694 5150 vide
2725 5106 2838 5150 nul.
2873 5096 3036 5152 Βιττ.

2226 5236 2266 5291 Ρ
2300 5167 2412 5238 (65)
2444 5167 2574 5222 Cod.
2610 5165 2729 5221 Vat.
2783 5182 2880 5237 pro
2920 5167 3228 5240 δεδήλωκεν
3253 5169 3464 5224 scribit
3495 5168 3832 5238 κεκύρωκεν.

2272 5253 2440 5291 ossis.

2272 5253 2440 5293 οεςικ.

2300 5309 2414 5378 (δι)
2448 5307 2711 5383 Θεοδώρῳ
2737 5309 2871 5383 Cod.
2902 5311 3022 5366 Vat.
3056 5311 3182 5370 630.
3217 5312 3379 5367 Vers.
3427 5313 3450 5367 I
3492 5329 3582 5383 ep.
3613 5325 3709 5380 pro
3735 5306 3836 5360 ἴσον

2233 5381 2372 5434 idem
2417 5383 2576 5432 habet
2613 5380 2763 5442 ἴσως.
2811 5381 2885 5436 ID.

2305 5451 2413 5572 ((35)
2453 5449 2566 5516 Τῆς
2615 5452 3137 5519 τυραννικωτάτης
3182 5453 3461 5520 μύσεως.
3514 5451 3741 5505 Videtur
3770 5443 3836 5496 al-

2327 5539 2419 5572 ere-
2468 5529 2532 5571 :ul
2567 5523 2712 5572 ill-nn
2751 5537 2814 5572 ex
2849 5525 3107 5572 lrumndia
3149 5537 3372 5572 versum
3419 5541 3432 5572 :
3483 5522 3716 5572 Με-’ἀὶιη
3753 5535 3836 5568 τυ-

2232 5520 2419 5574 Ιιιτίιιτὲο
2468 5529 2532 5571 :ul
2567 5523 2712 5574 ill‘nn
2751 5537 2814 5574 ex
2849 5525 3107 5590 tragmdia
3149 5537 3372 5576 versum
3419 5541 3432 5576 :
3483 5522 3717 5589 Μεγάλη
3753 5535 3838 5568 τυ-

2235 5593 2420 5660 ραννὶς
2471 5593 2634 5666 ἀνδρὶΔ
2678 5592 2845 5666 τέκνα
2887 5595 2982 5646 καὶ
3013 5601 3169 5666 γυνη.
3209 5591 3417 5662 Magna
3463 5604 3544 5647 est
3581 5591 3832 5663 lyrunnil.

2231 5678 2366 5715 uxor
2399 5675 2552 5727 atque
2574 5661 2744 5716 liberi.
2778 5662 2942 5718 RITT.

2233 5802 2270 5855 Γ
2307 5733 2420 5802 (6h)
2476 5733 2797 5806 Συμπαθείᾳ
2851 5737 2970 5791 cod.
3023 5735 3142 5792 Vat.
3200 5742 3383 5789 mutat
3452 5737 3507 5788 iu
3568 5728 3834 5804 συνηθείᾳ..

2277 5819 2440 5855 essm.

2277 5819 2440 5856 OSSIN.
