4078 6376
371 379 510 447 i289

1251 379 1784 442 EPISTOLARUM
1821 379 1968 440 LIB.
2010 380 2107 443 IV.
2145 402 2215 415 —
2252 379 2486 440 EPIST.
2527 380 2726 448 CCIII.

3483 382 3620 448 1230

364 495 630 550 ἁπάντων
661 493 1024 567 Δημιουργδς,
1058 492 1088 547 ὁ
1117 491 1288 558 ἀΐδιος
1309 509 1369 546 τε
1405 493 1500 548 καὶ
1524 491 1782 565 ἄρῤητος,
1809 489 1956 562 δεῦρ’

2073 505 2241 546 rerum
2279 488 2460 562 opifex
2489 498 2545 547 et
2565 499 2798 558 creator,
2843 491 2934 550 ille
2955 491 3326 564 sempiternus
3357 505 3407 551 et
3439 495 3628 552 incll‘a-

371 587 774 658 ἑπιφοιτήσας,
834 585 936 658 τὴν
991 583 1260 654 ἀσάφειαν
1312 583 1409 638 τοῦ
1473 582 1828 655 κηρύγματος
1884 583 1951 654 τῇ

309 741 326 753 ‘
368 677 551 750 οἰκείᾳ
573 678 888 748 ἡρμήνευσε
909 675 1167 746 δυνάμει·
1205 674 1286 728 διὸ
1320 674 1415 730 καὶ
1447 673 1818 739 θεοδιδάκτους
1837 671 1954 728 ἐσε-

373 769 498 822 σθαι
528 769 737 832 πάντας
761 767 824 822 τὺ
848 767 1180 840 προφητικὸν
1207 767 1552 838 προεμήνυσε
1577 764 1776 835 λόγιον.
1813 765 1956 820 Πάν⁹

371 879 466 924 τες
489 860 780 930 τοιγαροῦν
799 861 848 913 οί
873 860 964 914 νοῦ
994 860 1092 913 καὶ
1121 859 1434 929 φρονήσεως
1454 857 1554 910 οὐκ
1574 854 1954 926 ἁμοιροῦντες,

373 951 472 1006 ἅτε
509 951 615 1006 ὑπὸ
644 951 745 1022 τῆς
771 951 1031 1005 ἀνωτάτω
1056 950 1246 1018 σοφίας
1275 947 1672 1010 παιδευθέντες,
1701 945 1957 1000 ἁπάντων

371 1039 488 1094 τῶν
523 1041 884 1113 ἀνθρωπίνων
912 1041 1199 1110 ἀφέμενοι,
1231 1040 1328 1093 καὶ⁵
1358 1037 1468 1092 τῶν
1510 1035 1788 1108 λογισμῶν
1814 1037 1956 1090 ἀνω-

373 1129 522 1202 τέρω
556 1131 928 1204 χωρήσαντες,
959 1131 1028 1185 τὰ
1058 1129 1405 1200 ὑπερκόσμια
1433 1125 1812 1199 φαντάζονται.

601 1413 715 1468 ειν.
753 1441 825 1455 -
855 1413 1158 1486 amomo
1188 1412 1540 1484 sulsitch
1573 1411 1727 1482 (ειν).

381 1529 484 1592 Εἰς
529 1527 598 1582 τό
613 1543 630 1560 ο
693 1545 714 1581 ι
771 1527 894 1597 Πρὸ
945 1527 1287 1652 uicinia)
1339 1525 1602 1597 διαμένει
1656 1524 1721 1578 τὸ
1775 1524 1962 1604 ὄνομα

1113 1614 1241 1652 του.
1289 1615 1309 1650 ι

1113 1614 1241 1652 του.
1289 1615 1309 1650 1

463 1723 525 1778 '0
562 1723 706 1788 θεῖος
733 1723 829 1778 καὶ
861 1723 1138 1796 ἀκήρατος
1177 1722 1324 1790 νοῦς,
1360 1722 1416 1778 ετ
1441 1722 1576 1777 ποτέ
1607 1738 1660 1776 τι
1682 1721 1792 1776 τῶν
1831 1722 1961 1794 μελ-

2059 580 2202 647 bilis,
2227 595 2349 636 cum
2371 579 2478 637 huc
2499 580 2554 637 in
2587 595 2806 639 carnem
2833 583 3094 652 venisset,
3118 583 3510 643 obscuritatem
3535 603 3625 643 aa-

2057 669 2246 726 lutaris
2271 671 2522 741 praeconii
2555 673 2772 744 propria
2813 673 3016 731 virtute
3067 673 3379 732 elucidavit.
3425 677 3630 746 Quam-

2057 763 2244 818 obrem
2277 761 2440 818 etiam
2465 776 2496 817 a
2519 761 2628 820 Deo
2646 763 2834 820 doctos
2869 763 2986 822 fore
3013 779 3223 832 omnes,
3253 769 3629 839 propheticum

2057 851 2309 922 praedixit
2361 853 2668 908 oraculum.
2703 853 2905 912 Omnes
2943 856 3128 928 igitur,
3164 857 3256 928 qui
3299 859 3520 929 quidem
3555 861 3634 915 in-

2061 941 2349 1014 telligentia
2379 957 2436 1000 et
2479 945 2761 1015 prudentia
2795 960 2900 1001 non
2937 946 3320 1018 destituuntur,
3373 959 3630 1022 tanquam

2059 1031 2133 1088 illi
2165 1033 2257 1103 qui
2286 1049 2318 1088 a
2354 1047 2609 1103 suprema
2638 1033 2904 1107 sapientia
2935 1035 3169 1092 instituti
3213 1039 3343 1106 sint,
3374 1039 3632 1096 omnibus

2059 1125 2222 1181 rebus
2253 1124 2502 1180 humanis
2525 1124 2732 1182 relictis
2757 1135 2810 1183 et
2843 1126 2983 1183 ultra
3020 1129 3493 1188 ratiocinationum
3519 1131 3626 1186 bu-

2061 1229 2342 1272 manarum
2375 1224 2548 1274 metas
2579 1217 2778 1286 evecti,
2809 1217 2945 1274 nihil
2969 1217 3077 1274 nisi
3099 1233 3188 1277 res
3234 1222 3634 1292 supratnnnda-

2061 1319 2159 1363 nas
2191 1307 2541 1366 meditantur.

2341 1419 2518 1480 CCIII.
2545 1451 2616 1466 -ι
2656 1422 2956 1482 ιεοΝτιο
2997 1425 3350 1486 EPISCOPO.

2064 1533 2131 1589 In
2169 1534 2328 1602 illud,
2361 1554 2381 1588 ι
2421 1538 2555 1593 Ante
2601 1537 2761 1594 solem
2801 1550 3074 1608 permanet
3105 1556 3292 1599 nomen
3341 1541 3458 1612 ejus
3501 1542 3568 1596 π’.
3603 1561 3630 1594 a

2140 1720 2329 1779 Divina
2361 1721 2450 1780 illa
2466 1732 2520 1780 et
2544 1739 2675 1797 pura
2693 1739 2868 1792 mens,
2900 1725 2946 1782 si
2973 1727 3191 1798 quando
3217 1743 3328 1784 rem
3349 1727 3516 1801 528
3533 1729 3637 1783 ali-

379 1815 584 1870 λόντων
634 1814 980 1886 προμηνύσαι
1029 1815 1321 1886 ἠϐούλετο,
1362 1815 1461 1886 οὐχ
1497 1813 1689 1878 ἅπλῶς
1734 1813 1961 1887 ἔρριπτε

2073 1827 2224 1884 quam
2253 1813 2492 1870 futuram
2525 1817 2950 1890 praesigniﬁcare
2984 1818 3172 1882 voluit.
3219 1833 3324 1874 non
3373 1819 3636 1890 simplici-

379 1907 483 1979 τὴν
529 1906 904 1980 προφητείαν·
957 1907 1224 1976 ἐγέλασαν
1258 1907 1368 1980 γὰρ
1411 1905 1480 1962 ἂν
1517 1905 1692 1960 πλατὺ
1721 1907 1772 1960 oi
1801 1905 1961 1960 ἀπαί-

378 2000 562 2055 δευτοι
610 1999 873 2065 Ἰουδαῖοι,
905 1998 956 2053 oi
984 1999 1080 2052 καὶ
1115 1999 1254 2070 πρὸς
1277 1999 1346 2054 τὰ
1377 1997 1500 2052 λίαν
1531 1997 1682 2068 σαφῆ
1707 1997 1961 2052 ἀπαιδευ-

382 2087 606 2152 τοῦντες
652 2088 764 2160 (‘20)
785 2104 798 2118 '
834 2087 970 2142 ἀλλὰ
1016 2089 1257 2160 κεράσας
1295 2089 1406 2152 τοῖς
1454 2086 1693 2158 παροῦσι
1721 2085 1822 2156 τὴν
1854 2085 1963 2139 τῶν

389 2179 691 2250 μελλόντων
718 2181 942 2250 γνῶσιν,
974 2180 1118 2234 οὕτω
1145 2181 1246 2250 τὴν
1272 2180 1611 2252 προφητείαν
1643 2178 1958 2249 ἐσέμνυνεν,

381 2273 534 2338 ὅπως
564 2272 658 2326 καὶ
681 2273 730 2326 oi
751 2273 874 2326 τότε
906 2271 1250 2343 ἀκροώμενοι
1274 2269 1624 2326 ἀπολαύσωσι
1656 2285 1800 2334 τινος
1824 2269 1964 2340 ὠφε-

381 2362 559 2429 λείας,
589 2367 683 2419 καὶ
705 2367 753 2418 οἱ
781 2363 920 2436 μετὰ
943 2363 1114 2418 ταῦτα
1135 2365 1200 2418 ὲκ
1225 2363 1323 2434 τῆς
1344 2361 1638 2435 περιϐολῆς
1657 2361 1768 2416 τῶν
1796 2377 1968 2432 πραγ-

386 2457 578 2528 μάτων
605 2456 667 2510 τδ
698 2456 926 2528 ἀκριϐὲς
949 2458 1148 2526 γνοῖεν.
1177 2455 1284 2510 Καὶ
1318 2454 1404 2508 ἵνα
1440 2454 1515 2526 μὴ
1547 2454 1727 2517 πάσας
1752 2468 1969 2524 περιερ-

355 2547 620 2620 ’χὸμενος
665 2548 765 2612 τὰς
814 2547 1152 2620 προφητείας
1213 2545 1350 2610 δὸξω
1409 2545 1818 2618 μακρηγορεῖν,
1872 2543 1970 2598 ενα

387 2641 730 2714 προφητείας
768 2642 970 2710 τρόπον
1018 2637 1318 2717 παραθεὶς,
1350 2636 1440 2693 διὰ
1479 2638 1670 2692 τούτου
1705 2637 1802 2691 καὶ⁸
1840 2638 1968 2702 τοὺς

383 2729 612 2794 λοιποὺς
636 2731 748 2792 τοῖς
775 2729 1160 2800 συνετωτέροις
1193 2728 1495 2798 σαφηνίσω.
1524 2727 1839 2798 Γέγραπται
1859 2726 1970 2798 γὰρ

385 2819 606 2890 ψαλμδς
663 2821 743 2882 εἰς
803 2817 1158 2890 Σολομῶντα,
1211 2811 1274 2872 οὗ
1326 2817 1486 2886 ὀλίγα
1544 2817 1644 2888 μὲν
1678 2817 1760 2880 εἰς
1807 2816 1970 2870 Σολο-

392 2910 586 2976 μῶντα
632 2907 744 2980 (2|)
777 2907 993 2980 βλέπειο
1040 2909 1108 2962 τὰ
1142 2907 1200 2962 δὲ
1236 2908 1466 2964 πλείστα
1498 2907 1594 2962 καὶ
1621 2906 1854 2978 μέγιστα
1891 2911 1974 2974 είς

387 3001 484 3055 τὸν
515 2999 772 3072 Χριστόν.
817 3000 878 3054 Ὀ
925 3000 1024 3067 μὲν
1055 2999 1167 3072 γὰρ
1197 3000 1487 3072 πρόχειρος
1515 2999 1642 3064 νοῦς
1684 2997 1777 3052 τὸν
1823 3001 1974 3055 Σολο-

393 3091 584 3162 μῶντα
611 3091 786 3146 ἐδόκει
828 3091 1008 3164 ᾅδειν·
1043 3092 1072 3145 ὀ
1101 3093 1159 3147 δὲ
1193 3093 1644 3166 είλικρινέστερος
1681 3096 1777 3150 καὶ
1813 3094 1975 3162 ὀξυω-

390 3184 660 3254 πέστερος
686 3183 777 3238 τὸν
804 3162 882 3255 τῷ
909 3185 1022 3238 ὄντι
1041 3185 1316 3256 εἰρηνικόν
1335 3162 1352 3216 λ
1374 3185 1472 3239 καὶ
1591 3187 1688 3240 καὶ
1715 3189 1829 3250 τοῖς
1851 3186 1973 3242 τότε
2001 3162 2045 3222 C

387 3269 513 3328 οὖσι
547 3273 876 3345 παραμυθία.
909 3276 1175 3346 μεγίστη,
1211 3276 1308 3330 καὶ
1337 3277 1450 3340 τοῖς
1489 3276 1772 3347 ἐσομένοις
1804 3294 1976 3350 παρα-

394 3365 566 3437 μυθία
593 3365 706 3436 (22)
731 3367 950 3438 ἀρίστη.
977 3367 1052 3420 To
1079 3369 1208 3438 γάρ’
1237 3385 1258 3420 t
1289 3365 1404 3438 Πρὸ
1427 3366 1522 3420 τοῦ
1549 3366 1700 3438 ήλίου
1728 3369 1976 3438 διαμένει

385 3457 454 3510 τὸ
493 3455 667 3528 ὄνομα
718 3455 920 3524 αὑτοῦ,
952 3457 1047 3511 καὶ
1096 3459 1204 3528 πρὸ
1245 3457 1344 3528 τῆς
1394 3457 1625 3530 σελήνης
1673 3460 1756 3520 είς
1781 3455 1975 3528 γενεὰς

387 3547 621 3617 γενεῶν,
671 3566 690 3600 ι
728 3548 822 3601 καὶ
849 3547 916 3602 τὰ
954 3547 1090 3602 ἄλλα
1121 3549 1298 3603 πάντα
1325 3549 1393 3604 τὰ
1423 3549 1695 3621 ὑπερφυῆ,
1729 3548 1824 3602 καὶ
1852 3547 1974 3602 θεο-

390 3640 604 3711 πρεπῆ,
631 3641 728 3696 καὶ
752 3641 974 3712 μείζονα
998 3641 1060 3696 οὐ
1085 3643 1245 3714 μόνον
1273 3642 1305 3714 ἦ
1336 3641 1479 3698 κατὰ
1507 3642 1814 3715 ἄνθρωπον,
1841 3643 1977 3699 ἀλλὰ

387 3732 493 3787 καὶ
523 3732 662 3788 κατὰ
693 3731 793 3796 τὰς
825 3732 938 3788 ἄνω
970 3733 1250 3805 δυνάμεις,
1283 3737 1364 3799 είς
1407 3735 1498 3790 τὸν
1532 3735 1770 3808 Χριστὸν
1793 3737 1973 3810 ᾔδετο.

389 3821 577 3878 Τδδέ·
613 3843 636 3875 ς
672 3825 780 3878 Καὶ
811 3824 1200 3897 προσεύξονται
1228 3827 1355 3898 περὶ
1385 3825 1548 3882 αὐτοῦ
1569 3825 1661 3881 διὰ
1695 3830 1914 3892 παντὸς,
1951 3845 1972 3882 ι

391 3913 528 3984 περὶ
579 3915 928 3986 Σολομῶντος
987 3915 1224 3988 εἴρηται.
1286 3919 1380 3988 Μὴ
1432 3918 1612 3972 τοίνυν
1665 3919 1977 3992 νομίζωμεν

394 4005 586 4070 ἁπλῶς
617 4007 718 4078 τὴν
743 4008 1018 4080 ἀκήρατον
1049 4009 1242 4080 σοφίαν
1269 4009 1356 4064 διὰ
1396 4009 1506 4067 τῶν
1543 4010 1840 4083 προφητῶν
1875 4011 1978 4085 τὴν

397 4097 704 4168 μέλλουσαν
765 4101 1252 4172 προμεμηνυκέναι
1309 4101 1551 4170 γνῶσινο
1615 4103 1754 4176 ἀλλὰ
1810 4103 1980 4176 κερά-

398 4205 594 4254 σαντες
625 4189 736 4260 (25)
765 4193 879 4254 τοῖς
903 4192 1162 4246 ὲνεστῶσι
1193 4193 1260 4247 τὰ
1287 4192 1567 4264 μέλλοντα,
1596 4193 1730 4266 μηδὲ
1755 4194 1978 4250 ἐπειδάν

395 4296 455 4332 τι
480 4281 740 4335 ταπεινὸν
781 4283 1133 4355 ἀκούσωμεν.
1163 4284 1256 4337 καὶ
1287 4283 1385 4354 τῆς
1425 4283 1575 4349 Θείας
1597 4284 1694 4338 τοῦ
1725 4285 1980 4359 Σωτῆρος

397 4369 696 4442 ἐπιδημίας
720 4371 1022 4442 ἀλλότριον,
1059 4373 1276 4440 πάντως
1299 4376 1379 4438 είς
1403 4375 1566 4429 αὐτὸν
1602 4375 1858 4448 εἰρῆσθαι
1890 4394 1978 4431 νο-

2065 1915 2145 1961 ter
2171 1907 2411 1978 profudit
2437 1908 2748 1964 vaticinium
2781 1908 3055 1980 (risissent
3080 1909 3225 1966 enim
3268 1909 3438 1965 ell‘use
3469 1911 3640 1978 impe-

2064 1997 2152 2052 riti
2186 2005 2350 2068 atque
2397 1997 2656 2054 indociles
2689 1996 2883 2063 Judaei,
2920 2000 3014 2070 qui
3048 2001 3212 2055 etiam
3247 1999 3317 2055 ad
3355 2014 3442 2056 res
3481 2000 3639 2054 valde

2066 2090 2242 2143 claras
2272 2103 2337 2143 ac
2372 2089 2689 2159 perspicuas
2719 2090 2950 2146 ruditate
2979 2101 3238 2160 perpetua
3259 2089 3634 2162 laborabant),

2065 2178 2160 2234 sed
2188 2179 2422 2236 miscens
2468 2195 2532 2236 ac
2583 2187 2894 2250 temperans
2933 2181 3289 2252 praesentibus
3322 2179 3634 2236 futurorum

2069 2270 2452 2340 cognitionem,
2514 2271 2594 2327 ita
2625 2272 2967 2344 prophetiam
3019 2273 3476 2338 accommodavit,
3497 2283 3560 2328 ut
3579 2283 3642 2329 et

2067 2360 2212 2418 illius
2263 2361 2522 2432 temporis
2553 2363 2832 2419 auditores
2881 2363 3168 2419 utilitatem
3221 2363 3345 2420 inde
3399 2362 3636 2434 aliquam

2069 2453 2431 2524 perciperent,
2464 2463 2520 2510 et
2557 2461 2680 2524 post
2713 2451 2880 2510 futuri
2906 2468 2973 2510 ex
3006 2454 3122 2524 ipso
3151 2467 3326 2510 rerum
3367 2455 3517 2509 exitu
3546 2467 3640 2508 ac-

2069 2543 2241 2604 wrati
2281 2543 2556 2618 quidpiam
2594 2545 2820 2605 scirent.
2857 2545 2940 2602 Ac
2978 2559 3048 2602 ne
3073 2545 3184 2612 cui,
3229 2545 3275 2602 si
3304 2545 3486 2601 omnia
3520 2561 3642 2617 per-

2071 2652 2331 2708 sequerer
2387 2639 2670 2706 vaticinia,
2723 2641 2994 2710 protixior
3051 2655 3172 2697 esse
3225 2637 3435 2706 videar,
3477 2650 3640 2695 ouant

2071 2729 2362 2800 quamdam
2407 2730 2706 2800 prophetiae
2737 2730 2971 2788 formam
3007 2731 3097 2788 ubi
3152 2745 3507 2801 proposuero,
3547 2745 3643 2802 per

2074 2822 2213 2878 hanc
2245 2821 2406 2878 simul
2440 2830 2496 2878 et
2524 2830 2750 2878 caeteras
2783 2821 3295 2894 intelligentioribus
3334 2820 3644 2876 declarabo.

2077 2910 2328 2984 Scriptus
2369 2923 2454 2968 est
2482 2913 2628 2968 enim
2653 2913 2707 2969 in
2743 2911 3094 2968 Salomonem
3128 2911 3372 2984 psalmus
3401 2911 3644 2984 quidam.

2073 2999 2228 3070 cujus
2252 3016 2426 3071 pauca
2457 3017 2590 3058 sane
2609 3003 2784 3073 capita
2803 3001 3150 3061 Salomonem
3184 3003 3480 3071 respiciunt
3514 3019 3528 3058 :
3552 3001 3644 3058 sed

2075 3091 2308 3160 plurima
2350 3099 2404 3147 et
2434 3094 2671 3147 maxima
2710 3095 2762 3149 in
2807 3093 3103 3150 Christum.
3146 3091 3280 3148 Nam
3344 3093 3652 3149 intellectus

2077 3183 2254 3254 primo
2269 3183 2488 3250 quidem
2512 3183 2704 3241 obvius
2729 3183 3072 3241 Salomonem
3101 3198 3298 3242 canere
3327 3185 3644 3240 videbatur:

2076 3274 2341 3331 sincerior
2369 3285 2548 3330 autem
2581 3285 2743 3346 atque
2773 3276 3000 3334 interior
3025 3291 3221 3333 sensus
3249 3291 3370 3331 eum
3407 3275 3644 3330 celebra-

2075 3365 2190 3428 bat,
2211 3364 2303 3434 qui
2331 3379 2457 3420 vere
2482 3374 2566 3420 est
2592 3365 2875 3434 paciﬁcus,
2897 3374 2952 3420 et
2977 3371 3096 3420 erat
3122 3380 3244 3420 eum
3268 3364 3414 3420 illius
3440 3373 3644 3432 tempo-

2075 3455 2154 3510 ris
2184 3454 2495 3510 ltontinibus
2527 3456 2762 3510 maxima
2789 3454 3110 3522 consolatio,
3137 3466 3247 3511 tum
3282 3455 3446 3512 etiam
3469 3462 3642 3524 poste-

2077 3545 2154 3600 ris
2188 3546 2388 3615 optima
2417 3546 2616 3602 futura.
2647 3546 2781 3602 Illud
2823 3547 2968 3602 enim
3011 3563 3027 3602 :
3066 3564 3086 3600 t
3127 3547 3272 3604 Ante
3315 3545 3482 3602 solem
3525 3560 3636 3615 per-

2077 3646 2260 3692 manet
2291 3652 2486 3692 nomen
2519 3639 2656 3706 cjus,
2711 3648 2766 3694 et
2819 3649 2944 3695 ante
2977 3637 3159 3694 lunam
3215 3637 3274 3694 in
3303 3638 3646 3710 generatione

2077 3729 2488 3800 generationum
2511 3728 2578 3794 ³⁸,
2618 3747 2638 3784 ι
2671 3738 2724 3786 et
2760 3730 2964 3800 reliqua
2992 3730 3198 3796 omnia,
3225 3743 3344 3800 qua:
3381 3744 3646 3800 superna-

2081 3820 2272 3876 turalia
2301 3830 2356 3876 et
2382 3822 2654 3878 divinitati
2677 3823 3060 3880 convenientia
3089 3833 3238 3890 sunt,
3271 3839 3442 3894 neque
3470 3821 3647 3879 solum

2079 3913 2286 3983 majora
2321 3923 2449 3970 sunt
2483 3927 2645 3984 quam
2675 3930 2776 3988 pro
2811 3915 3051 3981 homine,
3086 3931 3276 3973 verum
3305 3917 3468 3972 etiam
3491 3930 3656 3985 quant

2078 4015 2180 4074 pro
2207 4003 2477 4075 supremis
2509 4017 2671 4076 atque
2712 4006 3027 4063 cmlestibus
3053 4006 3344 4064 virtutibus
3393 4007 3448 4061 lu
3493 4005 3654 4062 Citri-

2132 4110 2221 4151 um
2260 4099 2613 4153 canebantur.
2648 4095 2781 4154 Illud
2814 4110 2993 4156 autem
3038 4116 3056 4156 :
3089 4115 3108 4153 t
3141 4097 3211 4154 Et
3261 4098 3560 4156 adorabunt
3589 4100 3658 4154 de

2079 4187 2196 4258 ipim
2220 4202 2435 4260 semper
2454 4188 2498 4224 "
2539 4208 2554 4246 :
2597 4209 2618 4244 ι
2648 4191 2714 4246 de
2739 4191 3036 4248 Salomone
3064 4191 3272 4248 dictum
3305 4199 3408 4246 cst.
3449 4187 3528 4245 No
3554 4189 3658 4260 ἰεῦ.

2079 4287 2171 4334 tur
2191 4289 2448 4350 putemur
2471 4281 2791 4353 simpliciter
2824 4290 2879 4338 et
2911 4281 3224 4337 indistincte
3255 4278 3523 4336 sinceram
3558 4277 3656 4334 Dei

2079 4370 2398 4440 sapientiam
2447 4387 2545 4442 per
2595 4375 2888 4444 prophetas
2935 4373 3170 4428 futuram
3207 4369 3659 4444 praesigniﬁcasso

396 4459 655 4531 μίσωμεν
677 4476 692 4491 ο
718 4461 858 4516 ἀλλὰ
893 4462 1027 4534 μηδὲ
1058 4461 1131 4516 τὰ
1171 4463 1590 4536 μεγαλοπρεπῆ,
1626 4465 1722 4518 καὶ
1747 4467 1816 4538 τῇ
1855 4465 1971 4538 Θείᾳ

2082 4460 2442 4531 cognitionem
2479 4479 2493 4518 :
2525 4463 2620 4520 sed
2654 4464 3010 4534 praesentibus
3041 4461 3220 4518 futura
3244 4469 3659 4530 contemperan-

401 4548 544 4620 μόνῃ
569 4548 699 4621 ἀξίᾳ
725 4550 1026 4620 πρέποντα,
1048 4553 1178 4624 περὶ
1201 4552 1546 4622 Σολομῶντος
1567 4553 1816 4626 εἰρῆσθαι
1839 4555 1971 4627 ἠγώ-

2088 4560 2190 4616 tes,
2223 4565 2398 4622 neque
2423 4553 2467 4610 si
2490 4554 2616 4624 quid
2643 4554 2846 4610 humile
2867 4564 3026 4624 atque
3051 4553 3342 4624 abiectum,
3365 4550 3660 4621 divinoque

399 4639 569 4710 μεθα,
599 4640 694 4695 τοῦ
725 4642 859 4718 μηδὲ
881 4641 1171 4714 ἄμεμπτον
1193 4644 1488 4714 ἐσχηκότος
1514 4643 1576 4698 τδ
1605 4643 1781 4716 πέρας
1803 4663 1817 4676 ·
1843 4645 1978 4718 μηδὲ

401 4728 794 4801 ἐκϐιαξώμεθα
824 4733 922 4798 τὰς
957 4733 1294 4804 προφητείας
1342 4733 1458 4806 ('24)
1479 4752 1493 4766 '
1543 4734 1681 4806 μηδὲ
1710 4734 1804 4790 τοῦ
1841 4737 1978 4806 ὁμα-

398 4819 602 4891 λισμοῦ
629 4821 786 4894 χάριν
807 4823 914 4877 τῶν
945 4823 1297 4894 προφητικῶν
1325 4823 1540 4896 χωρίων
1565 4825 1646 4888 είς
1678 4825 1980 4897 ἀγυρτικὰς

400 4911 772 4985 ἒμπίπτωμεν
819 4914 1128 4983 λογοποιίας
1149 4930 1162 4946 ⁶
1203 4914 1340 4970 ἀλλὰ
1393 4915 1660 4988 νουνεχῶς
1715 4917 1810 4971 καὶ
1855 4917 1979 4970 καθ’

480 5092 528 5124 ὀ
566 5090 711 5148 Psal.
737 5107 888 5157 Lxu,
922 5092 978 5158 5,
1016 5093 1102 5147 t7.
1143 5091 1189 5126 ³·
1215 5055 1368 5150 ibid:
1422 5093 1464 5125 ιε
1507 5093 1638 5148 ibid.
1685 5093 1770 5149 ts.

2089 4639 2386 4699 Salvatorls
2414 4642 2468 4698 in
2511 4653 2686 4701 terras
2731 4645 2964 4701 adventu
2995 4643 3274 4716 indignum
3303 4651 3394 4698 aut
3420 4641 3658 4698 alienum

2091 4733 2478 4798 audiveritnus,
2531 4736 2752 4792 omnino
2785 4737 2838 4792 in
2882 4737 3056 4806 ipsum
3099 4736 3284 4792 statim
3313 4735 3515 4791 dictum
3539 4747 3662 4790 esse

2092 4823 2441 4882 arbitremur.
2475 4825 2584 4882 Sed
2633 4842 2810 4898 neque
2849 4828 3133 4900 magnifica
3169 4827 3283 4894 illa,
3326 4828 3538 4898 solique
3577 4827 3663 4882 di-

2095 4915 2233 4971 vinat
2257 4917 2526 4990 maiestati
2546 4919 2946 4990 convenientia,
2972 4919 3040 4980 de
3060 4920 3350 4977 Salomone
3369 4919 3513 4974 dicta
3538 4932 3662 4974 esse

1517 5242 1754 5300 VARIE
1787 5240 2176 5302 LECTIONES
2211 5243 2302 5300 ET
2331 5243 2566 5301 NOTAE.

484 5405 620 5478 (l9‘)
657 5407 868 5478 Deerat,
900 5407 1180 5478 inscriptio
1211 5407 1264 5462 in
1300 5407 1432 5462 edit.
1460 5405 1674 5473 Paris.;
1716 5404 1996 5477 suppletur

409 5490 478 5531 ex
504 5477 624 5534 cod.
653 5477 822 5532 Vatic.
848 5477 972 5532 650.
1005 5478 1162 5532 Eot'r.

489 5545 601 5616 (20)
631 5546 738 5603 Pro
766 5547 1214 5616 d‘RGLBSUtOGVTEC
1253 5545 1374 5602 cod.
1408 5544 1530 5602 Val.
1571 5543 1676 5600 650
1715 5545 1997 5602 substituit.

411 5615 918 5688 ἀναισχυντοῦντες.
952 5615 1162 5688 Possm.

493 5682 611 5756 (ᾷῇ
640 5687 731 5742 Bis
765 5699 889 5741 ante
929 5687 1246 5754 Σολομῶντα
1277 5683 1488 5756 supplet
1515 5685 1626 5739 τόν.
1661 5682 1738 5738 In.

494 5753 608 5828 (2‘2)
646 5757 977 5828 Παραμυθία
1025 5753 1165 5812 idem
1223 5753 1392 5810 mutat
1430 5755 1485 5809 in
1533 5753 1858 5826 προφητεία.
1913 5754 1993 5810 In.

745 5849 1016 5910 Pamoa.
1060 5851 1174 5909 GR.
1221 5847 1543 5910 LXXVilI.

2165 5403 2281 5480 (ἓξ)
2317 5403 2788 5480 Ρτολκεράσαντες
2835 5407 2976 5464 idem
3015 5409 3177 5464 habet
3215 5409 3546 5480 κεράσασαν.
3581 5407 3662 5464 lo.

2165 5475 2276 5559 (id)
2496 5475 2886 5559 ἐκϐιαζόρμεθα
2917 5480 3038 5559 τὰς.
3057 5475 3660 5559 προφηέείαςτ.ᾼιιηίια

2094 5545 2278 5643 regula
2306 5547 2372 5600 de
2405 5545 2846 5643 interprt-tati'pne
2873 5545 3268 5628 propheiarnm
3305 5564 3370 5643 uie
3409 5545 3516 5643 ill'is
3551 5547 3658 5600 vim

2093 5617 2466 5674 adhibeamus.
2500 5631 2700 5686 eosque
2745 5617 2886 5684 loqui
2921 5617 3174 5689 cogamus
3203 5617 3342 5685 Quod
3391 5617 3662 5671 volumus.

2094 5683 2305 5740 Similia
2334 5686 2453 5740 vide
2475 5701 2653 5758 supra.
2686 5683 2850 5739 Rm.

3286 5844 3351 5909 ιι
