4078 6380
395 419 416 481 l
429 417 533 480 293

1333 405 1866 469 EPISTOLARUM
1903 404 2050 466 LIB.
2090 405 2185 465 IV.
2228 428 2292 440 -
2332 403 2568 465 EPIST.
2609 405 2763 465 CCV.

3520 399 3654 466 12M

389 527 518 580 τινὰ
569 522 1002 593 πολιτευόμενοι,
1063 520 1166 589 γῆν
1208 519 1302 574 καλ⁸
1362 516 1782 589 μακροημερίαν
1817 515 1976 588 ἔσχον

2089 514 2284 578 iustitia
2304 525 2483 570 vestra
2503 518 2621 587 plus
2641 531 2800 586 quam
2818 511 3656 581 Scribarumetl’barismorum;s

390 618 492 688 τὴν
520 615 784 687 ἀμοιϐήν.
831 631 850 664 ι
877 613 1024 682 Τίμα
1043 612 1172 682 γὰρ,
1199 611 1354 681 φησι,
1391 611 1482 663 τὸν
1506 609 1720 680 πατέρα
1747 607 1842 662 καὶ
1877 606 1976 679 τὴν

395 709 613 781 μητέρα
668 723 788 772 σου,
843 705 933 758 ἵνα
965 701 1026 758 εὗ
1069 720 1154 757 σοι
1211 701 1462 772 γένηται,
1518 700 1612 753 καὶ
1646 699 1746 772 ἐστι
1775 713 1979 769 μακρο-

390 799 607 870 χρόνιος
651 796 746 849 ἐπὶ
789 797 890 866 τῆς
919 797 1046 864 γῆς,
1092 793 1160 862 ἢν
1205 791 1414 864 Κύριος
1440 789 1469 844 ὁ
1493 789 1628 853 Θεός
1660 806 1753 842 σου
1785 787 1971 842 δίδωσί

392 907 503 943 σοι.
541 907 560 939 ι
616 887 778 958 Ἡμῖν
817 887 875 940 δὲ
925 888 1035 950 τοῖς
1075 885 1202 948 τοὺς
1268 883 1658 952 εὐαγγελικοὺς
1711 880 1968 942 διαύλους

393 979 720 1053 δραμοῦσιν,
771 978 998 1050 οὐρανὸς
1068 977 1380 1039 ἀπόκειται,
1459 975 1550 1028 καὶ
1602 974 1671 1026 τὰ
1717 975 1778 1026 ἐν
1827 969 1978 1039 αὐτῷ

390 1071 598 1142 ἀγαθά.

2085 607 2188 661 hue
2209 613 2314 669 est,
2346 607 2449 660 nisi
2476 615 2623 661 tanto
2647 606 2931 663 intervallo
2969 607 3363 678 superaveritis
3403 623 3500 665 eos
3525 653 3539 676 ,
3567 613 3657 682 qui

2085 697 2140 752 in
2170 696 2351 753 Veteri
2384 697 2777 768 (Testamento)
2805 699 3005 754 virtute
3031 699 3162 754 clari
3187 715 3253 755 ac
3268 700 3513 758 celebres
3536 702 3659 758 lue-

2087 797 2212 842 runt
2235 787 2366 856 (non
2393 789 2537 842 enirn
2549 788 2664 858 jam
2689 789 2880 859 loquor
2895 789 2962 842 de
2981 788 3068 854 iis,
3093 789 3184 860 qui
3207 803 3402 860 pomas
3415 791 3659 856 dabunt;

2084 879 2178 933 sed
2203 881 2268 932 de
2304 879 2410 933 illis
2439 879 2530 947 qui
2565 879 2778 934 virtutis
2803 881 2982 936 studio
3005 881 3196 948 dediti,
3223 895 3400 953 eoque
3439 885 3662 940 nomine

2091 970 2223 1024 clari
2273 969 2559 1041 fuerunt),
2603 980 2812 1040 quanto
2858 972 3142 1028 intervallo
3191 973 3354 1029 distat
3395 974 3594 1031 calum
3630 993 3660 1029 a

2089 1071 2287 1125 terra,c
2317 1075 2424 1115 non
2439 1060 2736 1117 introibitis
2755 1060 2808 1116 in
2823 1076 3043 1133 regnum
3067 1063 3350 1120 caelorum.
3365 1083 3384 1120 ι
3401 1064 3668 1122 Certami-

393 1166 559 1218 nibus
585 1163 730 1218 enim
763 1163 960 1217 merito
979 1159 1367 1232 consequentia
1397 1166 1522 1214 sunt
1549 1156 1712 1212 etiam
1735 1153 1974 1226 praemia.
2013 1152 2091 1208 Illi
2133 1167 2367 1222 namque
2427 1152 2712 1207 honestam
2733 1160 2790 1207 et
2841 1152 3161 1222 aequabilem
3194 1153 3355 1210 vitam
3389 1155 3660 1223 colentes,

391 1265 598 1312 terram
631 1265 684 1312 et
711 1257 1106 1325 longasvitatem
1135 1267 1236 1324 pro
1265 1252 1483 1322 praemio
1515 1252 1772 1305 habuere.
1823 1267 1841 1299 ι
1887 1246 2126 1312 Honora,
2169 1246 2366 1316 inquit,
2391 1255 2596 1314 patrem
2636 1253 2689 1302 et
2728 1253 2954 1302 matrem
2991 1256 3162 1314 tuam,
3190 1255 3249 1302 ut
3281 1248 3417 1304 bene
3444 1249 3538 1305 tibi
3569 1248 3666 1329 sit.

391 1358 451 1404 et
493 1349 570 1404 sis
604 1349 877 1418 longaevus
921 1360 1085 1417 super
1141 1355 1366 1408 terram,
1395 1357 1558 1412 quam
1581 1341 1840 1396 Dominus
1867 1337 2008 1394 Dens
2039 1346 2162 1392 tuus
2208 1337 2356 1391 dabit
2386 1337 2515 1400 tibi;
2557 1356 2576 1390 ι
2639 1337 2793 1392 nobis
2856 1346 3036 1393 autem
3073 1338 3396 1408 evangelicis
3419 1337 3664 1396 decursis

395 1441 605 1505 stadiis,
633 1443 828 1496 caelum
849 1481 865 1506 ,
896 1449 950 1496 et
991 1440 1150 1511 hujus
1181 1440 1322 1495 bona
1354 1445 1482 1493 sunt
1509 1434 1762 1505 reposita.

394 1576 515 1631 Σεο.
538 1608 606 1620 -
654 1576 969 1646 οιιΥΜωῼ
1007 1571 1480 1642 ΠΡΕΣΒΥΤΕΡῼ,
1514 1567 1974 1638 zxossxnxp.

469 1747 595 1800 Ὅτι
630 1748 730 1816 μὲν
779 1745 885 1817 πρὸ
934 1744 1146 1798 πολλῶν
1195 1745 1262 1797 ἂν
1305 1740 1524 1813 δωρεῶν
1565 1741 1657 1796 καὶ
1708 1736 1979 1808 μεγίστης

2083 1565 2246 1640 530
2278 1564 2434 1624 CCV.
2465 1595 2537 1608 -
2579 1563 3414 1694 Otvingqlggessvrnno.
3463 1567 3668 1626 seno-

2159 1752 2454 1824 Equidem,
2516 1752 2690 1809 amice
2739 1751 2842 1818 vir,
2895 1751 3108 1808 inﬁcias
3177 1767 3283 1806 non
3352 1751 3524 1819 ivero,
3584 1767 3672 1808 me

403 1839 658 1894 εὐκλείας
687 1836 911 1907 ἐθέμην,
946 1836 1006 1890 τὸ
1033 1835 1160 1906 περὶ
1193 1829 1268 1889 ὧν
1299 1833 1488 1905 πρώην
1511 1831 1764 1903 γέγραφα
1793 1845 1979 1882 πεπειο

2089 1846 2504 1918 prrrpositurum
2588 1845 2693 1901 hoc
2791 1842 2963 1900 fuisse
3055 1841 3242 1898 multis
3310 1845 3664 1909 tituneribus.

396 1930 511 1995 κὼς
545 1929 766 1990 ὰνῠσαι,
791 1929 892 1982 οὐκ
917 1929 982 1982 ἂν
1014 1929 1258 1998 ἔξαρνος,
1301 1919 1348 1980 ὦ
1374 1924 1516 1994 φίλε,
1547 1923 1815 1994 ἐγενόμην
1841 1920 1978 1988 (50).

396 2020 584 2092 Ταύτῃ
622 2037 684 2088 γε
715 2020 896 2081 αἰτίας
943 2021 1075 2074 εἴσω
1123 2018 1504 2089 ὑπελάμϐανον
1538 2010 1678 2068 εἶναι
1721 2013 1902 2080 δόξας,
1931 2011 1986 2068 et

394 2131 540 2176 τινες
593 2113 663 2165 τὰ
718 2111 972 2183 βέλτιστα
1019 2110 1330 2173 ἀκούοντες,
1385 2108 1461 2180 μὴ
1528 2108 1844 2180 προσέχοιεν
1893 2104 1986 2160 τὸν

395 2204 544 2270 νοῦν,
608 2205 699 2257 καὶ
756 2201 957 2274 ταύτης
1019 2201 1118 2272 τῆς
1177 2201 1286 2255 ἀπὸ
1339 2201 1448 2254 τῶν
1494 2199 1666 2269 λόγων
1715 2197 1982 2268 ὠφελείας

395 2297 828 2363 ἀποστερήσειαν
884 2293 1108 2357 ἑαυτούς
1135 2311 1147 2325 ·
1195 2293 1310 2346 ἀλλ’
1351 2289 1578 2364 ἤλπιζον
1634 2289 1822 2353 ἁπλῶς
1857 2289 1986 2343 ἕκα-

401 2403 529 2439 στον
565 2387 597 2458 ἦ
639 2387 734 2438 am
781 2385 908 2448 τοὺς
951 2385 1025 2456 μὴ
1050 2383 1368 2449 πεισθέντας
1395 2383 1496 2455 τὴν
1553 2381 1763 2454 μέμψιν
1794 2381 1984 2444 οἴσειν,

398 2482 432 2554 ἦ
473 2483 602 2552 μήτ’
647 2481 791 2550 ἐμοὶ,
853 2480 977 2550 μήτ’
1021 2477 1248 2542 ἐκείνοις
1296 2476 1664 2547 ἐπιτιμήσειν.
1721 2473 1877 2528 Ἐπεὶ
1928 2473 1985 2526 δὲ

396 2573 479 2634 εἰς
539 2568 794 2622 τοσοῦτον
831 2569 942 2637 (3i)
988 2568 1276 2638 προήκεις,
1317 2565 1393 2629 ὼς
1445 2565 1568 2636 ἐμοὶ
1627 2562 1980 2634 μέμψασθαι·

398 2661 525 2714 ἀλλ’
559 2661 588 2712 6
621 2658 719 2730 μὲν
762 2659 924 2730 μηδὲν
957 2657 1095 2729 ἔχων
1142 2659 1336 2722 εἰπεῖν,
1391 2655 1527 2710 ἀλλὰ
1569 2656 1663 2710 καὶ
1685 2655 1756 2709 τὰ
1809 2654 1985 2710 πάντα

398 2754 701 2818 ἐκθειάζων
735 2769 748 2782 ·
809 2751 866 2804 ἓν
913 2751 972 2804 δὲ
1017 2751 1237 2824 ἰσχυρδν
1281 2750 1426 2822 ἐλειν
1471 2735 1730 2818 νομίζων,
1786 2748 1849 2801 τὸ
1901 2747 1979 2819 μὴ

397 2846 720 2916 δεδυνῆσθαι
753 2849 940 2898 πεῖσαι
967 2860 982 2876 σ
1017 2843 1232 2915 ἀνάγκη
1271 2861 1354 2898 σοι
1395 2841 1525 2914 περὶ
1580 2839 1772 2894 τούτου
1811 2839 1986 2911 χαρά·

401 2939 490 3006 ξαι
521 2939 847 3010 γράμματα,
882 2937 976 2992 καὶ
1027 2936 1104 3008 μὴ
1157 2935 1317 3005 σιγὴν
1363 2935 1463 3006 τὴν
1503 2933 1683 2988 αἰτίαν
1719 2933 1982 3001 ἐνεγκεῖν.

403 3033 648 3086 ’Ἄτοπον
682 3031 815 3100 γὰρ,
876 3031 936 3084 σὲ
969 3029 1071 3102 μὲν
1110 3027 1316 3101 τολμᾷν
1359 3027 1395 3082 ἃ
1437 3027 1510 3098 μὴ
1558 3025 1981 3098 προσήκειγράο

401 3139 564 3192 φειν·
611 3121 712 3193 ἐμὲ
749 3121 793 3174 δ’
846 3119 1284 3174 ἀντεπιστέλλει-θ
1333 3119 1403 3173 τὰ
1446 3117 1630 3171 δίκαια
1671 3117 1980 3171 κατοκνεῖν.

401 3213 465 3268 Ei
501 3213 601 3284 μὲν
629 3213 740 3283 γὰρ
779 3207 954 3276 εἶπες,
1013 3209 1087 3282 μὴ
1138 3207 1462 3272 ἐπέστειλας
1507 3207 1585 3272 δὲ,
1614 3207 1714 3280 τὴν
1753 3207 1985 3278 ἡσυχίαν

400 3305 468 3361 ἂν
495 3301 651 3377 ἦγον.
694 3303 915 3376 Ἐπειδὴ
952 3301 1009 3355 δὲ
1059 3301 1404 3373 μεμήνυκας,
1445 3299 1482 3354 ἃ
1514 3300 1652 3372 μήτε
1699 3297 1811 3368 ἐγὼ
1842 3297 1988 3351 σεσί-

398 3414 572 3468 γηκα,
603 3397 698 3452 καὶ
724 3396 828 3464 τῆς
869 3396 970 3466 σῆς
999 3393 1194 3462 σοφίας
1213 3391 1290 3462 τῷ
1317 3391 1495 3445 δοκεῖν
1522 3389 1732 3461 τάληθῆ
1765 3387 1988 3461 μέμψα-

399 3490 662 3560 σθαιβει)
725 3487 1089 3560 περιγίνεται.
1151 3483 1455 3554 Βουλοίμην
1512 3483 1614 3554 μὲν
1670 3478 1765 3536 οὖν
1816 3480 1986 3552 μηδὲν

401 3581 604 3652 πικρὸν
637 3579 772 3649 μηδὲ
805 3575 1279 3646 καταφρονητικὸν
1330 3573 1572 3629 ἐκθεῖναι
1593 3574 1717 3637 ταῖς
1757 3570 1981 3626 ἀποδεί-

401 3669 570 3737 ξεσιν·
611 3669 670 3722 οὐ
705 3667 814 3738 γὰρ
861 3665 1071 3737 ἑτέροις
1113 3664 1235 3734 ἧκω
1281 3662 1467 3727 κακῶς
1495 3660 1704 3726 λέξων.
1755 3658 1872 3716 ἀλλ’
1907 3659 1988 3724 ὡς

398 3762 506 3818 οὐκ
533 3759 698 3823 αὐτὸς
725 3760 974 3829 ἥμαρτον
1023 3755 1347 3822 ἀποδείξων.
1381 3754 1446 3809 Εἰ
1483 3753 1543 3807 δέ
1571 3770 1626 3807 τι
1683 3752 1777 3807 ὑπ’
1815 3751 1989 3822 αὐτῆς

398 3855 506 3924 τῆς
542 3852 790 3922 ἀνάγκης
844 3849 1020 3902 εἰπεῖν
1050 3845 1350 3913 ὲκθιασθῶ,
1397 3849 1468 3918 τῇ
1490 3844 1602 3899 τῶν
1638 3844 1989 3917 πραγμάτων

401 3947 588 4014 φύσει,
623 3941 684 3995 οὐ
741 3941 809 4010 τῇ
863 3938 956 3992 τοῦ
1007 3937 1314 4009 γράφοντος
1347 3934 1541 4010 γνώμῃ
1571 3933 1670 4007 τὴν
1697 3935 1880 3990 αἰτίαν
1901 3934 1991 3988 λο-

401 4033 646 4104 γιστὲον.
693 4029 967 4103 ’Δρξομαι
1017 4030 1074 4082 δὲ
1126 4029 1221 4098 ἀφ’
1264 4022 1338 4083 ὧν
1383 4028 1548 4093 αὐτὸς
1601 4027 1868 4102 ἔγραψας.
1917 4027 1982 4080 Εἰ

402 4126 518 4197 γὰρ
548 4122 846 4195 γεγραφὼς
879 4118 1142 4184 πολλάκις
1194 4118 1268 4182 ὥς
1291 4135 1436 4190 φημι
1468 4120 1746 4192 προσῆκεν
1769 4131 1784 4147 ·
1819 4116 1991 4187 ὅνπερ

401 4217 476 4284 δὴ
505 4215 754 4288 προσῆκε
781 4214 982 4286 τρόπον
1004 4230 1018 4245 ·
1053 4211 1189 4284 πρὸς
1209 4209 1471 4265 Εὐσέϐιον
1517 4210 1614 4264 καὶ
1654 4207 1987 4280 Μαρτιανδν,

401 4308 656 4380 Ζὼσιμόν
709 4323 769 4360 τε
822 4305 919 4360 καὶ
967 4305 1234 4375 Μάρωνα.
1285 4301 1427 4356 ὥστε
1472 4301 1674 4366 κακίας
1717 4301 1818 4372 μὲν
1873 4301 1988 4372 ('55)

405 4398 738 4467 ἀποστῆναι,
787 4397 887 4467 τῆς
937 4395 1058 4450 κατ’
1115 4391 1316 4465 ἀρετὴν
1357 4392 1415 4447 δὲ
1467 4389 1987 4462 ἀντιλαμϐάνεσθαι,

401 4485 528 4545 εἶτα
554 4489 702 4544 τοῦτ’
731 4489 835 4543 οὐκ
885 4486 1104 4552 ἔπεισα,
1147 4485 1393 4557 ποτέρων
1445 4485 1480 4556 ἡ
1512 4483 1852 4557 κατηγορία;
1894 4484 1988 4538 καί
2019 4517 2064 4574 D

405 4597 502 4654 μοι
531 4580 711 4644 δοκεῖς
757 4578 903 4650 λόγῳ
953 4578 1053 4649 μὲν
1103 4577 1207 4647 ἐμὲ
1248 4575 1570 4630 αἰτιᾶσθαι·
1605 4575 1753 4646 ἔργῳ
1773 4575 1819 4630 δ’
1840 4575 1984 4628 ὲκεί-

405 4688 531 4736 νους
567 4670 876 4742 κωμῳδεῖν.
924 4669 983 4722 '0
1017 4666 1096 4740 μὴ
1139 4666 1478 4738 πειθόμενοςξ
1497 4664 1800 4736 κορυφαίῳ,
1828 4665 1989 4738 χορὸς

401 4764 688 4833 ἄμουσοςο
743 4763 772 4816 ὁ
827 4761 904 4832 μὴ
951 4755 1274 4830 πειθόμένος
1341 4757 1534 4830 ίατρῷ,
1589 4756 1793 4822 ἄθλιος.
1834 4757 1894 4811 '0
1931 4757 1992 4812 δὲ

401 4856 705 4927 κορυφαῖος
736 4853 830 4908 καὶ
863 4853 1072 4924 ἰατρὸς,
1112 4849 1219 4917 ἔξω
1255 4849 1436 4914 αἰτίας
1473 4849 1834 4920 ὲσκήνωνται.
1867 4847 1992 4902 Τῶν

401 4944 517 5016 γὰρ
549 4944 790 5014 μάλιστα
817 4942 1157 5016 δυνηθέντων
1189 4942 1389 5008 εἰπεῖν,
1418 4941 1516 4996 καὶ
1544 4940 1812 5014 μεγίστην
1831 4939 1991 5006 δόξαν

397 5033 501 5090 ἰπὶ
558 5036 822 5107 φρονήσει
879 5033 1178 5100 λαθόντων,
1243 5032 1421 5096 οὐδείς
1491 5034 1663 5098 ἐστιν,
1721 5030 1781 5096 ὃς
1843 5029 1990 5085 τοῦτ’

477 5208 526 5242 ³³
557 5210 734 5266 Exod.
772 5226 868 5276 xx,
898 5209 982 5266 12.

2088 1935 2456 2006 maximaeque
2487 1934 2663 1992 laudis
2711 1933 2830 1990 loco
2879 1927 3210 1996 habiturum,
3264 1932 3308 1988 si
3355 1949 3419 1988 ea
3453 1935 3518 1990 de
3547 1934 3670 2004 qui-

2088 2027 2190 2082 bus
2225 2041 2396 2096 nuper
2421 2025 2635 2095 scripsi,
2661 2026 3035 2094 persuadendo
3055 2027 3316 2096 perlicere
3344 2025 3666 2097 potuissem.

2087 2116 2360 2173 Hactenus
2415 2131 2545 2173 sane
2589 2115 2760 2186 culpae
2808 2115 2994 2174 alliues
3049 2119 3441 2182 existimarem,
3494 2115 3666 2188 siqui

2085 2207 2287 2277 optima
2321 2207 2604 2262 audientes
2648 2207 2874 2276 monita,
2908 2222 3012 2263 non
3050 2208 3375 2265 adhiberent
3407 2208 3667 2272 attimum,

2087 2311 2152 2354 ac
2184 2299 2506 2370 semetipsos
2553 2297 2696 2352 ultro
2725 2312 2810 2363 ea,
2840 2313 2960 2368 quae
3004 2313 3071 2355 ex
3114 2299 3376 2367 ejusmodi
3409 2299 3672 2354 orationi-

2088 2393 2188 2447 bus
2242 2391 2550 2446 redundare
2599 2399 2838 2460 poterat,
2887 2391 3126 2450 utilitate
3187 2392 3485 2462 p’rivareut.
3557 2391 3670 2448 Sed

2087 2483 2374 2552 sperabam
2433 2481 2754 2552 simpliciter
2809 2497 3256 2554 unumquemque
3316 2483 3399 2541 vel
3452 2484 3506 2538 in
3573 2497 3669 2538 eos

2090 2573 2477 2630 translaturum
2509 2575 3006 2646 reprehensionem,
3022 2575 3112 2646 qui
3139 2576 3300 2632 rectis
3318 2577 3536 2632 monitis
3560 2593 3666 2633 non

2086 2665 2578 2733 obtemperassent,
2620 2665 2702 2720 vel
2745 2681 2920 2736 neque
2966 2666 3095 2736 illis,
3139 2681 3316 2738 neque
3343 2669 3474 2724 mihi
3507 2667 3669 2724 ullam

2089 2760 2420 2830 ingesturum
2471 2757 2927 2830 obiurgationem.
2993 2758 3129 2829 Quia
3201 2776 3331 2818 vero
3383 2775 3449 2816 eo
3489 2777 3664 2831 usque

2086 2847 2356 2920 procedis,
2379 2856 2438 2902 ut
2462 2863 2547 2902 me
2572 2847 2866 2918 vituperes,
2893 2856 2973 2914 tu,
3012 2849 3257 2917 inquam,
3279 2849 3373 2920 qui
3399 2851 3534 2906 nihil
3557 2852 3656 2906 ba-

2089 2940 2404 3003 besdicere,
2447 2939 2541 2995 sed
2571 2939 2754 2994 omnia
2801 2953 3016 3008 quoque
3064 2949 3320 3010 tanquam
3352 2941 3530 2996 divina
3567 2955 3667 2998 ex-

2099 3030 2277 3097 tollis,
2317 3045 2384 3085 ue
2411 3044 2576 3084 unum
2625 3029 2890 3084 duntaxat
2923 3037 2976 3083 te
3015 3029 3214 3084 habere
3259 3030 3393 3084 satis
3451 3030 3668 3083 lirmum

2093 3123 2400 3188 arbitraris,
2430 3136 2626 3191 nempe
2661 3120 2804 3193 quod
2830 3135 2935 3176 non
2980 3120 3248 3191 potuerim
3282 3121 3611 3190 persuadere
3657 3139 3672 3174 :

2091 3215 2386 3270 necessitas
2410 3212 2668 3284 postulat,
2695 3220 2758 3268 ut
2780 3211 2875 3268 tibi
2895 3215 2992 3267 hac
3010 3211 3078 3268 de
3102 3227 3160 3267 re
3177 3211 3410 3268 scribam
3436 3211 3669 3274 litteras.

2092 3321 2266 3376 neque
2311 3306 2669 3370 committam,
2723 3315 2782 3359 ut
2832 3303 3050 3360 silentio
3106 3304 3322 3373 culpam
3373 3305 3665 3376 agnovisse

2090 3397 2294 3451 videar.
2349 3395 2653 3450 Absurdum
2693 3396 2839 3450 enim
2886 3391 3076 3460 fuerit,
3127 3403 3186 3450 ut
3226 3403 3282 3450 tu
3331 3395 3549 3466 quidem
3595 3411 3661 3452 ea

2089 3501 2210 3559 qua:
2253 3501 2356 3542 non
2393 3485 2550 3542 decet
2627 3487 2872 3542 scribere
2919 3489 3106 3558 ausis;
3161 3503 3264 3561 ego
3314 3499 3494 3546 autem
3522 3490 3670 3560 iusta

2089 3575 2392 3633 rescribere
2413 3591 2518 3632 non
2549 3577 2746 3634 ausim.
2781 3577 2912 3632 Nam
2938 3579 2984 3635 si
3014 3580 3228 3650 quidem
3253 3581 3492 3639 dixisses
3548 3592 3670 3639 tan-

2093 3677 2228 3736 tum,
2264 3685 2368 3723 non
2398 3669 2566 3726 etiam
2611 3669 2924 3740 scripsisses
2949 3671 3096 3736 talia,
3132 3671 3462 3744 quievissem
3508 3687 3663 3730 sane.

2090 3760 2355 3828 Quoniam
2391 3771 2571 3815 autem
2597 3759 2915 3832 signiﬁcasti
2947 3774 3035 3827 ea,
3089 3776 3212 3832 qua:
3257 3778 3432 3834 neque
3457 3780 3558 3834 ego
3581 3779 3670 3821 re.

2093 3853 2245 3919 ticui,
2278 3861 2334 3908 et
2359 3860 2504 3908 tuam
2537 3852 2886 3922 sapientiam,
2943 3867 3064 3924 qua)
3121 3853 3230 3911 sibi
3282 3855 3496 3912 videtur
3541 3859 3671 3912 vera

2091 3941 2320 3998 crimina
2391 3939 2700 4012 obiecisse,
2767 3952 3048 4010 superant.
3109 3942 3256 4000 Nihil
3287 3944 3470 4017 itaque
3511 3945 3670 4003 velim

2049 4031 2288 4087 -acerbe
2318 4045 2498 4101 neque
2543 4032 2898 4103 contemptim
2939 4034 3276 4106 argumentis
3323 4034 3674 4107 interponere

2092 4125 2220 4196 (non
2241 4122 2386 4180 enim
2417 4138 2482 4180 ea
2510 4137 2674 4182 causa
2697 4125 2912 4190 adsum,
2953 4135 3012 4182 ut
3044 4125 3165 4182 aliis
3193 4125 3535 4194 maledicam,
3569 4129 3666 4186 sed

2092 4224 2150 4270 ut
2176 4215 2482 4282 ostendam,
2511 4229 2598 4272 me
2633 4215 2721 4271 hic
2763 4215 2894 4270 nihil
2940 4217 3238 4286 peccasse).
3275 4214 3334 4272 Si
3372 4218 3502 4288 quid
3539 4233 3675 4276 vero

2092 4307 2208 4376 ipsa
2262 4317 2348 4360 me
2400 4315 2562 4378 cogat
2601 4305 2786 4362 dicere
2841 4307 3158 4372 necessitas,
3215 4307 3334 4377 ejus
3377 4307 3453 4362 rei
3503 4322 3669 4364 causa

2093 4404 2301 4450 naturae
2331 4395 2728 4466 'negotiorum,
2780 4409 2890 4449 non
2943 4402 3123 4449 autem
3177 4408 3311 4450 mea:
3364 4391 3664 4450 scribentis

2093 4482 2355 4538 voluntati
2392 4483 2709 4554 imputanda
2729 4491 2834 4538 est.
2871 4482 3072 4539 Ducam
3103 4497 3235 4539 vero
3265 4483 3393 4538 hinc
3418 4481 3666 4547 initium.

2095 4575 2161 4629 de
2193 4587 2303 4645 quo
2348 4573 2462 4644 ipse
2489 4573 2778 4644 scripsisti.
2811 4573 2870 4628 Si
2921 4573 3006 4630 vel
3054 4573 3310 4641 maxime,
3361 4587 3486 4630 cum
3525 4589 3675 4648 szepe

2093 4664 2427 4734 scripserim,
2458 4679 2558 4736 pro
2583 4679 2650 4720 eo
2682 4678 2746 4720 ac
2769 4663 2994 4721 decebat
3023 4666 3106 4736 (nt
3132 4675 3282 4722 certe
3324 4666 3571 4738 decebat)
3603 4667 3670 4722 ad

2093 4755 2388 4812 Eusebium
2417 4764 2472 4810 et
2500 4754 2821 4812 Mat-tinuum
2855 4764 2911 4812 et
2941 4754 3218 4814 Zosimum
3269 4765 3324 4814 et
3365 4753 3664 4824 Maronem,

2095 4849 2340 4904 hortatus
2367 4862 2486 4914 eos,
2513 4857 2574 4902 ut
2623 4861 2654 4902 a
2681 4847 2827 4903 vitiis
2853 4847 3069 4920 quidem
3105 4859 3162 4904 et
3197 4849 3544 4920 improbitate
3570 4851 3670 4908 de-

2094 4941 2374 5007 sisterent,
2401 4940 2470 4998 ad
2503 4940 2669 4996 vitam
2703 4955 2832 4998 vero
2855 4941 3155 4998 secundum
3187 4943 3442 5000 virtutem
3467 4944 3669 5016 degen-

2095 5030 2217 5087 dam
2248 5030 2484 5086 studium
2511 5044 2674 5086 omne
2701 5044 2858 5086 suum
2885 5031 3298 5100 conlerrent,id
3327 5042 3508 5092 tamen
3533 5035 3673 5107 ipsis

1539 5361 1773 5420 VARIE
1811 5362 2194 5422 LECTIONES
2227 5365 2316 5422 ET
2353 5367 2587 5424 ΝΟΤᾸΞ.

477 5524 590 5596 (50)
625 5523 728 5579 Pro
774 5523 883 5596 bis,
905 5523 1058 5593 φίλε,
1089 5523 1377 5596 ἐγενόμην,
1407 5522 1522 5596 haec
1560 5525 1684 5596 _cud.
1731 5525 1846 5582 Val.
1882 5525 1988 5582 650

401 5591 704 5659 substituit,
735 5591 991 5663 φιλαίτιε,
1024 5591 1286 5662 γενοίμην
1313 5591 1374 5646 οὐ
1410 5594 1538 5663 μήν.
1560 5591 1772 5649 Possm.

477 5666 607 5736 (δη
631 5665 773 5719 Inter
799 5663 1053 5718 τοσοῦτον
1085 5673 1141 5718 et
1179 5663 1445 5734 προήκεις
1491 5664 1631 5717 idem
1669 5665 1863 5719 inserit
1894 5683 1984 5719 σο-

407 5735 948 5878 “gemmeus”
1001 5800 1194 5858 scribit
1243 5800 1384 5858 idem
1433 5815 1531 5871 pro
1563 5801 1897 5873 μέμψασθαι,
1935 5815 1990 5860 et

2086 5544 2210 5604 me}
2223 5529 2542 5604 Δἐϐουλόμην
2585 5546 2682 5604 pro
2717 5530 3028 5604 βουλοίμην.
3063 5531 3139 5588 ID.

2159 5599 2271 5668 (55)
2301 5597 2447 5674 Post
2473 5597 2674 5674 κακίας
2717 5597 2829 5674 ’μὲν
2870 5597 2988 5671 qua!
3032 5610 3332 5670 sequuntur
3364 5613 3567 5674 lisque
3595 5602 3664 5674 ad

2089 5662 2206 5721 εῖτά
2234 5662 2378 5721 τοῦτ’
2417 5662 2741 5734 culmine:
2777 5674 2855 5726 sic
2888 5662 3053 5725 'haln-t
3079 5662 3141 5726 eis
3191 5674 3310 5728 cuti.
3364 5662 3489 5727 Vat.
3539 5670 3668 5728 σεο.

2087 5739 2469 5810 ἀποφοιτῆσαι,
2495 5742 2696 5812 ἀρετῆς
2724 5743 2779 5796 δὲ
2801 5741 3201 5797 ἀντιλαϐέσθαι.
3233 5742 3309 5796 In.
