4078 6366
534 365 676 431 4295

1725 360 1786 421 S.
1819 359 2118 422 'ISIDORI
2155 360 2592 424 PE‘LUSIOTE

3649 368 3766 437 1296

543 501 647 539 non
689 479 954 554 persuasi,
987 478 1162 534 utrius
1176 475 1354 548 partis
1387 473 1504 531 haec
1555 485 1637 532 est
1671 477 1874 546 culpa?
1905 475 2116 532 Videris

2225 476 2503 548 ιξέφυγεν,
2558 476 2620 532 ού
2674 478 2826 550 παρὰ
2879 478 2978 550 τὴν
3035 477 3244 533 οἰκείαν
3301 479 3601 550 ἀσθένειαν,
3651 486 3769 546 ἀλλά

541 586 722 628 autem
761 572 891 626 tuibi
922 571 1088 625 verbo
1119 567 1338 638 quidem
1388 565 1442 621 in
1491 579 1578 621 tne
1604 565 1819 636 culpam
1848 567 2112 636 rejicere;

544 667 716 734 reipsa
765 675 900 717 vero
959 661 1080 716 illos
1155 661 1466 715 traducere.
1527 657 1631 726 Qui
1685 659 1970 729 praesidem
2007 674 2114 716 non

537 755 826 817 auscultat,
857 753 1060 808 chorus
1083 751 1441 807 inconcinnus
1487 760 1604 816 est;
1645 751 1738 820 qui
1773 749 1982 805 medico
2006 764 2115 804 non

539 849 897 917 obtemperat,
933 845 1099 900 miser
1132 853 1218 898 est
1255 861 1268 898 :
1315 855 1371 898 at
1402 858 1604 912 praeses
1627 842 1779 898 chori
1820 841 2036 906 musici,
2061 849 2120 896 et

540 937 798 1002 medicus,
855 946 1014 990 extra
1071 934 1288 1003 culpam
1329 942 1436 987 est.
1476 931 1608 986 Nam
1647 941 1702 988 et
1737 930 1972 998 illorum,
2026 931 2116 1000 qui

538 1030 825 1097 plurimum
881 1028 1109 1083 dicendo
1153 1026 1468 1089 valuerunt,
1530 1025 1936 1094 maximamque
1987 1036 2117 1092 pru-

536 1121 730 1176 dentiae
760 1121 1067 1190 Opinionem
1095 1128 1149 1172 et
1205 1117 1430 1185 gloriam
1484 1115 1714 1170 assecuti
1762 1123 1907 1177 sunt,
1947 1127 2110 1168 nemo

537 1222 639 1276 est,
675 1212 766 1280 qui
821 1214 922 1264 hoc
969 1208 1207 1280 el‘l’ugere
1254 1209 1490 1278 potuerit
1535 1210 1744 1262 crimen
1781 1205 1850 1277 (si
1905 1205 2116 1259 crimen

538 1303 920 1373 appellandum
953 1303 1083 1368 est),
1121 1301 1283 1368 idqtte
1321 1316 1424 1351 non
1466 1299 1537 1353 ob
1586 1314 1738 1352 suam
1773 1295 2026 1350 imbecilli
2064 1327 2093 1340 —

541 1407 727 1459 tatem,
787 1395 881 1449 sed
918 1393 1060 1455 ideo,
1121 1391 1244 1459 quia
1305 1391 1578 1445 auditores
1615 1389 1667 1442 in
1703 1403 1797 1442 sua
1851 1393 2118 1457 potestate

542 1488 735 1543 habent
787 1487 945 1540 ﬁnem
982 1484 1092 1553 (qui
1141 1492 1218 1536 est
1279 1479 1608 1551 persuasio),
1647 1489 1867 1549 propter
1898 1477 2120 1532 libet-ta-

542 1591 645 1633 tem
673 1578 905 1631 arbitrii.
931 1575 1101 1642 Quam
1138 1573 1302 1628 etiam
1329 1572 1397 1626 ob
1427 1587 1646 1627 causam
1683 1569 1837 1624 ﬁrma
1866 1569 2116 1624 consistit

537 1669 722 1738 iudicii
767 1669 922 1723 ratio.
955 1662 1313 1737 531-532
1362 1663 1428 1717 Et
1457 1663 1584 1732 quid
1637 1661 1834 1715 attinet
1875 1661 2120 1716 homines

507 1749 514 1755 ’
540 1774 988 1824 commemorare,
1015 1774 1134 1812 eum
1165 1757 1216 1809 in
1240 1764 1490 1826 prumpttt
1514 1753 1668 1808 sitab
1691 1753 1806 1822 ipso
1839 1751 2118 1806 Salvatore

540 1854 906 1922 exemplorum
966 1863 1161 1919 capere
1227 1845 1625 1916 primordium?
1685 1844 1912 1912 Quando
1973 1845 2115 1900 enim
2153 1835 2194 1890 Β

536 1945 704 2000 Judzei
766 1955 820 1998 et
865 1947 1055 1998 horum
1107 1937 1444 2009 cognominis
1511 1934 1713 2001 ludas,
1772 1937 1845 1990 illi
1901 1936 2116 2006 quidem

541 2035 780 2089 inﬁdeles
838 2033 1144 2094 manebant,
1189 2039 1242 2086 et
1300 2029 1576 2083 Christum
1624 2042 1655 2082 e
1705 2029 1880 2081 medio
1932 2026 2118 2080 tollere

538 2127 892 2190 conabantur,
923 2124 1024 2179 iste
1050 2137 1178 2177 vero
1226 2121 1475 2176 eumdem
1532 2120 1764 2190 prodere
1809 2120 2114 2184 nitebatur,

541 2231 669 2272 tunc
701 2217 889 2272 telerni
927 2216 1101 2270 Patris
1137 2211 1370 2268 Verbum
1397 2211 1595 2266 talibus
1635 2211 1816 2265 verbis
1852 2213 2114 2266 utebatur

539 2307 777 2378 (tametsi
829 2305 968 2374 apud
1004 2303 1255 2360 homines
1307 2317 1368 2358 ea
1414 2302 1546 2357 nihil
1609 2303 1951 2372 proﬁcerent,
1999 2317 2118 2372 qua:

539 2398 773 2470 lapidum
823 2412 1038 2468 quoque
1079 2404 1329 2448 naturam
1363 2391 1636 2449 inﬂectere
1668 2409 1825 2462 posse
1861 2393 2118 2448 videban-

541 2492 690 2562 tur),
727 2505 866 2544 nunc
895 2489 1110 2557 quidem
1137 2485 1363 2555 justitiae
1389 2486 1690 2540 rationibus
1727 2501 1821 2540 eos
1859 2501 2118 2542 revocans

539 2602 566 2636 a
601 2584 868 2646 facinore,
913 2595 1052 2634 nunc
1092 2595 1222 2634 vero
1265 2578 1650 2648 suppliciorum
1688 2578 2115 2632 comminatione

539 2673 773 2737 ipsorum
802 2671 1060 2724 malitiam
1088 2672 1408 2740 reprimens.
1429 2669 1566 2735 Quid
1587 2668 1793 2738 igitur?
1813 2665 1952 2720 Nunt
1989 2669 2118 2737 ipsis

538 2763 804 2830 persuasit
821 2759 1001 2815 ?Niltil
1020 2761 1221 2816 minus.
1267 2761 1377 2815 Cur
1395 2761 1465 2814 ita
1482 2759 1652 2825 ?Quia
1678 2769 1736 2812 ut
1761 2759 2117 2826 persuadean-

542 2863 630 2907 ttll‘
655 2852 951 2920 auditores,
982 2861 1033 2906 et
1065 2853 1116 2906 in
1148 2853 1472 2906 sententiam
1505 2852 1737 2920 aliquam
1757 2851 2120 2919 perducantur

545 2943 792 3004 dicendo,
830 2943 911 2997 vel
943 2959 1083 3008 non,
1111 2943 1353 3011 ipsorum
1389 2943 1441 2996 in
1482 2953 1749 3012 potestate
1794 2944 1957 2998 situm
2000 2958 2121 2998 esse

542 3043 773 3103 oportet,
803 3037 1030 3099 obeam,
1056 3051 1216 3104 quant
1243 3034 1377 3100 dixi,
1397 3034 1606 3088 arbitrii
1627 3034 1952 3088 libertatem.
1981 3033 2118 3088 Num

547 3137 600 3178 tu
635 3127 818 3196 igitur,
843 3126 884 3180 si
915 3141 978 3180 eo
1003 3136 1243 3196 tempore
1267 3127 1518 3190 vixisses,
1537 3125 1830 3180 acessisses
1856 3125 1922 3178 ad
1953 3123 2118 3178 Deum

543 3219 799 3284 Verbum,
849 3227 903 3272 et
960 3217 1173 3287 culpam
1237 3217 1289 3272 in
1347 3218 1519 3288 ipsum
1573 3215 2118 3287 conjecisses?(talia

541 3309 786 3378 quaedam
822 3309 982 3364 verba
1027 3308 1093 3360 ad
1134 3324 1255 3364 eum
1299 3307 1579 3380 proferens
1606 3307 1669 3378 :)
1721 3307 1836 3361 Non
1890 3308 2120 3362 servasti

543 3401 757 3455 Judam.
789 3400 1109 3470 Quanquam
1143 3402 1370 3456 dicendo
1419 3417 1524 3455 non
1575 3401 1812 3456 servavit
1841 3415 1986 3456 cum.
2014 3398 2120 3453 Sed

545 3506 662 3546 mea
694 3493 909 3562 quidem
954 3494 1208 3564 Opinione
1256 3508 1448 3548 omnes
1497 3501 1549 3547 te
1592 3492 1827 3547 habituri
1891 3491 2122 3547 fuisaent

503 3589 642 3653 “pro
666 3585 938 3648 demente.
991 3595 1046 3640 et
1093 3585 1401 3640 accusaturi
1435 3596 1486 3636 te.
1532 3592 1794 3638 extremae
1841 3582 2124 3651 imperitiae

544 3687 706 3746 utque
751 3675 1196 3748 importunitatis.
1263 3677 1398 3730 Nam
1454 3676 1522 3731 ad
1608 3675 1847 3730 doctoris
1905 3672 2122 3745 quidem

505 3769 512 3772 ’
544 3766 778 3823 cilicium
814 3770 1072 3838 pertinet,
1115 3768 1248 3822 nihil
1282 3783 1469 3824 eorum
1507 3784 1626 3838 quae.
1675 3769 1740 3820 ad
1787 3768 2122 3834 persuaden-

546 3860 674 3913 dum
735 3856 916 3914 facere
957 3868 1204 3926 possunt,
1247 3859 1707 3929 praetermittere;
1757 3871 1922 3928 penes
1971 3857 2126 3910 audi-

548 3961 694 4006 tores
745 3965 872 4006 vero
913 3960 1000 4007 est
1052 3950 1138 4005 vel
1176 3950 1516 4020 persuaderi,
1575 3949 1657 4004 vel
1708 3965 1836 4005 non.
1885 3948 1969 4004 Ab
2024 3951 2126 4006 hoc

547 4042 712 4112 igitur
761 4042 1010 4114 exemplo
1060 4057 1297 4113 praesens
1339 4056 1554 4110 quoque
1585 4041 1716 4096 nihil
1749 4043 2038 4112 discrepat,
2078 4041 2123 4096 si

549 4133 679 4186 mihi
712 4131 1008 4203 imputetur
1037 4131 1153 4200 ejus
1177 4132 1252 4187 rei
1282 4132 1435 4202 culpa
1461 4149 1474 4195 ;
1503 4132 1644 4201 quod
1671 4147 1789 4200 qua!
1818 4132 1983 4198 volui,
2015 4147 2124 4186 non

546 4225 929 4291 persuaserim.
987 4222 1140 4292 Quod
1179 4225 1224 4279 si
1275 4222 1448 4280 Graeci
1493 4233 1586 4278 aut
1631 4221 1799 4278 Judaei
1829 4233 2128 4279 occurrant

544 4315 686 4372 forte
717 4315 870 4370 nobis
899 4315 1133 4390 (oportet
1175 4315 1322 4370 enim
1373 4314 1649 4370 sexcentis
1692 4314 1864 4370 oculis
1909 4329 1972 4368 ea
2006 4327 2126 4382 quae

546 4407 603 4460 in
671 4406 1003 4464 contrarium
1069 4405 1251 4462 aﬂerri
1317 4415 1586 4476 possunt,
1662 4407 2125 4477 circumspicere,

545 4511 717 4567 eaque
757 4495 1050 4572 evertere),
1084 4500 1152 4553 ad
1204 4497 1325 4554 illos
1375 4499 1592 4568 quidem
1649 4499 1892 4553 dicemus
1925 4496 2125 4565 :Quid,
2157 4517 2203 4573 ι)

545 4603 747 4657 quaso,
779 4604 956 4645 causa:
983 4598 1086 4654 est,
1116 4604 1215 4644 cur
1245 4588 1477 4658 Jupiter,
1511 4598 1567 4642 ut
1606 4589 1878 4644 Humerus
1924 4589 2022 4652 ait,
2055 4603 2123 4642 ex

547 4679 799 4746 periculis
838 4697 945 4736 non
971 4682 1202 4735 servarit
1256 4678 1677 4752 (Sarpedonem)
1714 4679 2120 4746 charissimum,

547 4772 642 4825 sed
693 4771 979 4825 consilium
1041 4773 1090 4825 ei
1139 4780 1350 4826 tantum
1402 4769 1592 4824 dedit?
1639 4769 1720 4824 Ad
1762 4769 1860 4824 ltos
1895 4777 2126 4822 autem:

548 4862 684 4930 Quid
715 4877 875 4916 causa
905 4861 1005 4916 fuit
1039 4879 1136 4917 cur
1161 4863 1212 4916 in
1239 4861 1419 4917 Veteri
1443 4859 1789 4915 Testamento
1818 4875 1914 4930 per
1936 4859 2126 4914 Mosen

547 4962 878 5019 ueteresque
902 4953 1193 5020 prophetas
1250 4951 1462 5006 Incutus
1505 4951 1666 5014 Deus,
1729 4968 1835 5007 non
1889 4953 2130 5006 servavit

549 5043 817 5102 homines.
863 5043 953 5095 sed
1004 5042 1283 5114 neglectus
1331 5052 1655 5113 spretusque
1703 5043 2122 5108 contumaciter,

2227 567 2380 638 παρά
2425 569 2488 622 τὸ
2536 569 2662 634 τοὺς
2695 569 2973 642 ἀκροατὰς
3031 570 3256 642 κυρίους
3296 566 3435 625 εἷναι
3467 572 3559 627 τοῦ
3586 573 3768 643 τέλους,

2216 657 2306 712 διὰ
2331 659 2423 712 τὸν
2445 661 2546 731 τῆς
2575 660 3063 732 αὑτεξουσιότητος
3091 661 3237 733 ὅρον.
3271 661 3364 715 Arb
3390 663 3500 732 (54)
3531 665 3619 718 καί
3645 669 3771 741 ὁτῆς

2223 749 2461 823 κρίσεως
2515 751 2732 822 βέϐαιος
2789 753 3025 822 ὑπάρχει
3062 751 3239 821 λόγος.
3300 753 3411 808 Καὶ
3452 755 3504 807 τί
3543 755 3622 809 δεῖ
3661 761 3772 823 τοὺς

2217 841 2541 910 ἀνθρώπους
2559 843 2761 912 λέγειν,
2786 843 2906 910 ὲξδν
2937 841 2998 908 ἐξ
3017 828 3182 898 αὐτού
3210 841 3306 897 τοῦ
3333 830 3584 916 Σωτῆρος
3608 847 3774 901 λαϐεῖν

2216 931 2324 987 τῶν
2349 935 2810 1005 παραδειγμάτων
2841 935 2942 1008 τὴν
2984 935 3200 1007 ἀρχήν;
3238 936 3368 989 ’Ότι
3397 937 3504 1008 γὰρ
3553 939 3773 994 Ἰουδαῖοι

2217 1025 2314 1078 καὶ
2360 1027 2388 1079 6
2419 1025 2623 1080 τούτων
2663 1026 2976 1098 ἐπώνυμος,
3020 1027 3071 1080 οῖ
3123 1026 3222 1099 μὲν
3259 1027 3544 1097 ἠπίστουν,
3579 1030 3668 1084 καὶ
3697 1032 3776 1084 ἀν-

2218 1116 2360 1173 ελεῖν
2385 1117 2724 1189 ἐπεχείρουν,
2756 1120 2784 1172 6
2823 1119 2882 1172 δὲ
2913 1118 3222 1190 προδιδόναι
3241 1121 3519 1190 ἐπειρᾶτο,
3539 1119 3777 1184 τοιούτοις

2229 1209 2407 1277 λόγοις
2436 1211 2707 1280 ἐχρήσατο
2732 1211 2762 1264 ὀ
2781 1211 2953 1279 Λόγος
2976 1211 3004 1243 ·”
3019 1210 3222 1283 καίπερ
3259 1211 3320 1265 οὐ
3351 1214 3463 1276 τοῖς
3491 1211 3776 1284 ἀνθρώποις

2216 1301 2246 1354 6
2274 1299 2430 1368 λόγος
2455 1299 2592 1371 (55),
2641 1299 2692 1354 οἱ
2724 1301 2819 1355 καὶ
2860 1303 2959 1372 τὴν
3003 1301 3113 1356 τῶν
3171 1301 3338 1356 λίθων
3372 1301 3534 1372 φύσιν
3565 1304 3774 1367 εἰκότως

2217 1390 2511 1445 δεινότατοι
2575 1386 2718 1462 ἦσαν
2772 1392 3084 1463 ἐπικάμψαι
3117 1407 3132 1423 ⁸
3212 1391 3344 1446 ποτε
3397 1392 3497 1463 μὲν
3546 1395 3652 1457 τοῖς
3693 1393 3778 1446 τοῦ

2218 1484 2427 1538 δικαίου
2461 1483 2744 1556 λογισμοῖς
2783 1484 3054 1554 ἀνείργων
3080 1503 3096 1518 ο
3148 1485 3280 1540 ποτὲ
3309 1485 3368 1538 δὲ
3399 1487 3466 1556 τῇ
3492 1484 3600 1538 τῶν
3619 1501 3776 1555 τιμω-

2222 1573 2356 1642 ριῶν
2406 1570 2604 1642 ἀπειλῇ
2633 1573 2975 1629 ἀναστέλλων
2995 1574 3176 1629 αὐτῶν
3215 1577 3312 1647 τὴν
3344 1577 3556 1630 κακίαν.
3585 1575 3648 1628 Τί
3670 1571 3775 1638 οὖνς

2223 1662 2512 1727 Ἔπεισενς
2551 1663 2836 1735 Οὐδαμῶς.
2868 1666 2967 1720 Διά
2990 1665 3081 1734 τίς
3124 1667 3346 1739 Ἐπειδὴ
3384 1666 3479 1720 τοῦ
3512 1665 3777 1735 πεισθῆναι

2220 1755 2315 1808 καὶ
2340 1755 2439 1826 μὴ,
2467 1758 2594 1821 τοὺς
2633 1756 2932 1822 ἀκούοντας
2975 1758 3199 1830 κυρίους
3241 1754 3385 1813 εἶναι
3444 1759 3548 1831 χρὴ
3589 1759 3674 1814 διὰ
3702 1760 3779 1812 τὸν

2219 1846 2320 1915 τῆς
2371 1845 2874 1919 αύτεξουσιότητος,
2934 1849 3012 1914 ὠς
3061 1849 3218 1920 ἔφην,
3265 1850 3414 1920 ὅρον.
3451 1840 3574 1921 Ἆρ’
3611 1845 3778 1912 οὗν,εἱ

2221 1937 2338 1992 κατ’
2376 1940 2583 1993 ἐκεῖνον
2616 1941 2894 2009 ἐγεγόνεις
2927 1942 3017 1996 τὸν
3049 1943 3262 2014 χρόνον,
3295 1942 3605 2014 προσῆλθες
3631 1941 3690 1995 ἂν
3715 1941 3780 2008 τῷ

2218 2028 2337 2099 Θεῷ
2363 2031 2543 2102 Λόγῳ,
2577 2033 2671 2086 καὶ
2695 2033 3042 2104 κατητιάσως
3070 2035 3186 2088 Οὐκ
3214 2033 3428 2097 ἔσωσας
3448 2035 3537 2088 τὸν
3579 2033 3778 2087 Ἰούδαν.

2219 2123 2412 2177 Καίτοι
2438 2122 2614 2192 λέγων
2647 2125 2746 2178 ούκ
2779 2125 2982 2179 ἔσωσεν
3011 2143 3024 2156 ·
3074 2126 3188 2179 ἀλλ’
3218 2122 3380 2196 οῖμαι
3427 2127 3630 2188 πάντας
3651 2125 3711 2179 ἄν
3731 2141 3780 2178 σε

2221 2215 2609 2286 παραπληξίας
2639 2216 2735 2271 καὶ
2766 2217 2864 2286 τῆς
2902 2217 3137 2288 ἐσχάτης
3172 2216 3497 2288 γράψασθαι
3545 2215 3782 2270 ἀπαιδευ-

2222 2305 2362 2372 σίας.
2388 2306 2500 2360 Τοῦ
2529 2308 2628 2377 μὲν
2659 2307 2767 2380 γὰρ
2799 2307 3143 2372 διδάσκοντός
3178 2311 3317 2373 ἔστι,
3347 2309 3408 2362 τὸ
3441 2307 3604 2382 μηδὲν
3634 2323 3784 2378 παρα·

2219 2397 2400 2468 λεῖψαι
2440 2396 2550 2452 τῶν
2603 2399 2880 2470 φερόντων
2925 2401 3004 2463 εἰς
3056 2398 3263 2454 πειοὼ’
3297 2399 3412 2454 τῶν
3439 2399 3482 2452 δ’
3524 2397 3785 2470 ἁκροωμέι

2220 2509 2347 2556 νων,
2405 2490 2465 2544 τὸ
2515 2489 2828 2560 πεισθῆναι,
2891 2491 2988 2544 καὶ
3050 2491 3146 2562 μή.
3184 2490 3396 2545 Τούτου
3436 2489 3609 2544 τοίνυν
3649 2487 3785 2542 οὐδὲν

2219 2579 2467 2648 διαφέρει
2499 2579 2597 2634 καὶ
2642 2579 2702 2632 τὸ
2731 2579 2926 2649 παρδν,
2969 2580 3017 2632 εἰ
3062 2578 3162 2649 τὴν
3189 2579 3376 2633 αἰτίαν
3416 2578 3526 2632 τῶν
3567 2576 3638 2650 μὴ
3681 2592 3784 2628 πει-

2224 2670 2458 2724 σθέντων
2499 2671 2528 2722 6
2561 2670 2637 2742 μὴ
2663 2669 2942 2734 πεπεικὼς
2994 2669 3236 2740 οἴσομαι.
3287 2670 3356 2723 Εἰ
3403 2670 3449 2724 δῖ
3492 2665 3783 2738 Ἕλληνεςῆ

2233 2763 2477 2815 Ἰουδαῖοι
2536 2763 2671 2834 πρὸς
2704 2761 2864 2815 τοῦτο
2897 2762 3236 2815 ἀντείποιενο
3268 2760 3383 2833 χρὴ
3436 2761 3543 2832 γὰρ
3594 2759 3783 2831 μυρίοις

2221 2853 2518 2924 ὀφθαλμοῖς
2574 2853 2674 2918 τὰς
2735 2853 3039 2917 ἀντιθέσεις
3107 2856 3496 2925 περισκοπεῖν,
3550 2853 3642 2906 καὶ
3687 2849 3783 2920 (56)

2221 2943 2426 3007 ταύτας
2483 2945 2816 3015 ἀνατρέπειν
2846 2961 2858 2975 ·
2909 2943 3046 3015 πρὸς
3094 2944 3196 3014 μὲν
3243 2945 3496 3009 ἐκείνους
3542 2947 3781 3016 φήσομεν·

2222 3037 2303 3089 Δι’
2328 3037 2393 3107 ἣν
2425 3036 2602 3089 αἰτίαν
2635 3036 2663 3087 ὁ
2696 3036 2852 3100 Ζεὺς,
2884 3033 2960 3100 ῶς
2995 3053 3160 3107 φησιν
3201 3037 3478 3110 Ὅμηρος,
3505 3038 3606 3091 οὐκ
3635 3035 3784 3089 ἔσωσε

2223 3126 2330 3180 τῶν
2364 3127 2626 3181 κινδύνων
2659 3127 2935 3195 φίλτατον,
2969 3127 3108 3182 ἀλλά
3154 3127 3552 3182 συνεϐούλευσε
3612 3127 3782 3199 μόνον;

2227 3219 2368 3290 Πρὸς
2394 3219 2451 3273 δὲ
2484 3219 2728 3285 τούτους,
2753 3219 2853 3272 Διὰ
2883 3220 2936 3272 τί
2988 3222 3047 3273 ἐν
3076 3224 3144 3292 τῇ
3190 3221 3414 3296 Παλαιᾷ
3445 3223 3532 3276 διὰ
3569 3219 3786 3280 Μωσέως

2225 3312 2318 3365 καὶ
2365 3311 2476 3364 τῶν
2529 3311 2704 3364 ἄλλων
2753 3310 3050 3383 προφητῶν
3093 3312 3344 3384 λαλήσας
3402 3317 3430 3368 6
3483 3313 3632 3377 Θεὸς,
3699 3311 3786 3363 ούκ

2224 3399 2428 3454 ἔσωσεν
2457 3399 2594 3470 ('57),
2628 3397 2765 3452 ἀλλά
2798 3399 3245 3470 παρακουόμενος
3273 3403 3575 3474 τιμωρίαις
3610 3399 3786 3460 αὐτοὺς

2227 3491 2526 3562 μετῆλθεν;
2582 3490 2749 3544 Ὅταν
2781 3489 2890 3561 γὰρ
2921 3507 3003 3556 τις
3046 3491 3202 3562 δίκην
3234 3491 3338 3564 δῷ,
3387 3493 3524 3565 ὁμοῦ
3551 3510 3607 3547 τε
3645 3489 3788 3546 κεκό-

2223 3581 2439 3644 λασται,
2466 3581 2562 3634 καὶ
2592 3581 2654 3634 τὸ
2687 3581 2764 3652 μὴ
2805 3581 3098 3635 πεπεῖσθαι
3124 3582 3202 3653 τῷ
3234 3583 3512 3656 νομοθέτῃ
3534 3583 3784 3636 δείκνυσι·

2229 3673 2426 3744 μᾶλλον
2461 3673 2520 3728 δὲ
2567 3672 2729 3736 αύτδς
2755 3673 2784 3726 ό
2834 3672 3154 3744 νομοθέτης,
3199 3675 3284 3728 ὃτι
3311 3675 3381 3728 οὗ
3410 3674 3574 3748 πείσῃ
3602 3673 3789 3732 πάντας

2226 3764 2497 3836 χρηστοὺς
2531 3758 2691 3828 εἶναι,
2742 3763 3008 3833 προεῖδεν.
3061 3753 3122 3817 '0
3174 3763 3284 3836 γὰρ
3340 3764 3542 3836 ὁρίζων
3571 3763 3691 3834 περ),
3717 3777 3789 3814 τι.

2229 3856 2465 3929 μωρίας,
2500 3857 2578 3921 ὡς
2609 3857 2670 3911 οὐ
2706 3855 2925 3922 καθέξει
2956 3856 3084 3920 τοὺς
3129 3859 3432 3929 πονηροὺς,
3477 3857 3632 3928 δῆλός
3663 3857 3791 3909 ἐστιν

2227 3948 2406 4011 εἰδώς.
2463 3949 2641 4019 Ὅπερ
2697 3950 2809 4024 γὰρ
2861 3949 2928 4004 ἂν
2986 3949 3066 4012 είς
3111 3948 3272 4004 τοῦτο
3324 3950 3783 4022 ἀπολογήσωνται.

2227 4039 2384 4093 τοῦτο
2412 4038 2504 4092 καὶ
2541 4040 2634 4094 ἐπὶ
2675 4040 2770 4094 τοῦ
2819 4039 2990 4096 ’ἰούδα
3032 4038 3329 4107 λελέξεται.
3395 4040 3546 4096 Ἔδει
3593 4038 3687 4112 μὲν
3711 4030 3790 4090 οὖν

2227 4127 2460 4181 ἐνταῦθα
2490 4127 2684 4197 στῆναι
2707 4127 2806 4200 τὴν
2831 4127 3108 4195 ἀπόδειξιν
3135 4144 3150 4160 ο
3204 4128 3314 4182 πᾶν
3369 4128 3480 4202 γὰρ
3514 4131 3597 4184 ὅτι
3629 4127 3691 4182 ἂν
3709 4125 3789 4180 ἐπὶ

2228 4218 2363 4290 τῷδε
2419 4216 2639 4290 λεχθείη
2682 4218 3056 4290 παράδειγμα,
3102 4217 3246 4272 τοῦδ’
3293 4218 3539 4274 ἔλαττον.
3595 4217 3659 4271 Τί
3695 4213 3790 4285 γὰρ

2229 4309 2561 4381 θαυμαστὸν,
2594 4312 2672 4374 εἰς
2697 4309 2982 4382 ἄνθρωπον
3003 4310 3198 4376 ἐλθεῖν,
3219 4311 3247 4364 ὃ
3276 4313 3373 4365 καὶ
3399 4310 3567 4367 αὑτοῦ
3584 4309 3672 4364 τοῦ
3691 4303 3788 4378 (58)

2229 4402 2405 4470 Λόγου
2439 4401 2648 4470 ﬁdam;
2682 4401 2744 4455 τὺ
2775 4400 2830 4456 δὲ
2859 4403 2934 4473 μὴ
2959 4400 3134 4455 δοκεῖν
3161 4403 3528 4473 εὐπρόσωπον
3552 4399 3793 4470 τεθηρευ-

2229 4491 2382 4545 κέναι
2409 4490 2705 4562 ρᾳθυμίαν,
2735 4488 2859 4544 οὐδὲ
2897 4491 3004 4545 τῶν
3047 4490 3354 4563 ἀνθρώπων
3403 4491 3695 4562 ἀφέξομαι.
3727 4485 3792 4538 Δι’

2229 4583 2297 4654 ἢν
2327 4581 2510 4636 αἰτίαν
2569 4581 2750 4636 τοίνυν
2807 4583 3012 4653 Μωσῆς
3058 4582 3415 4637 κατελιθοῦτο
3466 4579 3793 4656 ἱεροφάντης,

2249 4672 2477 4735 Ἡσαΐας
2535 4672 2592 4726 δὲ
2665 4672 2940 4744 ὲπρίζετο,
3003 4673 3034 4727 6
3082 4673 3192 4726 τῶν
3263 4674 3521 4746 Σεραφῖμ
3583 4668 3790 4741 θεωρός,

2243 4765 2514 4836 Ἱερεμίας
2553 4764 2610 4818 δὲ
2644 4767 2726 4830 εἰς
2753 4766 2960 4820 λάκκον
2997 4765 3262 4839 βορϐόρου
3289 4765 3671 4835 γκατεκλείετο,
3714 4760 3795 4813 καὶ

2231 4856 2440 4928 Πέτρος
2501 4856 2598 4926 μὲν
2651 4858 2925 4928 ἀνῃρεῖτο,
2979 4857 3191 4922 Παῦλος
3219 4857 3275 4910 δὲ
3299 4859 3666 4928 ἀπετέμνετο;
3699 4850 3796 4905 οὐκ

2229 4947 2422 5016 ἐπειδὴ
2456 4946 2530 5018 μὴ
2564 4947 2921 5023 πάντεςτοῖς
2967 4947 3146 5018 λόγοις
3196 4953 3510 5020 προσεῖχον,
3561 4947 3654 5001 καὶ
3692 4942 3795 5001 ταῖς

2229 5039 2652 5114 παραινέσεσιν;
2682 5041 2743 5094 Εἰ
2784 5041 2838 5094 δὲ
2865 5041 2951 5095 διὰ
2983 5041 3043 5096 τὸ
3067 5041 3241 5110 λόγων
3274 5039 3584 5114 ῥητορικῶν
3613 5037 3646 5108 ἢ
3681 5032 3793 5088 συλο

1657 5217 1894 5274 VARIAS
1933 5217 2317 5277 LECTIONES
2357 5217 2444 5274 ET
2477 5218 2707 5276 NOTE.

547 5399 731 5527 P64)
761 5399 867 5457 Pro
892 5402 1036 5473 ὅρον,
1082 5401 1182 5464 διὸ,
1232 5397 1370 5455 idem
1441 5402 1622 5457 scribit
1684 5404 1876 5473 τρῦπον
1926 5400 1993 5452 δι’
2045 5401 2124 5454 ὅν.

590 5488 753 5527 essm.

590 5488 895 5615 οἶὲἐῗἨπιο
929 5543 1114 5615 verba,
1158 5539 1360 5609 καίπερ
1395 5539 1458 5615 ού
1490 5544 1599 5615 τοῖς
1635 5541 1943 5615 ἀνθρώποις
1970 5544 1996 5596 ὁ
2035 5541 2130 5595 λό-

554 5611 662 5679 γος,
693 5611 884 5668 cuucta
935 5613 1319 5683 omittttntnr_a
1361 5611 1478 5683 cod.
1525 5611 1642 5665 Vat.
1671 5611 1800 5683 650,
1839 5613 1932 5683 qui
1981 5627 2122 5666 vers.

546 5676 660 5752 seq.
691 5685 830 5737 inter
856 5683 1145 5736 δεινότατοι
1173 5692 1226 5736 et
1249 5676 1392 5753 ἦσαν
1440 5682 1627 5753 inserit
1654 5682 1745 5753 ἂνἒ
1782 5676 1941 5737 uti-el
1977 5697 2118 5737 vers.

549 5748 663 5810 Dust
693 5753 776 5820 l0,
818 5753 934 5818 πῶς
965 5755 1106 5808 inter
1148 5748 1460 5824 κατῂτιάσω
1490 5763 1540 5806 et
1579 5751 1698 5807 ούκ.
1723 5748 1803 5804 In.

2297 5403 2408 5471 (56)
2441 5401 2585 5456 Inter
2620 5403 2714 5456 καὶ
2747 5410 2801 5457 et
2825 5401 3027 5466 ταύτας
3058 5402 3198 5456 idem
3236 5401 3358 5457 cod.
3391 5401 3444 5456 in
3472 5400 3641 5471 εἰκόσι
3670 5397 3792 5462 λογι·
3859 5437 3877 5451 .

2229 5468 2408 5542 σμοῖς,
2439 5486 2492 5528 et
2534 5490 2674 5542 vers.
2720 5473 2842 5528 inde
2875 5474 2939 5536 5,
2978 5474 3121 5528 inter
3153 5471 3414 5528 κινδύνων
3475 5481 3530 5526 et
3566 5468 3797 5539 φίλτατον

2227 5540 2437 5608 inserit,
2472 5542 2564 5597 τὸν
2591 5540 2871 5612 Αἴγισθον.
2903 5542 2982 5596 In.

2317 5613 2408 5685 57)
2428 5607 2542 5685 Pro
2572 5607 2776 5685 ἔσωσεν
2809 5615 2947 5685 idem
2971 5612 3094 5668 cod.
3129 5612 3320 5685 scribit
3343 5607 3793 5685 Enetos._Posst§.

2317 5621 2408 5682 57)
2437 5621 2542 5668 Pro
2572 5621 2776 5667 ἔσωσεν
2809 5621 2947 5667 idem
2971 5621 3094 5668 cod.
3129 5621 3320 5669 scribit
3343 5621 3558 5666 επεισε.
3597 5621 3790 5662 Possm.

2296 5621 2409 5752 ίδδ)
2457 5683 2602 5738 lutcr
2635 5682 2728 5736 τοῦ
2775 5695 2830 5738 et
2861 5683 3037 5752 Λόγου
3090 5684 3232 5739 Idem
3279 5685 3404 5737 cod.
3456 5681 3605 5751 ponit
3645 5673 3790 5729 Θεοῦ.

2225 5751 2300 5808 lo.
