4078 6382
321 324 462 391 1297

1266 325 1796 390 EPISTOLARUM
1848 327 1993 390 LIB.
2035 327 2133 389 IV.
2175 353 2243 366 --
2281 327 2516 390 EPIST.
2555 330 2708 392 CCV.

3471 327 3603 395 1298

319 439 653 508 λογιστικῶν
682 439 942 511 ἀπείρους
983 433 1142 504 εἶναι,
1178 438 1345 508 φαίης
1369 437 1545 494 ταῦτα
1568 437 1918 504 πεπονθέναι,

2034 439 2202 508 paruis
2234 454 2327 496 eos
2365 452 2689 510 persecutus
2719 441 2835 497 est?
2872 439 3006 495 Cum
3060 441 3182 512 quis
3231 441 3375 498 enim
3405 457 3598 512 ptenas

318 533 406 596 είς
420 533 552 596 τοὺς
578 531 800 600 ἔξωθεν,
830 532 957 596 τοὺς
979 531 1077 586 καὶ
1100 532 1192 584 ἐπὶ
1210 531 1376 602 λόγῳ,
1395 532 1488 585 καὶ
1507 531 1791 602 δεινότητι,
1826 531 1920 583 καὶ

320 620 508 674 πειθοῖ
539 623 807 696 μεγίστην
831 623 992 690 δόξαν
1024 623 1349 694 ἐσχηκότας,
1401 621 1694 694 τρέψομαι.
1739 621 1839 674 Διὰ
1868 619 1920 672 τί

317 709 434 780 γὰρ
465 709 713 775 Πλάτων,
757 715 786 766 6
831 712 1098 784 Ἐλλήνων
1137 713 1432 782 θησαυρὸς,
1492 713 1586 766 καὶ
1621 711 1792 784 αὐτῆς
1817 710 1920 782 τῆς

319 803 643 874 ἐλευθερίας
691 805 988 872 ἐξέπεσενς
1027 807 1141 860 Οὐκ
1195 806 1384 876 ἐπειδὴ
1420 805 1625 876 μηδένα
1655 804 1920 877 τύραννον

323 895 522 947 πεῖσαι
564 893 840 968 ἡδυνήθη;
869 895 1196 967 Πυθαγόρας
1237 895 1316 959 δέ,
1354 896 1382 949 6
1423 894 1566 965 μέγα
1611 895 1704 948 ἐπὶ
1753 895 1920 967 σοφίᾳ

323 986 633 1056 φρονήσας,
667 987 770 1056 τῆς
814 987 1114 1059 Φαλάριδος
1153 987 1442 1052 συνουσίας
1485 987 1574 1040 διὰ
1605 985 1658 1040 τί
1704 987 1922 1059 ἀπεπή-

324 1075 534 1146 δησενς
565 1076 680 1130 οὐκ
724 1077 912 1150 ἐπειδὴ
934 1078 1028 1132 καὶ
1063 1079 1204 1150 μετὰ
1233 1077 1333 1148 τὴν
1373 1077 1646 1148 τοσαύτην
1671 1076 1924 1130 διδασκα-

322 1167 456 1222 λίαν
501 1170 708 1232 ἐκεῖνος
744 1169 906 1224 πάλιν
951 1169 1215 1241 τύραννος
1242 1166 1342 1241 ἦνς
1381 1170 1480 1224 Διὰ
1512 1170 1564 1224 τί
1596 1170 1654 1223 δὲ
1697 1169 1924 1240 Σωκρά-

328 1275 457 1329 της,
488 1261 516 1312 6
547 1260 766 1313 πάντων
811 1259 924 1314 τῶν
955 1261 1078 1314 τότε
1113 1260 1296 1328 σοφῶν
1335 1261 1777 1333 περιγενόμενος,
1814 1275 1924 1313 xw-

330 1352 466 1422 νεὶῳ
501 1349 860 1423 κατακριθεὶς
918 1351 1226 1418 ἁπέθανενς
1258 1353 1373 1406 Οὐκ
1433 1352 1622 1421 ἐπειδὴ
1654 1353 1780 1416 τοὺς
1816 1369 1925 1406 σω-

332 1443 640 1514 φρονιστὰς
680 1443 743 1496 οὐ
794 1443 1056 1514 φέρουσιν
1101 1443 1422 1514 ἆνθρωποι;
1483 1443 1706 1512 Ἐπειδὴ
1737 1443 1796 1496 δέ
1825 1443 1921 1497 καὶ

347 1533 718 1604 Ἀριστοτέλει
752 1532 1082 1596 κινδυνεύεις
1131 1532 1418 1603 ἡττᾶσθαι,
1453 1531 1617 1586 ἄκουε
1657 1532 1710 1584 τί
1759 1549 1924 1603 φησιν

334 1630 586 1690 ἐκεῖνος·
622 1643 641 1676 ι
699 1625 828 1680 Οῦθ*
874 1627 902 1680 6
951 1627 1241 1697 ῥητορικὸς
1277 1624 1440 1679 παντὶ
1484 1625 1672 1696 τρόπῳ
1723 1624 1922 1692 πείσει,

333 1721 454 1776 εὖθ’
487 1723 516 1776 6
548 1722 792 1791 ἰατρικὸς
837 1720 1075 1790 ὑγιάσει,
1107 1721 1222 1774 ἀλλ’
1275 1719 1370 1773 ἐὰν
1416 1719 1524 1774 τῶν
1560 1719 1924 1790 ἐνδεχομένων

2026 531 2139 596 dat,
2177 531 2346 586 simul
2369 541 2420 587 et
2455 533 2695 602 punitur,
2725 541 2778 587 et
2809 535 2952 602 quod
2997 533 3290 602 legislatori
3350 548 3457 588 non
3499 549 3596 602 pa-

2024 619 2215 685 ruerit,
2245 622 2484 678 ostendit
2525 622 2701 692 :quin
2751 623 2932 692 potius
2983 625 3095 694 ipse
3149 622 3428 694 lcgislator
3463 638 3602 693 pra:-

2022 711 2178 777 vidit,
2210 726 2269 768 se
2301 729 2407 767 non
2461 715 2712 770 omnibus
2759 729 3146 784 persuasurqu
3202 729 3325 771 esse
3358 725 3415 768 ut
3445 715 3598 784 probi

2021 804 2155 860 sint.
2186 804 2316 860 Nam
2345 807 2434 876 qui
2466 806 2532 860 de
2559 823 2716 876 pmna
2747 807 2946 872 sancit,
2978 823 3042 862 eo
3081 807 3197 876 ipso
3239 807 3373 862 satis
3400 807 3607 862 indicat

2023 897 2168 953 scire
2189 913 2269 964 se,
2293 901 2434 968 quod
2451 899 2724 971 improbos
2755 909 2980 971 nequeat
3006 901 3058 954 iu
3084 899 3260 956 ollicio
3297 901 3601 955 continere.

2023 987 2294 1060 Quidquid
2318 990 2462 1044 enim
2499 993 2566 1044 ad
2595 991 2695 1046 hoc
2717 991 3049 1046 defensionis
3095 1006 3256 1046 causa
3299 990 3440 1046 forte
3482 990 3609 1046 affe-

2023 1089 2164 1147 rent,
2215 1081 2356 1136 idem
2406 1081 2568 1138 etiam
2629 1083 2698 1139 de
2733 1081 2867 1138 Juda
2921 1083 3024 1137 dici
3083 1083 3304 1152 poterit.
3360 1081 3598 1137 Tametsi

2023 1171 2190 1243 igitur
2241 1173 2329 1229 hic
2379 1175 2680 1231 consistere
2729 1175 3032 1246 oportuerit
3084 1175 3602 1230 demonstrationem

2027 1263 2174 1335 (nam
2216 1265 2475 1336 quidquid
2501 1267 2732 1337 exempli
2769 1277 2970 1338 praeter
2998 1267 3048 1320 id
3077 1267 3218 1336 quod
3250 1266 3468 1320 allatum
3501 1273 3601 1330 est,

2025 1352 2306 1424 allegetur,
2334 1357 2512 1411 minus
2532 1359 2640 1411 erit.
2671 1357 2761 1412 illo
2792 1365 2958 1428 atque
2989 1355 3218 1410 inferius
3245 1373 3260 1410 :
3299 1356 3424 1425 quid
3453 1355 3598 1409 enim

2025 1427 2150 1498 miri
2179 1446 2268 1508 sit,
2303 1447 2355 1500 in
2383 1448 2656 1504 hominem
2688 1427 2905 1516 cadere,
2969 1447 3024 1502 id
3078 1446 3222 1517 quod
3256 1446 3434 1515 ipsum
3473 1445 3607 1500 Ver-

2026 1537 2152 1592 bum
2204 1537 2399 1594 Filium
2460 1541 2551 1596 Dei
2604 1540 2862 1638 attigiti),
2911 1547 3090 1594 tamen
3148 1553 3216 1594 ne
3273 1537 3606 1609 probabilem

2027 1629 2256 1699 ignaviae
2310 1631 2654 1688 occasionem
2683 1629 2954 1701 'captasse
3015 1631 3221 1695 videar,
3286 1644 3464 1699 neque
3531 1629 3600 1683 ab

2026 1716 2338 1776 hominibus
2373 1721 2676 1776 abstinebo.
2711 1719 3068 1794 533-535
3091 1719 3228 1785 Quid
3251 1719 3416 1790 igitur
3432 1733 3610 1774 causa:

339 1814 513 1884 μηδὲν
551 1814 858 1888 παραλίπῃ,
919 1812 1120 1876 ἱκανῶς
1176 1813 1320 1883 ἔχειν
1367 1812 1534 1865 αὐτὸν
1560 1809 1660 1882 τὴν
1693 1810 1921 1880 ἐπιστή-

2034 1805 2129 1862 init
2149 1823 2246 1864 cur
2267 1809 2442 1866 Moses
2465 1811 2730 1880 lapidibus
2759 1812 3114 1879 impeteretur
3134 1812 3420 1878 propheta,
3445 1809 3612 1863 Isaias

340 1925 453 1978 μην
487 1909 755 1979 φήσομεν.
796 1925 815 1958 ι
853 1905 978 1970 Πῶς
1026 1907 1135 1977 γὰρ
1169 1905 1440 1978 Περικλῆς
1506 1903 1670 1966 eam,
1709 1903 1768 1967 ὃς
1817 1900 1926 1955 ἀπὸ

333 1999 472 2052 δέκα
501 1997 677 2050 ποδῶν
705 1997 828 2069 ᾕρει
850 1997 975 2059 τοὺς
1001 1997 1259 2067 ῥήτορας,
1291 1995 1386 2048 καὶ
1411 1993 1632 2067 προσέτι
1654 2011 1718 2061 γε
1735 1991 1924 2056 αὐτοῦ,

337 2089 487 2144 κατὰ
519 2089 579 2142 τὸ
605 2087 872 2158 κωμικὸν,
910 2085 1086 2140 πειθώ
1119 2103 1204 2149 τις
1229 2085 1365 2158 ᾤκει
1398 2087 1456 2140 ἐν
1509 2087 1625 2149 τοῖς
1659 2085 1924 2156 χείλεσινς

337 2179 418 2234 Οὐ
445 2178 558 2249 γὰρ
593 2179 681 2243 ἂν,
725 2179 775 2232 εί
822 2177 1054 2249 ἐδυνήθη
1090 2179 1298 2243 πεῖσαι,
1345 2175 1488 2230 ἑκὼν
1518 2176 1583 2229 ἂν
1620 2171 1928 2246 ἐζημιώθη.

337 2273 468 2334 Πῶς
495 2271 552 2324 δὲ
581 2270 976 2341 Θεμιστοκλῆς,
1013 2270 1042 2322 6
1071 2268 1170 2321 ἐπὶ
1199 2266 1416 2336 φύσεως
1457 2265 1686 2338 δυνάμει
1719 2267 1928 2336 ἀνακη-

338 2363 695 2434 ρυττόμενος,
740 2364 838 2416 καὶ⁸
875 2361 1310 2432 αὑτοσχεδιάζων
1339 2359 1400 2413 τὸ
1445 2359 1586 2417 δέον.
1634 2355 1930 2428 ἐζημιοῦτο

338 2457 526 2524 φυγῇς
573 2453 694 2515 Πῶς
719 2451 778 2506 δὲ
820 2452 1171 2523 Δημοσθένης
1213 2453 1242 2506 6
1286 2449 1355 2504 τὰ
1385 2448 1524 2503 αὐτὰ
1560 2447 1784 2507 δυνατὰ.
1827 2449 1925 2502 καὶ

336 2547 508 2601 πάλιν
553 2545 792 2598 ἀδύνατα
845 2544 1082 2609 δεικνὺς,
1145 2543 1234 2596 ’ίνα
1283 2541 1456 2596 τᾶλλα
1509 2541 1688 2594 πάντα
1740 2540 1925 2610 παρῶ,

337 2640 438 2692 καὶ
466 2636 565 2700 τὰς
607 2636 802 2708 ἥττας,
832 2636 928 2689 καὶ
953 2635 1045 2689 τὸν
1093 2635 1227 2706 περ)⁸
1266 2633 1376 2688 τῶν
1417 2633 1762 2704 Ἁρπαλείων
1791 2649 1930 2705 χρη-

339 2731 536 2800 μάτων
561 2727 720 2796 λόγον
767 2728 1050 2798 σιωπήσω,
1094 2727 1184 2780 τὸν
1222 2725 1449 2780 Μειδίαν
1502 2726 1601 2796 οὐχ
1678 2719 1814 2792 εἷλε,
1840 2725 1931 2777 τὸν

336 2819 582 2874 τοσαῦτα
620 2819 785 2874 αὐτὸν
817 2819 969 2873 κακὰ
1016 2818 1307 2884 διαθέντας
1345 2819 1469 2870 Ὅτι
1509 2819 1608 2888 μὲν
1639 2817 1746 2886 γὰρ
1775 2815 1932 2869 i606-

336 2913 468 2967 λετο
514 2913 677 2967 αὐτὸν
723 2912 866 2966 ἐλεῖν
893 2950 908 2976 ,
963 2911 1045 2965 διδ
1090 2912 1184 2964 καὶ
1225 2911 1390 2964 παντὶ
1437 2909 1617 2964 σθένει
1651 2909 1751 2980 τὴν
1800 2926 1932 2963 κατ⁴

337 3005 579 3077 ηγορίαν
615 3003 846 3074 ἔγραψε,
891 3003 1051 3070 δῆλον
1072 3018 1086 3032 ·
1119 3002 1209 3056 διὰ
1237 3002 1290 3056 τί
1319 3001 1412 3056 οῦν
1469 3003 1568 3072 οὐχ
1606 2994 1784 3066 εἶλενς
1819 3001 1934 3056 υὺκ

339 3095 536 3166 ἐπειδὴ
562 3094 988 3166 ἀσθενεστέρους
1039 3094 1164 3156 τοὺς
1210 3093 1401 3162 λόγους
1431 3093 1531 3162 τῆς
1571 3092 1680 3146 τῶν
1721 3089 1932 3162 ἐχθρῶν
1959 3129 2002 3186 c

337 3185 665 3250 δυναστείας
697 3185 950 3255 ἐνόμισεν
973 3202 988 3218 ο
1023 3185 1084 3239 οὐ
1117 3185 1229 3254 γάρ
1257 3203 1309 3238 τι
1333 3183 1535 3247 λαϐὼν,
1567 3183 1643 3248 ὡς
1671 3182 1933 3254 Αἰσχίνης

339 3279 476 3350 ἐφη,
539 3279 772 3332 ἀπέδοτο
815 3277 916 3349 τὴν
986 3277 1469 3350 καταχειροτονίαν
1499 3277 1612 3349 ('59)
1646 3295 1660 3308 ο
1708 3277 1769 3330 οὐ
1823 3276 1934 3347 γὰρ

337 3372 563 3442 δέχεται
592 3372 690 3442 τὴν
726 3370 908 3425 αἰτίαν
937 3374 1037 3440 τῆς
1067 3371 1518 3442 αἰσχροκερδείας
1549 3373 1582 3440 ἡ
1623 3367 1934 3440 μεγαλοψυ-

337 3463 440 3534 χία
474 3462 570 3516 τοῦ
610 3465 837 3533 ῥήτορος
858 3479 871 3492 ο
907 3461 1018 3516 οὐδ’
1047 3465 1076 3515 6
1096 3465 1208 3526 τοῖς
1257 3461 1580 3531 ἐπιτρόποις
1609 3461 1930 3515 εὐποδοῦσιν

339 3557 508 3625 ἀφεὶς
538 3554 606 3608 τὰ
629 3553 860 3626 πατρῷα
897 3554 1036 3624 μετὰ
1076 3553 1176 3624 τὴν
1225 3554 1404 3623 νίκην,
1455 3547 1612 3618 οὗτος
1642 3553 1709 3608 ἂν
1734 3551 1928 3608 ἐλαϐεν

341 3642 594 3713 αἰσχρῶς
614 3643 724 3696 ἀπὸ
761 3642 863 3712 τῆς
893 3642 1166 3712 κεφαλῆςο
1213 3643 1350 3697 ἀλλὰ
1370 3643 1495 3706 τοὺς
1527 3643 1757 3714 ἐχθροὺς
1784 3646 1936 3714 ἰσχυ-

346 3733 479 3804 ροὺς
520 3733 870 3802 ἡγησάμενος
898 3733 992 3786 τοῦ
1021 3731 1204 3800 λόγου,
1236 3732 1330 3785 καί
1378 3732 1454 3794 ὼς
1499 3731 1636 3802 πρὸς
1659 3731 1758 3803 τὴν
1791 3731 1938 3786 ἐκεί-

342 3839 458 3879 νων
493 3822 614 3892 βίαν
653 3823 895 3895 οὐδαμοῦ
935 3823 1223 3892 φανεῖσθαι
1263 3824 1362 3896 τὴν
1391 3823 1587 3894 τέχνην
1636 3823 1934 3896 λογισάμε-

343 3931 439 3977 νος
460 3914 596 3984 (40),
620 3914 914 3984 εὐπρεπῶς
945 3914 1210 3968 κατέθετο
1237 3913 1334 3984 τὴν
1371 3913 1680 3984 συμφορὰν,
1713 3913 1938 3986 ἄμεινον

345 4005 700 4076 ἡγησάμενος
739 4006 802 4060 τδ
839 4006 1106 4078 πραότητι
1129 4005 1450 4074 καθυφεῖναι
1472 4006 1646 4072 δόξαι,
1691 4007 1786 4062 τοῦ
1817 4008 1940 4080 κρί-

348 4115 441 4152 σει
472 4097 746 4150 δικαστῶν
785 4095 1052 4166 ἡττᾶσθαι
1078 4112 1094 4126 ο
1159 4097 1336 4150 καίτοι
1385 4097 1446 4150 τὸ
1487 4097 1576 4152 διὰ
1628 4099 1722 4154 τὸν
1774 4098 1938 4168 φόδον

344 4186 546 4242 τοῦτον
590 4186 919 4257 ὑποστῆναι,
971 4186 1165 4240 ταυτόν
1203 4189 1322 4240 ἐστι
1369 4187 1444 4257 τῷ
1505 4189 1816 4260 παραδόντα
1847 4190 1940 4244 τὸν

348 4279 585 4335 Μειδίαν
619 4278 788 4332 -ἐλεῖν
833 4279 906 4348 μὴ
957 4277 1286 4347 δυνηθῆναιο
1339 4277 1544 4349 μᾶλλον
1593 4279 1652 4333 δὲ
1683 4282 1776 4334 καὶ
1809 4281 1943 4352 λαμ-

351 4367 632 4439 προτέραν
661 4367 820 4420 τοῦτο
857 4366 971 4438 ἔχει
1018 4366 1115 4437 τὴν
1159 4361 1350 4438 ἧτταν.
1425 4368 1634 4422 Ἐκεῖνο
1685 4370 1784 4440 μὲν
1831 4370 1941 4442 γὰρ

2028 1910 2206 1954 autem
2233 1916 2382 1956 serra
2415 1903 2830 1966 discinderetur,
2861 1903 2972 1963 ille.
3006 1903 3250 1972 inquam,
3304 1901 3390 1956 cui
3438 1901 3604 1956 Sera-

2028 1989 2176 2057 phim
2204 1990 2388 2046 videre
2415 1993 2717 2061 contigerat.
2741 1991 2821 2057 ⁸ο,
2859 1991 3125 2048 Jcremias
3153 2007 3282 2048 vero
3315 1992 3368 2046 iu
3413 2005 3605 2048 caeno-

2030 2097 2144 2137 sam
2193 2083 2610 2140 contluderetur
2661 2084 2979 2140 foveam"?
3011 2083 3120 2141 Cur
3163 2084 3354 2140 Petrus
3388 2085 3604 2155 quidem

2031 2173 2083 2227 in
2119 2190 2334 2230 crucem
2367 2187 2645 2247 ageretur,
2693 2175 2891 2232 Paulus
2937 2186 3116 2231 autem
3157 2177 3342 2247 capite
3385 2185 3606 2231 trunca-

2031 2265 2220 2320 retur?
2253 2265 2442 2322 Nonne
2479 2269 2591 2324 haec
2624 2269 2740 2338 ipsa
2773 2267 2875 2322 fuit
2909 2283 3094 2330 causa,
3126 2268 3247 2336 quia
3287 2282 3392 2322 non
3416 2283 3608 2322 omnes

2031 2353 2271 2422 ipsorum
2321 2355 2504 2412 verbis
2573 2367 2630 2413 et
2703 2357 3163 2413 admonitionibus
3197 2357 3608 2412 auscultaruut?

2031 2445 2182 2511 Quod
2210 2447 2254 2502 si
2289 2448 2494 2503 dixeris
2542 2449 2747 2504 idcirco
2803 2449 2919 2502 ha'c
2973 2449 3106 2517 ipsis
3149 2449 3437 2514 aecidisse,
3483 2449 3610 2517 quia

2032 2539 2340 2591 orationum
2377 2538 2772 2594 rhetoricarum
2803 2549 2895 2592 aut
2946 2539 3402 2610 syllogisticarum
3452 2539 3613 2593 rudes

2031 2639 2194 2697 atque
2225 2629 2460 2699 imperiti
2495 2631 2700 2685 fuerint
2729 2644 2743 2686 :
2771 2646 2871 2702 age
2899 2631 2964 2684 ad
2989 2648 3082 2686 eos
3111 2632 3202 2701 qui
3249 2640 3402 2686 extra
3430 2629 3614 2686 Ecde-

2033 2719 2169 2774 siam
2201 2719 2440 2785 fuerunt,
2469 2731 2522 2776 et
2559 2723 2852 2776 maximam
2889 2721 3212 2792 eloquentiae
3238 2734 3290 2780 et
3316 2724 3612 2779 vehemen-

2037 2812 2124 2866 tia:
2148 2820 2196 2865 et
2231 2813 2598 2882 persuasionis
2625 2812 2850 2882 gloriam
2884 2814 3062 2882 adepti
3122 2824 3270 2880 sunt,
3301 2829 3609 2870 sermOuem

2035 2914 2370 2958 convertam.
2397 2903 2510 2960 Cur
2539 2904 2680 2958 enim
2717 2905 2893 2970 Plato,
2928 2905 3018 2960 ille
3051 2903 3364 2961 Graecorum
3395 2907 3612 2960 thesau-
3667 2939 3682 2950 -

2036 3009 2149 3061 rus,
2205 2997 2320 3065 ipsa
2365 3012 2580 3068 quoque
2629 2998 2880 3054 libertate
2931 2997 3178 3053 excidit?
3235 2995 3422 3052 Nonne
3471 2996 3613 3061 ideo,

2037 3087 2178 3154 quod
2227 3101 2327 3142 nec
2405 3104 2568 3142 unmu
2632 3089 2866 3158 potuerit
2922 3091 3248 3158 persuadere
3291 3090 3619 3162 tyrannum?

2035 3175 2207 3234 Porro
2245 3195 2342 3234 cur
2385 3178 2740 3250 Pythagoras.
2776 3181 2866 3250 qui
2911 3181 3187 3252 sapientia;
3221 3181 3474 3250 opinione
3500 3179 3618 3250 plu-

2036 3270 2232 3324 rimum
2260 3272 2528 3340 turgebat,
2565 3287 2592 3324 a
2621 3271 2926 3327 Phalaridis
2963 3271 3358 3327 consuetudine
3388 3272 3618 3326 resiliit?

2038 3361 2386 3428 Nouneideo,
2415 3364 2558 3433 quod
2583 3365 2747 3418 etiam
2794 3375 2916 3432 post
2947 3370 3154 3418 tantam
3195 3363 3496 3418 doctrinam
3527 3363 3620 3417 ille

2038 3465 2302 3528 tyrannus
2336 3469 2456 3511 esse
2499 3454 2785 3527 pergeret?
2819 3455 2960 3522 Quid
3007 3453 3262 3510 Socrates
3299 3455 3392 3527 qui
3429 3470 3621 3510 omnes

2035 3545 2150 3614 eius
2179 3545 2276 3599 arvi
2325 3546 2598 3615 sapientes
2646 3547 2949 3616 superavit,
2985 3561 3084 3600 cur
3124 3545 3298 3602 cicuta
3327 3547 3618 3600 damnatus

2037 3635 2232 3707 periit?
2264 3635 2452 3692 Nonne
2481 3636 2620 3704 ideo,
2645 3641 2770 3708 quia
2811 3638 3056 3692 homines
3085 3654 3188 3692 non
3237 3635 3421 3692 ferunt
3463 3654 3619 3706 aequo

2037 3727 2222 3782 animo
2267 3743 2362 3784 eos
2403 3742 2431 3782 a
2463 3728 2664 3799 quibus
2692 3729 3080 3798 corriguntur?
3128 3726 3264 3796 Quia
3304 3744 3432 3782 vero
3457 3743 3623 3799 prope

2039 3829 2123 3874 est
2157 3827 2215 3874 ut
2240 3819 2404 3874 etiam
2433 3820 2741 3876 Aristotelis
2769 3821 3084 3876 testimonio
3114 3823 3462 3886 succumbas,
3497 3823 3621 3878 audi

2041 3914 2168 3984 quid
2198 3914 2290 3970 ille
2321 3914 2464 3970 dicat
2497 3932 2512 3968 :
2551 3933 2570 3966 ι
2607 3913 2795 3986 Neque
2823 3925 3010 3968 orator
3033 3915 3182 3970 omni
3207 3915 3364 3970 modo
3393 3929 3623 3984 persua-

2042 4003 2210 4070 debit,
2245 4019 2423 4076 neque
2467 4003 2710 4060 medicus
2755 4005 2971 4060 sanabit
3013 4022 3028 4060 :
3089 4007 3182 4062 sed
3241 4007 3458 4075 quando
3493 4005 3625 4060 nihil

2042 4109 2228 4150 eorum
2252 4111 2370 4166 quae
2413 4095 2595 4153 facere
2644 4105 2828 4167 potest
2859 4097 3293 4168 praetermiserit,
3339 4107 3452 4153 tum
3479 4098 3626 4152 dice-

2043 4201 2167 4242 mus
2196 4187 2369 4256 ipsum
2395 4188 2534 4244 satis
2565 4187 2810 4258 perfecte
2832 4203 3005 4244 artem
3038 4200 3244 4244 tenere.
3285 4207 3305 4240 ι
3343 4186 3626 4255 Quomodo

2043 4280 2186 4334 enim
2216 4278 2456 4336 Pericles
2507 4288 2698 4348 captus
2731 4280 2854 4336 est?
2898 4279 2990 4348 qui
3021 4288 3204 4334 tamen
3241 4281 3423 4335 decem
3468 4279 3624 4350 pedi-

2045 4371 2145 4426 bus
2169 4375 2460 4442 superabat
2498 4381 2747 4429 oratores
2805 4389 2821 4429 :
2875 4383 2930 4428 et
2965 4374 3208 4442 insuper,
3243 4373 3542 4428 secundum
3571 4372 3625 4428 id

350 4456 424 4532 ἦν
458 4459 596 4529 πρὸς
625 4459 752 4522 τοὺς
799 4457 1122 4524 δικάζοντας
1172 4459 1273 4514 οὐκ
1327 4458 1544 4529 ἰσχύσαι
1602 4460 1694 4513 τὸν
1745 4460 1931 4530 λόγον’

2047 4462 2191 4532 quod
2243 4463 2296 4518 in
2357 4464 2628 4536 commdia
2677 4466 2744 4520 de
2796 4465 2915 4534 ipso
2975 4465 3360 4538 pronuntiatur
3391 4485 3404 4520 :
3438 4465 3620 4522 Suada
3651 4486 3664 4494 ’

349 4551 516 4607 τοῦτο
544 4550 602 4604 δὲ
635 4551 730 4604 καὶ
777 4551 908 4621 παρ’
953 4549 1104 4621 αὐτῷ
1131 4549 1212 4621 τῷ
1257 4551 1577 4622 γεγραφότι,
1608 4552 1814 4623 ταύτην
1846 4553 1938 4607 λα-

350 4644 471 4698 ϐεῖν
503 4641 600 4712 τὴν
623 4641 800 4706 δόξαν.
839 4642 902 4695 Ei.
929 4642 1109 4695 τοίνυν
1141 4641 1171 4694 6
1215 4640 1456 4706 τοιοῦτος
1489 4641 1644 4707 λόγος
1687 4645 1766 4698 ὀὐ
1799 4661 1942 4718 παρ-

347 4736 586 4804 ἔστησεν
613 4732 802 4786 ἐλπίδα
855 4731 1076 4796 πειθοῦς
1096 4727 1174 4804 ’ἰῷ
1228 4732 1440 4803 ῥήτορι,
1491 4732 1550 4794 δς
1598 4733 1674 4804 μὴ
1732 4735 1942 4790 πείσειν

346 4824 586 4896 ἤλπιζεν
632 4822 767 4892 (41)·
835 4823 954 4886 πῶς
1007 4819 1102 4878 οὖν
1161 4821 1224 4877 οὐ
1281 4821 1475 4888 δεινὸν,
1534 4819 1580 4879 ὦ
1643 4827 1936 4892 δεινότατε,

344 4914 586 4971 ἐκείνων
629 4914 730 4985 μὲν
762 4914 870 4968 ἀπὸ
908 4916 1010 4985 τῆς
1055 4915 1283 4983 γνώμης
1337 4913 1568 4972 ἕκαστον
1618 4919 1938 4991 κρίνεσθαι,

344 5006 447 5060 καὶ
481 5003 558 5077 μὴ
587 5005 689 5077 τὴν
717 5006 921 5078 ἐτέρων
966 5004 1252 5060 ἀπείθειαν
1283 5003 1494 5077 ἑτέροις
1527 5006 1734 5082 βλάϐην
1768 5005 1932 5079 εῖναι,

423 5168 473 5200 ⁸⁸
505 5166 612 5224 lsa.
640 5181 718 5234 vt,
741 5165 798 5234 2,
827 5166 883 5223 3.
964 5165 1005 5198 "
1041 5165 1243 5226 Jerem.
1270 5182 1496 5235 xxxvnt,
1529 5167 1585 5231 (i,
1613 5166 1666 5222 7.

2047 4553 2293 4624 quaedam
2354 4555 2650 4610 sessitahat
2698 4556 2749 4611 in
2803 4557 2974 4626 ipsius
3025 4556 3210 4612 labris.
3249 4555 3432 4626 Neque
3482 4557 3626 4612 enim

2047 4646 2342 4702 verisimile
2367 4659 2473 4715 est,
2515 4649 2563 4706 si
2619 4651 2952 4719 persuadere
2986 4652 3279 4718 potnissot,
3317 4651 3494 4720 ipsum
3531 4667 3630 4708 sua

2022 4735 2320 4806 'voluntatc
2339 4737 2562 4792 multam
2595 4739 2902 4794 subiturum
2935 4739 3118 4795 fuisse.
3147 4739 3430 4806 Quomodo
3449 4751 3628 4796 autem

2045 4825 2464 4895 Themistocles,
2495 4829 2650 4898 cujus
2681 4832 2880 4886 eximia
2909 4833 3111 4902 ingenii
3145 4833 3228 4890 vis
3261 4844 3423 4905 atque
3447 4837 3629 4890 excel-
3723 4895 3727 4900 ,

2045 4919 2215 4975 lentia
2272 4923 2621 4992 praedicatur,
2679 4930 2731 4979 et
2782 4924 2872 4993 qui
2915 4923 3061 4980 nullo
3109 4926 3330 4993 negotio
3395 4927 3627 4983 oﬂlcium

2048 5011 2226 5070 facere
2257 5025 2438 5085 norat,
2473 5015 2670 5074 exsilio
2703 5015 2923 5088 punitus
2956 5016 3085 5074 est?
3115 5015 3240 5086 Quo
3274 5019 3402 5076 item
3435 5019 3630 5076 Demo-

1490 5302 1719 5361 VARIE
1756 5303 2137 5363 LECTIONES
2167 5307 2256 5364 ET
2288 5308 2520 5366 NOTAE.

438 5458 570 5536 (59)
591 5457 699 5514 Pro
754 5433 1234 5533 καταχειροτονίαν
1293 5461 1430 5516 idem
1486 5462 1651 5518 habet
1705 5481 1944 5536 κατηγο-

361 5530 505 5604 ρίαν.
537 5529 749 5585 Possm.
900 5529 932 5532 ﬁ
989 5529 1001 5533 ⁷
1833 5529 1871 5536 ’⁷

393 5666 405 5670 _
435 5595 551 5670 [40)
582 5602 713 5670 Quae
756 5611 1056 5670 sequuntur
1094 5610 1215 5669 post
1267 5600 1624 5670 λογισάμενος
1666 5617 1838 5670 usque
1873 5603 1940 5658 ad

435 5619 551 5670 μυ)
582 5619 713 5663 una:
756 5619 1056 5668 sequuntur
1094 5619 1215 5669 pos:
1267 5619 1624 5670 Λογισαμενος
1666 5619 1728 5658 tts
1773 5619 1838 5656 ue
1873 5619 1934 5658 aa

356 5666 431 5741 σεδ
453 5667 738 5741 πραότητι
772 5669 1074 5741 exclusive1
1119 5672 1315 5726 absunt
1356 5674 1536 5741 oumia
1589 5689 1616 5726 a
1663 5619 1784 5729 cog.
1816 5672 1934 5728 Vat.

357 5735 830 5795 GSOIlllox’idcm
859 5753 956 5810 pro
987 5737 1138 5806 δόξαι
1167 5742 1329 5797 habet
1357 5739 1550 5806 δεῖξαι.
1577 5741 1652 5798 In.

2127 5467 2238 5539 (41)
2274 5469 2379 5524 Pro
2431 5471 2532 5533 his,
2565 5469 2624 5534 ὃς
2703 5468 2735 5540 ὴ
2778 5470 2986 5523 πείσειν
3035 5468 3280 5540 ηλπιζεν,
3315 5467 3432 5522 hanc
3477 5469 3629 5535 ponit

2053 5536 2191 5591 idem
2227 5539 2368 5593 cod..
2399 5540 2427 5592 6
2465 5538 2539 5593 wh
2579 5487 2774 5593 πείσας
2807 5537 2916 5593 ἐγὼ
2949 5541 3090 5592 κατὰ
3119 5536 3278 5592 τοῦτο
3300 5537 3362 5588 οὐ
3389 5537 3629 5593 διαφέρω

2053 5537 2207 5623 idem.
2227 5539 2427 5623 ςοιίρλό
2465 5538 2540 5620 pg
2579 5537 2786 5623 πείσας.
2807 5537 2928 5623 ἐγὼ,
2949 5537 3090 5623 κατέ
3119 5537 3278 5623 τοῦτο
3299 5537 3544 5623 eaquue.

2053 5553 2191 5618 luem
2227 5553 2368 5603 com,
2399 5553 2427 5592 ο
2465 5553 2540 5620 μη
2579 5553 2774 5603 πείσας
2807 5553 2916 5610 εγω
2949 5553 3090 5592 κατα
3119 5553 3278 5592 τουτο
3300 5553 3362 5588 ου
3389 5553 3544 5607 οιαφε

2050 5603 2411 5736 ζοιὲεῗΰῶὺτὺ
2442 5625 2599 5664 τουτο
2631 5611 2706 5684 μὴ
2740 5610 3020 5682 εἰρηκότος
3049 5607 3131 5661 δτι
3168 5607 3242 5678 μὴ
3289 5606 3500 5661 πείσειν
3530 5553 3631 5682 if):
