4078 6392
556 293 654 355 299
1665 297 1726 354 s.
1769 297 2057 356 Istoont
2099 301 2536 363 PELUSIOTE
3636 311 3771 381 1300

522 406 763 470 sthenes,
800 403 890 474 qui
919 404 1131 459 easdem
1199 419 1282 458 res
1345 419 1487 458 nunc
1548 405 1662 458 ﬁeri
1709 419 1888 474 posse,
1939 423 2085 462 nunc
2124 467 2132 480 Α

2160 414 2452 483 ,ἦδόξαισ
2497 414 2586 468 ἐπὶ
2632 413 2677 468 δ’
2730 413 2860 484 ἐμοῦ
2906 420 3340 490 καινοτομείσθαι
3390 422 3484 476 καὶ
3518 428 3770 498 νεωτερέ-

521 498 638 553 tieri
668 513 771 551 non
828 512 987 566 posse
1017 497 1444 558 demonstrabat,
1498 506 1556 550 ut
1599 497 1701 550 alia
1733 500 1913 553 omnia
1964 516 2090 570 pro-

2195 500 2384 566 ζεσθαι
2404 501 2466 555 τὺ
2486 503 2748 573 πρᾶγμα;
2782 503 2968 559 Ταῦτα
2998 505 3043 559 δ’
3072 507 3171 562 οὐκ
3199 509 3436 564 ἐπαίνων
3466 512 3771 570 ἀπολαῦσαι

517 601 637 658 pter
667 604 807 653 eam,
843 597 895 642 ct
937 603 1030 641 eas
1067 602 1258 643 causas
1296 604 1346 642 tn
1379 587 1572 656 quibus
1625 588 1796 642 victus
1836 591 1991 655 abiit,
2025 601 2077 646 et

2191 592 2517 664 ὀρεγόμενος
2549 593 2834 666 γέγραφα·
2869 591 3026 650 οἶσθα
3049 599 3159 670 γὰρ
3188 601 3338 664 ὅπως
3375 602 3554 656 αὐτῶν
3600 623 3771 662 κατα-

517 683 814 736 orationem
841 681 906 735 de
934 681 1176 750 pecuniis
1206 679 1418 748 llarpali
1444 679 1638 749 quibus
1657 691 1944 751 corruptus
1965 697 2086 738 esse

2191 682 2389 753 φρονῶ.
2415 683 2479 738 Ei
2511 683 2620 756 γὰρ
2649 685 2885 740 ἐπαίνων
2901 688 3070 760 ἥρων,
3093 692 3572 766 ἀπηριθμησάμην
3592 695 3658 750 ἂν
3676 699 3772 753 καὶ

518 775 816 838 dicebatur,
874 772 1090 828 silentio
1139 781 1334 842 tegam,
1364 775 1655 842 quomodo,
1711 775 1950 844 inquam,
1999 775 2086 829 bic

2188 775 2281 839 οὒς
2312 775 2506 831 ἔπεισα
2536 777 2739 848 ἀρετὴν
2778 779 3162 846 ἀσπάσασθαι,
3206 783 3439 848 πολλοὺς
3484 786 3644 852 ὄντας
3677 791 3772 842 καὶ

517 877 698 921 tantus
748 877 936 922 orator
965 865 1185 920 Midiam
1234 881 1338 919 non
1382 867 1522 935 cepit
1565 866 1773 934 laqueis
1814 865 2024 934 iudicii,
2054 883 2082 921 a

2184 867 2540 938 εὐδοκίμους·
2575 869 2713 924 ἀλλὰ
2749 870 2918 936 δεῖξαι
2952 875 3292 942 σπουδάζων,
3317 876 3397 929 ὃτι
3421 875 3484 929 ἄν
3513 893 3570 930 τε
3605 879 3774 949 πείσῃ

513 971 620 1024 quo
651 959 815 1011 tantis
841 965 957 1011 erat
993 955 1149 1010 malis
1173 964 1334 1024 atque
1373 955 1587 1024 injuriis
1632 955 1897 1011 allectus?
1947 955 2082 1010 Nam

2185 974 2288 1020 τις,
2321 959 2384 1013 ἄν
2413 976 2472 1011 τε
2507 960 2582 1031 μὴ
2617 960 2802 1033 πείσῃ,
2856 962 2955 1034 τὴν
3001 964 3230 1038 γνώμην
3277 966 3382 1038 χρὴ
3422 967 3772 1033 ἐξετάζεσθαι

513 1050 655 1114 quod
696 1048 912 1116 quidem
945 1047 1173 1102 voluerit
1219 1048 1394 1115 ipsum
1443 1062 1636 1117 capere
1695 1056 1754 1100 et
1787 1045 1993 1110 tollere,
2029 1046 2083 1099 in

2183 1046 2278 1099 τοῦ
2342 1048 2828 1118 συμϐουλεύοντος,
2864 1053 2958 1106 καὶ
2996 1053 3069 1124 μὴ
3126 1055 3355 1108 ἀπὸτοῦ
3405 1056 3593 1120 τέλους
3661 1057 3771 1109 τῶν

513 1140 796 1209 propatulo
821 1148 925 1204 est,
960 1155 1122 1210 quam
1150 1138 1219 1193 ob
1255 1154 1472 1194 causam
1498 1137 1642 1192 omni
1673 1150 1887 1206 quoque
1922 1137 2079 1190 adbi-

1922 1137 2079 1190 adbi-
2187 1137 2549 1206 πραγμάτων,
2583 1133 2644 1190 ob
2682 1139 2782 1192 οὐκ
2821 1139 2937 1192 ἐστι
2967 1140 3182 1211 κύριος,
3214 1144 3521 1216 κρίνεσθαι.

512 1241 626 1295 bita
661 1240 710 1294 vi
743 1238 1142 1295 accusationem
1187 1236 1426 1304 scripsit.
1461 1233 1598 1299 Quid
1641 1234 1805 1301 igitur
1837 1233 2070 1296 obstitit,
2113 1235 2402 1302 quominus
2428 1233 2608 1304 ipsum
2673 1237 2929 1304 caperet?
2989 1236 3104 1292 Non
3149 1255 3282 1294 sane
3311 1242 3453 1308 quod
3507 1241 3773 1294 inﬁrmio-

511 1353 601 1391 res
673 1343 888 1406 putaret
963 1349 1089 1389 suas
1150 1333 1424 1388 orationes
1500 1330 1736 1401 potentia
1807 1331 2064 1387 hostium.
2102 1328 2286 1400 Neque
2343 1329 2513 1396 enim,
2541 1340 2599 1386 ut
2663 1331 2956 1390 .‘Eschines
3032 1335 3130 1405 ipsi
3181 1335 3496 1406 objiciebat,
3543 1349 3770 1406 accepta

512 1431 740 1498 pecunia
799 1428 1018 1484 tradidit
1069 1427 1368 1492 victoriam,
1428 1440 1534 1479 non
1584 1425 1725 1478 enim
1781 1424 2056 1478 eadithoc
2095 1424 2269 1492 turpis
2309 1421 2443 1477 lucri
2475 1423 2682 1478 crimen
2737 1426 2790 1478 in
2857 1427 3016 1494 hujus
3045 1428 3282 1482 oratoris
3311 1429 3478 1482 animi
3547 1432 3770 1499 magni-

514 1522 772 1585 tudinem,
799 1537 970 1590 neque
992 1517 1284 1573 verisimile
1313 1525 1395 1572 est
1433 1530 1579 1581 eum,
1623 1517 1713 1586 qui
1746 1517 1859 1569 suis
1906 1513 2196 1577 tutoribus,
2255 1513 2564 1568 hominibus
2615 1514 2748 1568 satis
2793 1514 3154 1585 locupletibus
3212 1527 3264 1570 et
3338 1518 3547 1572 idoneis
3578 1519 3758 1587 patria

511 1619 649 1668 bona
678 1624 799 1684 post
847 1613 1124 1668 victoriam
1164 1621 1351 1666 eontra
1406 1601 1500 1664 eos
1559 1617 1887 1679 reportatam
1929 1605 2245 1675 reliquerat,
2325 1606 2554 1675 turpiter
2611 1605 2814 1676 aliquid
2867 1607 2921 1661 in
2984 1623 3144 1662 causa
3207 1608 3400 1677 capitis
3461 1611 3764 1678 accepisse.

510 1707 867 1780 535-536
896 1707 999 1762 Sed
1040 1722 1159 1762 cum
1190 1707 1372 1760 hostes
1402 1719 1529 1759 suos
1569 1704 1816 1758 oratione
1848 1701 2177 1773 potentiores
2202 1714 2324 1755 esse
2371 1702 2614 1766 duceret,
2645 1715 2934 1771 secumque
2974 1713 3270 1771 reputaret,
3325 1715 3497 1758 artem
3547 1705 3769 1761 dicendi

509 1805 766 1856 adversus
801 1801 1036 1868 ipsorum
1080 1798 1388 1853 violentiam
1425 1812 1614 1865 parum
1672 1794 2058 1864 profecturam,
2113 1793 2479 1848 calamitatem
2531 1793 2676 1849 illam
2745 1796 2942 1850 decore
3009 1797 3152 1862 tulit,
3195 1797 3383 1851 melius
3411 1811 3530 1852 esse
3575 1800 3767 1853 existi-

508 1909 683 1958 mans,
716 1895 761 1949 si
792 1896 1062 1949 videretur
1127 1891 1536 1947 ntansuetudine
1573 1907 1667 1946 sua
1726 1906 1785 1945 se
1809 1889 1949 1944 ultro
2020 1889 2335 1944 submisisse
2363 1903 2427 1944 ac
2458 1890 2691 1945 cessisse
2781 1891 3216 1946 adversariorum
3272 1893 3549 1961 potentiae,
3597 1909 3765 1962 quam

501 1992 742 2058 judicum
772 1989 1039 2044 sententia
1070 1989 1580 2056 vincizquauquam
1659 1991 1798 2040 inter
1849 1987 1988 2040 hanc
2034 2000 2100 2041 ex
2166 1996 2312 2040 metu
2404 1987 2856 2052 submissionem,
2916 2000 2970 2042 et
3013 1990 3152 2045 inter
3195 1989 3244 2042 id
3297 1991 3437 2058 quod
3493 2001 3600 2054 cst,
3655 2008 3764 2046 non

505 2088 742 2156 potuisse
803 2083 1044 2149 Midiatn,
1131 2099 1292 2152 quem
1345 2082 1550 2151 judicio
1600 2082 1925 2146 tradiderat,
2004 2095 2264 2148 superare
2313 2080 2447 2135 nihil
2503 2082 2797 2150 quidquam
2883 2083 3132 2136 intereSt.
3198 2081 3312 2137 ltno
3366 2097 3492 2136 vero
3531 2083 3764 2139 alterum

503 2180 664 2234 etiam
695 2176 1120 2246 conspectiorem
1177 2174 1340 2228 tradit
1389 2173 1720 2228 adversariis
1758 2174 2059 2226 victoriam.
2096 2171 2225 2226 Illud
2283 2174 2428 2226 enim
2465 2173 2598 2226 nihil
2640 2174 2786 2228 aliud
2848 2183 2988 2238 erat,
3041 2191 3205 2242 quam
3257 2175 3320 2227 ad
3361 2171 3576 2242 iudices
3624 2176 3768 2231 nihil

503 2271 738 2325 valuisse
768 2269 1067 2323 orationem
1111 2286 1122 2318 :
1160 2267 1258 2321 hoc
1300 2275 1482 2320 autem
1533 2267 1674 2336 apud
1713 2269 1883 2336 ipsum
1933 2280 2150 2336 quoque
2213 2276 2490 2321 auctorem
2517 2267 2787 2322 orationis
2851 2268 3013 2322 talem
3079 2269 3356 2336 accepisse
3415 2269 3762 2338 opinionem.

504 2363 560 2418 Si
596 2363 755 2433 igitur
789 2361 911 2415 lalis
945 2359 1120 2414 oratio
1153 2374 1256 2414 non
1281 2360 1512 2429 prtebuit
1541 2363 1743 2414 oratori
1771 2375 1920 2428 spem
1980 2360 2358 2429 persuadendi,
2433 2361 2520 2429 qui
2563 2361 2867 2427 desperavit
2947 2362 3350 2431 persuasionem
3386 2378 3400 2415 :
3463 2362 3764 2432 quomodo,

501 2474 708 2528 quaeso,
745 2471 850 2511 non
880 2463 959 2509 est
985 2467 1147 2524 grave
1173 2467 1236 2507 ac
1271 2452 1579 2516 molestum,
1603 2468 1633 2505 ο
1672 2452 1990 2522 gravissime
2015 2451 2115 2516 vir,
2151 2461 2212 2504 ut
2246 2451 2460 2504 illorum
2531 2453 2749 2522 quidem
2795 2459 3164 2522 unusquisque
3217 2466 3282 2504 ex
3339 2452 3504 2505 animi
3564 2465 3764 2520 propo-

501 2551 912 2618 sitojudicctur,
944 2560 998 2603 et
1028 2563 1132 2604 non
1162 2551 1232 2601 sit
1259 2549 1569 2602 videaturve
1602 2562 1721 2600 esse
1751 2546 1872 2599 aliis
1896 2547 2069 2600 fraudi
2109 2546 2337 2601 aliorum
2401 2550 2738 2602 contumacia
2777 2563 2837 2600 at:
2898 2547 3230 2615 pertinacia;
3282 2547 3336 2601 in
3373 2561 3460 2600 me
3489 2560 3618 2600 vero
3670 2560 3762 2600 res

503 2654 614 2700 tota
647 2643 735 2697 llat
765 2641 887 2706 alia,
935 2649 1095 2708 atque
1165 2653 1335 2694 novus
1378 2639 1596 2707 quidam
1667 2652 1782 2690 mos
1847 2638 2266 2690 introducatur?
2304 2639 2430 2690 Haec
2480 2647 2656 2691 autem
2718 2653 2820 2690 non
2908 2637 3110 2689 idcirco
3194 2635 3408 2704 scripsi,
3463 2634 3614 2699 quasi
3667 2633 3766 2703 qui

501 2741 690 2794 laudes
745 2736 1002 2806 aucupari
1060 2733 1217 2788 velim
1269 2734 1436 2803 (nosti
1505 2733 1649 2788 enim
1725 2748 1886 2800 quam
1949 2730 2068 2786 illas
2141 2731 2345 2788 soleam
2418 2742 2812 2786 contemnere:
2874 2745 2996 2783 nam
3033 2729 3076 2783 si
3106 2730 3292 2783 laudes
3350 2727 3763 2796 appetivissem,

499 2844 906 2888 etiamet-assem
944 2828 1106 2884 etiam
1137 2843 1253 2892 eos,
1302 2828 1498 2897 quibus
1560 2829 1801 2898 persuasi
1877 2837 1934 2882 ut
1996 2829 2252 2882 virtutem
2329 2827 2811 2895 amplecterentur,
2875 2825 2964 2894 qui
3007 2825 3224 2894 quidem
3272 2838 3372 2878 nec
3416 2823 3570 2891 pauci
3634 2835 3766 2877 sunt

511 2939 756 2989 numero,
787 2932 842 2978 et
865 2923 1000 2978 satis
1031 2921 1320 2991 celebres),
1385 2923 1478 2977 sed
1549 2922 1834 2977 ostendere
1917 2923 2162 2991 studens,
2198 2923 2314 2978 sive
2336 2923 2458 2990 quis
2502 2922 2821 2989 persuadeat
2877 2934 2942 2974 ea
2997 2935 3118 2990 qua:
3165 2918 3445 2989 proposuit
3491 2917 3606 2970 sive
3655 2931 3764 2971 non

500 3017 846 3088 persuadeat,
888 3024 1139 3084 oportere
1195 3015 1435 3070 animum
1511 3018 1739 3085 expendi
1788 3017 1902 3085 ejus
1970 3017 2062 3086 qui
2134 3019 2422 3073 consilium
2476 3018 2607 3070 dare
2663 3016 2936 3080 instituit;
3019 3031 3122 3070 non
3187 3023 3368 3067 autem
3465 3013 3643 3080 ipsum
3696 3026 3765 3066 ex

499 3123 692 3168 eventu
760 3129 960 3177 rerum,
1007 3113 1101 3183 qui
1151 3112 1393 3182 inipsius
1455 3122 1722 3184 potestate
1782 3130 1886 3168 non
1947 3125 2052 3182 est,
2084 3115 2361 3170 aestimari.

751 3223 927 3281 CCVI.
971 3254 1038 3264 -
1075 3223 1464 3282 THEODOSlO
1495 3225 1811 3282 DIACONO.
2105 3217 2146 3271 Β

2105 3217 2146 3271 Β
2423 3225 2555 3294 squ
2594 3260 2658 3269 η
2679 3225 3005 3297 ΘΕΟΔΟΣῘῼ
3032 3223 3337 3294 ΔΙΑΚΟΝῼ
3367 3221 3502 3292 (te).

502 3316 568 3371 In
590 3317 786 3372 dictum
824 3316 976 3381 illud,
1023 3335 1043 3368 ι
1070 3315 1204 3382 Quis
1229 3318 1391 3371 nescit
1431 3313 1775 3385 Ephesiorum
1811 3321 2074 3373 ciritatem

2175 3319 2281 3382 Εἰς
2311 3317 2375 3369 τὸ
2410 3315 2761 3385 εἰρημένον·
2799 3335 2817 3366 ι
2851 3317 2968 3385 ῌἨς
2996 3316 3107 3370 οὐκ
3147 3309 3272 3367 οἶδε
3317 3310 3432 3385 τὴν
3467 3310 3762 3385 Ἐφεσζων

795 3403 903 3442 esse
932 3378 1185 3442 diditu'am
1222 3402 1426 3456 magna:
1464 3378 1647 3440 Diuum
1671 3387 1774 3440 "‘Bi
2245 3378 2405 3510 gnua

2284 3473 2391 3524 θςὶ

2245 3378 2426 3510 ξολιν
2459 3378 2761 3454 ἷνεὼκόρον
2803 3378 3008 3441 οὖσαν
3043 3385 3152 3452 τῆς
3192 3381 3465 3452 μεγάλης
3507 3378 3765 3449 Ἀρτέμι-

2284 3473 2391 3524 ος;
2433 3476 2452 3509 ι

571 3550 834 3631 Quoniam
883 3563 1091 3619 discere
1142 3562 1358 3617 voluisti
1423 3561 1552 3616 illud
1607 3565 1748 3630 quod
1814 3563 1870 3616 in
1922 3563 2074 3617 Actis

2256 3570 2476 3642 Ἐπειδὴ
2499 3571 2772 3642 ἠθέλησας
2815 3568 3006 3638 μαθεῖν
3032 3567 3094 3620 τὸ
3123 3569 3181 3620 ὲν
3212 3570 3332 3630 ταῖς
3381 3565 3616 3637 πράξεσι
3645 3562 3757 3616 τῶν

499 3657 863 3728 apostolorum
913 3655 1175 3712 habetur:
1213 3652 1376 3722 chis
1403 3653 1575 3711 nescit
1605 3653 1959 3724 Ephesiorum
1995 3655 2074 3710 ci-

2175 3664 2487 3718 ἀποστόλων
2525 3664 2808 3734 κείμενον·
2853 3681 2870 3712 ι
2909 3661 3005 3721 Τίς
3051 3660 3150 3712 οὐκ
3184 3653 3293 3710 οἶδε
3322 3656 3423 3728 τὴν
3484 3656 3757 3725 Ἐφεσίων

500 3749 720 3802 vitatetn
775 3747 1026 3802 :ediluam
1081 3761 1202 3802 esse
1248 3758 1457 3817 magna:
1513 3749 1725 3815 Dianae,
1771 3759 1825 3805 et
1870 3767 1896 3803 a
1940 3746 2074 3805 Jove

2176 3753 2331 3805 πόλιν
2373 3752 2642 3823 νεωκόρον
2688 3747 2827 3804 εἶναι
2861 3749 2962 3817 τῆς
3000 3747 3242 3818 μεγάλης
3279 3745 3633 3816 ’Λρτέμιδος,
3666 3744 3763 3796 καὶ

502 3839 706 3909 delapsi
749 3838 1077 3893 simulacri?
1120 3857 1148 3898 ›
1205 3840 1346 3894 scire
1395 3839 1558 3894 debes
1615 3849 1718 3894 nan
1763 3855 1884 3894 esse
1933 3842 2073 3896 hanc

2174 3842 2270 3896 τοῦ
2301 3840 2624 3909 διοπετοῦς;
2664 3861 2682 3893 r
2721 3838 2829 3894 ἴσθι
2857 3881 2870 3903 ,
2905 3838 2988 3892 ὅτι
3022 3837 3123 3890 οὐκ
3152 3836 3266 3890 ἔστι
3318 3835 3413 3906 τῆς
3456 3833 3683 3906 Γραφῆς
3723 3837 3759 3905 ὴ

501 3929 800 3998 Scriptum
825 3927 995 3997 ipsius
1021 3941 1231 3993 vocem,
1260 3925 1356 3984 sed
1385 3929 1581 3984 scrihre
1603 3927 1977 3998 Ephesiorum.
2009 3929 2074 3985 Et

2176 3934 2326 4007 φωνὴ
2355 3976 2369 4000 ,
2407 3935 2543 3989 ἀλλὰ
2600 3933 2696 3986 τοῦ
2726 3929 3102 4004 γραμματέως
3151 3930 3258 3981 τῶν
3315 3927 3579 3995 Ἐφεσίων
3607 3942 3622 3957 ’
3664 3928 3763 3981 καὶ

501 4033 964 4088 supervacaneum
1000 4032 1122 4074 esse
1179 4020 1315 4074 duco
1359 4029 1638 4074 sermones
1671 4017 1724 4072 in
1760 4017 1918 4073 trivio
1952 4033 2074 4088 pro-

2175 4027 2427 4100 περιττὸν
2455 4025 2733 4095 ποιοῦμαι,
2757 4023 3056 4093 ἀγυρτικὰς
3072 4021 3384 4088 λογοποιῖας
3409 4016 3757 4088 ἑρμηνεύειν·

507 4111 655 4164 l'usos
685 4109 1066 4179 interpretari;
1095 4110 1159 4165 de
1180 4110 1378 4179 quibus
1407 4109 1570 4162 etiam
1607 4111 1800 4178 Opinor
1831 4105 2073 4164 Psalmo-

2178 4118 2304 4188 περὶ
2348 4111 2425 4171 ὧν
2464 4111 2616 4186 οἶμαι
2657 4114 2750 4165 καὶ
2796 4113 2886 4165 τὸν
2942 4111 3194 4179 Μελῳδὸν
3240 4109 3518 4181 εἰρηκέναι
3550 4121 3566 4136 °
3611 4125 3632 4158 ι
3673 4109 3761 4158 Δι-

501 4213 619 4255 rum
652 4198 974 4270 scriptorem
1025 4197 1410 4268 pronuntiasse
1455 4199 1596 4252 ista:
1657 4217 1674 4249 ι
1701 4195 2075 4254 Narraverunt

2174 4207 2451 4282 ηγήσαντό
2484 4224 2574 4278 μοι
2606 4205 2909 4276 παράνομοι
2945 4201 3258 4272 ἀδολεσχίας
3279 4218 3292 4231 ·
3328 4200 3443 4254 ἀλλ’
3476 4199 3576 4269 οὐχ
3609 4197 3690 4262 ὡς
3737 4201 3764 4252 ὁ

499 4292 629 4347 mihi
673 4291 844 4362 iniqui
892 4289 1295 4356 tabula-tiones;
1332 4290 1427 4344 sed
1458 4304 1563 4345 non
1603 4301 1661 4345 ut
1694 4290 1778 4346 lex
1817 4298 1932 4355 tua,
1969 4289 2073 4344 Do-

1178 4303 1295 4356 nes;
1332 4290 1427 4344 sed
1458 4304 1563 4345 non
1603 4301 1661 4345 ut
1694 4290 1778 4346 lex
1817 4298 1932 4355 tua,
1969 4289 2073 4344 Do-
2187 4303 2354 4372 νόμος
2389 4317 2502 4364 σου,
2539 4297 2730 4368 Κύριε.
2772 4315 2788 4346 r

498 4384 642 4440 mine
665 4383 728 4436 ”.
754 4401 776 4436 ι

993 4492 1194 4552 CCVII.
1231 4525 1301 4536 —-
1347 4494 1574 4551 ΕΙυΕΜ.

2698 4500 2813 4550 :z'.
2852 4526 2920 4536 -
2947 4496 3034 4567 To
3053 4495 3260 4566 ΑΥΤῼ.

570 4611 835 4678 Quoniam
870 4610 1112 4666 discendi
1143 4607 1440 4680 cupiditate
1483 4607 1719 4680 ﬂagrans
1749 4613 1915 4666 etiam
1951 4627 2077 4667 eru-
2102 4577 2145 4633 δ

2271 4609 2486 4682 Ἐπειδὴ
2520 4608 2824 4680 φιλομαθὴς
2856 4607 2954 4674 ὣν,
2997 4605 3319 4678 πολυμαθὴς
3353 4603 3559 4668 ἐθέλεις
3587 4597 3765 4670 εἶναι,

500 4700 705 4758 ditione
737 4699 936 4771 plenus
984 4715 1104 4756 esse
1129 4699 1231 4766 vis,
1268 4700 1370 4756 hoc
1411 4691 1634 4771 quoque
1666 4716 1958 4772 exponam,
2006 4717 2076 4757 ne

2185 4703 2280 4756 καὶ
2305 4702 2463 4755 τοῦτο
2493 4702 2707 4772 φράσω,
2735 4702 2823 4755 ἵνα
2851 4701 2924 4772 μὴ
2960 4699 3176 4770 δόξαιμί
3211 4715 3268 4750 σε
3290 4697 3499 4752 λυπεῖν.
3540 4699 3604 4750 0i
3634 4700 3765 4770 παρ’

501 4792 686 4847 videar
731 4793 784 4846 in
813 4805 1101 4847 mcerorem
1134 4800 1184 4846 te
1215 4789 1505 4859 conjicere.
1546 4790 1647 4858 Qui
1676 4791 1816 4862 apud
1857 4791 2077 4848 Grec-os

2188 4793 2413 4862 Ἕλλησι
2440 4793 2509 4847 τὰ
2528 4794 2691 4860 ξόανα
2720 4793 3252 4856 κατασκευάσαντες,
3275 4790 3438 4861 φόϐον
3464 4791 3767 4861 ἐμποιῆσαι

503 4879 792 4954 (infideles)
821 4883 1107 4940 simulacra
1139 4882 1500 4939 conﬁciebant
1521 4923 1537 4949 ,
1574 4882 1610 4937 ii
1666 4882 1918 4940 volentes
1945 4898 2074 4956 spe-

2181 4887 2292 4948 τοῖς
2321 4884 2489 4956 ὁρῶσι
2529 4883 2866 4956 βουλόμενοι,
2903 4882 3160 4954 ἔφασκον,
3191 4884 3270 4936 ὅτι
3297 4880 3408 4952 (44)
3438 4879 3498 4948 ἐξ
3532 4879 3766 4951 οὐρανοῦ

501 4972 802 5029 etatoribus
848 4983 1111 5030 terrorem
1137 4975 1402 5042 incutere,
1453 4974 1813 5045 dictitabant,
1861 4976 1950 5031 illa
1998 4977 2066 5032 de

2173 4975 2322 5050 παρὰ
2335 4973 2431 5030 τοῦ
2446 4975 2565 5040 Διὸς
2577 4973 2834 5048 ἐπέμφθη
2847 4973 2878 5047 ἢ
2894 4973 3406 5044 κατέπτη,κρεῖττον
3418 4971 3531 5042 (45)
3547 4969 3698 5026 ἁπάσ
3710 4986 3770 5040 ης

547 5126 592 5158 ⁵⁸
613 5125 734 5182 Act.
767 5141 884 5191 xxx,
913 5125 1002 5180 55.
1102 5125 1149 5159 ⁴³
1179 5126 1326 5183 Psal.
1350 5143 1548 5192 csvm,
1576 5129 1665 5184 85.

1581 5271 1838 5330 'VARLE
1871 5271 2260 5330 LECTIONES
2293 5272 2384 5329 ΕΤ
2420 5273 2659 5332 ΝΟΤΕ.

577 5431 688 5515 (ιε)
710 5429 852 5515 ἐἶξα
887 5426 1124 5515 epistola
1155 5428 1404 5515 iqs‘eribit
1441 5431 1493 5515 in
1529 5430 1648 5515 eqd.
1685 5427 1806 5515 Yet.
1974 5447 2078 5515 non
2184 5430 2422 5514 suggerit
2453 5429 2533 5512 ’ςῷ
2565 5429 2734 5515 adyti),
2767 5430 2818 5511 id
2845 5439 2948 5494 est,
2975 5429 3276 5515 secundum
3320 5430 3443 5515 cod.
3487 5427 3638 5495 νει..
3667 5430 3771 5500 ipsi

505 5497 770 5570 Θεοδοσίῳ
791 5497 1045 5572 διακόνῳ,
1074 5499 1168 5553 sed
1191 5497 1400 5572 ᾚρωνι
1428 5498 1804 5572 πρεσϐυτέρῳ.
1843 5499 2021 5572 νεζε.
2045 5501 2080 5554 5

1765 5518 1804 5570 ρ.
1843 5499 2021 5572 νεζεη
2045 5501 2080 5554 5
2183 5497 2804 5572 cuifs‘uperior,ﬂeroni_
2847 5500 3186 5572 presbytero.
3213 5499 3375 5572 Eutr.

510 5587 595 5650 στρ.
646 5567 784 5626 inter
833 5567 1073 5650 pejuqu
1120 5576 1174 5622 et
1220 5567 1439 5652 ’Aprep:
1473 5567 1673 5649 inserit
1709 5567 1860 5625 idem
1917 5569 2077 5634 Θεᾶς.

514 5642 664 5694 \crs.
705 5641 738 5694 6
764 5653 1020 5707 ποιουμαι
1054 5638 1192 5692 tdem
1221 5646 1392 5693 mutat
1423 5656 1473 5694 in
1502 5639 1763 5707 ἡγουμαι.
1793 5638 1866 5692 In.
1963 5706 1968 5707 ί

2255 5567 2544 5641 (44)Ἰηιεν
2571 5571 2654 5625 ὅτι
2682 5579 2736 5626 et
2758 5569 2817 5638 ἐξ
2847 5567 3037 5626 inserit
3060 5571 3181 5626 cod.
3213 5569 3332 5627 Vat.
3372 5567 3477 5626 650
3501 5567 3570 5623 τὸ
3596 5568 3767 5638 ἄγαλ-

2188 5658 2282 5707 μα.
2313 5641 2530 5696 Possm.
3695 5706 3698 5707 ν

514 5641 664 5694 \‘crs.
705 5641 738 5694 6
764 5641 1020 5710 ποιοῦμαι
1054 5641 1192 5692 idem
1221 5646 1392 5693 mutat
1423 5641 1473 5694 in
1502 5641 1763 5708 ἡγοῦμαι.
1793 5641 1866 5692 In.

583 5709 697 5776 6,53)
726 5709 858 5766 Erat
891 5709 942 5764 in
983 5707 1110 5765 edit.
1159 5707 1329 5763 Paris.
1369 5708 1759 5779 ἀνεπίγραφος.
1799 5708 1930 5764 Cod.
1959 5706 2077 5764 Vat.

2188 5641 2544 5780 μ’(ῖιξῖἶῗῖἒὶο
2579 5711 2820 5782 κρεῖττον
2847 5718 2900 5765 et
2924 5710 3140 5780 ἁπάσης
3169 5709 3308 5767 idem
3356 5709 3546 5768 inserit
3570 5708 3654 5766 ὃν.
3691 5706 3770 5763 lo.
