4078 6392
558 290 696 357 1303

976 403 1134 462 CCIX
1195 435 1264 449 --
1304 406 1720 465 TllEOLOGlO.

1707 297 1767 357 S.
1812 294 2102 357 ISlDORI
2140 296 2578 358 PE'LUSIOTZE

3650 309 3767 381 13οι

2716 414 2830 468 se.
2864 442 2934 453 -η
2960 412 3315 488 scamno.

558 494 624 550 In
668 496 821 563 illud,
855 495 1110 552 «Oculum
1145 514 1239 568 pro
1280 498 1486 567 oculo,»
1522 509 1571 554 et
1598 517 1715 571 qua
1745 511 2034 572 sequuntur
2059 502 2127 556 ⁵³.

2265 504 2373 570 Ε’ίς
2402 506 2473 557 τό
2495 524 2507 536 -
2551 524 2569 556 ι
2615 505 2956 578 Ὀφθαλμὸν
2974 505 3113 578 rigati
3145 481 3458 578 ὀφθαλμοῦ
3478 551 3495 577 ,
3525 530 3541 564 ι
3571 515 3665 570 καί
3680 520 3744 575 τὰ

628 675 724 729 Est
747 675 961 745 quidem
995 689 1135 729 unus
1163 676 1448 745 utriusque
1468 673 1798 731 Testamentl
1822 679 1953 746 (tam
1984 676 2139 732 Vete-

557 766 636 820 ris
664 780 824 835 quam
857 764 1012 836 Novi)
1039 764 1331 837 legislator,
1352 766 1446 821 sed
1468 766 1552 822 lex
1580 764 1798 834 ludatis,
1817 776 1871 823 ut
1904 768 2139 825 homini-

557 855 658 911 bus
689 856 756 910 ad
790 856 1085 925 regendum
1133 854 1440 912 difﬁcilibus
1487 866 1652 929 atque
1690 860 2136 927 contumacibus,

559 946 800 1002 actiones
846 946 991 1001 solas
1040 946 1360 1016 prohibuit;
1418 947 1769 1019 Evangelium
1813 960 2030 1018 autem,
2082 963 2140 1009 ut

558 1037 704 1106 quod
742 1036 1159 1106 perfectioribus
1193 1045 1358 1107 atque
1386 1040 1454 1095 ad
1504 1040 1997 1111 philosophandum
2045 1056 2139 1114 ap-

562 1129 790 1183 tioribus
818 1128 1034 1183 decreta
1072 1130 1269 1191 tradat,
1295 1131 1457 1186 etiam
1489 1131 1865 1202 cogitationes,
1898 1132 2142 1202 aquibus

561 1223 805 1278 actiones
831 1230 1188 1288 enascuntur,
1209 1230 1464 1291 tanquam
1498 1221 1674 1278 fontes
1697 1224 1962 1278 malorum
1990 1225 2141 1295 prius

561 1315 795 1370 obstruit
813 1312 996 1385 (quam
1014 1313 1117 1369 illa:
1138 1315 1460 1384 scaturiant)
1484 1333 1496 1368 :
1517 1313 1682 1387 539
1698 1330 1802 1372 non
1821 1317 1996 1374 solum
2017 1333 2144 1388 pec-

563 1414 707 1470 cata,
728 1417 850 1459 cum
877 1403 1254 1470 admittuntur,
1274 1417 1462 1461 severe
1491 1406 1738 1475 puniens,
1756 1409 1850 1463 sed
1876 1409 2041 1464 etiam
2074 1423 2144 1465 ne

563 1495 939 1560 admittantur,
967 1494 1249 1566 diligenter
1265 1495 1577 1565 prohibens.
1599 1496 1751 1565 Quod
1786 1498 1831 1555 si
1858 1498 1962 1566 vis,
1978 1499 2141 1554 etiam

563 1587 677 1654 ipsa
717 1586 1049 1657 explicemus
1084 1587 1271 1643 verba.
1311 1586 1588 1659 Optimum
1624 1599 1802 1645 autem
1838 1602 1923 1646 est
1970 1592 2141 1662 ipsam

564 1678 753 1733 audire
788 1678 1157 1748 Scripturam.
1207 1678 1453 1735 (Dictum
1489 1690 1590 1748 est,
1632 1682 1826 1752 inquit,
1864 1684 2137 1752 antiquis:

2927 574 3096 643 ἑξῆς.

2311 679 2407 751 Εἷς
2435 688 2533 759 μέν
2564 688 2710 743 ἔστιν
2740 688 3067 760 ἀμφοτέρων
3097 691 3204 744 τῶν
3229 690 3501 763 διαθηκῶν
3526 697 3553 748 ό
3576 699 3773 769 νομοθέ-

2239 791 2341 845 της
2364 790 2380 805 °
2405 775 2521 829 ἀλλ’
2557 776 2587 830 δ
2610 776 2708 848 μὲν
2733 777 2894 849 νόμος
2933 776 3207 849 δυσηνίοις
3242 774 3361 834 οὖσι
3387 785 3495 846 τοῖς
3532 783 3774 853 Ἰουδαίοις

2238 866 2340 931 τὰς
2390 865 2617 937 πράξεις
2670 868 2984 941 ἀπηγόρευε
3030 869 3228 940 μόνον’
3278 871 3341 926 τδ
3383 873 3439 927 δὲ
3477 876 3778 946 Εὑαγγέλιον

2240 958 2337 1012 ἆτε
2361 958 2669 1028 φιλοσόφοις
2697 959 3057 1031 δογματίζων,
3090 961 3307 1027 καὶτὰς
3344 964 3567 1030 ἑννοίας,
3598 968 3682 1037 ἀφ’
3709 961 3777 1023 ὧν

2241 1053 2297 1105 ai.
2326 1051 2555 1122 πράξεις
2610 1051 2857 1123 φύουσιν,
2881 1053 3069 1126 ὥσπερ
3104 1054 3290 1126 πηγὰς
3318 1056 3425 1111 τῶν
3450 1058 3628 1112 κακῶν
3656 1076 3767 1131 προ-

2241 1140 2575 1208 αναστέλλει,
2605 1142 2667 1195 οὐ
2689 1144 2955 1215 γενόμενα
2978 1147 3135 1218 μόνον
3162 1149 3232 1201 τὰ
3261 1150 3625 1221 ἁμαρτήματα
3642 1153 3782 1206 κολά-

2243 1230 2333 1294 ζον
2362 1229 2625 1301 ἀκριϐῶς,
2658 1232 2794 1288 ἀλλά
2827 1235 2962 1307 μηδὲ
2988 1237 3265 1306 γενέσθαι,
3297 1238 3507 1293 κωλύον
3530 1240 3782 1310 ἀσφαλῶς.

2242 1319 2305 1376 El
2332 1321 2388 1376 δὲ
2415 1322 2616 1393 βούλει,
2640 1326 2734 1378 καὶ
2753 1324 2892 1379 αὐτά
2916 1329 3285 1401 γυμνάσωμεν
3308 1330 3378 1384 τὰ
3412 1334 3626 1404 ῥήματα
3655 1333 3782 1403 (51)·

2241 1412 2394 1467 οὐδὲν
2409 1412 2486 1481 δὲ,
2516 1410 2629 1469 οἷον
2650 1416 2820 1488 αὐτῆς
2847 1417 3076 1474 ἀκοῦσαι
3096 1420 3199 1491 τῆς
3225 1422 3472 1493 Γραφῆς.
3501 1442 3519 1475 ι
3558 1425 3785 1497 Ἐρρέθη,

2246 1506 2379 1577 φησὶ
2404 1548 2419 1571 ,
2451 1510 2562 1572 τοῖς
2596 1507 2866 1580 ἀρχαίοιςο
2905 1512 3211 1583 Ὀφθαλμὸν
3238 1513 3360 1568 ἀντὶ
3387 1514 3679 1588 ὀφθαλμοῦ,
3711 1518 3787 1572 καὶ

2243 1597 2429 1652 ὀδόντα
2457 1599 2578 1653 ἀντὶ
2598 1600 2826 1666 ὀδόντος.
2874 1601 3015 1672 Ἐγὼ
3046 1604 3103 1658 δὲ
3165 1605 3308 1675 λέγω
3353 1608 3502 1680 ὑμῖν,
3556 1609 3628 1680 μὴ
3660 1610 3787 1664 ἀντι-

2250 1690 2446 1761 στῆναι
2467 1691 2547 1762 τῷ
2576 1692 2817 1764 πονηρῷ.
2851 1712 2870 1745 ι
2903 1694 2962 1747 '0
2995 1695 3093 1766 μὲν
3124 1696 3325 1767 μέτρον
3349 1699 3446 1768 τῆς
3473 1699 3624 1769 δίκης
3641 1701 3788 1770 ὁρίζει

563 1767 789 1824 Oculum
824 1784 923 1839 pro
940 1769 1118 1836 oculo,
1147 1781 1202 1826 et
1226 1771 1441 1827 dentem
1480 1787 1576 1842 pro
1591 1773 1772 1831 dente.
1813 1772 1925 1844 Ego
1955 1785 2136 1829 autem

2246 1754 2593 1852 τὴν-ἰσότητα
2630 1754 2731 1835 cuii.
2768 1754 3011 1847 πάθους;
3045 1754 3303 1839 τοσοῦτον
3332 1754 3527 1857 δρδίσαι
3553 1754 3788 1859 Ιτοῖςίίλδι-

565 1860 685 1915 ιΙῖεο
718 1862 898 1918 vobis:
941 1859 1020 1916 Ne
1053 1862 1292 1918 resistite
1324 1865 1520 1920 malo.»
1577 1863 1688 1919 Lex
1717 1864 1934 1934 quidem
1965 1879 2139 1934 ptume

567 1965 874 2005 mensuram
902 1951 1090 2006 deﬁnit
1118 1950 1430 2021 aequalitate
1460 1952 1863 2022 perpessionis,
1894 1953 2022 2007 dum
2056 1954 2140 2007 in-

555 2042 697 2108 juria
735 2042 942 2097 allectis
975 2051 1180 2098 tantum
1215 2044 1481 2113 permittit
1507 2044 1710 2111 i‘acere,
1727 2050 1988 2114 quantum
2019 2058 2139 2113 per-

562 2135 704 2202 pessi
735 2135 958 2201 fuerint,
994 2146 1138 2191 metu
1174 2135 1443 2203 videlicet,
1475 2151 1544 2190 ne
1569 2136 1691 2206 quis
1722 2134 1925 2192 similia
1963 2137 2140 2205 patia-

566 2235 660 2278 tur
684 2223 757 2278 iis
789 2239 910 2294 quae
944 2223 1109 2290 fecit,
1144 2224 1406 2280 cohibens
1442 2224 1646 2279 malum
1704 2233 1996 2295 antequam
2048 2223 2143 2279 ilat

564 2316 702 2387 (hac
728 2316 873 2371 enim
904 2316 1171 2386 expositio
1195 2316 1519 2386 profundam
1552 2316 1876 2388 legislatoris
1904 2327 2137 2372 mentem

562 2404 823 2475 attingit.)
885 2404 1239 2474 Evangelium
1269 2420 1398 2461 vero
1428 2407 1842 2462 mansuetudine
1890 2406 2142 2463 lenitate-

562 2511 669 2567 que
698 2495 817 2566 eius
851 2484 953 2567 qui
983 2497 1185 2552 malum
1231 2499 1492 2569 patiatur,
1528 2498 1669 2552 stitit
1699 2505 1860 2567 atque
1905 2498 2143 2555 inhibuit

564 2588 1007 2657 improbitatem,
1053 2602 1125 2643 ne
1153 2587 1221 2642 ad
1264 2587 1531 2643 deteriora
1567 2587 1964 2658 progrediatur.
2005 2587 2141 2654 Quia

565 2680 709 2734 enim
744 2679 1118 2736 ulciscentium
1153 2679 1416 2749 iniquitas
1458 2677 1605 2749 juste
1635 2682 2050 2747 terminabatur,
2089 2692 2143 2737 et

563 2785 633 2827 ne
666 2772 796 2842 quid
825 2785 992 2841 grave
1026 2778 1081 2826 et
1101 2778 1258 2825 atrox
1291 2768 1464 2833 ﬁeret,
1497 2773 1579 2824 lex
1598 2770 1702 2826 lata
1718 2780 1877 2827 erat:
1916 2771 2144 2828 imitatio

565 2874 684 2921 erat
707 2863 989 2921 similium.
1024 2863 1085 2920 id
1103 2863 1247 2920 enim
1269 2862 1497 2934 quisque
1536 2863 1766 2921 faciebat
1794 2864 1872 2934 (in
1891 2864 2142 2937 alterum)

565 2957 711 3026 quod
744 2954 938 3026 injuria
958 2954 1185 3013 affectus
1206 2957 1519 3012 accusabat.
1553 2954 1738 3026 Neque
1771 2970 1833 3012 ea
1866 2972 1954 3014 res
1984 2954 2142 3014 linem

568 3047 839 3117 prioribus
880 3045 1141 3105 afferebat
1163 3047 1377 3149 ‘malis,
1434 3049 1528 3106 sed
1582 3050 1897 3118 provocatio
1931 3064 2147 3149 quoq-ue
2170 3088 2214 3149 α

568 3147 688 3195 erat
723 3140 1034 3211 graviorum
1069 3139 1372 3206 malorum,
1405 3140 1579 3197 altero
1608 3141 1825 3211 quidem
1859 3141 2035 3197 denuo
2070 3140 2144 3194 ir-

567 3233 730 3287 ritata
756 3239 811 3287 et
860 3231 1133 3299 faciente;
1190 3231 1362 3288 altero
1393 3241 1576 3287 autem
1626 3234 1791 3289 etiam
1840 3232 2039 3288 iterato
2082 3248 2141 3288 se

568 3323 739 3379 ultum
771 3323 850 3380 ire
873 3324 1257 3390 cantendcnte,
1287 3323 1450 3380 tinem
1471 3336 1603 3381 vero
1637 3322 1903 3380 malorum
1931 3323 2138 3379 nullum

567 3416 799 3472 sciente:
832 3429 1006 3487 neque
1034 3414 1241 3473 ultione
1276 3414 1464 3482 linem,
1498 3418 1592 3474 sed
1628 3416 1841 3472 initium
1871 3415 2139 3487 majorum

568 3506 935 3564 calamitatum
999 3508 1282 3579 pariente,
1343 3519 1575 3579 uterque
1629 3508 1682 3564 in
1747 3506 2142 3578 implacabilem

569 3599 1025 3669 contemptionem
1059 3598 1392 3665 incidebant,
1429 3610 1485 3655 et
1514 3599 1732 3669 sapiens
1771 3598 1902 3668 legis
1930 3597 2147 3653 institu-

2241 1870 2501 1941 κημένοις
2530 1873 2923 1945 συγχωρήσας,
2953 1869 3066 1929 οἷον
3091 1877 3429 1932 πεπόνθασιν
3468 1878 3580 1950 (52)
3601 1920 3614 1945 ,
3647 1880 3701 1933 ἐν
3726 1878 3793 1951 τῷ

2242 1962 2392 2034 φόϐῳ
2420 1964 2513 2019 τοῦ
2548 1964 2622 2036 μὴ
2651 1966 2719 2019 τά
2745 1968 2885 2019 αὑτά
2914 1969 3104 2021 παθεῖν
3134 1973 3589 2042 προαναστέλλων
3615 1973 3672 2027 τὸ
3710 1990 3796 2028 κα·

2241 2053 2354 2109 κόν.
2385 2054 2531 2127 Αὕτη
2561 2056 2668 2129 γὰρ
2723 2059 2756 2129 ἡ
2795 2058 2988 2130 ἐκδοχὴ
3018 2063 3117 2131 τῆς
3142 2062 3237 2116 τοῦ
3271 2063 3565 2135 νομοθέτου
3599 2063 3797 2134 βαθείας

2241 2147 2470 2202 ἅπτεται
2502 2149 2697 2219 φρενός
2721 2168 2733 2179 ·
2756 2150 2816 2203 τὸ
2848 2151 2892 2205 δ’
2916 2153 2972 2204 ὲν
3001 2155 3067 2223 τῇ
3118 2155 3391 2227 πραότητι
3419 2156 3512 2209 τοῦ
3536 2156 3795 2222 παθόντος,

2241 2237 2436 2311 ἔστησε
2462 2242 2560 2304 τῆς
2582 2240 2780 2306 κακίας
2802 2240 2900 2311 τὴν
2925 2244 3018 2297 ἐπὶ
3042 2245 3111 2299 τά
3141 2245 3307 2316 χείρω
3344 2246 3588 2318 πρόοδον.
3606 2246 3798 2317 Ἐπειδὴ

2242 2327 2352 2398 γὰρ
2383 2329 2491 2382 τῶν
2520 2330 2878 2401 ἀμυνομένων
2907 2334 2939 2403 ἡ
2971 2332 3153 2387 ἀδικία
3188 2335 3301 2407 (55)
3342 2337 3567 2401 δικαίως
3597 2337 3797 2409 ὥριστο,

2242 2420 2495 2492 καὶπρὸς
2524 2422 2585 2475 τὸ
2626 2422 2793 2496 μηδὲν
2837 2423 3153 2497 πραχθῆναι
3195 2427 3375 2483 δεινὸν
3404 2430 3798 2501 νενομοθέτητα,

2246 2508 2473 2581 μίμησις
2512 2505 2580 2583 ἦν
2629 2510 2737 2564 τῶν
2780 2512 2983 2583 ὁμοίων
3012 2532 3025 2546 ·
3068 2515 3199 2586 ἔδρα
3246 2518 3365 2590 γὰρ
3416 2520 3641 2583 ἕκαστος
3683 2519 3801 2590 ὅπερ

2243 2601 2569 2674 ἠδικημένος
2597 2604 2876 2658 ἐνεκάλει·
2913 2607 3009 2660 κα)⁸
3029 2607 3089 2660 οὐ
3115 2606 3268 2678 λῆξις
3302 2605 3380 2681 ἦν
3402 2610 3511 2663 τῶν
3542 2610 3802 2680 προτέρων

2245 2691 2424 2756 τοῦτο,
2464 2691 2601 2746 ἀλλὰ
2636 2693 2754 2769 καὶ.
2778 2694 3081 2766 πρόκλησις
3127 2698 3570 2771 ἀργαλεωτέρων
3597 2699 3796 2753 κακῶν·

2246 2780 2339 2835 τοῦ
2373 2782 2470 2851 μὲν
2508 2778 2663 2847 αὖθις
2702 2782 3143 2857 παροξυνομένου
3190 2790 3284 2844 καὶ
3319 2791 3564 2862 δρῶντος
3593 2808 3608 2824 ο
3638 2790 3721 2843 τοῦ
3754 2789 3802 2843 δὲ

2247 2872 2341 2926 καὶ
2359 2871 2608 2943 δεύτερον
2636 2873 2946 2944 ἀμύνασθαι
2977 2878 3421 2951 φιλονεικοῦντος
3443 2900 3456 2912 ·
3488 2882 3611 2953 ὅρον
3639 2881 3692 2935 δὲ
3715 2878 3803 2933 τῶν

2245 2960 2431 3016 κακῶν
2454 2962 2643 3017 οὐδένα
2665 2964 2865 3030 εἰδότος
2885 2979 2898 2993 ·
2927 2967 3050 3020 οὐδὲ
3076 2971 3141 3040 τῇ
3174 2969 3370 3042 ἀμύνῃ
3410 2971 3525 3041 (54)
3553 2969 3799 3039 τελευτὴν,

2246 3051 2362 3107 ἀλλ’
2407 3054 2581 3126 ἀρχὴν
2617 3055 2879 3126 μειζόνων
2924 3059 3220 3131 συμφορῶν
3266 3060 3610 3128 ὠδίνουσαν,
3651 3064 3721 3127 είς
3754 3060 3807 3115 ᾶ-

2248 3145 2470 3198 σπονδόν
2504 3162 2630 3201 τινα
2660 3148 3095 3204 ἐκπεπτωκότων
3141 3150 3279 3222 ἔριν,
3330 3154 3430 3208 καὶ
3461 3155 3555 3209 τοῦ
3581 3156 3734 3225 νόμου
3759 3151 3811 3205 τὸ

2245 3232 2409 3302 σοφὸν
2435 3233 2841 3306 ὲκύιαζομένων
2864 3237 3075 3305 ἐφόδιον
3106 3240 3388 3296 ποιεῖσθαι
3420 3240 3687 3306 κακίας,ὃ
3716 3239 3811 3294 τῶν

2246 3324 2607 3394 πταισμάτων
2633 3325 2821 3391 ἔταξεν
2842 3327 3209 3401 ἀναιρετικόν.
3257 3334 3490 3405 Ἐπειδὴ
3530 3334 3700 3387 τοίνυν
3733 3347 3812 3393 τρ-

2248 3415 2421 3471 σαῦτα
2451 3417 2703 3473 ἐτίκτετο
2732 3420 2899 3487 κακὰ,
2933 3422 3032 3492 τὴν
3064 3423 3240 3495 ἀρχὴν
3269 3423 3473 3498 ὥσπερ
3499 3425 3610 3499 πῦρ
3638 3423 3813 3479 σϐέσαν

2245 3505 2308 3558 τὸ
2336 3506 2690 3579 Εὑαγγέλιον,
2727 3508 2922 3582 ἔστησε
2961 3511 3055 3566 τοῦ
3083 3513 3255 3568 κακοῦ
3300 3517 3412 3590 τὴν
3456 3521 3537 3582 είς
3564 3517 3623 3572 τδ
3651 3515 3815 3581 πρόσω

2249 3596 2441 3668 φοράν.

572 3704 681 3749 ιιιιη
740 3692 921 3749 facere
981 3694 1294 3749 nitebantur
1347 3695 1501 3764 quasi
1557 3693 1815 3749 viaticum
1905 3691 2179 3763 nequitiae,
2207 3691 2354 3763 quod
2413 3690 2736 3765 (legislator)
2792 3695 2845 3750 in
2882 3711 3005 3751 eum
3044 3698 3222 3768 potius
3254 3698 3426 3756 linem
3460 3700 3814 3763 constituerat,

570 3798 628 3843 ut
678 3796 901 3858 peccata
931 3801 963 3842 e
993 3788 1168 3843 medio
1204 3786 1434 3845 tolleret.
1476 3786 1614 3856 Quia
1649 3788 1813 3859 igitur
1843 3796 1922 3844 tot
1960 3797 2215 3858 tantaque
2282 3786 2422 3868 mala
2502 3788 2629 3845 hinc
2697 3791 3083 3856 nascebantur,
3146 3793 3269 3849 ideo
3326 3795 3683 3866 Evangelium
3716 3794 3817 3865 ipso

570 3880 840 3937 exstincto
874 3879 1031 3936 initio
1079 3889 1335 3950 tanquam
1365 3880 1509 3950 igne,
1561 3879 1760 3937 malum
1788 3880 2030 3938 cohibuit
2073 3893 2137 3936 ac
2173 3879 2336 3945 stitit,
2370 3891 2436 3935 ne
2467 3878 2692 3935 ulterius
2757 3883 3095 3951 procederet.

1040 3988 1195 4047 CCX.
1238 4019 1307 4033 --
1357 3988 1676 4048 NEMESIO.

571 4080 639 4136 In
663 4082 719 4135 id
739 4084 877 4154 quod
918 4080 1117 4154 dictum
1150 4091 1226 4154 es!
1250 4078 1403 4154 :gNe
1423 4082 1650 4139 declines
1681 4085 1751 4139 ad
1779 4086 2015 4154 dextrum
2048 4098 2137 4141 aut

735 4148 1007 4207 sinistram
1029 4149 1130 4207 “.s
1173 4148 1245 4205 Et
1275 4152 1454 4207 labore
1493 4155 1740 4209 virtutem
1779 4153 1986 4224 perﬁci.

640 4264 905 4333 Quoniam
951 4261 1095 4321 inter
1141 4263 1508 4335 profusionem
1537 4276 1592 4321 et
1615 4267 1804 4322 sordes
1855 4268 2031 4323 media
2059 4275 2146 4324 est
2178 4286 2224 4346 ι)

2671 3991 2770 4047 Σιο.
2803 4023 2874 4035 -
2904 3994 3216 4067 ΝΕΜΕΣΙῼ
3265 3995 3409 4068 (55).

2248 4088 2353 4152 Εἰς
2391 4085 2457 4139 τὸ
2829 4104 2842 4118 ·
2882 4105 2902 4141 ι
2934 4088 3033 4156 Μὴ
3067 4088 3368 4159 ἐκκλίνῃς
3397 4090 3596 4157 δεξιὰ,
3641 4090 3680 4158 ἣ
3710 4088 3819 4159 ἀρι-

2316 4106 2353 4152 ς
2391 4104 2457 4139 το
2488 4104 2842 4156 ειρημενον·
2882 4105 2902 4141 ι
2934 4104 3033 4156 tun
3067 4104 3368 4159 εκκλινῃς
3397 4104 3596 4157 Uecta,
3641 4104 3680 4158 η
3710 4104 3743 4142 a

2316 4153 2521 4224 στερά.
2561 4172 2582 4208 ι
2617 4155 2729 4211 Kal
2754 4155 2843 4210 ὅτι
2873 4158 3038 4225 πόνῳ
3061 4161 3471 4228 κατορθοῦται
3506 4162 3547 4231 ἡ
3580 4104 3777 4230 ἀρεῖτε

2330 4263 2551 4337 Ἐπειδὴ
2579 4266 2613 4336 ἠ
2644 4265 2744 4337 μὲν
2772 4265 3056 4340 ἐλευθερία
3091 4267 3204 4339 (56)
3235 4270 3381 4342 μέση
3416 4270 3572 4326 ἐστὶν
3600 4267 3819 4327 ἀσωτίας

571 4357 901 4415 liberalitas:
925 4356 1092 4413 animi
1119 4368 1302 4413 autem
1329 4358 1645 4429 magnitudo
1673 4358 1815 4415 inter
1835 4357 2143 4429 superbiam

2247 4358 2344 4411 καὶ
2373 4357 2662 4428 φειδωλίας
2684 4398 2701 4424 ,
2735 4360 2769 4430 ἡ
2814 4359 2873 4413 δὲ
2912 4358 3290 4431 μεγαλοψυχία
3322 4361 3713 4434 ὑπερηφανίας
3737 4355 3817 4411 καὶ

569 4460 624 4505 et
651 4449 1013 4505 humilitatem
1046 4448 1332 4520 interiecta
1355 4457 1441 4506 est
1467 4468 1481 4505 :
1537 4448 1713 4521 pietas
1742 4449 1977 4520 denique
2009 4449 2145 4506 inter

2245 4448 2623 4521 ταπεινότητος
2641 4466 2657 4481 θ
2692 4450 2728 4521 ἡ
2753 4448 2810 4504 δὲ
2833 4449 3086 4504 εὐσέϐεια
3113 4451 3557 4525 δεισιδαιμονίας
3588 4452 3685 4507 καὶ
3710 4451 3820 4504 ἀσε-

569 4541 1008 4613 superstitionem
1050 4550 1106 4598 et
1148 4541 1480 4609 impietatem
1536 4541 1683 4612 (quas
1733 4555 1898 4617 causa
1931 4556 2145 4613 quoque

2254 4539 2444 4605 σείας·
2479 4539 2561 4594 διὸ
2603 4539 2699 4595 καὶ
2747 4539 3077 4614 ἀγχιθύρους
3127 4537 3268 4596 εἶναι
3320 4542 3429 4608 τὰς
3479 4548 3683 4607 κακίας
3721 4538 3822 4601 ταῖς

569 4642 675 4701 est,
702 4633 847 4704 quod
876 4634 1187 4704 sapientes,
1210 4647 1334 4689 cum
1366 4633 1495 4689 vitia
1521 4633 1812 4689 virtutibus
1839 4632 2012 4689 vicina
2046 4636 2144 4690 de-

2245 4633 2465 4704 ἀρεταῖς
2496 4630 2612 4702 (57)
2657 4633 2813 4701 σοφο)⁵
2858 4633 3174 4704 ὁρισάμενοι
3216 4634 3420 4707 ἄνδρες
3444 4677 3459 4703 ,
3514 4636 3619 4706 τὴν
3668 4632 3826 4705 μέσην

570 4723 905 4788 ﬁnivissent,
937 4724 1171 4781 medium
1198 4724 1377 4780 locum
1412 4723 1704 4780 virtutibus
1755 4724 2091 4796 tribuerunt)
2122 4744 2136 4781 :

2245 4722 2428 4794 χώραν
2457 4725 2579 4790 ταῖς
2603 4726 2829 4796 ἀρεταῖς
2862 4725 3133 4780 ἀπέδοσαν
3156 4741 3169 4755 ·
3218 4726 3395 4797 κάμοὶ
3428 4727 3514 4791 είς
3537 4727 3719 4787 πάσας
3740 4719 3824 4781 τὰς

570 4811 702 4867 mihi
751 4811 917 4868 etiam
974 4816 1042 4869 ad
1091 4828 1281 4871 omnes
1310 4814 1542 4870 virtutes
1591 4813 1767 4872 media
1797 4815 1887 4870 via
1938 4814 2142 4886 optima

2245 4812 2442 4887 ἀρετὰς
2473 4816 2775 4888 μεσαιτάτη
2823 4817 2939 4880 ὁδὸς
2979 4815 3177 4888 ἀρίστη
3228 4817 3513 4887 φαίνεται.
3547 4816 3661 4871 Καὶ
3699 4808 3835 4867 τοῦτ’

639 4966 685 5000 ⁵³
713 4965 968 5036 Mattba,
996 4966 1250 5038 δαίσεις.
1323 4969 1369 5000 ⁴⁶
1403 4967 1558 5026 Deut.
1591 4985 1726 5034 xvtt,
1754 4970 1838 5025 il.

1679 5121 1917 5178 nam
1953 5104 2335 5179 moriones
2374 5118 2459 5176 ET
2494 5118 2725 5177 now.

560 5252 762 5402 AP
833 5274 1084 5345 Ῥήματα
1143 5282 1314 5329 mutat
1360 5277 1418 5330 in
1467 5276 1606 5348 ρητά
1658 5276 1778 5333 eod.
1828 5275 1953 5332 Vat.
2020 5275 2145 5332 650.

644 5414 758 5488 (52)
786 5414 916 5471 Post
945 5412 1296 5488 ’πεπόνθασιν⁸
1321 5414 1634 5488 toilitidem
1660 5415 1780 5471 cod.
1825 5416 1906 5482 ὲν,
1937 5424 1996 5471 et
2032 5414 2148 5471 loco

570 5483 857 5558 illiusiigc
887 5484 1057 5558 ponit,
1088 5484 1231 5558 πέρα
1253 5485 1311 5541 δὲ
1343 5486 1535 5558 μηδέν,
1571 5486 1649 5558 In.

572 5626 607 5679 ‘
645 5552 770 5678 (52")
805 5552 911 5611 Pro
959 5552 1277 5614 ἀδικίαάίε
1332 5552 1474 5612 idem
1524 5555 1718 5623 habet,
1768 5554 1919 5611 αἰτία
1961 5555 2009 5609 εί
2053 5553 2149 5610 καὶ

608 5641 683 5679 ικ.
775 5665 790 5679 .

608 5641 683 5679 ικ.
714 5639 790 5681 ID.

650 5693 763 5768 (54)
797 5695 944 5754 Idem
977 5697 1120 5765 cod.,
1147 5698 1247 5769 τὴν
1279 5695 1510 5767 ἄμυναν.
1543 5697 1621 5750 lo.

2329 5275 2446 5347 (55)
2491 5272 3081 5347 Inscriptionem,_quas
3130 5274 3356 5347 inpedit.
3399 5276 3584 5332 Paris.
3635 5275 3827 5333 deem.

2252 5343 2565 5414 supplemus
2594 5359 2663 5414 ex
2682 5343 2869 5414 codice
2893 5343 3173 5414 Vaticano.
3204 5346 3366 5401 Eutr.

2322 5407 2572 5539 (3%)0Pro
2603 5411 2886 5484 ἐλευθερία
2916 5415 3039 5468 cod.
3084 5412 3260 5471 Vatic.
3301 5415 3510 5471 scribit
3541 5407 3831 5481 ἐλευθεριόσ

2322 5502 2368 5539 c.
2469 5499 2601 5539 sent.

2250 5502 2368 5541 της.
2390 5498 2601 5541 νοεειιι.

2284 5502 2850 5626 ηῗέἷβξῖςάιθύροις
2872 5551 3026 5626 εἶναι
3050 5554 3408 5626 τὰςίκακιας
3425 5553 3564 5620 ταῖς
3585 5546 3830 5626 ἀρεταῖς·

2255 5622 2516 5694 Similiter
2536 5622 2777 5694 ioquitur
2806 5626 2963 5693 epist.
3000 5623 3098 5694 241
3146 5624 3238 5679 lib.
3268 5638 3332 5687 ιι,
3371 5626 3478 5689 τὰς
3516 5622 3833 5693 diuiti-59006

2252 5693 2362 5749 τῶν
2389 5692 3127 5766 ἀρετῶνκακίαςίφυγοῦσα.
3159 5694 3319 5750 Βιττ.
