4078 6368
415 302 555 370 I305

1277 307 1814 368 EPISTOLARUM
1846 307 1992 367 LIB.
2034 306 2132 367 IV.
2172 328 2239 340 -
2269 302 2507 363 EPIST.
2547 299 2812 362 CCXIII.

3542 297 3677 364 1306

414 412 585 475 εστιν,
641 412 755 484 (58)
803 414 941 487 ὅπερ
971 414 1239 488 ἠθέλησας
1266 418 1456 489 μαθεῖν
1483 434 1498 449 ·
1554 438 1573 471 ι
1612 420 1706 491 Μὴ
1736 418 1992 491 ἐκκλίνῃς
2020 468 2027 480 ι

2103 431 2212 485 esse
2240 417 2471 472 videtur.
2511 415 2690 487 Atque
2718 417 2822 472 hoc
2853 413 2982 470 illud
3013 422 3097 470 est
3118 455 3134 482 ,
3168 415 3311 484 quod
3343 413 3553 470 discere
3585 429 3683 467 vo-

415 502 588 569 δεξιὰ,
627 505 752 575 μηδ’
807 505 1093 576 ἀριστερά.
1145 526 1165 560 ι
1225 507 1360 581 ’0δῷ
1419 509 1671 583 βασιλικῇ
1720 510 1979 581 πορεύου.

430 594 652 665 Ἐπειδὴ
676 595 785 667 γὰρ
817 597 873 650 αἱ
902 614 976 652 πα
984 598 1290 669 ρεκκλίσεις
1320 600 1428 653 τῶν
1446 601 1656 672 ἀρετῶν
1689 602 1770 665 είς
1793 601 1994 656 κακίαν

418 686 686 756 λήγουσι·
732 687 965 759 θέλησας
993 692 1102 762 γάρ
1142 709 1228 755 τις
1283 686 1421 745 εἶναι
1453 693 1565 764 (59)
1616 693 1996 764 οἰκονομικός,

419 776 636 840 πολλοῖς
661 777 774 849 (60)
807 782 888 844 είς
911 782 1196 850 φειδωλίαν
1221 784 1484 838 ἀνέπεσεν
1502 823 1518 847 ,
1551 786 1584 856 ἢ
1615 785 1895 856 φιλότιμος
1919 787 2001 849 είς

417 868 694 923 ἀσωτίαν·
734 872 797 925 οὐ
848 873 1010 942 μόνον
1052 875 1309 945 ἀμείνονα
1341 876 1439 948 τὴν
1492 876 1685 948 μέσην,
1719 876 1856 932 ἀλλὰ
1902 876 2000 931 καὶ

421 955 859 1033 βασιλικωτάτην
882 963 1104 1029 εἰκότως
1134 961 1274 1021 εἶναι
1313 966 1602 1037 ὡρίσαντο.

879 1242 1025 1299 xw.
1053 1273 1126 1285 -
1146 1244 1569 1318 ΑΔΑΜΑΝτιᾳ.

428 1332 493 1389 Τί
514 1332 646 1388 ἐστι
670 1333 740 1388 τὸ
762 1333 1078 1407 ειρημένον
1101 1335 1172 1388 ἐν
1191 1334 1265 1403 τῇ
1287 1335 1413 1403 ᾠδῇ
1442 1337 1759 1407 ξΑὸιικούμ·
1793 1355 1812 1389 t
1833 1335 2001 1393 Ἐλιάο

1656 1407 1679 1418 δ

653 1406 857 1472 duriter
887 1406 1181 1472 οὐρανοὺς
1217 1408 1257 1475 ἡ
1286 1406 1467 1474 ἀρετὴ
1492 1406 1705 1461 αὐτοῦ.
1751 1426 1771 1460 ι

506 1513 723 1585 Ἐπειδὴ
774 1514 900 1579 νοῦς
928 1514 997 1569 τὰ
1044 1515 1184 1588 ὑπὲρ
1234 1517 1359 1571 νοῦν
1390 1518 1581 1588 νοῆσαι
1623 1519 1683 1573 οὐ
1728 1518 1995 1585 δύναται,

419 1602 545 1657 οὐδὲ
570 1603 724 1672 λόγος
761 1604 831 1658 τὰ
861 1605 1003 1677 ὑπὲρ
1027 1605 1186 1675 λόγον
1213 1608 1419 1678 φράσαι
1445 1624 1458 1637 ·
1486 1606 1645 1661 τοῦτο
1683 1609 1791 1677 γὰρ
1821 1606 1996 1672 οὕτως

420 1695 550 1766 ἔχον
605 1694 750 1765 (62),
805 1697 1143 1768 ἰσχυρίζεται
1189 1697 1260 1750 τὰ
1312 1697 1432 1752 θεῖα
1474 1698 1669 1767 λόγια,
1726 1699 1992 1767 λέγοντασ

2102 510 2245 566 luisti
2291 527 2306 565 :
2357 507 2485 564 «Ne
2536 508 2778 565 declines
2826 508 2891 563 ad
2944 507 3214 570 dextram,
3242 518 3418 575 neque
3480 505 3545 559 ad
3599 504 3677 559 si-

2101 603 2382 657 nistram.)
2445 599 2614 670 Regia
2646 600 2731 654 via
2775 599 3031 654 incedito.
3073 598 3209 665 Quia
3240 598 3384 651 enim
3418 593 3677 650 dcﬂexio-

2100 710 2198 750 nes
2221 695 2479 748 virtutum
2513 694 2565 747 in
2588 693 2777 747 vitium
2808 692 3062 747 desinunt
3087 691 3254 760 (saepe
3280 689 3425 743 enim
3456 688 3675 757 aliquis.

2100 786 2228 841 dum
2274 786 2411 854 frugi
2442 793 2499 838 et
2550 783 2721 839 bonus
2775 781 3163 850 paterfamilias
3198 792 3319 834 esse
3351 779 3558 845 voluit,
3623 779 3675 831 in

2100 876 2291 930 sordes
2321 873 2509 927 incidit
2538 894 2550 928 :
2581 883 2675 926 aut
2698 873 2822 926 dum
2855 872 3080 926 honoris
3109 872 3347 925 studium
3378 867 3675 933 adamavit,

2101 964 2154 1018 in
2208 960 2623 1032 profusionem),
2682 962 2877 1015 merito
2909 961 3051 1014 viam
3088 959 3316 1012 mediam
3353 972 3460 1010 non
3501 956 3676 1011 solum

2100 1055 2424 1118 meliorem,
2478 1051 2574 1108 sed
2620 1052 2784 1107 etiam
2838 1053 3073 1105 maxime
3123 1051 3325 1119 regiam
3376 1061 3500 1102 esse
3559 1055 3676 1102 sta-

2104 1154 2336 1200 luerunt.

2415 1251 2578 1323 διο
2613 1249 2791 1306 CCXI.
2834 1281 2902 1292 -
2944 1248 3364 1305 ADAMANTIO.

2101 1340 2243 1407 Quid
2270 1342 2336 1395 sit
2358 1342 2496 1410 quod
2525 1341 2580 1393 in
2627 1341 2830 1393 cantico
2864 1339 3114 1393 Habacur
3140 1341 3343 1410 dictant
3366 1350 3476 1393 est:
3510 1344 3675 1410 «Ope-

2182 1434 2193 1446 -
2372 1409 2377 1410 ί
2508 1412 2616 1464 ruit
2651 1411 2811 1463 calas
2853 1410 3019 1462 virtus
3045 1410 3160 1478 ejus
3183 1409 3285 1463 ".s

2167 1521 2432 1590 Quoniam
2466 1520 2746 1593 (humana)
2778 1535 2929 1575 incus
2976 1535 3039 1574 ca
3067 1536 3187 1589 tunc
3229 1536 3390 1589 supra
3442 1531 3673 1576 mentem

2099 1621 2226 1666 sunt
2274 1609 2578 1678 intelligere
2613 1624 2717 1662 non
2772 1618 2982 1677 potest,
3034 1625 3209 1678 neque
3254 1626 3432 1663 sermo
3462 1625 3524 1663 ea
3554 1626 3677 1678 qua

2098 1713 2350 1753 sermone
2378 1701 2564 1753 altiora
2589 1709 2735 1762 sunt,
2750 1699 2900 1754 effari
2930 1700 3055 1763 (hoc
3084 1700 3227 1753 enim
3264 1700 3335 1752 ita
3369 1716 3426 1752 se
3453 1702 3673 1762 habere.

429 1804 449 1837 s
480 1784 620 1849 Δόξα
666 1786 873 1856 Κυρίου
904 1786 1133 1859 κρύπτει
1178 1786 1335 1854 λόγον
1358 1828 1372 1851 ,
1411 1806 1429 1840 ι
1476 1789 1729 1841 τουτέστι
1756 1829 1770 1854 ,
1799 1789 1998 1852 παντὸς

2103 1792 2277 1845 divina
2310 1790 2579 1846 alIlrmant
2609 1793 2827 1845 oracula
2848 1834 2862 1854 ,
2890 1808 3012 1846 cum
3042 1793 3195 1845 aiunt
3223 1809 3237 1845 :
3295 1810 3313 1842 ι
3338 1790 3520 1846 Gloria
3563 1792 3673 1845 Do-

422 1875 586 1944 λόγου
627 1877 891 1948 κρείττων
923 1877 1041 1931 ἐστὶ
1083 1878 1178 1931 καὶ
1223 1878 1470 1949 ἀνωτέρα
1512 1882 1546 1950 ή
1575 1878 1701 1944 δόξα
1735 1881 1768 1950 ἡ
1803 1879 2002 1932 δεσποο

419 1970 549 2040 τική
575 1986 587 1998 ·
617 1970 713 2022 καὶ
743 1972 843 2024 οὐκ
871 1966 1044 2036 εἶπεν,
1066 1962 1107 2043 ἡ
1130 1971 1312 2041 φύσις,
1345 1973 1436 2040 ἀφ’
1460 1968 1527 2044 ἦς
1554 1974 1588 2043 ἡ
1619 1971 1744 2036 δόξα
1771 2013 1786 2037 ,
1826 1973 1943 2025 ἀλλ’
1966 1974 1999 2042 ἡ

420 2059 550 2127 δόξα
573 2061 603 2130 ἡ
629 2061 693 2114 ἐκ
719 2062 819 2130 τῆς
847 2062 1056 2126 οὐσίας·
1090 2064 1487 2134 παραχωρείτω
1510 2065 1657 2116 πᾶσα
1688 2063 2001 2135 ἀνθρωπίνη

422 2148 588 2218 φύσις
611 2150 688 2220 τῷ
719 2150 941 2219 μεγέθει
958 2150 1051 2204 τοῦ
1078 2154 1422 2223 πράγματοςο
1450 2153 1545 2207 καὶ
1579 2153 1654 2223 μὴ
1688 2154 1787 2223 τὴν
1814 2153 2001 2207 οὐσίαν

421 2239 893 2309 περιεργαζέσθω,
920 2240 1055 2293 ἀλλὰ
1077 2236 1453 2314 προσκυνείτω
1480 2242 1579 2313 τὴν
1610 2241 1786 2305 ἀξίαν·
1826 2258 2003 2313 παρα-

422 2329 675 2401 χωρείτω
703 2330 762 2383 δὲ
793 2332 901 2394 πᾶς
937 2331 1049 2402 (6‘2)
1084 2334 1112 2385 ό
1142 2334 1250 2388 τῶν
1297 2334 1568 2403 ἀγγέλων,
1603 2335 1698 2387 καὶ
1726 2336 2002 2405 ἀρχαγγέ-

419 2420 552 2483 λων,
590 2423 685 2475 καὶ
716 2422 826 2476 τῶν
875 2422 987 2478 ἄνω
1021 2424 1304 2495 δυνάμεων
1344 2425 1536 2498 δῆμος.
1570 2428 1664 2489 Εἰς
1702 2427 1863 2481 τοῦτο
1889 2429 2000 2499 γὰρ

421 2508 612 2579 βλέπει
650 2513 712 2564 τὸ
758 2512 944 2583 ῥητὸν,
990 2514 1128 2585 ὅπερ
1157 2514 1432 2586 ἠθέλησας
1467 2516 1690 2587 μαθεῖν’
1748 2535 1769 2569 ι
1831 2517 1996 2572 Ἑκά-

418 2598 589 2669 λυψεν
626 2601 950 2675 οὐρανοὺςή
986 2605 1155 2676 ἀρετὴ
1188 2606 1376 2660 αὑτοῦ.
1430 2624 1451 2658 ι
1495 2606 1706 2677 Μηνύει
1735 2608 1865 2680 γὰρ,
1916 2611 1999 2663 ὅτι

418 2689 608 2760 πάσης
640 2690 741 2761 τῆς
768 2692 1066 2765 ἀηελικῆς
1110 2693 1350 2763 πληθύος
1389 2695 1485 2748 καὶ
1515 2695 1625 2748 τῶν
1667 2696 1839 2765 ἁγίων
1869 2714 2001 2766 ταγ-

422 2778 614 2849 μάτων
664 2781 870 2852 μείζων
900 2783 1049 2839 ἐστὶν
1097 2786 1126 2839 ό
1174 2785 1303 2856 περὶ
1341 2786 1440 2857 τῆς
1476 2785 1630 2849 θείας
1677 2786 1867 2852 οὐσίας
1912 2787 2000 2841 λόο

416 2886 519 2941 γος
553 2871 723 2943 (65).»

796 3071 940 3125 XIB'.
973 3102 1040 3114 —
1069 3072 1616 3145 ΟΥΑΡΣΕΝΟΥΦΙῼ.

672 3162 779 3227 Εὶς
808 3160 897 3227 τὸ,
938 3180 956 3213 ι
999 3162 1227 3218 Μάθετε
1258 3164 1450 3218 καλὸν
1480 3163 1695 3218 ποιεῖν.
1727 3183 1745 3216 ι

505 3273 727 3346 Ἐπειδὴ
792 3275 976 3329 πολλοὶ
1025 3276 1134 3330 τῶν
1184 3277 1253 3331 τὰ
1313 3277 1547 3348 μέγιστα
1597 3277 2002 3349 παραινούντων

417 3365 548 3420 οὐδὲ
575 3365 647 3421 τὰ
679 3369 851 3439 μικρὰ
879 3371 1052 3422 ποιεῖν
1079 3369 1364 3440 ἀνέχονται
1402 3368 1515 3438 (64)
1539 3408 1555 3433 ,
1592 3367 1707 3421 ἀλλ’
1738 3369 1796 3421 ὲν
1824 3368 2003 3437 λόγοις

420 3456 864 3527 φιλοσοφοῦντες.
883 3460 941 3512 ὲν
957 3461 1071 3524 τοῖς
1096 3458 1277 3531 ἔργοις
1300 3458 1561 3529 αἰσχύνην
1588 3458 1998 3527 όφλισκάνουσι,

417 3547 512 3601 διὰ
551 3547 697 3601 τοῦτ’
725 3549 938 3620 εἴρηται
963 3550 1047 3615 τό,
1080 3568 1099 3602 ι
1135 3550 1351 3604 Μάθετε
1381 3549 1544 3617 καλὸν
1584 3551 1774 3601 ποιεῖν.
1818 3566 1837 3599 ι
1872 3549 2006 3603 Ούκ-

415 3636 518 3693 οὖν
542 3640 649 3711 χρὴ
684 3642 1050 3711 συμϐαίνοντα
1072 3641 1151 3712 τῷ
1177 3642 1320 3711 λόγῳ
1351 3642 1441 3695 τὸν
1468 3641 1580 3711 βίον
1599 3639 1763 3710 ἔχειν,
1797 3640 1887 3694 τὸν
1927 3640 2002 3712 μὴ

419 3727 689 3800 μέλλοντα
714 3731 889 3804 ὀνείδη
918 3749 978 3786 τε
1007 3731 1174 3799 ἕξειν,
1209 3733 1303 3786 καὶ
1330 3732 1603 3804 τιμωρίαν
1640 3731 1878 3799 ὑφέξειν.

2102 1881 2230 1935 mini
2289 1881 2426 1935 celat
2453 1896 2755 1935 sermonem
2778 1880 2863 1928 δεῖ
2900 1894 2919 1927 ι
2958 1878 3058 1933 hoc
3088 1890 3202 1945 cst,
3239 1881 3384 1933 ontni
3421 1895 3675 1935 sermone

2100 1972 2438 2039 praestantior
2486 1980 2569 2024 est
2626 1981 2788 2038 atque
2834 1970 3084 2038 superior
3145 1970 3312 2037 gloria
3372 1969 3670 2033 Dominica;

2098 2078 2200 2120 nec
2229 2062 2361 2114 dixit
2397 2060 2691 2132 (Salomou‘
2721 2080 2735 2115 :
2772 2060 2997 2126 Natura,
3031 2077 3059 2113 a
3088 2075 3190 2127 qua
3222 2071 3302 2113 est
3333 2060 3524 2129 gloria.
3552 2060 3671 2123 sed,

2100 2152 2269 2224 gloria
2299 2168 2420 2222 qure
2456 2162 2540 2207 est
2578 2169 2604 2205 a
2636 2152 2963 2220 substantia)
2993 2168 3008 2215 ;
3064 2150 3183 2205 ideo
3215 2154 3395 2205 omnis
3438 2152 3670 2204 humana

2101 2253 2292 2298 natura
2332 2246 2492 2300 cedat
2531 2243 2884 2312 magnitudini
2918 2242 2991 2296 rei
3024 2259 3038 2295 :
3086 2257 3258 2310 neque
3290 2241 3342 2294 in
3378 2239 3673 2295 es=entiam

2100 2333 2382 2404 (divinam)
2407 2335 2620 2388 curiose
2652 2334 2883 2402 inquirat
2904 2374 2919 2399 ,
2959 2332 3051 2387 sed
3086 2333 3425 2398 maiestatem
3456 2333 3671 2385 adoret.

2099 2423 2256 2479 Cedit
2292 2422 2455 2479 etiam
2504 2423 2680 2477 omnis
2721 2423 3032 2493 angelorum
3066 2431 3121 2475 et
3154 2421 3593 2488 arcltangelorum
3620 2430 3676 2474 et

2098 2527 2452 2582 supernorum
2483 2513 2740 2566 virtutum
2800 2515 3047 2583 populus.
3108 2512 3225 2567 Huc
3270 2514 3415 2567 enim
3465 2520 3675 2581 spectat

2098 2604 2299 2657 dictum
2352 2602 2523 2668 illud,
2577 2603 2731 2671 cujus
2779 2619 2997 2658 sensum
3047 2619 3376 2674 cognoscere
3411 2603 3671 2658 voluisti:

2104 2693 2369 2765 sOperuit
2420 2695 2588 2749 caelos
2622 2696 2792 2749 virtus
2821 2697 2956 2765 ejus.
2984 2715 3002 2748 ι
3066 2695 3274 2750 Iudicat
3312 2698 3455 2749 enim
3480 2734 3497 2759 ,
3529 2694 3674 2763 quod

2097 2789 2243 2842 omni
2279 2787 2523 2858 angelica
2576 2788 2926 2843 multitudine
2960 2797 3015 2843 et
3046 2790 3249 2843 sanctis
3284 2788 3392 2842 illis
3417 2786 3677 2842 exerciti-

2099 2878 2200 2934 bus
2243 2879 2415 2950 major
2459 2879 2529 2933 sit
2586 2879 2726 2933 ratio
2779 2889 2943 2948 atque
2994 2879 3170 2933 oratio
3216 2893 3335 2947 qua:
3379 2876 3449 2931 de
3493 2875 3677 2929 divina

2100 2971 2333 3025 essentia
2375 2969 2693 3024 instituitur.

2453 3080 2659 3136 CCXII.
2699 3109 2771 3121 —
2812 3078 3323 3135 VARSENUPHIO.

2351 3168 2416 3223 In
2451 3170 2583 3223 illud
2603 3211 2618 3234 ,
2658 3170 2885 3224 «Discite
2917 3170 3106 3223 bonum
3135 3168 3306 3238 facere
3328 3168 3428 3222 δ’.»

2177 3282 2443 3348 Quoniam
2517 3282 2667 3336 multi
2719 3298 2786 3337 ex
2850 3282 2916 3337 iis
2973 3283 3063 3350 qui
3133 3282 3452 3350 prrccipinnt
3509 3278 3678 3353 (aliis)

2108 3376 2339 3427 maxima
2376 3387 2602 3441 quaeque
2633 3387 2796 3441 opera
2827 3411 2843 3437 ,
2890 3373 2957 3427 ad
2991 3388 3162 3441 eaque
3214 3372 3553 3439 suscipienda
3585 3384 3682 3426 eos

2109 3462 2490 3525 exhortantur,
2546 3460 2645 3530 ipsi
2705 3477 2771 3517 ne
2800 3463 2993 3534 exigua
3024 3462 3241 3530 quidem
3294 3460 3477 3514 facere
3511 3462 3680 3516 susti-

2111 3558 2257 3615 nent,
2305 3552 2399 3605 sed
2435 3553 2615 3607 verbis
2650 3561 2854 3605 tantum
2888 3552 3357 3620 pliilosOphantes,
3390 3549 3552 3604 factis
3581 3564 3681 3618 op-

2109 3643 2384 3712 probrium
2417 3642 2644 3699 debent:
2678 3643 2880 3697 idcirco
2913 3643 3114 3697 dictum
3148 3649 3233 3697 est
3264 3648 3318 3710 (a
3352 3639 3675 3708 propheta):

2115 3749 2134 3784 ι
2159 3730 2355 3787 Discite
2385 3733 2581 3785 bonum
2612 3731 2811 3787 facere.
2840 3750 2858 3784 ι
2903 3732 3130 3800 Oportet
3164 3731 3330 3801 igitur
3361 3731 3522 3783 vitam
3561 3727 3677 3796 pari

417 3837 585 3893 passu
627 3836 749 3876 eum
782 3837 1033 3881 sermone
1066 3825 1431 3881 ambulantem
1469 3826 1669 3881 habere
1710 3839 1864 3892 eum,
1903 3823 1995 3894 qui
2031 3838 2141 3880 non
2199 3825 2330 3880 velit
2379 3835 2433 3881 et
2466 3825 2662 3895 probra
2727 3827 3018 3890 sustinere,
3052 3834 3107 3878 et
3139 3822 3459 3894 supplicium
3496 3822 3680 3877 subire

418 3913 834 3983 sempiternum.

671 4026 811 4083 ΣῙΓ.
835 4056 904 4068 -
933 4028 1124 4103 ΘΩΜᾼ
1154 4031 1556 4086 MONAZONTI
1580 4031 1715 4105 (65).

433 4134 730 4222 Ἰεζεκιῄλ.
773 4141 989 4222 Τί-ἐοςτι
1022 4142 1088 4195 τὸ
1108 4140 1514 4222 γεγραμμένον
1533 4160 1570 4222 '_
1600 4161 1619 4196 ι
1661 4146 1738 4222 Τᾲ
1763 4144 2000 4222 δίκαιρτ

488 4211 656 4275 ματὰ
674 4211 1141 4287 μουιάπώσᾳντο
1164 4211 1318 4267 ίκαὶ
1354 4213 1424 4265 ὲν
1472 4212 1598 4280 τοῖς
1643 4216 1852 4285 νόμοις
1885 4216 1998 4287 (66)

485 4294 609 4347 μου
649 4282 764 4333 οὐκ
791 4279 1225 4349 ἐπορεύθησαν.
1261 4300 1281 4335 ι

2368 4030 2599 4087 CCXIII.
2636 4059 2709 4071 -—
2751 4028 3016 4084 TIIOM/E
3054 4028 3415 4085 MONACIIO.

2101 4145 2365 4201 Ezechiel.
2426 4144 2564 4211 Quid
2594 4146 2696 4200 sibi
2724 4144 2846 4217 velit
2882 4145 3021 4213 quod
3051 4144 3301 4217 scriptum
3323 4151 3397 4194 est
3423 4155 3442 4193 :
3482 4139 3680 4217 dasti-

2160 4217 2431 4284 ﬁcau‘ones
2458 4232 2598 4269 meas
2641 4216 2985 4284 repulerunt:
3011 4223 3060 4267 et
3084 4215 3138 4266 in
3171 4221 3389 4266 statum
3422 4215 3549 4263 meis
3576 4225 3680 4263 non

2170 4287 2509 4339 ambularunt
2538 4284 2606 4337 ⁸⁸.
2627 4302 2647 4336 ι

511 4385 731 4461 Ἐπειδὴ
762 4388 932 4463 ἔφης,
961 4390 1029 4445 δι’
1059 4393 1125 4463 ἢν
1167 4394 1350 4448 αἰτίαν
1380 4389 1535 4448 εἶπεν
1572 4396 1600 4449 ὁ
1627 4393 1757 4459 Θεὸς
1781 4393 1873 4449 διὰ
1898 4392 1995 4450 τοῦ

2170 4392 2434 4460 Quoniam
2470 4407 2539 4448 ex
2579 4406 2666 4447 me
2713 4390 3009 4461 qtttesivisti
3037 4433 3053 4460 ,
3086 4405 3187 4445 cur
3215 4388 3360 4443 Deus
3404 4401 3498 4455 per
3530 4383 3673 4439 Eze-

435 4478 724 4553 Ἰεζεκιήλ·
777 4498 797 4532 s
859 4481 942 4535 Τὰ
985 4482 1334 4555 δικαιώματά
1379 4502 1483 4557 μου
1527 4483 1816 4541 ἀπώσαντο
1840 4503 1855 4520 ο
1906 4486 2004 4541 καὶ

422 4571 487 4625 ὲν
518 4572 635 4635 τοῖς
674 4571 930 4644 νομίμοις
964 4590 1067 4645 μου
1108 4575 1209 4630 οὐκ
1258 4574 1636 4649 ἐπορεύθησαν
1659 4615 1676 4643 ,
1733 4593 1752 4628 ι
1808 4577 1999 4631 συντό-

2107 4486 2335 4541 chieletn
2363 4485 2560 4540 dixerit
2590 4502 2604 4539 :
2646 4502 2666 4536 ι
2696 4482 3124 4538 Justificationes
3153 4495 3302 4535 meas
3337 4476 3674 4545 repulerunt,

2107 4585 2163 4633 et
2191 4577 2247 4631 in
2277 4577 2496 4632 statutis
2525 4576 2664 4631 meis
2705 4590 2813 4630 non
2841 4573 3184 4630 ambularqu
3204 4615 3221 4638 ,
3250 4587 3272 4624 ι
3294 4567 3677 4638 compendiosa

493 4747 543 4783 "
567 4745 772 4807 Babae.
798 4764 884 4821 tu,
915 4751 971 4808 5.
1046 4752 1092 4786 ⁸³
1118 4750 1280 4809 Prov.
1318 4768 1449 4821 xxv,
1470 4753 1526 4808 2.
1603 4751 1650 4785 δ’
1673 4751 1849 4831 lsa._r,
1881 4752 1971 4819 l7,

2125 4747 2325 4808 Ezech.
2355 4762 2411 4816 ν,
2436 4749 2489 4803 6.

1537 4862 1772 4963 νΑιιιιΕ
1804 4902 2191 4962 LECTIONES
2221 4901 2312 4958 ar
2343 4898 2581 4957 nom.

421 5057 804 5186 p0(85861)‘.Inter
848 5060 996 5117 ἔστιν
1042 5070 1096 5118 et
1123 5062 1261 5131 ὅπερ
1307 5064 1426 5118 cod.
1468 5059 1593 5118 Vat.
1645 5060 1836 5118 inserit
1868 5061 1996 5134 ἄρα.

501 5199 800 5272 (59)_Ye_rs.
841 5210 960 5272 post
989 5201 1045 5267 5,
1067 5200 1209 5272 inter
1228 5195 1369 5254 εἶναι
1408 5208 1465 5272 et
1489 5200 1826 5272 οἰκονομικὸς
1860 5202 2002 5272 inse-

425 5263 523 5324 rit'
552 5263 856 5341 πολλάκις(
891 5263 1046 5325 Vers.
1106 5270 1200 5324 ult.
1248 5280 1373 5324 ante
1420 5263 1688 5341 ὡρίσαντό
1741 5263 1877 5326 tollit
1921 5263 2002 5323 εῖ-

424 5356 541 5393 ναι.
571 5337 781 5394 Possis.
1473 5337 1484 5341 ⁷

506 5407 617 5478 (60)
650 5406 932 5478 ῌολλοῐς.
972 5405 1035 5462 F.
1067 5408 1350 5478 πολλάκις.
1380 5407 1546 5465 Rm.

501 5476 620 5616 ἒϐη
654 5476 761 5533 Pro
786 5476 910 5548 εχον
936 5478 1057 5532 cod.
1096 5476 1211 5533 Vat.
1239 5479 1345 5533 650
1385 5478 1572 5534 scribit
1594 5476 1760 5547 ἔχειν.
1795 5476 2001 5535 Possm.

525 5547 617 5616 62)
639 5547 1061 5616 Παραχωρείτω
1082 5544 1153 5601 δὲ
1175 5545 1312 5615 πᾶς.
1341 5550 1480 5603 Ante
1508 5546 1616 5609 πᾶς
1644 5548 1877 5603 addend.
1922 5550 2001 5603 vi-

525 5547 617 5618 62)
639 5544 1061 5618 Παραξωρείτω
1082 5544 1153 5601 δὲ
1175 5545 1312 5615 πᾶς.
1341 5550 1480 5603 Ante
1508 5544 1877 5609 ndg'addend.
1922 5550 2004 5603 vi-

428 5616 727 5673 detur‘xat.
751 5616 918 5672 Rt'r'r.

505 5683 621 5758 (63)
649 5684 953 5743 Notandum
987 5701 1051 5745 cx
1081 5685 1183 5748 hac
1210 5686 1458 5757 epistola,
1490 5686 1725 5745 divinam
1754 5696 1999 5745 naturam

2109 5058 2467 5132 homininon
2505 5053 3022 5132 essescrutandam,
3070 5052 3165 5132 sed
3209 5052 3681 5132 atlorattd_am_,mttt

2107 5143 2231 5198 qua
2258 5129 2433 5191 etiam
2473 5127 2681 5198 angelis
2718 5135 2773 5182 et
2805 5122 3147 5193 arcbangelis
3184 5124 3257 5179 sit
3300 5120 3678 5179 formidabilis.

2335 5266 2541 5323 Alludit
2574 5228 3047 5341 ad_evangelicam
3086 5218 3507 5341 parmmiamss
3546 5259 3683 5314 Aliis

2112 5331 2290 5419 ligant
2311 5352 2504 5419 onera_
2524 5335 2729 5405 gravia,
2762 5331 2957 5409 at‘ipsi
3002 5353 3066 5395 ea
3089 5331 3329 5393 "minimo
3372 5331 3538 5400 digito
3573 5344 3679 5383 non

2113 5407 2407 5476 attingunt.
2430 5424 2450 5456 ι
2488 5407 2568 5460 In.
2877 5407 2887 5409 ’

2183 5477 2298 5546 (65)
2328 5473 2611 5546 Inscriptio
2633 5478 2791 5546 (nulla
2819 5486 2940 5532 erat
2967 5478 3017 5532 in
3047 5475 3177 5533 edit.
3214 5469 3388 5529 Paris.
3414 5488 3430 5535 ;
3464 5464 3685 5535 supple-

2109 5544 2285 5616 tur‘ex'
2309 5544 2494 5616 codice
2524 5544 2802 5616 Vaticano.
2831 5547 2991 5616 Eutr.
3212 5612 3223 5616 Α
3515 5605 3526 5616 _

2107 5615 2285 5739 “(δ⁶)
2339 5615 2434 5669 ἐν
2476 5614 2599 5681 τοῖς
2639 5616 2864 5684 νόμοις.
2913 5615 3042 5686 Leg.
3101 5612 3371 5683 νομίμοις,
3414 5617 3470 5663 ut
3515 5604 3705 5659 infraw

2159 5702 2272 5742 ιττ.
