4078 6378
283 378 425 446 i313

1167 385 1704 448 EPISTOLARUM
1743 387 1888 448 LIB.
1927 388 2024 449 IV.
2067 413 2131 422 -··
2171 390 2408 452 EPIST.
2447 392 2660 454 CCXX.

3415 393 3550 462 13H

286 493 473 546 Ἔστω
493 489 624 562 γὰρ,
658 491 860 554 ἐκεῖνος
879 487 1118 544 τοιοῦτόν
1147 506 1198 544 τι
1219 491 1456 564 ἔφρασε·
1485 491 1550 547 σὺ
1576 492 1645 546 δι’
1687 494 1756 565 ἢν
1783 495 1866 548 αι-

1980 505 2162 551 cutum
2181 511 2304 552 esse
2335 497 2674 568 Apostolum,
2705 499 2975 568 quomodo
3011 508 3064 556 tu
3099 500 3320 574 accipis.
3347 503 3550 563 Tamen

294 585 407 637 ιίαν
432 581 505 635 τά
525 581 667 636 κατά
692 581 887 636 σαυτὸν
908 581 1111 652 (89-90)
1133 582 1365 652 ἀγνοῶν,
1395 583 1492 638 καὶ
1523 583 1657 656 μηδὲ
1673 583 1870 638 σαυτοῦ

285 673 454 745 ἄρξαι
511 672 784 742 δυνηθεὶς,
843 673 976 745 ἐρᾷς
1020 673 1278 743 τοιαύτης
1327 675 1526 746 ἀρχῆς,
1599 675 1722 746 ἥτις
1775 676 1871 732 καὶ

282 765 568 836 βαιτιλείας
606 765 755 818 ἐστὶν
777 765 840 818 ού
875 765 1038 836 μόνον
1066 764 1398 836 ὑψηλοτέρα,
1433 767 1574 820 ἀλλὰ
1601 767 1698 821 καὶ
1737 769 1862 821 ἐπι-

279 855 608 926 πονωτέρα;
659 855 764 907 Καὶ
819 855 896 925 μὴ
929 854 1174 925 νομίζεις
1219 854 1516 910 ἀνεύθυνον
1548 851 1690 910 εἶναι
1722 855 1843 924 ἐξου

281 946 430 1008 σίαν,
459 945 575 998 ἀλλ’
601 944 698 1016 οὐχ
734 944 1036 999 ὑπεύθυνον
1063 945 1448 1018 λειτουργίανς
1501 946 1643 1001 Ἀλλ’
1690 949 1739 1001 εί
1775 948 1870 1002 καὶ

281 1035 448 1099 αὐτὸς
481 1035 662 1106 πάσης
713 1035 973 1088 ἐπέκεινα
1015 1034 1212 1105 μανίας
1250 1037 1473 1106 χωρεῖς.
1545 1035 1684 1090 ἀλλά
1711 1036 1869 1106 κάγὼ

285 1124 566 1198 ιζιανοίμην
615 1127 702 1191 ἂν,
742 1127 791 1180 εί
840 1127 1133 1198 φαινοίμην
1183 1127 1258 1200 μή
1306 1128 1419 1198 (91)
1450 1145 1546 1183 σου
1597 1129 1658 1183 τὸ
1699 1130 1870 1195 πάθος

283 1217 624 1290 θεραπεῦσαι
654 1217 1014 1288 πειρώμενος.
1054 1219 1210 1290 Ἐμοὶ
1237 1221 1372 1293 γὰρ,
1401 1219 1447 1274 ὦ
1483 1221 1742 1293 μακάριε,
1775 1223 1868 1277 καὶ

278 1310 366 1374 τὺ,
406 1329 426 1362 ι
465 1309 531 1363 Εἴ
554 1327 659 1374 τις,
708 1328 728 1360 ι
762 1310 994 1380 φοϐερόν
1024 1312 1159 1375 ἐστι,
1187 1316 1281 1364 καὶ
1327 1313 1394 1364 ἐκ
1440 1312 1658 1383 βάθρων
1695 1313 1867 1384 αὐτὴν

279 1404 568 1458 κατασείει
594 1403 692 1475 τὴν
717 1402 928 1474 ψυχήν.
972 1403 1078 1457 Τοῦ
1107 1404 1218 1476 γὰρ
1267 1405 1533 1475 μεγέθους
1563 1405 1661 1474 τῆς
1693 1405 1867 1476 ἀρχῆς

277 1496 436 1547 ἐστιν
483 1493 838 1546 ἐνδεικτικόν.
887 1491 951 1546 Ei
989 1492 1045 1546 δὲ
1080 1493 1268 1563 φαίης,
1297 1493 1450 1560 πῶς;
1499 1495 1712 1565 εἴποιμι
1760 1494 1860 1562 ἂν,

276 1585 366 1637 ὃτι
403 1584 504 1638 οὐκ
537 1583 807 1655 ἐθάρσησε
855 1583 1176 1653 προστάξαι,
1229 1583 1342 1637 ἀλλ’
1371 1583 1481 1637 οὐδ’
1526 1584 1585 1636 ού
1633 1584 1866 1656 προτρέ-

275 1674 406 1742 ψαι,
447 1673 570 1728 οὐδὲ
619 1672 1058 1744 συμϐουλεῦσαι⁹
1107 1672 1229 1726 ούδέ
1273 1673 1383 1744 γάρ
1430 1669 1729 1736 εἶπεοῐιᾶς
1781 1690 1867 1736 τις

278 1767 598 1836 ἐπισκοπῆς
627 1765 906 1836 ὀρεγέσθω
932 1781 945 1796 ·
993 1764 1174 1829 καλῶς
1202 1769 1366 1820 ποιεῖ.
1448 1767 1496 1820 ﬂ
1525 1766 1636 1836 γὰρ
1669 1766 1740 1820 ἂν
1777 1767 1866 1819 τὸν

1952 590 2261 641 concedam
2306 588 2377 642 ita
2420 604 2575 654 esse,
2613 590 2774 660 idque
2822 600 3088 646 evertam.
3130 592 3216 647 Sit
3259 593 3407 648 enim
3441 596 3548 661 ita;

1969 675 2168 732 dixerit
2216 677 2308 732 ille
2349 678 2613 746 ejusmodi
2660 680 2868 751 aliquid
2916 681 3048 737 :Tu
3098 699 3229 739 vero
3271 699 3430 754 quam
3479 687 3550 741 ob

1967 781 2188 824 causam
2225 770 2486 840 ignorans
2530 781 2650 829 tuas
2679 774 2847 837 vires,
2891 785 2947 829 et
2973 789 3038 829 ne
3065 776 3300 844 teipsum
3331 777 3548 844 quidem

1969 875 2156 931 regere
2179 861 2382 925 valens,
2418 865 2579 918 talem
2607 865 2828 919 adamas
2848 865 3233 935 principatum,
3265 868 3356 937 qui
3385 883 3552 939 regno

1969 966 2180 1020 quoque
2213 953 2330 1022 ipso
2357 969 2462 1008 non
2491 954 2662 1009 solum
2695 964 2779 1010 est
2804 955 3109 1022 sublimior,
3146 960 3242 1013 sed
3280 959 3440 1013 etiam
3469 958 3549 1011 la-

1967 1043 2273 1098 boriosior?
2302 1044 2366 1098 Et
2399 1059 2573 1112 quare
2601 1047 2885 1102 existimas
2910 1057 3233 1116 potestatem
3261 1051 3398 1104 banc
3426 1065 3550 1105 esse

1967 1133 2278 1188 rationibus
2313 1132 2473 1188 nullis
2504 1135 2791 1190 reddendis
2820 1137 3130 1202 obnoxiam,
3153 1151 3215 1192 ac
3239 1155 3342 1194 non
3372 1141 3554 1209 potius

1967 1222 2268 1277 rationibus
2306 1224 2598 1279 obnoxiam
2657 1225 2946 1281 ministerii
2997 1227 3112 1281 sive
3145 1231 3386 1284 muneris
3421 1231 3544 1284 ltiti-

1967 1313 2246 1368 ctionetn?
2275 1313 2380 1369 Sed
2421 1315 2670 1384 quamvis
2705 1327 2758 1369 tu
2807 1331 3022 1371 Omnem
3057 1321 3408 1374 transcendas
3447 1336 3547 1372 att-

1969 1404 2135 1458 dacia:
2167 1404 2430 1471 furorem,
2455 1419 2554 1475 ego
2589 1421 2806 1476 quoque
2835 1407 3154 1470 insanirem.
3191 1409 3236 1464 si
3283 1425 3386 1462 non
3423 1426 3545 1463 eum

1971 1509 2058 1546 me
2085 1495 2454 1562 ostenderem,
2504 1496 2596 1563 qui
2649 1505 2797 1550 tuum
2834 1498 3034 1551 malum
3076 1513 3271 1552 curare
3301 1510 3548 1554 conetur.

1969 1582 2093 1636 Milli
2146 1585 2313 1648 enim,
2345 1599 2378 1640 0
2420 1585 2594 1652 beate,
2639 1596 2694 1641 et
2731 1587 3020 1641 admodum
3079 1599 3163 1642 est
3209 1588 3551 1644 formidabile

1969 1673 2100 1728 illud
2132 1675 2334 1729 dictum
2359 1693 2374 1730 :
2396 1695 2415 1725 ι
2437 1675 2492 1731 Si
2512 1680 2633 1747 quis
2659 1681 3027 1748 episcopatum
3058 1681 3383 1743 desiderat,»
3408 1693 3546 1746 ιιιςι,

1967 1775 2022 1820 et
2062 1766 2306 1822 funditus
2336 1769 2506 1837 ipsam
2538 1771 2780 1825 concutit
2822 1772 3081 1825 animam.
3117 1771 3540 1841 Magnitudinem

280 1858 380 1912 σὺν
407 1859 535 1930 περὶ
568 1858 628 1910 τὸ
671 1859 902 1928 πρᾶγμα
948 1858 1126 1928 ἐρωτα
1169 1859 1301 1921 ἴσως
1326 1857 1460 1928 (92),
1494 1859 1638 1922 τινὲς
1675 1857 1866 1912 ἀπεδέ-

1974 1872 2209 1924 namque
2257 1859 2417 1928 hujus
2459 1861 2596 1914 sacri
2661 1863 2995 1930 principatus
3045 1862 3264 1916 indicat.
3300 1865 3452 1929 Quod
3499 1863 3548 1917 si

278 1948 482 2012 ξαντοσ
521 1946 639 2001 ἀλλ’
688 1947 1003 2016 ἀναρτήσας
1065 1945 1238 2015 μέσην
1274 1945 1371 2015 τὴν
1411 1945 1511 2014 τῆς
1561 1943 1865 2016 ἱερωσύνης

276 2038 604 2109 ἐπιθυμίαν,
623 2035 746 2092 οῦτε
775 2037 1038 2107 παρορμᾷ
1060 2037 1147 2087 ἐπ’
1177 2035 1346 2106 αὐτὴν
1371 2035 1508 2107 (95),
1531 2034 1616 2088 ἵνα
1645 2034 1720 2106 μὴ
1740 2035 1868 2098 τοὺς

272 2129 536 2194 ἀναξίους
562 2127 823 2199 ἐπεγείρῃ
860 2127 1148 2196 πράγματι
1191 2125 1479 2196 ἀμηχάνῳ,
1534 2127 1630 2178 καὶ
1685 2126 1867 2180 πᾶσαν

273 2221 672 2294 ὑπερϐαίνοντι
713 2219 988 2274 πολιτείαν
1015 2235 1075 2272 τε
1106 2218 1200 2272 καὶ
1225 2219 1412 2283 ἀξίαν·
1443 2217 1554 2272 οὔτ’
1581 2217 1860 2291 ἀπείργει,

273 2313 370 2366 τνα
397 2313 475 2383 μὴ
504 2311 740 2380 φευκτὸν
765 2311 1084 2380 καταστήσῃ
1117 2309 1178 2362 τὸ
1209 2309 1388 2380 πάσης
1435 2308 1710 2379 βασιλείας
1746 2311 1866 2380 μεῖ-

271 2402 405 2466 ζον⁸
441 2401 578 2455 ἀλλὰ
605 2401 883 2472 μετέωρον
908 2401 1010 2471 τὴν
1034 2398 1357 2468 παραίνεσιν
1387 2401 1567 2470 ἀφεὶς,
1595 2400 1692 2454 καὶ
1732 2401 1863 2454 ἐκα-

272 2511 408 2547 στον
445 2492 546 2564 τῆς
579 2493 772 2547 ἐαυτοῦ
811 2491 1048 2555 διανοίας
1079 2489 1271 2562 κριτὴν
1291 2492 1663 2563 καταστήσας,
1697 2491 1860 2556 αὐτὸς

267 2584 404 2640 οὔτε
460 2586 768 2656 ἐπιθυμεῖν,
808 2581 932 2637 οῦτε
955 2581 1178 2652 φεύγειν
1201 2584 1545 2653 προστάττει,
1581 2585 1866 2655 μονονουχὶ

270 2679 444 2750 βοῶν,
461 2678 557 2732 καὶ
583 2675 902 2746 ὀφθαλμοῖς,
929 2675 1024 2728 κα).
1052 2671 1270 2744 ὀφρῦσι,
1296 2677 1388 2730 καὶ
1413 2675 1574 2728 παντὶ
1595 2674 1672 2746 τῷ
1699 2693 1867 2746 προσ-

267 2771 445 2840 ώπῳ,
511 2769 677 2838 φόϐου
743 2768 945 2838 κέντρα
1002 2771 1113 2832 τοῖς
1152 2771 1439 2824 ἀκούουσιν
1482 2767 1664 2830 ἐνιείς·
1724 2766 1865 2837 Ἐγὼ

269 2859 382 2932 μὲν
414 2859 647 2929 πρᾶγμα
677 2857 777 2926 τῆς
808 2857 960 2922 θείας
983 2859 1292 2928 ἠρτημένον
1325 2859 1508 2928 ψήφου
1535 2873 1596 2910 τε
1625 2857 1723 2910 καὶ
1745 2875 1862 2928 χει-

275 2951 554 3023 ροτονίας,
627 2949 934 3021 ἀνθρώπων
1001 2949 1320 3021 ἐπιθυμίαις
1385 2950 1486 3003 οὐκ
1561 2949 1863 3021 ἐκδίδωμι⁶

267 3042 532 3114 παραινῶ
559 3040 616 3094 δὲ
648 3041 741 3094 καὶ
767 3039 1234 3112 διαμαρτύρομαι,
1268 3041 1348 3094 ὅτι
1383 3042 1411 3094 ό
1441 3039 1634 3093 τούτου
1660 3040 1856 3094 ἐπιθυ-

269 3131 420 3201 μῶν,
445 3130 576 3185 ίστω
611 3131 686 3200 μὴ
715 3130 824 3184 τῶν
879 3129 1149 3200 τυχόντων
1167 3129 1326 3202 ἐρῶν.
1363 3130 1713 3202 Λειτουργίας
1734 3130 1863 3202 γὰρ,

265 3199 380 3278 οὐκ
406 3199 644 3286 ἀνέσεώς
675 3199 790 3276 ἐστι
818 3223 878 3275 τὸ
1020 3199 1327 3292 ἐπισκοπῆς
1346 3220 1518 3292 δνομα
1540 3199 1857 3292 δηλωτικόν.
1891 3199 1934 3258 c

266 3316 341 3368 Εἰ
366 3315 424 3368 δὲ
475 3316 747 3377 ἀπιστεῖς,
789 3312 858 3367 τὰ
907 3313 1034 3383 ἑξῆς
1086 3314 1356 3382 ἀναγνοὺς
1398 3314 1586 3384 γνοίης
1626 3312 1736 3384 (94)
1771 3311 1861 3365 τὸν

267 3407 549 3478 ἡμέτερον
605 3405 754 3460 νοῦν.
786 3405 878 3457 Δεῖ
901 3404 1010 3476 γὰρ
1032 3405 1122 3458 τὸν
1149 3403 1446 3458 ἐπίσκοπον
1464 3405 1662 3463 πάσαις
1687 3403 1862 3474 κομᾷν

263 3498 400 3560 ταῖς
435 3497 660 3566 ἀρεταῖς
686 3513 700 3526 ο
730 3495 826 3549 καὶ
868 3495 966 3559 τὰς
1015 3493 1305 3566 ἀλλοτρίας
1339 3493 1670 3548 οἰκειοῦσθαι
1722 3509 1860 3563 συμ-

268 3589 476 3658 φοράς.
531 3589 605 3642 υύ
651 3589 762 3656 γὰρ
803 3586 1004 3658 ἐαυτῷ,
1039 3587 1177 3642 ἀλλά
1221 3589 1334 3650 τοῖς
1383 3585 1706 3658 ἀρχομένοις
1750 3583 1815 3655 ζῇ
1843 3603 1856 3616 ·

271 3680 376 3736 καὶ
411 3680 520 3733 ὑπὸ
571 3680 786 3750 μυρίων
831 3678 1128 3749 ὀφθαλμῶν
1162 3678 1256 3732 καὶ
1287 3678 1544 3748 γλωττῶν
1577 3679 1605 3732 ὁ
1648 3677 1858 3732 ἐκείνου

227 3838 244 3849 θ
271 3770 630 3844 βασανίζεται
671 3771 804 3842 βίος.

1968 1945 2174 1998 dixeris
2196 1964 2209 1999 :
2231 1945 2560 2012 Quomodo?
2592 1949 2947 2016 respondebo.
2975 1950 3109 2014 Quia
3133 1965 3235 2004 non
3265 1966 3427 2004 ausus
3461 1959 3548 2004 est

1970 2038 2303 2104 praecipere;
2335 2053 2400 2092 ac
2431 2053 2496 2092 ne
2525 2039 2741 2107 quidem
2777 2039 3077 2102 cohortari,
3107 2055 3280 2108 neque
3317 2041 3547 2092 suadere

1967 2125 2050 2192 (nt
2087 2125 2207 2192 quis
2233 2126 2608 2195 episcopatum
2665 2136 2928 2196 appetat).
2971 2127 3154 2195 Neque
3191 2128 3334 2180 enim
3361 2128 3493 2179 dixit
3525 2143 3542 2182 :

1967 2213 2351 2287 Unusquisque
2394 2219 2764 2288 episcopztttm
2825 2220 3116 2274 desideret.
3168 2198 3335 2274 liecte
3387 2220 3539 2274 facit.

1967 2307 2119 2366 Tunc
2149 2311 2292 2365 enim
2327 2309 2574 2364 fortassis
2622 2309 2790 2378 aliqui
2832 2313 3022 2365 eodem
3063 2326 3248 2364 amore
3293 2310 3408 2378 ejus
3443 2311 3544 2376 rei,

1967 2417 2073 2473 quo
2103 2414 2180 2471 tu,
2201 2401 2346 2470 capti
2377 2399 2624 2455 fuissent.
2653 2400 2758 2455 Sed
2788 2402 2841 2456 in
2884 2403 3060 2456 medio
3095 2403 3406 2472 relinquens
3431 2397 3548 2456 su's-

1965 2509 2210 2564 pensum,
2237 2493 2535 2551 sacerdotii
2567 2494 2892 2549 desiderium
2927 2509 3101 2564 neque
3137 2495 3358 2565 instigat
3395 2497 3460 2546 ad
3493 2495 3545 2548 id

1969 2600 2318 2656 quemquam,
2371 2601 2438 2638 ne
2491 2587 2736 2655 indignos
2779 2589 2980 2641 excitet
3033 2587 3098 2640 ad
3145 2589 3536 2653 capessendam

1966 2691 2079 2730 rem
2130 2676 2530 2744 perdifﬁcilem,
2569 2693 2795 2747 quaeque
2843 2693 3058 2732 omnem
3093 2689 3308 2746 superat
3373 2682 3548 2746 reipu-

1966 2766 2118 2822 blicae
2164 2768 2689 2824 administrationem
2730 2783 2796 2822 ac
2834 2769 3152 2838 dignitatem
3197 2783 3212 2822 :
3259 2784 3434 2835 neque
3479 2769 3553 2823 ab

1967 2873 2031 2911 co
2065 2867 2218 2912 arcet
2249 2874 2598 2928 quemquam.
2631 2875 2698 2911 ne
2736 2859 2787 2912 id
2819 2859 2959 2928 quod
2987 2859 3132 2912 omni
3176 2875 3343 2926 regno
3375 2859 3550 2930 majus

1968 2956 2073 3010 est,
2117 2945 2430 3016 fugiendum
2463 2963 2583 3002 eSse
2609 2957 2892 3017 proponat.
2926 2941 3124 3002 Verum
3166 2949 3217 3000 in
3261 2963 3546 3016 suspenso,

1969 3049 2026 3094 ut
2052 3039 2188 3103 dixi,
2223 3039 2539 3108 relinquens
2585 3039 3055 3101 exhortationem,
3093 3048 3147 3092 et
3191 3054 3550 3108 unumquem-

1968 3146 2077 3203 que
2119 3132 2202 3188 sui
2255 3131 2454 3202 ingenii
2510 3131 2894 3185 aestimatorem
2950 3145 3014 3183 ac
3060 3129 3300 3200 jttdicetn
3349 3130 3554 3186 conslio

1971 3235 2146 3289 tuens,
2175 3224 2289 3292 ipse
2343 3238 2520 3290 neque
2549 3233 2804 3292 expetere
2843 3236 3018 3290 neque
3067 3221 3256 3288 fugere
3287 3223 3548 3292 prtecipit,

1971 3327 2176 3372 tantum
2215 3331 2322 3370 non
2370 3315 2634 3376 clamans,
2677 3325 2732 3367 et
2772 3315 2964 3381 oculis,
3007 3323 3062 3366 et
3109 3314 3448 3382 superciliis,
3495 3323 3550 3368 et

1969 3417 2082 3462 toto
2115 3407 2260 3461 vultu
2303 3407 2392 3477 (ad
2423 3409 2745 3474 gravitatem
2771 3405 3096 3475 composito)
3129 3407 3340 3460 timoris
3381 3405 3552 3477 (Salti-

1969 3498 2125 3570 taris)
2157 3497 2407 3571 stimulos
2454 3497 2786 3550 audientium
2842 3495 3040 3550 animis
3073 3496 3342 3564 injiciens.
3382 3496 3549 3566 Equi-

1967 3590 2086 3644 dem
2107 3604 2206 3659 ego
2242 3587 2442 3659 (inquit
2477 3585 2696 3659 Paulus)
2731 3602 2844 3642 rem
2874 3602 2903 3641 a
2944 3589 3129 3642 divino
3154 3587 3545 3656 dependentem

1965 3679 2174 3735 calculo
2207 3690 2370 3750 atque
2402 3678 2628 3734 arbitrio
2659 3679 2963 3746 electionis,
3011 3679 3293 3734 hominum
3343 3677 3551 3748 cupidi-

1968 3770 2170 3824 tatibus
2204 3785 2312 3825 non
2359 3785 2614 3839 expono:
2648 3785 2841 3825 moneo
2879 3780 3058 3824 autem
3091 3781 3254 3841 atque
3282 3771 3549 3835 obtestor,

273 3867 762 3935 quicunqttebanc
789 3881 903 3920 rem
953 3864 1180 3934 expetit,
1240 3864 1286 3918 is
1317 3863 1551 3932 noverit,
1619 3877 1678 3918 se
1741 3879 1854 3918 rem
1899 3864 2125 3920 minime
2171 3863 2448 3935 vulgarem
2501 3873 2594 3918 aut
2645 3864 2816 3921 levem
2865 3865 3198 3920 desiderare.
3262 3862 3547 3917 Ministerii

272 3963 451 4025 enim,
479 3974 799 4017 nouantem
846 3961 1186 4018 remissionis
1253 3975 1318 4014 ac
1397 3960 1620 4015 desidiae
1696 3959 2148 4031 signiﬁcationem
2205 3961 2370 4016 habet
2409 3961 2738 4030 episcopatus
2783 3961 2956 4030 ipsum
3003 3959 3349 4016 vocabulum.
3393 3955 3548 4024 Quod

274 4058 324 4110 si
363 4055 525 4110 (idem
552 4055 737 4126 (dictis
773 4055 942 4127 hisce)
977 4069 1082 4110 non
1124 4055 1314 4120 babes,
1347 4053 1631 4125 sequentia
1659 4053 1866 4124 legens,
1940 4063 2174 4112 mentem
2221 4065 2465 4113 nostram
2527 4057 2694 4126 probe
2739 4057 3070 4126 assequeris.
3119 4053 3348 4124 Oportet
3393 4052 3542 4108 enim

274 4151 600 4222 episcopum
653 4151 908 4206 omnibus
971 4159 1225 4204 ornatum
1279 4163 1402 4204 esse
1447 4149 1765 4216 virtutibus,
1817 4157 1871 4205 et
1936 4150 2146 4207 alienas
2207 4151 2548 4206 calamitates
2602 4151 2851 4222 proprias
2899 4165 2963 4206 ac
3019 4165 3146 4205 suas
3211 4149 3546 4204 existimare.

279 4243 406 4300 Non
433 4242 578 4298 enim
607 4241 707 4296 sibi
743 4239 866 4310 ipsi,
896 4240 990 4296 sed
1024 4238 1262 4296 subditis
1295 4239 1466 4295 vivit:
1494 4247 1550 4295 et
1586 4255 1615 4294 ιι
1641 4239 1916 4296 sexcentis
1938 4241 2111 4297 oculis
2142 4256 2209 4298 ac
2229 4241 2427 4313 linguis
2455 4241 2564 4296 vita
2597 4240 2716 4309 ejus
2753 4242 3118 4295 examinatur.

604 4357 732 4415 EK'.
762 4388 834 4402 -—
862 4357 1129 4429 ΙΣΙΔΩΡῼ
1161 4356 1542 4412 ΕΠΙΣΚΟΠΩ.

2077 4353 2432 4429 545-5ω
2451 4354 2656 4412 CCXX.
2689 4385 2760 4395 —
2785 4354 3062 4412 lSlDORO
3089 4351 3440 4410 EPISCOPO.

372 4475 592 4548 Ἐπειδὴ
636 4473 953 4544 γέγραφας,
1001 4471 1072 4526 δι’
1123 4471 1193 4542 ἢν
1241 4469 1422 4526 αίτίαν
1477 4469 1576 4524 οὐκ
1640 4463 1795 4521 εἶπεν
1839 4469 1866 4522 ὁ

2043 4465 2310 4532 Quoniam
2353 4482 2421 4521 ex
2467 4480 2553 4522 me
2596 4481 2694 4536 per
2745 4466 3032 4536 epistolam
3089 4465 3408 4534 qnmivisti,
3447 4479 3549 4521 cur

279 4568 504 4632 Παῦλος
554 4565 740 4628 ἀπλῶς
762 4581 776 4594 ⁸
829 4585 848 4616 ι
907 4562 1064 4618 Μετά
1099 4562 1315 4616 πάντων
1369 4560 1675 4634 ἀνθρώπων
1716 4560 1870 4630 είρη-

280 4661 492 4725 νεύετε,
523 4678 544 4710 ι
579 4656 715 4712 άλλά
739 4654 1080 4727 προσέθηκεν
1099 4669 1113 4682 ·
1152 4671 1170 4704 ι
1211 4653 1270 4706 Et
1297 4651 1540 4714 δυνατὸν,
1573 4668 1592 4696 ι
1614 4649 1874 4720 ἀντιγρά-

282 4769 376 4820 φω
393 4767 407 4782 ·
456 4747 674 4819 Ἐπειδή
705 4749 854 4802 ἐστιν
874 4746 1010 4799 ὅπου
1039 4744 1098 4797 ού
1125 4742 1371 4808 δυνατὸν,
1401 4743 1530 4797 ὅταν
1557 4741 1685 4812 περ).
1710 4740 1866 4792 εὐσε-

281 4841 443 4907 ϐείας
485 4841 516 4893 6
563 4839 720 4913 λόγος
745 4838 877 4911 (95),
911 4839 1039 4892 ὅταν
1091 4834 1222 4906 περὶ
1274 4833 1483 4888 δικαίου
1516 4833 1864 4906 πράγματος,

359 5001 409 5034 ι’
437 4997 600 5056 Rom.
637 5010 738 5063 ιιι,
773 4995 859 5050 18.

1970 4553 2169 4609 Paulus
2199 4570 2303 4609 non
2329 4555 2649 4624 simpliciter
2665 4555 2865 4609 dixerit
2895 4575 2910 4609 :
2954 4571 2974 4605 ι
3011 4553 3142 4608 Cum
3169 4554 3423 4608 omnibus
3447 4553 3547 4607 lto-

1976 4647 2213 4700 minibtts
2236 4661 2422 4716 pacem
2449 4647 2606 4701 colite
2623 4646 2708 4713 ";
2745 4663 2766 4698 ι
2810 4647 2902 4700 sed
2946 4645 3212 4700 addiderit
3240 4662 3253 4698 :
3289 4662 3309 4696 ι
3341 4642 3396 4698 Si
3430 4643 3549 4698 ﬁeri

1977 4747 2180 4808 potest,
2209 4754 2228 4788 ι
2269 4738 2508 4792 rescribo
2547 4737 2641 4792 tibi
2682 4753 2696 4790 :
2733 4737 2860 4806 quia
2893 4747 2978 4792 est
3013 4737 3102 4792 ubi
3127 4735 3242 4790 lieri
3277 4750 3383 4790 non
3423 4749 3550 4804 pos-

1975 4831 2068 4895 sit,
2107 4842 2322 4900 nempe,
2346 4827 2564 4899 quando
2580 4829 2796 4900 pietatis
2820 4828 3094 4898 negotium
3117 4828 3318 4900 agitur,
3335 4827 3552 4896 quando

1396 5123 1635 5182 VARUE
1667 5123 2054 5182 LECTIONES
2087 5123 2172 5180 ΕΤ
2206 5123 2436 5182 NOTAE.

367 5293 586 5365 (89-99;
621 5291 728 5348 Pro
767 5288 1150 5365 “vacuova
1201 5288 1327 5365 cod.
1355 5283 1476 5338 Vat.
1518 5282 1869 5365 scribit-ttae:

2058 5282 2168 5351 (94)
2209 5282 2286 5336 Τὰ
2300 5280 2454 5362 ἑξῆς
2479 5279 2799 5362 ἀιςατιρὺς,
2822 5280 3052 5350 γνοίης.
3069 5277 3298 5361 ,Νοιιιιιῃ
3326 5292 3390 5334 ex
3423 5293 3557 5362 con-

289 5349 508 5422 tau-rev.
540 5349 697 5435 vers.
730 5376 827 5433 pro
857 5361 951 5414 καὶ
997 5359 1073 5430 μὴ
1098 5374 1247 5428 νομ.,
1277 5356 1419 5411 idem
1453 5353 1625 5409 solum
1648 5353 1812 5407 habet
1843 5351 1866 5421 ἢ

1990 5349 2135 5406 textu
2156 5349 2218 5408 et
2245 5355 2389 5435 serie
2406 5349 2684 5435 orationis
2711 5349 2839 5404 sive
2855 5349 3189 5435 connexione
3213 5349 3551 5435 sequeittium

289 5454 418 5508 νομ.
443 5435 666 5508 Possm.

293 5595 662 5716 Pn(‘iiﬂl)ninter
698 5641 831 5716 ἴσως
866 5648 920 5694 et
948 5636 1095 5699 τινὲς
1131 5635 1533 5716 idem_in_llntiit.
1571 5632 1658 5688 ἀν.
1690 5631 1766 5716 In.

369 5688 484 5787 (ἕξ)
519 5688 667 5768 illi}.
695 5688 1097 5787 iiiﬁvf'nuugti
1131 5688 1208 5759 ii.’
1237 5707 1391 5787 αςδτῇ.
1435 5688 1584 5759 Vers.
1635 5711 1780 5772 post.
1819 5688 1887 5762 5;

293 5773 624 5859 παραίνεσιν
658 5773 834 5836 mutat
865 5780 918 5834 in
949 5776 1244 5846 ἀπόφασιν.
1276 5773 1347 5829 Ιυ.

365 5490 484 5628 illi:
518 5503 624 5558 Pro
669 5500 964 5572 φαινοίμην
1021 5497 1096 5570 μὴ
1139 5498 1280 5554 idem
1329 5492 1483 5566 ponit
1545 5492 1622 5564 μὴ
1671 5490 1875 5561 φαινοί·

365 5593 430 5628 ιν.
482 5590 539 5628 n.

341 5593 430 5645 ην.
463 5590 539 5645 In.

1985 5436 2106 5475 cum
2163 5421 2606 5476 antecedentibus
2672 5422 3318 5488 interprrtanduthesse
3379 5418 3552 5488 locum

1983 5491 2202 5544 dubittrn
2253 5499 2310 5545 et
2346 5503 2752 5546 controversum
2799 5485 2956 5544 Conf.
3003 5503 3090 5558 ep.
3121 5485 3191 5540 59
3223 5487 3382 5557 bujus
3408 5485 3552 5541 libri.

2213 5631 2360 5685 inter
2396 5629 2551 5699 λόγος
2583 5641 2638 5687 et
2667 5629 2794 5683 ὅταν
2843 5627 2964 5684 cod.
3002 5623 3173 5681 Vatic.
3214 5620 3321 5680 650
3369 5621 3557 5679 inserit

1981 5699 2037 5772 ᾗ.
2062 5699 2269 5755 Possm.
