4078 6376
545 377 679 443 1315

1777 377 1834 437 S.
1873 377 2163 438 ISIDORI
2200 373 2634 437 PELUSIOTzE

3672 367 3804 434 1316

538 495 606 545 de
636 486 848 556 iustitia
898 483 1126 554 alicujus
1156 482 1256 546 rei,
1297 479 1512 552 quando
1548 481 1614 535 de
1662 483 2044 549 temperantia,
2071 490 2123 534 et

2228 483 2356 535 ὅταν
2379 481 2506 554 περὶ
2543 474 2919 548 σωφροσύνης,
2958 477 3090 531 ὅταν
3114 478 3241 550 περὶ
3269 477 3458 532 πασῶν
3481 477 3667 541 ἁπλῶς
3699 480 3803 532 τῶν

539 581 781 635 breviter
809 578 1020 645 quoties
1057 577 1122 628 de
1173 575 1428 627 omnibus
1480 573 1791 626 virtutibus.
1825 570 1959 625 Nam
2015 587 2124 641 quo

539 681 702 739 pacto
734 672 852 737 pius
879 683 996 720 cum
1030 667 1195 734 impio
1238 679 1424 732 pacem
1465 663 1643 716 colet?
1677 663 1855 730 justus
1885 680 2005 717 cum
2043 665 2124 716 in-

541 766 720 834 justo;
751 771 839 812 aut
877 770 1188 826 temperans
1232 773 1352 809 cum
1400 756 1727 809 libidinoso?
1755 757 1843 824 qui
1889 769 2127 824 sa-penu-

543 871 692 910 mero
725 872 826 906 non
856 857 1028 906 solum
1057 853 1310 915 aliorum,
1337 853 1427 904 sed
1458 853 1619 905 etiam
1648 867 1799 902 suam
1833 850 2000 917 ipsius
2019 850 2127 902 for-

543 962 684 1000 mam
712 959 1061 1012 corrumpere
1096 947 1242 995 velit.
1271 942 1423 1008 Quod
1461 945 1503 993 si
1528 943 1607 993 Ine
1635 940 1731 992 libi
1766 955 1896 993 mea:
1921 949 2122 992 tantum

544 1025 994 1094 ratiocinationes
1037 1052 1157 1089 esse
1200 1038 1471 1096 videntur,
1509 1036 1680 1102 ipsum
1720 1031 1850 1084 milii
1900 1029 2124 1084 Paulum

540 1134 684 1194 Viue,
706 1148 771 1182 an
799 1148 919 1184 Cum
947 1131 1197 1180 munibus
1222 1144 1402 1195 paceni
1441 1127 1684 1179 coluerit.
1725 1123 1780 1176 Si
1810 1139 1936 1175 vero
1961 1123 2124 1176 etiam

541 1227 704 1279 altius
744 1224 992 1278 oratione
1033 1236 1322 1288 assurgere
1355 1220 1550 1284 placet,
1594 1218 1713 1269 vide
1741 1215 2019 1280 Christum
2057 1229 2124 1266 an

543 1337 663 1372 cum
697 1319 947 1370 omnibus
996 1315 1302 1368 concor-dii?
1347 1313 1523 1366 lmdus
1572 1314 1784 1364 fecerit.
1823 1309 1878 1362 In
1915 1319 2124 1362 tantum

544 1411 712 1480 igitur
747 1413 986 1460 luroretn
1043 1408 1145 1458 acti
1188 1417 1311 1457 sunt
1355 1402 1660 1456 Juda-oruln
1717 1403 2012 1470 principes,
2069 1407 2127 1451 ιιι

545 1502 694 1552 cruci
737 1513 950 1566 quoque
978 1499 1148 1562 ipsum
1179 1496 1471 1547 :il'ﬁxerint.
1499 1494 1635 1558 Quid
1664 1504 1742 1547 est
1793 1493 1955 1560 igitur
1985 1489 2126 1557 quod

545 1593 621 1644 ait
651 1610 663 1644 :
702 1609 721 1642 ι
761 1592 815 1641 Si
845 1591 957 1640 lieri
988 1585 1196 1656 potest?
1223 1606 1240 1636 ι
1277 1587 1385 1638 Hoc
1413 1587 1522 1636 \nIt
1545 1587 1723 1637 dicere
1756 1601 1770 1638 :
1799 1583 1876 1635 Tu
1908 1582 2125 1650 quidem

546 1681 746 1733 nemini
787 1679 1082 1745 pra-bueris
1123 1693 1309 1728 ansam
1344 1676 1677 1737 inimiciiaz;
1716 1689 1844 1726 cave
1889 1686 2124 1739 quoque,

544 1789 614 1826 ne
642 1789 798 1838 quem
824 1771 945 1837 jure
976 1780 1029 1821 et
1053 1768 1404 1835 probabiliter
1444 1766 1645 1818 habeas
1674 1765 1955 1816 inimicum
1995 1780 2010 1815 :
2043 1762 2124 1815 sin

2225 574 2455 644 ἀρετῶν.
2493 573 2554 626 '0
2591 572 2690 641 μὲν
2715 570 2826 640 γὰρ
2871 570 3104 642 εὐσεϐὴς
3135 571 3214 643 τῷ
3259 571 3448 626 ἀσεϐεῖ
3480 571 3598 636 πῶς
3650 572 3802 641 εἰρη-

2227 664 2439 727 νεύσει;
2485 665 2511 715 6
2559 662 2765 724 δίκαιος
2818 659 2898 731 τῷ
2944 661 3138 732 ἀδίκῳ,
3197 661 3229 730 ἦ
3281 661 3392 731 (96)
3443 659 3679 730 σώφρων
3722 660 3800 730 τῷ

2226 755 2442 824 λάγνῳ;
2473 753 2550 824 τῷ
2587 753 2848 816 πολλάκις
2873 753 2934 804 οὐ
2965 751 3124 822 μόνον
3153 752 3253 821 τὴν
3285 751 3392 803 τῶν
3417 750 3614 815 ἄλλων,
3658 750 3800 803 ἀλλά

2228 848 2322 900 καὶ
2365 847 2464 914 τὴν
2516 843 2709 898 ἑαυτοῦ
2757 844 3065 914 βουλομένῳ
3107 843 3418 913 διαφθεῖραι
3454 842 3623 912 ὥραν.
3658 843 3724 895 El.
3751 843 3807 896 δὲ

2226 935 2520 1006 λογισμοὺς
2552 935 2654 987 οἴει
2683 933 2907 996 τούτους
2937 930 3098 998 εἶναι,
3131 933 3229 987 θέα
3259 933 3422 985 αὐτὸν
3450 934 3540 985 τὸν
3570 932 3806 995 Παῦλον,

2227 1029 2276 1080 εἰ
2311 1026 2448 1097 μετά
2473 1026 2691 1078 πάντων
2717 1025 3054 1094 είρήνευσεν.
3091 1024 3154 1076 El
3202 1024 3260 1076 δὲ
3306 1023 3400 1076 καὶ
3430 1024 3694 1092 ἀνωτέρω
3718 1023 3809 1075 τὸν

2227 1118 2386 1184 λόγον
2434 1115 2643 1186 βούλοιο
2675 1116 2931 1183 ἀγαγεῖν,
2989 1112 3087 1165 θέα
3138 1112 3229 1166 τὸν
3275 1113 3530 1183 Χριστὸν,
3585 1115 3634 1165 εἰ
3674 1113 3810 1182 μετὰ

2229 1213 2443 1265 πάντων
2472 1210 2780 1262 ἐσπείσατο.
2835 1207 2929 1270 Εἰς
2970 1204 3241 1276 τοσαύτην
3281 1203 3374 1259 οὖν
3412 1205 3808 1276 ἐξεϐακχεύθη-

2229 1319 2327 1355 σαν
2347 1303 2395 1356 οἱ
2413 1301 2519 1355 τῶν
2560 1300 2830 1355 Ἰουδαίων
2852 1300 3111 1369 ἄρχοντες
3135 1298 3352 1368 μανίαν,
3371 1297 3445 1360 ὼς
3467 1299 3562 1349 καὶ
3586 1297 3805 1367 σταυρῷ

2227 1394 2391 1448 αὐτὸν
2428 1392 2823 1463 προσηλῶσαι,
2859 1391 2924 1443 Τί
2970 1386 3064 1443 οὖν
3109 1391 3278 1454 ἐστιν,
3318 1409 3335 1442 ι
3375 1390 3438 1442 Εἰ
3474 1391 3741 1454 δυνατόν;
3785 1412 3803 1442 ι

2228 1487 2324 1550 Σὺ,
2356 1485 2508 1553 φησι.
2551 1486 2624 1554 μὴ
2655 1485 2796 1537 δίδου
2818 1483 2924 1535 τινὶ
2943 1482 3114 1551 λαϐὴν
3143 1482 3360 1552 ἔχθρας,
3408 1481 3542 1551 μηδὲ
3583 1482 3808 1546 δικαίως

2229 1579 2322 1629 καὶ
2351 1576 2588 1643 εὐλόγως
2623 1575 2712 1645 ἔχε
2735 1573 2953 1644 ἐχθρόν.
2987 1574 3050 1625 El
3086 1573 3142 1624 δὲ
3187 1573 3398 1640 ἀλόγως
3447 1575 3672 1638 ἐκεῖνοι,
3715 1579 3807 1627 καὶ

2229 1669 2334 1721 ὑπὸ
2379 1669 2575 1737 φθόνου
2615 1666 3058 1736 ὑποσμυχόμενοι
3099 1665 3234 1733 (97),
3280 1665 3704 1734 ἀπεχθάνονται.
3750 1667 3808 1717 σὲ

2228 1759 2386 1811 τοῦτο
2413 1759 2474 1811 οὐ
2507 1757 2872 1825 παραϐλάψει.
2902 1755 3036 1808 Οὐδὲ
3067 1757 3176 1824 γὰρ
3199 1755 3227 1806 ὁ
3259 1756 3512 1825 Χριστὸς,
3550 1756 3808 1826 εἰρηκὼς,

543 1878 724 1920 autem
767 1866 840 1916 illi
870 1866 989 1917 sine
1034 1861 1180 1928 justa
1213 1863 1419 1912 ratione
1453 1860 1544 1912 Iihi
1579 1859 1772 1912 infensi
1807 1868 1986 1920 erunt,
2021 1859 2121 1911 hec

2236 1869 2254 1900 ι
2275 1850 2575 1919 Ἐμίσησάν
2605 1865 2671 1918 με
2697 1848 2926 1917 δωρεὰν,
2957 1864 2975 1896 ι
3001 1845 3255 1897 ἐκέλευσε
3270 1849 3356 1914 ιμὴ
3377 1849 3520 1916 ἔχειν
3547 1847 3799 1916 ἐχθρούς·

547 1959 860 2013 nullatenus
904 1964 956 2008 te
997 1954 1173 2005 lil'tiel.
1222 1952 1358 2004 Nam
1404 1964 1458 2006 et
1499 1951 1769 2015 Christus,
1805 1952 1893 2018 qui
1945 1950 2119 2002 dixit:

551 2069 571 2103 ε
605 2050 847 2106 Oderunt
876 2064 959 2100 me
992 2045 1240 2115 gratis“,
1272 2063 1290 2096 ι
1328 2061 1432 2098 non
1481 2046 1754 2113 prazrepit,
1789 2059 1855 2095 ne
1878 2041 2128 2095 inimicos

549 2140 690 2192 ullos
741 2142 1030 2191 habeamus
1061 2136 1135 2204 (id
1183 2137 1325 2189 enim
1361 2151 1464 2188 non
1537 2145 1620 2188 est
1656 2136 1706 2188 in
1751 2149 1932 2189 nosua
1978 2144 2129 2202 pote-

545 2239 730 2295 state),
760 2231 852 2282 sed
880 2243 944 2280 ne
966 2229 1216 2294 cuiquam
1244 2226 1506 2280 faciamus
1543 2227 1792 2294 injuriam
1825 2243 1838 2279 :
1872 2243 1943 2281 ne
1967 2226 2130 2280 senii-

543 2337 736 2373 neiuus
810 2319 1045 2372 radicem
1106 2318 1252 2384 belli,
1327 2319 1669 2385 maximeque
1722 2327 1853 2382 tum,
1911 2317 2130 2386 quando

546 2409 754 2462 nullum
805 2409 989 2475 pietati
1042 2409 1428 2461 detrimentum
1478 2409 1728 2461 infertur.
1759 2408 1912 2473 Quod
1946 2409 1990 2460 si
2026 2411 2127 2460 iiii-

547 2498 696 2566 probi
730 2499 900 2551 bonos
937 2499 1064 2551 odio
1098 2508 1521 2565 prosi-quiintur,
1560 2497 1724 2552 nolite
1756 2499 1961 2550 mirari.
1993 2497 2126 2552 Nam

545 2599 598 2639 cl
657 2589 1089 2656 pseudoapostoli
1136 2603 1294 2641 veros
1343 2589 1633 2656 apostolos.
1692 2599 1744 2642 et
1799 2588 2129 2657 pseudopro-

547 2681 724 2749 phcta:
770 2682 1064 2750 prophetas
1091 2679 1216 2733 odio
1251 2680 1540 2734 habebant.
1571 2679 1722 2746 Quod
1771 2681 1883 2747 ipse
1916 2696 2128 2748 quoque

544 2773 742 2827 Paulus
766 2788 887 2824 cum
937 2772 1139 2824 diserte
1190 2771 1464 2837 cognitum
1515 2781 1974 2839 perspectumque
2034 2774 2128 2825 ha-

545 2866 718 2925 beret,
749 2863 967 2929 scripsit
1001 2879 1013 2914 :
1048 2879 1067 2912 ι
1111 2860 1334 2914 Sectare
1358 2871 1538 2915 autem
1574 2878 1760 2932 pacein
1798 2878 1920 2916 cum
1954 2863 2128 2916 omni-

546 2955 646 3008 bus
676 2955 764 3022 qui
807 2954 1060 3005 invocant
1093 2952 1382 3004 Dominum
1428 2969 1493 3007 ex
1545 2969 1682 3020 puro
1714 2955 1957 3008 corde“.
1994 2973 2012 3006 ι
2049 2953 2140 3008 Νθν

547 3045 731 3113 itaque
770 3044 980 3112 culpam
1030 3043 1220 3097 confer
1253 3045 1302 3096 in
1339 3058 1461 3096 eum
1490 3045 1582 3112 qui
1635 3045 1886 3099 inimicos
1939 3046 2120 3109 habet,

546 3134 752 3203 sedqui
787 3135 890 3188 sibi
920 3135 1019 3202 ipsi
1051 3134 1305 3188 inimicos
1330 3136 1603 3188 conciliat.
1625 3134 1775 3202 Quod
1802 3137 1845 3189 si
1879 3136 2122 3190 lncicnm

2231 1941 2421 1994 τούτου
2452 1940 2561 2010 γὰρ
2591 1941 2690 1993 οὐκ
2723 1940 2889 2009 ἐσμὲν
2922 1941 3132 2011 κύριοιο
3182 1939 3322 1992 ἀλλὰ
3363 1938 3425 1990 τὸ
3472 1939 3546 2006 μὴ
3581 1939 3808 1998 ἀδικεῖν,

2232 2034 2292 2086 τὸ
2325 2034 2397 2103 μὴ
2453 2033 2844 2101 κατασπείρειν
2898 2032 3056 2101 ῥίζαν
3111 2030 3370 2099 πολέμου,
3421 2030 3514 2081 καὶ
3549 2028 3809 2098 μάλιστα,

2233 2125 2361 2176 ὅταν
2393 2125 2426 2193 ὴ
2459 2122 2710 2176 εὐσέϐεια
2738 2122 2889 2175 οὐδὲν
2917 2121 3400 2191 παραϐλὰπτηται.
3451 2121 3514 2173 Ei
3539 2121 3586 2172 δ’
3617 2121 3670 2172 οἱ
3713 2138 3810 2173 πο·

2233 2214 2388 2284 νηροὶ
2429 2211 2556 2276 τοὺς
2601 2215 2840 2282 ἀγαθοὺς
2899 2214 3139 2284 μισοῦσι,
3189 2213 3262 2281 μὴ
3308 2211 3648 2281 θαυμάζητε.
3704 2213 3814 2265 Καὶ

2233 2308 2341 2376 γὰρ
2365 2309 2413 2359 οξ
2438 2305 2854 2375 ψευδαπόστολοι
2880 2307 3004 2368 τοὺς
3039 2305 3392 2369 ἀποστόλους,
3448 2305 3544 2357 καὶ
3585 2306 3634 2357 οἱ
3680 2305 3813 2374 queu-

2235 2396 2576 2467 δοπροφῆται
2632 2397 2759 2459 τοὺς
2815 2398 3102 2465 προφήτας
3165 2396 3412 2466 ἐμίσουν.
3477 2395 3656 2466 Ὅπερ
3718 2398 3813 2448 καὶ

2234 2489 2392 2551 αὐτὸς
2413 2489 2440 2539 ὁ
2462 2487 2672 2551 Παῦλος
2697 2487 2884 2558 σαφῶς
2913 2489 3296 2557 ἐπιστάμενος,
3321 2488 3526 2560 ἔγραφε
3545 2506 3558 2520 ο
3590 2507 3608 2538 ι
3638 2488 3814 2541 Δίωκε

2233 2581 2287 2634 δὲ
2339 2583 2561 2652 εἰρήνην
2595 2583 2731 2652 μετὰ
2790 2582 3009 2636 πάντων
3041 2582 3151 2635 τῶν
3205 2584 3652 2652 ἐπικαλουμένων
3694 2583 3811 2653 (98)

2233 2673 2322 2726 τὶν
2345 2674 2547 2743 Κύριον
2573 2676 2634 2726 ὲκ
2663 2674 2914 2744 καθαρᾶς
2963 2674 3210 2745 καρδίας.
3254 2693 3273 2726 ι
3322 2675 3413 2745 Μὴ
3433 2674 3610 2727 τοίνυν
3654 2676 3815 2727 αἰτιῶ

2235 2765 2324 2818 τὸν
2344 2765 2566 2835 ἐχθροὺς
2597 2766 2810 2836 ἔχοντα,
2830 2765 2967 2820 ἀλλὰ
2987 2767 3076 2818 τὸν
3103 2766 3280 2836 ἑαυτῷ
3303 2769 3428 2828 τοὺς
3452 2767 3684 2836 ἐχθροὺς
3714 2784 3816 2820 κα-

2231 2858 2655 2920 τασκευάζοντα.
2738 2859 2801 2910 Ei
2857 2859 2913 2910 δὲ
2969 2859 3043 2930 μὴ
3102 2860 3389 2929 συμϐαίνει
3428 2859 3504 2930 τῷ
3564 2861 3706 2927 φωτὶ
3753 2860 3813 2912 τὸ

2236 2949 2423 3012 σκότος
2444 2965 2456 2978 ⁸
2501 2950 2622 3002 οὐδὲ
2653 2950 2761 3018 γὰρ
2792 2946 2901 3003 οἷόν
2932 2968 2992 3004 τε
3015 2969 3029 2984 ·
3070 2951 3222 3004 οὐδὲν
3269 2953 3417 3023 παρὰ
3459 2952 3520 3005 τὸ
3549 2953 3668 3021 φῶς
3692 2969 3707 2983 '
3763 2955 3811 3005 εί

2232 3042 2293 3095 οὐ
2353 3041 2600 3112 βούλεται
2651 3045 2680 3096 6
2731 3043 2935 3114 ἀσεϐὴς
2975 3042 3096 3115 [τὴν
3158 3044 3444 3099 εὐσέϐειαν
3496 3045 3814 3110 ἁσπάζειν,

2233 3133 2384 3186 οὐδὲν
2415 3133 2564 3204 παρὰ
2597 3133 2686 3186 τὸν
2739 3135 2976 3206 εὐσεϐἠο
3034 3136 3084 3189 εί
3136 3135 3197 3188 οὐ
3251 3136 3498 3207 βούλεται
3549 3141 3578 3191 6
3615 3139 3816 3207 λάγνος

548 3228 785 3280 tenebris
815 3243 917 3280 non
956 3228 1091 3280 bene
1119 3227 1372 3281 ('Onvenit
1408 3228 1607 3296 (neque
1635 3231 1779 3282 enim
1820 3239 1995 3299 potest
2028 3231 2123 3285 hoc

2229 3225 2325 3295 τὴν
2351 3225 2460 3297 (99)
2484 3224 2502 3297 ]
2541 3227 2896 3298 σωφροσύνην
2931 3229 3195 3298 ἀσκῆσαι,
3222 3230 3373 3283 οὐδὲν
3402 3231 3550 3302 παρὰ
3574 3231 3668 3284 τὸν
3699 3232 3812 3285 σὼο

543 3315 710 3388 ﬁeri),
749 3318 880 3370 nihil
905 3319 1011 3372 hoc
1043 3321 1109 3372 ad
1147 3319 1318 3372 lui-cm
1348 3337 1362 3386 ;
1390 3321 1433 3372 si
1461 3336 1564 3374 non
1594 3321 1706 3374 vult
1738 3322 1935 3390 impius
1955 3323 2123 3392 pieta-

2231 3334 2402 3389 φρονα
2429 3333 2442 3347 ·
2484 3318 2532 3370 εί
2563 3319 2623 3370 οὐ
2661 3319 2908 3387 βούλεται
2929 3321 2956 3371 ὁ
2999 3319 3186 3384 ἄδικος
3226 3322 3528 3392 ἀποστῆναι
3559 3325 3660 3391 τῆς
3687 3325 3812 3377 ἀδι-

547 3419 651 3462 teiu
686 3410 956 3478 amplecti,
987 3410 1118 3464 nihil
1151 3413 1251 3465 hoc
1278 3412 1342 3464 ad
1380 3415 1566 3481 pium;
1625 3413 1669 3467 si
1713 3429 1818 3470 non
1854 3415 1970 3470 vult
2009 3415 2123 3470 libi-

2229 3409 2378 3473 κίας,
2420 3408 2570 3461 οὐδὲν
2601 3409 2751 3479 παρὰ
2779 3411 2869 3463 τὸν
2909 3411 3117 3464 δίκαιον
3141 3427 3156 3442 ο
3200 3413 3338 3467 ἀλλά
3381 3416 3508 3486 παρ’
3540 3417 3816 3482 ἐκείνους,

545 3498 770 3551 tlinosus
816 3501 1123 3552 castitatem
1158 3501 1354 3563 colere,
1408 3502 1541 3555 nihil
1580 3504 1682 3555 hoc
1739 3505 1804 3556 ad
1854 3504 2123 3558 hominem

2229 3505 2354 3566 τοὺς
2375 3503 2594 3573 ἔλεγχον
2628 3502 2966 3574 ἡγουμένούς
3006 3507 3105 3577 τῆς
3140 3506 3290 3573 σφῶν
3329 3505 3531 3568 κακίας
3564 3505 3664 3568 τὰς
3699 3505 3818 3558 τῶν

545 3599 940 3656 temperantem
982 3601 1035 3644 et
1073 3604 1321 3657 castum;
1366 3593 1412 3647 si
1462 3610 1566 3647 non
1603 3594 1716 3648 vult
1763 3595 1996 3664 injustus
2037 3599 2130 3651 de-

2233 3596 2400 3658 πέλας
2427 3595 2648 3667 ἀρετάς.

543 3680 738 3733 sistere
767 3683 834 3735 ab
867 3683 1154 3749 injustitia,
1199 3684 1334 3736 nihil
1377 3686 1478 3737 hoc
1517 3686 1586 3738 ad
1633 3685 1862 3754 justum,
1915 3689 2008 3741 sed
2058 3688 2123 3740 ad
2164 3701 2258 3742 eos
2330 3688 2565 3758 pertinet
2605 3688 2890 3756 probrum.
2919 3687 3008 3756 qui
3065 3703 3176 3744 sure
3229 3688 3590 3759 improbitatis
3619 3705 3818 3762 repre-

545 3770 858 3825 hensionem
893 3787 1010 3825 esse
1039 3774 1265 3827 aliorum
1298 3776 1441 3828 circa
1473 3791 1532 3830 se
1599 3779 1878 3831 hominum
1923 3779 2156 3833 virtutes
2193 3779 2548 3833 arbitrantur.

723 3921 950 3976 CCXXI.
987 3952 1060 3963 —
1091 3921 1397 3978 ALYMPIO
1433 3923 1942 3982 SCHOLASTICO.

544 4032 622 4086 De
652 4031 885 4106 lecl'ione,
911 4043 1094 4106 contra
1132 4033 1365 4096 Grarcos,
1396 4036 1460 4088 de
1517 4039 1690 4106 gratia
1733 4039 1990 4094 divinitus
2043 4042 2128 4093 in-

616 4104 935 4222 spiratulrnm
967 4102 1386 4171 Scripturarum,
1429 4102 1593 4175 deq'ue
1633 4111 1856 4164 utilitate
1913 4127 1978 4166 ea:
2018 4110 2127 4166 illis

616 4187 818 4222 ςαυιεηι
841 4189 894 4222 α.

614 4187 894 4240 capienda.

611 4326 899 4393 Quoniam,
928 4336 986 4381 ut
1015 4327 1225 4394 aiebas,
1253 4327 1428 4384 fontes
1451 4345 1761 4386 sermonum
1780 4335 2118 4403 quiescentes

541 4417 782 4470 animum
817 4418 1030 4488 irrigari
1075 4421 1384 4488 cupientem
1427 4421 1798 4478 labefaciunt:
1833 4427 1953 4482 illos
1989 4429 2118 4493 tibi,

541 4507 624 4562 vir
658 4511 1051 4575 eruditissime,
1084 4513 1348 4566 suaserim
1377 4524 1434 4568 ut
1472 4517 1705 4571 maxime
1735 4532 1980 4575 reserare
2008 4533 2122 4577 stn-

540 4602 690 4666 deas,
717 4605 809 4671 qui
862 4604 1124 4659 divitibus
1175 4621 1240 4659 ac
1283 4608 1613 4675 perennibus
1650 4608 1868 4666 ﬂuentis
1909 4614 2116 4681 praediti

538 4703 704 4760 sunt;
733 4710 840 4748 non
873 4706 1052 4750 autem
1081 4711 1175 4752 eos
1203 4697 1299 4768 qui
1339 4699 1656 4770 irrigatione
1687 4702 1904 4760 aliunde
1933 4720 2119 4764 accer-

535 4784 641 4838 Iita
681 4785 940 4855 indigent.

613 4933 661 4966 '°
686 4933 843 4994 Joan.
867 4954 961 5005 xv,
987 4940 1082 4999 25.
1154 4943 1196 4975 ⁶¹
1227 4941 1271 4997 ll
1301 4943 1444 5000 Tim.
1471 4959 1536 5014 ιι,
1565 4946 1658 5001 22.

2413 3929 2564 3980 Σκισ.
2609 3957 2678 3968 -
2715 3927 3030 3999 ΑΛΥΜΗΙῼ
3060 3929 3135 3999 (ι)
3187 3927 3648 4000 ΣχοΑΑΣτικςι.

2221 4036 2371 4110 ΠερὶΔ
2409 4037 2842 4110 ἀναγνώσεως,
2909 4039 3059 4093 κατὰ
3122 4040 3454 4110 Ἑλλήνων,
3517 4043 3648 4110 περὶ
3699 4039 3816 4108 τῆς

2297 4106 2548 4186 χᾴριζος
2591 4108 2710 4186 τῷν
2751 4112 3172 4186 ᾂεοπνεύστων
3213 4106 3508 4181 Γραφῶκ,
3552 4106 3652 4170 καὶ

2297 4179 2364 4241 ἐξ
2395 4179 2595 4232 αὐτῶν
2617 4179 2932 4247 ὠφελείας.

2310 4332 2547 4403 Ἐπειδὴ,
2598 4331 2674 4394 ὡς
2734 4331 2909 4404 ἔφης,
2967 4332 3142 4402 πηγαὶ
3197 4332 3374 4402 λόγων
3431 4333 3811 4404 ἡσυχάζουσαι

2225 4421 2401 4494 ψυχὴν
2433 4423 2721 4477 ἐθέλουσαν
2754 4423 3078 4494 ἀρδεύεσθαι
3118 4425 3505 4495 μαραίνουσινο
3563 4426 3808 4490 ὲκείνας,

2226 4511 2651 4582 ὲλλογιμὼτατε,
2689 4514 2929 4583 μάλιστα
2967 4514 3359 4584 ἀναμοχλεύειν
3405 4532 3486 4568 σοι
3523 4517 3806 4588 παραινῶ,

2225 4603 2328 4666 τὰς
2377 4603 2654 4667 πλουσίοις
2697 4605 2790 4659 καὶ
2831 4606 3077 4666 ἀεννάοις
3123 4607 3327 4676 νάμασι
3374 4605 3655 4679 κομώσας,
3707 4605 3810 4662 καὶ

2227 4695 2304 4766 μὴ
2325 4695 2424 4759 τὰς
2453 4696 2674 4768 ἀρδείας
2694 4697 2958 4766 ἑτέρωθεν
2982 4696 3264 4767 δεομένας.

1639 5078 1874 5135 VARIE
1907 5079 2290 5141 LECTIONES
2317 5085 2407 5142 ET
2445 5085 2676 5146 ΝΟΤΔΕ.

749 5245 898 5331 ξρίριξ
923 5246 1297 5331 ἢιθιῇσώφρων
1321 5253 1458 5307 idem
1487 5255 1678 5331 inserit
1789 5257 2002 5331 Possm,

486 5316 498 5351 ἓ
601 5316 714 5379 (97)
748 5316 856 5368 Καὶ
880 5317 982 5369 ὑπὸ
1007 5317 1099 5384 φθ.
1133 5316 1224 5372 οτι.
1259 5322 1484 5377 deerant
1512 5326 1563 5378 in
1609 5329 1693 5380 ed.
1729 5328 1902 5383 Paris.
1938 5339 1993 5382 et
2025 5330 2114 5384 ad-

529 5384 733 5439 duntur
757 5402 823 5438 ex
854 5389 1038 5440 codice
1077 5388 1350 5444 Vaticano.
1404 5397 1562 5448 Εοιτ.

601 5455 709 5536 (9.8)
736 5455 1001 5536 Εὶρήγην
1034 5461 1190 5536 κατὰ
1234 5460 1476 5536 adifer
1503 5464 1621 5517 τῶν
1663 5465 1902 5521 ἑπικαλ.
1953 5470 2104 5536 Apud

531 5521 758 5596 Paulum
790 5528 1309 5596 οιιιίιιιιυεπάντων,
1342 5531 1384 5584 ll
1434 5533 1573 5586 Tim.
1607 5551 1660 5590 ιι.
1703 5536 1792 5588 2:2.
1821 5521 2097 5592 Hecte'ta;

529 5608 650 5678 tuen
695 5595 762 5648 ab
789 5593 1004 5678 'lsitlpro
1042 5593 1444 5670 additur-{quia
1492 5604 1763 5658 indelinita
1795 5609 2104 5678 tequipollet

531 5664 844 5718 universali.
889 5665 1052 5720 lit't'T.

597 5731 705 5800 (99)
731 5732 847 5798 Τὴν
861 5735 1172 5787 εὐσέϐειαν
1183 5736 1485 5800 ἀσπάᾂιν.
1498 5778 1534 5794 ..
1551 5740 1663 5807 τὴν
1679 5752 2102 5817 σωφροσύιιοην.

2222 5262 2353 5342 ροσε
2373 5269 2697 5342 praecedunt
2743 5269 3120 5342 σωφροσύνην,
3153 5287 3260 5328 non
3284 5281 3409 5328 sunt
3437 5275 3490 5329 in
3518 5288 3660 5342 ms.;
3699 5277 3801 5333 sed

2223 5337 2404 5389 addidi
2448 5341 2757 5414 postulante
2785 5337 2970 5414 senisu,
3000 5337 3066 5414 ut
3088 5343 3300 5409 integer
3328 5354 3472 5398 esset
3503 5337 3802 5414 praeclarus

2209 5406 2378 5469 locus,
2410 5409 2499 5476 qui
2531 5411 2812 5462 vidi-batur
2849 5413 2963 5464 sine
2998 5413 3081 5467 liis
3117 5406 3356 5467 mutilus.
3396 5414 3470 5467 In.

2279 5477 2356 5547 (l)
2399 5477 2719 5555 ‘Agivpszlcp.
2778 5479 2839 5533 Ρ.
2893 5482 3160 5555 ’Λλυπίῳ,
3215 5484 3294 5537 vel
3345 5478 3686 5555 'ommnp,
3728 5488 3797 5541 ad

2209 5562 2368 5615 quem
2435 5549 2569 5603 alias
2625 5565 2840 5618 quoque
2890 5549 3112 5605 scribit'
3145 5552 3400 5607 Isidorus.
3441 5549 3515 5607 ns.
3551 5549 3625 5597 -ῖ
3651 5549 3802 5610 Ῥι-ἰο

2211 5621 2757 5739 lnamPconjecturam
2793 5624 2989 5677 l'ormat
3033 5625 3154 5678 cod.
3191 5622 3308 5678 Vat.
3356 5627 3602 5680 scribens
3644 5623 3797 5680 Ἀλυ-

2211 5702 2338 5739 πιω.
2393 5703 2522 5739 ,mr.

2211 5702 2338 5756 πιῳ.
2373 5702 2522 5743 non.
