4078 6366
499 368 638 434 1319

1733 362 1793 422 S.
1839 359 2133 421 ISIDORI
2175 357 2616 420 PELUSIOTAZ

3646 355 3776 424 1320

505 497 611 549 que
660 493 762 532 non
813 474 1006 529 abierit
1055 485 1248 541 expers
1306 480 1361 526 et
1421 470 1640 542 ignarus
1700 469 1894 525 divina:
1949 470 2091 524 illius

2219 471 2401 523 ιλῶναι
2430 473 2496 542 τῇ
2530 469 2652 540 θείᾳ
2687 467 2764 538 (9)
2803 469 3036 539 μουσικῇ
3091 467 3391 540 πεποίηκεν
3415 484 3430 502 ο
3480 467 3616 523 ἀλλά
3656 472 3778 536 τοὺς

507 570 686 645 Lyra,
721 586 839 640 qum
865 569 1100 623 fabulam
1149 565 1466 634 Orphicam,
1508 567 1593 622 cui
1635 568 1704 620 ob
1731 581 1940 630 eorum,
1974 581 2091 634 qua:

508 668 575 718 de
601 667 713 733 ipsa
746 663 1110 723 celebrantur,
1137 658 1586 727 magnitudinem,
1612 675 1716 712 non
1743 656 1938 727 injuria
1963 657 2093 711 lid’cs

510 759 822 823 derogatur,
873 755 975 806 sibi
1029 749 1323 818 arrogavit.
1373 747 1488 802 Non
1523 750 1666 802 enim
1705 751 1848 802 feras
1891 750 2094 802 bestias

511 849 688 901 divina
720 848 804 900 illa
839 863 931 899 sua
971 845 1176 898 tunsica
1213 843 1332 910 capi
1370 841 1530 904 fecit;
1583 843 1678 894 sed
1716 840 1903 894 ferinis
1934 839 2096 892 mori-

514 940 612 992 bus
639 940 894 1007 praeditos
920 938 1166 990 homines
1197 948 1504 992 mansuetos
1540 935 1792 1000 reddidit,
1820 934 2090 988 feritatem

516 1032 752 1099 ipsorum
792 1031 976 1082 mitem
1013 1045 1075 1081 ac
1103 1031 1344 1084 cicurem
1388 1027 1615 1090 faciens,
1645 1037 1698 1079 et
1737 1029 1802 1080 ad
1844 1041 2094 1079 mansue-

517 1122 754 1174 tudinem
817 1138 881 1174 ac
941 1120 1366 1172 concinnitatem
1436 1119 1724 1186 (piamdam
1787 1118 2097 1170 traducens.

2199 560 2482 632 θηριώδεις
2525 559 2848 630 ἀνθρώπους
2898 559 3272 624 ἐτιθάσσευσε,
3321 559 3422 631 τὴν
3477 560 3782 632 ἀγριότητα

2200 654 2382 707 αὐτῶν
2436 653 2744 723 ἐξημερῶν,
2789 654 2884 705 καὶ
2915 653 2992 714 είς
3045 653 3327 722 πραότητα
3377 653 3472 706 καὶ
3517 653 3784 722 ἁρμονίαν

2200 746 2474 798 καθιστῶν
2516 744 2683 797 Λύκοι
2715 745 2823 814 γὰρ
2843 745 2934 796 καὶ
2964 743 3150 814 ἄρνες,
3181 743 3242 795 οὐ
3273 745 3483 814 μορφῇ,
3505 742 3640 794 ἀλλά
3667 745 3790 812 τρό-

2203 854 2326 898 ποις
2356 835 2491 905 πρὸς
2521 834 2783 904 ἀλλήλους
2832 835 3212 903 σπεισάμενοι,
3247 834 3342 885 ἐπὶ
3380 833 3441 883 τὸ
3480 830 3614 884 αὐτὸ
3659 848 3790 883 συν-

2200 927 2366 998 ἧψαν.
2406 927 2584 996 "Atlio;
2640 925 2822 978 τοίνυν
2865 925 3081 993 ἐκείνης
3141 924 3240 992 τῆς
3277 923 3470 994 λύρας,
3505 923 3598 976 καὶ
3634 925 3791 976 πᾶσα

2205 1021 2240 1090 ἡ
2270 1020 2366 1072 νῦν
2397 1021 2454 1072 ἐν
2493 1020 2576 1071 σοὶ
2628 1017 2932 1088 χορεύουσα
2983 1015 3224 1083 ἀκοσμία
3256 1016 3438 1069 τέλεον
3479 1019 3790 1087 οἰχήσεται,

2209 1113 2305 1167 καὶ
2337 1115 2734 1183 παραχωρήσει
2764 1113 2832 1182 τῇ
2868 1109 3118 1180 ἐνάρθρῳ
3145 1108 3329 1180 ἐκείνῃ
3358 1112 3616 1179 μουσικῇ.

517 1217 652 1285 Lupi
696 1218 836 1268 enim
886 1226 938 1270 et
985 1216 1130 1281 agni,
1169 1231 1272 1268 non
1305 1214 1477 1267 forma
1528 1215 1622 1267 sed
1658 1214 1918 1278 moribus,
1970 1227 2104 1281 pace
2144 1210 2372 1264 invicem
2419 1209 2562 1264 facta
2632 1211 2684 1264 in
2729 1210 2870 1264 idem
2939 1219 3329 1264 convenerunt.
3367 1211 3586 1280 Attinge
3625 1211 3794 1280 igitur

528 1307 671 1360 illam
712 1311 900 1378 lyram.
956 1307 1030 1359 lla
1069 1311 1178 1368 liel,
1224 1316 1278 1357 ιιι
1330 1305 1528 1366 υιιιιιίε,
1577 1320 1694 1374 qna-
1743 1320 1884 1358 nunc
1927 1304 1980 1358 in
2041 1314 2094 1358 te
2132 1301 2387 1368 exsultat,
2452 1303 2656 1356 rutlitas
2729 1314 2891 1372 atque
2933 1302 3230 1369 insulsitas,
3267 1316 3489 1370 prorsus
3518 1305 3705 1377 abeat,
3736 1315 3792 1362 et

530 1403 805 1455 concinnae
837 1401 913 1452 illi
951 1402 1166 1454 musica:
1195 1399 1499 1452 concedens
1531 1397 1707 1450 locmn
1741 1397 1848 1451 det.

645 1536 806 1608 5&9
839 1535 1090 1590 CCXXV.
1129 1569 1195 1579 —
1225 1533 1607 1592 EUDAZMONI
1659 1530 1978 1588 IllACONO.

524 1647 718 1702 Contra
765 1648 1001 1702 Judwos.
1049 1645 1146 1699 Ubi
1188 1659 1232 1698 et
1279 1645 1494 1713 Iosephi
1536 1647 1680 1699 locus
1724 1648 1787 1700 de
1829 1647 2105 1701 Saluatore

970 1719 1178 1768 totidem
1205 1717 1372 1769 verbis
1402 1720 1646 1784 refertur.

599 1869 860 1936 Quoniam
893 1880 944 1920 ct
969 1865 1171 1922 Graecis
1202 1878 1250 1921 el
1289 1867 1538 1921 barbaris
1569 1877 1621 1920 et
1653 1866 1902 1919 onmibus
1926 1866 2102 1919 omni-

528 1979 594 2014 no
647 1963 947 2012 hominibus
1005 1962 1246 2021 videtur,
1301 1971 1351 2012 et
1396 1959 1517 2026 jure
1565 1959 1818 2026 quidem,
1874 1960 2109 2010 llOslium

531 2055 895 2105 testimonium
934 2055 1035 2103 lide
1062 2053 1316 2119 dignum;
1348 2051 1512 2104 Judaei
1549 2067 1674 2102 vero
1702 2067 1920 2103 OIIIIICIII
1951 2066 2111 2103 exec-

530 2148 717 2198 dentes
743 2146 1138 2212 improbitatem
1171 2162 1273 2196 linit
1305 2145 1475 2196 solum
1506 2142 1781 2210 prophetis
1814 2142 1970 2194 fidem
2006 2157 2110 2194 non

531 2238 855 2298 habuerunt,
904 2239 993 2287 sed
1027 2235 1311 2302 nequidem
1361 2236 1457 2302 ipsi
1499 2231 1642 2298 Deo;
1687 2233 1895 2286 exstitit
1934 2243 2109 2285 autem

531 2325 798 2391 Just-phus
846 2327 1089 2394 quidam,
1139 2324 1356 2378 .Iuda-us
1411 2339 1654 2376 summus
1709 2331 1762 2374 et
1813 2322 2112 2376 acerrimus

532 2417 666 2482 legis
710 2423 1109 2484 propugnator,
1163 2417 1364 2482 quique
1407 2411 1570 2465 Vetus
1609 2411 2013 2466 Testamentum
2045 2426 2110 2465 ex

534 2509 640 2562 fide
673 2509 782 2560 veri
811 2507 1220 2574 paraphrastice
1243 2506 1511 2574 exponit,
1543 2515 1595 2556 et
1623 2519 1720 2572 pro
1751 2503 1950 2557 Judaeis
1978 2516 2116 2557 stre-

535 2603 797 2655 nuissitne
848 2600 1248 2664 fortissimeque
1304 2613 1362 2651 se
1410 2598 1595 2665 gessit,
1649 2611 1712 2649 ac
1783 2611 1878 2665 per
1933 2597 2114 2649 omnia

536 2694 771 2761 ipsorum
817 2707 908 2750 res
953 2690 1200 2741 meliores
1251 2675 1410 2754 quam
1458 2687 1562 2738 dici
1613 2684 1807 2752 possit,
1859 2684 2114 2749 ostendit,

537 2795 715 2834 rerum
748 2790 928 2832 autem
959 2777 1174 2830 veritati
1199 2779 1392 2828 cedere
1427 2777 1677 2842 dignatus
1707 2785 1788 2827 est
1816 2773 1943 2844 (non
1971 2773 2115 2827 enim

541 2877 825 2944 impiorum
853 2872 1172 2924 sententiam
1207 2881 1424 2922 secums
1450 2868 1552 2936 est)
1597 2867 1963 2922 necessarium
1999 2880 2119 2920 esse

541 2966 833 3018 arbitratus
867 2979 1005 3022 sum,
1046 2962 1212 3028 ipsius
1249 2961 1408 3012 verba
1447 2974 1735 3028 apponere.
1785 2960 1920 3024 Quid
1959 2959 2119 3026 igitur

542 3057 650 3108 ait?
689 3074 706 3104 ι
737 3054 935 3106 Eodem
971 3063 1208 3120 tempore
1241 3051 1338 3104 fuit
1369 3049 1547 3116 Jesns,
1581 3053 1662 3103 vir
1691 3051 1930 3118 sapiens,
1961 3050 2002 3102 si
2040 3061 2120 3102 ta-

544 3163 662 3198 men
699 3148 865 3197 \it‘ntn
910 3161 1030 3196 eum
1068 3144 1144 3195 fas
1173 3152 1254 3195 est
1284 3143 1485 3195 dicere.
1536 3141 1665 3194 Erat
1713 3143 1855 3194 enim
1903 3139 2123 3192 mirabi-

543 3239 670 3292 lium
708 3253 926 3306 operum
957 3243 1219 3304 patrator,
1250 3243 1304 3287 et
1337 3233 1527 3286 doctor
1554 3248 1738 3285 eorum
1771 3233 1859 3300 qui
1891 3231 2122 3284 libenter

545 3345 666 3382 vera
705 3327 1004 3395 suspiciunt
1047 3343 1061 3378 :
1095 3325 1468 3392 plurimosque
1501 3333 1606 3376 tam
1635 3324 1703 3378 de
1729 3322 1931 3378 ludatis
1959 3337 2118 3391 quam

544 3423 608 3475 de
651 3421 896 3489 gentibus
941 3426 1239 3470 sectatores
1293 3416 1499 3469 halmil.
1539 3415 1791 3468 Christus
1833 3414 1920 3466 hic
1957 3422 2117 3467 erat:

543 3527 702 3583 quem
735 3520 1043 3563 accusatum
1074 3523 1102 3560 a
1134 3517 1329 3560 nostrae
1359 3506 1534 3573 gentis
1560 3503 1890 3573 principibus
1921 3503 2123 3557 Pilatus

543 3618 663 3655 Clltll
719 3600 977 3654 aﬂixisset
1019 3598 1187 3660 cruci,
1244 3597 1594 3650 nihilominus
1645 3611 1749 3650 non
1801 3595 2124 3648 destiterunt

543 3708 664 3744 eum
694 3690 936 3759 diligere,
969 3690 1056 3755 qui
1082 3690 1148 3741 ab
1179 3689 1330 3743 initio
1355 3697 1647 3756 ct’eperant.
1681 3685 1945 3754 Apparuit
1974 3685 2120 3738 enim

543 3783 624 3836 eis
657 3781 812 3834 tertia
846 3781 933 3834 die
968 3783 1146 3843 villus,
1176 3782 1251 3834 ita
1285 3791 1341 3833 ut
1373 3780 1630 3832 divinitus
1656 3778 1722 3831 tle
1753 3793 1818 3830 co
1848 3787 1994 3831 Vales
2020 3777 2123 3830 hoc

544 3882 600 3927 et
630 3872 733 3924 alia
763 3871 925 3922 inulta
962 3871 1198 3923 miranda
1225 3870 1607 3937 prtedixeruut.
1645 3867 1710 3920 Et
1743 3882 1912 3936 usque
1944 3867 1994 3920 in
2025 3868 2122 3920 ho-

546 3964 793 4017 diernum
841 3962 1275 4016 Christianorum
1314 3975 1508 4026 genus,
1561 3958 1627 4012 ab
1663 3959 1764 4012 hoc
1809 3958 2124 4012 denomina-

547 4064 682 4116 tum,
720 4067 822 4104 non
859 4051 1060 4103 deficit.
1108 4069 1126 4101 ι
1179 4049 1476 4121 [Hactenus
1507 4046 1821 4120 Joseplms.]
1854 4047 1964 4118 Ego
1993 4063 2122 4104 vero

547 4158 668 4194 cum
700 4141 880 4194 multis
911 4140 1030 4192 aliis
1061 4141 1110 4192 in
1145 4141 1302 4193 rebus
1329 4139 1482 4192 valde
1510 4140 1677 4192 miror
1709 4139 1940 4192 hominis
1973 4153 2122 4191 vera-

548 4231 789 4294 citatcm,
827 4239 934 4282 tum
969 4245 1094 4282 vero
1130 4229 1208 4282 vel
1260 4228 1494 4282 maxime
1539 4228 1592 4282 in
1629 4227 1736 4282 illis
1767 4228 1968 4292 verbis,
1999 4242 2121 4282 cum

547 4322 660 4385 ait,
716 4339 734 4372 ι
769 4320 964 4375 Doctor
1023 4321 1337 4384 hominum,
1399 4319 1489 4389 qui
1552 4319 1782 4374 libenter
1840 4319 2122 4373 veritatem

543 4413 866 4482 suscipiunt.
901 4431 917 4462 ι
969 4410 1103 4465 Sunt
1132 4412 1273 4464 enim
1300 4410 1391 4479 qui
1418 4420 1659 4464 extrema
1690 4409 2000 4464 laborantes
2031 4424 2122 4465 so-

2462 1533 2634 1587 XKE'.
2683 1561 2759 1570 —
2789 1532 3172 1588 ΕΥΔΑΙΜΟΝΙ
3206 1538 3521 1611 ΔΙΑΚΟΝῼ.

2213 1649 2373 1702 Κατὰ
2439 1647 2752 1720 Ἰουδαίων.
2795 1648 2989 1720 ,Ἔνθα
3042 1648 3142 1720 καί
3212 1650 3509 1718 Ἰωσήπου
3572 1650 3793 1720 χρῆσις

2351 1718 2486 1785 περὶ
2511 1717 2618 1770 τοῦ
2653 1715 2928 1784 Σωτῆρος
2953 1719 3164 1785 αὑταῖς
3193 1715 3402 1785 λέξεσι
3432 1715 3644 1774 accitu—1.

2293 1871 2510 1942 Ἐπειδὴ
2549 1872 2645 1924 καὶ
2687 1871 2912 1939 Ἕλλησι
2962 1872 3057 1924 καὶ
3121 1871 3438 1942 βαρϐάροις.
3482 1873 3576 1925 καὶ
3627 1873 3794 1925 πᾶσιν

2215 1963 2524 2032 ἀνθρώποις
2574 1965 2608 2032 ἡ
2637 1963 2746 2016 τῶν
2779 1963 2991 2033 ἐχθρῶν
3045 1964 3324 2033 μαρτυρία
3372 1964 3600 2023 εἰκότως
3647 1965 3798 2015 δοκεῖ

2214 2055 2496 2125 ἀξιόχρεος
2524 2051 2685 2119 εἶναι,
2734 2055 2980 2107 Ἰουδαῖοι
3023 2053 3078 2106 δὲ
3113 2056 3296 2106 πᾶσαν
3329 2054 3796 2123 ὑπερϐαλλόμενοι

2215 2148 2434 2205 κακίαν,
2472 2147 2530 2198 ού
2576 2146 2736 2215 μόνον
2784 2147 2897 2207 τοῖς
2939 2147 3248 2215 προφήταις
3295 2145 3393 2198 οὐκ
3445 2144 3794 2208 ἐπίστευσαν,

2219 2239 2331 2292 ἀλλ’
2360 2237 2480 2289 οὐδὲ
2538 2236 2687 2304 αύτῴ
2729 2235 2807 2306 τῷ
2855 2236 2974 2304 Θεῴ
3001 2251 3016 2266 ·
3065 2236 3281 2303 ἐγένετο
3327 2236 3383 2287 δέ
3411 2253 3495 2299 τις
3533 2235 3796 2305 Ἰώσηπος

2229 2329 2476 2391 Ἰουδαῖος
2519 2329 2686 2396 ἄκρος
2737 2328 2830 2380 καὶ
2862 2327 2954 2379 τοῦ
3013 2327 3177 2396 νόμου
3234 2325 3502 2396 ζηλωτὴς,
3557 2329 3651 2378 καὶ
3696 2326 3796 2396 τὴν

2219 2417 2464 2470 Παλαιὰν
2488 2415 2764 2485 Διαθὴκην
2802 2415 2940 2486 μετὰ
2983 2413 3239 2484 ἀληθείας
3281 2415 3670 2486 παραφράσας,
3704 2417 3798 2467 καὶ

2219 2507 2360 2576 ὑπὲρ
2410 2506 2679 2558 Ἰουδαίων
2725 2505 2921 2573 ἄριστα
2976 2505 3389 2575 ἀνδρισάμενος.
3442 2504 3585 2558 κατά
3618 2505 3799 2557 πάντα

2216 2610 2275 2646 τε
2296 2593 2363 2646 τὰ
2383 2593 2606 2645 ἐκείνων
2629 2592 2914 2662 κρείττονα
2941 2592 3103 2659 λόγου
3131 2593 3472 2660 ἀποφαίνων,
3500 2594 3566 2662 τῇ
3596 2591 3654 2642 δὲ
3689 2591 3798 2643 τῶν

2220 2685 2566 2755 πραγμάτων
2595 2685 2825 2755 ἀληθείᾳ
2856 2686 3262 2756 παραχωρῆσαι
3297 2684 3535 2750 ἀξιώσας
3559 2701 3574 2714 ο
3602 2685 3664 2736 οὑ
3690 2685 3799 2754 γὰρ

2219 2777 2460 2847 ἐζήλωσε
2473 2775 2578 2828 τῶν
2593 2774 2802 2826 ἀσεϐῶν
2819 2777 2916 2844 τὴν
2941 2775 3186 2844 γνώμην·
3214 2778 3508 2842 ἀναγκαῖον
3527 2769 3678 2842 οἶμαι
3699 2775 3799 2836 τὰς

2221 2867 2433 2920 ἐκείνου
2467 2865 2809 2934 παραθέσθαι
2841 2867 3046 2936 ῥήσεις.
3083 2865 3147 2916 Τί
3187 2861 3278 2917 οὖν
3307 2881 3481 2934 φησι;
3518 2884 3535 2915 ι
3583 2865 3796 2918 Γίνεται

2220 2957 2278 3010 δὲ
2309 2957 2421 3028 (10)
2455 2959 2573 3010 κατ’
2619 2959 2827 3010 ἐκεῖνον
2859 2957 2950 3008 τὸν
2994 2957 3184 3026 χρόνον
3217 2957 3330 3026 (Η)
3376 2957 3601 3028 Ἰησοῦς,
3638 2956 3796 3024 σοφὸς

2223 3049 2382 3119 ἀνὴρ,
2405 3050 2540 3116 εἴγε
2563 3048 2724 3101 αὑτὸν
2747 3047 2915 3116 ἄνδρα
2955 3048 3133 3116 λέγειν
3151 3048 3275 3116 χρή.
3292 3043 3400 3099 Ἦν
3423 3049 3531 3118 γὰρ
3562 3047 3801 3117 παραδά-

2225 3140 2330 3208 ξων
2348 3139 2524 3208 ἔργων
2555 3140 2805 3210 ποιητὴς,
2833 3137 3156 3200 διδάσκαλος
3176 3139 3478 3209 ἀνθρώπων
3501 3138 3606 3190 τῶν
3639 3139 3797 3210 ἡδονῇ

2222 3234 2433 3304 τάληθῆ
2471 3234 2799 3304 δεχομένων
2834 3231 2925 3286 καὶ
2947 3230 3171 3294 πολλοὶς
3197 3231 3294 3302 μὲν
3333 3229 3640 3292 Ἰουδαίους,
3673 3230 3800 3282 πολ-

2222 3326 2348 3389 λοὺς
2392 3327 2449 3380 δὲ
2479 3327 2572 3380 καὶ
2599 3326 2692 3378 τοῦ
2747 3307 3058 3397 Ἐλληνικοῦ
3088 3325 3419 3394 ἐπηγάγετο.
3474 3325 3530 3375 ’0
3563 3323 3799 3393 Χριστὸς

2222 3413 2376 3480 οὗτος
2424 3412 2513 3486 ἦν,
2555 3417 2650 3469 καὶ
2700 3417 2860 3468 αὐτὸν
2908 3413 3130 3480 ἐνδείξει
3169 3415 3284 3467 τῶν
3310 3413 3542 3483 πρώτων
3585 3413 3798 3484 ἀνδρῶν

2225 3511 2356 3580 παρ’
2423 3511 2557 3580 ἡμῖν
2619 3507 2839 3578 σταυρῷ
2873 3506 3325 3576 ἐπιτετιμηκότος
3372 3504 3632 3570 Πιλάτου,
3697 3505 3800 3557 οὐκ

2222 3599 2536 3654 ἐπαύσαντο
2561 3601 2693 3652 οίτὸ
2731 3599 2952 3669 πρῶτον
2995 3599 3404 3669 ἀγαπήσαντες.
3455 3596 3657 3666 Ἐφάνη
3689 3597 3800 3663 γὰρ

2222 3693 2407 3754 αὐτοῖς
2437 3692 2628 3763 τρίτην
2662 3689 2803 3761 ἔχων
2854 3690 3069 3761 ἡμέραν
3114 3689 3275 3741 πάλιν
3324 3685 3454 3751 ζῶν,
3497 3686 3604 3737 τῶν
3638 3684 3800 3736 θείων

2226 3783 2519 3854 προφητῶν
2567 3781 2745 3836 ταῦτά
2786 3799 2845 3833 τε
2895 3782 3024 3851 περὶ
3072 3779 3402 3844 αύτοῦ,μκαὶ
3451 3777 3588 3832 ἄλλα
3629 3778 3802 3846 μυρία

2225 3874 2504 3944 θαυμάσια
2550 3874 2871 3946 εἰρηκότων.
2905 3874 2998 3936 Εἰς
3032 3874 3088 3926 δὲ
3122 3877 3184 3926 τὸ
3216 3871 3310 3925 νῦν
3349 3870 3462 3942 (12)
3500 3869 3611 3923 τῶν
3664 3869 3803 3940 Χρι-

2229 3967 2479 4033 στιανῶν,
2511 3967 2621 4022 ἀπὸ
2653 3965 2807 4020 τοῦδε
2849 3965 3278 4036 ὠνομασμένων,
3330 3965 3432 4016 οὐκ
3482 3963 3706 4016 ἐπέλιπε
3741 3962 3802 4015 τὸ

2227 4057 2411 4127 φῦλον.
2448 4075 2467 4108 ι
2516 4054 2658 4124 Ἐγὼ
2691 4056 2747 4108 δὲ
2789 4055 2909 4109 λίαν
2937 4053 3203 4125 θαυμάζω
3231 4054 3456 4124 τάνδρὸς
3481 4055 3539 4105 ἐν
3587 4051 3802 4115 πολλοῖς

2228 4149 2328 4218 μὲν
2360 4149 2421 4201 τὸ
2471 4148 2765 4218 φιλάληθες
2791 4165 2804 4179 ·
2860 4149 3096 4220 μαλίστα
3131 4148 3207 4211 δὲ,
3240 4150 3297 4201 ἐν
3345 4142 3426 4212 οἷς
3453 4143 3595 4211 εἷπε,
3647 4165 3666 4197 ι
3709 4148 3800 4199 Δι-

2222 4239 2488 4303 δάσκαλος
2516 4238 2817 4310 ἀνθρώπων
2844 4239 2951 4292 τῶν
2993 4240 3153 4310 ἡδονῇ
3185 4238 3390 4310 τάληθῆ
3422 4237 3751 4310 δεχομένων.
3779 4255 3797 4288 ι

2224 4332 2346 4385 Εἰσὶ
2380 4331 2489 4402 γὰρ
2535 4333 2584 4385 οί
2617 4331 2683 4385 δι’
2729 4331 3144 4403 ἀνυπέρϐλητον
3188 4331 3481 4404 ῥᾳθυμίαν,
3533 4323 3608 4383 ὧν
3660 4329 3800 4400 ἦσαν

2225 4425 2320 4477 καὶ
2352 4425 2402 4476 oi
2436 4424 2842 4495 ἀπιστήσαντες
2876 4423 3142 4490 Ἰουδαῖοι,
3175 4425 3266 4478 καὶ
3290 4423 3356 4477 τά
3386 4423 3506 4476 λίαν
3527 4413 3675 4493 σαφῆ
3709 4423 3801 4474 καὶ

543 4504 753 4571 cordia,
781 4515 834 4558 et
863 4501 1103 4555 infideles
1129 4499 1321 4567 Judaei,
1346 4500 1435 4569 qui
1463 4500 1626 4553 etiam
1656 4498 1810 4554 valde
1840 4499 2113 4569 perspicua

2228 4513 2348 4567 θεῖα
2379 4515 2848 4586 περιγραφόμενοι
2906 4514 3041 4586 (15),
3083 4515 3191 4568 ἀπὸ
3217 4515 3319 4586 τῆς
3365 4513 3571 4576 οἰκείας
3631 4513 3800 4584 ρᾳθυ-

544 4606 705 4663 atque
755 4594 931 4648 divina
989 4592 1314 4660 rejirientes,
1363 4608 1428 4645 ex
1479 4606 1573 4645 sua
1622 4592 1802 4659 potius
1845 4590 2117 4656 vecordia,

545 4702 705 4753 quam
738 4700 800 4738 ex
852 4701 1027 4737 rerum
1080 4685 1312 4753 ipsarum
1356 4681 1688 4736 obscuritate
1733 4679 1912 4734 ferant
1941 4681 2122 4736 calcu-

545 4775 678 4828 lum.
731 4774 788 4828 Si
833 4775 995 4842 igitur
1043 4776 1209 4828 etiam
1264 4774 1445 4827 hostes
1482 4773 1697 4827 veritati
1747 4785 1805 4824 se
1849 4785 2121 4839 opponere

549 4866 665 4918 ausi
702 4879 804 4917 non
857 4865 1115 4930 fuerunt,
1162 4866 1286 4935 quis
1335 4864 1423 4918 ille
1477 4863 1580 4918 erit
1635 4871 1741 4916 tam
1790 4860 2118 4926 obstinatus,

547 4955 637 5024 qui
666 4953 796 5007 nolit
827 4955 1079 5024 deinceps
1115 4958 1273 5012 fidem
1303 4954 1564 5011 adhibere
1591 4954 1755 5008 rebus
1786 4950 1899 5007 sole
1927 4949 2119 5006 clario-

549 5045 732 5099 ribus?

2233 4607 2382 4676 μίας,
2417 4605 2534 4658 ἀλλ’
2579 4607 2681 4660 οὐκ
2718 4606 2826 4660 ἀπὸ
2866 4606 2968 4674 τῆς
3001 4607 3110 4659 τῶν
3145 4607 3488 4678 πραγμάτων
3531 4603 3802 4674 ἀσαφείας

2229 4697 2492 4768 φέροντες
2539 4696 2640 4768 τὴν
2671 4697 2872 4768 ψῆφον.
2920 4697 2985 4750 Ei
3033 4697 3214 4750 τοίνυν
3261 4701 3356 4752 καὶ
3405 4698 3454 4751 oi
3503 4696 3695 4766 ἐχθροὶ
3734 4698 3798 4765 τῇ

2226 4787 2454 4860 ἀληθείᾳ
2490 4789 2808 4859 ἀντιϐλέψαι
2839 4791 2940 4843 οὐκ
2971 4790 3295 4861 ἐτόλμησαν,
3321 4789 3402 4853 τίς
3426 4791 3454 4842 ὁ
3483 4789 3803 4862 ἀπιστήσων

2227 4880 2338 4942 τοῖς
2363 4878 2516 4949 ἡλίου
2553 4880 2959 4953 φανερωτέροις
2997 4880 3357 4952 πράγμασινξ

1633 5217 1862 5275 νΑΒΙΔΞ
1895 5217 2279 5276 LECTIONES
2317 5219 2405 5276 ET
2445 5219 2678 5279 NOTAE}.

618 5399 718 5468 (9)”
747 5397 906 5468 aluta,
936 5397 1124 5468 eodem
1173 5405 1415 5458 auctore,
1461 5396 1582 5468 θείᾳ
1628 5397 1677 5450 in
1716 5397 1914 5468 οἰκείᾳ.
1964 5395 2118 5452 Vera.

549 5466 671 5522 inde
693 5467 726 5521 5
755 5466 897 5534 ἅψας
923 5481 984 5516 ex
1013 5467 1198 5516 emlem
1229 5477 1376 5516 verte
1399 5469 1449 5518 in
1473 5466 1624 5534 ἅψαι.
1658 5468 1869 5521 Possm.

619 5538 730 5608 (ill)
758 5539 995 5608 Γίνεται
1019 5535 1106 5587 δέ.
1130 5534 1519 5608 Testimonium
1539 5535 1754 5603 Josephi
1773 5535 1898 5592 .lud.
1926 5535 2118 5608 histor.

547 5606 870 5676 de‘tlhristo
910 5615 1086 5658 exSIat
1129 5606 1217 5658 lib.
1271 5619 1422 5657 xvni.
1476 5606 1860 5673 ‘Apxatolorq
1911 5621 2027 5676 cap.
2063 5606 2120 5661 4.

550 5675 726 5814 lhall.)
758 5743 888 5798 Cod.
925 5740 1045 5794 Vat.
1073 5742 1196 5807 650,
1229 5743 1438 5812 καιρόν.
1470 5742 1672 5797 Possm.

2307 5398 2566 5480 (l2)nEd_..
2614 5398 2935 5480 Paris.,_l'6£
2979 5402 3157 5458 τοίνυν
3201 5407 3312 5480 τῶν
3356 5426 3514 5480 χρηε.
3554 5410 3666 5480 Δοὖν
3711 5411 3803 5476 ἑξ-

2230 5467 2406 5542 έλι-πε.
2436 5469 2689 5542 Codicem
2711 5469 3034 5542 Vaticanum
3062 5467 3446 5542 Sequimur,"iit
3482 5478 3622 5532 infra
3655 5467 3797 5535 vers.

2231 5539 2357 5623 inde
2385 5548 2601 5623 quarto,
2634 5540 2722 5623 ubi
2749 5544 2835 5594 ed.
2863 5540 3036 5623 Paris.
3182 5539 3390 5623 legeba_t
3418 5565 3430 5599 :
3458 5547 3579 5623 Eia}
3616 5550 3728 5623 γὰρ
3753 5553 3804 5604 οἱ

2227 5607 2405 5680 avorti.
2424 5607 2544 5680 ῥᾳθ.
2576 5613 2916 5680 νοσήσαντες,
2937 5613 3036 5664 καὶ
3051 5614 3098 5665 oi
3124 5607 3308 5668 ἀπιᾶτ.
3355 5617 3505 5672 Ἰουδ“
3536 5607 3694 5675 Ευῖτ.

2302 5663 2586 5756 (ίῆ)’1ξ1ιξιιι
2619 5663 2739 5734 coll.
2780 5663 2915 5756 Val:
2936 5663 3800 5756 vnto-(vers.

2231 5761 2348 5817 seq.
2373 5747 2643 5817 ἀσαφείας
2675 5759 2849 5805 mutat
2894 5752 2945 5807 in
2986 5747 3304 5822 ἀσφαλείας.
3344 5747 3552 5814 Possm.
