4078 6366
495 326 530 391 =1
542 325 647 390 323

1707 321 1769 382 S.
1814 321 2111 382 ISIDORI
2150 322 2594 384 PELUSIOTA!

3651 323 3785 389 1324

505 437 584 492 rei
631 441 714 504 (ut
743 432 823 490 sic
857 431 1066 505 loquar)
1099 431 1352 488 identitas
1381 429 1594 488 evadat.
1630 429 1695 485 Et
1721 431 1940 486 omissis
1978 429 2094 500 plu-

2202 433 2500 502 σαφηνίσαι
2542 433 2618 497 ὡς
2649 431 2717 487 ἂν
2745 426 2858 497 οἷός
2887 448 2947 485 τε
2997 423 3044 485 ὧ
3094 429 3451 502 πειράσομαι.
3498 430 3668 501 Σοφός
3709 449 3789 497 τις

507 530 658 584 ribus
685 542 806 598 qua:
831 528 932 582 hac
960 528 1027 583 de
1062 543 1118 583 re
1142 527 1246 582 dici
1280 535 1522 598 possent,
1553 526 1606 580 id
1641 525 1786 596 quod
1827 524 1938 578 dixi
1971 524 2096 578 illu-

499 629 686 675 strare
721 629 980 689 quantum
1019 627 1231 689 potero,
1281 618 1542 674 conabor.
1595 615 1827 685 Sapiens
1875 617 2096 685 quidam

503 709 616 774 vir,
659 707 819 769 illius,
875 708 1119 778 inquam,
1155 707 1521 779 Syrachi,qui
1566 703 1901 776 Sapientiam
1949 703 2096 760 illam

500 798 855 869 conscripsit,
907 808 1304 869 repraesentans
1343 797 1664 867 sapientiam
1714 795 1862 850 velut
1909 811 2098 868 perso-

509 909 630 948 nam
663 892 978 961 quamdam,
1033 907 1155 946 cum
1204 907 1312 946 non
1345 890 1616 946 inveniret
1647 903 1754 959 quo
1801 898 1961 960 pacto
2003 904 2100 958 per

508 1001 676 1039 unum
709 983 927 1053 aliquod
975 981 1280 1052 exemplum
1324 989 1416 1036 aut.
1455 995 1615 1034 unam
1647 979 1883 1049 plantam
1926 979 2096 1050 ipsius

507 1075 968 1148 pulchritudinem
1001 1082 1056 1128 et
1084 1072 1475 1128 sublimitatem
1505 1080 1560 1126 et
1600 1072 1925 1126 suavitatem
1969 1072 2100 1126 odo-

505 1170 605 1234 ris,
650 1177 705 1224 et
734 1168 839 1223 alia
870 1181 991 1238 quae
1021 1166 1301 1237 sapientiae
1342 1168 1560 1230 adsunt,
1600 1162 1905 1229 exhiberet,
1939 1179 2102 1233 vaga-

507 1271 615 1327 tus,
647 1269 910 1331 quantum
959 1266 1189 1328 poterat,
1239 1272 1337 1328 per
1387 1256 1569 1312 omnia
1611 1257 1910 1326 gignentia,
1945 1255 2099 1310 etab

507 1368 837 1423 unoquoque
867 1365 1069 1423 genere
1097 1350 1358 1420 colligens
1384 1347 1434 1403 id
1462 1347 1604 1417 quod
1639 1346 1873 1400 maxime
1901 1360 2101 1402 conve-

511 1445 668 1500 niens
699 1452 862 1513 atque
895 1444 1149 1498 decorum
1178 1450 1298 1494 erat
1331 1439 1396 1494 ad
1429 1453 1548 1494 eam
1578 1437 2098 1508 repraesentandam,

509 1537 584 1591 ita
619 1550 740 1591 eam
777 1535 1086 1591 hominibus
1132 1531 1496 1598 adumbravit,
1530 1539 1592 1586 ut
1626 1531 1694 1588 ab
1731 1533 1832 1588 hac
1878 1531 2098 1602 quidem

509 1627 694 1696 planta
721 1626 1202 1698 pulchritudinem.
1235 1624 1302 1680 ab
1326 1624 1431 1678 alia
1459 1623 1872 1690 sublimitatem,
1899 1624 1967 1679 ab
1995 1623 2100 1678 alia

507 1719 696 1776 odoris
727 1720 1051 1776 suavitatem
1085 1733 1150 1773 ac
1201 1716 1558 1787 iragrantiam
1608 1717 1767 1787 quasi
1799 1723 2094 1783 mutuatus,

2201 523 2368 594 ἀνὴρ,
2399 523 2428 576 ὁ
2456 524 2550 578 τοῦ
2600 524 2773 597 Σιράχ
2805 541 2970 596 φημι,
3009 524 3039 576 ὁ
3071 524 3172 596 τὴν
3205 523 3318 593 (2i)
3348 513 3542 592 σοφίαν
3575 522 3792 596 ἐκείνην

2205 612 2550 683 συγγράψας,
2608 615 3107 686 προσωποποιήσας
3160 613 3258 685 τὴν
3306 611 3524 682 σοφίαν,
3571 612 3666 666 καὶ
3718 614 3794 686 μὴ

2203 705 2383 776 εὑρὼν
2418 706 2486 758 δι’
2532 705 2651 770 ἐνὸς
2679 705 3083 776 ὑποδείγματος
3114 705 3147 777 ἢ
3178 705 3245 758 δι’
3281 705 3399 769 ἑνὸς
3421 705 3588 774 φυτοῦ
3612 705 3675 759 τὸ
3699 707 3792 761 αύ-

2201 795 2304 865 τῆς
2359 796 2558 862 κάλλος
2604 814 2664 851 τε
2697 797 2792 851 καὶ
2833 797 2967 867 ὕψος
2998 797 3096 851 καὶ
3145 796 3246 867 τὴν
3297 797 3550 865 εὐωδίαν,
3603 797 3702 852 καὶ
3729 801 3796 855 τὰ

2203 885 2338 941 ἄλλα
2365 886 2434 940 τά
2459 888 2524 958 τῇ
2559 888 2722 958 σοφίᾳ
2755 888 3031 960 προσόντα
3066 887 3446 960 παραστῆσαι,
3492 888 3802 958 περιελθὼν

2203 977 2280 1041 ὡς
2308 973 2420 1042 οἷός
2441 996 2502 1032 τε
2542 975 2612 1051 ἦν
2641 979 2821 1034 πάντα
2847 981 2917 1033 τά
2952 979 3118 1050 φυτά,
3152 980 3250 1033 καὶ
3279 979 3372 1049 ἀφ’
3401 979 3636 1033 ἑκάστου
3669 981 3801 1035 συλ-

2206 1071 2506 1144 λεξάμενος
2534 1073 2592 1127 τὸ
2627 1073 2871 1146 ἁρμόζον
2903 1075 2998 1128 καὶ
3027 1074 3484 1146 πρεπωδέστατον
3517 1073 3657 1145 πρὸς
3690 1092 3803 1127 πα-

2209 1168 2476 1238 ράστασιν
2506 1169 2699 1240 αὐτῆς,
2735 1168 2880 1224 οὕτω
2927 1172 3040 1234 τοῖς
3089 1169 3401 1240 ἀνθρώποις
3452 1168 3800 1240 ὑπέγραψεν,

2207 1259 2296 1313 ἵνα
2323 1261 2431 1314 άπὸ
2468 1261 2565 1331 μὲν
2595 1260 2789 1315 τούτου
2831 1261 2927 1315 τοῦ
2957 1262 3128 1332 φυτοῦ
3158 1262 3220 1314 τὸ
3261 1261 3482 1324 κάλλος,
3512 1261 3624 1314 ἀπὸ
3643 1261 3689 1312 δ’
3712 1261 3801 1314 άλ-

2203 1348 2298 1403 λου
2324 1349 2386 1403 τὸ
2422 1350 2580 1420 ὕψος,
2612 1351 2724 1406 ἀπὸ
2745 1351 2801 1405 δὲ
2824 1351 3019 1424 ἑτέρου
3055 1351 3156 1424 τὴν
3192 1351 3426 1405 εὐωδίαν
3461 1351 3801 1423 ἐρανισάμε-

2201 1460 2314 1507 νος,
2344 1442 2440 1497 καὶ
2462 1441 2654 1517 ὥσπερ
2683 1447 2741 1499 ὲν
2781 1444 3045 1518 θησαυρῷ
3078 1463 3208 1512 τινι,
3238 1445 3297 1498 ού
3326 1445 3507 1500 πάντα
3527 1445 3597 1498 τὰ
3629 1461 3802 1517 προσ-

2199 1534 2333 1590 όντα
2370 1538 2486 1601 τοῖς
2537 1541 2761 1607 φυτοῖς,
2809 1537 2927 1592 ἀλλ’
2963 1540 3176 1603 ἐκεῖνα,
3227 1531 3304 1593 ὧν
3339 1537 3533 1609 χρείαν
3584 1533 3797 1608 εῖχενή

2202 1630 2388 1697 εἰκὼν,
2446 1629 2803 1702 παραλαϐὼν,
2853 1629 3004 1696 agre»;
3047 1647 3104 1684 τι
3144 1629 3247 1701 τῆς
3297 1629 3496 1700 σοφίας
3544 1628 3801 1699 ἐννοῆσαι

2202 1719 2616 1790 παρεσκεύασε.
2679 1722 2790 1776 Καὶ
2830 1723 2920 1776 ἵνα
2955 1721 3030 1793 μὴ
3079 1721 3381 1793 φαινοίμην
3414 1720 3666 1790 λεληθὼς
3717 1737 3800 1773 σοι

507 1823 564 1867 et
589 1812 705 1867 haec
738 1811 886 1866 velut
932 1810 985 1864 in
1035 1810 1294 1864 thesauro
1323 1808 1559 1878 quodam
1594 1807 1829 1878 reposita
1867 1808 2094 1877 habens,

2202 1813 2406 1878 ὄνειδος
2457 1813 2702 1886 ἀμαθίας
2744 1811 3233 1889 προστριϐόμενος,
3284 1813 3458 1879 αὐτὰς
3489 1815 3592 1868 οὐκ
3633 1811 3802 1877 ἔταξα

508 1918 614 1958 non
649 1902 902 1959 omnibus
937 1914 1056 1970 quae
1084 1899 1281 1968 plantis
1322 1899 1530 1965 insunt,
1583 1899 1678 1954 sed
1717 1898 1824 1955 illis
1864 1905 2093 1968 tantum,

2204 1903 2306 1970 τάς
2335 1905 2526 1977 ῥήσεις
2554 1906 2622 1970 ἃς
2653 1906 2912 1972 ἐναύλους
2933 1906 3079 1978 ἔχειν
3103 1925 3163 1961 σε
3197 1907 3365 1971 εἰκός.

510 1997 708 2067 quibus
742 1994 809 2050 ad
862 1993 1154 2062 imaginem
1204 1991 1590 2048 absolvendam
1640 2005 1776 2061 opus
1827 1999 1966 2057 erat,
2019 1997 2333 2068 assumptis,
2405 2000 2750 2056 occasionem
2813 1999 3002 2056 lectori
3078 1999 3347 2070 praeberet
3392 1997 3597 2069 aliquid
3642 1998 3797 2069 cogi-

513 2090 660 2144 tandi
713 2088 855 2160 quod
910 2087 1174 2158 sapientia
1221 2086 1446 2155 dignum
1499 2083 1658 2140 foret.
1705 2084 1774 2139 Et
1813 2101 1878 2140 ne
1918 2086 2106 2140 videar
2139 2090 2282 2145 aliud
2313 2108 2480 2163 agens
2543 2093 2638 2149 tibi
2691 2095 2997 2163 exprobare
3039 2093 3358 2160 ruditatem,
3413 2105 3519 2146 non
3571 2089 3801 2162 apposui

511 2185 601 2240 hic
630 2182 742 2253 ipsa
778 2179 944 2240 dicta,
971 2191 1091 2246 quae
1125 2176 1222 2230 tibi
1256 2174 1603 2230 familiariter
1647 2183 1773 2230 nota
1815 2188 1938 2230 esse
1981 2179 2254 2236 convenit.

864 2267 1026 2340 552
1066 2263 1348 2322 ccxxrx.
1384 2293 1456 2306 —
1482 2264 1757 2321 zosmo.

752 2362 831 2417 De
881 2361 1062 2416 diuina
1106 2361 1163 2414 in
1214 2361 1369 2416 terris
1413 2361 1850 2431 peregrinatione.

579 2455 953 2510 llumanorum
1001 2461 1352 2520 peccatorum
1399 2455 1719 2520 remedium,
1748 2453 1870 2508 Filii
1913 2453 2005 2511 Dei
2041 2453 2098 2510 in

506 2564 728 2603 carnem
759 2548 1045 2612 adventus,
1083 2559 1273 2601 omnes
1301 2543 1522 2616 quidem
1556 2560 1676 2600 cum
1711 2547 1956 2601 homines
1988 2556 2099 2600 tum

505 2639 779 2692 damnones
808 2636 1024 2702 terruit,
1053 2633 1161 2690 illis
1189 2634 1405 2704 quidem
1437 2635 1790 2704 persuadens,
1821 2647 1878 2690 ut
1909 2652 2097 2708 parce—

506 2741 629 2787 reut
661 2740 870 2785 natura:
897 2729 1012 2797 jam
1059 2727 1298 2782 consorti
1347 2727 1680 2796 divinitatis,
1735 2729 1933 2799 quippe
1975 2744 2095 2800 quae

505 2824 617 2878 Deo
665 2823 814 2876 unita
862 2821 980 2876 sit:
1015 2819 1152 2875 istos
1196 2833 1326 2875 vero
1375 2820 1670 2890 subigens,
1723 2829 1781 2876 ut
1840 2823 2095 2893 deinceps

505 2916 847 2970 abstinerent
881 2913 949 2970 ab
978 2912 1191 2968 insidiis
1225 2912 1490 2968 adversus
1517 2912 1766 2970 homines
1796 2915 2090 2979 struendis,

2702 2277 2873 2332 Σκθο.
2918 2308 2988 2317 -
3029 2277 3303 2349 ΖΩΣΙΜῼ.

2561 2365 2703 2434 Περὶ
2743 2363 2850 2434 τῆς
2885 2366 3051 2433 θείας
3091 2366 3437 2435 ἐπιδημίας.

2286 2455 2352 2510 Ἦ
2384 2455 2495 2511 τῶν
2521 2457 2879 2528 ἀνθρωπίνων
2912 2458 3292 2531 ἀμαρτιῶν....
3325 2458 3492 2533 (21H)
3528 2458 3628 2513 τοῦ
3664 2459 3798 2514 Υἱοῦ

2203 2545 2298 2601 τοῦ
2337 2547 2474 2602 Θεοῦ
2510 2548 2778 2623 ἕνσαρκος
2811 2553 3130 2622 ἐπιφάνεια,
3169 2552 3383 2616 πάντας
3420 2551 3518 2622 μὲν
3554 2551 3798 2624 ἐφόϐησε

2203 2642 2300 2698 καὶ
2351 2641 2679 2716 ἀνθρώπους
2712 2646 2810 2698 καὶ
2851 2645 3136 2716 δαίμονας,
3187 2645 3316 2709 τοὺς
3363 2643 3462 2716 μὲν
3512 2643 3799 2713 φείδεσθαι

2201 2734 2302 2806 τῆς
2355 2733 2574 2805 φύσεως
2603 2735 2863 2802 πείσασα,
2901 2737 2977 2801 ὡς
3025 2736 3145 2808 Θεῷ
3195 2735 3521 2806 ἑνωθείσηςο
3557 2735 3688 2801 τοὺς
3740 2736 3797 2790 δὲ

2203 2824 2505 2896 ἀπέχεσθαι
2537 2829 2636 2899 τῆς
2681 2827 2804 2880 κατ’
2844 2828 3024 2882 αὐτῶν
3065 2819 3362 2897 ἐπιϐουλῆς
3401 2826 3792 2895 ἁναγκὰσασα,

2201 2914 2279 2982 ὡς
2328 2919 2715 2990 ἀναμαρτήτου
2781 2917 2969 2972 λοιπὸν
3023 2917 3355 2990 γενομένης·
3411 2917 3473 2969 σὲ
3525 2915 3583 2969 δὲ
3643 2914 3794 2969 οὐδὲν

507 3017 694 3078 utpote
713 3019 945 3078 quorum
971 3013 1162 3060 natura
1183 3005 1293 3075 jam
1331 3005 1537 3076 peccati
1566 3020 1762 3076 expers
1789 3006 1841 3060 in
1871 3005 2092 3062 Christo

2205 3009 2414 3064 τούτων
2453 3011 2752 3082 ἐμάλαξεν,
2780 3010 2902 3064 οὐδὲ
2940 3009 3170 3065 δεδιέναι
3197 3008 3634 3081 παρεσκεύασεν,
3671 3007 3794 3062 οὐδὲ

499 3100 695 3155 eﬂeeta
745 3099 860 3154 sit:
894 3105 946 3154 te
984 3112 1117 3154 vero
1163 3096 1297 3153 nihil
1348 3097 1574 3154 istorum
1615 3097 1864 3166 emolliit,
1919 3113 2096 3168 neque

495 3201 749 3248 metuere
771 3189 923 3257 fecit,
949 3205 1124 3260 neque
1148 3192 1215 3246 ad
1243 3191 1653 3262 temperantiam
1684 3207 1748 3247 ac
1773 3191 2094 3248 modestiam

489 3287 765 3344 r-iustituit.
816 3285 942 3340 Sive
984 3285 1152 3356 igitur
1207 3285 1371 3340 homo
1414 3299 1506 3350 es,
1547 3285 1697 3354 prius
1745 3293 1797 3340 te
1843 3284 2092 3352 erudiat;

482 3384 620 3438 .sive
646 3381 853 3436 daemon
885 3377 1080 3449 aliquis
1109 3392 1191 3444 es,
1221 3377 1492 3448 posterius
1521 3385 1571 3432 te
1595 3376 1806 3441 doceat,
1854 3391 1922 3432 ne
1952 3390 2094 3447 pra:-

487 3473 840 3530 vstantissima
897 3481 1092 3528 natura
1135 3471 1200 3525 ad
1242 3469 1470 3526 allectus
1513 3479 1570 3526 et
1627 3468 2096 3540 concupiscentias

482 3564 796 3636 explendas
823 3563 1067 3620 abutare.
1103 3558 1299 3616 Venies
1321 3559 1468 3614 enim
1503 3557 1559 3614 in
1583 3558 1872 3630 judicium,
1915 3557 2096 3614 reddi-

2208 3105 2508 3176 σωφρονεῖν
2543 3102 3021 3176 ὲπαιδαγώγησεν.
3061 3104 3124 3157 El
3162 3102 3343 3157 τοίνυν
3396 3101 3689 3173 ἄνθρωπος
3719 3096 3792 3166 εί,

2205 3194 2282 3266 τῷ
2310 3195 2564 3267 προτέρῳ
2605 3195 2933 3266 παιδεύθητι
2954 3212 2966 3225 ο
3005 3197 3053 3249 εί
3100 3194 3156 3249 δὲ
3181 3193 3413 3266 δαίμων,
3443 3192 3523 3263 τῷ
3551 3191 3794 3262 δευτέρῳ

2196 3285 2499 3358 διδάχθητι,
2533 3286 2608 3359 μὴ
2631 3270 3082 3358 κατακεχρῆσθαι
3109 3287 3177 3358 τῇ
3223 3283 3485 3356 καλλίστῃ
3521 3281 3685 3352 φύσει
3710 3281 3794 3345 είς

2196 3378 2367 3450 πάθη.
2403 3379 2596 3445 Ἤξεις
2622 3379 2729 3452 γὰρ
2764 3381 2845 3443 εἱς
2878 3379 3082 3452 κρίσιν,
3109 3377 3318 3432 τούτων
3343 3377 3600 3432 ἁπάντων
3631 3371 3791 3427 εὐθύ-

2198 3489 2292 3535 νας
2323 3472 2558 3542 ὑφέξων,
2613 3474 2840 3546 καὶτῆς
2905 3475 3125 3547 μακρᾶς
3177 3472 3516 3545 ἀναλγησίας
3572 3467 3789 3542 μακρὸν

2197 3565 2740 3639 εἰσπραχθησόμενος
2767 3566 2947 3637 λόγον.
3003 3561 3008 3564 ’

486 3668 659 3716 .turus
700 3659 892 3714 borum
980 3657 1222 3713 omnium
1263 3653 1524 3720 rationes,
1565 3663 1618 3707 et
1659 3653 1926 3708 diuturna:
1975 3652 2133 3722 hujus
2210 3658 2517 3718 indolentia:
2575 3676 2657 3717 ac-
2689 3661 2928 3734 stuporis
2973 3661 3286 3718 diuturnam
3338 3659 3635 3731 exigendus
3694 3668 3786 3709 ra-

500 3762 724 3809 uonem.
791 3839 1054 3899 CCXXX.
1073 3870 1144 3880 —
1164 3835 1418 3894 ALPHIO
1448 3834 1800 3893 EPISCOPO.

1062 3933 1137 3988 De
1175 3930 1552 3987 Sennaclterib.

2469 3832 2591 3885 ΣΛ’.
2632 3860 2703 3872 -
2738 3832 2944 3906 ΑΛΦΙῼ
2981 3831 3093 3905 (25)
3121 3832 3494 3906 ΕΠΙΣΚΟΠῼ.

2631 3923 2770 3994 Περί
2798 3924 2906 3978 τοῦ
2935 3924 3330 3995 Σεναχειρήμ.

576 4031 842 4100 Quoniam
869 4027 1248 4084 Sennacherih
1277 4026 1479 4094 majora
1513 4040 1673 4097 quam
1697 4038 1795 4094 pro
1826 4033 2020 4078 natura
2042 4031 2094 4079 et

2277 4018 2499 4090 Ἐπειδὴ
2553 4019 2582 4071 ὁ
2631 4018 2974 4091 Σεναχειρὴμ
3029 4017 3382 4090 ἀνθρωπίνης
3431 4019 3651 4089 φύσεως
3689 4026 3786 4079 καὶ

503 4125 714 4181 viribus
747 4120 1003 4178 humanis
1033 4120 1271 4177 minatus
1301 4126 1385 4174 est
1419 4117 1683 4183 Ezechim,
1717 4118 1840 4172 ideo
1863 4116 2094 4187 propria

2202 4111 2476 4184 δυνάμεως
2520 4110 2744 4182 μείζονα
2775 4111 3043 4182 ¹Ιγεοείλησεε
3096 4111 3173 4183 τῷ
3217 4111 3460 4184 Ἐζεκίᾳ,
3495 4113 3585 4167 διὰ
3620 4116 3787 4172 τοῦτο
3871 4179 3876 4184 η

503 4213 896 4272 imbecillitatis
931 4210 1237 4268 nullitatem
1274 4209 1547 4280 cognovit.
1599 4208 1735 4263 Nam
1774 4208 1865 4278 qui
1907 4222 2094 4279 spera-

2202 4208 2331 4278 ἔγνω
2370 4209 2470 4281 τῆς
2507 4208 2716 4273 οἰκείας
2745 4208 3034 4274 ἀσθενείας
3057 4209 3160 4281 τὴν
3205 4209 3498 4266 οὐδένειαν.
3559 4213 3618 4265 '0
3671 4215 3784 4287 γὰρ

497 4311 596 4363 hat
628 4319 688 4362 se
725 4304 1155 4375 Hierosolymam
1199 4305 1378 4374 primo
1409 4302 1565 4372 quasi
1606 4301 1810 4372 impetu
1855 4311 1914 4356 et
1963 4315 2086 4356 cum

2202 4303 2253 4368 ἐξ
2283 4301 2583 4374 ἐπιδρομῆς
2617 4302 2715 4357 καὶ
2773 4302 3024 4357 αὑτοόοεὶ
3071 4302 3459 4374 προσδοκήσας
3504 4304 3648 4360 ἑλεῖν
3681 4309 3782 4378 τὴν

496 4401 732 4472 primunt
757 4396 1065 4454 sustulisset
1085 4395 1406 4459 clamorem,
1428 4402 1736 4463 capturum,
1763 4393 1810 4448 is
1830 4391 2086 4447 universo

2205 4393 2587 4466 Ἰερουσαλὴμ,
2624 4396 2805 4449 πᾶσαν
2834 4393 3022 4466 σχεδὸν
3039 4394 3137 4465 τὴν
3169 4393 3436 4465 στρατιὰν
3465 4395 3594 4450 ἄνευ
3619 4397 3780 4453 πολέ-

495 4492 614 4546 fere
655 4489 900 4546 exercitu
932 4489 1141 4557 absque
1170 4487 1423 4545 conﬂictu
1455 4486 1627 4557 praelii
1677 4485 1899 4550 amisso,
1950 4499 2088 4556 prae-

2202 4504 2298 4559 μου
2336 4488 2431 4540 καὶ
2478 4487 2660 4558 μάχης
2710 4484 3036 4552 ἀποϐαλὼν,
3077 4485 3368 4558 ἀγαπητὸν
3412 4487 3662 4558 ἡγήσατο
3717 4490 3782 4544 τὸ

498 4583 652 4638 clare
671 4595 854 4636 secum
875 4579 959 4648 agi
986 4577 1229 4648 putabat,
1254 4576 1299 4630 si
1325 4575 1408 4630 vel
1432 4575 1577 4631 solus
1597 4574 1778 4630 salvus
1804 4572 2082 4631 evaderet.

2202 4577 2521 4650 5ιασωθῆναι
2551 4579 2732 4649 μόνον.
2763 4576 3054 4650 Διαφυγὼν
3104 4578 3150 4632 δ’
3180 4579 3388 4644 οἴκαδε,
3425 4580 3530 4632 ὑπὸ
3564 4581 3673 4636 τῶν
3703 4585 3782 4636 oi-

502 4673 638 4727 Cum
675 4681 857 4726 autem
898 4671 1118 4724 domum
1161 4666 1512 4738 profugisset,
1549 4681 1580 4722 a
1620 4667 1733 4723 suis
1770 4663 2084 4722 domesticis

2202 4671 2356 4726 itsth
2383 4670 2624 4743 ἀνῃρέθη
2650 4670 2786 4742 (24),
2823 4672 2888 4725 ἵν’
2916 4669 3053 4741 ὁμοῦ
3096 4671 3194 4726 καὶ
3223 4671 3324 4743 τὴν
3361 4671 3573 4727 οἰκείαν
3612 4673 3778 4728 ἀσθέ-

499 4764 861 4832 interemptus
883 4770 989 4826 est,
1026 4770 1086 4815 ut
1115 4760 1276 4815 simul
1304 4771 1360 4814 et
1383 4774 1538 4815 suam
1573 4769 1896 4830 agnosceret
1925 4758 2078 4814 inﬁr-

2202 4781 2337 4820 istav
2367 4763 2546 4836 γνοίη,
2572 4763 2668 4817 καὶ
2699 4764 2775 4836 μὴ
2799 4762 3052 4834 διαφύγοι
3085 4765 3186 4835 τὴν
3215 4764 3392 4836 δίκην.

492 4854 766 4918 anitatem,
815 4861 870 4908 et
903 4850 1132 4918 iustitia:
1167 4852 1364 4907 divinae
1405 4851 1934 4907 animadversionem
1970 4865 2078 4906 non

493 4945 779 5018 eﬂ‘ugeret.

1617 5059 1852 5116 VARle
1890 5057 2278 5116 LECTIONES
2314 5055 2403 5110 ET
2433 5053 2668 5111 ΝΟΤΔΕ.

573 5205 683 5277 (‘21)
745 5200 869 5277 lfost
902 5202 932 5254 ὁ
961 5199 1060 5270 τὴν
1088 5198 1240 5277 addit
1273 5198 1412 5277 idem
1459 5198 1765 5277 πανάρεςτον
1797 5206 1851 5252 et
1887 5194 2074 5277 sequi-

2202 5191 2561 5277 {ircumﬂectit
2609 5191 2732 5247 cod.
2795 5189 2974 5250 Vatic.
3047 5192 3155 5252 650
3216 5196 3465 5255 scribens
3543 5196 3768 5270 Ἀλφιῷ.

497 5265 603 5342 tur',
641 5265 859 5343 σοφίαν,
892 5265 1057 5340 agetis
1094 5270 1161 5343 de
1199 5268 1585 5343 Ecclesiastico
1612 5265 2077 5343 flibrocanonico
2185 5265 2396 5343 Possis.

497 5329 659 5414 quem
689 5329 1269 5414 alibi,'ut"notavimus,
1295 5338 1482 5402 ἁπλῶς
1507 5348 1560 5393 et
1581 5342 1697 5393 sine
1725 5338 1908 5393 addito
1937 5353 2075 5390 παν·

2261 5335 2375 5414 (id)
2419 5329 2559 5414 Ὑπὸ
2603 5331 3001 5414 τῶν-σίκείων
3037 5335 3325 5407 ἀνῃρέθη.
3371 5337 3765 5414 Sennacherib.

497 5401 692 5485 ἆρεςτον
716 5401 1011 5485 nuncupat.
1047 5401 1264 5485 Possm.
1465 5401 1499 5485 '_
1564 5480 1575 5485 _
1615 5475 1628 5485 _
1786 5478 1798 5485 _
1884 5475 1926 5485 Α
2187 5401 2282 5485 re};
2314 5401 2684 5485 Ass_yrius,_e_x
2718 5401 3170 5485 Judmadomutii:
3191 5401 3522 5485 reversus,'a
3549 5407 3770 5485 duobus

567 5483 678 5553 (εἳ)
713 5474 1058 5553 Ἀμαρὲιῷν.
1087 5478 1504 5553 Υἱᾴοιιιτηεεαυί
1537 5475 2069 5553 -όοδθτθμάντίδοτος,

2202 5475 2322 5553 iliis
2343 5477 2456 5553 suis
2484 5474 2784 5530 trucidatus
2807 5487 2891 5530 est
2911 5478 2966 5553 in
2997 5478 3369 5553 temploquod
3398 5489 3517 5534 erat
3548 5477 3768 5543 Ninive,

493 5547 891 5626 VeiOe'parz'eiei,
922 5550 1006 5606 vel
1038 5551 1180 5622 quod
1209 5547 1723 5618 simile‘epitheton,
1761 5549 1848 5603 hic
1878 5548 1932 5602 in
1964 5560 2069 5601 ms.
2181 5548 2268 5600 ubi
2311 5547 2509 5600 idolum
2557 5559 2714 5600 suum
2749 5547 3162 5626 venerabatur;-
3182 5547 3313 5603 Vide
3344 5549 3553 5626 Isaiam
3583 5559 3771 5626 extre-

494 5617 776 5678 omissum.
817 5621 982 5678 Rtr'r.
1054 5617 1072 5622 “
1463 5617 1468 5618 “
1989 5686 1999 5688 _
2180 5631 2269 5688 nio
2322 5631 2443 5687 cap.
2492 5629 2702 5681 sum.
2751 5625 2807 5673 et
2852 5617 2947 5676 lib,
2977 5617 3047 5674 ιγ
3099 5619 3232 5688 Reg.
3256 5659 3272 5688 ,
3311 5636 3362 5678 c.
3400 5635 3495 5676 xu
3539 5621 3595 5676 in
3637 5620 3768 5676 line.

565 5692 678 5763 (οδ)
709 5692 816 5747 Nec
851 5693 978 5763 iliud
1003 5691 1270 5763 minutum
1307 5687 1634 5763 neglexerint
1671 5699 1688 5740 :
1721 5701 1919 5743 nomen
1952 5686 2071 5755 ejus
2179 5684 2343 5742 Rtrr.

499 5757 584 5817 cui
617 5757 730 5819 haec
757 5761 990 5833 epistola
1033 5757 1291 5816 scribitur
1319 5757 1375 5815 iu
1405 5759 1590 5816 ultima
1621 5765 1821 5827 printer
1862 5771 2068 5814 morem
