4078 6378
385 322 520 388 1325

1394 324 1929 385 EPISTOLARUM
1968 325 2112 384 LIB.
2155 327 2220 387 V.
2253 352 2322 361 -·
2353 328 2588 400 EPIST.
2632 329 2718 392 ll.

1727 623 1866 678 ΤΩΝ
1908 623 2047 679 ΤΟΥ
2085 623 2298 680 ΛΓΙΟΥ

903 785 1604 904 ΙΣΙΔΩΡΟΥ
1677 787 1980 906 ΤΟΥ
2056 783 3157 912 ΠΗΛΟΥΣΙΩΤΟΥ

1358 1041 2008 1131 ΕΠΙΣΤΟΛΩΝ
2080 1044 2526 1131 ΒΙΒΛΙΟΝ
2600 980 2720 1130 E'.

1083 1399 1216 1530 S.
1339 1399 1935 1530 ISIDORI
2035 1405 2974 1535 PELUSIOTfE

1583 1660 2510 1773 EPISTOLARUM

1447 1911 1866 2002 LIBER
1953 1911 2612 2018 QUINTUS

1181 2104 1380 2158 Andrea
1408 2101 1608 2154 Schouo
1632 2098 1990 2165 Antuerpiensi,
2013 2101 2131 2152 Soc.
2155 2102 2275 2152 Iesu
2294 2103 2603 2172 Presbytero,
2628 2106 2904 2172 intem-etc.

916 2427 997 2482 A'.
1032 2457 1096 2467 —
1133 2422 1458 2498 ΑΝΤΙΟΧῼ.

2469 2424 2629 2496 553
2659 2424 2701 2481 l.
2733 2454 2796 2465 --
2823 2423 3195 2484 ANTIOCHO.

1063 2519 1238 2573 Animi
1264 2518 1598 2589 corporisque
1623 2518 1918 2574 moderatio
1949 2519 2149 2589 optima
2181 2516 2421 2590 (Similia
2447 2519 2540 2573 lib.
2572 2536 2632 2588 ιι,
2663 2519 2820 2589 epist.
2855 2520 3009 2591 2-H.)

468 2633 684 2704 Ὠσπερ
736 2633 794 2686 ὲν
843 2631 957 2696 τοῖς
997 2631 1250 2702 σώμασιν
1293 2629 1404 2685 ἀπὸ
1436 2631 1750 2697 πλεονεξίας
1774 2633 1832 2688 αί
1858 2633 2021 2686 δυσ-‹

2167 2633 2235 2690 Ut
2257 2634 2309 2689 in
2328 2634 2583 2690 humanis
2601 2636 2925 2706 corporibus
2945 2652 3010 2693 ex
3026 2635 3318 2693 humorum
3340 2639 3677 2696 aoundantia

387 2724 620 2796 κρασίαι
680 2723 957 2792 γίνονται·
1016 2723 1146 2776 ὅταν
1197 2721 1307 2794 γὰρ
1354 2722 1482 2787 τοὺς
1535 2721 1773 2786 οἰκείους
1823 2723 1984 2794 ὄρους

391 2818 604 2887 ἀφέντα
632 2816 703 2870 τὰ
746 2817 1011 2886 στοιχεῖα,
1044 2813 1312 2885 ὑπερόρια
1342 2813 1562 2884 γίνηται
1603 2814 1699 2868 καὶ
1730 2815 1810 2878 είς
1841 2814 1983 2886 ἀμε-

389 2909 553 2980 τρίαν
585 2907 822 2981 ἐκπέσῃ,
854 2907 976 2960 τότε
1012 2905 1069 2959 αἱ
1098 2905 1243 2959 νόσοι
1275 2899 1374 2959 καῖ
1401 2906 1451 2959 οἱ
1477 2905 1704 2977 χαλεποὶ
1747 2905 1984 2978 συμϐαί-

388 3017 546 3054 νουσι
571 2999 814 3054 θάνατον
842 2996 987 3051 οὕτω
1011 2996 1149 3070 κᾲπὶ
1163 2994 1273 3049 τῶν
1296 2995 1506 3068 ψυχῶν.
1528 2998 1590 3050 El
1614 2997 1724 3068 γὰρ
1746 2997 1856 3052 ἀπὸ
1886 2997 1984 3052 τοῦ

393 3091 677 3165 σώφρονος
711 3091 828 3162 βίου
881 3092 964 3154 είς
990 3089 1163 3162 ὀργὴν
1195 3088 1672 3163 ἐκκυλισθείημεν,
1707 3090 1802 3144 καὶ
1833 3107 1986 3146 τετυ-

391 3186 639 3257 φωμένοι
665 3186 761 3239 καὶ
793 3183 1184 3256 δουλοπρεπεῖς
1220 3183 1509 3253 γινόμεθα,
1544 3183 1614 3237 δι’
1645 3183 1856 3237 ἐκείνου
1885 3183 1986 3255 μὲν

395 3279 654 3354 μισητοὶ,
705 3279 795 3334 διὰ
847 3281 1041 3336 τούτου
1097 3277 1156 3331 δὲ
1215 3277 1614 3347 καταγέλαστοι
1677 3277 1982 3350 γινόμενοι.

404 3372 690 3437 Ἐναντίας
717 3371 828 3443 γὰρ
874 3369 1077 3435 κακίας
1120 3369 1443 3443 κιρνῶντες,
1471 3369 1732 3426 ἁπόνοιάν
1761 3389 1821 3424 τε
1845 3369 1983 3442 ὁμοῦ

392 3466 492 3521 καὶ
521 3464 838 3530 κολακείαν,
871 3463 964 3518 καὶ
1010 3463 1170 3535 μίσος
1201 3463 1584 3537 κερδαίνομεν,
1628 3464 1724 3518 καὶ
1773 3463 1987 3532 γέλωτα

390 3557 819 3629 ὀφλισκάνομεν.
865 3555 1007 3609 Ἀλλ’
1049 3555 1144 3610 ἐὰν
1175 3553 1274 3626 τὴν
1303 3553 1618 3622 πλεονεξίαν
1649 3555 1744 3609 τοῦ
1779 3555 1987 3620 πάθους

395 3650 810 3721 περικόψωμεν,
861 3648 960 3702 καὶ
1019 3647 1267 3702 ταπεινοὶ
1329 3647 1468 3718 μετὰ
1523 3647 1830 3718 ἀκριϐείας,
1891 3649 1987 3704 καὶ

393 3741 598 3812 ὑψηλοὶ
662 3741 801 3812 μετὰ
847 3739 1154 3810 ἀσφαλείας
1203 3739 1458 3812 ἐσόμεθα.
1515 3740 1753 3812 Τοιαύτη
1799 3739 1908 3812 γὰρ
1953 3742 1986 3811 ὴ

394 3835 530 3905 παρ’
567 3834 698 3905 ἡμῖν
731 3832 1043 3902 φιλοσοφία,
1081 3831 1555 3905 μετριοφροσύνην
1587 3832 1683 3886 καὶ
1720 3832 1856 3904 ὕψος
1906 3834 1987 3897 εἰς

398 3927 533 3999 μίαν
582 3925 780 3980 συνείει
815 3924 929 3997 (25)
983 3925 1199 3998 ψυχήν·
1251 3924 1723 3997 μετριοφροσύνην
1763 3926 1883 3997 μὲν,
1910 3928 1988 3997 τῷ

2087 2726 2252 2782 variat
2303 2727 2578 2782 exsistunt
2637 2726 3024 2800 intemperies,
3068 2730 3233 2796 dum,
3279 2733 3673 2788 excedentibus

2086 2812 2222 2868 ﬁnes
2277 2827 2408 2872 suos
2455 2814 2767 2883 elementis,
2826 2818 2976 2874 nimii
3019 2818 3155 2874 ﬁunt
3193 2828 3248 2875 et
3300 2821 3676 2885 immoderati.

2086 2904 2229 2962 unde
2257 2905 2431 2962 morbi
2449 2915 2768 2973 nascuntur,
2793 2919 2846 2963 et
2864 2909 3090 2965 molesta
3115 2925 3261 2966 mors
3294 2913 3678 2982 subsequitur;

2087 2997 2228 3054 idem
2292 3006 2348 3053 et
2405 2999 2606 3054 animis
2672 3001 2893 3057 accidit.
2947 3000 3004 3056 Si
3049 3003 3193 3058 enim
3266 3018 3295 3059 a
3357 3006 3678 3074 temperanti

2087 3090 2408 3163 placidaque
2446 3101 2628 3147 meme
2668 3093 2723 3148 in
2771 3094 3069 3151 iracundia:
3113 3095 3355 3152 furorem
3407 3099 3528 3168 quis
3565 3114 3671 3154 una

2087 3186 2386 3256 praecipitet
2419 3186 2690 3257 typhoque
2709 3188 2898 3242 ardeat
2925 3189 3198 3260 superbia:
3213 3199 3376 3260 atque
3413 3191 3672 3247 servilem

2087 3278 2142 3332 in
2174 3279 2390 3333 modum
2415 3291 2536 3333 sese
2561 3285 2736 3347 gerat,
2761 3293 2828 3333 ex
2851 3278 2957 3334 illis
2978 3279 3197 3350 quidem
3221 3281 3461 3347 odiosus,
3482 3295 3548 3336 ex
3571 3282 3676 3337 hoc

2090 3383 2217 3424 vero
2257 3369 2422 3422 etiam
2481 3367 2742 3422 ridiculus
2795 3370 3194 3426 evadet..Mala
3251 3374 3396 3428 enim
3447 3372 3680 3429 invicem

2085 3459 2384 3530 pugnantia
2425 3459 2735 3525 miscendo,
2782 3459 3078 3515 amentiam
3112 3463 3331 3532 quidem
3356 3503 3372 3529 ,
3423 3472 3672 3520 assenta-

2089 3551 2291 3608 tionem
2330 3561 2385 3606 et
2425 3551 2610 3607 odium
2652 3552 2939 3622 acquirat,
2967 3561 3022 3608 et
3051 3553 3172 3609 aliis
3203 3555 3372 3609 risum
3414 3556 3676 3626 praebeat.

2087 3644 2159 3701 At
2201 3647 2246 3702 si
2281 3645 2626 3701 immodicam
2687 3657 2930 3701 momum
2977 3647 3142 3702 animi
3192 3647 3530 3704 allectionem
3586 3664 3679 3703 re-

2089 3752 2362 3803 secemus,
2394 3748 2451 3796 et
2490 3739 2704 3809 egregie
2751 3738 2981 3795 humiles
3047 3747 3100 3794 et
3141 3748 3257 3795 tuto
3306 3742 3504 3797 excelsi
3549 3743 3676 3796 red-

2089 3833 2300 3890 domur.
2337 3831 2467 3888 Haec
2508 3842 2591 3888 est
2625 3833 2771 3889 enim
2814 3843 2998 3888 nostra
3048 3832 3466 3903 philosophandi
3512 3835 3677 3902 ratio,

2094 3935 2154 3978 ut
2201 3925 2521 3980 modestiam
2558 3939 2652 3980 seu
2696 3925 3110 3994 temperantiam
3153 3935 3208 3981 et
3263 3928 3680 3996 generositatem
3797 3981 3806 3988 ,

397 3997 544 4075 κατὰ
601 4019 830 4090 μηδενὸς
888 4017 1256 4089 ἐπαίρεσθαιο
1327 4017 1459 4088 ὕψος
1518 4019 1596 4084 δὲ,
1651 4018 1729 4089 τῷ
1785 4019 1992 4090 μηδένα

2095 4016 2186 4070 uni
2220 4016 2404 4071 animo
2431 4015 2764 4072 inseramus.
2789 4014 3110 4072 Modestiam
3141 4019 3384 4088 quidem,
3416 4029 3473 4073 ut
3513 4034 3678 4090 oppo-

403 4108 593 4176 ἀξιοῦν
619 4108 958 4164 κολακεύειν.

398 4312 473 4367 B'.
509 4342 579 4354 —
600 4313 998 4384 EPMOI‘ENEI
1035 4311 1158 4384 est
1176 4311 1581 4384 umqum),
1617 4313 1740 4366 ΚΑΙ
1775 4312 1990 4368 ΛΕΟΝ-

896 4383 1010 4454 Tro
1046 4379 1492 4436 entzxouom.

2097 4124 2195 4164 nas
2219 4119 2274 4164 te
2301 4109 2536 4176 nemini;
2574 4110 2998 4179 generositatem
3032 4124 3194 4176 vero,
3237 4119 3298 4166 ut
3331 4111 3463 4166 nulli
3499 4127 3681 4168 assen-

2095 4202 2314 4257 tandum
2337 4217 2458 4259 esse
2479 4202 2782 4259 existimes.

2309 4314 2376 4370 Il.
2399 4346 2464 4362 -ο
2493 4313 2924 4376 HERMOGENI,
2951 4313 3305 4370 LAMPETIO
3326 4355 3341 4382 ,
3377 4315 3467 4370 ET

2512 4384 2836 4451 LEONTIO,
2867 4383 3252 4440 EPISCOPIS.

1257 4491 1368 4546 Pro
1399 4491 1650 4562 improbis
1681 4490 1962 4546 orandum.
2009 4492 2141 4550 Vide
2170 4495 2271 4566 inf.
2309 4497 2464 4566 epist.
2498 4497 2602 4552 105
2624 4507 2673 4552 et
2697 4496 2822 4554 440.

468 4611 532 4664 Εἰ
560 4607 811 4681 καὶπρὸς
835 4603 1108 4677 Ζώσιμον,
1135 4601 1230 4658 καὶ
1255 4601 1574 4668 Εὑστάθιον,
1600 4600 1697 4657 καὶ
1721 4602 1986 4674 Μάρωνα,

393 4702 597 4774 ἄνδρας
633 4700 772 4772 μήτε
801 4715 855 4753 τι
886 4695 1122 4770 χρηστὸν
1151 4693 1366 4749 οἴκοθεν
1412 4693 1806 4764 κεκτημένους,
1847 4693 1988 4765 μήτε

391 4798 495 4866 τὴν
537 4793 648 4849 ἀπὸ
685 4791 796 4846 τῶν
845 4788 1191 4862 πραγμάτων
1237 4785 1565 4858 δεχομένους
1612 4784 1985 4852 διδασκαλίαν,

395 4889 540 4960 μήτε
571 4886 670 4959 τὴν
698 4883 853 4956 παρὰ
878 4882 987 4937 τῶν
1017 4881 1193 4936 ἄλλων
1222 4878 1537 4951 συμϐουλὴν
1569 4880 1986 4950 προσιεμένους,

391 4981 511 5035 ἀλλ’
573 4981 656 5044 είς
724 4975 1158 5050 ὡμολογημένην
1215 4972 1493 5028 ἀπώλειαν
1554 4972 1987 5037 ἐκπεπτωκότας

393 5070 678 5142 πάρελκόν
709 5071 847 5135 ὲστι,
879 5067 1121 5138 κρίνετε,
1153 5064 1284 5135 περὶ
1314 5063 1425 5118 τῶν
1449 5064 1839 5136 προσηκόντων
1867 5064 1985 5119 δια-

391 5162 687 5231 λέγεσθαι⁸
725 5161 930 5228 suam
978 5158 1180 5212 δίκαιοι
1231 5157 1298 5210 ἂν
1329 5156 1480 5226 εἴητε
1521 5155 1709 5227 εὐχαῖς
1759 5155 1898 5225 πρὸς
1927 5155 1987 5208 τὸ

2161 4607 2275 4664 Etsi
2311 4611 2377 4664 ad
2407 4609 2704 4679 Zosimum,
2730 4620 2784 4666 et
2826 4608 3195 4678 Eustathium,
3252 4619 3308 4666 et
3364 4609 3666 4679 Maronem,

2089 4701 2244 4758 viros
2289 4717 2467 4772 neque
2501 4717 2569 4758 ex
2610 4717 2732 4759 sese
2771 4702 3070 4773 quidquam
3113 4703 3428 4774 sapientes,
3478 4720 3581 4761 nec
3613 4722 3681 4763 ex

2091 4806 2275 4847 rerum
2332 4792 2668 4862 experientia
2741 4793 3123 4863 proﬁcientes,
3192 4809 3372 4866 neque
3448 4796 3680 4853 aliorum

2091 4882 2308 4952 quidem
2348 4882 2593 4938 consiliis
2627 4883 3066 4953 acquiescentes,
3111 4881 3277 4957 554
3306 4885 3401 4940 sed
3431 4884 3484 4940 in
3519 4900 3681 4957 aper-

2091 4983 2203 5031 tum
2263 4973 2546 5045 prolapsos
2610 4974 2942 5040 interitum,
2991 4974 3057 5030 de
3112 4976 3278 5030 rebus
3349 4976 3679 5032 necessariis

2087 5065 2252 5120 verba
2302 5065 2485 5120 facere
2526 5062 2870 5134 superﬂuum
2915 5078 3037 5120 esse
3057 5063 3317 5134 iudicetis
3347 5083 3362 5120 :
3395 5065 3676 5122 nihilomi-

2086 5173 2188 5214 nus
2217 5173 2434 5228 aequum
2472 5158 2633 5214 fuerit
2671 5173 2861 5228 preces
2890 5157 2958 5212 ad
2990 5157 3156 5213 Deum
3192 5174 3291 5229 pro
3320 5159 3388 5214 iis
3425 5159 3672 5212 fundere.

393 5254 539 5308 θεῖον
573 5251 901 5330 ,χρήσασθαι
950 5250 1115 5320 τάχα,
1155 5247 1274 5311 πῶς
1320 5246 1520 5311 αὐτοὺς
1575 5248 1642 5299 ὲκ
1690 5245 1785 5298 τοῦ
1815 5243 2021 5322 βυθοῦ,

2088 5249 2252 5308 Forte
2299 5266 2395 5308 eos
2440 5265 2471 5306 e
2521 5251 2785 5307 barathro
2833 5250 3052 5306 malitiae
3100 5251 3180 5308 sic
3219 5250 3538 5310 extralietis.
3579 5249 3674 5306 Dei

390 5345 491 5415 τῆς
522 5345 725 5408 κακίας
763 5344 1070 5414 ἁνιμήσητε
1089 5354 1106 5370 °
1156 5339 1300 5394 θεῖον
1326 5338 1435 5411 γάρ
1463 5341 1612 5392 ἐστιν
1641 5337 1716 5401 ὡς
1745 5336 1888 5390 ἔοικε
1921 5336 1981 5390 τὸ

392 5435 556 5508 ἔργον

2090 5344 2235 5398 enim
2267 5358 2429 5399 omne
2475 5343 2527 5399 id
2563 5357 2700 5414 opus
2719 5357 2840 5400 esse
2867 5351 3102 5401 constat.

1525 5604 1764 5661 VARUS
1807 5603 2190 5662 LECTIONES
2228 5604 2316 5659 ET
2357 5603 2590 5662 ΝΟΤιΕ.

468 5771 582 5842 βε)
629 5767 737 5825 Pro
787 5765 987 5824 συνείει
1039 5764 1159 5822 cod.
1215 5763 1332 5820 Vat.
1391 5761 1495 5818 650
1543 5761 1672 5833 legit
1726 5761 1964 5833 συνάγει.
2002 5761 2212 5819 Possm.
