4078 6368
511 307 646 374 I327

1060 415 1146 472 Ill.
1167 445 1234 454 —
1259 412 1508 471 PAULO.

1670 297 1730 356 S.
1773 297 1874 356 ISI
1885 295 2069 357 DORI
2109 297 2548 360 PELUSIOT/E

3651 314 3765 385 I328

2777 412 2850 468 ιν.
2876 444 2944 456 -
2970 415 3225 488 nano.

1043 509 1120 566 De
1150 525 1324 564 rerum
1351 509 1706 562 humanarum
1743 509 2015 563 vanitate.
2061 506 2260 572 Confer
2286 507 2386 575 inf.
2413 522 2496 576 ep.
2529 506 2630 562 271
2673 519 2720 562 et
2749 510 2902 577 epist.
2928 509 3026 566 25l
3063 511 3155 565 lib.
3188 527 3272 567 ιιι.

585 629 643 685 Si
679 627 883 684 divitia:
911 635 967 683 et
1014 624 1363 696 pulchritudo
1409 638 1473 680 ac
1517 623 1715 687 robur,
1765 621 1939 694 gloria
1968 622 2091 677 item

2277 619 2342 673 Εί
2387 620 2416 673 ὁ
2447 619 2701 688 πλοῦτος,
2729 621 2827 676 καὶ
2869 623 2934 676 τὸ
2962 624 3182 689 κάλλος,
3218 624 3316 679 καὶ¹
3344 626 3376 698 ἡ
3408 625 3584 701 ῥώμη,
3613 632 3702 687 καὶ
3736 637 3794 709 η’

513 736 577 777 ac
613 720 878 791 potentia,
909 717 1203 788 omniaque
1230 718 1367 771 adeo
1397 714 1623 786 pulchra
1648 713 1956 769 existimata
1992 714 2102 768 cito

513 819 894 876 marcescunt,
946 818 1002 864 et
1059 806 1192 864 fumi
1252 807 1306 862 in
1357 821 1561 863 morem
1615 805 1930 875 disparem;
1976 803 2101 874 quis

513 918 620 960 tam
666 905 864 960 mentis
915 901 1106 972 inops,
1142 910 1200 955 ut
1241 900 1293 955 in
1344 901 1538 956 horum
1585 898 1768 968 aliquo
1811 898 2095 970 glorietur,

508 1012 678 1068 seque
727 995 944 1067 jactet?
987 993 1081 1049 llis
1123 993 1269 1048 enim
1330 991 1584 1048 omnibus
1627 989 1891 1060 spoliatur
1933 1001 2098 1062 atque

507 1091 726 1146 exuitur
752 1088 1027 1145 interdum
1050 1087 1215 1142 etiam
1233 1085 1408 1151 vivus,
1428 1084 1649 1140 omnino
1666 1098 1796 1139 vero
1825 1092 2090 1140 mortuus.

508 1183 609 1250 Qui
659 1196 789 1237 vero
843 1180 1004 1236 simul
1067 1178 1248 1233 omnia
1313 1192 1419 1233 non
1470 1175 1665 1230 habeat
1713 1173 1912 1246 (neque
1948 1175 2095 1230 enim

509 1284 704 1330 cuncta
753 1275 844 1328 uni
888 1269 1148 1328 obvenire
1189 1267 1480 1340 possunt),
1527 1264 1800 1337 quomodo
1845 1280 1952 1322 non
2003 1277 2096 1322 aut

506 1365 678 1419 risum
725 1362 1048 1419 mortalibus
1088 1361 1344 1416 exhibeat
1393 1359 1676 1415 venditans
1725 1372 1786 1416 se
1849 1358 2091 1425 umbris,

507 1458 737 1514 somniis
768 1467 931 1528 atque
962 1455 1211 1511 obscuris
1239 1452 1418 1509 visis?

815 1657 905 1715 IV.
937 1689 1003 1699 ——
1038 1653 1294 1714 ZOSIMO
1325 1649 1812 1710 PRESBYTERO.

2205 709 2358 778 δόξα,
2394 711 2489 766 καὶ
2533 713 2568 782 ἡ
2593 713 2910 784 δυναστεία,
2942 716 3037 772 καὶ
3068 716 3248 773 πάντα
3275 715 3344 772 τὰ
3369 718 3620 777 δοκοῦντα
3643 720 3766 782 εἶναι

2206 802 2372 868 καλὰ,
2419 802 2615 860 θᾶττον
2669 806 3012 878 μαραίνεται,
3065 809 3163 864 καὶ
3210 812 3418 865 καπνοῦ
3458 812 3622 885 -δίκην
3664 817 3769 872 δια-

2203 895 2428 951 λύεται*
2481 899 2567 962 τίς
2613 891 2771 963 οὗτος
2813 900 3061 972 ἀνόητος,
3118 901 3194 966 ὡς
3223 903 3308 972 ἐφ’
3345 903 3426 957 ἑνὶ
3467 904 3572 960 τῶν
3629 909 3766 980 εἰρη-

2209 989 2386 1060 μένων
2443 991 2839 1062 ὲναὸρύνεσθαι
2895 995 2993 1048 καὶ⁵
3058 995 3200 1066 μέγα
3234 999 3483 1068 φρονεῖν;
3541 1000 3643 1054 Τοῦ
3671 1003 3767 1075 γὰρ

2204 1081 2382 1135 πάντα
2408 1081 2545 1152 ὁμοῦ
2584 1080 2736 1136 ταῦτ’
2781 1083 2998 1156 ἔχοντος
3044 1088 3421 1159 γυμνουμένου
3456 1091 3548 1144 καὶ
3574 1092 3762 1164 ἐρήμου

2203 1174 2556 1244 γιγνομένου,
2593 1174 2708 1230 ἔσθ’
2742 1176 2834 1230 ὅτε
2882 1175 2984 1246 μὲν
3039 1178 3136 1232 καὶ
3180 1178 3382 1246 ζῶντος
3431 1182 3641 1247 πάντως
3685 1185 3768 1238 καὶ

2203 1265 2504 1331 τεθνεῶτος
2523 1285 2536 1297 ο
2569 1269 2598 1322 ὁ
2632 1268 2708 1341 μὴ
2739 1269 2918 1324 πάντα
2946 1268 3084 1341 ἔχων
3109 1270 3246 1342 ὁμοῦ
3282 1272 3439 1344 (οὐδὲ
3467 1274 3574 1347 γὰρ
3606 1275 3769 1330 πάντα

2204 1354 2318 1413 οἷόν
2342 1377 2401 1414 τε
2426 1360 2705 1416 συνελθεῖν
2731 1362 2848 1435 (26)
2876 1363 2994 1428 πῶς
3011 1363 3076 1417 οὐ
3099 1364 3312 1434 γέλωτα
3333 1366 3558 1440 ὀφλήσει
3589 1386 3771 1442 σεμνυ-

2201 1453 2428 1526 νόμενος
2453 1455 2548 1508 ἐπὶ
2579 1457 2762 1520 σκιαῖς
2784 1459 2883 1510 καὶ
2903 1456 3146 1529 ὀνείρασι
3173 1459 3268 1512 καὶ
3295 1461 3625 1532 ἀτρανώτοις
3649 1481 3767 1533 gav-

2201 1544 2413 1610 τασίαις
2435 1564 2449 1613 ;

2487 1661 2560 1715 Δ’.
2605 1688 2676 1702 -
2711 1660 2965 1732 ΖΩΣΙΜῼ
3017 1661 3500 1735 ΠΡΕΣΒΥΤΕΡῼ.

1393 1769 1780 1826 Concionantes
1812 1768 1932 1838 plus
1964 1771 2202 1840 exemplo
2237 1789 2395 1844 quam
2427 1775 2578 1830 verba
2609 1777 2901 1846 wdiﬁcant.

577 1886 1018 1946 Persuadendum
1041 1925 1057 1952 ,
1097 1884 1237 1940 bone
1269 1881 1373 1950 vir,
1405 1880 1663 1952 operibus
1705 1893 1829 1937 esse
1875 1894 2091 1950 regnum

2278 1885 2425 1957 Χρὴ,
2465 1878 2510 1942 ὦ
2556 1885 2823 1957 βέλτιστε,
2888 1890 3073 1944 πεῖσαι
3120 1889 3209 1944 διὰ
3261 1892 3609 1962 πραγμάτων
3655 1894 3767 1959 τοὺς

505 1983 622 2049 Dei,
655 1981 772 2050 ejus
795 1980 960 2036 etiam
998 1976 1329 2034 desiderium
1378 1973 1725 2031 audientibus
1766 1973 2090 2044 ingeneran-

499 2071 652 2127 dutu.
685 2067 1088 2125 Persuadentur
1116 2074 1330 2133 autem,
1369 2064 1447 2131 si,
1475 2079 1597 2136 qua:
1623 2077 1789 2135 regno
1823 2063 2090 2120 caelorum

501 2164 662 2233 digna
703 2170 850 2229 sunt,
886 2160 964 2216 illi
1001 2159 1287 2215 docentem
1323 2169 1484 2229 agere
1515 2155 1826 2211 observent.
1863 2152 1921 2209 Si
1959 2168 2092 2211 vero

503 2254 774 2326 supplicio
797 2253 982 2324 digna,
1013 2259 1073 2307 ut
1098 2260 1151 2307 tu
1176 2249 1340 2316 soles,
1364 2248 1714 2304 committens
1739 2245 2089 2317 philosophe-

502 2358 623 2415 tur,
660 2346 789 2418 qui,
826 2360 1049 2416 quatso,
1104 2342 1246 2415 apud
1291 2340 1568 2397 auditores
1609 2338 1772 2394 ﬁdem
1813 2337 2093 2394 inveniat?

501 2442 644 2498 [dem
695 2440 841 2498 enim
892 2439 1045 2508 facit,
1082 2447 1246 2508 atque
1291 2434 1341 2494 si
1380 2433 1504 2506 quis
1554 2445 1670 2488 rem
1729 2431 1990 2488 adamare
2031 2445 2091 2486 se

498 2532 934 2591 auscultantibus
979 2529 1329 2603 persuadeat,
1373 2540 1537 2598 quam
1580 2525 1637 2581 in
1665 2537 1850 2581 rerum
1879 2531 2076 2580 natura

497 2645 604 2686 non
627 2642 750 2686 esse
781 2626 1032 2684 credant.
1261 2653 1288 2676 ο

912 2736 977 2793 V.
1012 2767 1080 2780 -
1104 2732 1389 2794 DOMITIO
1413 2731 1677 2794 COMITI.

2199 1975 2516 2045 ἀκούοντας,
2547 1978 2630 2033 ὅτι
2665 1979 2782 2032 ἐστὶ
2819 1979 3066 2049 βασιλεία
3097 1981 3376 2054 οὐρανῶν,
3423 1984 3518 2039 καὶ
3565 1986 3643 2051 είς
3681 1986 3770 2058 τὴν

2199 2068 2502 2141 ἐπιθυμίαν
2555 2072 2727 2142 αὐτῆς
2769 2073 2968 2145 τρέψαι
3017 2075 3144 2139 τοὺς
3197 2077 3608 2150 ἀκροωμένους.
3655 2078 3772 2132 Πεί-

2201 2160 2384 2216 θονται
2423 2161 2482 2214 δὲ
2511 2162 2562 2215 οί
2609 2161 2921 2230 ἀκούοντες,
2970 2165 3099 2220 ὅταν
3131 2165 3418 2236 βασιλείας
3454 2169 3578 2232 ἀξια
3616 2170 3772 2240 πράτ-

2197 2269 2360 2306 τοντα
2401 2252 2492 2306 τὸν
2536 2252 2855 2308 διδάσκαλον
2889 2255 3063 2310 ἴδωσι.
3118 2257 3183 2311 El
3223 2256 3281 2310 δὲ
3336 2258 3610 2323 κολάσεως
3659 2257 3771 2325 ἀξια

2196 2344 2387 2418 ὥσπερ
2429 2345 2493 2398 σὺ
2522 2346 2780 2418 πράττων
2813 2347 2944 2420 περὶ
2972 2347 3251 2418 βασιλείας
3294 2349 3636 2422 φιλοσοφοίη,
3666 2347 3771 2412 πῶς

2197 2437 2380 2490 πείσει
2423 2436 2552 2502 τοὺς
2582 2438 2860 2508 ἀκροατάς
2885 2452 2899 2505 ;
2932 2438 3142 2493 Ταυτδν
3171 2438 3278 2510 γὰρ
3307 2443 3481 2508 ποιεῖ,
3514 2439 3587 2504 ὡς
3613 2438 3673 2493 ἀν
3698 2453 3771 2500 τις

2199 2529 2528 2601 πράγματος
2567 2530 2700 2600 ὲρᾷν
2730 2529 2909 2583 πείθοι
2937 2529 3064 2593 τοὺς
3099 2529 3437 2597 πεισθέντας
3465 2529 3593 2602 παρ’
3621 2523 3770 2584 αὐτοῦ

2198 2621 2491 2694 πρότερον,
2519 2621 2602 2676 ὅτι
2624 2620 2786 2674 τοῦτο
2811 2621 2912 2692 οὐχ
2941 2621 3270 2694 ὑφέστηκεν.

2565 2734 2644 2791 E'.
2677 2764 2746 2774 —
2780 2733 3089 2806 sommo
3119 2737 3427 2794 ΚΟΜΗἹΊ.

1724 2847 1994 2922 Martyres
2028 2851 2302 2909 moriendo
2331 2852 2564 2909 vincunt.

566 2968 802 3026 Inferior
821 2973 928 3034 est,
969 2979 1004 3022 o
1035 2962 1462 3034 sapientissime,
1489 2975 1595 3020 non
1616 2961 1672 3018 in
1692 2959 1836 3019 bello
1865 2961 2088 3031 cadens,

500 3063 598 3120 sed
631 3064 820 3119 hostes
866 3061 1066 3116 timens
1094 3073 1159 3114 ac
1189 3058 1437 3130 clypeum
1475 3055 1709 3129 iaciens.
1754 3053 1925 3124 Quem
1957 3069 2090 3112 vero

489 3156 626 3210 forti
658 3153 844 3209 animo
874 3151 1232 3209 meditantem
1261 3162 1461 3220 corpus
1495 3147 1767 3215 destituit,
1796 3161 1919 3204 eum
1948 3147 2091 3204 inter

497 3241 731 3298 victores
798 3239 999 3294 ascribi
1063 3237 1154 3294 lex
1215 3245 1342 3305 est,
1414 3251 1541 3294 cum
1595 3245 1653 3293 et
1709 3251 1805 3294 eos
1855 3236 2161 3330 athletasc

497 3335 798 3392 certamine
835 3335 1231 3392 accumbentes
1275 3331 1455 3404 magis
1493 3331 1796 3403 praedicent
1823 3331 2078 3388 ludorum

495 3428 764 3500 prmiecti,
801 3443 961 3500 quam
987 3428 1187 3498 quibus
1235 3426 1374 3484 nihil
1426 3427 1648 3483 accidit.
1678 3425 1810 3494 Quae
1841 3441 1962 3481 cum
2006 3425 2084 3482 ita

2269 2956 2452 3018 Ἦττά
2497 2965 2667 3031 ἐστιν,
2703 2957 2749 3019 ὦ
2781 2961 3081 3034 σοφώτατε,
3111 2963 3173 3019 ού
3202 2963 3262 3019 τὸ
3310 2965 3572 3021 τεθνάναι
3606 2963 3662 3021 ἐν
3688 2981 3771 3020 πο-

2197 3057 2372 3130 λέμῳ,
2407 3058 2544 3113 ἀλλά
2580 3059 2641 3113 τὸ
2668 3058 2840 3112 δεῖσαι
2863 3059 2993 3123 τοὺς
3023 3058 3353 3132 πολεμίους,
3384 3061 3479 3116 καὶ
3507 3061 3658 3132 ῥίψαι
3683 3059 3771 3131 τὴν

2198 3149 2406 3204 ἀσπίδα
2427 3163 2442 3179 ⁸
2487 3149 2548 3203 ὃν
2590 3149 2648 3203 δὲ
2680 3149 2909 3204 ἐπέλιπε
2936 3149 3000 3204 τὸ
3034 3151 3195 3221 σῶμα
3220 3152 3322 3224 τῆς
3362 3151 3640 3226 ἀριστείας
3665 3152 3772 3204 ἑπι-

2198 3241 2480 3314 θυμοῦντα
2529 3243 2589 3298 έν
2626 3245 2742 3307 τοίς
2793 3243 3179 3315 τροπαιούχοις
3228 3244 3675 3318 ἀναγράφεσθαι,
3699 3227 3816 3296 νύ-’

2197 3329 2330 3405 μα’
2373 3334 2499 3387 ἐπεὶ
2538 3333 2634 3388 καὶ
2684 3333 2793 3387 τῶν
2840 3333 3090 3404 ἀθλητῶν
3139 3336 3268 3400 τοὺς
3310 3337 3381 3392 ὲν
3411 3338 3550 3409 αὐτῇ
3583 3334 3772 3392 ἀποθα-

2192 3424 2385 3490 νόντας
2432 3424 2600 3498 πάλη,
2631 3423 2744 3495 (27)
2782 3424 2988 3497 μᾶλλον
3025 3425 3261 3496 τιμῶσιν
3297 3430 3357 3481 oi
3412 3429 3540 3492 τοὺς
3573 3425 3772 3495 ἀγῶνας

497 3521 638 3588 sint,
681 3537 788 3577 cur.
803 3532 966 3592 putas
992 3529 1261 3590 martyres
1288 3517 1569 3576 moriendo
1593 3518 1873 3590 superari,
1898 3527 2084 3574 etnon

2198 3516 2414 3581 τούτους
2439 3517 2714 3583 διαθέντες
2745 3518 2856 3571 τῶν
2893 3517 2969 3589 μὴ
2997 3517 3156 3574 τοῦτο
3184 3520 3499 3578 παθόντων.
3530 3523 3592 3576 El
3611 3520 3772 3574 τοίνυν

496 3613 677 3684 potius
706 3613 978 3684 praeconio
1008 3613 1200 3682 dignos
1235 3610 1464 3668 censes?
1511 3609 1680 3682 Hujus
1709 3611 1855 3666 enim
1881 3623 2085 3681 pugnae

2198 3609 2345 3664 ταῦθ’
2374 3609 2550 3675 οὕτως
2589 3609 2724 3682 ἔχει,
2767 3609 2836 3664 δι’
2865 3610 2933 3682 ἢν
2977 3612 3159 3666 αἰτίαν
3197 3613 3455 3685 νομίζεις
3484 3617 3610 3678 τοὺς
3636 3611 3768 3686 μάρ-

499 3705 621 3760 tinis
662 3714 778 3772 est,
825 3719 932 3758 non
964 3713 1073 3759 tam
1111 3703 1286 3782 vitam
1328 3717 1551 3760 servare
1597 3716 1906 3773 corpusque
1947 3701 2088 3758 tueri

499 3798 727 3867 (cumet
754 3796 946 3864 vivus,
991 3795 1086 3866 qui
1134 3795 1366 3865 patitur,
1405 3792 1718 3864 occumbat)
1764 3807 1928 3864 quam
1973 3807 2082 3848 non

499 3890 758 3948 amittere
784 3889 999 3947 virtutis
1027 3889 1214 3947 decus.

996 4095 1096 4153 δη.
1123 4125 1190 4136 —
1221 4091 1582 4152 PALLADIO.

2187 3719 2365 3774 τυρας
2393 3703 2471 3775 τῷ
2494 3703 2749 3758 τεθνάναι
2801 3703 3066 3774 ἡττᾶσθαι
3099 3705 3237 3777 (28),
3266 3709 3373 3762 καὶ
3405 3709 3482 3780 μὴ
3515 3709 3600 3762 διὰ
3629 3706 3772 3762 τοῦτο

2193 3794 2397 3866 μᾶλλον
2445 3795 2882 3868 ἀνακηρύττεις;
2937 3797 3104 3860 Τέλος
3155 3800 3265 3870 γάρ
3304 3799 3431 3854 ἐστι
3476 3801 3578 3870 τῆς
3609 3799 3772 3871 μάχης

2185 3885 2395 3958 ταύτης
2424 3886 2486 3940 οὐ
2534 3886 2593 3940 τὸ
2624 3887 2783 3958 σῶμα
2819 3886 2882 3959 (ὃ
2927 3887 3024 3941 καὶ
3055 3886 3248 3941 δοκοῦν
3281 3889 3394 3962 ζῇν
3433 3891 3772 3962 ένέκρωσαν)

2193 3974 2334 4031 ἀλλὰ
2360 3973 2421 4028 τὸ
2446 3973 2524 4046 μὴ
2559 3974 2872 4047 διαφθεῖραι
2897 3973 2957 4028 τὸ
2983 3975 3084 4047 τῆς
3117 3976 3321 4049 ἀρετῆς
3357 3978 3536 4050 κλέος.

2513 4089 2607 4156 ς’.
2647 4112 2720 4127 -
2756 4087 3102 4160 numam
3136 4089 3465 4163 ΔΙΔΚΟΝῼ.
3505 4097 3522 4116 ο

1734 4208 1803 4266 1η
1828 4209 2183 4281 episcopatum
2214 4207 2548 4263 ambientem.

567 4349 628 4405 Si
687 4363 863 4421 neque
910 4347 1236 4422 episcOpalis
1282 4347 1566 4420 dignitas,
1626 4363 1814 4420 neque
1857 4348 2080 4421 dignum

2266 4341 2332 4396 El
2362 4342 2488 4395 οὔτε
2516 4342 2617 4412 τῆς
2648 4340 2956 4415 ἐπισκοπῆς
2983 4345 3043 4398 τὸ
3079 4345 3333 4416 μέγεθος,
3366 4346 3496 4401 οὔτε
3530 4346 3590 4401 τὸ
3622 4343 3773 4418 μηδὲν

495 4442 627 4514 quid
670 4394 840 4524 illa‘a
879 4394 1420 4509 te‘cortf'ectum,‘ac
1466 4458 1534 4499 ne
1569 4394 1880 4514 apostolica
1917 4394 2085 4514 t’555

2198 4394 2349 4500 ﬁEt—ov
2373 4394 2614 4506 iam;
2636 4394 3065 4508 sanasse.
3160 4394 3333 4491 ἴυζ’
3358 4394 3428 4511 νζ
3447 4394 3776 4504 Esaias,

497 4533 719 4604 quidem
764 4547 869 4590 vox
904 4531 1148 4603 episcopi
1191 4531 1513 4590 describens
1556 4531 1795 4589 oﬂicium
1841 4551 1856 4589 :
1907 4532 2086 4603 neque

493 4624 593 4680 Dei
639 4633 1012 4696 incorruptum
1050 4624 1330 4690 tribunal,
1381 4638 1492 4695 quo
1544 4633 1693 4681 certa
1750 4624 2088 4695 deﬁnitaque

487 4716 705 4772 teretur
734 4715 1035 4782 sententia,
1059 4730 1160 4772 nec
1184 4715 1421 4785 denique
1455 4715 1602 4772 aliud
1628 4715 1759 4786 quid
1795 4715 1865 4771 ab
1901 4717 2002 4772 hac
2034 4724 2087 4772 te

500 4805 738 4861 amentia
775 4815 1030 4875 revocat;
1083 4805 1214 4877 quid
1252 4806 1434 4875 inepto
1487 4815 1544 4862 et
1589 4819 1620 4861 a
1678 4806 1893 4862 ratione
1937 4805 2086 4861 omni

498 4895 830 4950 abhorrente
882 4896 1154 4951 desiderio
1219 4894 1540 4966 dignitatem
1611 4903 1976 4951 mercaturum
2035 4904 2088 4952 te

485 4984 728 5056 speras?
750 4984 956 5042 Saltem
983 4983 1194 5039 externi
1216 4999 1313 5040 seu
1339 4984 1538 5054 pagani
1572 4985 1811 5041 hominis
1833 4985 2086 5057 exemplo

497 5077 707 5146 pudore
735 5075 1090 5135 suﬂundaris.
1137 5075 1346 5133 Ferunt
1367 5077 1513 5133 enim
1553 5075 1828 5134 Pittacum
1862 5087 2085 5149 accepta

2194 4525 2410 4596 γλῶττα
2442 4527 2476 4596 ἠ
2515 4525 2608 4579 τὸν
2654 4526 2955 4582 ἐπίσκοπον
2979 4529 3168 4583 ὁποῖον
3206 4525 3351 4584 εἷναι
3405 4532 3514 4603 χρὴ
3563 4525 3775 4585 διαπλά-

2195 4633 2372 4672 σασαο
2419 4615 2545 4671 οὔτε
2596 4617 2658 4672 τὸ
2709 4617 3414 4694 ἀδέκαστονθικαστήριον
3461 4623 3525 4677 τὸ
3569 4625 3776 4692 ἀπαρα-

2195 4707 2447 4779 λόγιστυν
2486 4707 2587 4780 τὴν
2614 4708 2797 4780 ψῆφον
2831 4704 3000 4779 οἷσον,
3027 4708 3152 4764 οὔτε
3191 4711 3320 4766 ἄλλο
3349 4711 3510 4766 οὐδὲν
3550 4712 3650 4782 τῆς
3684 4724 3778 4779 μα’

2196 4800 2318 4866 νίας
2378 4817 2439 4853 σε
2494 4799 2700 4872 ταύτης
2758 4801 3039 4875 ἀπείργει,
3090 4803 3159 4858 δι’
3192 4798 3262 4875 ἧς
3309 4803 3421 4859 ὑπὸ
3473 4801 3778 4875 παραλόγου

2199 4892 2502 4962 ἐπιθυμίας
2522 4893 2916 4965 ἑκϐακχευθεὶς
2943 4895 3044 4968 τὴν
3071 4896 3230 4964 ἀξίαν
3254 4895 3594 4969 ὲξαγοράσαι
3625 4907 3780 4963 προσ-

2195 4986 2383 5058 δοκᾷς,
2423 4985 2528 5040 κᾶν
2570 4986 2674 5040 ὑπὸ
2707 4987 2817 5042 τῶν
2843 4987 3046 5054 ἔξωθεν
3088 4988 3474 5061 δυσωπήθητι.
3516 4987 3656 5042 Φασὶ
3681 4980 3781 5052 γὰρ

2195 5077 2273 5142 ὡς
2315 5076 2592 5142 Πιττακὸς
2632 5078 2821 5136 λαϐὼν
2854 5079 2952 5152 τὴν
2978 5081 3155 5154 ἀρχὴν
3188 5081 3340 5155 παρὰ
3374 5075 3778 5151 Μιτυληναίων,

1617 5252 1856 5311 YARLE
1895 5253 2280 5313 LECTIONES
2318 5254 2410 5312 ET
2437 5253 2673 5313 NOTE.

575 5443 687 5533 (εδ)
723 5441 857 5533 Oiei
875 5440 1001 5533 si?
1043 5435 2089 5533 fﬁvaSMVEaewslae‘u1123“???

505 5508 694 5587 nam
745 5522 830 5569 est
873 5508 997 5567 libr.
1043 5525 1097 5563 tv
1147 5508 1338 5592 Iliad.,
1388 5526 1529 5567 vers.
1565 5511 1694 5576 530,
1730 5520 1786 5566 et
1830 5513 1926 5568 lib.
1963 5526 2088 5580 xm,

512 5597 652 5643 vers.
687 5584 810 5650 729,
840 5593 896 5640 et
927 5582 1176 5650 Odyssete
1206 5581 1298 5639 III).
1325 5596 1444 5650 vui,
1472 5595 1618 5638 vers.
1659 5580 1761 5635 lii-7
1791 5599 1805 5637 :

637 5625 652 5642 ο
696 5615 810 5650 liv,
840 5615 896 5640 σι
927 5615 1174 5650 νυυοοιω
1206 5615 1298 5639 III).
1333 5615 1444 5650 VIII,
1480 5615 1618 5638 'Ulﬂl
1665 5615 1752 5635 ινί
1791 5623 1805 5637 ο

585 5697 798 5767 Οὕτως
817 5699 890 5750 οὐ
915 5697 1215 5751 πάντεσσι
1250 5695 1370 5752 θεοί
1399 5694 1684 5767 χαρίεντα
1711 5691 1988 5767 ξιὸοῦση·

591 5760 927 5833 ’Δγδρὶὶσιικ
1091 5768 1104 5776 ’
1399 5760 1437 5767 ’⁷
1475 5760 1491 5765 ⁷
1711 5760 1888 5818 Sator
1899 5779 1950 5818 1'.

2292 5441 2384 5515 an
2420 5440 2562 5515 ᾼριθ
2579 5438 2742 5515 aliis
2780 5441 2926 5515 idem.
2952 5440 3079 5515 βοᾷς
3107 5438 3438 5515 suppleatu-

2292 5443 2385 5584 27;
2420 5443 2562 5530 ante
2575 5443 2742 5528 frag
2780 5443 2921 5523 idem
3107 5443 3438 5560 θηρίοισιν-ετξ).

2291 5512 2363 5567 28
2451 5511 2750 5588 Ηττασθαι.
2782 5511 2991 5588 _Scrtbtt
3008 5511 3183 5588 _Idem_
3214 5511 3509 5588 ﬂammat,
3541 5508 3615 5585 ,ει
3638 5508 3779 5588 vers.

2199 5565 2382 5707 ἓηίερἷ
2420 5565 2508 5655 ep.
2562 5583 2712 5640 inter
2739 5565 2809 5636 τὸ
2841 5565 3130 5652 etiam
3170 5565 3451 5644 iuiers'erit
3496 5565 3669 5629 σῶσαι
3706 5565 3781 5620 τό.

2246 5666 2412 5711 ossuv.
