4078 6368
393 375 531 444 13:29

1351 385 1890 450 EPISTOLARUM
1930 389 2076 452 LIB.
2119 394 2187 453 V.
2233 391 2539 454 —EPIST.
2583 394 2656 453 X.

3531 395 3668 462 Πἳῦ

390 493 689 567 νενικηκὼς
716 495 931 580 Φρύονα
962 496 1077 570 (29)
1111 501 1418 573 μονομαχίᾳ
1448 502 1540 556 τὸν
1575 503 1810 576 ἄρχοντα
1854 506 1954 575 Ῥη

2085 522 2113 560 a
2156 507 2475 579 Mitylenaeis
2519 505 2821 576 imperandi
2858 513 3157 577 potestate,
3209 521 3332 563 cum
3360 505 3663 580 Phryonem

382 591 528 658 γίου,
563 576 819 644 ἀπεδίδου
857 590 958 662 τὴν
1003 592 1179 664 ἀρχήν
1203 610 1218 626 ⁸
1255 595 1365 649 τῶν
1414 594 1472 650 δὲ
1519 596 1594 669 μὴ
1630 596 1973 669 βουλομένων

384 680 759 751 κομίσασθαι,
808 683 1105 751 ἐϐιάσατο,
1171 687 1246 758 μὴ
1309 687 1635 760 βουλόμενος
1688 689 1970 761 τύραννος,

2081 598 2477 669 Bhegiensibus
2525 597 3160 669 praefectumsingulari
3196 597 3311 670 jam
3368 603 3666 658 certamine

2079 695 2316 762 vicisset,
2346 696 2668 765 magistratu
2711 709 2771 750 se
2817 694 3123 751 abdicasse.
3172 694 3226 750 Id
3273 695 3476 752 factum
3539 713 3662 753 cum

382 771 498 826 ἀλλ’
532 771 750 844 ἰδιώτης
773 771 934 829 εἶναι.
961 775 1024 828 Ei
1054 776 1236 832 τοίνυν
1267 780 1295 832 6
1321 779 1588 844 κινδύνοις
1615 781 1840 846 οἰκείοις
1877 784 1956 836 κα¹

2076 785 2366 858 Mitylenaei
2415 794 2761 854 recusarent,
2808 786 2858 840 vi
2898 801 2993 843 eos
3020 785 3324 856 compulit:
3362 788 3506 859 quod
3549 789 3663 858 pri-

383 866 580 935 αἵματι
639 866 989 938 κτησάμενος
1036 870 1136 940 τὴν
1194 871 1372 945 ἀρχὴν
1423 872 1564 926 ἑκὼν
1615 873 1850 928 ἀπέθετο
1879 875 1973 931 τὸν

385 959 631 1016 κίνδυνον
668 959 1094 1030 ἀναδεξάμενος,
1125 963 1225 1033 τὴν
1255 964 1314 1016 δὲ
1341 965 1638 1035 τυραννίδα
1673 967 1971 1023 ἀποσεισά-

386 1067 571 1121 μενος,
602 1051 697 1105 καὶ
730 1051 904 1106 ταῦτα
945 1053 1336 1127 ἀλογοθέτητον
1366 1053 1565 1111 οὖσαν·
1593 1057 1658 1111 σὺ
1688 1057 1717 1110 6
1746 1058 1880 1130 μηδὲ
1909 1061 1970 1115 έν

383 1143 653 1214 ὑπηκόοις
687 1145 888 1211 τελεῖν,
913 1145 989 1211 ὥς
1020 1164 1176 1217 φασι,
1215 1148 1426 1214 δίκαιος
1453 1147 1552 1216 ὣν,
1589 1150 1765 1223 ἀρχὴν
1804 1151 1973 1205 ὑπεύ-

383 1239 543 1293 θυνον
573 1240 669 1294 καὶ
701 1240 926 1312 μυρίαις
954 1241 1296 1312 λογοθεσίαις
1321 1246 1694 1318 ὑποκειμένην
1724 1248 1820 1302 καὶ
1848 1249 1971 1320 μεί-

381 1328 516 1394 ζονα
562 1331 746 1403 πάσης
797 1332 1150 1407 ἀνθρωπίνης
1189 1335 1368 1402 ἀξίας,
1414 1336 1481 1409 ἣν
1532 1338 1652 1391 οὐδὲ
1683 1338 1969 1412 διδομένην

377 1421 640 1489 δέξασθαι
675 1423 930 1494 ὥφειλες,
969 1427 1242 1498 ἀγοράσαι
1276 1429 1662 1500 ὀνειροπολῶν,
1710 1431 1772 1485 οὐ
1807 1433 1969 1504 μόνον

377 1514 443 1568 οὐ
482 1516 744 1590 καταδύῃ,
770 1517 906 1572 ἀλλὰ
936 1519 1029 1573 καὶ
1062 1520 1358 1596 ὲναϐρύνῃ.
1384 1523 1494 1578 Καὶ
1518 1522 1601 1588 τίς
1631 1540 1691 1578 σε
1722 1524 1822 1598 τῆς
1845 1542 1970 1580 τοσ-

375 1610 552 1681 αύτης
581 1608 788 1682 τόλμης
821 1610 1094 1684 γράψεται
1116 1629 1131 1680 ;

681 1908 756 1963 z'.
795 1909 1144 1983 ΠΑΛΛΑΔΙῼ
1176 1913 1641 1989 ΥΠΟΔΙΑΚΟΝῼ.

2075 888 2234 935 vatus
2261 880 2460 950 degere
2485 894 2649 952 quam
2673 879 2942 948 imperare
2979 879 3183 935 mallet.
3215 880 3444 951 Proprie
3480 881 3664 949 itaque

2073 973 2319 1045 periculo
2379 981 2434 1028 et
2485 972 2753 1042 sanguine
2811 971 3098 1039 imperium
3167 971 3394 1042 adeptus
3465 982 3661 1040 sponte

2075 1063 2342 1134 deposuit,
2400 1077 2498 1133 pro
2546 1075 2656 1132 quo
2705 1061 3039 1131 acquirendo
3088 1061 3389 1131 periculum
3423 1061 3658 1128 adierat,

2071 1158 2436 1228 principatum
2503 1154 2778 1226 deposuit,
2837 1153 2941 1210 etsi
3007 1153 3312 1211 rationibus
3368 1155 3660 1210 reddendis

2073 1248 2298 1303 minime
2335 1246 2649 1302 obnoxium.
2699 1245 2780 1301 Tu
2825 1260 2994 1311 vero,
3041 1245 3134 1314 qui
3171 1260 3345 1316 neque
3378 1247 3576 1317 dignus
3599 1260 3658 1301 es

2072 1339 2157 1394 vel
2216 1339 2356 1394 inter
2408 1337 2654 1394 subditos
2704 1337 3030 1403 numerari,
3079 1339 3460 1404 magistratum
3507 1339 3658 1395 mille

2073 1429 2373 1486 rationibus
2396 1429 2687 1486 reddendis
2708 1428 3008 1484 obnoxium
3043 1436 3100 1484 et
3137 1443 3304 1498 supra
3335 1429 3653 1500 dignitatem

2071 1537 2288 1580 omnem
2320 1522 2611 1577 humanam
2636 1562 2653 1590 ,
2692 1536 2853 1592 quem
2891 1535 3069 1593 neque
3110 1529 3304 1591 sponte
3335 1536 3654 1577 concessum

2070 1613 2352 1684 suscipere
2382 1613 2645 1679 debebas,
2679 1627 2799 1668 eum
2829 1613 3094 1670 continuo
3117 1613 3399 1668 somnians
3423 1614 3654 1668 mercari

2071 1722 2180 1763 non
2221 1708 2384 1762 modo
2429 1720 2538 1761 non
2568 1706 2868 1772 erubescis,
2911 1708 3008 1762 sed
3031 1714 3086 1761 et
3113 1706 3412 1762 extolleris.
3459 1706 3654 1778 Ecquis

2073 1800 2238 1871 igitur
2260 1798 2405 1855 banc
2437 1806 2587 1854 tuam
2622 1798 2760 1854 satis
2789 1805 3008 1855 accuset
3035 1798 3365 1853 audaciam?

2298 1909 2411 1967 VII.
2442 1939 2514 1950 —
2541 1907 2891 1966 PALLADIO
2948 1909 3406 1969 SUBDIACONO.

841 2021 921 2078 De
952 2023 1225 2100 ἐπιεικείᾳ
1264 2043 1357 2082 seu
1385 2043 1534 2100 (aqua
1559 2041 1611 2085 et
1651 2029 1806 2084 bono.
1843 2026 1956 2083 Vidt

2063 2025 2230 2102 ristot.
2258 2024 2352 2080 lib.
2386 2039 2441 2090 ν,
2472 2023 2650 2080 Ethic.
2688 2021 3004 2081 Nicomach.
3038 2042 3084 2080 ε.
3116 2025 3205 2081 10.

458 2129 520 2187 ’0
576 2133 830 2206 ἐπιεικὴς
886 2136 1408 2213 φιλανθρωποτέραν
1471 2140 1684 2206 δίκαιος
1741 2141 1808 2197 ἂν
1869 2139 1956 2213 εἴη

371 2221 519 2294 ἔχειν
543 2223 644 2297 τὴν
677 2225 905 2299 γνώμην
931 2229 1027 2284 τοῦ
1073 2230 1192 2285 λίαν
1230 2230 1468 2298 δικαίου,
1527 2234 1625 2289 καὶ
1669 2234 1956 2315 ἀκριβοῦς.

370 2315 580 2384 Πρέπει
622 2317 732 2388 γὰρ
757 2319 908 2392 αὐτῷ
940 2321 1144 2392 μᾶλλον
1169 2322 1265 2378 τοῦ
1294 2323 1511 2379 δικαίου
1539 2323 1844 2397 κεχρῆσθαι
1888 2329 1956 2398 τῇ

371 2407 780 2482 φιλανθρωπίᾳ.

667 2522 753 2579 Η¹.
790 2554 862 2564 -
897 2526 1153 2598 ΔΛΦΙΝῼ
1185 2528 1653 2604 ΥΠΟΔΙΛΚΟΝῼ.

2139 2138 2248 2194 Par
2278 2147 2362 2194 est
2383 2140 2690 2196 modestum
2728 2141 3028 2210 mitemque
3051 2141 3326 2197 hominem
3346 2140 3654 2196 humaniori

2067 2231 2407 2303 civiliorique
2445 2246 2568 2289 esse
2600 2234 2816 2300 animo,
2861 2233 3213 2304 moribusque
3267 2249 3434 2305 quam
3481 2235 3652 2300 illum,

2067 2325 2158 2394 qui
2182 2325 2308 2394 justi
2331 2335 2498 2381 tenax
2529 2325 2844 2396 rigidusque
2873 2325 2966 2381 sit.
2993 2325 3158 2382 Decet
3177 2327 3320 2383 enim
3343 2325 3492 2382 illum
3508 2325 3657 2396 justo

2069 2417 2346 2498 magisuti
2402 2432 2566 2488 quam
2617 2417 2979 2475 humanitate.

2138 2531 2274 2594 Vm.
2309 2569 2378 2581 —-
2408 2539 2707 2598 ALPHINO
2742 2539 2814 2616 (ιη’.
2847 2543 3058 2613 sumo)
3101 2541 3562 2600 SUBDIACONO.

896 2636 1129 2695 Prwstat
1166 2656 1270 2697 non
1293 2642 1528 2700 incidere
1557 2645 1612 2700 in
1638 2653 1951 2716 peccatum;
1990 2656 2104 2714 aut,
2134 2648 2182 2704 si
2227 2650 2448 2721 incidat,
2477 2669 2638 2722 quam
2675 2655 2926 2711 citissime
2958 2657 3122 2714 exire.

440 2747 696 2818 ’Δμεινον
722 2749 820 2818 μὲν
852 2748 928 2820 μὴ
968 2747 1174 2815 ἁλῶναι
1201 2753 1298 2806 ἐπὶ
1327 2755 1499 2827 κακίᾳ.
1519 2773 1533 2786 ·
1583 2755 1786 2812 ἁλόντα
1801 2758 1863 2812 δὲ
1889 2759 1952 2814 τὸ

361 2836 563 2894 εἰδέναι
591 2838 674 2892 ὅτι
702 2839 839 2912 ἥλω,
880 2840 975 2894 καὶ
1005 2842 1216 2914 ταχέως
1255 2844 1446 2918 ὥσπερ
1487 2845 1553 2901 ἐκ
1597 2865 1743 2914 τινος
1779 2851 1953 2924 μέθης

362 2930 702 3000 ἀνενεγκεῖν.
747 2930 808 2986 ⁸0
856 2932 966 3006 γὰρ
1018 2935 1185 3003 ἁλοὺς
1221 2936 1344 3010 μὲν,
1393 2939 1694 2997 ἑαλωκέναι
1739 2943 1798 2998 δὲ
1851 2947 1953 3001 ούκ

359 3021 630 3092 οίόμενος,
661 3025 946 3098 ἀνήκεστα
979 3029 1149 3083 νοσεῖ.

632 3137 711 3196 8'.
749 3169 819 3181 —
847 3139 1171 3216 ΔΜΜΩΝΙῼ
1209 3145 1677 3222 ΣΧΟΛΑΣΤΙΚῼ.

2133 2758 2361 2818 Praestat
2403 2778 2508 2820 non
2549 2764 2669 2836 capi
2711 2765 3106 2836 improbitate;
3148 2779 3366 2840 captum
3421 2787 3551 2828 vcro
3596 2791 3654 2830 se

2060 2850 2204 2907 scire
2245 2862 2476 2924 captum
2511 2869 2674 2921 esse,
2725 2857 3019 2928 statimque
3070 2859 3217 2916 velut
3253 2875 3284 2917 e
3335 2865 3651 2921 temnlentia

2064 2943 2298 3012 quadam
2333 2960 2634 3018 emergere.
2680 2947 2885 3017 Captus
2922 2965 3053 3007 vero
3082 2968 3188 3009 non
3222 2953 3457 3028 efﬁngere
3488 2963 3652 3015 susti-

2065 3047 2202 3091 nens
2219 3074 2236 3097 ,
2278 3036 2469 3094 morbo
2501 3038 2712 3094 laborat
2734 3040 3042 3098 incurabili.

2305 3163 2395 3222 IX.
2429 3198 2499 3209 —
2537 3169 2852 3228 ΑΜΜΟΝΙΟ
2896 3170 3399 3232 SCHOLASTICO;

826 3251 907 3309 De
932 3261 1076 3311 recta
1115 3255 1402 3314 liberorum
1429 3259 1804 3332 institutione;
1835 3265 1900 3322 de
1936 3285 2042 3340 qua
2072 3282 2121 3328 et
2153 3274 2250 3347 inf.
2277 3250 2440 3348 epist.
2470 3280 2574 3335 5l7
2601 3290 2652 3336 et
2684 3282 2788 3339 506
2809 3284 3017 3355 gemina
3040 3285 3185 3342 huic.

429 3367 494 3421 οι
540 3366 655 3432 τοῖς
688 3368 901 3425 ἑαυτῶν
933 3371 1125 3428 παισὶν
1153 3372 1235 3428 ἔτι
1269 3375 1490 3448 νηπίοις
1533 3371 1686 3435 οὖσιν
1717 3381 1950 3453 ἔγκατα-

2127 3393 2226 3460 Qui
2251 3395 2364 3452 suis
2385 3397 2562 3454 adhuc
2587 3403 2787 3457 teneris
2817 3401 3002 3459 liberis
3028 3404 3355 3463 documenta
3376 3409 3647 3477 inserunt,

360 3459 682 3530 σπείροντες
705 3461 923 3549 πρῶτον
954 3462 1054 3534 μὲν
1084 3463 1176 3518 τὸν
1201 3465 1330 3538 περὶ
1360 3467 1461 3538 τῆς
1488 3467 1640 3536 θείας
1679 3473 1955 3549 ὑπεροχῆς

355 3566 420 3604 τε
453 3551 548 3606 καὶ
576 3551 834 3641 προνοίας
861 3546 1021 3624 λόγον
1043 3571 1057 3586 ο
1091 3555 1348 3632 δεύτερον
1375 3559 1432 3614 δὲ
1463 3561 1557 3616 τὸν
1592 3565 1722 3635 περὶ
1750 3546 1955 3641 ἀρετῆς

355 3641 586 3713 τρόπον,
615 3636 764 3697 οὗτοι
798 3644 859 3699 ού
901 3646 1060 3718 μόνον
1098 3651 1299 3718 γονεῖς,
1333 3650 1473 3707 ἀλλά
1511 3655 1604 3709 καὶ
1639 3636 1950 3716 διδάσκαλοι

354 3733 573 3806 ἄριστοι
619 3738 982 3809 τυγχάνοντες
1032 3741 1319 3808 τεύξονται
1377 3743 1539 3801 θείων
1573 3749 1840 3819 ἀμοιϐῶν.
1886 3755 1950 3809 Oi

351 3824 413 3878 δὲ
440 3824 774 3912 πολυθεσίαν
804 3829 919 3900 ('50)
947 3830 1046 3884 καὶ
1099 3833 1301 3888 κακίαν
1332 3834 1504 3908 αὐτῆς
1534 3837 1648 3910 (51)
1701 3857 1950 3912 καταφυ-

353 3911 677 3981 τεύσαντες,
719 3915 816 3972 ἆτε
869 3918 1138 3986 θύσαντες
1181 3922 1363 3978 αὐτῶν
1393 3925 1463 3981 τά
1496 3927 1663 3985 τέκνα
1694 3934 1806 3997 τοῖς
1832 3911 1948 3990 δαί-

358 4025 540 4081 μοσιν,
565 4008 694 4078 ἀξια
723 4011 1046 4083 κομιοῦνται
1070 4014 1138 4068 τὰ
1167 4015 1446 4089 ἐπίχειρα.

891 4105 928 4159 ι’
955 4135 1026 4145 -
1053 4105 1418 4182 srmqu

2063 3482 2299 3550 primum
2327 3487 2545 3557 quidem
2580 3490 2646 3546 (ιο
2687 3491 2782 3548 Dei
2821 3482 3134 3563 praestantia
3162 3508 3326 3568 atque
3355 3503 3642 3572 providen-

2063 3573 2181 3642 tia;
2231 3577 2430 3635 dehinc
2457 3581 2716 3639 virtutem
2749 3601 3038 3658 moresque
3066 3593 3265 3661 probos
3300 3596 3646 3667 praecipiunt,

2061 3665 2116 3722 hi
2170 3682 2272 3724 non
2314 3673 2474 3729 modo
2525 3687 2819 3747 parentes,
2877 3683 2972 3736 sed
3023 3691 3079 3738 et
3124 3686 3318 3755 optimi
3377 3665 3648 3746 exsistunt

2060 3759 2328 3830 magistri,
2378 3773 2435 3820 et
2469 3779 2498 3820 a
2533 3767 2640 3822 Deo
2673 3757 2979 3828 mercedem
3020 3775 3315 3846 accipient.
3370 3778 3472 3847 Qui
3521 3795 3649 3837 vero

2059 3849 2284 3910 deorum
2311 3855 2708 3915 multitudinem
2729 3861 3242 3942 improbitatemque
3269 3870 3406 3926 tilios
3430 3873 3646 3935 docent.

2058 3943 2212 4013 quasi
2267 3946 2547 4006 daemoniis
2599 3966 2694 4010 eos
2743 3951 3064 4026 oll'erentes,
3129 3960 3341 4020 debitas
3383 3963 3650 4036 accipient

2058 4047 2269 4104 poenas.

2550 4134 2616 4194 X.
2647 4167 2719 4179 —
2750 4138 3155 4199 SYMMACIIO.

1554 4230 1630 4287 De
1661 4232 1890 4292 hominis
1933 4239 2200 4303 interioris
2233 4265 2430 4322 pugna.

440 4330 531 4386 ’Ev
571 4332 686 4397 τοῖς
734 4332 1021 4405 ἐμφυλίοις
1069 4337 1354 4411 πολέμοις,
1384 4341 1435 4394 εί
1464 4341 1559 4396 καὶ
1597 4344 1648 4398 oi
1682 4349 1948 4417 νικῶντες

350 4422 465 4478 τῶν
495 4425 830 4497 ἡττωμένων
860 4428 999 4483 εἰσὶν
1026 4429 1368 4505 ἀθλιώτεροι·
1393 4433 1557 4489 πλέον
1585 4435 1694 4508 γὰρ
1717 4438 1944 4494 ἐκείνων

353 4517 742 4589 αίσχύνονται,
791 4520 1012 4593 ὅσῳπερ
1044 4521 1111 4576 ἂν
1145 4522 1318 4579 πλείω
1349 4542 1400 4579 τι
1431 4525 1541 4580 τῶν
1573 4527 1748 4582 ἄλλων
1778 4531 1944 4602 ἐργά-

355 4625 582 4663 σωνταιο
610 4609 728 4664 ἀλλ’
755 4606 850 4666 οὖν
881 4629 946 4683 γε
965 4612 1452 4686 διαλλαγησόμενοι
1483 4616 1796 4674 διοίσονται.
1853 4621 1943 4678 Ἐν

350 4701 410 4756 δὲ
458 4703 592 4773 ἡμῖν
653 4701 788 4760 ἔνθα
835 4706 864 4760 6
933 4705 1170 4778 πόλεμος
1211 4708 1631 4783 ἀργαλεώτερός
1682 4715 1800 4769 ἑστι
1846 4717 1942 4772 τοῦ
1975 4689 2022 4750 D

347 4795 624 4865 ἐμφυλίου
645 4797 687 4828 ·’
708 4797 962 4870 σώματος
1007 4799 1117 4872 γὰρ
1149 4802 1270 4866 ένός
1312 4803 1461 4857 ἐστιν
1503 4804 1741 4876 ἆμιλλαεο
1769 4809 1846 4875 ὡς
1879 4813 1940 4866 οὐ

343 4882 840 4956 διαλλαγησόμενοι
894 4888 1265 4960 διαφέρονται.
1312 4891 1452 4945 Ἀλλ’
1483 4894 1694 4960 ἐκεῖνος
1742 4898 1944 4967 ἐγκαλ-

342 4976 686 5042 λωπίζεσθαι
734 4978 883 5033 δοκεῖ
931 4981 958 5033 6
1003 4979 1166 5034 πλέον
1211 4982 1322 5035 τῶν
1367 4981 1544 5039 ἄλλων
1585 4987 1810 5058 δράσας,
1848 4992 1946 5046 καὶ

341 5065 614 5140 ὲρυθριᾷν
647 5068 901 5139 ὀφείλων.
934 5071 1060 5136 Τοῖς
1086 5072 1195 5145 γὰρ
1231 5073 1432 5147 δρῶσιν
1470 5076 1502 5148 ἢ
1551 5079 1663 5144 τοῖς
1697 5079 1945 5154 πάσχου-

345 5171 434 5210 σιν
463 5159 498 5232 η
527 5161 767 5234 τιμωρία
793 5162 1108 5222 ἀπόκειται.

2127 4363 2389 4425 Civilibus
2423 4371 2476 4425 in
2519 4370 2675 4428 hellis
2711 4373 2816 4431 etsi
2846 4373 3085 4430 victores
3141 4375 3453 4434 miseriores
3477 4393 3643 4449 quam

2054 4455 2181 4512 victi
2231 4459 2500 4516 exsistant
2536 4479 2550 4517 :
2588 4463 2708 4532 plus
2751 4465 2896 4521 enim
2932 4466 3034 4523 illis
3081 4466 3247 4538 556
3291 4469 3641 4537 erubescunt,

2054 4563 2162 4619 quo
2196 4549 2317 4618 plus
2338 4567 2498 4620 quam
2524 4554 2978 4626 illilaborarunt;
3027 4567 3086 4614 at
3126 4569 3276 4616 certe
3305 4563 3640 4618 reconciliati

2050 4641 2226 4698 adhuc
2258 4642 2532 4700 differunt.
2568 4645 2626 4701 In
2652 4648 2807 4705 nobis
2823 4663 2954 4706 vero
2986 4651 3114 4706 hinc
3133 4651 3333 4708 bellum
3363 4653 3644 4712 molestius

2052 4735 2271 4803 accidit,
2300 4751 2464 4808 quam
2504 4739 2846 4796 intestinum.
2899 4743 2979 4799 De
3027 4759 3139 4800 uno
3186 4745 3332 4800 enim
3375 4745 3644 4802 duntaxat

2057 4842 2287 4899 corpore
2313 4839 2592 4886 certamen
2615 4840 2718 4899 est,
2749 4841 2812 4888 ut
2833 4848 2939 4890 non
2963 4836 3300 4892 reconciliati
3325 4837 3598 4895 dissident
3623 4860 3636 4896 ι

2052 4920 2148 4976 sed
2196 4920 2288 4977 ille
2336 4921 2554 4991 placere
2600 4923 2705 4980 sibi
2757 4926 2993 4993 videtur,
3043 4928 3137 4998 qui
3197 4929 3434 5000 amplius
3476 4947 3640 5003 quam

2051 5013 2231 5069 caeteri
2257 5016 2530 5085 praestitit,
2567 5031 2692 5072 cum
2715 5019 3039 5076 erubescere
3055 5021 3301 5078 deberet.
3327 5023 3642 5083 Patrantem

2055 5104 2200 5161 enim
2226 5114 2281 5162 et
2309 5123 2415 5164 non
2451 5108 2844 5179 perpetientem
2879 5124 3066 5170 manet
3081 5114 3432 5186 supplicium.

1491 5327 1727 5386 VARIJE
1767 5329 2151 5388 LECTIONES
2191 5330 2278 5386 ET
2311 5331 2545 5393 NOTAE.

421 5471 535 5543 (29)
576 5475 835 5544 Φρύονα.
860 5476 1128 5553 Diogenes
1149 5479 1399 5538 Laertius
1429 5481 1520 5539 lib.
1554 5500 1590 5546 t.
1621 5484 1674 5540 in
1699 5486 1932 5553 Pittaco,

342 5542 648 5627 Phrgonetn
674 5555 858 5627 vocat,
878 5542 1382 5627 etﬁtltenicnsihus
1406 5569 1511 5627 non
1540 5542 1942 5627 Rhegiensibus-

343 5617 662 5684 praefectum
692 5617 790 5672 ait.
831 5619 877 5672 Δ
910 5617 1118 5676 Pittaco
1147 5633 1328 5676 autem
1362 5623 1558 5680 molam
1586 5617 1932 5683 constitutam

349 5682 655 5769 disces‘lih.
678 5703 706 5768 ι
739 5687 1141 5769 _lsidori,__e_pistt
1186 5691 1310 5769 179.
1354 5691 1504 5769 infra
1535 5696 1624 5769 hic
1660 5682 1937 5769 ἐναὸρόνω

348 5771 459 5840 gon
500 5765 555 5809 ιιι
586 5758 846 5840 scriptttn)
893 5759 1202 5840 a_librari_0_,
1241 5763 1552 5840 ἀναϐρύνω,
1591 5767 1689 5840 leg.
1725 5758 1931 5826 censui.

349 5825 591 5885 SCHO'IT.
623 5825 856 5886 -—7Cud.
901 5830 1019 5887 Vttl.
1052 5841 1105 5888 ct
1131 5834 1234 5887 Alt.
1265 5825 1543 5906 Φρυνωνά.

2268 5490 2729 5573 Ρτρίπολυθεισῖαν
2765 5503 3090 5573 tentaveram
3126 5501 3484 5573 πολυφασίαν,
3516 5519 3635 5573 quae

2041 5570 2126 5614 est
2159 5559 2428 5638 Hesychia
2458 5563 2772 5634 πολυλογία,
2815 5566 3130 5638 loquacitas,
3169 5559 3445 5628 Plaionica
3474 5559 3632 5638 'vox”;

2042 5643 2185 5685 nunc
2235 5646 2340 5706 una
2375 5632 2734 5706 duntaxatex
2761 5632 2889 5692 trita
2919 5632 3126 5706 littera,
3163 5641 3475 5700 πολυθεταν.
3516 5632 3632 5700 deo;

2043 5717 2168 5776 runt
2183 5701 2603 5776 multitudinem,
2648 5704 2782 5776 lego.
2819 5706 3060 5766 SCIIOTT.

2114 5771 2369 5851 (51)_Pr_o
2403 5773 2575 5851 αρτῆς
2603 5771 2776 5834 ambo
2793 5778 2950 5834 codd.
3004 5778 3123 5838 Val.
3156 5781 3260 5839 630
3299 5792 3352 5847 et
3381 5784 3486 5851 Mt.
3532 5789 3628 5845 hu—

2045 5841 2172 5897 bcnt
2197 5841 2396 5907 αὐτοῖς.
2431 5841 2648 5904 Possm.
