  <div class='ocr_page' id='page_1' title='image "/cluster/home/n/w/nwhite01/storage/ocr_20150623/78/coo.31924054869791/673.png"; bbox 0 0 4078 6372; ppageno 0'>
   <div class='ocr_carea' id='block_1_1' title="bbox 450 335 581 403">
    <p class='ocr_par' dir='ltr' id='par_1_1' title="bbox 450 335 581 403">
     <span class='ocr_line' id='line_1_1' title="bbox 450 335 581 403; baseline 0.008 -2"><span class='ocrx_word' id='word_1_1' title='bbox 450 335 581 403; x_wconf 78' lang='lat'><strong>13.31</strong></span> 
     </span>
    </p>
   </div>
   <div class='ocr_carea' id='block_1_2' title="bbox 692 451 1785 510">
    <p class='ocr_par' dir='ltr' id='par_1_2' title="bbox 692 451 1785 510">
     <span class='ocr_line' id='line_1_2' title="bbox 692 451 1785 510; baseline 0.003 -5"><span class='ocrx_word' id='word_1_2' title='bbox 692 451 781 505; x_wconf 75' lang='lat' dir='ltr'><strong>XI.</strong></span> <span class='ocrx_word' id='word_1_3' title='bbox 816 481 882 491; x_wconf 79' lang='lat'><strong>-—</strong></span> <span class='ocrx_word' id='word_1_4' title='bbox 916 451 1347 509; x_wconf 76' lang='lat' dir='ltr'><strong>MARTINIANO</strong></span> <span class='ocrx_word' id='word_1_5' title='bbox 1379 453 1467 509; x_wconf 82' lang='lat' dir='ltr'><strong>ET</strong></span> <span class='ocrx_word' id='word_1_6' title='bbox 1514 453 1785 510; x_wconf 81' lang='lat' dir='ltr'><strong>ZOSIMO.</strong></span> 
     </span>
    </p>
   </div>
   <div class='ocr_carea' id='block_1_3' title="bbox 1640 341 2516 403">
    <p class='ocr_par' dir='ltr' id='par_1_3' title="bbox 1640 341 2516 403">
     <span class='ocr_line' id='line_1_3' title="bbox 1640 341 2516 403; baseline -0.001 -2"><span class='ocrx_word' id='word_1_7' title='bbox 1640 345 1700 402; x_wconf 91' lang='lat' dir='ltr'><strong>S.</strong></span> <span class='ocrx_word' id='word_1_8' title='bbox 1745 342 2038 403; x_wconf 82' lang='lat' dir='ltr'>ISIDORI</span> <span class='ocrx_word' id='word_1_9' title='bbox 2081 341 2516 402; x_wconf 77' lang='lat' dir='ltr'><strong>PELUSIOT/E</strong></span> 
     </span>
    </p>
   </div>
   <div class='ocr_carea' id='block_1_4' title="bbox 3578 330 3718 396">
    <p class='ocr_par' dir='ltr' id='par_1_4' title="bbox 3578 330 3718 396">
     <span class='ocr_line' id='line_1_4' title="bbox 3578 330 3718 396; baseline 0 0"><span class='ocrx_word' id='word_1_10' title='bbox 3578 330 3718 396; x_wconf 73' lang='lat'><strong>1332</strong></span> 
     </span>
    </p>
   </div>
   <div class='ocr_carea' id='block_1_5' title="bbox 2349 447 3500 521">
    <p class='ocr_par' dir='ltr' id='par_1_5' title="bbox 2349 447 3500 521">
     <span class='ocr_line' id='line_1_5' title="bbox 2349 447 3500 521; baseline -0.004 -13"><span class='ocrx_word' id='word_1_11' title='bbox 2349 456 2451 509; x_wconf 77' lang='lat' dir='ltr'><strong>IA’.</strong></span> <span class='ocrx_word' id='word_1_12' title='bbox 2477 482 2548 493; x_wconf 90' lang='lat'>—</span> <span class='ocrx_word' id='word_1_13' title='bbox 2576 450 3032 521; x_wconf 79' lang='grc' dir='ltr'><strong>ΜΑΡἸΊΝΙΔΝῼ,</strong></span> <span class='ocrx_word' id='word_1_14' title='bbox 3071 450 3194 504; x_wconf 78' lang='lat' dir='ltr'><strong>KAI</strong></span> <span class='ocrx_word' id='word_1_15' title='bbox 3229 447 3500 521; x_wconf 78' lang='grc' dir='ltr'><strong>ΖΩΣΙΜῼ.</strong></span> 
     </span>
    </p>
   </div>
   <div class='ocr_carea' id='block_1_6' title="bbox 1767 566 2417 624">
    <p class='ocr_par' dir='ltr' id='par_1_6' title="bbox 1767 566 2417 624">
     <span class='ocr_line' id='line_1_6' title="bbox 1767 566 2417 624; baseline -0.003 0"><span class='ocrx_word' id='word_1_16' title='bbox 1767 566 1986 624; x_wconf 77' lang='lat' dir='ltr'><strong>Virtutis</strong></span> <span class='ocrx_word' id='word_1_17' title='bbox 2011 567 2417 624; x_wconf 76' lang='lat' dir='ltr'><strong>conmendalio.</strong></span> 
     </span>
    </p>
   </div>
   <div class='ocr_carea' id='block_1_7' title="bbox 526 673 2025 747">
    <p class='ocr_par' dir='ltr' id='par_1_7' title="bbox 526 673 2025 747">
     <span class='ocr_line' id='line_1_7' title="bbox 526 673 2025 747; baseline 0.007 -19"><span class='ocrx_word' id='word_1_18' title='bbox 526 673 726 730; x_wconf 80' lang='lat' dir='ltr'><strong>\litium</strong></span> <span class='ocrx_word' id='word_1_19' title='bbox 757 673 956 747; x_wconf 74' lang='lat' dir='ltr'><strong>fugite,</strong></span> <span class='ocrx_word' id='word_1_20' title='bbox 987 690 1021 734; x_wconf 86' lang='grc' dir='ltr'><strong>ο</strong></span> <span class='ocrx_word' id='word_1_21' title='bbox 1047 676 1258 747; x_wconf 88' lang='lat' dir='ltr'><strong>optimi.</strong></span> <span class='ocrx_word' id='word_1_22' title='bbox 1295 678 1447 734; x_wconf 88' lang='lat' dir='ltr'><strong>Solet</strong></span> <span class='ocrx_word' id='word_1_23' title='bbox 1485 679 1629 735; x_wconf 82' lang='lat' dir='ltr'><strong>enim</strong></span> <span class='ocrx_word' id='word_1_24' title='bbox 1665 679 1932 736; x_wconf 81' lang='lat' dir='ltr'><strong>inlatuare</strong></span> <span class='ocrx_word' id='word_1_25' title='bbox 1959 673 2025 739; x_wconf 70' lang='lat' dir='ltr'><strong>ae</strong></span> 
     </span>
    </p>
   </div>
   <div class='ocr_carea' id='block_1_8' title="bbox 447 767 2027 844">
    <p class='ocr_par' dir='ltr' id='par_1_8' title="bbox 447 767 2027 844">
     <span class='ocr_line' id='line_1_8' title="bbox 447 767 2027 844; baseline 0.004 -20"><span class='ocrx_word' id='word_1_26' title='bbox 447 767 726 824; x_wconf 89' lang='lat' dir='ltr'><strong>dementes</strong></span> <span class='ocrx_word' id='word_1_27' title='bbox 760 768 986 824; x_wconf 84' lang='lat' dir='ltr'><strong>reddere</strong></span> <span class='ocrx_word' id='word_1_28' title='bbox 1023 785 1151 826; x_wconf 88' lang='lat' dir='ltr'><strong>suos</strong></span> <span class='ocrx_word' id='word_1_29' title='bbox 1187 781 1482 831; x_wconf 73' lang='lat' dir='ltr'><strong>amatores.</strong></span> <span class='ocrx_word' id='word_1_30' title='bbox 1520 771 1789 828; x_wconf 76' lang='lat' dir='ltr'><strong>Virtutem</strong></span> <span class='ocrx_word' id='word_1_31' title='bbox 1847 775 2027 844; x_wconf 80' lang='lat' dir='ltr'><strong>potius</strong></span> 
     </span>
    </p>
   </div>
   <div class='ocr_carea' id='block_1_9' title="bbox 447 858 2023 934">
    <p class='ocr_par' dir='ltr' id='par_1_9' title="bbox 447 858 2023 934">
     <span class='ocr_line' id='line_1_9' title="bbox 447 858 2023 934; baseline 0.003 -20"><span class='ocrx_word' id='word_1_32' title='bbox 447 859 755 914; x_wconf 75' lang='lat' dir='ltr'><strong>sectamini.</strong></span> <span class='ocrx_word' id='word_1_33' title='bbox 817 858 946 916; x_wconf 72' lang='lat' dir='ltr'><strong>Haec</strong></span> <span class='ocrx_word' id='word_1_34' title='bbox 995 862 1140 917; x_wconf 88' lang='lat' dir='ltr'><strong>enim</strong></span> <span class='ocrx_word' id='word_1_35' title='bbox 1195 864 1476 932; x_wconf 81' lang='lat' dir='ltr'><strong>sapientes</strong></span> <span class='ocrx_word' id='word_1_36' title='bbox 1531 863 1745 920; x_wconf 86' lang='lat' dir='ltr'><strong>cllicere</strong></span> <span class='ocrx_word' id='word_1_37' title='bbox 1804 875 2023 934; x_wconf 87' lang='lat' dir='ltr'><strong>potest,</strong></span> 
     </span>
    </p>
   </div>
   <div class='ocr_carea' id='block_1_10' title="bbox 445 951 2024 1027">
    <p class='ocr_par' dir='ltr' id='par_1_10' title="bbox 445 951 2024 1027">
     <span class='ocr_line' id='line_1_10' title="bbox 445 951 2024 1027; baseline 0.004 -22"><span class='ocrx_word' id='word_1_38' title='bbox 445 961 611 1021; x_wconf 87' lang='lat' dir='ltr'><strong>atque</strong></span> <span class='ocrx_word' id='word_1_39' title='bbox 643 952 697 1006; x_wconf 89' lang='lat' dir='ltr'><strong>in</strong></span> <span class='ocrx_word' id='word_1_40' title='bbox 729 951 942 1008; x_wconf 88' lang='lat' dir='ltr'><strong>decenti</strong></span> <span class='ocrx_word' id='word_1_41' title='bbox 970 953 1251 1010; x_wconf 88' lang='lat' dir='ltr'><strong>continere</strong></span> <span class='ocrx_word' id='word_1_42' title='bbox 1279 954 1456 1010; x_wconf 78' lang='lat' dir='ltr'><strong>ollicio</strong></span> <span class='ocrx_word' id='word_1_43' title='bbox 1479 995 1494 1020; x_wconf 89' lang='lat'><strong>,</strong></span> <span class='ocrx_word' id='word_1_44' title='bbox 1518 957 1610 1026; x_wconf 86' lang='lat' dir='ltr'><strong>qui</strong></span> <span class='ocrx_word' id='word_1_45' title='bbox 1637 972 1756 1011; x_wconf 87' lang='lat' dir='ltr'><strong>eam</strong></span> <span class='ocrx_word' id='word_1_46' title='bbox 1785 957 2024 1027; x_wconf 78' lang='lat' dir='ltr'><strong>amplexi</strong></span> 
     </span>
    </p>
   </div>
   <div class='ocr_carea' id='block_1_11' title="bbox 445 1041 2026 1117">
    <p class='ocr_par' dir='ltr' id='par_1_11' title="bbox 445 1041 2026 1117">
     <span class='ocr_line' id='line_1_11' title="bbox 445 1041 2026 1117; baseline 0.006 -22"><span class='ocrx_word' id='word_1_47' title='bbox 445 1050 592 1098; x_wconf 76' lang='lat' dir='ltr'><strong>sunt.</strong></span> <span class='ocrx_word' id='word_1_48' title='bbox 629 1041 759 1109; x_wconf 74' lang='lat' dir='ltr'><strong>Quae</strong></span> <span class='ocrx_word' id='word_1_49' title='bbox 779 1042 944 1098; x_wconf 87' lang='lat' dir='ltr'><strong>etiam</strong></span> <span class='ocrx_word' id='word_1_50' title='bbox 969 1059 1034 1099; x_wconf 81' lang='lat' dir='ltr'><strong>ex</strong></span> <span class='ocrx_word' id='word_1_51' title='bbox 1076 1044 1205 1114; x_wconf 88' lang='lat' dir='ltr'><strong>ipsis</strong></span> <span class='ocrx_word' id='word_1_52' title='bbox 1225 1046 1397 1102; x_wconf 91' lang='lat' dir='ltr'><strong>oculis</strong></span> <span class='ocrx_word' id='word_1_53' title='bbox 1437 1047 1567 1102; x_wconf 87' lang='lat' dir='ltr'><strong>mite</strong></span> <span class='ocrx_word' id='word_1_54' title='bbox 1603 1047 1732 1117; x_wconf 90' lang='lat' dir='ltr'><strong>quid</strong></span> <span class='ocrx_word' id='word_1_55' title='bbox 1765 1061 1830 1102; x_wconf 87' lang='lat' dir='ltr'><strong>ac</strong></span> <span class='ocrx_word' id='word_1_56' title='bbox 1854 1047 2026 1117; x_wconf 87' lang='lat' dir='ltr'><strong>placi-</strong></span> 
     </span>
    </p>
   </div>
   <div class='ocr_carea' id='block_1_12' title="bbox 446 1135 2030 1210">
    <p class='ocr_par' dir='ltr' id='par_1_12' title="bbox 446 1135 2030 1210">
     <span class='ocr_line' id='line_1_12' title="bbox 446 1135 2030 1210; baseline 0.004 -22"><span class='ocrx_word' id='word_1_57' title='bbox 446 1135 576 1189; x_wconf 90' lang='lat' dir='ltr'><strong>dum</strong></span> <span class='ocrx_word' id='word_1_58' title='bbox 610 1135 902 1196; x_wconf 80' lang='lat' dir='ltr'><strong>tuentibus</strong></span> <span class='ocrx_word' id='word_1_59' title='bbox 939 1150 1316 1207; x_wconf 64' lang='lat' dir='ltr'><strong>saepenumero</strong></span> <span class='ocrx_word' id='word_1_60' title='bbox 1355 1152 1415 1194; x_wconf 88' lang='lat' dir='ltr'><strong>se</strong></span> <span class='ocrx_word' id='word_1_61' title='bbox 1445 1137 1645 1206; x_wconf 84' lang='lat' dir='ltr'><strong>prodit,</strong></span> <span class='ocrx_word' id='word_1_62' title='bbox 1685 1139 2030 1210; x_wconf 85' lang='lat' dir='ltr'><strong>ostenditque</strong></span> 
     </span>
    </p>
   </div>
   <div class='ocr_carea' id='block_1_13' title="bbox 445 1227 1624 1295">
    <p class='ocr_par' dir='ltr' id='par_1_13' title="bbox 445 1227 1624 1295">
     <span class='ocr_line' id='line_1_13' title="bbox 445 1227 1624 1295; baseline 0.003 -15"><span class='ocrx_word' id='word_1_63' title='bbox 445 1241 553 1295; x_wconf 88' lang='lat' dir='ltr'><strong>qua</strong></span> <span class='ocrx_word' id='word_1_64' title='bbox 580 1240 736 1284; x_wconf 88' lang='lat' dir='ltr'><strong>mens</strong></span> <span class='ocrx_word' id='word_1_65' title='bbox 764 1227 996 1285; x_wconf 86' lang='lat' dir='ltr'><strong>interius</strong></span> <span class='ocrx_word' id='word_1_66' title='bbox 1019 1230 1286 1286; x_wconf 86' lang='lat' dir='ltr'><strong>modestia</strong></span> <span class='ocrx_word' id='word_1_67' title='bbox 1309 1230 1383 1286; x_wconf 90' lang='lat' dir='ltr'><strong>sit</strong></span> <span class='ocrx_word' id='word_1_68' title='bbox 1399 1229 1624 1285; x_wconf 87' lang='lat' dir='ltr'><strong>imbuta.</strong></span> 
     </span>
    </p>
   </div>
   <div class='ocr_carea' id='block_1_14' title="bbox 728 1423 1744 1482">
    <p class='ocr_par' dir='ltr' id='par_1_14' title="bbox 728 1423 1744 1482">
     <span class='ocr_line' id='line_1_14' title="bbox 728 1423 1744 1482; baseline 0 -4"><span class='ocrx_word' id='word_1_69' title='bbox 728 1423 937 1480; x_wconf 83' lang='lat' dir='ltr'>XII.—</span> <span class='ocrx_word' id='word_1_70' title='bbox 970 1424 1222 1481; x_wconf 83' lang='lat' dir='ltr'><strong>ZOSIMO</strong></span> <span class='ocrx_word' id='word_1_71' title='bbox 1262 1423 1744 1482; x_wconf 79' lang='lat' dir='ltr'><strong>PRESBYTERO.</strong></span> 
     </span>
    </p>
   </div>
   <div class='ocr_carea' id='block_1_15' title="bbox 2202 671 3717 748">
    <p class='ocr_par' dir='ltr' id='par_1_15' title="bbox 2202 671 3717 748">
     <span class='ocr_line' id='line_1_15' title="bbox 2202 671 3717 748; baseline -0.001 -17"><span class='ocrx_word' id='word_1_72' title='bbox 2202 676 2461 748; x_wconf 81' lang='grc' dir='ltr'>Φεύγετε,</span> <span class='ocrx_word' id='word_1_73' title='bbox 2504 671 2550 732; x_wconf 85' lang='grc' dir='ltr'>ὢ</span> <span class='ocrx_word' id='word_1_74' title='bbox 2581 677 2869 748; x_wconf 81' lang='grc' dir='ltr'>βέλτιστοι,</span> <span class='ocrx_word' id='word_1_75' title='bbox 2899 677 2997 744; x_wconf 81' lang='grc' dir='ltr'>τὴν</span> <span class='ocrx_word' id='word_1_76' title='bbox 3033 677 3255 732; x_wconf 84' lang='grc' dir='ltr'>κακίαν.</span> <span class='ocrx_word' id='word_1_77' title='bbox 3287 674 3448 745; x_wconf 77' lang='grc' dir='ltr'>Δεινὴ</span> <span class='ocrx_word' id='word_1_78' title='bbox 3477 675 3586 747; x_wconf 83' lang='grc' dir='ltr'><strong>γὰρ</strong></span> <span class='ocrx_word' id='word_1_79' title='bbox 3621 678 3717 730; x_wconf 75' lang='grc' dir='ltr'><strong>ὲκ-</strong></span> 
     </span>
    </p>
   </div>
   <div class='ocr_carea' id='block_1_16' title="bbox 2131 766 3720 841">
    <p class='ocr_par' dir='ltr' id='par_1_16' title="bbox 2131 766 3720 841">
     <span class='ocr_line' id='line_1_16' title="bbox 2131 766 3720 841; baseline -0.003 -19"><span class='ocrx_word' id='word_1_80' title='bbox 2131 768 2394 840; x_wconf 84' lang='grc' dir='ltr'>λυττῆσαι</span> <span class='ocrx_word' id='word_1_81' title='bbox 2418 771 2512 824; x_wconf 62' lang='grc' dir='ltr'><strong>κα.)⁵</strong></span> <span class='ocrx_word' id='word_1_82' title='bbox 2550 772 2912 841; x_wconf 78' lang='grc' dir='ltr'><strong>παράφρονας</strong></span> <span class='ocrx_word' id='word_1_83' title='bbox 2945 768 3286 840; x_wconf 72' lang='grc' dir='ltr'>ἐργάσασθαι</span> <span class='ocrx_word' id='word_1_84' title='bbox 3313 769 3441 832; x_wconf 81' lang='grc' dir='ltr'>τοὺς</span> <span class='ocrx_word' id='word_1_85' title='bbox 3476 766 3720 830; x_wconf 79' lang='grc' dir='ltr'><strong>οἰκείους</strong></span> 
     </span>
    </p>
   </div>
   <div class='ocr_carea' id='block_1_17' title="bbox 2131 861 3720 934">
    <p class='ocr_par' dir='ltr' id='par_1_17' title="bbox 2131 861 3720 934">
     <span class='ocr_line' id='line_1_17' title="bbox 2131 861 3720 934; baseline -0.003 -18"><span class='ocrx_word' id='word_1_86' title='bbox 2131 863 2390 933; x_wconf 70' lang='grc' dir='ltr'>ἰραστάς.</span> <span class='ocrx_word' id='word_1_87' title='bbox 2423 861 2658 916; x_wconf 81' lang='grc' dir='ltr'>Διὼκετε</span> <span class='ocrx_word' id='word_1_88' title='bbox 2690 863 2747 916; x_wconf 70' lang='grc' dir='ltr'>δὲ</span> <span class='ocrx_word' id='word_1_89' title='bbox 2775 862 2874 934; x_wconf 84' lang='grc' dir='ltr'><strong>τὴν</strong></span> <span class='ocrx_word' id='word_1_90' title='bbox 2908 862 3132 934; x_wconf 84' lang='grc' dir='ltr'>ἀρετήν.</span> <span class='ocrx_word' id='word_1_91' title='bbox 3167 861 3326 931; x_wconf 81' lang='grc' dir='ltr'><strong>Δεινὴ</strong></span> <span class='ocrx_word' id='word_1_92' title='bbox 3355 861 3464 931; x_wconf 85' lang='grc' dir='ltr'><strong>γὰρ</strong></span> <span class='ocrx_word' id='word_1_93' title='bbox 3496 861 3720 928; x_wconf 79' lang='grc' dir='ltr'><strong>σοφίσαι</strong></span> 
     </span>
    </p>
   </div>
   <div class='ocr_carea' id='block_1_18' title="bbox 2133 951 3722 1027">
    <p class='ocr_par' dir='ltr' id='par_1_18' title="bbox 2133 951 3722 1027">
     <span class='ocr_line' id='line_1_18' title="bbox 2133 951 3722 1027; baseline -0.004 -18"><span class='ocrx_word' id='word_1_94' title='bbox 2133 954 2230 1009; x_wconf 61' lang='grc' dir='ltr'><strong>καὶ⁵</strong></span> <span class='ocrx_word' id='word_1_95' title='bbox 2272 955 2332 1008; x_wconf 83' lang='grc' dir='ltr'><strong>ὲν</strong></span> <span class='ocrx_word' id='word_1_96' title='bbox 2355 957 2423 1026; x_wconf 74' lang='grc' dir='ltr'><strong>τῇ</strong></span> <span class='ocrx_word' id='word_1_97' title='bbox 2469 955 2829 1027; x_wconf 82' lang='grc' dir='ltr'><strong>προσηκούσῃ</strong></span> <span class='ocrx_word' id='word_1_98' title='bbox 2867 954 3202 1008; x_wconf 81' lang='grc' dir='ltr'><strong>καταστάσει</strong></span> <span class='ocrx_word' id='word_1_99' title='bbox 3233 951 3562 1023; x_wconf 77' lang='grc' dir='ltr'><strong>διατηρῆσαι</strong></span> <span class='ocrx_word' id='word_1_100' title='bbox 3588 951 3722 1015; x_wconf 77' lang='grc' dir='ltr'>τοὺς</span> 
     </span>
    </p>
   </div>
   <div class='ocr_carea' id='block_1_19' title="bbox 2134 1039 3723 1115">
    <p class='ocr_par' dir='ltr' id='par_1_19' title="bbox 2134 1039 3723 1115">
     <span class='ocr_line' id='line_1_19' title="bbox 2134 1039 3723 1115; baseline -0.003 -16"><span class='ocrx_word' id='word_1_101' title='bbox 2134 1044 2528 1115; x_wconf 84' lang='grc' dir='ltr'><strong>ἀντεχομένους</strong></span> <span class='ocrx_word' id='word_1_102' title='bbox 2569 1045 2761 1114; x_wconf 81' lang='grc' dir='ltr'><strong>αὐτῆς.</strong></span> <span class='ocrx_word' id='word_1_103' title='bbox 2787 1044 2864 1098; x_wconf 88' lang='grc' dir='ltr'><strong>Ἤ</strong></span> <span class='ocrx_word' id='word_1_104' title='bbox 2892 1061 2956 1112; x_wconf 90' lang='grc' dir='ltr'><strong>γε</strong></span> <span class='ocrx_word' id='word_1_105' title='bbox 2997 1043 3096 1097; x_wconf 68' lang='grc' dir='ltr'><strong>καὶ</strong></span> <span class='ocrx_word' id='word_1_106' title='bbox 3150 1041 3241 1096; x_wconf 85' lang='grc' dir='ltr'><strong>διὰ</strong></span> <span class='ocrx_word' id='word_1_107' title='bbox 3281 1041 3393 1095; x_wconf 89' lang='grc' dir='ltr'><strong>τῶν</strong></span> <span class='ocrx_word' id='word_1_108' title='bbox 3419 1039 3723 1111; x_wconf 83' lang='grc' dir='ltr'><strong>ὀφθαλμῶν</strong></span> 
     </span>
    </p>
   </div>
   <div class='ocr_carea' id='block_1_20' title="bbox 2136 1132 3726 1208">
    <p class='ocr_par' dir='ltr' id='par_1_20' title="bbox 2136 1132 3726 1208">
     <span class='ocr_line' id='line_1_20' title="bbox 2136 1132 3726 1208; baseline -0.003 -19"><span class='ocrx_word' id='word_1_109' title='bbox 2136 1136 2398 1200; x_wconf 81' lang='grc' dir='ltr'><strong>πολλάκις</strong></span> <span class='ocrx_word' id='word_1_110' title='bbox 2435 1135 2645 1208; x_wconf 71' lang='grc' dir='ltr'>ἥμερόν</span> <span class='ocrx_word' id='word_1_111' title='bbox 2669 1153 2723 1189; x_wconf 90' lang='grc' dir='ltr'>τι</span> <span class='ocrx_word' id='word_1_112' title='bbox 2761 1135 2859 1189; x_wconf 79' lang='grc' dir='ltr'><strong>καὶ</strong></span> <span class='ocrx_word' id='word_1_113' title='bbox 2889 1135 3121 1206; x_wconf 80' lang='grc' dir='ltr'>γαληνὸν</span> <span class='ocrx_word' id='word_1_114' title='bbox 3164 1133 3472 1204; x_wconf 78' lang='grc' dir='ltr'><strong>βλεπόντων</strong></span> <span class='ocrx_word' id='word_1_115' title='bbox 3509 1132 3726 1186; x_wconf 81' lang='grc' dir='ltr'>δείκνυ-</span> 
     </span>
    </p>
   </div>
   <div class='ocr_carea' id='block_1_21' title="bbox 2140 1221 3724 1298">
    <p class='ocr_par' dir='ltr' id='par_1_21' title="bbox 2140 1221 3724 1298">
     <span class='ocr_line' id='line_1_21' title="bbox 2140 1221 3724 1298; baseline -0.003 -17"><span class='ocrx_word' id='word_1_116' title='bbox 2140 1242 2247 1294; x_wconf 94' lang='grc' dir='ltr'>σιν,</span> <span class='ocrx_word' id='word_1_117' title='bbox 2273 1226 2350 1293; x_wconf 83' lang='grc' dir='ltr'><strong>ὡς</strong></span> <span class='ocrx_word' id='word_1_118' title='bbox 2395 1227 2718 1283; x_wconf 74' lang='grc' dir='ltr'><strong>ἐνέστακται</strong></span> <span class='ocrx_word' id='word_1_119' title='bbox 2775 1226 2924 1282; x_wconf 71' lang='grc' dir='ltr'>ἔνδον</span> <span class='ocrx_word' id='word_1_120' title='bbox 2965 1229 2995 1280; x_wconf 84' lang='grc' dir='ltr'><strong>ὁ</strong></span> <span class='ocrx_word' id='word_1_121' title='bbox 3040 1225 3165 1291; x_wconf 84' lang='grc' dir='ltr'>νοῦς</span> <span class='ocrx_word' id='word_1_122' title='bbox 3192 1223 3547 1298; x_wconf 80' lang='grc' dir='ltr'><strong>σωφροσύνης</strong></span> <span class='ocrx_word' id='word_1_123' title='bbox 3581 1221 3724 1278; x_wconf 79' lang='grc' dir='ltr'>ἀνά-</span> 
     </span>
    </p>
   </div>
   <div class='ocr_carea' id='block_1_22' title="bbox 2139 1319 2320 1384">
    <p class='ocr_par' dir='ltr' id='par_1_22' title="bbox 2139 1319 2320 1384">
     <span class='ocr_line' id='line_1_22' title="bbox 2139 1319 2320 1384; baseline 0.011 -12"><span class='ocrx_word' id='word_1_124' title='bbox 2139 1319 2320 1384; x_wconf 87' lang='grc' dir='ltr'>πλεος.</span> 
     </span>
    </p>
   </div>
   <div class='ocr_carea' id='block_1_23' title="bbox 2435 1429 3432 1506">
    <p class='ocr_par' dir='ltr' id='par_1_23' title="bbox 2435 1429 3432 1506">
     <span class='ocr_line' id='line_1_23' title="bbox 2435 1429 3432 1506; baseline 0.001 -20"><span class='ocrx_word' id='word_1_125' title='bbox 2435 1429 2535 1488; x_wconf 87' lang='lat' dir='ltr'><strong>IB&#39;.</strong></span> <span class='ocrx_word' id='word_1_126' title='bbox 2576 1463 2644 1474; x_wconf 89' lang='lat'><strong><em>—</em></strong></span> <span class='ocrx_word' id='word_1_127' title='bbox 2677 1434 2929 1506; x_wconf 77' lang='grc' dir='ltr'><strong>ΖΩΣΙΜῼ</strong></span> <span class='ocrx_word' id='word_1_128' title='bbox 2965 1431 3432 1504; x_wconf 79' lang='grc' dir='ltr'><strong>ΠΡΕΣΒΥΤΕΡῼ.</strong></span> 
     </span>
    </p>
   </div>
   <div class='ocr_carea' id='block_1_24' title="bbox 973 1539 3174 1618">
    <p class='ocr_par' dir='ltr' id='par_1_24' title="bbox 973 1539 3174 1618">
     <span class='ocr_line' id='line_1_24' title="bbox 973 1539 3174 1618; baseline 0.004 -25"><span class='ocrx_word' id='word_1_129' title='bbox 973 1539 1131 1594; x_wconf 75' lang='lat' dir='ltr'><strong>lubet</strong></span> <span class='ocrx_word' id='word_1_130' title='bbox 1161 1555 1192 1593; x_wconf 83' lang='grc' dir='ltr'><strong>α</strong></span> <span class='ocrx_word' id='word_1_131' title='bbox 1235 1539 1456 1594; x_wconf 83' lang='lat' dir='ltr'><strong>scelesta</strong></span> <span class='ocrx_word' id='word_1_132' title='bbox 1481 1540 1584 1595; x_wconf 78' lang='lat' dir='ltr'><strong>vita</strong></span> <span class='ocrx_word' id='word_1_133' title='bbox 1615 1539 1898 1607; x_wconf 77' lang='lat' dir='ltr'><strong>abstinere,</strong></span> <span class='ocrx_word' id='word_1_134' title='bbox 1925 1551 2018 1595; x_wconf 80' lang='lat' dir='ltr'><strong>aut</strong></span> <span class='ocrx_word' id='word_1_135' title='bbox 2049 1561 2080 1597; x_wconf 93' lang='lat' dir='ltr'><strong>a</strong></span> <span class='ocrx_word' id='word_1_136' title='bbox 2119 1546 2288 1599; x_wconf 79' lang='lat' dir='ltr'><strong>sacris</strong></span> <span class='ocrx_word' id='word_1_137' title='bbox 2327 1547 2611 1617; x_wconf 75' lang='lat' dir='ltr'><strong>mysteriis.</strong></span> <span class='ocrx_word' id='word_1_138' title='bbox 2645 1545 2775 1602; x_wconf 83' lang='lat' dir='ltr'><strong>Vide</strong></span> <span class='ocrx_word' id='word_1_139' title='bbox 2804 1545 2903 1616; x_wconf 79' lang='lat' dir='ltr'><strong>inf.</strong></span> <span class='ocrx_word' id='word_1_140' title='bbox 2933 1563 3014 1618; x_wconf 87' lang='lat' dir='ltr'><strong>ep.</strong></span> <span class='ocrx_word' id='word_1_141' title='bbox 3046 1545 3174 1602; x_wconf 71' lang='grc'><strong>251.</strong></span> 
     </span>
    </p>
   </div>
   <div class='ocr_carea' id='block_1_25' title="bbox 523 1643 2035 1735">
    <p class='ocr_par' dir='ltr' id='par_1_25' title="bbox 523 1655 2032 1730">
     <span class='ocr_line' id='line_1_25' title="bbox 523 1655 2032 1730; baseline 0 -18"><span class='ocrx_word' id='word_1_142' title='bbox 523 1655 780 1728; x_wconf 85' lang='lat' dir='ltr'><strong>Plerique</strong></span> <span class='ocrx_word' id='word_1_143' title='bbox 810 1671 940 1712; x_wconf 84' lang='lat' dir='ltr'><strong>sane</strong></span> <span class='ocrx_word' id='word_1_144' title='bbox 964 1655 1110 1730; x_wconf 83' lang='lat' dir='ltr'><strong>(nam</strong></span> <span class='ocrx_word' id='word_1_145' title='bbox 1147 1671 1336 1712; x_wconf 89' lang='lat' dir='ltr'><strong>omnes</strong></span> <span class='ocrx_word' id='word_1_146' title='bbox 1367 1657 1548 1713; x_wconf 86' lang='lat' dir='ltr'><strong>dicere</strong></span> <span class='ocrx_word' id='word_1_147' title='bbox 1578 1657 1771 1712; x_wconf 90' lang='lat' dir='ltr'><strong>durum</strong></span> <span class='ocrx_word' id='word_1_148' title='bbox 1811 1659 2032 1712; x_wconf 88' lang='lat' dir='ltr'><strong>verbum</strong></span> 
     </span>
    </p>
   </div>
   <div class='ocr_carea' id='block_1_26' title="bbox 2142 1643 3726 1735">
    <p class='ocr_par' dir='ltr' id='par_1_26' title="bbox 2208 1659 3726 1735">
     <span class='ocr_line' id='line_1_26' title="bbox 2208 1659 3726 1735; baseline -0.001 -22"><span class='ocrx_word' id='word_1_149' title='bbox 2208 1661 2400 1716; x_wconf 71' lang='grc' dir='ltr'>Πολλοὶ</span> <span class='ocrx_word' id='word_1_150' title='bbox 2425 1662 2523 1732; x_wconf 79' lang='grc' dir='ltr'>μὲν</span> <span class='ocrx_word' id='word_1_151' title='bbox 2580 1659 2662 1731; x_wconf 77' lang='grc' dir='ltr'><strong>(τὸ</strong></span> <span class='ocrx_word' id='word_1_152' title='bbox 2696 1662 2803 1735; x_wconf 81' lang='grc' dir='ltr'>γὰρ</span> <span class='ocrx_word' id='word_1_153' title='bbox 2857 1661 3068 1726; x_wconf 84' lang='grc' dir='ltr'>πάντας</span> <span class='ocrx_word' id='word_1_154' title='bbox 3115 1661 3293 1717; x_wconf 76' lang='grc' dir='ltr'>εἰπεῖν</span> <span class='ocrx_word' id='word_1_155' title='bbox 3343 1659 3549 1733; x_wconf 73' lang='grc' dir='ltr'>τραχὺν</span> <span class='ocrx_word' id='word_1_156' title='bbox 3591 1659 3726 1724; x_wconf 75' lang='grc' dir='ltr'>ἴσως</span> 
     </span>
    </p>
   </div>
   <div class='ocr_carea' id='block_1_27' title="bbox 450 1749 2039 1821">
    <p class='ocr_par' dir='ltr' id='par_1_27' title="bbox 450 1749 2039 1821">
     <span class='ocr_line' id='line_1_27' title="bbox 450 1749 2039 1821; baseline 0.001 -17"><span class='ocrx_word' id='word_1_157' title='bbox 450 1751 563 1821; x_wconf 83' lang='lat' dir='ltr'><strong>sit)</strong></span> <span class='ocrx_word' id='word_1_158' title='bbox 637 1749 810 1805; x_wconf 84' lang='lat' dir='ltr'><strong>valide</strong></span> <span class='ocrx_word' id='word_1_159' title='bbox 858 1759 1020 1819; x_wconf 89' lang='lat' dir='ltr'><strong>atque</strong></span> <span class='ocrx_word' id='word_1_160' title='bbox 1055 1751 1192 1805; x_wconf 90' lang='lat' dir='ltr'><strong>adeo</strong></span> <span class='ocrx_word' id='word_1_161' title='bbox 1238 1751 1432 1805; x_wconf 88' lang='lat' dir='ltr'><strong>acerbe</strong></span> <span class='ocrx_word' id='word_1_162' title='bbox 1483 1758 1535 1804; x_wconf 91' lang='lat' dir='ltr'><strong>te</strong></span> <span class='ocrx_word' id='word_1_163' title='bbox 1579 1749 1829 1806; x_wconf 87' lang='lat' dir='ltr'><strong>mordent</strong></span> <span class='ocrx_word' id='word_1_164' title='bbox 1877 1760 2039 1819; x_wconf 85' lang='lat' dir='ltr'><strong>atque</strong></span> 
     </span>
    </p>
   </div>
   <div class='ocr_carea' id='block_1_28' title="bbox 450 1838 2037 1911">
    <p class='ocr_par' dir='ltr' id='par_1_28' title="bbox 450 1838 2037 1911">
     <span class='ocr_line' id='line_1_28' title="bbox 450 1838 2037 1911; baseline -0.002 -14"><span class='ocrx_word' id='word_1_165' title='bbox 450 1844 823 1909; x_wconf 85' lang='lat' dir='ltr'><strong>subsannant;</strong></span> <span class='ocrx_word' id='word_1_166' title='bbox 876 1851 1040 1911; x_wconf 87' lang='lat' dir='ltr'><strong>atque</strong></span> <span class='ocrx_word' id='word_1_167' title='bbox 1092 1840 1297 1894; x_wconf 87' lang='lat' dir='ltr'><strong>utinam</strong></span> <span class='ocrx_word' id='word_1_168' title='bbox 1353 1839 1512 1896; x_wconf 80' lang='lat' dir='ltr'><strong>falso.</strong></span> <span class='ocrx_word' id='word_1_169' title='bbox 1546 1838 1742 1896; x_wconf 86' lang='lat' dir='ltr'><strong>Frater</strong></span> <span class='ocrx_word' id='word_1_170' title='bbox 1766 1840 2037 1910; x_wconf 85' lang='lat' dir='ltr'><strong>siquidem</strong></span> 
     </span>
    </p>
   </div>
   <div class='ocr_carea' id='block_1_29' title="bbox 451 1930 2038 2003">
    <p class='ocr_par' dir='ltr' id='par_1_29' title="bbox 451 1930 2038 2003">
     <span class='ocr_line' id='line_1_29' title="bbox 451 1930 2038 2003; baseline -0.001 -15"><span class='ocrx_word' id='word_1_171' title='bbox 451 1943 575 1988; x_wconf 89' lang='lat' dir='ltr'><strong>tuus</strong></span> <span class='ocrx_word' id='word_1_172' title='bbox 598 1946 889 2003; x_wconf 78' lang='lat' dir='ltr'><strong>germanus</strong></span> <span class='ocrx_word' id='word_1_173' title='bbox 913 1946 1034 1987; x_wconf 87' lang='lat' dir='ltr'><strong>cum</strong></span> <span class='ocrx_word' id='word_1_174' title='bbox 1057 1931 1310 2003; x_wconf 85' lang='lat' dir='ltr'><strong>lacrymis</strong></span> <span class='ocrx_word' id='word_1_175' title='bbox 1333 1941 1385 1987; x_wconf 89' lang='lat' dir='ltr'><strong>et</strong></span> <span class='ocrx_word' id='word_1_176' title='bbox 1407 1930 1554 1988; x_wconf 93' lang='lat' dir='ltr'><strong>luctu</strong></span> <span class='ocrx_word' id='word_1_177' title='bbox 1582 1932 1737 1997; x_wconf 89' lang='lat' dir='ltr'><strong>talia,</strong></span> <span class='ocrx_word' id='word_1_178' title='bbox 1762 1946 1833 1986; x_wconf 89' lang='lat' dir='ltr'><strong>ne</strong></span> <span class='ocrx_word' id='word_1_179' title='bbox 1861 1933 2038 1988; x_wconf 89' lang='lat' dir='ltr'><strong>dicam</strong></span> 
     </span>
    </p>
   </div>
   <div class='ocr_carea' id='block_1_30' title="bbox 452 2022 2038 2094">
    <p class='ocr_par' dir='ltr' id='par_1_30' title="bbox 452 2022 2038 2094">
     <span class='ocr_line' id='line_1_30' title="bbox 452 2022 2038 2094; baseline 0.001 -18"><span class='ocrx_word' id='word_1_180' title='bbox 452 2023 732 2094; x_wconf 73' lang='lat' dir='ltr'><strong>graviora,</strong></span> <span class='ocrx_word' id='word_1_181' title='bbox 757 2022 914 2079; x_wconf 89' lang='lat' dir='ltr'><strong>nobis</strong></span> <span class='ocrx_word' id='word_1_182' title='bbox 951 2023 1228 2088; x_wconf 88' lang='lat' dir='ltr'><strong>narravit,</strong></span> <span class='ocrx_word' id='word_1_183' title='bbox 1263 2023 1541 2093; x_wconf 80' lang='lat' dir='ltr'><strong>ingressus</strong></span> <span class='ocrx_word' id='word_1_184' title='bbox 1579 2025 1871 2078; x_wconf 79' lang='lat' dir='ltr'><strong>extrahere</strong></span> <span class='ocrx_word' id='word_1_185' title='bbox 1892 2030 1965 2086; x_wconf 86' lang='lat' dir='ltr'><strong>te,</strong></span> <span class='ocrx_word' id='word_1_186' title='bbox 1993 2022 2038 2078; x_wconf 95' lang='lat' dir='ltr'><strong>si</strong></span> 
     </span>
    </p>
   </div>
   <div class='ocr_carea' id='block_1_31' title="bbox 451 2110 2038 2181">
    <p class='ocr_par' dir='ltr' id='par_1_31' title="bbox 451 2110 2038 2181">
     <span class='ocr_line' id='line_1_31' title="bbox 451 2110 2038 2181; baseline 0.002 -16"><span class='ocrx_word' id='word_1_187' title='bbox 451 2111 506 2165; x_wconf 93' lang='lat' dir='ltr'><strong>id</strong></span> <span class='ocrx_word' id='word_1_188' title='bbox 558 2110 674 2168; x_wconf 78' lang='lat' dir='ltr'><strong>ﬁeri</strong></span> <span class='ocrx_word' id='word_1_189' title='bbox 711 2112 874 2167; x_wconf 90' lang='lat' dir='ltr'><strong>modo</strong></span> <span class='ocrx_word' id='word_1_190' title='bbox 921 2119 1120 2181; x_wconf 88' lang='lat' dir='ltr'><strong>potest,</strong></span> <span class='ocrx_word' id='word_1_191' title='bbox 1175 2127 1207 2167; x_wconf 92' lang='lat' dir='ltr'><strong>e</strong></span> <span class='ocrx_word' id='word_1_192' title='bbox 1249 2113 1431 2168; x_wconf 72' lang='lat' dir='ltr'><strong>nimia:</strong></span> <span class='ocrx_word' id='word_1_193' title='bbox 1473 2113 1734 2169; x_wconf 85' lang='lat' dir='ltr'><strong>barathro</strong></span> <span class='ocrx_word' id='word_1_194' title='bbox 1777 2113 2038 2180; x_wconf 89' lang='lat' dir='ltr'><strong>libidinis,</strong></span> 
     </span>
    </p>
   </div>
   <div class='ocr_carea' id='block_1_32' title="bbox 453 2202 2039 2275">
    <p class='ocr_par' dir='ltr' id='par_1_32' title="bbox 453 2202 2039 2275">
     <span class='ocr_line' id='line_1_32' title="bbox 453 2202 2039 2275; baseline 0.002 -19"><span class='ocrx_word' id='word_1_195' title='bbox 453 2203 507 2257; x_wconf 93' lang='lat' dir='ltr'><strong>in</strong></span> <span class='ocrx_word' id='word_1_196' title='bbox 549 2218 658 2272; x_wconf 87' lang='lat' dir='ltr'><strong>quo</strong></span> <span class='ocrx_word' id='word_1_197' title='bbox 686 2202 892 2274; x_wconf 81' lang='lat' dir='ltr'><strong>ﬂagitio</strong></span> <span class='ocrx_word' id='word_1_198' title='bbox 942 2205 1140 2275; x_wconf 83' lang='lat' dir='ltr'><strong>capitis</strong></span> <span class='ocrx_word' id='word_1_199' title='bbox 1173 2204 1248 2260; x_wconf 89' lang='lat' dir='ltr'><strong>tui</strong></span> <span class='ocrx_word' id='word_1_200' title='bbox 1292 2205 1497 2261; x_wconf 83' lang='lat' dir='ltr'><strong>damno</strong></span> <span class='ocrx_word' id='word_1_201' title='bbox 1540 2205 2039 2271; x_wconf 85' lang='lat' dir='ltr'><strong>consenuisti,om-</strong></span> 
     </span>
    </p>
   </div>
   <div class='ocr_carea' id='block_1_33' title="bbox 451 2295 2040 2366">
    <p class='ocr_par' dir='ltr' id='par_1_33' title="bbox 451 2295 2040 2366">
     <span class='ocr_line' id='line_1_33' title="bbox 451 2295 2040 2366; baseline 0.003 -19"><span class='ocrx_word' id='word_1_202' title='bbox 451 2309 574 2350; x_wconf 90' lang='lat' dir='ltr'><strong>nem</strong></span> <span class='ocrx_word' id='word_1_203' title='bbox 638 2295 973 2366; x_wconf 78' lang='lat' dir='ltr'><strong>repudianda</strong></span> <span class='ocrx_word' id='word_1_204' title='bbox 1059 2295 1535 2365; x_wconf 79' lang='lat' dir='ltr'><strong>admonitionem,</strong></span> <span class='ocrx_word' id='word_1_205' title='bbox 1605 2297 1778 2363; x_wconf 88' lang='lat' dir='ltr'><strong>vitia,</strong></span> <span class='ocrx_word' id='word_1_206' title='bbox 1844 2295 2040 2364; x_wconf 88' lang='lat' dir='ltr'><strong>quibus</strong></span> 
     </span>
    </p>
   </div>
   <div class='ocr_carea' id='block_1_34' title="bbox 451 2385 2041 2459">
    <p class='ocr_par' dir='ltr' id='par_1_34' title="bbox 451 2385 2041 2459">
     <span class='ocr_line' id='line_1_34' title="bbox 451 2385 2041 2459; baseline 0.003 -20"><span class='ocrx_word' id='word_1_207' title='bbox 451 2385 723 2454; x_wconf 89' lang='lat' dir='ltr'><strong>suhjaces,</strong></span> <span class='ocrx_word' id='word_1_208' title='bbox 757 2402 863 2444; x_wconf 90' lang='lat' dir='ltr'><strong>non</strong></span> <span class='ocrx_word' id='word_1_209' title='bbox 885 2402 1222 2459; x_wconf 81' lang='lat' dir='ltr'><strong>expugnans.</strong></span> <span class='ocrx_word' id='word_1_210' title='bbox 1255 2385 1460 2459; x_wconf 88' lang='lat' dir='ltr'><strong>Scripsi</strong></span> <span class='ocrx_word' id='word_1_211' title='bbox 1489 2403 1682 2458; x_wconf 87' lang='lat' dir='ltr'><strong>nuper,</strong></span> <span class='ocrx_word' id='word_1_212' title='bbox 1702 2397 1764 2442; x_wconf 91' lang='lat' dir='ltr'><strong>ut</strong></span> <span class='ocrx_word' id='word_1_213' title='bbox 1797 2389 1872 2444; x_wconf 92' lang='lat' dir='ltr'><strong>tui</strong></span> <span class='ocrx_word' id='word_1_214' title='bbox 1899 2387 2041 2456; x_wconf 84' lang='lat' dir='ltr'><strong>juris</strong></span> 
     </span>
    </p>
   </div>
   <div class='ocr_carea' id='block_1_35' title="bbox 455 2477 2042 2548">
    <p class='ocr_par' dir='ltr' id='par_1_35' title="bbox 455 2477 2042 2548">
     <span class='ocr_line' id='line_1_35' title="bbox 455 2477 2042 2548; baseline 0 -16"><span class='ocrx_word' id='word_1_215' title='bbox 455 2478 634 2534; x_wconf 81' lang='lat' dir='ltr'><strong>factus</strong></span> <span class='ocrx_word' id='word_1_216' title='bbox 662 2519 677 2546; x_wconf 90' lang='lat'><strong>,</strong></span> <span class='ocrx_word' id='word_1_217' title='bbox 733 2488 788 2535; x_wconf 87' lang='lat' dir='ltr'><strong>et</strong></span> <span class='ocrx_word' id='word_1_218' title='bbox 833 2478 1186 2548; x_wconf 66' lang='lat' dir='ltr'><strong>impudicitiae</strong></span> <span class='ocrx_word' id='word_1_219' title='bbox 1229 2486 1333 2532; x_wconf 69' lang='lat' dir='ltr'><strong>tute</strong></span> <span class='ocrx_word' id='word_1_220' title='bbox 1372 2479 1605 2535; x_wconf 84' lang='lat' dir='ltr'><strong>dedecus</strong></span> <span class='ocrx_word' id='word_1_221' title='bbox 1657 2477 1938 2548; x_wconf 80' lang='lat' dir='ltr'><strong>cogitans,</strong></span> <span class='ocrx_word' id='word_1_222' title='bbox 1987 2487 2042 2532; x_wconf 88' lang='lat' dir='ltr'><strong>et</strong></span> 
     </span>
    </p>
   </div>
   <div class='ocr_carea' id='block_1_36' title="bbox 453 2567 2040 2640">
    <p class='ocr_par' dir='ltr' id='par_1_36' title="bbox 453 2567 2040 2640">
     <span class='ocr_line' id='line_1_36' title="bbox 453 2567 2040 2640; baseline 0.001 -16"><span class='ocrx_word' id='word_1_223' title='bbox 453 2569 690 2634; x_wconf 88' lang='lat' dir='ltr'><strong>senium,</strong></span> <span class='ocrx_word' id='word_1_224' title='bbox 739 2569 882 2640; x_wconf 88' lang='lat' dir='ltr'><strong>quod</strong></span> <span class='ocrx_word' id='word_1_225' title='bbox 919 2567 1150 2640; x_wconf 88' lang='lat' dir='ltr'><strong>obrepit,</strong></span> <span class='ocrx_word' id='word_1_226' title='bbox 1184 2577 1238 2622; x_wconf 85' lang='lat' dir='ltr'><strong>et</strong></span> <span class='ocrx_word' id='word_1_227' title='bbox 1275 2581 1492 2623; x_wconf 89' lang='lat' dir='ltr'><strong>sacrum</strong></span> <span class='ocrx_word' id='word_1_228' title='bbox 1547 2568 1944 2636; x_wconf 83' lang='lat' dir='ltr'><strong>sacerdotium,</strong></span> <span class='ocrx_word' id='word_1_229' title='bbox 1974 2569 2040 2626; x_wconf 87' lang='lat' dir='ltr'><strong>ad</strong></span> 
     </span>
    </p>
   </div>
   <div class='ocr_carea' id='block_1_37' title="bbox 453 2661 2042 2734">
    <p class='ocr_par' dir='ltr' id='par_1_37' title="bbox 453 2661 2042 2734">
     <span class='ocr_line' id='line_1_37' title="bbox 453 2661 2042 2734; baseline -0.001 -16"><span class='ocrx_word' id='word_1_230' title='bbox 453 2662 597 2733; x_wconf 87' lang='lat' dir='ltr'><strong>quod</strong></span> <span class='ocrx_word' id='word_1_231' title='bbox 633 2662 819 2719; x_wconf 88' lang='lat' dir='ltr'><strong>nescio</strong></span> <span class='ocrx_word' id='word_1_232' title='bbox 849 2677 956 2733; x_wconf 88' lang='lat' dir='ltr'><strong>qua</strong></span> <span class='ocrx_word' id='word_1_233' title='bbox 1003 2662 1337 2732; x_wconf 83' lang='lat' dir='ltr'><strong>impudentia</strong></span> <span class='ocrx_word' id='word_1_234' title='bbox 1380 2671 1434 2718; x_wconf 91' lang='lat' dir='ltr'><strong>te</strong></span> <span class='ocrx_word' id='word_1_235' title='bbox 1467 2661 1780 2733; x_wconf 78' lang='lat' dir='ltr'><strong>ingesseris,</strong></span> <span class='ocrx_word' id='word_1_236' title='bbox 1810 2677 2042 2734; x_wconf 65' lang='lat' dir='ltr'><strong>praesen-</strong></span> 
     </span>
    </p>
   </div>
   <div class='ocr_carea' id='block_1_38' title="bbox 457 2746 2041 2816">
    <p class='ocr_par' dir='ltr' id='par_1_38' title="bbox 457 2746 2041 2816">
     <span class='ocr_line' id='line_1_38' title="bbox 457 2746 2041 2816; baseline 0.001 -15"><span class='ocrx_word' id='word_1_237' title='bbox 457 2750 530 2802; x_wconf 88' lang='lat' dir='ltr'><strong>tia</strong></span> <span class='ocrx_word' id='word_1_238' title='bbox 575 2747 866 2814; x_wconf 86' lang='lat' dir='ltr'><strong>dedecora,</strong></span> <span class='ocrx_word' id='word_1_239' title='bbox 919 2755 1084 2816; x_wconf 89' lang='lat' dir='ltr'><strong>atque</strong></span> <span class='ocrx_word' id='word_1_240' title='bbox 1121 2746 1485 2810; x_wconf 72' lang='lat' dir='ltr'><strong>offendicula,</strong></span> <span class='ocrx_word' id='word_1_241' title='bbox 1528 2747 1772 2800; x_wconf 89' lang='lat' dir='ltr'><strong>luturum</strong></span> <span class='ocrx_word' id='word_1_242' title='bbox 1807 2747 2041 2816; x_wconf 91' lang='lat' dir='ltr'><strong>denique</strong></span> 
     </span>
    </p>
   </div>
   <div class='ocr_carea' id='block_1_39' title="bbox 459 2837 2041 2912">
    <p class='ocr_par' dir='ltr' id='par_1_39' title="bbox 459 2837 2041 2912">
     <span class='ocr_line' id='line_1_39' title="bbox 459 2837 2041 2912; baseline -0.002 -14"><span class='ocrx_word' id='word_1_243' title='bbox 459 2841 782 2912; x_wconf 87' lang='lat' dir='ltr'><strong>supplicium</strong></span> <span class='ocrx_word' id='word_1_244' title='bbox 815 2838 1188 2908; x_wconf 82' lang='lat' dir='ltr'><strong>expenderes,</strong></span> <span class='ocrx_word' id='word_1_245' title='bbox 1231 2839 1489 2894; x_wconf 88' lang='lat' dir='ltr'><strong>omnibus</strong></span> <span class='ocrx_word' id='word_1_246' title='bbox 1527 2846 1818 2909; x_wconf 88' lang='lat' dir='ltr'><strong>coopertus</strong></span> <span class='ocrx_word' id='word_1_247' title='bbox 1865 2837 2041 2895; x_wconf 88' lang='lat' dir='ltr'><strong>scele-</strong></span> 
     </span>
    </p>
   </div>
   <div class='ocr_carea' id='block_1_40' title="bbox 459 2932 2040 3004">
    <p class='ocr_par' dir='ltr' id='par_1_40' title="bbox 459 2932 2040 3004">
     <span class='ocr_line' id='line_1_40' title="bbox 459 2932 2040 3004; baseline 0 -14"><span class='ocrx_word' id='word_1_248' title='bbox 459 2935 612 2990; x_wconf 87' lang='lat' dir='ltr'><strong>ribus</strong></span> <span class='ocrx_word' id='word_1_249' title='bbox 640 2933 695 2988; x_wconf 90' lang='lat' dir='ltr'><strong>in</strong></span> <span class='ocrx_word' id='word_1_250' title='bbox 733 2932 853 3003; x_wconf 90' lang='lat' dir='ltr'><strong>ipso</strong></span> <span class='ocrx_word' id='word_1_251' title='bbox 888 2933 1028 2988; x_wconf 89' lang='lat' dir='ltr'><strong>senii</strong></span> <span class='ocrx_word' id='word_1_252' title='bbox 1059 2933 1290 3004; x_wconf 69' lang='lat' dir='ltr'><strong>vitaeque</strong></span> <span class='ocrx_word' id='word_1_253' title='bbox 1319 2933 1506 2989; x_wconf 92' lang='lat' dir='ltr'><strong>limine</strong></span> <span class='ocrx_word' id='word_1_254' title='bbox 1531 2932 1792 3003; x_wconf 82' lang='lat' dir='ltr'><strong>juvenilia</strong></span> <span class='ocrx_word' id='word_1_255' title='bbox 1821 2941 1878 2988; x_wconf 88' lang='lat' dir='ltr'><strong>et</strong></span> <span class='ocrx_word' id='word_1_256' title='bbox 1914 2933 2040 2990; x_wconf 89' lang='lat' dir='ltr'><strong>ina-</strong></span> 
     </span>
    </p>
   </div>
   <div class='ocr_carea' id='block_1_41' title="bbox 456 3026 2035 3098">
    <p class='ocr_par' dir='ltr' id='par_1_41' title="bbox 456 3026 2035 3098">
     <span class='ocr_line' id='line_1_41' title="bbox 456 3026 2035 3098; baseline 0.001 -15"><span class='ocrx_word' id='word_1_257' title='bbox 456 3029 547 3083; x_wconf 87' lang='lat' dir='ltr'><strong>nia</strong></span> <span class='ocrx_word' id='word_1_258' title='bbox 603 3037 839 3083; x_wconf 85' lang='lat' dir='ltr'><strong>sectans.</strong></span> <span class='ocrx_word' id='word_1_259' title='bbox 901 3026 1190 3093; x_wconf 86' lang='lat' dir='ltr'><strong>Quomodo</strong></span> <span class='ocrx_word' id='word_1_260' title='bbox 1252 3043 1381 3082; x_wconf 89' lang='lat' dir='ltr'><strong>vero</strong></span> <span class='ocrx_word' id='word_1_261' title='bbox 1417 3028 1758 3098; x_wconf 87' lang='lat' dir='ltr'><strong>juvenibus,</strong></span> <span class='ocrx_word' id='word_1_262' title='bbox 1826 3038 1890 3085; x_wconf 90' lang='lat' dir='ltr'><strong>ut</strong></span> <span class='ocrx_word' id='word_1_263' title='bbox 1919 3044 2035 3085; x_wconf 90' lang='lat' dir='ltr'><strong>mo-</strong></span> 
     </span>
    </p>
   </div>
   <div class='ocr_carea' id='block_1_42' title="bbox 453 3123 2031 3192">
    <p class='ocr_par' dir='ltr' id='par_1_42' title="bbox 453 3123 2031 3192">
     <span class='ocr_line' id='line_1_42' title="bbox 453 3123 2031 3192; baseline 0.003 -16"><span class='ocrx_word' id='word_1_264' title='bbox 453 3123 608 3177; x_wconf 89' lang='lat' dir='ltr'><strong>deste</strong></span> <span class='ocrx_word' id='word_1_265' title='bbox 681 3136 741 3177; x_wconf 87' lang='lat' dir='ltr'><strong>se</strong></span> <span class='ocrx_word' id='word_1_266' title='bbox 814 3129 1282 3192; x_wconf 70' lang='lat' dir='ltr'><strong>temperanter-que</strong></span> <span class='ocrx_word' id='word_1_267' title='bbox 1345 3132 1534 3192; x_wconf 81' lang='lat' dir='ltr'><strong>gerant</strong></span> <span class='ocrx_word' id='word_1_268' title='bbox 1566 3162 1581 3187; x_wconf 94' lang='lat'><strong>,</strong></span> <span class='ocrx_word' id='word_1_269' title='bbox 1646 3123 1976 3192; x_wconf 87' lang='lat' dir='ltr'><strong>persuadeas</strong></span> <span class='ocrx_word' id='word_1_270' title='bbox 2014 3162 2031 3190; x_wconf 93' lang='lat'><strong>,</strong></span> 
     </span>
    </p>
   </div>
   <div class='ocr_carea' id='block_1_43' title="bbox 2141 1749 3725 1822">
    <p class='ocr_par' dir='ltr' id='par_1_43' title="bbox 2141 1749 3725 1822">
     <span class='ocr_line' id='line_1_43' title="bbox 2141 1749 3725 1822; baseline -0.001 -17"><span class='ocrx_word' id='word_1_271' title='bbox 2141 1752 2549 1806; x_wconf 83' lang='grc' dir='ltr'>κατασκευάσει</span> <span class='ocrx_word' id='word_1_272' title='bbox 2567 1751 2658 1806; x_wconf 78' lang='grc' dir='ltr'><strong>τὸν</strong></span> <span class='ocrx_word' id='word_1_273' title='bbox 2687 1752 2886 1822; x_wconf 84' lang='grc' dir='ltr'>λόγον)</span> <span class='ocrx_word' id='word_1_274' title='bbox 2909 1751 3101 1816; x_wconf 84' lang='grc' dir='ltr'>δεινῶς</span> <span class='ocrx_word' id='word_1_275' title='bbox 3122 1751 3265 1806; x_wconf 77' lang='grc' dir='ltr'>πάνυ</span> <span class='ocrx_word' id='word_1_276' title='bbox 3295 1752 3391 1805; x_wconf 73' lang='grc' dir='ltr'><strong>καὶ</strong></span> <span class='ocrx_word' id='word_1_277' title='bbox 3418 1749 3632 1820; x_wconf 86' lang='grc' dir='ltr'>πικρῶς</span> <span class='ocrx_word' id='word_1_278' title='bbox 3663 1767 3725 1804; x_wconf 81' lang='grc' dir='ltr'><strong>σε</strong></span> 
     </span>
    </p>
   </div>
   <div class='ocr_carea' id='block_1_44' title="bbox 2141 1842 3729 1919">
    <p class='ocr_par' dir='ltr' id='par_1_44' title="bbox 2141 1842 3729 1919">
     <span class='ocr_line' id='line_1_44' title="bbox 2141 1842 3729 1919; baseline -0.004 -17"><span class='ocrx_word' id='word_1_279' title='bbox 2141 1846 2498 1919; x_wconf 78' lang='grc' dir='ltr'>κωμῳδοῦσιν</span> <span class='ocrx_word' id='word_1_280' title='bbox 2519 1865 2532 1878; x_wconf 78' lang='grc' dir='ltr'><strong><em>ο</em></strong></span> <span class='ocrx_word' id='word_1_281' title='bbox 2565 1845 2661 1911; x_wconf 81' lang='grc' dir='ltr'>οὓς</span> <span class='ocrx_word' id='word_1_282' title='bbox 2697 1845 2926 1918; x_wconf 76' lang='grc' dir='ltr'>εὖχομαι</span> <span class='ocrx_word' id='word_1_283' title='bbox 2959 1847 3035 1917; x_wconf 83' lang='grc' dir='ltr'>μὴ</span> <span class='ocrx_word' id='word_1_284' title='bbox 3065 1843 3372 1916; x_wconf 82' lang='grc' dir='ltr'>ἀληθεύειν.</span> <span class='ocrx_word' id='word_1_285' title='bbox 3419 1843 3636 1913; x_wconf 85' lang='grc' dir='ltr'>Ἐπειδὴ</span> <span class='ocrx_word' id='word_1_286' title='bbox 3668 1842 3729 1896; x_wconf 81' lang='grc' dir='ltr'>δὲ</span> 
     </span>
    </p>
   </div>
   <div class='ocr_carea' id='block_1_45' title="bbox 2140 1933 3728 2009">
    <p class='ocr_par' dir='ltr' id='par_1_45' title="bbox 2140 1933 3728 2009">
     <span class='ocr_line' id='line_1_45' title="bbox 2140 1933 3728 2009; baseline -0.003 -19"><span class='ocrx_word' id='word_1_287' title='bbox 2140 1937 2236 1991; x_wconf 72' lang='grc' dir='ltr'><strong>καὶ</strong></span> <span class='ocrx_word' id='word_1_288' title='bbox 2266 1937 2594 2008; x_wconf 83' lang='grc' dir='ltr'>ὁμογνήσιός</span> <span class='ocrx_word' id='word_1_289' title='bbox 2621 1936 2731 2009; x_wconf 70' lang='grc'><strong>(52)</strong></span> <span class='ocrx_word' id='word_1_290' title='bbox 2757 1953 2850 1990; x_wconf 90' lang='grc' dir='ltr'><strong>σου</strong></span> <span class='ocrx_word' id='word_1_291' title='bbox 2886 1935 3113 2004; x_wconf 76' lang='grc' dir='ltr'>ἀδελφὸς</span> <span class='ocrx_word' id='word_1_292' title='bbox 3158 1934 3372 2006; x_wconf 90' lang='grc' dir='ltr'>θρηνῶν</span> <span class='ocrx_word' id='word_1_293' title='bbox 3400 1951 3458 1987; x_wconf 89' lang='grc' dir='ltr'><strong>σε</strong></span> <span class='ocrx_word' id='word_1_294' title='bbox 3483 1935 3577 1988; x_wconf 83' lang='grc' dir='ltr'><strong>καὶ</strong></span> <span class='ocrx_word' id='word_1_295' title='bbox 3602 1933 3728 1987; x_wconf 82' lang='grc' dir='ltr'>ὁλο-</span> 
     </span>
    </p>
   </div>
   <div class='ocr_carea' id='block_1_46' title="bbox 2141 2025 3726 2101">
    <p class='ocr_par' dir='ltr' id='par_1_46' title="bbox 2141 2025 3726 2101">
     <span class='ocr_line' id='line_1_46' title="bbox 2141 2025 3726 2101; baseline -0.001 -20"><span class='ocrx_word' id='word_1_296' title='bbox 2141 2029 2450 2101; x_wconf 85' lang='grc' dir='ltr'>φυρόμενος</span> <span class='ocrx_word' id='word_1_297' title='bbox 2504 2028 2573 2084; x_wconf 79' lang='grc' dir='ltr'><strong>τὰ</strong></span> <span class='ocrx_word' id='word_1_298' title='bbox 2633 2028 2794 2095; x_wconf 77' lang='grc' dir='ltr'>αὐτὰ,</span> <span class='ocrx_word' id='word_1_299' title='bbox 2856 2027 2946 2083; x_wconf 89' lang='grc' dir='ltr'>ῐνα</span> <span class='ocrx_word' id='word_1_300' title='bbox 2999 2026 3073 2099; x_wconf 83' lang='grc' dir='ltr'>μὴ</span> <span class='ocrx_word' id='word_1_301' title='bbox 3119 2027 3265 2096; x_wconf 87' lang='grc' dir='ltr'>λέγω</span> <span class='ocrx_word' id='word_1_302' title='bbox 3320 2025 3726 2100; x_wconf 85' lang='grc' dir='ltr'>φορτικώτερα.</span> 
     </span>
    </p>
   </div>
   <div class='ocr_carea' id='block_1_47' title="bbox 2154 2116 3729 2192">
    <p class='ocr_par' dir='ltr' id='par_1_47' title="bbox 2154 2116 3729 2192">
     <span class='ocr_line' id='line_1_47' title="bbox 2154 2116 3729 2192; baseline -0.004 -17"><span class='ocrx_word' id='word_1_303' title='bbox 2154 2120 2518 2192; x_wconf 83' lang='grc' dir='ltr'>Ἀπήγγειλεν</span> <span class='ocrx_word' id='word_1_304' title='bbox 2561 2121 2717 2192; x_wconf 80' lang='grc' dir='ltr'>ἡμῖν,</span> <span class='ocrx_word' id='word_1_305' title='bbox 2762 2118 3062 2174; x_wconf 75' lang='grc' dir='ltr'>ἀντιϐολῶν</span> <span class='ocrx_word' id='word_1_306' title='bbox 3114 2116 3488 2189; x_wconf 79' lang='grc' dir='ltr'>ἀνιμήσασθαι</span> <span class='ocrx_word' id='word_1_307' title='bbox 3543 2133 3626 2185; x_wconf 89' lang='grc' dir='ltr'><strong>σε,</strong></span> <span class='ocrx_word' id='word_1_308' title='bbox 3678 2117 3729 2169; x_wconf 84' lang='grc' dir='ltr'><strong>εί</strong></span> 
     </span>
    </p>
   </div>
   <div class='ocr_carea' id='block_1_48' title="bbox 2141 2205 3731 2286">
    <p class='ocr_par' dir='ltr' id='par_1_48' title="bbox 2141 2205 3731 2286">
     <span class='ocr_line' id='line_1_48' title="bbox 2141 2205 3731 2286; baseline -0.003 -18"><span class='ocrx_word' id='word_1_309' title='bbox 2141 2211 2252 2269; x_wconf 77' lang='grc' dir='ltr'>οἶόν</span> <span class='ocrx_word' id='word_1_310' title='bbox 2277 2232 2358 2281; x_wconf 84' lang='grc' dir='ltr'><strong>τε,</strong></span> <span class='ocrx_word' id='word_1_311' title='bbox 2383 2214 2494 2268; x_wconf 80' lang='grc' dir='ltr'>ἀπὸ</span> <span class='ocrx_word' id='word_1_312' title='bbox 2514 2214 2610 2270; x_wconf 81' lang='grc' dir='ltr'>τοῦ</span> <span class='ocrx_word' id='word_1_313' title='bbox 2637 2213 2803 2286; x_wconf 82' lang='grc' dir='ltr'>βυθοῦ</span> <span class='ocrx_word' id='word_1_314' title='bbox 2828 2215 2926 2286; x_wconf 84' lang='grc' dir='ltr'>τῆς</span> <span class='ocrx_word' id='word_1_315' title='bbox 2953 2212 3229 2282; x_wconf 81' lang='grc' dir='ltr'>λαγνείας,</span> <span class='ocrx_word' id='word_1_316' title='bbox 3265 2205 3311 2283; x_wconf 83' lang='grc' dir='ltr'>ᾧ</span> <span class='ocrx_word' id='word_1_317' title='bbox 3339 2213 3435 2268; x_wconf 77' lang='grc' dir='ltr'><strong>ἐπὶ</strong></span> <span class='ocrx_word' id='word_1_318' title='bbox 3461 2212 3540 2284; x_wconf 86' lang='grc' dir='ltr'><strong>τῷ</strong></span> <span class='ocrx_word' id='word_1_319' title='bbox 3570 2209 3731 2281; x_wconf 86' lang='grc' dir='ltr'><strong>κακῷ</strong></span> 
     </span>
    </p>
   </div>
   <div class='ocr_carea' id='block_1_49' title="bbox 2142 2304 3732 2381">
    <p class='ocr_par' dir='ltr' id='par_1_49' title="bbox 2142 2304 3732 2381">
     <span class='ocr_line' id='line_1_49' title="bbox 2142 2304 3732 2381; baseline -0.005 -16"><span class='ocrx_word' id='word_1_320' title='bbox 2142 2311 2245 2381; x_wconf 81' lang='grc' dir='ltr'>τῆς</span> <span class='ocrx_word' id='word_1_321' title='bbox 2293 2309 2462 2364; x_wconf 82' lang='grc' dir='ltr'>αὐτοῦ</span> <span class='ocrx_word' id='word_1_322' title='bbox 2493 2308 2740 2380; x_wconf 83' lang='grc' dir='ltr'>κεφαλῆς</span> <span class='ocrx_word' id='word_1_323' title='bbox 2791 2309 3244 2379; x_wconf 82' lang='grc' dir='ltr'>συγγεγήρακας,</span> <span class='ocrx_word' id='word_1_324' title='bbox 3302 2304 3476 2360; x_wconf 78' lang='grc' dir='ltr'>πολλὰ</span> <span class='ocrx_word' id='word_1_325' title='bbox 3513 2305 3732 2376; x_wconf 79' lang='grc' dir='ltr'>χαίρειν</span> 
     </span>
    </p>
   </div>
   <div class='ocr_carea' id='block_1_50' title="bbox 2143 2393 3730 2477">
    <p class='ocr_par' dir='ltr' id='par_1_50' title="bbox 2143 2393 3730 2477">
     <span class='ocr_line' id='line_1_50' title="bbox 2143 2393 3730 2477; baseline -0.008 -19"><span class='ocrx_word' id='word_1_326' title='bbox 2143 2406 2357 2477; x_wconf 81' lang='grc' dir='ltr'>φράσας</span> <span class='ocrx_word' id='word_1_327' title='bbox 2401 2401 2482 2474; x_wconf 87' lang='grc' dir='ltr'>τῷ</span> <span class='ocrx_word' id='word_1_328' title='bbox 2536 2400 2930 2474; x_wconf 86' lang='grc' dir='ltr'>παραινέσαντι</span> <span class='ocrx_word' id='word_1_329' title='bbox 2987 2403 3103 2464; x_wconf 85' lang='grc' dir='ltr'>τοῖς</span> <span class='ocrx_word' id='word_1_330' title='bbox 3157 2396 3593 2468; x_wconf 80' lang='grc' dir='ltr'>κεκρατημένοις</span> <span class='ocrx_word' id='word_1_331' title='bbox 3653 2393 3730 2464; x_wconf 81' lang='grc' dir='ltr'>μὴ</span> 
     </span>
    </p>
   </div>
   <div class='ocr_carea' id='block_1_51' title="bbox 2143 2487 3730 2567">
    <p class='ocr_par' dir='ltr' id='par_1_51' title="bbox 2143 2487 3730 2567">
     <span class='ocr_line' id='line_1_51' title="bbox 2143 2487 3730 2567; baseline -0.007 -17"><span class='ocrx_word' id='word_1_332' title='bbox 2143 2496 2434 2567; x_wconf 77' lang='grc' dir='ltr'>ἐγχειρεῖν.</span> <span class='ocrx_word' id='word_1_333' title='bbox 2463 2493 2726 2567; x_wconf 86' lang='grc' dir='ltr'>Γέγραφα</span> <span class='ocrx_word' id='word_1_334' title='bbox 2762 2493 2914 2558; x_wconf 80' lang='grc' dir='ltr'>ὅπως</span> <span class='ocrx_word' id='word_1_335' title='bbox 2948 2491 3148 2546; x_wconf 77' lang='grc' dir='ltr'>σαυτοῦ</span> <span class='ocrx_word' id='word_1_336' title='bbox 3178 2490 3469 2560; x_wconf 86' lang='grc' dir='ltr'>γενόμενος</span> <span class='ocrx_word' id='word_1_337' title='bbox 3509 2487 3603 2541; x_wconf 83' lang='grc' dir='ltr'>καὶ</span> <span class='ocrx_word' id='word_1_338' title='bbox 3629 2487 3730 2556; x_wconf 77' lang='grc' dir='ltr'><strong>τὴν</strong></span> 
     </span>
    </p>
   </div>
   <div class='ocr_carea' id='block_1_52' title="bbox 2140 2577 3732 2657">
    <p class='ocr_par' dir='ltr' id='par_1_52' title="bbox 2140 2577 3732 2657">
     <span class='ocr_line' id='line_1_52' title="bbox 2140 2577 3732 2657; baseline -0.008 -16"><span class='ocrx_word' id='word_1_339' title='bbox 2140 2587 2244 2657; x_wconf 80' lang='grc' dir='ltr'>τῆς</span> <span class='ocrx_word' id='word_1_340' title='bbox 2285 2586 2579 2655; x_wconf 81' lang='grc' dir='ltr'>ἀσελγείας</span> <span class='ocrx_word' id='word_1_341' title='bbox 2608 2582 2878 2656; x_wconf 78' lang='grc' dir='ltr'>αἰσχύνην</span> <span class='ocrx_word' id='word_1_342' title='bbox 2913 2583 3196 2654; x_wconf 76' lang='grc' dir='ltr'>ἐννοήσας,</span> <span class='ocrx_word' id='word_1_343' title='bbox 3227 2581 3350 2634; x_wconf 83' lang='grc' dir='ltr'>τότε</span> <span class='ocrx_word' id='word_1_344' title='bbox 3376 2578 3556 2648; x_wconf 80' lang='grc' dir='ltr'>γῆρας</span> <span class='ocrx_word' id='word_1_345' title='bbox 3591 2579 3671 2640; x_wconf 87' lang='grc' dir='ltr'><strong>είς</strong></span> <span class='ocrx_word' id='word_1_346' title='bbox 3702 2577 3732 2630; x_wconf 80' lang='grc' dir='ltr'><strong>ὃ</strong></span> 
     </span>
    </p>
   </div>
   <div class='ocr_carea' id='block_1_53' title="bbox 2140 2665 3732 2751">
    <p class='ocr_par' dir='ltr' id='par_1_53' title="bbox 2140 2665 3732 2751">
     <span class='ocr_line' id='line_1_53' title="bbox 2140 2665 3732 2751; baseline -0.009 -17"><span class='ocrx_word' id='word_1_347' title='bbox 2140 2680 2352 2751; x_wconf 74' lang='grc' dir='ltr'>ἕρπεις,</span> <span class='ocrx_word' id='word_1_348' title='bbox 2384 2679 2484 2748; x_wconf 86' lang='grc' dir='ltr'><strong>τήν</strong></span> <span class='ocrx_word' id='word_1_349' title='bbox 2514 2693 2573 2729; x_wconf 89' lang='grc' dir='ltr'><strong>τε</strong></span> <span class='ocrx_word' id='word_1_350' title='bbox 2600 2675 2753 2730; x_wconf 88' lang='grc' dir='ltr'>θείαν</span> <span class='ocrx_word' id='word_1_351' title='bbox 2780 2671 3110 2746; x_wconf 80' lang='grc' dir='ltr'>ἱερωσύνην,</span> <span class='ocrx_word' id='word_1_352' title='bbox 3143 2673 3224 2735; x_wconf 84' lang='grc' dir='ltr'><strong>είς</strong></span> <span class='ocrx_word' id='word_1_353' title='bbox 3247 2671 3313 2742; x_wconf 75' lang='grc' dir='ltr'><strong>ἢν</strong></span> <span class='ocrx_word' id='word_1_354' title='bbox 3334 2671 3434 2723; x_wconf 81' lang='grc' dir='ltr'>οὐκ</span> <span class='ocrx_word' id='word_1_355' title='bbox 3463 2665 3559 2722; x_wconf 79' lang='grc' dir='ltr'>οἷδ’</span> <span class='ocrx_word' id='word_1_356' title='bbox 3579 2669 3732 2731; x_wconf 85' lang='grc' dir='ltr'>ὅπως</span> 
     </span>
    </p>
   </div>
   <div class='ocr_carea' id='block_1_54' title="bbox 2142 2759 3730 2841">
    <p class='ocr_par' dir='ltr' id='par_1_54' title="bbox 2142 2759 3730 2841">
     <span class='ocr_line' id='line_1_54' title="bbox 2142 2759 3730 2841; baseline -0.008 -16"><span class='ocrx_word' id='word_1_357' title='bbox 2142 2769 2512 2841; x_wconf 78' lang='grc' dir='ltr'>ἐπεκώμασας</span> <span class='ocrx_word' id='word_1_358' title='bbox 2537 2767 2608 2822; x_wconf 86' lang='grc' dir='ltr'>τά</span> <span class='ocrx_word' id='word_1_359' title='bbox 2629 2785 2688 2822; x_wconf 89' lang='grc' dir='ltr'><strong>τε</strong></span> <span class='ocrx_word' id='word_1_360' title='bbox 2721 2768 2963 2837; x_wconf 87' lang='grc' dir='ltr'>παρόντα</span> <span class='ocrx_word' id='word_1_361' title='bbox 2993 2763 3172 2834; x_wconf 82' lang='grc' dir='ltr'>ὀνείδη</span> <span class='ocrx_word' id='word_1_362' title='bbox 3207 2765 3302 2816; x_wconf 71' lang='grc' dir='ltr'><strong>καὶ</strong></span> <span class='ocrx_word' id='word_1_363' title='bbox 3323 2762 3394 2815; x_wconf 74' lang='grc' dir='ltr'>τὰ</span> <span class='ocrx_word' id='word_1_364' title='bbox 3420 2759 3696 2815; x_wconf 78' lang='grc' dir='ltr'>σκάνδαλα</span> <span class='ocrx_word' id='word_1_365' title='bbox 3714 2800 3730 2824; x_wconf 93' lang='grc'><strong>,</strong></span> 
     </span>
    </p>
   </div>
   <div class='ocr_carea' id='block_1_55' title="bbox 2141 2853 3735 2934">
    <p class='ocr_par' dir='ltr' id='par_1_55' title="bbox 2141 2853 3735 2934">
     <span class='ocr_line' id='line_1_55' title="bbox 2141 2853 3735 2934; baseline -0.009 -18"><span class='ocrx_word' id='word_1_366' title='bbox 2141 2863 2243 2934; x_wconf 81' lang='grc' dir='ltr'>τήν</span> <span class='ocrx_word' id='word_1_367' title='bbox 2280 2879 2339 2915; x_wconf 91' lang='grc' dir='ltr'>τε</span> <span class='ocrx_word' id='word_1_368' title='bbox 2375 2860 2681 2933; x_wconf 87' lang='grc' dir='ltr'>μέλλουσαν</span> <span class='ocrx_word' id='word_1_369' title='bbox 2721 2859 2981 2913; x_wconf 84' lang='grc' dir='ltr'>κόλασιν⁶</span> <span class='ocrx_word' id='word_1_370' title='bbox 3012 2858 3148 2910; x_wconf 80' lang='grc' dir='ltr'>πᾶσι</span> <span class='ocrx_word' id='word_1_371' title='bbox 3195 2856 3308 2918; x_wconf 87' lang='grc' dir='ltr'>τοῖς</span> <span class='ocrx_word' id='word_1_372' title='bbox 3353 2854 3544 2914; x_wconf 85' lang='grc' dir='ltr'>κακοῖς</span> <span class='ocrx_word' id='word_1_373' title='bbox 3575 2853 3735 2918; x_wconf 86' lang='grc' dir='ltr'>ὲγκα-</span> 
     </span>
    </p>
   </div>
   <div class='ocr_carea' id='block_1_56' title="bbox 2141 2944 3734 3026">
    <p class='ocr_par' dir='ltr' id='par_1_56' title="bbox 2141 2944 3734 3026">
     <span class='ocr_line' id='line_1_56' title="bbox 2141 2944 3734 3026; baseline -0.009 -16"><span class='ocrx_word' id='word_1_374' title='bbox 2141 2955 2490 3026; x_wconf 86' lang='grc' dir='ltr'>λινδούμενος</span> <span class='ocrx_word' id='word_1_375' title='bbox 2523 2954 2618 3008; x_wconf 73' lang='grc' dir='ltr'><strong>ὲπὶ</strong></span> <span class='ocrx_word' id='word_1_376' title='bbox 2647 2953 2858 3024; x_wconf 81' lang='grc' dir='ltr'>γήραος</span> <span class='ocrx_word' id='word_1_377' title='bbox 2887 2951 3030 3022; x_wconf 82' lang='grc' dir='ltr'>οὐδῷ</span> <span class='ocrx_word' id='word_1_378' title='bbox 3075 2947 3438 3021; x_wconf 75' lang='grc' dir='ltr'>νεωτερίζων.</span> <span class='ocrx_word' id='word_1_379' title='bbox 3469 2945 3594 3010; x_wconf 85' lang='grc' dir='ltr'>Πῶς</span> <span class='ocrx_word' id='word_1_380' title='bbox 3621 2944 3734 3016; x_wconf 81' lang='grc' dir='ltr'><strong>γὰρ</strong></span> 
     </span>
    </p>
   </div>
   <div class='ocr_carea' id='block_1_57' title="bbox 2141 3037 3737 3116">
    <p class='ocr_par' dir='ltr' id='par_1_57' title="bbox 2141 3037 3737 3116">
     <span class='ocr_line' id='line_1_57' title="bbox 2141 3037 3737 3116; baseline -0.008 -15"><span class='ocrx_word' id='word_1_381' title='bbox 2141 3049 2258 3111; x_wconf 84' lang='grc' dir='ltr'>τοῖς</span> <span class='ocrx_word' id='word_1_382' title='bbox 2292 3045 2437 3110; x_wconf 83' lang='grc' dir='ltr'>νέοις</span> <span class='ocrx_word' id='word_1_383' title='bbox 2483 3046 2786 3116; x_wconf 81' lang='grc' dir='ltr'>σωφρονεῖν</span> <span class='ocrx_word' id='word_1_384' title='bbox 2834 3041 3211 3115; x_wconf 81' lang='grc' dir='ltr'>παραινέσεις,</span> <span class='ocrx_word' id='word_1_385' title='bbox 3260 3037 3444 3110; x_wconf 86' lang='grc' dir='ltr'>σαυτῷ</span> <span class='ocrx_word' id='word_1_386' title='bbox 3478 3037 3613 3109; x_wconf 83' lang='grc' dir='ltr'>μηδὲ</span> <span class='ocrx_word' id='word_1_387' title='bbox 3641 3039 3737 3090; x_wconf 73' lang='grc' dir='ltr'><strong>ἐπὶ</strong></span> 
     </span>
    </p>
   </div>
   <div class='ocr_carea' id='block_1_58' title="bbox 2140 3129 3733 3211">
    <p class='ocr_par' dir='ltr' id='par_1_58' title="bbox 2140 3129 3733 3211">
     <span class='ocr_line' id='line_1_58' title="bbox 2140 3129 3733 3211; baseline -0.015 -8"><span class='ocrx_word' id='word_1_388' title='bbox 2140 3139 2352 3211; x_wconf 84' lang='grc' dir='ltr'><strong>γήραος</strong></span> <span class='ocrx_word' id='word_1_389' title='bbox 2381 3136 2695 3209; x_wconf 76' lang='grc' dir='ltr'>παραινῶνς</span> <span class='ocrx_word' id='word_1_390' title='bbox 2727 3135 2853 3200; x_wconf 84' lang='grc' dir='ltr'><strong>Πῶς</strong></span> <span class='ocrx_word' id='word_1_391' title='bbox 2873 3133 2932 3188; x_wconf 85' lang='grc' dir='ltr'>δὲ</span> <span class='ocrx_word' id='word_1_392' title='bbox 2957 3133 3020 3188; x_wconf 87' lang='grc' dir='ltr'><strong>ού</strong></span> <span class='ocrx_word' id='word_1_393' title='bbox 3049 3133 3295 3205; x_wconf 83' lang='grc' dir='ltr'>φρίττεις</span> <span class='ocrx_word' id='word_1_394' title='bbox 3313 3129 3540 3185; x_wconf 84' lang='grc' dir='ltr'>τοιαῦτα</span> <span class='ocrx_word' id='word_1_395' title='bbox 3565 3129 3733 3200; x_wconf 82' lang='grc' dir='ltr'>δρῶν,</span> 
     </span>
    </p>
   </div>
   <div class='ocr_carea' id='block_1_59' title="bbox 454 3206 2035 3303">
    <p class='ocr_par' dir='ltr' id='par_1_59' title="bbox 454 3206 2035 3280">
     <span class='ocr_line' id='line_1_59' title="bbox 454 3206 2035 3280; baseline 0.004 -21"><span class='ocrx_word' id='word_1_396' title='bbox 454 3206 498 3260; x_wconf 89' lang='lat' dir='ltr'><strong>si</strong></span> <span class='ocrx_word' id='word_1_397' title='bbox 544 3220 611 3262; x_wconf 91' lang='lat' dir='ltr'><strong>ne</strong></span> <span class='ocrx_word' id='word_1_398' title='bbox 663 3206 761 3263; x_wconf 91' lang='lat' dir='ltr'><strong>tibi</strong></span> <span class='ocrx_word' id='word_1_399' title='bbox 823 3208 1041 3277; x_wconf 89' lang='lat' dir='ltr'><strong>quidem</strong></span> <span class='ocrx_word' id='word_1_400' title='bbox 1102 3209 1170 3263; x_wconf 86' lang='lat' dir='ltr'><strong>ad</strong></span> <span class='ocrx_word' id='word_1_401' title='bbox 1228 3219 1533 3266; x_wconf 85' lang='lat' dir='ltr'><strong>extremum</strong></span> <span class='ocrx_word' id='word_1_402' title='bbox 1595 3224 1766 3280; x_wconf 88' lang='lat' dir='ltr'><strong>usque</strong></span> <span class='ocrx_word' id='word_1_403' title='bbox 1826 3210 2035 3266; x_wconf 88' lang='lat' dir='ltr'><strong>senium</strong></span> 
     </span>
    </p>
   </div>
   <div class='ocr_carea' id='block_1_60' title="bbox 2142 3206 3734 3303">
    <p class='ocr_par' dir='ltr' id='par_1_60' title="bbox 2143 3206 3734 3303">
     <span class='ocr_line' id='line_1_60' title="bbox 2143 3206 3734 3303; baseline -0.008 -18"><span class='ocrx_word' id='word_1_404' title='bbox 2262 3248 2342 3303; x_wconf 87' lang='grc' dir='ltr'>τῳ</span> <span class='ocrx_word' id='word_1_405' title='bbox 2369 3206 2747 3300; x_wconf 76' lang='grc' dir='ltr'>θυσιαστηρίῳ</span> <span class='ocrx_word' id='word_1_406' title='bbox 2771 3227 3119 3300; x_wconf 70' lang='grc' dir='ltr'>πλησιάζωνς</span> <span class='ocrx_word' id='word_1_407' title='bbox 3152 3225 3274 3290; x_wconf 85' lang='grc' dir='ltr'>Πῶς</span> <span class='ocrx_word' id='word_1_408' title='bbox 3303 3225 3364 3278; x_wconf 85' lang='grc' dir='ltr'>δὲ</span> <span class='ocrx_word' id='word_1_409' title='bbox 3394 3223 3601 3294; x_wconf 80' lang='grc' dir='ltr'>τολμᾷς</span> <span class='ocrx_word' id='word_1_410' title='bbox 3624 3222 3734 3274; x_wconf 83' lang='grc' dir='ltr'><strong>τῶν</strong></span> 
     </span>
    </p>
   </div>
   <div class='ocr_carea' id='block_1_61' title="bbox 455 3297 2035 3396">
    <p class='ocr_par' dir='ltr' id='par_1_61' title="bbox 455 3297 2035 3374">
     <span class='ocr_line' id='line_1_61' title="bbox 455 3297 2035 3374; baseline 0.007 -27"><span class='ocrx_word' id='word_1_411' title='bbox 455 3297 844 3363; x_wconf 86' lang='lat' dir='ltr'><strong>persuaseris?</strong></span> <span class='ocrx_word' id='word_1_412' title='bbox 903 3298 1047 3366; x_wconf 86' lang='lat' dir='ltr'><strong>Quin</strong></span> <span class='ocrx_word' id='word_1_413' title='bbox 1091 3300 1255 3372; x_wconf 78' lang='lat' dir='ltr'><strong>igitur</strong></span> <span class='ocrx_word' id='word_1_414' title='bbox 1301 3301 1493 3358; x_wconf 88' lang='lat' dir='ltr'><strong>horres</strong></span> <span class='ocrx_word' id='word_1_415' title='bbox 1522 3303 1843 3374; x_wconf 86' lang='lat' dir='ltr'><strong>vererisque</strong></span> <span class='ocrx_word' id='word_1_416' title='bbox 1907 3302 2035 3358; x_wconf 85' lang='lat' dir='ltr'><strong>talia</strong></span> 
     </span>
    </p>
   </div>
   <div class='ocr_carea' id='block_1_62' title="bbox 2142 3297 3735 3396">
    <p class='ocr_par' dir='ltr' id='par_1_62' title="bbox 2146 3297 3735 3396">
     <span class='ocr_line' id='line_1_62' title="bbox 2146 3297 3735 3396; baseline -0.008 -17"><span class='ocrx_word' id='word_1_417' title='bbox 2146 3297 2435 3396; x_wconf 81' lang='grc' dir='ltr'>ἁχράντων</span> <span class='ocrx_word' id='word_1_418' title='bbox 2459 3297 3084 3393; x_wconf 36' lang='grc' dir='ltr'>ἅψασθαι-μυστηρίωη</span> <span class='ocrx_word' id='word_1_419' title='bbox 3132 3315 3392 3391; x_wconf 86' lang='grc' dir='ltr'>Παραινῶ</span> <span class='ocrx_word' id='word_1_420' title='bbox 3423 3315 3629 3376; x_wconf 87' lang='grc' dir='ltr'>τοίνυν,</span> <span class='ocrx_word' id='word_1_421' title='bbox 3656 3315 3735 3383; x_wconf 82' lang='grc' dir='ltr'>(εί</span> 
     </span>
    </p>
   </div>
   <div class='ocr_carea' id='block_1_63' title="bbox 455 3389 2035 3488">
    <p class='ocr_par' dir='ltr' id='par_1_63' title="bbox 455 3389 2034 3463">
     <span class='ocr_line' id='line_1_63' title="bbox 455 3389 2034 3463; baseline 0.006 -22"><span class='ocrx_word' id='word_1_422' title='bbox 455 3389 813 3458; x_wconf 83' lang='lat' dir='ltr'><strong>committere,</strong></span> <span class='ocrx_word' id='word_1_423' title='bbox 857 3399 913 3447; x_wconf 90' lang='lat' dir='ltr'><strong>et</strong></span> <span class='ocrx_word' id='word_1_424' title='bbox 958 3392 1151 3447; x_wconf 85' lang='lat' dir='ltr'><strong>altaria</strong></span> <span class='ocrx_word' id='word_1_425' title='bbox 1198 3393 1589 3463; x_wconf 79' lang='lat' dir='ltr'><strong>frequentare?</strong></span> <span class='ocrx_word' id='word_1_426' title='bbox 1627 3393 1911 3461; x_wconf 87' lang='lat' dir='ltr'><strong>Quomodo</strong></span> <span class='ocrx_word' id='word_1_427' title='bbox 1935 3395 2034 3450; x_wconf 88' lang='lat' dir='ltr'><strong>im-</strong></span> 
     </span>
    </p>
   </div>
   <div class='ocr_carea' id='block_1_64' title="bbox 2142 3389 3737 3488">
    <p class='ocr_par' dir='ltr' id='par_1_64' title="bbox 2144 3389 3737 3488">
     <span class='ocr_line' id='line_1_64' title="bbox 2144 3389 3737 3488; baseline -0.008 -19"><span class='ocrx_word' id='word_1_428' title='bbox 2281 3413 2375 3468; x_wconf 66' lang='lat' dir='ltr'><strong>xui.</strong></span> <span class='ocrx_word' id='word_1_429' title='bbox 2393 3389 2571 3479; x_wconf 84' lang='grc' dir='ltr'>λυπεῖ,</span> <span class='ocrx_word' id='word_1_430' title='bbox 2590 3413 2652 3468; x_wconf 81' lang='grc' dir='ltr'><strong>τὸ</strong></span> <span class='ocrx_word' id='word_1_431' title='bbox 2675 3389 2874 3486; x_wconf 77' lang='grc' dir='ltr'>ἀληθὲς</span> <span class='ocrx_word' id='word_1_432' title='bbox 2898 3389 3041 3483; x_wconf 73' lang='grc' dir='ltr'><strong>μετά</strong></span> <span class='ocrx_word' id='word_1_433' title='bbox 3064 3389 3381 3482; x_wconf 74' lang='grc' dir='ltr'>παρρησίας</span> <span class='ocrx_word' id='word_1_434' title='bbox 3401 3406 3676 3472; x_wconf 81' lang='grc' dir='ltr'>λελέξεται</span> <span class='ocrx_word' id='word_1_435' title='bbox 3694 3405 3737 3474; x_wconf 86' lang='grc'>,)</span> 
     </span>
    </p>
   </div>
   <div class='ocr_carea' id='block_1_65' title="bbox 454 3477 2035 3580">
    <p class='ocr_par' dir='ltr' id='par_1_65' title="bbox 454 3477 2035 3556">
     <span class='ocr_line' id='line_1_65' title="bbox 454 3477 2035 3556; baseline 0.006 -26"><span class='ocrx_word' id='word_1_436' title='bbox 454 3477 724 3533; x_wconf 88' lang='lat' dir='ltr'><strong>maculata</strong></span> <span class='ocrx_word' id='word_1_437' title='bbox 802 3477 1080 3534; x_wconf 84' lang='lat' dir='ltr'><strong>sacrorum</strong></span> <span class='ocrx_word' id='word_1_438' title='bbox 1151 3481 1410 3554; x_wconf 80' lang='lat' dir='ltr'><strong>mysteria</strong></span> <span class='ocrx_word' id='word_1_439' title='bbox 1485 3483 1653 3538; x_wconf 89' lang='lat' dir='ltr'><strong>audes</strong></span> <span class='ocrx_word' id='word_1_440' title='bbox 1733 3483 2035 3556; x_wconf 72' lang='lat' dir='ltr'><strong>attingere!</strong></span> 
     </span>
    </p>
   </div>
   <div class='ocr_carea' id='block_1_66' title="bbox 2142 3477 3735 3580">
    <p class='ocr_par' dir='ltr' id='par_1_66' title="bbox 2150 3500 3735 3580">
     <span class='ocr_line' id='line_1_66' title="bbox 2150 3500 3735 3580; baseline -0.008 -17"><span class='ocrx_word' id='word_1_441' title='bbox 2150 3508 2187 3580; x_wconf 78' lang='grc' dir='ltr'><strong>ἢ</strong></span> <span class='ocrx_word' id='word_1_442' title='bbox 2213 3507 2421 3563; x_wconf 82' lang='grc' dir='ltr'>παῦσαι</span> <span class='ocrx_word' id='word_1_443' title='bbox 2451 3507 2679 3563; x_wconf 79' lang='grc' dir='ltr'>τοιαῦτα</span> <span class='ocrx_word' id='word_1_444' title='bbox 2703 3507 2870 3580; x_wconf 90' lang='grc' dir='ltr'>δρῶν,</span> <span class='ocrx_word' id='word_1_445' title='bbox 2899 3506 2933 3579; x_wconf 75' lang='grc' dir='ltr'>ἢ</span> <span class='ocrx_word' id='word_1_446' title='bbox 2972 3505 3066 3561; x_wconf 81' lang='grc' dir='ltr'><strong>τοῦ</strong></span> <span class='ocrx_word' id='word_1_447' title='bbox 3095 3503 3294 3560; x_wconf 85' lang='grc' dir='ltr'>σεπτοῦ</span> <span class='ocrx_word' id='word_1_448' title='bbox 3341 3500 3735 3570; x_wconf 86' lang='grc' dir='ltr'>θυσιαστηρίου</span> 
     </span>
    </p>
   </div>
   <div class='ocr_carea' id='block_1_67' title="bbox 453 3565 2035 3671">
    <p class='ocr_par' dir='ltr' id='par_1_67' title="bbox 453 3565 2035 3642">
     <span class='ocr_line' id='line_1_67' title="bbox 453 3565 2035 3642; baseline 0.006 -18"><span class='ocrx_word' id='word_1_449' title='bbox 453 3565 654 3624; x_wconf 84' lang='lat' dir='ltr'><strong>lIortor</strong></span> <span class='ocrx_word' id='word_1_450' title='bbox 679 3569 863 3640; x_wconf 90' lang='lat' dir='ltr'><strong>itaque</strong></span> <span class='ocrx_word' id='word_1_451' title='bbox 891 3579 942 3627; x_wconf 90' lang='lat' dir='ltr'><strong>te</strong></span> <span class='ocrx_word' id='word_1_452' title='bbox 958 3571 1082 3642; x_wconf 85' lang='lat' dir='ltr'><strong>(etsi</strong></span> <span class='ocrx_word' id='word_1_453' title='bbox 1100 3573 1247 3627; x_wconf 86' lang='lat' dir='ltr'><strong>enim</strong></span> <span class='ocrx_word' id='word_1_454' title='bbox 1277 3572 1441 3639; x_wconf 88' lang='lat' dir='ltr'><strong>dolet,</strong></span> <span class='ocrx_word' id='word_1_455' title='bbox 1467 3582 1838 3629; x_wconf 83' lang='lat' dir='ltr'><strong>verumtamen</strong></span> <span class='ocrx_word' id='word_1_456' title='bbox 1877 3575 2035 3634; x_wconf 78' lang='lat' dir='ltr'><strong>libere</strong></span> 
     </span>
    </p>
   </div>
   <div class='ocr_carea' id='block_1_68' title="bbox 2142 3565 3740 3671">
    <p class='ocr_par' dir='ltr' id='par_1_68' title="bbox 2158 3565 3740 3671">
     <span class='ocr_line' id='line_1_68' title="bbox 2158 3565 3740 3671; baseline -0.006 -16"><span class='ocrx_word' id='word_1_457' title='bbox 2158 3565 2356 3655; x_wconf 74' lang='grc' dir='ltr'>σαυτὸν</span> <span class='ocrx_word' id='word_1_458' title='bbox 2395 3599 2632 3671; x_wconf 84' lang='grc' dir='ltr'>χώρισον</span> <span class='ocrx_word' id='word_1_459' title='bbox 2655 3615 2671 3632; x_wconf 82' lang='grc' dir='ltr'><strong>ο</strong></span> <span class='ocrx_word' id='word_1_460' title='bbox 2727 3565 2803 3670; x_wconf 75' lang='grc' dir='ltr'>μή</span> <span class='ocrx_word' id='word_1_461' title='bbox 2833 3565 2964 3652; x_wconf 72' lang='grc' dir='ltr'>ποτε</span> <span class='ocrx_word' id='word_1_462' title='bbox 3015 3596 3128 3668; x_wconf 81' lang='grc' dir='ltr'>πῦρ</span> <span class='ocrx_word' id='word_1_463' title='bbox 3160 3593 3452 3667; x_wconf 82' lang='grc' dir='ltr'>οὐρανόθεν</span> <span class='ocrx_word' id='word_1_464' title='bbox 3497 3565 3740 3663; x_wconf 45' lang='grc' dir='ltr'>έπὶητὴν</span> 
     </span>
    </p>
   </div>
   <div class='ocr_carea' id='block_1_69' title="bbox 453 3662 2035 3766">
    <p class='ocr_par' dir='ltr' id='par_1_69' title="bbox 453 3662 2035 3735">
     <span class='ocr_line' id='line_1_69' title="bbox 453 3662 2035 3735; baseline 0.007 -20"><span class='ocrx_word' id='word_1_465' title='bbox 453 3663 653 3732; x_wconf 87' lang='lat' dir='ltr'><strong>dicam)</strong></span> <span class='ocrx_word' id='word_1_466' title='bbox 697 3671 756 3717; x_wconf 89' lang='lat' dir='ltr'><strong>ut</strong></span> <span class='ocrx_word' id='word_1_467' title='bbox 785 3662 870 3719; x_wconf 89' lang='lat' dir='ltr'><strong>vel</strong></span> <span class='ocrx_word' id='word_1_468' title='bbox 895 3664 1245 3720; x_wconf 85' lang='lat' dir='ltr'><strong>committere</strong></span> <span class='ocrx_word' id='word_1_469' title='bbox 1282 3665 1589 3735; x_wconf 86' lang='lat' dir='ltr'><strong>hujusmodi</strong></span> <span class='ocrx_word' id='word_1_470' title='bbox 1618 3667 1858 3733; x_wconf 84' lang='lat' dir='ltr'><strong>desinas,</strong></span> <span class='ocrx_word' id='word_1_471' title='bbox 1894 3669 1977 3724; x_wconf 88' lang='lat' dir='ltr'><strong>vel</strong></span> <span class='ocrx_word' id='word_1_472' title='bbox 2007 3685 2035 3726; x_wconf 85' lang='lat' dir='ltr'><strong>a</strong></span> 
     </span>
    </p>
   </div>
   <div class='ocr_carea' id='block_1_70' title="bbox 2142 3662 3740 3766">
    <p class='ocr_par' dir='ltr' id='par_1_70' title="bbox 2148 3662 3740 3766">
     <span class='ocr_line' id='line_1_70' title="bbox 2148 3662 3740 3766; baseline -0.006 -19"><span class='ocrx_word' id='word_1_473' title='bbox 2148 3692 2346 3750; x_wconf 81' lang='grc' dir='ltr'>σαυτοῦ</span> <span class='ocrx_word' id='word_1_474' title='bbox 2383 3662 2623 3766; x_wconf 73' lang='grc' dir='ltr'>καλέσῃς</span> <span class='ocrx_word' id='word_1_475' title='bbox 2652 3662 2918 3763; x_wconf 79' lang='grc' dir='ltr'>κεφαλὴν,</span> <span class='ocrx_word' id='word_1_476' title='bbox 2950 3662 3298 3763; x_wconf 75' lang='grc' dir='ltr'>παρέχουσαν</span> <span class='ocrx_word' id='word_1_477' title='bbox 3331 3688 3444 3750; x_wconf 84' lang='grc' dir='ltr'>τοῖς</span> <span class='ocrx_word' id='word_1_478' title='bbox 3468 3662 3740 3757; x_wconf 76' lang='grc' dir='ltr'>ῥαθύμοις</span> 
     </span>
    </p>
   </div>
   <div class='ocr_carea' id='block_1_71' title="bbox 454 3751 2038 3828">
    <p class='ocr_par' dir='ltr' id='par_1_71' title="bbox 454 3751 2038 3828">
     <span class='ocr_line' id='line_1_71' title="bbox 454 3751 2038 3828; baseline 0.009 -25"><span class='ocrx_word' id='word_1_479' title='bbox 454 3751 775 3808; x_wconf 86' lang='lat' dir='ltr'><strong>venerandis</strong></span> <span class='ocrx_word' id='word_1_480' title='bbox 816 3752 1008 3808; x_wconf 87' lang='lat' dir='ltr'><strong>altaris</strong></span> <span class='ocrx_word' id='word_1_481' title='bbox 1055 3753 1340 3808; x_wconf 78' lang='lat' dir='ltr'><strong>sacriﬁciis</strong></span> <span class='ocrx_word' id='word_1_482' title='bbox 1367 3755 1664 3822; x_wconf 87' lang='lat' dir='ltr'><strong>abstineas,</strong></span> <span class='ocrx_word' id='word_1_483' title='bbox 1715 3771 1784 3812; x_wconf 90' lang='lat' dir='ltr'><strong>ne</strong></span> <span class='ocrx_word' id='word_1_484' title='bbox 1820 3761 2038 3828; x_wconf 85' lang='lat' dir='ltr'><strong>quando</strong></span> 
     </span>
    </p>
   </div>
   <div class='ocr_carea' id='block_1_72' title="bbox 456 3842 2034 3918">
    <p class='ocr_par' dir='ltr' id='par_1_72' title="bbox 456 3842 2034 3918">
     <span class='ocr_line' id='line_1_72' title="bbox 456 3842 2034 3918; baseline 0.008 -23"><span class='ocrx_word' id='word_1_485' title='bbox 456 3842 632 3912; x_wconf 74' lang='lat' dir='ltr'><strong>ignem</strong></span> <span class='ocrx_word' id='word_1_486' title='bbox 655 3843 722 3899; x_wconf 89' lang='lat' dir='ltr'><strong>de</strong></span> <span class='ocrx_word' id='word_1_487' title='bbox 754 3843 894 3898; x_wconf 69' lang='lat' dir='ltr'><strong>ctelo</strong></span> <span class='ocrx_word' id='word_1_488' title='bbox 920 3845 1086 3915; x_wconf 88' lang='lat' dir='ltr'><strong>capiti</strong></span> <span class='ocrx_word' id='word_1_489' title='bbox 1113 3858 1402 3902; x_wconf 84' lang='lat' dir='ltr'><strong>accersens</strong></span> <span class='ocrx_word' id='word_1_490' title='bbox 1423 3855 1534 3913; x_wconf 87' lang='lat' dir='ltr'><strong>tuo,</strong></span> <span class='ocrx_word' id='word_1_491' title='bbox 1555 3848 1787 3918; x_wconf 86' lang='lat' dir='ltr'><strong>turpiter</strong></span> <span class='ocrx_word' id='word_1_492' title='bbox 1814 3851 2034 3908; x_wconf 87' lang='lat' dir='ltr'><strong>meritas</strong></span> 
     </span>
    </p>
   </div>
   <div class='ocr_carea' id='block_1_73' title="bbox 459 3937 1151 4004">
    <p class='ocr_par' dir='ltr' id='par_1_73' title="bbox 459 3937 1151 4004">
     <span class='ocr_line' id='line_1_73' title="bbox 459 3937 1151 4004; baseline 0.009 -19"><span class='ocrx_word' id='word_1_493' title='bbox 459 3945 651 4002; x_wconf 73' lang='lat' dir='ltr'><strong>pmnas</strong></span> <span class='ocrx_word' id='word_1_494' title='bbox 679 3941 737 3988; x_wconf 91' lang='lat' dir='ltr'><strong>ut</strong></span> <span class='ocrx_word' id='word_1_495' title='bbox 759 3937 984 4004; x_wconf 84' lang='lat' dir='ltr'><strong>optasti,</strong></span> <span class='ocrx_word' id='word_1_496' title='bbox 1014 3938 1151 3991; x_wconf 86' lang='lat' dir='ltr'><strong>luas.</strong></span> 
     </span>
    </p>
   </div>
   <div class='ocr_carea' id='block_1_74' title="bbox 1003 4045 1502 4106">
    <p class='ocr_par' dir='ltr' id='par_1_74' title="bbox 1003 4045 1502 4106">
     <span class='ocr_line' id='line_1_74' title="bbox 1003 4045 1502 4106; baseline 0.006 -4"><span class='ocrx_word' id='word_1_497' title='bbox 1003 4045 1145 4103; x_wconf 82' lang='lat' dir='ltr'>XIII.</span> <span class='ocrx_word' id='word_1_498' title='bbox 1173 4078 1246 4088; x_wconf 95' lang='lat'><strong><em>—</em></strong></span> <span class='ocrx_word' id='word_1_499' title='bbox 1271 4049 1502 4106; x_wconf 79' lang='lat' dir='ltr'><strong>EIDEM.</strong></span> 
     </span>
    </p>
   </div>
   <div class='ocr_carea' id='block_1_75' title="bbox 2146 3776 3101 3857">
    <p class='ocr_par' dir='ltr' id='par_1_75' title="bbox 2146 3776 3101 3857">
     <span class='ocr_line' id='line_1_75' title="bbox 2146 3776 3101 3857; baseline -0.002 -19"><span class='ocrx_word' id='word_1_500' title='bbox 2146 3784 2408 3857; x_wconf 83' lang='grc' dir='ltr'>ἀφορμὰς</span> <span class='ocrx_word' id='word_1_501' title='bbox 2435 3776 2512 3839; x_wconf 83' lang='grc' dir='ltr'>ὧν</span> <span class='ocrx_word' id='word_1_502' title='bbox 2541 3781 2876 3856; x_wconf 67' lang='grc' dir='ltr'>ἐπιθυμοῦσι</span> <span class='ocrx_word' id='word_1_503' title='bbox 2907 3781 3101 3851; x_wconf 86' lang='grc' dir='ltr'>λόγων.</span> 
     </span>
    </p>
   </div>
   <div class='ocr_carea' id='block_1_76' title="bbox 2641 4059 3220 4132">
    <p class='ocr_par' dir='ltr' id='par_1_76' title="bbox 2641 4059 3220 4132">
     <span class='ocr_line' id='line_1_76' title="bbox 2641 4059 3220 4132; baseline -0.003 -18"><span class='ocrx_word' id='word_1_504' title='bbox 2641 4061 2744 4120; x_wconf 74' lang='grc' dir='ltr'>ιΓι.</span> <span class='ocrx_word' id='word_1_505' title='bbox 2783 4091 2848 4103; x_wconf 88' lang='grc'><strong>-</strong></span> <span class='ocrx_word' id='word_1_506' title='bbox 2891 4062 2979 4132; x_wconf 83' lang='grc' dir='ltr'><strong>Τῼ</strong></span> <span class='ocrx_word' id='word_1_507' title='bbox 3017 4059 3220 4130; x_wconf 67' lang='lat' dir='ltr'><strong>arra.</strong></span> 
     </span>
    </p>
   </div>
   <div class='ocr_carea' id='block_1_77' title="bbox 1127 4160 3063 4246">
    <p class='ocr_par' dir='ltr' id='par_1_77' title="bbox 1127 4160 3063 4246">
     <span class='ocr_line' id='line_1_77' title="bbox 1127 4160 3063 4246; baseline 0.005 -29"><span class='ocrx_word' id='word_1_508' title='bbox 1127 4160 1405 4220; x_wconf 82' lang='lat' dir='ltr'><strong>Hominem</strong></span> <span class='ocrx_word' id='word_1_509' title='bbox 1443 4165 1731 4238; x_wconf 58' lang='lat' dir='ltr'><strong>desperata;</strong></span> <span class='ocrx_word' id='word_1_510' title='bbox 1758 4172 1983 4227; x_wconf 78' lang='lat' dir='ltr'><strong>malitia:</strong></span> <span class='ocrx_word' id='word_1_511' title='bbox 2015 4183 2070 4227; x_wconf 83' lang='lat' dir='ltr'><strong>ut</strong></span> <span class='ocrx_word' id='word_1_512' title='bbox 2100 4172 2462 4228; x_wconf 81' lang='lat' dir='ltr'><strong>conclavatum</strong></span> <span class='ocrx_word' id='word_1_513' title='bbox 2490 4189 2587 4228; x_wconf 77' lang='lat' dir='ltr'><strong>suo</strong></span> <span class='ocrx_word' id='word_1_514' title='bbox 2611 4175 2859 4246; x_wconf 78' lang='lat' dir='ltr'><strong>relinquit</strong></span> <span class='ocrx_word' id='word_1_515' title='bbox 2886 4174 3063 4245; x_wconf 86' lang='lat' dir='ltr'><strong>gem&#39;o.</strong></span> 
     </span>
    </p>
   </div>
   <div class='ocr_carea' id='block_1_78' title="bbox 527 4278 2035 4363">
    <p class='ocr_par' dir='ltr' id='par_1_78' title="bbox 527 4278 2035 4358">
     <span class='ocr_line' id='line_1_78' title="bbox 527 4278 2035 4358; baseline 0.007 -24"><span class='ocrx_word' id='word_1_516' title='bbox 527 4279 704 4335; x_wconf 84' lang='lat' dir='ltr'><strong>Audio</strong></span> <span class='ocrx_word' id='word_1_517' title='bbox 757 4278 811 4333; x_wconf 90' lang='lat' dir='ltr'><strong>in</strong></span> <span class='ocrx_word' id='word_1_518' title='bbox 840 4280 1139 4351; x_wconf 88' lang='lat' dir='ltr'><strong>sapientem</strong></span> <span class='ocrx_word' id='word_1_519' title='bbox 1182 4291 1235 4337; x_wconf 87' lang='lat' dir='ltr'><strong>te</strong></span> <span class='ocrx_word' id='word_1_520' title='bbox 1275 4284 1531 4342; x_wconf 87' lang='lat' dir='ltr'><strong>incidisse</strong></span> <span class='ocrx_word' id='word_1_521' title='bbox 1567 4288 1746 4344; x_wconf 88' lang='lat' dir='ltr'><strong>virum</strong></span> <span class='ocrx_word' id='word_1_522' title='bbox 1788 4290 1878 4358; x_wconf 92' lang='lat' dir='ltr'><strong>qui</strong></span> <span class='ocrx_word' id='word_1_523' title='bbox 1918 4304 2035 4352; x_wconf 60' lang='grc' dir='ltr'>ροτ-</span> 
     </span>
    </p>
   </div>
   <div class='ocr_carea' id='block_1_79' title="bbox 2142 4278 3744 4363">
    <p class='ocr_par' dir='ltr' id='par_1_79' title="bbox 2225 4289 3744 4363">
     <span class='ocr_line' id='line_1_79' title="bbox 2225 4289 3744 4363; baseline 0.003 -19"><span class='ocrx_word' id='word_1_524' title='bbox 2225 4290 2575 4363; x_wconf 85' lang='grc' dir='ltr'>Πυνθάνομαι</span> <span class='ocrx_word' id='word_1_525' title='bbox 2615 4292 2700 4346; x_wconf 83' lang='grc' dir='ltr'><strong>ὅτι</strong></span> <span class='ocrx_word' id='word_1_526' title='bbox 2753 4291 2919 4362; x_wconf 86' lang='grc' dir='ltr'>σοφός</span> <span class='ocrx_word' id='word_1_527' title='bbox 2958 4309 3043 4356; x_wconf 87' lang='grc' dir='ltr'><strong>τις</strong></span> <span class='ocrx_word' id='word_1_528' title='bbox 3084 4291 3247 4363; x_wconf 81' lang='grc' dir='ltr'>ἀνὴρ,</span> <span class='ocrx_word' id='word_1_529' title='bbox 3289 4289 3387 4345; x_wconf 80' lang='grc' dir='ltr'>καὶ</span> <span class='ocrx_word' id='word_1_530' title='bbox 3433 4292 3744 4362; x_wconf 83' lang='grc' dir='ltr'>χρημάτων</span> 
     </span>
    </p>
   </div>
   <div class='ocr_carea' id='block_1_80' title="bbox 459 4371 2046 4453">
    <p class='ocr_par' dir='ltr' id='par_1_80' title="bbox 459 4371 2046 4453">
     <span class='ocr_line' id='line_1_80' title="bbox 459 4371 2046 4453; baseline 0.006 -27"><span class='ocrx_word' id='word_1_531' title='bbox 459 4373 649 4442; x_wconf 73' lang='grc' dir='ltr'><strong>νιιιῐψὶ⁸</strong></span> <span class='ocrx_word' id='word_1_532' title='bbox 669 4371 894 4441; x_wconf 88' lang='lat' dir='ltr'><strong>pecunia</strong></span> <span class='ocrx_word' id='word_1_533' title='bbox 930 4384 1186 4443; x_wconf 87' lang='lat' dir='ltr'><strong>nequeat,</strong></span> <span class='ocrx_word' id='word_1_534' title='bbox 1214 4376 1434 4432; x_wconf 90' lang='lat' dir='ltr'><strong>virtutis</strong></span> <span class='ocrx_word' id='word_1_535' title='bbox 1461 4379 1859 4447; x_wconf 88' lang='lat' dir='ltr'><strong>perstudiosum</strong></span> <span class='ocrx_word' id='word_1_536' title='bbox 1885 4379 2046 4453; x_wconf 80' lang='lat'><strong>557</strong></span> 
     </span>
    </p>
   </div>
   <div class='ocr_carea' id='block_1_81' title="bbox 457 4466 2044 4540">
    <p class='ocr_par' dir='ltr' id='par_1_81' title="bbox 457 4466 2044 4540">
     <span class='ocr_line' id='line_1_81' title="bbox 457 4466 2044 4540; baseline 0.006 -21"><span class='ocrx_word' id='word_1_537' title='bbox 457 4476 785 4534; x_wconf 85' lang='lat' dir='ltr'><strong>onmemque</strong></span> <span class='ocrx_word' id='word_1_538' title='bbox 805 4477 1025 4534; x_wconf 86' lang='lat' dir='ltr'><strong>operam</strong></span> <span class='ocrx_word' id='word_1_539' title='bbox 1050 4466 1394 4524; x_wconf 83' lang='lat' dir='ltr'><strong>adhibentem</strong></span> <span class='ocrx_word' id='word_1_540' title='bbox 1427 4470 1491 4526; x_wconf 90' lang='lat' dir='ltr'><strong>ad</strong></span> <span class='ocrx_word' id='word_1_541' title='bbox 1525 4472 1597 4526; x_wconf 92' lang='lat' dir='ltr'><strong>tui</strong></span> <span class='ocrx_word' id='word_1_542' title='bbox 1623 4473 2044 4540; x_wconf 89' lang='lat' dir='ltr'><strong>correctionem,</strong></span> 
     </span>
    </p>
   </div>
   <div class='ocr_carea' id='block_1_82' title="bbox 459 4553 2042 4632">
    <p class='ocr_par' dir='ltr' id='par_1_82' title="bbox 459 4553 2042 4632">
     <span class='ocr_line' id='line_1_82' title="bbox 459 4553 2042 4632; baseline 0.008 -26"><span class='ocrx_word' id='word_1_543' title='bbox 459 4553 746 4612; x_wconf 86' lang='lat' dir='ltr'><strong>remissum</strong></span> <span class='ocrx_word' id='word_1_544' title='bbox 766 4565 947 4631; x_wconf 86' lang='lat' dir='ltr'><strong>tamen</strong></span> <span class='ocrx_word' id='word_1_545' title='bbox 967 4557 1064 4613; x_wconf 86' lang='lat' dir='ltr'><strong>abs</strong></span> <span class='ocrx_word' id='word_1_546' title='bbox 1080 4566 1150 4623; x_wconf 83' lang='lat' dir='ltr'><strong>te,</strong></span> <span class='ocrx_word' id='word_1_547' title='bbox 1169 4558 1364 4616; x_wconf 82' lang='lat' dir='ltr'><strong>tnfccta</strong></span> <span class='ocrx_word' id='word_1_548' title='bbox 1386 4576 1466 4627; x_wconf 90' lang='lat' dir='ltr'><strong>re,</strong></span> <span class='ocrx_word' id='word_1_549' title='bbox 1491 4561 1643 4631; x_wconf 91' lang='lat' dir='ltr'><strong>quasi</strong></span> <span class='ocrx_word' id='word_1_550' title='bbox 1659 4563 1917 4632; x_wconf 87' lang='lat' dir='ltr'><strong>prodesse</strong></span> <span class='ocrx_word' id='word_1_551' title='bbox 1939 4580 2042 4620; x_wconf 91' lang='lat' dir='ltr'><strong>non</strong></span> 
     </span>
    </p>
   </div>
   <div class='ocr_carea' id='block_1_83' title="bbox 457 4645 2044 4724">
    <p class='ocr_par' dir='ltr' id='par_1_83' title="bbox 457 4645 2044 4724">
     <span class='ocr_line' id='line_1_83' title="bbox 457 4645 2044 4724; baseline 0.008 -24"><span class='ocrx_word' id='word_1_552' title='bbox 457 4656 660 4714; x_wconf 87' lang='lat' dir='ltr'><strong>posset.</strong></span> <span class='ocrx_word' id='word_1_553' title='bbox 699 4645 798 4702; x_wconf 89' lang='lat' dir='ltr'><strong>Tui</strong></span> <span class='ocrx_word' id='word_1_554' title='bbox 848 4649 993 4702; x_wconf 91' lang='lat' dir='ltr'><strong>enim</strong></span> <span class='ocrx_word' id='word_1_555' title='bbox 1027 4650 1200 4706; x_wconf 85' lang='lat' dir='ltr'><strong>morbi</strong></span> <span class='ocrx_word' id='word_1_556' title='bbox 1251 4652 1336 4708; x_wconf 86' lang='lat' dir='ltr'><strong>vis</strong></span> <span class='ocrx_word' id='word_1_557' title='bbox 1370 4652 1544 4721; x_wconf 90' lang='lat' dir='ltr'><strong>major</strong></span> <span class='ocrx_word' id='word_1_558' title='bbox 1592 4655 1741 4709; x_wconf 90' lang='lat' dir='ltr'><strong>omni</strong></span> <span class='ocrx_word' id='word_1_559' title='bbox 1784 4654 1900 4724; x_wconf 91' lang='lat' dir='ltr'><strong>ejus</strong></span> <span class='ocrx_word' id='word_1_560' title='bbox 1930 4669 2044 4712; x_wconf 84' lang='lat' dir='ltr'><strong>me-</strong></span> 
     </span>
    </p>
   </div>
   <div class='ocr_carea' id='block_1_84' title="bbox 465 4737 2044 4816">
    <p class='ocr_par' dir='ltr' id='par_1_84' title="bbox 465 4737 2044 4816">
     <span class='ocr_line' id='line_1_84' title="bbox 465 4737 2044 4816; baseline 0.009 -27"><span class='ocrx_word' id='word_1_561' title='bbox 465 4737 580 4792; x_wconf 88' lang='lat' dir='ltr'><strong>dela</strong></span> <span class='ocrx_word' id='word_1_562' title='bbox 624 4746 708 4793; x_wconf 87' lang='lat' dir='ltr'><strong>est</strong></span> <span class='ocrx_word' id='word_1_563' title='bbox 741 4739 986 4794; x_wconf 89' lang='lat' dir='ltr'><strong>inventa.</strong></span> <span class='ocrx_word' id='word_1_564' title='bbox 1011 4739 1250 4798; x_wconf 87' lang='lat' dir='ltr'><strong>Decebal</strong></span> <span class='ocrx_word' id='word_1_565' title='bbox 1275 4751 1454 4800; x_wconf 88' lang='lat' dir='ltr'><strong>tamen</strong></span> <span class='ocrx_word' id='word_1_566' title='bbox 1481 4753 1534 4799; x_wconf 91' lang='lat' dir='ltr'><strong>te</strong></span> <span class='ocrx_word' id='word_1_567' title='bbox 1558 4746 1740 4816; x_wconf 76' lang='lat' dir='ltr'><strong>Specie</strong></span> <span class='ocrx_word' id='word_1_568' title='bbox 1770 4748 2044 4803; x_wconf 86' lang='lat' dir='ltr'><strong>rationum</strong></span> 
     </span>
    </p>
   </div>
   <div class='ocr_carea' id='block_1_85' title="bbox 459 4828 2040 4910">
    <p class='ocr_par' dir='ltr' id='par_1_85' title="bbox 459 4828 2040 4910">
     <span class='ocr_line' id='line_1_85' title="bbox 459 4828 2040 4910; baseline 0.009 -29"><span class='ocrx_word' id='word_1_569' title='bbox 459 4828 693 4900; x_wconf 69' lang='lat' dir='ltr'><strong>eleganti</strong></span> <span class='ocrx_word' id='word_1_570' title='bbox 748 4829 990 4886; x_wconf 87' lang='lat' dir='ltr'><strong>illectum</strong></span> <span class='ocrx_word' id='word_1_571' title='bbox 1048 4847 1160 4902; x_wconf 72' lang='lat' dir='ltr'><strong>pra:</strong></span> <span class='ocrx_word' id='word_1_572' title='bbox 1228 4834 1590 4893; x_wconf 79' lang='lat' dir='ltr'><strong>admiratione</strong></span> <span class='ocrx_word' id='word_1_573' title='bbox 1669 4838 2040 4910; x_wconf 72' lang='lat' dir='ltr'><strong>intelligentiae</strong></span> 
     </span>
    </p>
   </div>
   <div class='ocr_carea' id='block_1_86' title="bbox 459 4919 2039 4997">
    <p class='ocr_par' dir='ltr' id='par_1_86' title="bbox 459 4919 2039 4997">
     <span class='ocr_line' id='line_1_86' title="bbox 459 4919 2039 4997; baseline 0.009 -28"><span class='ocrx_word' id='word_1_574' title='bbox 459 4919 649 4986; x_wconf 87' lang='lat' dir='ltr'><strong>ipsius,</strong></span> <span class='ocrx_word' id='word_1_575' title='bbox 681 4925 739 4976; x_wconf 89' lang='lat' dir='ltr'><strong>et</strong></span> <span class='ocrx_word' id='word_1_576' title='bbox 767 4921 1058 4976; x_wconf 85' lang='lat' dir='ltr'><strong>reveritum</strong></span> <span class='ocrx_word' id='word_1_577' title='bbox 1085 4921 1203 4991; x_wconf 84' lang='lat' dir='ltr'><strong>ejus</strong></span> <span class='ocrx_word' id='word_1_578' title='bbox 1231 4925 1576 4995; x_wconf 87' lang='lat' dir='ltr'><strong>prudentiam</strong></span> <span class='ocrx_word' id='word_1_579' title='bbox 1600 4927 1668 4981; x_wconf 86' lang='lat' dir='ltr'><strong>ab</strong></span> <span class='ocrx_word' id='word_1_580' title='bbox 1693 4927 2039 4997; x_wconf 88' lang='lat' dir='ltr'><strong>improbitate</strong></span> 
     </span>
    </p>
   </div>
   <div class='ocr_carea' id='block_1_87' title="bbox 460 5008 2036 5084">
    <p class='ocr_par' dir='ltr' id='par_1_87' title="bbox 460 5008 2036 5084">
     <span class='ocr_line' id='line_1_87' title="bbox 460 5008 2036 5084; baseline 0.009 -23"><span class='ocrx_word' id='word_1_581' title='bbox 460 5016 783 5078; x_wconf 88' lang='lat' dir='ltr'><strong>temperare.</strong></span> <span class='ocrx_word' id='word_1_582' title='bbox 799 5008 876 5066; x_wconf 88' lang='lat' dir='ltr'><strong>Te</strong></span> <span class='ocrx_word' id='word_1_583' title='bbox 893 5026 1138 5069; x_wconf 90' lang='lat' dir='ltr'><strong>veronon</strong></span> <span class='ocrx_word' id='word_1_584' title='bbox 1162 5016 1359 5084; x_wconf 87' lang='lat' dir='ltr'><strong>solum,</strong></span> <span class='ocrx_word' id='word_1_585' title='bbox 1387 5032 1444 5071; x_wconf 91' lang='lat' dir='ltr'><strong>re</strong></span> <span class='ocrx_word' id='word_1_586' title='bbox 1470 5017 1851 5084; x_wconf 80' lang='lat' dir='ltr'><strong>inlecta,illum</strong></span> <span class='ocrx_word' id='word_1_587' title='bbox 1873 5024 2036 5074; x_wconf 88' lang='lat' dir='ltr'><strong>remi-</strong></span> 
     </span>
    </p>
   </div>
   <div class='ocr_carea' id='block_1_88' title="bbox 460 5099 2039 5181">
    <p class='ocr_par' dir='ltr' id='par_1_88' title="bbox 460 5099 2039 5181">
     <span class='ocr_line' id='line_1_88' title="bbox 460 5099 2039 5181; baseline 0.008 -29"><span class='ocrx_word' id='word_1_588' title='bbox 460 5099 619 5165; x_wconf 87' lang='lat' dir='ltr'><strong>sisse,</strong></span> <span class='ocrx_word' id='word_1_589' title='bbox 675 5116 886 5157; x_wconf 87' lang='lat' dir='ltr'><strong>verum-</strong></span> <span class='ocrx_word' id='word_1_590' title='bbox 929 5103 1089 5158; x_wconf 88' lang='lat' dir='ltr'><strong>etiam</strong></span> <span class='ocrx_word' id='word_1_591' title='bbox 1111 5121 1233 5161; x_wconf 91' lang='lat' dir='ltr'><strong>cum</strong></span> <span class='ocrx_word' id='word_1_592' title='bbox 1293 5107 1491 5179; x_wconf 88' lang='lat' dir='ltr'><strong>injuria</strong></span> <span class='ocrx_word' id='word_1_593' title='bbox 1543 5109 1880 5181; x_wconf 78' lang='lat' dir='ltr'><strong>proﬂigasse,</strong></span> <span class='ocrx_word' id='word_1_594' title='bbox 1953 5111 2039 5166; x_wconf 92' lang='lat' dir='ltr'><strong>in-</strong></span> 
     </span>
    </p>
   </div>
   <div class='ocr_carea' id='block_1_89' title="bbox 2157 4379 3740 4452">
    <p class='ocr_par' dir='ltr' id='par_1_89' title="bbox 2157 4379 3740 4452">
     <span class='ocr_line' id='line_1_89' title="bbox 2157 4379 3740 4452; baseline 0.003 -18"><span class='ocrx_word' id='word_1_595' title='bbox 2157 4379 2455 4452; x_wconf 62' lang='grc' dir='ltr'>κρείττωνξ,</span> <span class='ocrx_word' id='word_1_596' title='bbox 2498 4379 2594 4434; x_wconf 77' lang='grc' dir='ltr'><strong>καὶ</strong></span> <span class='ocrx_word' id='word_1_597' title='bbox 2642 4381 2811 4452; x_wconf 80' lang='grc' dir='ltr'>ἀρετῇ</span> <span class='ocrx_word' id='word_1_598' title='bbox 2868 4381 3279 4451; x_wconf 77' lang='grc' dir='ltr'>συναγωνιστὴς</span> <span class='ocrx_word' id='word_1_599' title='bbox 3332 4380 3572 4452; x_wconf 77' lang='grc' dir='ltr'>ἐντυχών</span> <span class='ocrx_word' id='word_1_600' title='bbox 3620 4399 3740 4438; x_wconf 79' lang='grc' dir='ltr'>σοι’</span> 
     </span>
    </p>
   </div>
   <div class='ocr_carea' id='block_1_90' title="bbox 2154 4473 3742 4546">
    <p class='ocr_par' dir='ltr' id='par_1_90' title="bbox 2154 4473 3742 4546">
     <span class='ocr_line' id='line_1_90' title="bbox 2154 4473 3742 4546; baseline 0.001 -20"><span class='ocrx_word' id='word_1_601' title='bbox 2154 4475 2250 4527; x_wconf 72' lang='grc' dir='ltr'>καὶ</span> <span class='ocrx_word' id='word_1_602' title='bbox 2299 4475 2476 4529; x_wconf 85' lang='grc' dir='ltr'>πάντα</span> <span class='ocrx_word' id='word_1_603' title='bbox 2520 4474 2752 4546; x_wconf 82' lang='grc' dir='ltr'>νικήσας</span> <span class='ocrx_word' id='word_1_604' title='bbox 2801 4474 2902 4528; x_wconf 80' lang='grc' dir='ltr'>ὅσα</span> <span class='ocrx_word' id='word_1_605' title='bbox 2949 4474 3116 4544; x_wconf 78' lang='grc' dir='ltr'>ἐχρῆν</span> <span class='ocrx_word' id='word_1_606' title='bbox 3163 4473 3298 4543; x_wconf 87' lang='grc' dir='ltr'>πρὸς</span> <span class='ocrx_word' id='word_1_607' title='bbox 3333 4473 3742 4545; x_wconf 75' lang='grc' dir='ltr'>ἐπανόρθωσιν,</span> 
     </span>
    </p>
   </div>
   <div class='ocr_carea' id='block_1_91' title="bbox 2151 4560 3740 4636">
    <p class='ocr_par' dir='ltr' id='par_1_91' title="bbox 2151 4560 3740 4636">
     <span class='ocr_line' id='line_1_91' title="bbox 2151 4560 3740 4636; baseline -0.001 -17"><span class='ocrx_word' id='word_1_608' title='bbox 2151 4563 2490 4635; x_wconf 83' lang='grc' dir='ltr'>ἀπεπέμφθη</span> <span class='ocrx_word' id='word_1_609' title='bbox 2520 4563 2802 4636; x_wconf 79' lang='grc' dir='ltr'>ἄπρακτος</span> <span class='ocrx_word' id='word_1_610' title='bbox 2841 4563 3007 4634; x_wconf 85' lang='grc' dir='ltr'>μηδὲν</span> <span class='ocrx_word' id='word_1_611' title='bbox 3055 4560 3333 4632; x_wconf 82' lang='grc' dir='ltr'>ὠφελῆσαί</span> <span class='ocrx_word' id='word_1_612' title='bbox 3365 4578 3424 4614; x_wconf 90' lang='grc' dir='ltr'><strong>σε</strong></span> <span class='ocrx_word' id='word_1_613' title='bbox 3465 4562 3740 4635; x_wconf 84' lang='grc' dir='ltr'>δυνηθείς.</span> 
     </span>
    </p>
   </div>
   <div class='ocr_carea' id='block_1_92' title="bbox 2152 4651 3743 4726">
    <p class='ocr_par' dir='ltr' id='par_1_92' title="bbox 2152 4651 3743 4726">
     <span class='ocr_line' id='line_1_92' title="bbox 2152 4651 3743 4726; baseline -0.001 -18"><span class='ocrx_word' id='word_1_614' title='bbox 2152 4653 2476 4725; x_wconf 84' lang='grc' dir='ltr'>Κρείττονος</span> <span class='ocrx_word' id='word_1_615' title='bbox 2503 4655 2616 4725; x_wconf 79' lang='grc'><strong>(⁵55)</strong></span> <span class='ocrx_word' id='word_1_616' title='bbox 2663 4654 2758 4707; x_wconf 78' lang='grc' dir='ltr'><strong>τοῦ</strong></span> <span class='ocrx_word' id='word_1_617' title='bbox 2795 4657 2892 4709; x_wconf 82' lang='grc' dir='ltr'><strong>σοῦ</strong></span> <span class='ocrx_word' id='word_1_618' title='bbox 2927 4654 3235 4724; x_wconf 76' lang='grc' dir='ltr'>νοσήματος</span> <span class='ocrx_word' id='word_1_619' title='bbox 3267 4651 3368 4722; x_wconf 77' lang='grc' dir='ltr'><strong>τῆς</strong></span> <span class='ocrx_word' id='word_1_620' title='bbox 3402 4653 3534 4723; x_wconf 79' lang='grc' dir='ltr'>παρ’</span> <span class='ocrx_word' id='word_1_621' title='bbox 3587 4655 3743 4726; x_wconf 80' lang='grc' dir='ltr'><strong>αὐτῷ</strong></span> 
     </span>
    </p>
   </div>
   <div class='ocr_carea' id='block_1_93' title="bbox 2152 4745 3741 4819">
    <p class='ocr_par' dir='ltr' id='par_1_93' title="bbox 2152 4745 3741 4819">
     <span class='ocr_line' id='line_1_93' title="bbox 2152 4745 3741 4819; baseline 0.001 -20"><span class='ocrx_word' id='word_1_622' title='bbox 2152 4747 2405 4818; x_wconf 75' lang='grc' dir='ltr'>ἰατρικῆς</span> <span class='ocrx_word' id='word_1_623' title='bbox 2457 4748 2650 4818; x_wconf 57' lang='grc' dir='ltr'>τέχνης</span> <span class='ocrx_word' id='word_1_624' title='bbox 2693 4745 3032 4819; x_wconf 82' lang='grc' dir='ltr'>εὑρεθέντος.</span> <span class='ocrx_word' id='word_1_625' title='bbox 3085 4746 3215 4798; x_wconf 83' lang='grc' dir='ltr'>Δέον</span> <span class='ocrx_word' id='word_1_626' title='bbox 3265 4746 3373 4815; x_wconf 87' lang='grc' dir='ltr'><strong>γάρ</strong></span> <span class='ocrx_word' id='word_1_627' title='bbox 3407 4761 3466 4797; x_wconf 89' lang='grc' dir='ltr'>σε</span> <span class='ocrx_word' id='word_1_628' title='bbox 3509 4762 3741 4814; x_wconf 86' lang='grc' dir='ltr'>γοητευ-</span> 
     </span>
    </p>
   </div>
   <div class='ocr_carea' id='block_1_94' title="bbox 2149 4837 3740 4912">
    <p class='ocr_par' dir='ltr' id='par_1_94' title="bbox 2149 4837 3740 4912">
     <span class='ocr_line' id='line_1_94' title="bbox 2149 4837 3740 4912; baseline -0.001 -18"><span class='ocrx_word' id='word_1_629' title='bbox 2149 4840 2312 4894; x_wconf 88' lang='grc' dir='ltr'>θέντα</span> <span class='ocrx_word' id='word_1_630' title='bbox 2363 4840 2463 4912; x_wconf 82' lang='grc' dir='ltr'>μὲν</span> <span class='ocrx_word' id='word_1_631' title='bbox 2491 4839 2568 4912; x_wconf 79' lang='grc' dir='ltr'>τῷ</span> <span class='ocrx_word' id='word_1_632' title='bbox 2606 4841 2794 4894; x_wconf 85' lang='grc' dir='ltr'>κάλλει</span> <span class='ocrx_word' id='word_1_633' title='bbox 2842 4839 2954 4893; x_wconf 84' lang='grc' dir='ltr'><strong>τῶν</strong></span> <span class='ocrx_word' id='word_1_634' title='bbox 2987 4840 3302 4910; x_wconf 86' lang='grc' dir='ltr'>νοημάτων,</span> <span class='ocrx_word' id='word_1_635' title='bbox 3332 4837 3644 4907; x_wconf 87' lang='grc' dir='ltr'>ἀγασθέντα</span> <span class='ocrx_word' id='word_1_636' title='bbox 3681 4839 3740 4893; x_wconf 78' lang='grc' dir='ltr'>δὲ</span> 
     </span>
    </p>
   </div>
   <div class='ocr_carea' id='block_1_95' title="bbox 2147 4928 3740 5004">
    <p class='ocr_par' dir='ltr' id='par_1_95' title="bbox 2147 4928 3740 5004">
     <span class='ocr_line' id='line_1_95' title="bbox 2147 4928 3740 5004; baseline 0.001 -20"><span class='ocrx_word' id='word_1_637' title='bbox 2147 4930 2246 5004; x_wconf 83' lang='grc' dir='ltr'>τὴν</span> <span class='ocrx_word' id='word_1_638' title='bbox 2281 4930 2522 4997; x_wconf 87' lang='grc' dir='ltr'>σύνεσιν,</span> <span class='ocrx_word' id='word_1_639' title='bbox 2564 4931 2883 4986; x_wconf 77' lang='grc' dir='ltr'>αἱδεσθέντα</span> <span class='ocrx_word' id='word_1_640' title='bbox 2927 4930 2982 4983; x_wconf 80' lang='grc' dir='ltr'>δὲ</span> <span class='ocrx_word' id='word_1_641' title='bbox 3027 4931 3087 4983; x_wconf 86' lang='grc' dir='ltr'><strong>τὸ</strong></span> <span class='ocrx_word' id='word_1_642' title='bbox 3123 4930 3383 5002; x_wconf 83' lang='grc' dir='ltr'>φρόνημα</span> <span class='ocrx_word' id='word_1_643' title='bbox 3423 4928 3740 4985; x_wconf 87' lang='grc' dir='ltr'>παύσασθαι</span> 
     </span>
    </p>
   </div>
   <div class='ocr_carea' id='block_1_96' title="bbox 2145 5022 3738 5096">
    <p class='ocr_par' dir='ltr' id='par_1_96' title="bbox 2145 5022 3738 5096">
     <span class='ocr_line' id='line_1_96' title="bbox 2145 5022 3738 5096; baseline 0.002 -21"><span class='ocrx_word' id='word_1_644' title='bbox 2145 5022 2246 5092; x_wconf 82' lang='grc' dir='ltr'><strong>τῆς</strong></span> <span class='ocrx_word' id='word_1_645' title='bbox 2297 5023 2529 5089; x_wconf 85' lang='grc' dir='ltr'>κακίας,</span> <span class='ocrx_word' id='word_1_646' title='bbox 2573 5023 2634 5076; x_wconf 83' lang='grc' dir='ltr'>οὑ</span> <span class='ocrx_word' id='word_1_647' title='bbox 2697 5023 2861 5092; x_wconf 86' lang='grc' dir='ltr'>μόνον</span> <span class='ocrx_word' id='word_1_648' title='bbox 2917 5024 3228 5094; x_wconf 85' lang='grc' dir='ltr'>ἄπρακτον,</span> <span class='ocrx_word' id='word_1_649' title='bbox 3282 5023 3419 5078; x_wconf 74' lang='grc' dir='ltr'>ἀλλὰ</span> <span class='ocrx_word' id='word_1_650' title='bbox 3460 5025 3556 5078; x_wconf 72' lang='grc' dir='ltr'><strong>καὶ</strong></span> <span class='ocrx_word' id='word_1_651' title='bbox 3617 5024 3738 5096; x_wconf 86' lang='grc' dir='ltr'>μεθ’</span> 
     </span>
    </p>
   </div>
   <div class='ocr_carea' id='block_1_97' title="bbox 2148 5110 3742 5188">
    <p class='ocr_par' dir='ltr' id='par_1_97' title="bbox 2148 5110 3742 5188">
     <span class='ocr_line' id='line_1_97' title="bbox 2148 5110 3742 5188; baseline 0.003 -23"><span class='ocrx_word' id='word_1_652' title='bbox 2148 5111 2362 5184; x_wconf 74' lang='grc' dir='ltr'>ὕϐρεως</span> <span class='ocrx_word' id='word_1_653' title='bbox 2399 5112 2588 5169; x_wconf 80' lang='grc' dir='ltr'>τοῦτον</span> <span class='ocrx_word' id='word_1_654' title='bbox 2619 5114 2954 5186; x_wconf 72' lang='grc' dir='ltr'>ἀπεπέμψω.</span> <span class='ocrx_word' id='word_1_655' title='bbox 2989 5113 3054 5167; x_wconf 85' lang='grc' dir='ltr'>Τί</span> <span class='ocrx_word' id='word_1_656' title='bbox 3094 5110 3186 5169; x_wconf 80' lang='grc' dir='ltr'><strong>οὖν</strong></span> <span class='ocrx_word' id='word_1_657' title='bbox 3211 5114 3501 5186; x_wconf 70' lang='grc' dir='ltr'>ποιητέον,</span> <span class='ocrx_word' id='word_1_658' title='bbox 3533 5115 3599 5171; x_wconf 79' lang='lat' dir='ltr'><strong>Ei</strong></span> <span class='ocrx_word' id='word_1_659' title='bbox 3628 5116 3742 5188; x_wconf 75' lang='grc' dir='ltr'><strong>γὰρ</strong></span> 
     </span>
    </p>
   </div>
   <div class='ocr_carea' id='block_1_98' title="bbox 1567 5283 2621 5347">
    <p class='ocr_par' dir='ltr' id='par_1_98' title="bbox 1567 5283 2621 5347">
     <span class='ocr_line' id='line_1_98' title="bbox 1567 5283 2621 5347; baseline 0.007 -7"><span class='ocrx_word' id='word_1_660' title='bbox 1567 5283 1802 5342; x_wconf 64' lang='grc' dir='ltr'>νΑιιιιΕ</span> <span class='ocrx_word' id='word_1_661' title='bbox 1843 5286 2229 5346; x_wconf 73' lang='lat' dir='ltr'><strong>LECTIONES</strong></span> <span class='ocrx_word' id='word_1_662' title='bbox 2265 5289 2354 5346; x_wconf 87' lang='lat' dir='ltr'><strong>ET</strong></span> <span class='ocrx_word' id='word_1_663' title='bbox 2387 5288 2621 5347; x_wconf 67' lang='lat' dir='ltr'><strong>NOTAE.</strong></span> 
     </span>
    </p>
   </div>
   <div class='ocr_carea' id='block_1_99' title="bbox 535 5450 2024 5534">
    <p class='ocr_par' dir='ltr' id='par_1_99' title="bbox 535 5450 2024 5534">
     <span class='ocr_line' id='line_1_99' title="bbox 535 5450 2024 5534; baseline 0.011 -32"><span class='ocrx_word' id='word_1_664' title='bbox 535 5450 642 5522; x_wconf 79' lang='grc'>(52)</span> <span class='ocrx_word' id='word_1_665' title='bbox 683 5450 1164 5534; x_wconf 53' lang='grc' dir='ltr'>Ρτοομογνῄσιος,</span> <span class='ocrx_word' id='word_1_666' title='bbox 1195 5467 1326 5534; x_wconf 80' lang='lat' dir='ltr'><strong>voce</strong></span> <span class='ocrx_word' id='word_1_667' title='bbox 1360 5456 1638 5534; x_wconf 80' lang='lat' dir='ltr'><strong>inusitata,</strong></span> <span class='ocrx_word' id='word_1_668' title='bbox 1669 5476 1867 5531; x_wconf 83' lang='lat' dir='ltr'><strong>repone</strong></span> <span class='ocrx_word' id='word_1_669' title='bbox 1897 5463 2024 5534; x_wconf 79' lang='grc' dir='ltr'><strong>ὀμὸο</strong></span> 
     </span>
    </p>
   </div>
   <div class='ocr_carea' id='block_1_100' title="bbox 459 5523 2031 5604">
    <p class='ocr_par' dir='ltr' id='par_1_100' title="bbox 459 5523 2031 5604">
     <span class='ocr_line' id='line_1_100' title="bbox 459 5523 2031 5604; baseline 0.011 -34"><span class='ocrx_word' id='word_1_670' title='bbox 459 5536 624 5604; x_wconf 67' lang='grc' dir='ltr'>γνιος,</span> <span class='ocrx_word' id='word_1_671' title='bbox 656 5523 809 5604; x_wconf 71' lang='lat' dir='ltr'><strong>quasi</strong></span> <span class='ocrx_word' id='word_1_672' title='bbox 836 5523 1138 5604; x_wconf 65' lang='grc' dir='ltr'>ὁμογένιος,</span> <span class='ocrx_word' id='word_1_673' title='bbox 1166 5530 1224 5604; x_wconf 81' lang='lat' dir='ltr'><strong>u_t</strong></span> <span class='ocrx_word' id='word_1_674' title='bbox 1249 5535 1302 5577; x_wconf 84' lang='lat' dir='ltr'><strong>et</strong></span> <span class='ocrx_word' id='word_1_675' title='bbox 1329 5529 1568 5604; x_wconf 73' lang='grc' dir='ltr'>γνήσιος,</span> <span class='ocrx_word' id='word_1_676' title='bbox 1601 5523 1754 5600; x_wconf 75' lang='lat' dir='ltr'><strong>quasi</strong></span> <span class='ocrx_word' id='word_1_677' title='bbox 1779 5523 2031 5604; x_wconf 73' lang='grc' dir='ltr'>γονήσιος</span> 
     </span>
    </p>
   </div>
   <div class='ocr_carea' id='block_1_101' title="bbox 459 5589 2002 5664">
    <p class='ocr_par' dir='ltr' id='par_1_101' title="bbox 459 5589 2002 5664">
     <span class='ocr_line' id='line_1_101' title="bbox 459 5589 2002 5664; baseline 0.011 -24"><span class='ocrx_word' id='word_1_678' title='bbox 459 5589 558 5664; x_wconf 75' lang='lat' dir='ltr'><strong>ve|_</strong></span> <span class='ocrx_word' id='word_1_679' title='bbox 581 5589 1012 5664; x_wconf 71' lang='grc' dir='ltr'>γενῄσιος.’Μοι</span> <span class='ocrx_word' id='word_1_680' title='bbox 1057 5607 1154 5660; x_wconf 90' lang='lat' dir='ltr'><strong>pro</strong></span> <span class='ocrx_word' id='word_1_681' title='bbox 1191 5589 1588 5664; x_wconf 77' lang='grc' dir='ltr'>ἀνειμήσασθαι</span> <span class='ocrx_word' id='word_1_682' title='bbox 1619 5589 1910 5656; x_wconf 61' lang='grc' dir='ltr'>ἰοιιιιιὺιιιιί</span> <span class='ocrx_word' id='word_1_683' title='bbox 1936 5606 2002 5657; x_wconf 85' lang='grc' dir='ltr'><strong>ἀν</strong></span> 
     </span>
    </p>
   </div>
   <div class='ocr_carea' id='block_1_102' title="bbox 457 5657 2005 5743">
    <p class='ocr_par' dir='ltr' id='par_1_102' title="bbox 457 5657 2005 5743">
     <span class='ocr_line' id='line_1_102' title="bbox 457 5657 2005 5743; baseline 0.01 -33"><span class='ocrx_word' id='word_1_684' title='bbox 457 5657 790 5743; x_wconf 57' lang='grc' dir='ltr'>εμύξασθαι,</span> <span class='ocrx_word' id='word_1_685' title='bbox 831 5663 974 5743; x_wconf 69' lang='lat' dir='ltr'><strong>quod</strong></span> <span class='ocrx_word' id='word_1_686' title='bbox 1015 5657 1246 5742; x_wconf 64' lang='lat' dir='ltr'><strong>euomere</strong></span> <span class='ocrx_word' id='word_1_687' title='bbox 1288 5657 1424 5743; x_wconf 54' lang='lat' dir='ltr'><strong>est&quot;;</strong></span> <span class='ocrx_word' id='word_1_688' title='bbox 1466 5669 1771 5743; x_wconf 88' lang='lat' dir='ltr'><strong>vel_potius</strong></span> <span class='ocrx_word' id='word_1_689' title='bbox 1821 5672 2005 5743; x_wconf 81' lang='grc' dir='ltr'>ἀνειλή</span> 
     </span>
    </p>
   </div>
   <div class='ocr_carea' id='block_1_103' title="bbox 461 5725 2034 5808">
    <p class='ocr_par' dir='ltr' id='par_1_103' title="bbox 461 5725 2034 5808">
     <span class='ocr_line' id='line_1_103' title="bbox 461 5725 2034 5808; baseline 0.013 -30"><span class='ocrx_word' id='word_1_690' title='bbox 461 5725 645 5784; x_wconf 84' lang='grc' dir='ltr'>σισθαι</span> <span class='ocrx_word' id='word_1_691' title='bbox 671 5733 739 5788; x_wconf 77' lang='lat' dir='ltr'><strong>ab</strong></span> <span class='ocrx_word' id='word_1_692' title='bbox 763 5725 1011 5803; x_wconf 78' lang='grc' dir='ltr'>ἀνέιλέω,</span> <span class='ocrx_word' id='word_1_693' title='bbox 1042 5732 1238 5804; x_wconf 83' lang='lat' dir='ltr'><strong>aperio,</strong></span> <span class='ocrx_word' id='word_1_694' title='bbox 1279 5733 1499 5804; x_wconf 76' lang='lat' dir='ltr'><strong>explica.</strong></span> <span class='ocrx_word' id='word_1_695' title='bbox 1545 5725 1805 5808; x_wconf 76' lang='lat' dir='ltr'><strong>suspecta</strong></span> <span class='ocrx_word' id='word_1_696' title='bbox 1846 5754 1901 5798; x_wconf 86' lang='lat' dir='ltr'><strong>ct</strong></span> <span class='ocrx_word' id='word_1_697' title='bbox 1945 5725 2034 5799; x_wconf 73' lang='lat' dir='ltr'><strong>illa</strong></span> 
     </span>
    </p>
   </div>
   <div class='ocr_carea' id='block_1_104' title="bbox 2140 5467 3738 5539">
    <p class='ocr_par' dir='ltr' id='par_1_104' title="bbox 2140 5467 3738 5539">
     <span class='ocr_line' id='line_1_104' title="bbox 2140 5467 3738 5539; baseline 0.006 -18"><span class='ocrx_word' id='word_1_698' title='bbox 2140 5483 2240 5522; x_wconf 76' lang='lat' dir='ltr'><strong>vox</strong></span> <span class='ocrx_word' id='word_1_699' title='bbox 2271 5467 2657 5539; x_wconf 76' lang='grc' dir='ltr'>ἐπεκάμασας,</span> <span class='ocrx_word' id='word_1_700' title='bbox 2694 5471 2836 5537; x_wconf 88' lang='lat' dir='ltr'><strong>quod</strong></span> <span class='ocrx_word' id='word_1_701' title='bbox 2887 5475 2971 5526; x_wconf 87' lang='lat' dir='ltr'><strong>est</strong></span> <span class='ocrx_word' id='word_1_702' title='bbox 3017 5468 3344 5536; x_wconf 79' lang='lat' dir='ltr'><strong>lasciviores,</strong></span> <span class='ocrx_word' id='word_1_703' title='bbox 3391 5468 3494 5524; x_wconf 88' lang='lat' dir='ltr'><strong>nisi</strong></span> <span class='ocrx_word' id='word_1_704' title='bbox 3533 5471 3738 5530; x_wconf 89' lang='lat' dir='ltr'><strong>rectius</strong></span> 
     </span>
    </p>
   </div>
   <div class='ocr_carea' id='block_1_105' title="bbox 2140 5539 3732 5609">
    <p class='ocr_par' dir='ltr' id='par_1_105' title="bbox 2140 5539 3732 5609">
     <span class='ocr_line' id='line_1_105' title="bbox 2140 5539 3732 5609; baseline 0.003 -16"><span class='ocrx_word' id='word_1_705' title='bbox 2140 5550 2224 5593; x_wconf 84' lang='lat' dir='ltr'><strong>est</strong></span> <span class='ocrx_word' id='word_1_706' title='bbox 2247 5540 2672 5609; x_wconf 82' lang='grc' dir='ltr'>έπεπόμπασας.</span> <span class='ocrx_word' id='word_1_707' title='bbox 2704 5541 3041 5596; x_wconf 85' lang='lat' dir='ltr'><strong>Eruditiores</strong></span> <span class='ocrx_word' id='word_1_708' title='bbox 3070 5541 3436 5595; x_wconf 85' lang='lat' dir='ltr'><strong>aestimabunt.</strong></span> <span class='ocrx_word' id='word_1_709' title='bbox 3491 5539 3732 5598; x_wconf 79' lang='lat' dir='ltr'><strong>SCHOT&#39;I&#39;.</strong></span> 
     </span>
    </p>
   </div>
   <div class='ocr_carea' id='block_1_106' title="bbox 2213 5609 3735 5681">
    <p class='ocr_par' dir='ltr' id='par_1_106' title="bbox 2213 5609 3735 5681">
     <span class='ocr_line' id='line_1_106' title="bbox 2213 5609 3735 5681; baseline 0.005 -19"><span class='ocrx_word' id='word_1_710' title='bbox 2213 5609 2326 5678; x_wconf 76' lang='lat'>(33)</span> <span class='ocrx_word' id='word_1_711' title='bbox 2369 5609 2474 5681; x_wconf 73' lang='lat' dir='ltr'><strong>Pro</strong></span> <span class='ocrx_word' id='word_1_712' title='bbox 2503 5613 2810 5681; x_wconf 83' lang='grc' dir='ltr'>κρείττονος</span> <span class='ocrx_word' id='word_1_713' title='bbox 2843 5613 2998 5668; x_wconf 85' lang='lat' dir='ltr'><strong>codd.</strong></span> <span class='ocrx_word' id='word_1_714' title='bbox 3038 5610 3159 5667; x_wconf 84' lang='lat' dir='ltr'><strong>Vat.</strong></span> <span class='ocrx_word' id='word_1_715' title='bbox 3187 5610 3292 5666; x_wconf 80' lang='lat'><strong>650</strong></span> <span class='ocrx_word' id='word_1_716' title='bbox 3325 5622 3379 5667; x_wconf 78' lang='lat' dir='ltr'><strong>et</strong></span> <span class='ocrx_word' id='word_1_717' title='bbox 3408 5611 3520 5668; x_wconf 86' lang='lat' dir='ltr'><strong>All.</strong></span> <span class='ocrx_word' id='word_1_718' title='bbox 3552 5614 3735 5680; x_wconf 64' lang='lat' dir='ltr'><strong>legunt</strong></span> 
     </span>
    </p>
   </div>
   <div class='ocr_carea' id='block_1_107' title="bbox 2145 5679 3268 5751">
    <p class='ocr_par' dir='ltr' id='par_1_107' title="bbox 2145 5679 3268 5751">
     <span class='ocr_line' id='line_1_107' title="bbox 2145 5679 3268 5751; baseline 0.01 -20"><span class='ocrx_word' id='word_1_719' title='bbox 2145 5682 2411 5751; x_wconf 83' lang='grc' dir='ltr'>κρεῖττον.</span> <span class='ocrx_word' id='word_1_720' title='bbox 2449 5679 2658 5739; x_wconf 73' lang='lat' dir='ltr'><strong>Possm.</strong></span> <span class='ocrx_word' id='word_1_721' title='bbox 3259 5694 3268 5703; x_wconf 87' lang='lat'><strong><em>‘</em></strong></span> 
     </span>
    </p>
   </div>
  </div>
