4078 6400
420 348 554 411 ιῖἓ35

1592 350 1652 409 S.
1697 348 1992 410 ISIDORI
2029 349 2471 412 PELUSIOT/E

3565 342 3700 410 1336

416 454 723 524 liarumque
751 452 917 526 558
946 453 1111 510 etiam
1146 454 1399 510 interitus
1429 464 1785 510 enascuntur.
1827 456 2008 512 Taceo

2128 457 2418 522 τίκτονται,
2448 455 2544 510 καὶ
2575 457 2632 512 αἱ
2657 455 2765 510 τῶν
2795 456 2960 512 οἴκων
3000 455 3326 530 ἀνατροπαί.
3358 454 3558 511 Σιωπῶ
3592 457 3704 529 γὰρ

424 545 603 599 adhuc
625 559 655 598 a
685 544 840 601 nobis
878 544 1043 602 etiam
1077 554 1205 602 ante
1226 561 1362 617 opus
1391 546 1569 618 ipsum
1611 548 1688 602 uti
1730 550 2007 604 moechum

417 634 748 702 puniendum
779 647 923 699 esse,
959 634 1050 705 qui
1082 634 1373 693 libidinose
1403 636 1823 707 contemplatur.
1861 636 2010 692 Sileo

416 741 631 799 quoque
654 726 891 799 (quando
919 734 1099 783 tecum
1131 728 1266 784 mihi
1302 744 1397 785 res
1418 737 1525 795 est,
1548 729 1640 799 qui
1673 729 1848 784 sacris
1880 725 2000 783 Lit-

419 821 549 876 teris
576 835 682 876 non
710 819 842 875 satis
871 820 1030 876 tidem
1051 820 1358 893 adhibeas),
1382 820 1733 877 Demostheni
1761 829 2011 891 prompte

417 910 565 967 credi
605 911 806 968 dicenti
841 927 853 961 :
896 931 915 965 ι
953 911 1142 978 Scito,
1186 913 1442 983 inquam,
1487 912 1630 968 bone
1657 912 1761 981 vir,
1788 927 1855 969 ne
1884 927 2009 968 ora-

419 1013 591 1059 torem
622 1003 839 1074 quidem
883 1003 1060 1074 ipsum
1093 1004 1145 1058 id
1180 1005 1484 1075 ignorasse,
1509 1005 1604 1060 sed
1629 1013 1819 1075 aperte
1851 1002 2006 1061 voci-

419 1092 652 1151 feratum
685 1113 698 1147 :
748 1090 1161 1162 Quotidianam,
1208 1094 1408 1164 inquit,
1434 1095 1705 1166 segnitiem
1739 1111 1801 1150 ac
1824 1111 2007 1151 socor-

417 1187 584 1252 diam,
616 1195 675 1243 ut
712 1188 769 1241 in
788 1189 1000 1259 privata
1034 1189 1165 1254 vita,
1216 1188 1295 1243 sic
1342 1188 1509 1244 etiam
1546 1188 1605 1244 in
1639 1187 1884 1260 urbibus,
1904 1204 2011 1245 non

419 1278 476 1332 in
504 1277 729 1349 singuiis
755 1294 874 1348 quae
911 1279 1273 1351 negliguntur,
1306 1279 1490 1334 statim
1513 1278 1888 1346 animadverti,
1918 1280 2009 1334 sed

419 1370 476 1423 in
516 1385 723 1425 summa
774 1386 954 1424 rerum
996 1385 1297 1426 occurrere.
1347 1387 1368 1423 ι
1427 1368 1611 1436 Quare
1636 1368 1685 1424 si
1718 1368 1872 1424 illum
1904 1367 2012 1424 title

421 1460 644 1531 dignum
675 1460 903 1528 dixeris,
936 1461 1103 1516 etiam
1133 1461 1220 1517 hic
1250 1459 1609 1532 persuaserit,
1641 1473 1811 1531 parva
1839 1460 2007 1516 etiam

422 1560 645 1619 peccata
690 1552 978 1608 resecanda
1028 1552 1254 1617 ducens,
1302 1566 1370 1607 ne
1429 1551 1637 1620 majora
1688 1550 1787 1607 tibi
1842 1551 2014 1631 impef

424 1651 569 1700 rent.

815 1759 1006 1816 XVIII.
1034 1789 1103 1801 —
1126 1759 1357 1816 ESAIJ‘E
1390 1758 1625 1815 MILITI.

2108 548 2267 615 τέως,
2296 549 2377 603 ὅτι
2409 549 2544 619 παρ’
2572 550 2707 620 ἡμῖν
2737 549 2832 604 καὶ
2867 550 2971 622 πρὸ
3000 551 3101 622 τῆς
3144 549 3399 621 πράξεως
3428 551 3456 604 6
3497 549 3703 603 ἀκολά-

2113 657 2257 705 στως
2281 639 2445 713 ὁρῶν,
2470 640 2547 703 ὡς
2574 641 2760 713 μοιχὸς
2787 641 3095 708 κολάζεται.
3137 641 3336 696 Σιωπῶ
3362 641 3439 705 δὲ,
3461 641 3541 695 ὅτι
3565 641 3709 713 πρὸς

2114 732 2173 785 σέ
2208 749 2298 803 μοι
2331 732 2429 787 νῦν
2469 733 2498 786 6
2523 732 2701 802 λόγος,
2728 732 2821 787 τδν
2847 735 2971 798 ταῖς
3001 734 3176 809 ἱεραῖς
3209 733 3310 803 μὲν
3335 734 3584 804 Γραφαῖς
3626 726 3713 804 μὴν

2110 819 2477 883 πιστεύοντα,
2518 820 2851 892 Δημοσθένει
2888 822 2947 876 δὲ
2984 822 3244 893 ἐκθύμως
3283 821 3572 876 πείθεσθαι
3615 822 3708 875 λέ-

2111 926 2298 978 γοντα.
2354 909 2495 963 ’Ἱσθι
2548 911 2759 978 τοίνυν,
2801 905 2846 966 ὧ
2887 911 3132 983 βέλτιστε
3156 953 3173 978 ,
3222 912 3455 967 61t066é
3496 914 3709 968 ἐκεῖνον

2111 1001 2171 1055 τὸ
2214 1000 2428 1056 τοιοῦτο
2471 1002 2716 1057 διέλαθεν
2735 1044 2750 1070 ,
2777 1003 2917 1059 ἀλλὰ
2943 1005 3244 1078 διαρρήδην
3271 1005 3374 1078 βοᾷ
3399 1021 3413 1036 ⁸
3482 1005 3555 1060 Ἦ
3575 1005 3710 1058 καθ’

2112 1092 2344 1164 ἡμέραν
2356 1093 2648 1164 ῥᾳστώνη
2678 1095 2778 1150 καὶ
2804 1097 3071 1169 ῥᾳθυμία
3088 1138 3104 1165 ,
3143 1087 3350 1167 ὤᾶπερ
3382 1089 3508 1163 τοῖς
3537 1096 3715 1163 ἰδίοις

2106 1187 2292 1254 βίοις,
2311 1187 2467 1243 οὕτω
2487 1186 2605 1244 κᾶν
2620 1188 2751 1257 ταῖς
2770 1191 3037 1247 πόλεσιν
3053 1193 3165 1246 οὐκ
3181 1192 3282 1261 ἀφ’
3302 1189 3566 1245 ἑκάστου
3590 1187 3717 1242 τῶν

2112 1278 2544 1351 ἀμελουμένων
2594 1280 2760 1336 ποιεῖ
2794 1281 2912 1352 τὴν
2940 1282 3236 1352 αἴσθησιν
3279 1281 3530 1348 εὐθέως,
3566 1279 3715 1335 ἀλλ’

2112 1371 2212 1426 ἐπὶ
2242 1369 2325 1438 τῷ
2358 1372 2667 1442 κεφαλαίῳ
2716 1371 2839 1428 τῶν
2889 1374 3248 1444 πραγμάτων
3295 1371 3535 1438 ἀπαντᾷ
3573 1371 3713 1439 (38).

2114 1467 2178 1522 Et
2213 1466 2393 1523 τοίνυν
2419 1467 2734 1533 ἀξιόπιστον
2768 1467 2932 1522 αὑτὸν
2963 1470 3093 1539 ἡγῇ,
3137 1465 3242 1522 κᾶν
3276 1465 3427 1537 αὐτῷ
3471 1464 3712 1530 πείθοιο,

2113 1559 2208 1613 καὶ
2245 1558 2315 1614 τὰ
2338 1559 2514 1632 μικρὰ
2550 1560 2852 1634 περικοπτε
2885 1559 3228 1630 πταίσματα,
3259 1557 3348 1612 ῑνα
3378 1557 3448 1611 τὰ
3490 1548 3712 1628 μεγάλα

2117 1649 2251 1722 μηδὲ
2282 1650 2458 1724 ἀρχὴν
2487 1650 2724 1707 λάϐοιεν.

2455 1766 2565 1823 nr.
2601 1793 2674 1807 --
2707 1762 2919 1836 ΗΣΔΙᾼ
2957 1761 3365 1834 ΣΤΡΑΤΙΩΤῌ.

929 1874 1161 1946 Quisque
1180 1892 1245 1932 ea:
1265 1894 1363 1933 suo
1392 1877 1570 1931 animo
1589 1875 1801 1945 judicat
1832 1874 1898 1930 de
1943 1874 2022 1930 ali

2143 1876 2270 1934 Vide
2300 1879 2449 1950 epist.
2488 1876 2617 1945 225,
2652 1879 2780 1946 398,
2841 1888 2892 1936 et
2930 1879 3058 1935 550.

497 1994 753 2050 Mortales
798 1992 1121 2064 plerumque
1143 2008 1210 2050 ex
1257 1993 1374 2049 suis
1425 1993 1586 2048 rebus
1601 1991 1765 2048 etiam
1799 1992 1864 2046 de
1900 1990 2022 2048 aliis

2196 1991 2391 2046 Πολλοὶ
2443 1992 2554 2047 τῶν
2608 1991 2913 2064 ἀνθρώπων
2956 1990 3021 2043 ὲκ
3050 1988 3159 2043 τῶν
3190 1988 3312 2043 καθ’
3350 1985 3579 2050 ἑαυτοὺς
3620 1988 3720 2040 καὶ

420 2083 688 2155 judicium
716 2085 920 2142 ferunt.
952 2086 1053 2153 Qui
1082 2085 1227 2141 enim
1270 2085 1514 2157 pecunia:
1562 2084 1828 2141 habendae
1863 2084 2021 2156 cupi-

2123 2083 2255 2155 περὶ
2283 2084 2395 2139 τῶν
2424 2084 2601 2140 ἄλλων
2627 2082 2727 2149 τὰς
2756 2084 2972 2155 ψήφους
3002 2081 3352 2153 ἐκφέρουσιν.
3391 2078 3449 2133 Ὀ
3483 2078 3583 2150 μὲν
3604 2076 3724 2147 γὰρ

425 2181 525 2233 dus
576 2187 682 2245 est,
723 2177 997 2234 neminem
1047 2178 1347 2233 arbitratur
1374 2191 1542 2248 egere
1572 2194 1585 2232 :
1627 2176 1779 2232 salax
1810 2189 1943 2233 vero
1970 2183 2022 2233 et

2128 2176 2535 2250 φιλοχρήματος
2562 2178 2624 2232 οὒ
2658 2177 2902 2231 πιστεύει
2935 2171 3074 2232 εἶναι
3098 2190 3222 2229 τινα
3247 2173 3553 2245 ἅκτήμονα,
3595 2167 3723 2222 οὐδὲ

424 2268 753 2340 impudicus,
785 2269 1159 2326 continentem
1192 2268 1492 2326 neminem.
1528 2267 1788 2324 immanis
1812 2276 1868 2323 et
1891 2282 2021 2323 eru-

426 2359 562 2415 delis
593 2359 803 2416 nullum
830 2369 982 2431 putat
1013 2361 1308 2416 humanum
1338 2357 1608 2416 exsistere
1634 2378 1651 2416 :
1681 2370 1860 2430 neque
1891 2372 2023 2415 ava-

427 2466 525 2507 rus
559 2452 972 2511 misericordem
1003 2464 1096 2509 aut
1137 2452 1442 2509 liberalem.
1488 2452 1690 2510 Contra
1722 2468 1855 2509 vero
1889 2465 2024 2510 tem-

429 2559 631 2614 perans
662 2546 864 2604 multos
894 2548 978 2603 sui
1022 2545 1227 2604 similes
1254 2545 1508 2618 agnoscit
1536 2562 1549 2599 :
1579 2545 1827 2618 indigens
1869 2547 2023 2602 simi-

434 2636 563 2691 liter
593 2652 653 2692 ae
685 2639 1082 2707 perhumanns.
1107 2637 1473 2704 Quamobrem
1519 2636 1566 2692 si
1595 2643 1784 2693 contra
1831 2650 2024 2693 omnes

422 2726 760 2794 iudicaveris
790 2730 917 2803 (nec
941 2731 1089 2786 enim
1141 2730 1285 2787 idem
1341 2731 1409 2787 de
1452 2728 1707 2794 omnibus
1745 2739 1830 2786 est
1854 2726 2002 2798 judi-

429 2820 597 2887 cium,
632 2830 692 2876 ut
722 2830 867 2879 recte
892 2822 1137 2893 dicitur),
1166 2820 1304 2878 nihil
1341 2821 1698 2878 admiramur.
1730 2818 2023 2877 Consenta-

432 2925 596 2966 neum
637 2919 721 2969 est
753 2920 807 2970 et
837 2912 981 2970 idem
1018 2913 1115 2969 tibi
1150 2913 1461 2970 usuvenire.

967 3025 1115 3083 ΧΙΧ.
1146 3057 1216 3068 -
1239 3026 1473 3084 EIDEM.

2124 2269 2154 2322 6
2182 2268 2420 2340 ἀσελγὴς
2455 2269 2729 2341 σώφρονα,
2765 2268 2890 2324 οὐδὲ
2931 2269 2961 2321 6
2988 2266 3138 2339 ὠμὸς
3170 2265 3574 2336 φιλάνθρωπον,
3618 2260 3723 2332 οὐχ

2124 2363 2155 2416 6
2200 2361 2530 2436 πλεονέκτης
2580 2363 2850 2434 ἐλεήμονα
2870 2378 2885 2395 ’
2928 2362 3025 2417 καὶ
3056 2357 3369 2416 τούναντίον
3413 2359 3442 2411 6
3484 2354 3724 2426 σώφρων

2129 2454 2357 2519 πολλοὺς
2413 2451 2553 2510 εἶναι
2608 2455 2883 2520 τοιούτους
2932 2452 3183 2526 νομίζει,
3238 2451 3334 2505 καὶ
3384 2450 3414 2502 6
3452 2447 3724 2518 ἀκτήμων

2128 2548 2354 2620 ὁμοίως,
2389 2548 2487 2603 καὶ
2514 2550 2543 2603 6
2567 2548 2951 2621 φιλάνθρωπος
2971 2564 2985 2579 ·
3017 2548 3067 2601 εἰ
3092 2545 3275 2599 τοίνυν
3311 2541 3531 2596 πάντων
3555 2554 3728 2592 κατα-

2127 2640 2343 2713 ψηφίσῃ
2380 2640 2516 2713 (59),
2543 2641 2574 2693 ὁ
2595 2639 2695 2713 τὴν
2715 2639 2896 2711 ψῆφον
2923 2639 3095 2711 αὐτὴν
3125 2637 3266 2709 ἔχων
3295 2634 3448 2707 παρὰ
3468 2632 3721 2696 πάντων,

2130 2736 2207 2802 ὥς
2246 2755 2403 2808 φασι,
2431 2737 2659 2803 δικαίως
2706 2737 2766 2791 οὐ
2798 2734 3180 2807 θαυμάζομεν.
3213 2732 3287 2787 Τὸ
3306 2729 3417 2801 γὰρ
3442 2726 3590 2791 εῑκδς
3625 2723 3727 2779 καὶ

2130 2828 2224 2883 ἐπὶ
2257 2827 2343 2883 σοὶ
2376 2827 2715 2900 συμϐέϐηκε.

2651 3029 2754 3085 ιθι.
2784 3057 2855 3073 -
2880 3028 2969 3101 τι)
3001 3027 3215 3099 intra;

863 3140 1252 3213 Insurgendum
1284 3151 1468 3200 contra
1502 3143 1671 3198 animi
1702 3144 1846 3198 uitia.
1898 3139 2082 3197 Victus
2117 3159 2259 3217 saepe
2304 3146 2472 3202 evasit
2512 3145 2698 3200 victor.
2732 3141 2951 3213 Confer.
3000 3141 3126 3210 £67,
3165 3137 3292 3195 556.

506 3256 662 3311 Multi
708 3255 946 3327 prolapsi
995 3269 1059 3313 ac
1101 3257 1279 3313 denuo
1303 3256 1692 3329 resipiscentes
1723 3264 1929 3324 tropaea
1966 3253 2022 3310 dt

2213 3257 2408 3313 [Ιολλοὶ
2436 3256 2768 3320 πταίσαντες
2798 3254 2894 3308 καὶ
2931 3250 3454 3325 ἁναμαχησάμενοι,
3488 3245 3732 3319 τρόπαια

438 3350 603 3407 animi
637 3349 1135 3420 perturbationibus
1163 3351 1572 3407 constituerunt
1605 3365 1621 3404 :
1653 3363 1683 3405 a
1707 3347 1908 3420 quibus
1932 3362 2031 3403 an-

442 3452 528 3499 tea
560 3442 736 3499 victos
764 3457 822 3499 se
851 3441 1082 3513 professi
1111 3450 1287 3497 erant.
1319 3441 1375 3497 Si
1401 3443 1589 3512 itaque
1611 3450 1667 3496 et
1697 3449 1753 3495 tu
1786 3453 2034 3509 saepenu-

2130 3347 2369 3422 ἔστησαν
2408 3348 2551 3404 κατὰ
2591 3347 2702 3402 τῶν
2735 3345 2923 3401 παθῶν
2946 3362 2960 3377 ·
2999 3343 3085 3414 ἐφ’
3114 3335 3191 3399 ὧν
3220 3339 3487 3413 πρότερον
3526 3336 3727 3409 ὁμολο-

2130 3443 2405 3514 γήσαντες
2420 3435 2561 3512 ἦσαν
2584 3437 2684 3512 τήν
2704 3432 2894 3510 ἧτταν.
2923 3436 2988 3490 Et
3013 3433 3193 3490 τοίνυν
3215 3432 3311 3488 καὶ
3337 3429 3501 3494 αὐτὸς
3522 3426 3730 3483 πολλὰ·

440 3551 591 3591 mero
621 3534 917 3607 deliquisti,
944 3533 1371 3591 imbecillitatem
1400 3546 1700 3607 agnoscens
1727 3541 1896 3595 tuam,
1918 3529 2022 3586 redi

2133 3551 2222 3599 κις
2255 3533 2557 3600 ἔπταισας,
2590 3528 3036 3601 γνωσιμάχησον.

442 3630 495 3684 in
526 3628 692 3684 viam.

963 3741 1083 3797 XX.
1134 3770 1203 3782 -—
1236 3737 1487 3797 PETRO.

2691 3730 2778 3785 ιιι.
2815 3756 2883 3769 -
2918 3724 3165 3797 ΠΕΤΡῼ.

444 3861 642 3918 Orator
674 3875 779 3914 non
809 3861 1011 3930 semper
1038 3859 1344 3928 persuadet,
1384 3864 1600 3928 propter
1628 3854 2022 3930 liherum‘gudit

2128 3853 2496 3930 t_qr_bit_riunt.
2533 3846 2692 3917 Conf.
2720 3863 2804 3915 ep.
2828 3844 2923 3911 42,
2951 3841 3105 3911 2l9,,
3125 3839 3256 3907 250,
3284 3836 3412 3903 441,
3442 3834 3571 3902 521,
3600 3832 3733 3900 557,

1642 3924 1766 3994 568,
1806 3924 1934 3992 569,
1965 3932 2014 3981 et
2052 3940 2137 3994 ep.
2162 3924 2290 3992 205,
2322 3924 2414 3977 lib.
2456 3936 2531 3978 tv.

515 4043 777 4114 Ignorare
797 4042 931 4099 mihi
958 4040 1182 4108 videris,
1212 4040 1354 4097 bone
1398 4039 1504 4107 vir,
1545 4053 1653 4097 non
1686 4046 1899 4095 tantum
1934 4035 2034 4093 ad-

445 4136 721 4192 monentis
740 4134 927 4191 valere
955 4132 1346 4205 eloquentiam,
1372 4139 1636 4202 quantum
1684 4130 1911 4202 probam
1936 4129 2030 4185 in-

445 4226 622 4283 dolem
657 4226 776 4295 eius
797 4226 897 4297 qui
919 4225 1261 4282 admonetur.
1277 4221 1599 4278 Persuaderi
1632 4222 1780 4277 enim
1805 4229 1899 4276 aut
1926 4233 2035 4275 non

447 4319 786 4390 persuaderi,
830 4318 885 4374 in
916 4317 1036 4389 ejus
1063 4323 1147 4373 est
1183 4315 1411 4372 arbitrio
1445 4322 1501 4371 et
1547 4313 1701 4384 quasi
1734 4312 2034 4369 dominatu.

446 4412 585 4469 Nam
613 4411 865 4470 omnibus
894 4419 954 4466 ut
981 4413 1363 4482 persuaderet,
1416 4421 1485 4464 ne
1524 4406 1774 4462 Christus
1815 4403 2035 4474 quidem

2215 4037 2562 4101 Κινδυνεύεις
2610 4034 2856 4103 ἀγνοεῖν,
2887 4023 2933 4084 ὧ
2969 4027 3209 4101 μακάριε
3228 4066 3243 4092 ,
3269 4025 3354 4080 ὅτι
3390 4023 3450 4077 οὐ
3479 4018 3739 4075 τοσοῦτον

2139 4127 2174 4196 ἡ
2208 4125 2473 4200 φρόνησις
2513 4121 2609 4177 τοῦ
2639 4121 2912 4189 λέγοντος,
2939 4115 3059 4171 οὐδὲ
3088 4116 3123 4187 ἡ
3153 4112 3456 4201 εὐγλωττεα
3480 4109 3577 4165 τοῦ
3622 4125 3738 4164 πα-

2147 4214 2458 4291 ραινοῦντος
2500 4214 2726 4269 δύναται
2773 4211 2866 4266 τὸν
2903 4208 3168 4265 πταίοντα
3217 4204 3573 4276 δυσωπῆσαι,
3608 4203 3741 4257 ὅσον

2144 4309 2242 4367 τοῦ
2305 4304 2812 4379 συμϐουλευομένου
2865 4304 2900 4375 ή
2967 4299 3386 4371 εὐγνωμοσύνη.
3453 4293 3562 4350 Τοῦ
3626 4293 3742 4365 γὰρ

2148 4400 2442 4471 πεισθῆναι
2474 4398 2572 4453 καὶ
2621 4396 2718 4469 μὴ,
2751 4393 2917 4458 αὐτὸς
2943 4391 3135 4464 κύριος
3166 4387 3527 4456 καθέστηκεν.
3565 4386 3630 4440 Ei
3682 4385 3743 4471 δε

448 4506 725 4578 prmtitit.
743 4502 897 4572 Quod
937 4469 1274 4573 sifnegahis,
1322 4469 1575 4571 exemplo
1617 4512 1726 4554 uno
1767 4469 1920 4563 usus,
1954 4509 2019 4552 cu

2149 4469 2400 4557 ἀπιστεῖς
2422 4531 2439 4558 ,
2489 4489 2573 4545 ἑνὶ
2615 4486 3028 4578 παραδείγματι
3089 4481 3207 4578 (ιο)
3258 4478 3640 4578 χρησαμενος,

449 4598 683 4655 alterum
740 4596 952 4653 nullum
1002 4609 1269 4666 opponas,
1327 4592 1488 4648 ﬁdem
1541 4590 1722 4647 facere
1771 4586 2034 4646 conabor.

450 4687 583 4757 Quis
607 4689 778 4757 enim,
809 4688 1025 4755 amabo,
1083 4695 1179 4742 aut
1229 4684 1414 4742 divino
1452 4682 1634 4740 Verbo
1671 4678 2039 4752 eloquentior,

451 4788 546 4837 aut
572 4781 695 4852 quis
720 4778 988 4849 sapientia
1016 4776 1314 4849 sapientior
1354 4773 1584 4841 exstitit,
1629 4787 1748 4842 quas
1800 4780 1881 4828 tot
1921 4780 2041 4826 tan-

2144 4587 2331 4659 ἕτερον
2359 4582 2514 4639 οὐδὲν
2539 4579 2961 4654 παραϐληθῆναι
2992 4576 3315 4647 δυνήσεται,
3348 4573 3535 4625 πεῖσαι
3580 4569 3746 4639 δυνή-

2147 4693 2333 4750 σομαι.
2377 4675 2446 4729 Τί
2482 4675 2591 4745 γὰρ
2610 4671 2706 4726 τοῦ
2778 4669 2955 4739 Λόγου
2985 4665 3448 4738 ὲλλογιμώτερον,
3481 4661 3515 4734 ἢ
3551 4661 3605 4714 τί
3640 4661 3743 4732 τῆς

2149 4766 2341 4838 σοφίας
2372 4763 2681 4837 σοφώτερον
2705 4761 2805 4832 τῆς
2831 4758 3074 4814 τοσαῦτα
3102 4759 3199 4813 καὶ
3227 4752 3531 4827 τηλικαῦτα
3562 4751 3744 4823 φησά-

454 4846 617 4946 taque
662 4846 933 4944 proforret
974 4846 1142 4928 verba
1184 4878 1241 4927 et
1292 4866 1633 4927 blandientia
1678 4865 1962 4936 mitisque,
1986 4877 2019 4919 e

2152 4877 2255 4931 σης
2276 4857 2390 4933 (41)
2418 4859 2515 4913 καὶ
2539 4855 2788 4931 προσηνῆ
2824 4853 2920 4908 καὶ
2948 4851 3278 4924 δραστήρια,
3308 4848 3452 4902 ὥστε
3486 4846 3744 4901 ἀναστεῖ-

1557 5041 1798 5100 VARUS
1837 5038 2236 5100 LECTIONES
2276 5035 2364 5093 ET
2400 5033 2631 5093 NOTIE.

527 5207 643 5281 ('58)
695 5204 1071 5264 Demosthenis
1118 5203 1267 5261 locus
1321 5210 1406 5257 est
1463 5198 1745 5270 Philippic.
1802 5197 1837 5253 5
1875 5206 1931 5253 et
1981 5197 2037 5253 4.

457 5280 790 5424 ὃῦῗὲξῦτρῐρ
818 5344 1176 5424 καταψηρίσῃ
1216 5340 1374 5398 codd.
1412 5340 1540 5397 Vat.
1575 5338 1682 5398 650
1721 5350 1777 5397 et
1815 5337 1922 5395 Alt.
1960 5337 2040 5393 le-

459 5415 1034 5494 ειιξι-ι.ᾆιιπιτοιιιςηφίζει.Δ
1048 5415 1260 5494 P_os'sttt.

530 5490 643 5564 (ιο)
685 5479 1392 5564 Ἐνῖϊὰαςραδειαςματικῡε
1418 5479 1551 5537 Juda
1580 5481 1873 5564 proditore,
1905 5486 2044 5564 ιοιοῖ-

461 5547 567 5648 que
611 5547 714 5615 hoc
753 5547 1074 5629 argumento
1097 5547 1258 5635 '_bene
1301 5551 1515 5634 longam
1562 5547 1885 5633 doctamque
1928 5547 2045 5619 lege

463 5636 524 5702 δ.
549 5626 743 5702 lsidori
770 5629 928 5702 epist.
949 5622 1182 5702 205__lt_b.
1216 5620 1702 5702 tv._(}_hrtstu_m.att
1724 5634 1837 5675 suts
1861 5619 2045 5699 admo-

465 5700 760 5755 nitionibus
804 5690 873 5751 ac
910 5693 1189 5751 blanditiis
1242 5691 1373 5746 nihil
1415 5690 1750 5762 profecisse,
1797 5690 2044 5762 quamvis

465 5769 630 5833 verba
662 5767 932 5837 proferret
960 5762 1264 5836 ejusmodi,
1301 5759 1432 5835 quae
1464 5760 1552 5821 vel
1581 5759 1775 5833 lapidis
1808 5759 1919 5817 vim
1947 5773 2045 5815 na~

2151 5205 2435 5260 turamqne
2486 5189 2976 5260 intlectere__pos_se
3026 5186 3390 5260 vitlerentur._
3436 5182 3639 5260 Confer
3680 5191 3743 5260 et

2147 5268 2309 5347 epist.
2337 5254 2602 5347 δεξιῷ-ι
2638 5270 2695 5347 εει
2733 5254 2829 5347 [πθ
2860 5255 2955 5347 tab,-
3098 5255 3240 5347 tes.
3267 5254 3424 5347 δι’.ἥῖ
3444 5255 3616 5347 re“:

2148 5325 2382 5462 {Sicst
2412 5329 2712 5413 dEt6xpstb;
2739 5333 2859 5384 ἐστι
2887 5327 3066 5411 λόγος.
3119 5327 3262 5382 Idem
3296 5326 3534 5382 lsitlorus
3566 5325 3618 5378 in
3653 5325 3741 5376 illa

2148 5406 2183 5461 Ξ
2223 5406 2257 5463 5
2298 5412 2459 5475 epist.
2499 5404 2621 5475 ltbrt
2649 5415 2701 5455 tv
2742 5408 2800 5475 et
2839 5412 3085 5475 proxima
3121 5398 3189 5452 ad
3237 5397 3484 5475 eumdem
3510 5394 3742 5475 .modum

2150 5478 2232 5546 sic
2278 5465 2488 5546 extulit.
2542 5471 2636 5546 Διὸ
2680 5471 2775 5546 καὶ
2806 5465 3189 5546 κρίσεως
3237 5465 3456 5546 βέϐαιος
3489 5465 3744 5546 ’ὑπάρχει

2149 5545 2330 5617 λόγος.
2362 5544 2463 5617 llic
2482 5544 2645 5617 etiam
2676 5541 2770 5617 τον
2796 5536 3068 5617 ἀκούοντα
3099 5537 3290 5617 κύριον
3320 5536 3461 5590 male
3489 5536 3744 5589 iteratum

2151 5633 2181 5672 a
2208 5606 2468 5679 librariis,
2500 5628 2532 5668 e
2558 5612 2834 5683 prioribus
2859 5606 3495 5683 correttimtts:_§cnor'r.

2225 5684 2338 5755 (il)
2374 5676 2573 5756 Φησάσ
2604 5700 2630 5746 ς
2652 5680 2813 5737 ambo
2837 5681 2993 5739 codd.
3025 5678 3146 5737 Vat.
3180 5676 3287 5735 650
3315 5686 3371 5737 et
3394 5677 3507 5735 Alt.
3530 5681 3747 5733 mutant

2234 5753 2543 5810 ωοασάσης.
2563 5700 2788 5810 ἲτοεεὶιη.

2154 5757 2209 5816 in
2232 5750 2551 5837 tppétadtc'qg.
2575 5750 2788 5813 Possint.
