4078 6372
334 331 471 402 1337

1288 337 1826 403 ΕΡΙΞΤΟΙιΑΒΗΜ
1862 342 2011 404 LIB.
2050 343 2120 405 V.
2150 367 2221 380 --
2256 343 2494 406 EPIST.
2527 346 2723 408 XXII.

3485 347 3623 416 1338

332 456 424 508 λαι
441 451 536 505 τοῦ
564 449 737 506 ’ἰούδα
767 448 869 520 τὴν
894 448 1352 521 φιλοχρηματίαν,
1372 452 1565 525 καὶμὴ
1589 452 1871 526 ἀνυσάσης
1895 472 1911 522 ;

2042 454 2313 524 efﬁcacia,
2340 466 2400 512 ut
2419 456 2573 514 luds:
2603 456 2867 528 proditori
2896 457 3111 529 eripere
3140 457 3384 514 avaritia
3412 460 3621 518 crimen

331 546 396 599 οὐ
431 542 585 616 παρά
624 542 724 614 τὴν
753 541 964 597 οίκείαν
1007 539 1294 596 ἀσθένειαν
1316 582 1331 608 ,
1379 542 1517 597 ἀλλά
1548 545 1700 616 παρά
1732 545 1793 598 τὸ
1825 545 1922 601 τδν

331 637 603 692 ἀκούοντα
648 635 840 707 κύριον
868 630 1010 689 εἶναι
1037 634 1138 704 τῆς
1176 634 1387 699 οἰκείας
1427 634 1677 707 γνώμης,
1705 636 1795 690 διὰ
1821 636 1923 708 τῆς

333 728 815 799 αύτεξουσιότητος
842 728 988 799 ὅρον,
1022 727 1089 781 δι’
1118 725 1179 781 δν
1207 726 1304 780 καὶ
1327 729 1356 781 ὁ
1381 727 1480 798 τῆς
1511 728 1749 800 κρίσεως
1776 727 1925 797 ἀξιό-

332 821 510 895 χρεώς
543 823 661 874 ἐστι
691 820 866 889 λόγος·
897 821 945 873 εί
965 818 1147 874 τοίνυν
1173 817 1327 874 ταῦθ’
1355 817 1530 884 οὕτως
1557 818 1694 891 ἔχει,
1730 821 1926 876 ἀποδο-

330 916 437 986 χῆς
463 913 565 982 μὲν
603 911 753 978 ἄξιος
783 914 812 965 ὁ
834 910 904 965 τὰ
938 909 1105 966 αὐτοῦ
1133 908 1382 983 πληρῶνο
1423 908 1686 981 μέμψεως
1713 909 1772 965 δὲ
1827 911 1925 965 καὶ

330 1006 676 1079 κατηγορίας
725 1005 755 1058 ὁ
786 1006 909 1068 ταῖς
940 1002 1177 1072 ἀγαθαῖς
1212 1003 1572 1074 παραινέσεσι
1610 1004 1686 1075 μὴ
1731 1003 1922 1059 πειθό-

336 1121 499 1175 μενος
519 1088 594 1157 ίό
616 1103 674 1158 δὲ
701 1103 799 1175 τὴν
834 1100 932 1156 ’τοῦ
964 1098 1076 1173 (42)
1116 1099 1433 1164 πεισθέντος
1461 1099 1799 1172 κατηγορίαν
1830 1099 1925 1155 ἐπὶ

331 1199 426 1253 τὸν
451 1198 525 1270 μὴ
551 1197 818 1252 πείσαντα
847 1195 1084 1269 τρέπων,
1115 1195 1345 1267 ἠλίθιος,
1381 1194 1478 1250 ἆτε
1508 1195 1604 1248 καὶ
1628 1193 1739 1249 τῶν
1762 1193 1925 1271 θείων

334 1291 432 1345 καὶ
469 1289 576 1345 τῶν
622 1288 993 1361 ἀνθρωπίνων⁸
1023 1286 1367 1360 πραγμάτων
1418 1286 1629 1357 ἀγνοῶν
1677 1285 1777 1359 τὴν
1820 1285 1925 1358 φύ-

336 1398 447 1438 σιν.

635 1492 766 1547 KA'.
807 1522 878 1532 —
913 1490 1213 1563 ΛΕΟΝΤΙῼ
1246 1490 1625 1562 amasene.

2026 561 2231 622 posset,
2249 561 2304 607 et
2333 566 2438 607 non
2472 551 2637 607 fecit:
2666 551 2830 621 idque
2860 565 2964 606 non
3000 563 3068 605 ex
3095 564 3194 607 sua
3223 550 3621 621 imbecillitate,

2026 645 2122 700 sed
2153 645 2294 715 quod
2324 643 2549 699 audiens
2581 643 2685 698 ista
2716 642 2885 698 ludas
2940 650 3166 714 propter
3211 642 3428 699 arbitrii
3460 643 3624 700 liber-

2029 744 2197 792 tatem
2230 748 2398 800 suam,
2428 735 2482 790 in
2521 736 2788 805 potestate
2821 735 3046 790 haberet
3082 735 3455 790 sententiam?
3505 733 3622 802 Qua

2024 832 2096 889 de
2142 846 2309 889 causa
2352 830 2544 902 iudicii
2577 831 2771 887 idonea
2807 841 2893 888 est
2936 831 3205 887 defensio.
3237 831 3368 899 Quae
3395 847 3519 889 cum
3546 833 3618 888 ita

2031 925 2160 991 sint,
2191 925 2348 980 laude
2370 924 2566 995 dignus
2586 933 2671 980 est
2697 923 2789 994 qui
2821 923 2945 989 talia
2991 938 3185 994 reapse
3229 932 3566 994 exsequatur
3600 941 3616 978 :

2032 1013 2197 1087 559
2249 1015 2703 1086 vituperationem
2761 1021 2955 1071 contra
3012 1029 3077 1069 ac
3128 1015 3612 1084 reprehensionem

2032 1111 2335 1172 mereatur,
2391 1103 2484 1175 qui
2537 1103 2677 1159 bona
2718 1103 2967 1159 suadenti
3012 1117 3118 1157 non
3172 1112 3379 1171 pareat.
3408 1100 3625 1157 Stultus

2033 1196 2217 1266 itaque
2243 1195 2334 1266 qui
2367 1195 2422 1251 in
2446 1195 2789 1260 suadentem,
2814 1196 2957 1264 quod
2988 1209 3093 1249 non
3126 1194 3472 1264 persuadeat,
3495 1191 3620 1249 ideo

2033 1282 2439 1339 accusationem
2465 1321 2481 1348 ,
2547 1291 2735 1353 utpote
2784 1282 3091 1338 divinarum
3132 1282 3622 1352 humanarumque

2037 1387 2218 1430 rerum
2252 1374 2492 1448 ignarus,
2529 1384 2839 1432 convertat.
3128 1420 3138 1427 .

2324 1452 2469 1543 XXI.
2494 1520 2566 1531 —
2604 1488 2913 1545 LEONTIO
2947 1489 3305 1549 EPISCOPO.

622 1582 876 1638 Priorum
899 1582 1229 1641 sacerdotum
1265 1597 1384 1635 cum
1413 1581 1498 1635 sui
1536 1581 1633 1636 (cui
1670 1580 2264 1651 elegans'comparalto.
2313 1577 2439 1636 Vide
2473 1581 2575 1651 inf.
2617 1580 2816 1636 similia
2853 1582 3005 1652 epist.
3039 1581 3107 1637 57
3149 1592 3200 1638 et
3242 1582 3365 1640 126.

407 1699 640 1765 Ὄντως,
677 1695 862 1761 καθὼς
894 1694 1205 1766 γέγραφας,
1241 1694 1436 1749 πολλαὶ
1456 1696 1536 1759 είς
1557 1694 1657 1757 τὰς
1690 1692 1926 1765 Ἐκκλη-

334 1791 464 1856 σίας
491 1788 862 1860 ἑπεκὼμασαν
890 1788 1146 1859 ταραχαί.
1176 1786 1354 1843 Ὅπου
1374 1785 1558 1858 γὰρτὸ
1581 1785 1680 1856 τῆς
1704 1787 1929 1859 εἰρήνης

332 1878 532 1948 ὄνομα,
566 1878 749 1931 ἐκεῖσε
780 1878 852 1930 τά
897 1875 992 1930 τοῦ
1019 1875 1260 1946 πολέμου
1292 1875 1433 1947 ἔργα
1463 1874 1699 1948 χορεύει.
1739 1875 1928 1931 Ταῦτα

331 1967 395 2022 δὲ
438 1966 730 2038 συμόαίνει
758 1967 825 2020 ὲκ
854 1965 949 2020 τοῦ
998 1966 1168 2021 πολλά
1198 1967 1292 2021 καὶ
1326 1964 1644 2020 παντοδαπά
1671 1964 1931 2037 ἡμαρτῆ-

335 2060 469 2115 σθαι
495 2061 611 2123 τοῖς
641 2058 704 2113 τὸ
734 2058 1116 2112 διδασκαλικὸν
1139 2057 1360 2129 ἀξίωμα
1395 2057 1893 2129 ἐγκεχειρισμένοις
1912 2072 1927 2088 ·

331 2146 413 2209 ὧν
435 2151 498 2205 τὸ
534 2150 658 2207 καθ’
688 2149 748 2206 ἓν
788 2150 979 2216 ἐάσας,
1011 2150 1070 2204 ἓν
1102 2151 1182 2214 είς
1208 2148 1236 2203 δ
1278 2149 1457 2203 πάντα
1485 2148 1674 2219 βλέπει
1702 2147 1925 2220 γράψω,

333 2244 575 2315 πρᾶγμα
602 2241 822 2314 ἔντιμον
849 2242 945 2296 καὶ
975 2241 1120 2313 μέγα
1147 2240 1243 2296 καὶ
1279 2239 1533 2311 λαμπρόν
1558 2257 1573 2271 ο
1605 2239 1702 2294 καὶ
1738 2240 1768 2293 δ
1801 2241 1931 2305 τοὺς

332 2338 657 2395 ἀποστόλων
694 2336 807 2409 (ιδ)
861 2334 1184 2407 συλλόγους,
1214 2335 1291 2400 ὡς
1319 2335 1617 2406 φωστῆρας
1653 2331 1929 2405 πανταχοῦ

330 2429 440 2501 τῆς
463 2427 791 2500 οἰκουμένης
816 2423 959 2482 εἶναι
988 2427 1261 2498 πεποίηκε
1279 2442 1297 2458 ο
1322 2426 1418 2481 νῦν
1448 2425 1766 2499 ρᾳθυμηθὲν
1798 2441 1932 2496 συγ-

333 2522 553 2595 χύσεως
573 2521 838 2592 ἐνέπλησε
868 2519 969 2584 τάς
1010 2519 1341 2590 Ἐκκλησίας
1361 2534 1374 2548 ·
1408 2518 1462 2572 τί
1500 2517 1558 2572 δέ
1586 2520 1703 2572 ἐστι
1731 2518 1928 2585 τοῦτο;

333 2616 536 2685 φράσω
567 2612 709 2686 μετά
732 2614 1051 2685 παρρησίας
1073 2651 1088 2677 ,
1121 2613 1219 2666 καὶ
1252 2612 1364 2683 γὰρ
1387 2610 1495 2685 οὐδ’
1530 2610 1599 2666 ἂν
1626 2610 1803 2675 άλλως
1838 2609 1934 2664 δυ-

332 2707 577 2777 ναίμηνο
626 2706 709 2759 ὅτι
747 2704 867 2758 τότε
912 2704 1013 2774 μὲν
1059 2705 1109 2757 oi
1159 2700 1442 2775 φιλάρετοι
1491 2703 1572 2766 είς
1626 2701 1931 2774 ἱερωσύνην

333 2798 666 2871 προήγοντο,
698 2799 815 2853 νυνὶ
842 2796 900 2850 δὲ
928 2798 979 2850 oi
1017 2797 1377 2868 φιλάργυροι*
1407 2795 1530 2850 τότε
1560 2791 1611 2849 οἱ
1637 2794 1932 2867 φεύγοντες

331 2891 400 2945 τὸ
431 2892 664 2963 πρᾶγμα
690 2889 781 2945 διὰ
809 2890 870 2944 τὸ
903 2889 1138 2962 μέγεθος
1165 2888 1265 2960 τῆς
1293 2889 1490 2960 ἀρχῆς,
1521 2887 1617 2942 νῦν
1654 2888 1710 2943 δὲ
1736 2889 1786 2942 οἱ
1810 2890 1933 2943 ὲπι-

334 2983 620 3054 πηδῶντες
647 2980 725 3053 τῷ
751 2981 1037 3053 πράγματι
1062 3020 1076 3044 ,
1098 2980 1185 3034 διά
1217 2980 1279 3034 τδ
1303 2979 1534 3051 μέγεθος
1560 2980 1659 3051 τῆς
1686 2978 1925 3052 τρυφῆς.

2108 1693 2227 1750 Non
2256 1708 2445 1764 paucae
2468 1694 2743 1765 profecto,
2794 1704 2855 1750 ut
2903 1696 2971 1752 ad
3011 1710 3100 1751 me
3125 1696 3517 1767 perscripsisti,
3566 1698 3623 1755 in

2033 1784 2293 1843 Ecclesiis
2328 1785 2501 1842 turbae
2527 1795 2653 1843 sunt
2682 1788 2953 1844 excitatae.
3006 1787 3112 1844 Uhi
3154 1789 3302 1845 enim
3334 1791 3484 1860 pacis
3526 1805 3627 1847 no-

2034 1890 2184 1941 men,
2211 1875 2288 1934 ibi
2330 1886 2426 1934 res
2470 1877 2681 1933 bellicae
2729 1886 2984 1948 regnant.
3012 1878 3071 1933 id
3105 1892 3234 1934 vero
3276 1879 3463 1937 multis
3499 1897 3623 1952 gra-

2032 1967 2301 2038 vibusque
2318 1982 2506 2025 eorum
2534 1968 2802 2038 peccatis,
2838 1968 3037 2040 quibus
3067 1969 3296 2026 docendi
3331 1971 3467 2027 alios
3501 1988 3624 2026 mu-

2034 2074 2137 2115 nus
2166 2059 2450 2124 incumbit,
2484 2070 2570 2115 est
2613 2061 2987 2130 imputandum
3026 2077 3041 2115 :
3075 2076 3194 2132 quae
3225 2076 3334 2117 non
3382 2063 3623 2134 singula-

2035 2150 2129 2206 tim
2153 2149 2638 2208 escutiam.Unnm
2668 2152 2962 2218 duntaxat,
2983 2166 3095 2221 quo
3123 2163 3374 2224 spectant
3397 2164 3619 2222 caetera,

2033 2241 2101 2297 de
2127 2241 2312 2298 multis
2341 2257 2618 2314 magnum,
2642 2243 3017 2300 venerandum
3045 2254 3209 2315 atque
3233 2245 3446 2303 illustre
3469 2261 3624 2303 com-

2033 2335 2393 2393 memorabo:
2440 2336 2603 2406 idque
2650 2338 3073 2407 apostolicorum
3124 2338 3367 2394 virorum
3416 2348 3621 2395 coetum

2033 2437 2093 2484 ut
2139 2429 2428 2485 luminaria
2462 2444 2561 2499 per
2594 2438 2764 2485 totum
2792 2469 2809 2497 ,
2860 2445 2969 2500 qua
3006 2429 3305 2498 habitatur,
3349 2441 3621 2488 terrarum

2031 2521 2221 2579 orbem
2252 2520 2560 2586 constituit,
2595 2535 2741 2576 nunc
2775 2521 2829 2577 id
2869 2522 3043 2591 ipsum
3075 2522 3379 2592 neglectum
3437 2521 3623 2577 Eccle-

2032 2612 2146 2668 sias
2174 2611 2229 2668 in
2254 2612 2731 2668 conturbationem
2762 2615 2945 2670 vertit.
2988 2613 3130 2681 Quid
3176 2614 3398 2671 tandem
3421 2615 3475 2670 id
3500 2614 3623 2670 est?

2033 2702 2268 2773 inquies.
2316 2702 2528 2772 Dicam,
2566 2719 2744 2776 neque
2791 2706 2938 2762 enim
2988 2706 3152 2760 aliter
3176 2721 3396 2777 queam,
3430 2706 3621 2764 libere.

2033 2793 2487 2865 Quandoquidem
2526 2797 2729 2853 virtute
2760 2802 2873 2852 tum
2911 2798 3121 2868 praediti
3151 2799 3460 2854 sacerdotio
3491 2808 3620 2854 sunt

2033 2884 2239 2943 admoti
2277 2903 2293 2942 :
2336 2901 2483 2943 nunc
2511 2900 2643 2943 vero
2670 2889 2821 2944 avari
2855 2905 2920 2946 ac
2958 2890 3204 2960 pecunias
3233 2890 3437 2959 cupidi.
3471 2888 3627 2945 Tunc

2032 2976 2263 3050 imperia
2313 2976 2715 3049 dignitatesque
2765 2981 2837 3037 ob
2887 2981 2965 3036 rei
3017 2981 3447 3052 magnitudinem
3472 2981 3628 3037 defu-

333 3075 478 3129 Τότε
520 3077 569 3130 οἱ
604 3074 963 3148 ἀκτημοσύνῃ
985 3073 1216 3146 ἑκουσίῳ
1248 3073 1695 3146 ὲναδρυνόμενοι,
1727 3071 1848 3128 νυνὶ
1868 3071 1926 3126 δὲ

2036 3068 2279 3140 giebant,
2328 3076 2388 3125 ut
2429 3069 2830 3139 Nazianzenus,
2885 3072 3340 3144 Chrysostomus,
3385 3083 3442 3130 et
3490 3074 3624 3143 alii;

331 3170 388 3223 oi
429 3167 715 3240 πλεονεξίᾳ
758 3167 995 3239 ἑκουσίῳ
1041 3165 1544 3238 χρηματιζόμενοι·
1583 3166 1707 3220 τότε
1735 3166 1787 3219 oi
1821 3163 1930 3237 πρὸ

331 3259 637 3333 ὀφθαλμῶν
670 3259 889 3332 ἔχοντες
935 3259 1000 3314 τὸ
1033 3259 1176 3313 θεῖον
1204 3258 1561 3331 δικαστήριον
1584 3297 1600 3323 ,
1636 3256 1757 3312 νυνὶ
1787 3255 1847 3312 δὲ
1878 3258 1930 3312 οι

335 3354 479 3425 μηδὲ
506 3353 712 3409 ἔννοιαν
736 3352 930 3408 τούτου
956 3350 1172 3424 ἔχοντες
1190 3368 1206 3386 ο
1241 3351 1365 3405 τότε
1386 3352 1437 3406 oi
1467 3349 1811 3405 τύπτεσθαι·
1834 3349 1932 3406 νῦν

329 3444 395 3498 δὲ
423 3445 474 3498 oi
492 3443 718 3498 τύπτειν
740 3443 951 3514 ἕτοιμοι
974 3459 990 3476 ο
1023 3443 1119 3497 καὶ
1145 3440 1200 3495 τί
1220 3441 1303 3496 δεῖ
1321 3440 1580 3496 τάπολλά
1597 3440 1780 3510 λέγειν
1803 3456 1819 3507 ;
1841 3455 1934 3512 με·

330 3534 763 3593 ταπεπτωκὲναι
787 3533 979 3588 λοιπὸν
1012 3532 1075 3586 τὸ
1109 3531 1332 3604 ἀξίωμα
1362 3530 1544 3600 ἔδοξεν
1576 3530 1688 3587 ἀπὸ
1710 3528 1932 3602 ἱερωσύ-

330 3642 438 3697 νης
450 3626 536 3690 είς
558 3624 852 3698 τυραννίδα
868 3640 882 3655 ⁸
901 3624 1011 3680 ἀπὸ
1023 3624 1532 3697 ταπεινοφροσύνης
1549 3624 1630 3688 είς
1645 3623 1934 3694 ὑπερηφα-

330 3715 491 3771 νίαν⁹
533 3715 645 3770 ἀπὸ
672 3716 925 3789 νηστείας
957 3717 1039 3780 εἰς
1065 3715 1314 3788 τροφὴν,
1355 3715 1466 3771 ἀπὸ
1500 3714 1819 3788 οἰκονομίας
1850 3717 1933 3781 είς

330 3805 695 3860 δεσποτείαν·
747 3807 810 3860 οὐ
839 3806 950 3879 γὰρ
987 3808 1064 3871 ὼς
1101 3805 1383 3877 οἰκονόμοι
1415 3805 1632 3873 ἀξιοῦσι
1669 3807 1928 3876 διοικεῖν,

329 3895 453 3951 ἀλλ’
489 3896 567 3961 ὡς
606 3897 864 3953 δεσπόται
903 3895 1340 3968 σφετερίζεσθαι.
1383 3895 1574 3951 Ταῦτα
1603 3897 1663 3955 δὲ
1690 3896 1755 3951 οὐ
1790 3896 1933 3952 κατά

331 3989 562 4045 πάντων
604 3989 821 4062 εἴρηται
841 4028 859 4055 ,
888 3988 1028 4044 ἀλλά
1054 3986 1197 4043 κατά
1238 3987 1350 4042 τῶν
1384 3988 1586 4060 ἐνόχων
1609 4005 1625 4021 ’
1678 3988 1786 4043 εἰσὶ
1814 3989 1933 4063 γάρ

332 4081 481 4134 εἰσιν
511 4078 561 4132 οἶ
591 4078 736 4135 κατὰ
763 4078 856 4133 τὸν
887 4078 1249 4136 ἀποστολικὸν
1283 4079 1383 4152 μὲν
1412 4078 1550 4144 ζῶσι
1582 4078 1930 4152 χαρακτῆρα,

212 4176 217 4179 ’
336 4169 504 4243 ῥῆξαι
532 4170 591 4224 δὲ
617 4171 802 4244 φωνὴν
835 4171 912 4243 μὴ
926 4170 1240 4242 τολμῶντες
1260 4188 1276 4204 ο
1308 4172 1358 4226 si
1387 4173 1486 4227 καὶ
1507 4172 1630 4229 λίαν
1656 4174 1765 4228 sici.
1791 4173 1934 4230 κατά

333 4261 499 4317 τοῦτο
529 4264 691 4334 μόνον
724 4265 997 4336 μεμπτοὶ,
1022 4265 1108 4318 ὅτι
1133 4265 1433 4331 δεδοικότες
1470 4266 1580 4322 τῶν
1616 4266 1932 4323 ἀκολάστων

331 4353 402 4408 τὸ
424 4355 665 4427 πλῆθος,
700 4358 764 4411 τό
801 4374 865 4427 γε
904 4358 987 4422 είς
1025 4358 1222 4423 αὐτοὺς
1257 4353 1416 4432 ἧκον,
1450 4359 1551 4432 τῆς
1584 4359 1930 4435 τηλικαύτης

335 4445 679 4519 διορθώσεως
710 4448 997 4521 ἀμελοῦσι.

2034 3175 2181 3218 nunc
2197 3172 2327 3218 vero
2346 3174 2412 3217 ex
2433 3171 2627 3232 sponte
2649 3173 2955 3229 assumunt,
2974 3164 3049 3220 ob
3066 3163 3385 3219 deliciarum
3412 3163 3626 3232 copiam

2035 3263 2203 3327 atque
2227 3255 2513 3310 invadunt.
2546 3253 2702 3311 Tunc
2732 3255 3035 3311 voluntaria
3077 3262 3395 3325 paupertate
3422 3253 3625 3324 gloria-

1994 3362 1999 3367 '
2035 3346 2272 3415 bantur;
2317 3361 2463 3403 nunc
2509 3346 2741 3403 habendi
2787 3349 3086 3419 cupiditate
3133 3356 3432 3418 spontanee
3475 3360 3628 3415 quae-

2032 3450 2180 3498 stum
2243 3438 2476 3494 faciunt.
2544 3436 2699 3494 Tunc
2746 3438 2842 3495 Dei
2887 3438 3153 3507 judicium
3181 3446 3308 3493 ante
3341 3436 3530 3493 oculos
3560 3436 3627 3493 iis

2032 3533 2352 3590 versabatur
2379 3549 2395 3590 :
2420 3547 2567 3590 nunc
2601 3546 2669 3588 ne
2701 3532 2945 3602 cogitant
2969 3531 3191 3603 quidem
3229 3532 3295 3587 de
3324 3531 3435 3585 illo.
3467 3528 3625 3584 Tunc

2031 3625 2197 3699 ﬂagra
2239 3625 2480 3697 perpeti;
2533 3640 2677 3681 nunc
2720 3624 2946 3680 verbera
2986 3623 3233 3695 inﬂigere
3262 3623 3463 3696 parati.
3505 3621 3618 3679 Sed

2020 3717 2163 3790 quid
2215 3715 2462 3787 pluribus
2507 3724 2594 3772 est
2630 3715 2805 3787 opus?
2841 3714 3125 3772 accidisse
3163 3715 3277 3786 jam
3333 3713 3627 3771 sacerdotii

2032 3809 2354 3881 dignitatem
2379 3809 2448 3865 ad
2474 3808 2741 3878 regnandi
2782 3808 3097 3881 cupidinem
3144 3816 3391 3878 apparet,
3416 3807 3485 3861 ab
3521 3808 3624 3861 hu-

2033 3901 2265 3960 militate
2298 3902 2367 3959 ad
2401 3901 2740 3973 superbiam,
2791 3915 2821 3955 a
2871 3899 3080 3972 jejunio
3123 3900 3192 3957 ad
3230 3899 3452 3956 delicias
3500 3913 3625 3969 pro-

2034 3992 2265 4065 lapsam,
2314 4007 2344 4047 a
2391 3992 2800 4062 dispensatione
2846 3992 3083 4062 denique
3112 3993 3179 4046 ad
3204 3991 3505 4046 dominium
3530 4006 3626 4046 ve-

2033 4086 2203 4143 nisse.
2239 4083 2357 4140 Non
2383 4084 2529 4140 enim
2562 4093 2622 4139 ut
2666 4083 3070 4155 dispensatores
3096 4069 3482 4139 administrare
3510 4097 3625 4136 rem

2032 4177 2249 4244 volunt,
2290 4176 2387 4233 sed
2431 4185 2490 4230 ut
2538 4174 2746 4231 domini
2777 4175 2884 4231 sibi
2926 4174 3144 4246 propria
3176 4175 3470 4230 vindicant.
3500 4171 3627 4228 Haec

2033 4281 2164 4323 vero
2195 4280 2305 4320 non
2343 4265 2396 4320 in
2426 4278 2615 4319 omnes
2637 4264 2779 4319 dicta
2809 4263 2943 4331 sint,
2976 4263 3069 4319 sed
3097 4263 3149 4317 in
3183 4277 3306 4318 reos
3330 4277 3395 4317 ac
3419 4270 3623 4318 sontes.

2035 4357 2359 4425 Suntenim,
2400 4363 2547 4424 sunt,
2571 4356 2817 4426 inquam,
2843 4355 2936 4425 qui
2970 4356 3132 4411 hodie
3158 4355 3228 4411 ad
3263 4354 3623 4425 apostolicam

1961 4440 2008 4503 Ι)
2043 4451 2234 4508 vivunt
2273 4461 2748 4516 normam,vocem
2778 4457 2958 4502 tamen
2980 4446 3346 4502 emitterenon
3363 4445 3620 4499 audeant.

333 4540 460 4610 Quo
501 4543 665 4599 etiam
714 4553 845 4601 sunt
886 4546 1106 4601 nomine
1142 4546 1487 4617 potissimum
1538 4546 1878 4619 improbandi
1902 4588 1918 4616 ,
1953 4547 2100 4619 quod
2173 4545 2547 4617 improborum
2600 4543 2761 4599 veriti
2824 4541 3252 4610 multitudinem,
3285 4540 3429 4612 quod
3454 4538 3624 4595 ofﬁcii

334 4640 427 4689 est
466 4634 733 4705 ipsorum,
773 4632 969 4705 nempe
1012 4635 1321 4708 huiusmodi
1345 4639 1638 4708 corripere,
1671 4638 1724 4696 id
1751 4638 2062 4712 negligunt.

616 4749 749 4804 ΚΗ.
787 4779 857 4790 -
889 4748 1147 4806 ΔΑΝΙΗΛ
1182 4749 1661 4823 ΠΡΕΣΒΥΤΕΡῼ.

2305 4748 2472 4805 XXII.
2510 4779 2574 4790 —
2590 4747 2864 4807 DANIELI
2890 4749 3369 4809 PRESBYTERO.

1456 4838 1841 4910 lgnasceudum
1868 4841 2026 4898 etiam
2069 4857 2170 4897 non
2201 4841 2514 4913 postulanti.

409 4955 476 5010 Εί
508 4954 605 5010 καὶ
648 4955 677 5009 ὁ
706 4955 1000 5030 χρεωστῶν
1035 4973 1117 5013 σοι
1164 4955 1461 5025 ἀπολογίαν
1503 4955 1631 5011 οὒτε
1681 4958 1930 5013 ἀπαιτεῖ-

2118 4957 2254 5027 Etsi,
2290 4960 2386 5031 qui
2420 4970 2473 5016 te
2503 4959 2751 5027 olfendit,
2808 4974 2985 5031 neque
3017 4959 3234 5017 veniam
3261 4974 3291 5015 a
3340 4968 3392 5017 te
3440 4970 3631 5031 postu-

328 5062 431 5102 ται
468 5044 579 5100 ἀπὺ
606 5045 725 5115 σοῦ,
764 5045 889 5101 οὔτε
921 5047 1179 5119 ἄγχεται⁸
1210 5047 1290 5101 διὸ
1317 5047 1413 5102 καὶ
1441 5047 1604 5113 αὐτὸς
1634 5048 1930 5118 ἀπολογίαν

2041 5052 2136 5119 lat,
2178 5066 2243 5109 ac
2290 5067 2359 5109 ne
2405 5063 2689 5127 propterea
2739 5052 2954 5124 quidem
3001 5054 3264 5125 angitur:
3310 5053 3453 5109 unde
3481 5063 3535 5110 et
3569 5064 3624 5109 tu

330 5136 448 5210 ἡγῇ
479 5135 626 5209 ἔχειν
649 5137 744 5192 τοῦ
781 5139 856 5211 μὴ
887 5138 1082 5210 ἐκείνῳ
1117 5139 1601 5213 συγκεχωρηκέναι
1631 5139 1692 5193 τὸ
1719 5140 1827 5194 τῶν
1852 5140 1930 5205 είς

2038 5159 2302 5202 excusare
2339 5155 2392 5202 te
2425 5160 2587 5216 posse
2632 5145 2852 5214 videris,
2909 5161 3017 5203 non
3064 5146 3325 5217 impensae
3362 5146 3624 5209 hactenus

334 5230 401 5284 σὲ
437 5230 796 5302 πταισμάτων
840 5232 1020 5305 χρέος,
1060 5231 1179 5288 ἀλλ’
1219 5233 1384 5299 αὐτὸς
1420 5234 1514 5287 καὶ
1566 5234 1643 5306 μὴ
1674 5251 1930 5307 παρακα-

2038 5235 2112 5290 illi
2162 5236 2215 5290 in
2251 5245 2304 5293 te
2358 5236 2776 5293 commissorum
2819 5237 3030 5292 veniae:
3064 5245 3119 5291 tu
3178 5245 3355 5293 tanien
3407 5237 3620 5291 veniam

331 5317 559 5387 λοῦντι,
593 5323 733 5397 μηδὲ
763 5324 1098 5398 συγγνώμην
1129 5324 1371 5381 αίτοῢντι
1417 5324 1559 5380 δίδου
1593 5325 1800 5399 ταύτην
1823 5367 1840 5392 ,
1875 5327 1925 5381 εί

2036 5326 2132 5393 illi,
2172 5326 2300 5382 licet
2333 5341 2455 5383 eam
2515 5341 2620 5383 non
2666 5326 2892 5398 rogeris,
2915 5335 3011 5382 aut
3050 5324 3326 5397 emagitet,
3366 5323 3619 5396 indulge;

1459 5479 1697 5539 VABIAE
1735 5479 2120 5538 LECTIONES
2156 5479 2244 5537 ET
2274 5479 2510 5538 NOTAE.

418 5637 528 5709 (42)
567 5635 711 5711 [uter
749 5636 846 5691 τοῦ
890 5646 949 5711 _et
998 5637 1313 5703 πεισθέντος
1357 5638 1514 5695 codd.
1558 5636 1723 5694 iidem
1767 5637 1930 5695 ambo

2036 5639 2172 5711 bunt
2214 5636 2834 5711 dgeoeepitxodg._Vers.
2882 5636 3276 5711 inde_4,_ante
3320 5635 3624 5711 ἱερωσύνην

337 5704 593 5780 inserant
624 5707 723 5779 μή-
759 5706 965 5780 possin-
1593 5777 1649 5780 κ-
1895 5779 1899 5780 κ

2040 5709 2195 5768 codd.
2227 5709 2346 5767 Vat.
2379 5709 2485 5767 650
2514 5718 2568 5767 et
2592 5707 2702 5768 Alt.
2734 5710 2936 5767 addunt
2966 5707 3086 5780 τήν.
3119 5704 3194 5763 lo.

418 5777 532 5850 (45)
573 5777 1018 5837 Ριόἀποστόλων
1053 5777 1172 5837 cod.
1213 5778 1332 5837 Val.
1359 5778 1470 5869 950
1502 5777 1751 5856 et_Sfort.
1798 5779 1934 5839 scri-
1964 5802 1969 5809 τ
