4078 6406
555 346 689 410 I339
1727 349 1787 410 S.
1828 348 2118 412 ISIDORI
2160 352 2596 414 PELUSIOTE
3641 368 3752 441 13m

549 463 596 518 si
650 461 762 516 fieri
808 470 1002 531 potest,
1047 462 1352 531 quempiam
1403 464 1469 516 ad
1514 477 1638 518 eum
1689 464 1990 531 mittendo;
2035 466 2159 528 sin,

2151 473 2192 528 Α
2226 467 2326 538 μὲν
2351 466 2627 556 suum,
2672 466 2888 521 ἐκεῖνον·
2933 468 3424 540 μεταπεμψάμενος
3447 492 3459 508 ·
3498 477 3543 529 εί
3583 479 3634 533 δὴ
3675 487 3753 556 μὴ,

550 551 749 614 minus,
782 551 833 604 in
858 551 1038 604 animo
1066 561 1155 606 tuo
1187 551 1258 605 illi
1292 553 1537 618 remitte,
1577 562 1632 608 et
1658 554 1766 608 noli
1796 555 1966 609 videri
2004 555 2128 610 imi-

2233 554 2375 609 κατὰ
2401 554 2617 620 σαυτὸν,
2655 556 2749 608 καὶ
2777 557 2850 626 μὴ
2881 557 2996 626 (Η)
3033 557 3225 626 φαίνου
3257 560 3393 631 δρῶν
3418 565 3482 617 τὰ
3511 569 3608 622 τῶν

552 651 693 696 tatus
741 656 856 705 eos,
902 644 1190 698 commissa
1228 643 1281 697 in
1335 659 1396 698 se
1443 643 1629 699 ulcisci
1665 645 1754 715 qui
1798 644 1980 700 velint.
2035 644 2128 701 Sic

2231 646 2420 700 νεσθαι
2454 645 2866 717 ἐπιθυμούντων
2893 665 2908 681 ο
2936 648 3080 702 οὕτω
3108 649 3218 719 γὰρ
3256 653 3493 720 κάκεῖνος
3531 661 3761 729 αἰδεσθείς

549 732 691 786 enim
733 742 788 787 et
819 733 908 787 ille
927 732 996 788 ob
1023 743 1168 788 tuam
1201 733 1412 789 vivendi
1457 735 1719 790 rationem
1761 735 1955 790 rubore
1992 751 2124 791 con-

2233 753 2328 789 σου
2355 736 2455 808 τὴν
2489 737 2829 807 φιλοσοφίαν,
2859 738 3052 793 ἑαυτὸν
3080 741 3384 812 ἀμυνεῖται,
3431 746 3502 812 ὡς
3533 751 3659 824 ἁγίῳ
3681 756 3758 809 ἀν-

548 824 720 890 fusus,
762 839 820 880 se
863 825 976 894 ipse
1013 826 1326 892 ulciscatur,
1361 834 1420 881 ut
1463 835 1658 883 sancto
1683 825 1806 882 viro
1851 827 2119 886 infensus.

1218 832 1326 892 tur,
1361 834 1420 881 ut
1463 835 1658 883 sancto
1683 825 1806 882 viro
1851 827 2119 886 infensus.
2221 827 2315 898 δρὶ
2349 829 2827 901 προσκεκρουκώς.

680 937 841 1010 560
873 937 1058 994 XXIII.
1088 970 1159 980 —
1183 939 1572 1009 TIIEODOSIO
1623 940 1980 998 EPISCOPO.

1895 941 1980 998 to,
2507 944 2634 999 Kl".
2673 975 2745 986 -
2779 943 3109 1019 ΘΕοΔοΣιᾳ
3145 947 3505 1025 ΕΠΙΣΚΟΠῼ.

755 1051 821 1106 In
851 1056 1056 1122 magnis
1091 1055 1167 1109 vel
1199 1055 1422 1111 voluisse
1454 1065 1536 1111 sat
1570 1066 1664 1113 est.
1699 1057 1766 1113 Ut
1801 1059 1968 1113 desint
2006 1057 2160 1126 vires,
2193 1065 2367 1112 tamen
2391 1064 2468 1111 est
2500 1056 2770 1111 laudanda
2811 1057 3073 1114 voluntas.
3107 1058 3237 1116 Vide
3275 1064 3424 1130 epist.
3463 1065 3581 1121 £83.

525 1233 535 1244 _
611 1165 769 1222 Vinci
813 1167 881 1222 ab
922 1167 1026 1224 illis
1073 1169 1238 1226 rebus
1278 1177 1432 1242 turpe
1457 1185 1562 1226 non
1593 1180 1700 1238 est,
1740 1187 1876 1243 quas
1899 1172 2119 1244 exsequi

2295 1174 2412 1228 Οὐκ
2443 1172 2667 1244 αἰσχρὸν
2705 1173 2970 1243 ἡττᾶσθαι
2998 1175 3205 1229 τούτων
3225 1217 3239 1242 ,
3275 1170 3349 1230 ὧν
3390 1179 3652 1250 ἀμήχανον
3684 1203 3764 1238 πε-

540 1254 771 1309 arduum
818 1256 890 1312 sit
941 1271 1006 1312 ac
1050 1259 1386 1327 perdifficile.
1446 1259 1589 1317 Cave
1623 1261 1788 1333 igitur
1839 1271 2120 1332 superatos

2227 1266 2456 1336 ριεῖναι·
2507 1263 2582 1336 μὴ
2633 1265 2816 1319 τοίνυν
2863 1265 3000 1336 μηδὲ
3047 1266 3209 1330 αὐτὸς
3265 1269 3530 1346 ἡττᾶσθαι
3567 1273 3765 1346 νομίσῃς

540 1347 753 1414 credas,
798 1350 888 1418 qui
935 1351 1043 1405 tuis
1096 1350 1345 1408 laudibus
1390 1352 1748 1423 praedicandis
1783 1353 2002 1423 dignum
2041 1355 2122 1408 af-

2223 1355 2352 1417 τοὺς
2396 1355 2508 1417 τοῖς
2557 1356 2669 1416 σοῖς
2700 1354 2942 1418 ἐπαίνοις
2989 1354 3114 1419 τοὺς
3167 1355 3360 1425 λόγους
3414 1359 3660 1425 ἐξισῶσαι
3705 1363 3765 1435 μὴ

541 1437 683 1492 ferre
714 1448 983 1507 nequeant
1014 1441 1364 1510 prteconium,
1409 1443 1504 1497 sed
1543 1443 1822 1498 voluntate
1868 1452 2118 1513 suscepta

2220 1445 2571 1516 δυναμένους,
2593 1444 2732 1499 ἀλλὰ
2746 1445 2843 1518 τὴν
2858 1446 3171 1518 προαίρεσιν
3192 1449 3584 1521 ἀποδεχόμενος
3604 1456 3769 1522 συγγὶ-

543 1529 902 1588 imbecillitati
953 1533 1188 1603 ignosce.
1245 1535 1432 1591 Melius
1471 1535 1615 1590 enim
1645 1550 1768 1592 esse
1804 1537 2118 1592 existimant

2218 1552 2395 1590 νωσκε
2429 1538 2496 1606 τῇ
2527 1536 2796 1610 ἀσθενείᾳ.
2877 1539 3136 1610 ’Ἄμεινον
3162 1539 3270 1610 γὰρ
3300 1541 3588 1612 ἡγούμενοι
3619 1545 3676 1597 τὸ
3700 1547 3767 1598 ὲν-

542 1621 816 1688 mortales,
850 1623 1026 1679 minus
1057 1625 1284 1692 dixisse,
1319 1641 1480 1696 quam
1509 1629 1850 1697 negligentiae
1882 1638 2117 1684 contem-

2215 1626 2349 1691 δεῶς
2392 1628 2595 1698 φράσαι
2627 1627 2721 1682 τοῦ
2756 1628 3049 1700 ὀλιγωρίας
3081 1633 3300 1703 γραφὴν
3333 1632 3657 1705 ὑποστῆναι,
3686 1654 3769 1690 κα-

539 1719 770 1780 ptusque
820 1713 1242 1780 accusationem,
1288 1716 1440 1784 quasi
1492 1717 1680 1787 ingens
1724 1717 1950 1772 nimium
2005 1718 2149 1794 sint‘

1641 1732 1680 1772 Is
1724 1717 1950 1772 nimium
2005 1718 2114 1773 sint
2145 1779 2183 1794 ﬁ
2215 1720 2560 1792 τατολμῶσιν
2588 1721 2878 1792 ἀνεφίκτου
2909 1723 3251 1794 πράγματος.

538 1802 808 1871 negotium
843 1804 1104 1874 aggressi,
1133 1805 1422 1860 sustinere.
2144 1779 2186 1836 Β

693 1887 699 1890 ’
773 1916 963 1976 xxw.
993 1951 1063 1960 —
1095 1917 1350 1975 zozmo
1378 1919 1860 1976 pnnsnvreno.

2492 1917 2619 1972 KA'.
2657 1947 2724 1958 —
2762 1915 3012 1986 ΣΩΣΙΜῼ
3048 1914 3515 1991 ΠΡΕΣΒΥΤΕΓῼ.

988 2031 1091 2097 Qui
1117 2029 1196 2086 bis
1233 2033 1284 2086 in
1307 2032 1543 2086 eumdem
1585 2033 1820 2103 impingit
1851 2033 2100 2102 lapidem,
2143 2048 2244 2088 non
2272 2038 2496 2086 meretur
2524 2029 2744 2082 veniam.
2772 2025 2986 2096 Confer.
3015 2029 3168 2096 epist.
3204 2028 3333 2082 567.

600 2143 876 2214 Nupcrum
924 2153 1074 2200 tuum
1114 2144 1371 2200 delictum
1416 2143 1504 2199 illa
1547 2145 1763 2200 occasio
1799 2145 2101 2212 excusavit,

2285 2142 2359 2196 Τὸ
2421 2141 2518 2211 μὲν
2575 2139 2840 2212 πρότερόν
2901 2156 2994 2193 σου
3045 2141 3470 2214 παρανόμημα,
3529 2143 3778 2214 πρόφασις

529 2239 670 2306 quod
707 2237 931 2291 fratrem
954 2238 1105 2290 visus
1129 2249 1279 2291 esses
1305 2233 1616 2293 defendere.
1649 2236 1778 2293 Haec
1813 2251 1944 2294 vero
1974 2238 2108 2307 legis

2212 2232 2492 2304 εὐπρεπὴς
2515 2232 2688 2286 ἐδόκει
2719 2233 2890 2286 ποιεῖν
2917 2231 3264 2300 συγγνωστὸν
3293 2235 3322 2287 ὁ
3346 2233 3574 2304 ἀδελφός
3596 2253 3683 2288 σου
3709 2238 3781 2290 ἐκ·

527 2327 900 2397 praevaricatio
947 2326 1154 2382 nullum
1203 2336 1382 2384 tamen
1433 2326 1654 2399 praefert
1711 2337 2034 2398 praetextum
2088 2343 2104 2383 :

2212 2319 2525 2391 δεδικῆσθαι
2564 2318 2951 2390 νομιζόμενος’
2983 2317 3077 2372 τοῦ
3105 2319 3162 2372 δὲ
3191 2319 3292 2374 νῦν
3327 2323 3777 2393 παρανομήματος

524 2419 633 2472 imo
665 2427 717 2473 et
744 2419 925 2486 priore
957 2419 1109 2473 venia
1149 2420 1421 2474 excidisti.
1469 2418 1527 2474 Si
1573 2419 1719 2475 enim
1771 2419 1882 2475 laesi
1923 2420 2104 2477 fratris

2212 2411 2366 2466 οὐδὲν
2415 2410 2656 2466 τοιοῦτον
2706 2409 2851 2481 ἔχεις
2898 2411 3318 2483 παραπέτασμα
3342 2413 3373 2478 ,⁸
3397 2412 3538 2466 ἀλλὰ
3577 2415 3667 2466 καὶ
3702 2413 3785 2484 τῆς

525 2509 600 2564 ιιιί
625 2511 797 2580 gratia
827 2510 978 2578 prius
1007 2511 1074 2565 de
1095 2509 1203 2566 alio
1227 2511 1507 2580 sumpsisti
1539 2510 1859 2577 vindictam,
1882 2525 1987 2582 qua
2017 2526 2104 2565 ra-

2213 2503 2482 2575 προτέρας
2517 2501 2849 2573 συγγνώμης
2890 2501 3148 2566 ὲξέπεσες
3167 2520 3180 2534 ο
3229 2505 3282 2556 εί
3308 2501 3422 2574 γὰρ
3453 2503 3544 2558 διὰ
3575 2504 3663 2558 τὸν
3688 2505 3787 2558 ἁδι-

522 2599 668 2655 tione
696 2600 872 2668 ipsum
901 2615 1063 2663 nunc,
1093 2613 1254 2669 quem
1284 2613 1316 2652 a
1353 2608 1406 2654 te
1435 2606 1834 2669 propugnatum
1863 2599 2092 2664 asset-is,

2206 2595 2446 2666 κηθέντα
2474 2611 2570 2646 σου
2604 2592 2832 2663 ἀδελφὺν
2863 2592 3056 2664 πρώην
3082 2593 3324 2663 ὴμύνου,
3351 2597 3474 2661 πῶς
3504 2597 3663 2650 αὐτὸν
3690 2596 3789 2649 νυνὶ

521 2688 714 2744 laedere
746 2690 939 2744 iterum
967 2704 1030 2744 ac
1061 2704 1154 2758 per
1182 2689 1362 2744 omnia
1405 2690 1684 2757 exagitare
1715 2689 1937 2744 minime
1971 2703 2096 2744 eru-

2205 2687 2298 2741 τδν
2323 2685 2465 2757 ὑπὲρ
2494 2676 2554 2738 οὗ
2586 2684 2730 2752 τότε,
2767 2685 2842 2748 ὼς
2873 2685 2999 2755 φῂς,
3043 2685 3256 2755 ἠμύνου
3288 2686 3502 2741 ἀδικῶν
3530 2691 3622 2742 καὶ
3650 2686 3791 2741 ἐλαύ·

519 2778 741 2834 bescis?
768 2778 1116 2834 Manifestum
1149 2779 1274 2836 hinc
1305 2780 1487 2836 evadit
1531 2790 1588 2838 et
1632 2782 1734 2838 hoc
1767 2781 2016 2836 data'abs
2044 2793 2098 2837 te

2204 2795 2308 2832 νων
2369 2774 2632 2830 πάντοθεν
2677 2774 2779 2828 οὐκ
2842 2774 3103 2847 aio-xum;
3162 2777 3343 2847 Δῆλος
3400 2779 3589 2834 τοίνυν
3655 2778 3794 2848 γέγο⁴

517 2882 681 2936 opera
707 2869 1080 2923 commissum.
1113 2869 1214 2936 Qui
1260 2870 1405 2924 enim
1434 2869 1590 2925 fratri
1633 2887 1736 2926 non
1783 2873 1980 2940 parcit,
2027 2871 2096 2926 ab

2202 2885 2296 2931 νας
2323 2866 2520 2936 (“ira
2542 2864 2734 2918 τούτου
2767 2866 2988 2919 κάκεῖνο
3023 2869 3085 2920 ὲκ
3114 2869 3513 2941 προαιρέσεως
3538 2871 3786 2941 ποιήσας·

519 2957 748 3014 aliorum
775 2957 971 3028 injuria
1004 2961 1273 3030 quomodo
1312 2960 1415 3016 sibi
1448 2963 1849 3030 temperaverit.

2123 3046 2129 3084 ι

2204 2960 2232 3010 ὀ
2256 2957 2364 3028 γὰρ
2388 2955 2617 3026 ἀδελφοῦ
2650 2955 2728 3027 μὴ
2751 2956 3086 3026 φειδόμενος,
3121 2956 3242 3024 πῶς
3268 2959 3339 3013 ἂν
3359 2960 3649 3033 ἀλλοτρίου
3675 2959 3803 3026 ἐφεί-

2205 3065 2364 3093 dare:

2205 3065 2367 3114 σατο;

585 3156 752 3212 XXV.
801 3188 874 3198 —
931 3158 1333 3302 HIERAC‘IOi‘l}
1369 3161 1467 3308 (ξ’.
1523 3178 1736 3221 uisam
1800 3170 2028 3220 niacoxo

1149 3248 1180 3286 ιι
1249 3249 1300 3286 ιιι
1330 3252 1388 3288 ιιι
1432 3275 1448 3290 ο

1729 3182 1736 3220 ι
1800 3170 2028 3220 niacoxo
2658 3161 2786 3214 KE'.
2836 3189 2907 3226 τ-
2949 3159 3339 3218 IEPAKIQNI.

1149 3248 1202 3286 ιιι
1249 3248 1388 3290 "IIIa
1411 3248 1448 3290 I.

1701 3353 1932 3408 Mundus
1972 3347 2238 3405 muliebris
2274 3346 2390 3416 quis
2422 3360 2592 3398 verus.

581 3460 766 3531 Neque
791 3477 1052 3532 purpura,
1089 3480 1265 3535 neque
1307 3466 1652 3536 splendentes
1701 3480 1924 3536 gemmae
1970 3477 2102 3517 auro

2273 3456 2385 3526 Οὐχ
2428 3454 2750 3525 ὑφάσματος
2776 3453 3041 3526 ἁλουργὲς
3065 3451 3221 3521 αἶθος
3243 3499 3261 3526 ,
3297 3457 3432 3513 οὐδὲ
3477 3460 3649 3515 λίθων
3693 3475 3804 3512 ποι-

509 3552 750 3608 admistte
783 3569 912 3611 vere
960 3554 1205 3611 efficiunt
1256 3560 1512 3611 manium
1545 3556 1884 3611 muliebrem.
1913 3552 2100 3607 Multte

2199 3548 2364 3603 κίλων
2390 3546 2566 3616 αὐγὰς
2588 3546 2724 3618 πρὸς
2757 3547 2960 3617 χρυσὸν
2982 3547 3363 3618 κερασθείσας
3391 3553 3612 3623 κόσμον
3636 3569 3807 3620 γυναι-

515 3646 663 3701 enim
703 3645 898 3716 inepta:
947 3656 1210 3703 matrona:
1252 3649 1395 3704 hunc
1441 3649 1772 3719 vestigantes
1820 3655 2094 3712 ornatum,

2197 3639 2292 3704 κὸς
2321 3636 2465 3694 εἶναι
2513 3639 2801 3710 νομιστέον
2823 3657 2835 3669 ·
2873 3638 3067 3692 πολλαὶ
3099 3639 3212 3712 γὰρ
3258 3644 3384 3698 τῶν
3427 3644 3807 3718 ἀπειροκάλων

508 3739 695 3793 invisae
739 3749 902 3809 atque
935 3740 1135 3794 odiosae
1170 3741 1490 3810 coniugibus
1515 3739 1760 3794 redditae.
1816 3743 1889 3793 At
1925 3737 2092 3792 animi

2200 3734 2293 3788 καὶ
2340 3733 2548 3802 κόσμον
2596 3730 2836 3784 τοιοῦτον
2879 3730 3222 3803 θηρωμένων
3244 3775 3261 3802 ,
3323 3741 3677 3809 προσ-κυρεῖς
3724 3737 3810 3791 καὶ

505 3841 752 3899 ornatus,
779 3833 881 3900 'qui
918 3848 949 3887 e
993 3834 1192 3888 virtute
1221 3834 1483 3896 nascitur,
1536 3842 1591 3887 et
1621 3832 1897 3887 convictus
1953 3829 2096 3885 desi-

2200 3823 2420 3894 μισηταί
2443 3825 2555 3885 τοῖς
2583 3821 2892 3876 συνοικοῦσι
2916 3823 3266 3896 γεγένηνται.
3307 3828 3490 3883 Ἀλλὰ
3515 3827 3583 3883 τὸ
3600 3829 3700 3900 τῆς
3725 3828 3810 3897 4N-

507 3927 718 3982 derium
753 3927 981 3994 excitat,
1029 3941 1093 3982 ac
1141 3937 1341 3983 mutua:
1383 3937 1467 3984 est
1515 3925 1902 3984 benevolentiae
1953 3924 2091 3996 phil-

2202 3916 2294 3986 γῆς
2330 3915 2523 3978 κάλλος
2548 3915 2608 3966 τὺ
2636 3913 2695 3978 ἐξ
2727 3913 2936 3983 ἀρετῶν
2971 3915 3372 3988 συγκείμενον,
3410 3921 3574 3994 ὅπερ
3607 3921 3703 3977 καὶ
3725 3919 3812 3972 πόα

507 4024 673 4072 ιιιιιιη,
2193 4008 2288 4062 θου
2327 4007 2446 4060 ἐστὶ
2485 4006 2623 4078 πρὸς
2668 4005 2762 4059 τὸν
2793 4005 3025 4079 σύμϐιον
3055 4011 3421 4080 συναγωγὸν,
3461 4014 3565 4068 καὶ
3609 4011 3811 4074 εὐνοίας

2195 4098 2458 4170 τυγχάνει
2489 4100 2804 4170 φάρμακον.

881 4219 1068 4278 XXVI.
1097 4253 1165 4264 -—
1197 4218 1708 4279 POLYCIIRONIO.

2607 4211 2752 4278 KQ".
2785 4241 2854 4254 -—
2888 4211 3376 4288 ΠΟΛΥΧΡΟΝῘῼ.

1335 4314 1522 4369 Anima
1550 4316 1797 4368 virtutum
1836 4310 2078 4366 studiosa
2117 4304 2331 4377 facilius
2366 4302 2465 4357 Dei
2485 4318 2631 4372 opem
2658 4304 2921 4372 impetrat.

574 4424 645 4484 Ut
691 4428 758 4482 ad
811 4428 1020 4483 urbium
1073 4426 1235 4482 situm
1288 4434 1674 4497 opportunum,
1710 4429 2088 4492 tempestatum
2121 4402 2166 4458 Ῑ)

2267 4417 2480 4486 Ὥσπερ
2533 4415 2627 4468 ἐπὶ
2678 4415 2790 4468 τῶν
2831 4413 3041 4469 πόλεων
3070 4415 3102 4485 ἡ
3135 4415 3423 4492 εὐκαιρία
3477 4421 3588 4492 τῆς
3623 4421 3813 4483 θέσεως

501 4537 719 4592 quoque
769 4520 1158 4592 opportunitas
1191 4521 1486 4590 quaeritur;
1548 4519 1620 4574 ita
1673 4524 1728 4572 et
1771 4514 2076 4570 animorum

2203 4509 2284 4579 ιὴν
2310 4507 2593 4579 εὐκαιρίαν
2617 4506 2727 4560 τῶν
2762 4505 2920 4578 ὡρῶν
2944 4508 3273 4576 ἐπισπᾶται,
3325 4511 3492 4567 οὕτω
3536 4515 3684 4586 κᾴπὶ
3718 4510 3813 4564 τῶν

498 4627 629 4682 erga
652 4613 907 4668 virtutem
938 4613 1116 4669 studio
1152 4612 1394 4666 divinum
1424 4617 1650 4678 paratur
1683 4607 1972 4662 auxilium.

2204 4599 2428 4670 ρυχῶπιή
2459 4597 2641 4651 εὔνοια
2667 4599 2700 4668 ἡ
2731 4595 2868 4668 πρὸς
2896 4597 2995 4668 τὴν
3023 4600 3225 4672 ἀρετὴν
3253 4603 3369 4676 τὴν
3401 4604 3574 4660 θείαν
3606 4617 3814 4677 συμμαν-

2204 4689 2309 4740 ιίαν
2343 4687 2599 4740 θηρᾶται.

2184 4704 2309 4759 χιαν
2343 4704 2599 4758 υηραται.

661 4807 874 4864 XXVII.
901 4839 973 4848 -—-
1005 4804 1407 4862 ARCIIONTIO
1441 4801 1925 4860 PRESBYTERO.

2405 4799 2530 4855 KZ'.
2576 4831 2645 4842 —
2689 4799 3042 4872 ΑΡΧΟΝΤΙῼ
3079 4801 3607 4879 ΠΡΕΣΒΥΤΕΡῼ.

1291 4899 1354 4954 Si
1385 4898 1582 4952 athleta
1616 4897 1838 4961 laboret,
1871 4894 2054 4968 quidni
2084 4891 2284 4950 Christi
2319 4892 2510 4946 miles?
2551 4892 2575 4946 1
2605 4891 2733 4948 Cor.
2770 4908 2846 4958 Ix,
2877 4893 2968 4947 25.

569 5007 630 5065 Si
661 5009 752 5079 qui
794 5009 967 5064 acutis
986 5012 1272 5066 mundana:
1307 5008 1486 5064 laudis
1514 5009 1750 5064 stimulis
1781 5008 2075 5078 agitantur,

2253 5005 2316 5058 Εἰ
2345 5005 2395 5056 οἱ
2417 5006 2527 5069 τοῖς
2549 5003 2698 5070 ὀξέσι
2726 5005 2828 5072 τῆς
2853 5004 3124 5075 κοσμικῆς
3149 5003 3331 5076 δόξης
3353 5006 3637 5082 κέντροις
3663 5009 3819 5079 πλητ-

499 5103 742 5172 ingenles
773 5101 914 5154 ultro
965 5101 1269 5167 suscipiunt
1308 5101 1554 5169 labores;
1607 5115 1785 5155 nonne
1826 5099 1917 5168 qui
1967 5112 2077 5152 coe-

2207 5097 2399 5168 τόμενοι
2451 5097 2646 5160 πόνους
2701 5096 3055 5167 αὐθαιρέτους
3115 5097 3540 5162 ἀσπάζονται·
3605 5105 3657 5155 οἱ
3713 5103 3817 5163 τοῖς

499 5195 650 5248 lestis
679 5192 863 5263 gloriae
891 5191 1011 5246 telis
1035 5193 1300 5247 vulnerati
1337 5202 1485 5258 sunt,
1533 5208 1628 5248 eos
1663 5209 1690 5246 a
1738 5191 1969 5263 pueritia
2005 5191 2076 5245 la-

2216 5188 2460 5253 ξυτάτοις
2494 5189 2592 5260 τῆς
2631 5189 3005 5260 ὑπερκοσμίου
3050 5189 3320 5254 εὐκλείας
3359 5192 3565 5263 βέλεσι
3622 5209 3823 5264 τετρω-

499 5285 646 5340 boris
672 5284 1076 5368 contentionem
1102 5284 1379 5352 suscipere
1410 5299 1508 5354 par
1540 5295 1623 5342 est
1653 5284 1676 5340 τ

2213 5282 2334 5336 ιὲνοι
2375 5282 2553 5354 πολλῷ
2615 5281 2812 5353 μᾶλλον
2860 5279 3125 5344 νεανικῶς
3159 5283 3264 5336 ἐπὶ
3322 5286 3431 5341 τὸν
3483 5287 3608 5342 τῶν
3645 5286 3823 5340 πόνων

2180 5375 2372 5444 ἀγῶνα
2402 5373 2730 5429 ἀποδύεσθαι
2759 5374 2826 5428 ἂν
2853 5369 2963 5428 εἷεν
2997 5374 3217 5430 δίκαιοι.

1529 5495 1534 5499 ’
1605 5528 1837 5584 unus
1881 5529 2260 5589 LECTIONES
2297 5530 2384 5586 ET
2421 5531 2653 5589 noras.

572 5679 682 5749 (ιιι)
730 5679 900 5736 Codd.
953 5678 1072 5734 Vat.
1127 5677 1228 5734 650
1277 5689 1329 5738 et
1371 5679 1476 5736 Alt.
1533 5684 1605 5755 μὴ
1670 5687 1968 5755 producunt
2019 5688 2071 5744 iu

505 5749 690 5818 μηδὲν.
704 5751 908 5809 Possim.

2019 5688 2071 5744 iu
2250 5687 2360 5759 (Ξὸ)
2398 5689 2630 5763 Γέγονίς
2661 5689 2818 5747 iidem
2859 5701 3065 5750 mutant
3098 5694 3150 5748 in
3185 5693 3476 5765 γέγονεν.
3515 5701 3604 5758 In.
