4078 6396
481 376 618 444 1343

1680 378 1742 438 S.
1781 376 2074 437 ISIDORI
2115 373 2552 436 PELUSIOT.-E

3619 369 3761 432 1344

481 500 649 560 alque
676 487 906 543 astutias
937 486 1264 555 investigare
1289 500 1352 540 ac
1390 485 1599 541 rimari.
1631 485 2072 544 Observandum-

2195 484 2347 552 όγος,
2380 484 2447 537 τὰ
2483 483 2861 554 μηχανήματα
2890 482 3054 536 αὑτοῦ
3090 481 3400 552 ἀνιχνεύειν
3421 480 3516 534 καὶ
3555 481 3760 550 φυλάτ-

482 595 590 650 que
649 578 828 647 quoad
867 576 983 645 ejus
1041 575 1156 631 ﬁeri
1205 586 1402 647 potest,
1431 577 1668 633 maxime
1712 591 1834 632 cum
1864 575 2068 631 amoris

2195 576 2364 630 :eceai
2399 575 2475 638 ὡς
2505 575 2810 646 ἐνδέχεται·
2840 577 2971 630 ὅταν
3009 576 3244 645 μάλιστα
3277 574 3460 644 φιλίας
3513 574 3759 644 προσχή-

481 667 662 721 colore
695 667 941 721 inescare
973 664 1222 720 homines
1263 667 1498 721 studeat.
1533 664 1686 722 Tunc
1718 667 1863 722 enim
1894 681 2066 737 expu-

483 758 638 828 gnari
676 758 906 827 capique
936 765 1117 827 potest
1143 755 1433 814 diﬂicilius.

552 848 782 914 Quando
824 863 956 904 vero
1006 849 1073 905 de
1116 849 1461 919 dogmatibus
1508 850 1868 922 signiﬁcasti;
1907 848 2068 921 562

481 938 619 993 scito
647 939 868 995 audisse
901 955 988 994 me
1038 941 1329 1012 aliquando
1364 956 1430 996 ex
1465 941 1625 996 docto
1671 942 1792 996 viro
1835 956 2071 1012 cvange-

480 1029 619 1083 listaa
646 1044 890 1098 sensum,
921 1043 1210 1102 propterea
1261 1034 1403 1102 quod
1442 1031 1563 1088 Filii
1603 1033 1695 1088 Dei
1729 1049 1925 1088 nomen
1951 1040 2070 1086 astu

484 1124 817 1180 adornantes
859 1124 1223 1191 inverterunt,
1240 1130 1295 1180 ct
1312 1123 1513 1180 Filium
1527 1123 1621 1182 Dei
1643 1141 1751 1182 non
1768 1140 1890 1181 esse
1912 1140 2070 1180 crea-

483 1223 666 1270 turam
732 1223 877 1272 recte
925 1215 1249 1272 docuerunt.
1313 1216 1482 1272 Aiunt
1538 1216 1732 1272 enim:
1782 1215 1923 1282 His,
1982 1215 2074 1288 qui

487 1308 709 1363 credunt
738 1309 793 1362 in
827 1308 1038 1362 nomine
1075 1307 1209 1377 ejus,
1241 1307 1387 1362 dedit
1437 1309 1514 1364 eis
1569 1317 1882 1379 potestatem
1928 1307 2071 1378 ﬁlios

490 1398 590 1454 Dei
613 1399 728 1469 ﬁeri
752 1400 790 1452 ί.
851 1398 916 1453 Εῑ
944 1398 1072 1454 alibi
1103 1417 1116 1454 :
1163 1399 1434 1470 Quidquid
1479 1401 1736 1469 petieritis
1775 1401 1832 1455 in
1865 1401 2074 1455 nomine

489 1507 625 1558 mea,
649 1491 912 1560 accipietis
932 1493 974 1543 ³.
1008 1490 1153 1546 Inter
1174 1500 1366 1546 extera
1393 1507 1546 1560 vero,
1580 1508 1701 1562 qua:
1733 1491 1896 1546 multa
1923 1502 2074 1560 sunt,

491 1581 590 1638 Dei
618 1581 858 1647 nomina,
888 1582 1122 1638 maxime
1157 1583 1432 1653 proprium
1477 1591 1562 1639 est
1590 1582 1712 1638 Filii
1747 1583 1840 1638 Dei
1887 1584 2075 1654 appel-

493 1672 662 1727 latio:
691 1673 988 1728 ostendens
1018 1687 1204 1729 verum
1233 1686 1359 1729 esse
1384 1687 1448 1728 ac
1477 1671 1792 1744 genuinum,
1828 1681 1883 1728 et
1918 1686 2074 1728 crea-

499 1774 630 1819 turae
660 1779 878 1820 sensum
903 1779 1118 1820 omnem
1158 1763 1602 1836 intellectumque
1636 1765 1924 1821 excedens.
1953 1764 2078 1821 Cla-

2179 686 2308 740 ματι
2341 667 2570 740 δελεάζη
2594 683 2608 698 ·
2635 667 2758 722 τότε
2793 669 2902 741 γὰρ
2933 667 3237 732 δυσάλωτός
3273 668 3391 720 ἐστι
3417 665 3513 720 καὶ
3545 665 3762 735 δύσμα-

2174 776 2291 832 χος.

2260 851 2480 921 Ἐπειδὴ
2512 851 2569 906 δὲ
2597 850 2689 906 καὶ
2718 851 2849 923 περί⁵
2877 849 3165 922 δογμάτων
3206 851 3504 922 ἐμήνυσας,
3541 849 3653 903 ῐσθι
3681 849 3768 902 ὅτι

2177 943 2391 1016 ἥκουσὰ
2451 942 2584 996 ποτέ
2669 958 2818 1007 τινος
2900 941 3077 996 δεινοῦ
3139 941 3482 1011 καταμαθεῖν
3549 939 3769 1010 ἀνδρῶν

2178 1031 2584 1102 εὐαγγελιστῶν
2609 1032 2870 1097 διάνοιαν,
2904 1033 2984 1086 ὅτι
3015 1032 3180 1086 τόκου
3214 1031 3309 1085 τοῦ
3361 1030 3590 1102 γνησίου
3638 1028 3769 1083 τοῦ-

2179 1137 2319 1192 νομα
2383 1120 2667 1191 ἔστρεφον,
2733 1120 3238 1186 κατασκευάζοντες
3296 1119 3358 1173 τὸ
3425 1120 3501 1191 μὴ
3555 1118 3769 1189 κτίσμα

2181 1206 2320 1265 εἶναι
2349 1212 2438 1266 τὸν
2462 1211 2613 1266 Υἰόν.
2652 1213 2903 1282 Ἕφασαν
2936 1213 3064 1284 γάρ·
3101 1212 3237 1280 Τοῖς
3262 1214 3660 1269 πιστεύουσιν
3677 1213 3769 1280 εἰς

2179 1301 2246 1355 τὸ
2258 1299 2443 1369 ὄνομα
2451 1300 2638 1355 αὑτοῦ
2651 1299 2928 1356 δεδόσθαι
2941 1302 3044 1366 ὲξο
3053 1303 3234 1357 volav-
3247 1302 3426 1358 τέκνα
3440 1302 3590 1357 Θεοῦ
3601 1302 3771 1372 γενέ-

2180 1395 2321 1446 σθαι
2344 1430 2357 1444 .
2394 1390 2524 1445 Καί·
2563 1383 2632 1446 Ὀ
2666 1391 2775 1448 ἐὰν
2798 1393 3090 1464 αἰτήσητε
3131 1395 3201 1449 ἐν
3232 1394 3314 1462 τῷ
3360 1395 3610 1464 ὀνόματί
3642 1412 3769 1465 μου

2182 1481 2483 1552 λήψεσθε·
2543 1482 2714 1555 ὄνομα
2765 1485 2823 1538 δὲ
2861 1485 2957 1538 τοῦ
3017 1485 3372 1557 πολυωνύμου
3427 1486 3771 1560 κυριώτερον

2181 1572 2291 1628 τῶν
2334 1573 2519 1629 ἀλλων
2568 1576 2602 1646 ἡ
2665 1574 2758 1628 τοῦ
2802 1575 2934 1630 Υίοῦ
3005 1579 3368 1650 προσηγορία,
3425 1578 3486 1631 τὸ
3538 1579 3770 1650 γνήσιον

2183 1665 2548 1736 ἐμφαίνουσα,
2577 1667 2672 1721 καὶ
2703 1668 2803 1740 τὴν
2825 1668 2920 1722 τοῦ
2941 1670 3238 1741 κτίσματος
3272 1670 3481 1726 ἔννοιαν
3502 1669 3772 1741 ἐξοστρα-

2185 1759 2430 1822 κίζουσα.
2469 1759 2638 1830 Δῆλον
2683 1760 2861 1816 τοίνυν
2904 1761 2987 1816 ὅτι
3021 1764 3134 1828 τοῖς
3180 1765 3282 1833 μὲν
3311 1765 3448 1818 Υιὸν
3481 1763 3644 1818 αὑτὸν
3680 1763 3775 1817 λέ-

499 1870 618 1910 rum
653 1856 837 1925 itaque
869 1857 1049 1911 evadit
1085 1857 1482 1926 appellantibus
1507 1872 1631 1912 eum
1665 1855 1868 1910 Filium
1899 1857 2080 1911 datam

2195 1867 2374 1920 γουσιν
2409 1850 2568 1921 ἐδόθη
2620 1852 2654 1924 η
2690 1853 2873 1925 χάρις,
2905 1856 3019 1918 τοῖς
3051 1853 3108 1908 δὲ
3155 1854 3365 1927 κτίσμα
3394 1855 3559 1910 αὐτὸν
3586 1855 3773 1924 λέγειν

497 1958 620 2000 esse
649 1947 877 2016 gratiam
906 1963 921 2002 :
950 1946 1196 2018 refugere
1223 1953 1411 2003 contra
1452 1947 1522 2003 ab
1542 1947 1626 2003 bis
1651 1962 1767 2014 eos,
1803 1948 1895 2018 qui
1926 1962 2083 2004 crea-

501 2044 678 2092 turam
705 2052 825 2094 esse
855 2039 1057 2095 audent
1088 2055 1357 2096 asserere.
1389 2039 1465 2095 De
1489 2040 1674 2110 politia
1702 2040 1844 2110 quod
1876 2055 2086 2110 quaere—

499 2126 617 2194 bas,
649 2143 814 2183 avens
841 2128 1020 2184 omnia
1055 2129 1216 2185 simul
1248 2129 1479 2195 discere,
1512 2129 1700 2200 paucis
1743 2130 2083 2199 respondeo;

499 2223 775 2290 videlicet,
807 2223 1088 2295 gentilium
1121 2225 1396 2296 sapientes
1446 2223 1677 2295 gloriam
1719 2222 1930 2278 dicendi
1959 2238 2087 2294 gra-

500 2315 670 2370 vitate
706 2325 760 2370 et
809 2315 964 2385 copia
1009 2315 1233 2388 adeptos
1276 2317 1609 2372 constituere
1662 2313 1926 2383 volentes,
1958 2315 2087 2384 quid

497 2407 723 2478 justum,
761 2409 888 2478 quid
918 2409 1197 2474 decorum,
1223 2409 1357 2478 quid
1390 2408 1711 2478 legitimum,
1744 2417 1799 2462 et
1835 2406 2086 2475 denique,

500 2500 628 2569 quid
659 2499 944 2554 honestum
976 2499 1069 2566 sit,
1107 2502 1345 2555 rationes
1391 2499 1634 2554 inﬁnitas
1667 2497 1990 2564 afferentes,
2027 2513 2090 2552 ac

500 2592 730 2662 prolixis
772 2593 1132 2660 sermonibus,
1166 2592 1320 2662 quasi
1375 2592 1746 2663 labyrinthum
1806 2592 2088 2657 ducentes,

502 2691 710 2737 tantum
741 2683 808 2739 ab
839 2697 927 2748 eo,
960 2683 1105 2753 quod
1136 2682 1426 2738 dicendum
1449 2691 1588 2751 erat,
1621 2682 1926 2750 aberrasse,
1958 2693 2016 2737 ut
2039 2693 2094 2738 et

503 2773 745 2844 legentes
783 2773 1168 2828 coul‘undendo
1213 2772 1446 2843 amplius
1497 2773 1901 2829 conturbarint.
1953 2773 2092 2829 Ver-

502 2865 630 2920 bum
657 2880 787 2919 vero
813 2863 903 2919 Dci
934 2863 1105 2919 Filius
1141 2865 1362 2919 insitum
1395 2864 1602 2920 homini
1647 2865 1977 2920 intellectum
2012 2870 2094 2920 iu-

503 2968 850 3023 staurans,et
878 2948 1088 3016 arbitrii
1117 2960 1379 3030 cujusque
1406 2961 1710 3017 libertatem
1730 2963 1879 3033 justo
1903 2978 1966 3019 ac
1996 2963 2093 3018 de-

503 3066 654 3118 coro,
681 3051 1071 3122 lcgilimoitem
1103 3062 1158 3108 et
1190 3053 1417 3108 honesto
1453 3054 1733 3125 colligans,
1780 3055 1930 3110 brevi
1975 3069 2092 3110 ser-

2185 1940 2457 2013 τολμῶσιν
2486 1944 2519 2014 ἠ
2545 1943 2700 2014 χάρις
2724 1945 2825 1998 οὐκ
2852 1946 3129 2018 ἐπιφοιτᾷ.
3178 1946 3398 2018 Ἐπειδὴ
3435 1947 3492 2000 δὲ
3519 1947 3615 2000 καὶ
3640 1948 3778 2016 περὶ

2187 2033 2463 2096 πολιτείας
2493 2032 2602 2106 (50)
2634 2035 2933 2104 ἐδήλωσας,
2980 2037 3160 2091 πάντα
3197 2036 3334 2109 ὁμοῦ
3369 2037 3560 2108 μαθεῖν
3586 2037 3777 2109 γλιχό-

2191 2141 2370 2195 μενος,
2429 2126 2832 2184 ἀντεπιστέλλω
2890 2129 3173 2200 συντόμως
3203 2148 3218 2164 ·
3254 2131 3338 2184 ὅτι
3379 2131 3430 2184 οἱ
3492 2131 3592 2201 μὲν
3631 2131 3776 2201 παρ’

2188 2214 2415 2285 Ἕλλησι
2448 2217 2624 2285 σοφοὶ,
2663 2219 2711 2271 οἱ
2754 2217 2912 2283 δόξαν
2953 2219 3048 2275 ἐπὶ
3097 2219 3390 2291 σεμνότητι
3421 2220 3514 2274 καὶ
3541 2219 3778 2291 δυνάμει

2186 2305 2361 2374 λόγων
2391 2306 2540 2378 παρὰ
2581 2309 2748 2362 πᾶσιν
2779 2311 3099 2382 ἐσχηκότες,
3133 2311 3450 2384 βουλόμενοι
3486 2313 3779 2384 παραστῆ-

2191 2414 2280 2452 σαι
2306 2397 2361 2452 τί
2385 2398 2446 2452 τὸ
2474 2399 2704 2468 δίκαιον,
2736 2403 2830 2456 καὶ
2857 2403 2908 2456 τί
2942 2403 3002 2456 τὸ
3034 2403 3272 2476 πρέπον,
3307 2406 3404 2460 καὶ
3434 2407 3490 2460 τί
3525 2406 3588 2460 τὸ
3623 2407 3783 2477 νόμι-

2165 2507 2292 2568 μον
2321 2491 2416 2546 καὶ
2456 2492 2509 2545 τί
2547 2492 2606 2547 τὸ
2635 2494 2824 2560 καλὸν,
2877 2496 3106 2570 μυρίους
3145 2497 3336 2569 λόγους
3369 2498 3779 2567 ἀναλώσαντες,

2191 2585 2285 2640 καὶ
2311 2586 2592 2656 διαλόγους
2618 2590 2862 2661 μακροὺς
2883 2589 3224 2662 λαϐυρίνθων
3244 2591 3400 2645 οὐδὲν
3419 2591 3783 2662 διαφέροντας

2193 2679 2489 2742 συνιέντες,
2519 2680 2774 2735 τοσοῦτον
2799 2681 3043 2753 ἀπέσχον
3082 2682 3177 2736 τοῦ
3207 2685 3384 2739 εἰπεῖν
3409 2702 3462 2738 τι
3499 2685 3612 2740 τῶν
3631 2685 3786 2740 δεόν-

2192 2787 2320 2835 των,
2351 2770 2435 2824 ὅτι
2463 2771 2557 2824 καὶ
2578 2770 2740 2826 πλέον
2764 2773 2893 2837 τοὺς
2922 2773 3402 2844 ἀναγινώσκοντας
3431 2779 3779 2847 συγχέουσιν.

2205 2861 2264 2916 '0
2304 2861 2361 2914 δὲ
2401 2861 2678 2927 θειότατος
2709 2864 2886 2934 Λόγος
2935 2865 3083 2936 δεῦρ’
3141 2869 3522 2939 ἐπιφοιτήσας,
3563 2871 3660 2924 καὶ
3690 2870 3784 2923 τὸν

2194 2950 2434 3022 ἔμφυτον
2475 2953 2819 3026 ἀνακινήσας
2869 2956 2979 3010 τῶν
3013 2956 3322 3028 ἀνθρώπων
3361 2959 3648 3031 λογισμὸν,
3681 2963 3786 3015 καί⁷

2193 3042 2293 3116 τὴν
2322 3045 2557 3101 ἑκάστου
2618 3047 2878 3120 βούλησιν
2931 3050 3059 3120 ὅρον
3107 3049 3201 3103 τοῦ
3246 3051 3482 3118 δικαίου,
3535 3054 3632 3106 καὶ
3687 3053 3786 3106 τοῦ

507 3160 666 3200 mone
693 3145 744 3199 id
781 3161 941 3201 omne
971 3146 1182 3217 aperuit
1223 3161 1353 3202 usus
1392 3147 1613 3202 verbis:
1652 3165 1672 3199 ι
1728 3145 1920 3204 Omnia
1973 3161 2092 3216 quae

2197 3137 2523 3208 πρέποντος,
2554 3139 2649 3194 τοῦ
2676 3158 2737 3194 τε
2786 3141 3023 3213 νομίμου
3075 3143 3170 3195 καὶ
3201 3142 3298 3196 τοῦ
3327 3143 3497 3196 καλοῦ
3533 3144 3791 3215 πηξάμε-

504 3235 668 3290 vultis
691 3244 747 3289 ut
770 3235 974 3290 iaciant
999 3236 1150 3291 vobis
1178 3235 1518 3309 homines,et
1548 3251 1642 3292 vos
1669 3236 1833 3293 facite
1864 3235 1970 3292 illis
1998 3236 2038 3290 ³.
2069 3254 2089 3290 ι

2200 3246 2310 3292 νος,
2336 3228 2425 3284 διά
2455 3229 2713 3302 βραχείας
2753 3233 2967 3303 ρήσεως
3013 3232 3172 3286 τοῦτο
3210 3232 3540 3305 διεσάφησεν
3572 3235 3750 3289 εἰπών
3773 3253 3787 3267 ·

507 3325 588 3382 Ne
616 3342 720 3383 non
758 3328 961 3399 scripta
991 3326 1235 3399 proferre
1279 3329 1576 3392 videretur,
1627 3329 1803 3399 sigillo
1842 3329 2092 3384 muniens

2205 3341 2224 3375 ι
2263 3320 2450 3377 Πάντα
2481 3325 2581 3378 ὅσα
2609 3322 2794 3378 θέλετε
2825 3324 2911 3378 ἵνα
2958 3324 3189 3379 ποιῶσιν
3239 3324 3369 3396 ὑμῖν
3405 3328 3454 3380 οἱ
3483 3326 3790 3398 ἄνθρωποι,

507 3435 628 3490 quae
662 3421 894 3486 dixerat,
923 3422 1215 3493 omniaque
1240 3423 1560 3491 compendio
1610 3421 1892 3478 involvens
1920 3441 1933 3478 :
1965 3421 2096 3477 Han:

507 3524 580 3568 est
623 3515 783 3578 enim,
812 3515 1004 3582 inquit,
1059 3514 1143 3568 lex
1192 3523 1238 3568 et
1292 3514 1582 3592 prophetw.
1633 3513 1886 3570 Omnium
1935 3513 2100 3586 igitur

510 3607 734 3660 honeste
774 3607 1062 3675 factorum,
1091 3607 1206 3662 haec
1245 3607 1425 3677 regula
1454 3608 1546 3674 sit,
1582 3617 1640 3662 ut
1664 3607 1808 3678 quod
1844 3608 2002 3663 nobis
2032 3606 2100 3663 ab

509 3697 632 3753 aliis
686 3697 803 3752 ﬁeri
841 3699 1100 3768 petimus,
1132 3699 1271 3752 idem
1321 3698 1452 3752 illud
1493 3713 1588 3753 nos
1621 3697 1722 3768 ipsi
1759 3708 2098 3767 praestemus.

511 3789 670 3848 Scias
714 3803 769 3846 et
826 3791 981 3857 illud,
1014 3792 1157 3860 quod
1209 3790 1299 3859 qui
1355 3805 1536 3844 rerum
1594 3789 1996 3858 pulchritudine
2047 3790 2101 3844 in

515 3886 678 3939 rebus
702 3885 935 3940 conditis
961 3899 1067 3937 non
1091 3883 1156 3937 ad
1183 3883 1436 3952 pietatem
1463 3882 1548 3938 usi
1579 3881 1802 3949 iuerint,
1823 3895 1919 3936 eos
1942 3883 2102 3937 etiam

515 3973 569 4027 iu
603 3983 881 4029 creaturas
914 3972 1204 4044 impegisse
1234 3971 1466 4043 (tantum
1504 3973 1648 4030 enim
1683 3973 1854 4038 abest,
1894 3983 1956 4028 ut
1988 3972 2107 4042 opi-

520 4064 675 4118 ﬁcem
710 4063 874 4118 Deum
907 4067 1247 4135 agnoverint,
1282 4077 1337 4120 ut
1386 4065 1495 4120 illis
1549 4065 1713 4120 etiam
1769 4064 1975 4120 cultum
2025 4065 2097 4121 di-

519 4157 704 4211 vinum
751 4156 1060 4230 tribuerint)
1092 4157 1143 4212 hi
1175 4158 1450 4229 sapientes
1488 4172 1546 4213 se
1574 4173 1695 4214 esse
1728 4158 1833 4212 rati
1872 4158 1924 4211 in
1957 4158 2109 4228 igno-

521 4249 713 4305 rantia:
763 4248 952 4320 pelago
1019 4250 1266 4321 naufragi
1325 4249 1760 4319 praecipitarunt.
1828 4247 2110 4305 Creaturis

521 4342 666 4399 enim
697 4341 962 4397 artiﬁcem
995 4342 1419 4413 praedicantibus
1441 4345 1640 4414 (neque
1674 4341 1821 4398 enim
1865 4341 1984 4397 sine
2022 4355 2110 4396 ar-

2199 3415 2296 3469 κα¹ι
2319 3415 2480 3485 ὑμεῖς
2510 3418 2715 3470 ποιεῖτε
2745 3417 2950 3482 αὐτοῖς.
2999 3437 3018 3470 ι
3049 3413 3183 3472 Εἶτα
3215 3419 3302 3473 ἵνα
3342 3418 3419 3492 μὴ
3449 3419 3576 3491 δόξῃ
3617 3421 3794 3492 ἀγρα-

2201 3525 2300 3578 φον
2326 3508 2489 3580 νόμον
2518 3510 2640 3562 κατ’
2673 3509 2955 3580 ἐγγράφου
2991 3509 3221 3578 τιθέναι,
3258 3512 3795 3584 ἐπισφραγιζόμενος

2201 3597 2270 3651 τά
2292 3599 2561 3670 εἰρημένα
2613 3603 2707 3654 καὶ
2741 3599 2976 3666 δεικνὺς,
3032 3603 3115 3656 ὅτι
3157 3602 3336 3657 πάντα
3375 3605 3659 3675 συντόμως
3693 3625 3796 3660 πε-

2206 3689 2502 3762 ριείληφεν,
2559 3690 2662 3761 ἔφη
2690 3707 2704 3723 ο
2741 3686 2936 3758 Οὗτος
2981 3694 3100 3762 γὰρ]
3137 3694 3314 3747 ἐστιν
3335 3698 3368 3750 ό
3395 3697 3582 3766 νόμος
3609 3698 3798 3752 καίοι

2205 3783 2529 3854 προφῆται.
2564 3784 2652 3838 Ἑν
2683 3783 2870 3850 αὐτοῖς
2888 3786 3180 3858 τοιγαροῦν
3199 3788 3414 3859 ἔχοντες
3441 3791 3660 3845 πάντων
3688 3791 3799 3845 τῶν

2205 3879 2388 3933 καλῶν
2420 3879 2512 3933 τὸν
2539 3879 2763 3946 κανόνα,
2801 3879 2829 3932 ὃ
2880 3880 3186 3952 βουλόμεθα
3243 3881 3397 3951 παρά
3459 3882 3568 3936 τῶν
3618 3881 3802 3937 ἄλλων

2208 3973 2337 4044 ὑμῖν
2377 3973 2746 4045 ὑπαρχθῆναι,
2779 3973 2938 4027 τοῦτο
2970 3975 3100 4046 παρ’
3128 3974 3284 4045 ἡμῶν
3317 3975 3397 4038 είς
3426 3974 3674 4036 ἐκείνους
3702 3991 3802 4044 γε-

2207 4064 2404 4138 νέσθω.
2433 4064 2572 4118 Ἰσθι
2614 4063 2670 4118 δὲ
2700 4065 2792 4118 καὶ
2829 4067 3009 4130 τοῦτο,
3043 4067 3127 4120 ὅτι
3151 4065 3200 4120 οἱ
3222 4065 3299 4136 τῷ
3349 4065 3574 4136 μεγέθει
3597 4067 3696 4120 καὶ
3720 4066 3805 4138 τῷ

2208 4136 2398 4210 κάλλει
2441 4155 2551 4232 τῶν
2594 4158 2911 4228 κτισμάτων
2951 4158 3052 4212 οὐκ
3102 4158 3184 4222 είς
3227 4157 3514 4221 εὐσεϐείας
3539 4136 3803 4212 ὑπόθεσιν

2211 4247 2680 4318 ἀποχρησάμενοι,
2707 4247 2844 4301 ἀλλά
2873 4248 2968 4301 καὶ
3000 4247 3475 4319 προσπταίσαντες
3505 4249 3694 4312 αὐτοῖς
3718 4250 3804 4320 (οὐ

2211 4338 2324 4411 γὰρ
2367 4338 2526 4410 μόνον
2559 4339 2651 4394 τὸν
2698 4339 3044 4411 Δημιουργδν
3090 4341 3191 4394 οὐκ
3238 4340 3506 4410 ἔγνωσαν,
3543 4340 3682 4394 ἀλλά
3709 4343 3805 4398 καὶ

520 4431 760 4486 chitecto
785 4430 976 4485 domus
1007 4429 1326 4497 aediﬁcatur,
1357 4445 1533 4501 neque
1582 4433 1701 4486 sine
1751 4429 1904 4485 fabro
1957 4431 2092 4485 navi:

2214 4430 2396 4495 αὐτοῖς
2419 4431 2478 4483 τὸ
2503 4431 2662 4496 σέϐας
2687 4433 2946 4487 ἀνέθεσαν
2972 4426 3137 4503 (οὗτοι
3158 4433 3312 4502 σοφοὶ
3335 4433 3612 4503 οἰηθέντες
3634 4431 3805 4502 εἶναι,

522 4519 908 4590 compingitur,
945 4533 1122 4589 neque
1178 4519 1297 4574 sine
1353 4519 1560 4583 musico
1601 4534 1866 4589 organum
1916 4519 2113 4575 consti-

525 4612 846 4682 tuitur),arti
875 4613 1055 4682 potius
1083 4625 1243 4680 quam
1285 4620 1549 4666 creaturae
1579 4611 1786 4666 faciunt
1817 4609 2106 4679 iniuriam;

524 4703 772 4773 opiﬁcem
829 4704 1051 4760 interim
1111 4703 1513 4774 prwscribendo
1549 4704 1959 4759 submoverunt.
2013 4703 2109 4760 His

526 4794 692 4865 igitur
737 4796 930 4852 merito
964 4795 1126 4852 etiam
1157 4796 1347 4866 politia
1403 4796 1644 4854 evanuit.
1676 4795 1927 4852 Uuiversi
1961 4797 2106 4852 enim

2142 4571 2190 4630 ο

2215 4524 2295 4588 εἰς
2319 4523 2381 4576 τὸ
2409 4525 2510 4596 τῆς
2537 4523 2780 4596 ἀμαθίας
2832 4525 3180 4596 ἐναυάγησαν
3235 4523 3477 4595 πέλαγος
3498 4543 3513 4558 ο
3550 4526 3663 4580 τῶν
3695 4528 3808 4600 γάρ

2216 4615 2535 4687 κτισμάτων
2565 4617 3050 4689 ἀνακηρυττόντων
3084 4615 3174 4670 τὸν
3210 4617 3461 4689 τεχνίτην
3491 4619 3509 4690 (
3543 4619 3666 4672 οὐδὲ
3697 4620 3811 4691 γὰρ

2215 4704 2343 4759 ἄνευ
2389 4705 2773 4778 ἀρχιτέκτονος
2836 4707 2984 4760 οἰκία
3029 4706 3421 4778 οἰκοδομεῖται,
3485 4706 3612 4762 οὔτε
3672 4709 3811 4764 ἄνευ

2218 4796 2502 4869 ναυπηγοῦ
2543 4796 2698 4864 ναῦς,
2757 4799 2882 4853 οὐδὲ
2947 4800 3077 4855 ἀνευ
3156 4799 3457 4871 ἁρμονικοῦ
3540 4805 3813 4874 μουσικὸν

599 4973 619 5003 ³
646 4969 803 5027 Joau.
831 4984 870 5036 ι,
901 4969 988 5026 12.
1022 4927 1028 4928 7
1068 4973 1088 5004 '
1117 4970 1274 5029 Joan.
1317 4987 1426 5041 xiv,
1459 4972 1546 5029 14.
1623 4973 1644 5004 ³
1677 4971 1812 5028 Tob.
1855 4987 1928 5039 iV,
1958 4927 2061 5039 ιϐ,
2094 4968 2282 5027 Matth.
2317 4987 2412 5040 vn,
2453 4971 2557 5039 12;
2597 4971 2732 5029 Luc.
2771 4990 2845 5042 vn,
2870 4974 2962 5031 5i.

1655 5130 1890 5188 VARIA‘]
1935 5126 2324 5188 LECTIONES
2358 5127 2446 5184 ET
2489 5127 2722 5187 ΝΟΤᾹΞΞ.

535 5321 603 5400 ἂν
627 5321 771 5376 ἐάλω
793 5323 1004 5400 ταχέως
1035 5325 1169 5400 ἀλλά
1199 5329 1548 5400 προσχήματι
1586 5328 1788 5400 φιλίας,
1820 5324 1941 5400 lego
1966 5323 2108 5400 οῦτω

534 5395 666 5518 ἶὰρ,
705 5403 761 5446 ut
793 5394 846 5448 in
871 5397 1031 5463 epist.
1062 5398 1164 5479 id}
1192 5394 1312 5463 iul,
1342 5394 1440 5452 ubi
1472 5394 1657 5480 eadem
1687 5399 1854 5465 legas.
1889 5397 2105 5458 Statim,

576 5462 926 5518 ποδείΕαντας
950 5467 1226 5518 ἑλεπόλεις
1250 5470 1375 5518 vah.
1411 5468 1676 5518 Hesvelno
1705 5467 1978 5518 ἑλεπόλεις
2012 5483 2105 5518 μη-

576 5462 926 5538 ποδείξαντας
950 5462 1375 5538 ἐλεπόλειςχρή.
1411 5468 1676 5538 Hesychio
1705 5462 1978 5538 ἑλεπόλεις
2011 5483 2120 5538 μη-

2218 5338 2372 5392 voce,
2408 5332 2464 5380 et
2490 5325 2793 5391 συνθέντες,
2821 5324 3115 5397 velpotius
3149 5325 3501 5397 συνείροντες.
3533 5325 3816 5382 Platonem

2215 5397 2369 5467 enim
2392 5399 2710 5467 perstringit
2739 5396 2967 5467 dial0gis
2991 5397 3170 5467 omnia
3202 5396 3629 5467 pertractantem
3665 5413 3681 5450 :
3715 5411 3818 5452 cu-

2214 5466 2309 5548 jus
2341 5465 2537 5548 dialogi
2563 5464 2658 5548 De
2675 5464 3034 5548 Repub.:1tepi.
3064 5464 3275 5548 δικαίου
3319 5467 3714 5548 inscribuntur,
3757 5477 3820 5522 et

537 5535 722 5609 xuvq},
755 5539 969 5609 μηχανή
977 5538 1202 5609 ματσ.,δι’
1228 5533 1303 5593 ὧν
1329 5533 1385 5592 αί
1409 5533 1591 5599 πόλεις
1611 5533 2027 5609 καθαιροῦνταῄ
2047 5533 2092 5590 ῧι

2217 5533 2403 5590 notata
2430 5533 2949 5609 Socratisslpwvetu
2978 5533 3033 5592 iu
3065 5536 3382 5593 disserendo
3410 5539 3552 5608 apud
3580 5535 3812 5592 Cicero-

543 5604 627 5660 his
654 5604 924 5663 Vitruvius
941 5604 1034 5665 lib.
1064 5625 1092 5663 ι
1119 5604 1172 5663 et
1191 5610 1509 5665 Ammianus
1532 5604 1824 5662 Marcelliu.
1850 5606 1944 5661 lib.
1968 5621 2117 5659 xxw.

543 5674 662 5728 Mox
690 5676 754 5731 de
785 5681 1026 5750 gentium
1064 5679 1415 5750 philosophis,
1454 5675 1894 5750 μυρίους-λόγους
1920 5673 2123 5750 ἀναλω-

2223 5619 2369 5668 nem,
2404 5616 2459 5660 et
2485 5606 2640 5662 alios.
2675 5606 2919 5663 Scuo'r'r.

2297 5673 2410 5747 (50)
2439 5673 2594 5747 inter
2631 5677 3013 5747 «altare-iacet
3045 5675 3320 5747 ἐδήλωσας
3363 5675 3521 5732 codd.
3551 5673 3674 5732 Vat:
3707 5677 3816 5732 650

544 5761 754 5821 σαντες,
790 5743 885 5800 καὶ
928 5749 1015 5804 διά
1062 5743 1251 5820 λόγους
1278 5743 1547 5821 ’μακροὺς
1592 5745 2090 5821 λαβυρίνθων-οὑδὲ

2225 5753 2278 5799 et
2299 5743 2406 5798 Alt.
2438 5745 2683 5801 inserunt
2705 5747 2888 5821 τῆσδε.
2922 5745 3075 5821 Yers.
3107 5743 3229 5805 inde
3258 5748 3312 5817 6,
3344 5747 3625 5812 συνθέντες
3652 5747 3815 5806 iidem

544 5815 896 5886 διαφέροντας
933 5811 1246 5888 συνιέντεςῖ
1299 5811 1434 5892 iusto
1457 5819 1558 5887 leg.
1596 5811 1894 5884 διαλόγους,
1937 5815 2088 5887 junci

2229 5823 2434 5886 ponunt
2464 5831 2560 5886 pro
2595 5811 2884 5882 συνιέντες.
2921 5811 3129 5874 Possm.
