4078 6382
364 311 502 379 1345

1294 316 1831 379 EPISTOLARUM
1866 316 2015 377 LIB.
2053 317 2123 377 V.
2164 339 2234 350 -
2262 316 2499 379 EPIST.
2540 317 2757 381 XXXI.

3476 311 3635 390 ’1346

363 430 600 504 συσταίη
647 430 929 507 ὄργανον),
958 431 1170 489 ἐκείνοι
1206 434 1273 506 τῇ
1317 432 1482 506 τέχνῃ
1535 432 1735 505 μᾶλλον
1772 432 1806 505 ἢ
1834 434 1947 498 τοῖς

2052 431 2241 489 ducem
2276 440 2437 504 atque
2460 433 2817 491 architectum
2844 450 2877 493 e
2907 450 3009 493 suo
3059 436 3340 508 ejicientes
3370 444 3548 500 animo
3577 441 3633 497 in

357 523 669 597 τεχνηθείσι
727 525 1222 598 προσπταίσαντες,
1272 525 1365 581 τὸν
1426 525 1761 599 δημιουργὸν
1804 542 1945 597 παρ-

357 616 692 689 εγράψαντο.
741 617 868 682 Τοῖς
896 610 989 673 οὖν
1038 616 1303 683 τοιούτοις
1335 618 1584 682 είκότως,
1614 619 1710 672 καὶ
1753 616 1814 672 τὺ
1843 616 1945 686 τῆς

358 708 638 774 πολιτείας
662 708 1005 780 διέφθαρται.
1033 709 1137 765 Τδν
1161 709 1271 783 γὰρ
1312 708 1588 781 Ἦγεμόνα
1614 708 1707 763 τοῦ
1741 707 1945 772 παντὸς

358 802 424 854 ἐκ
454 800 795 872 τῆςέαυτῶν
817 801 1165 864 ἐκϐάλλοντες
1201 802 1399 875 ψυχῆς,
1426 802 1535 856 πᾶν
1559 797 1698 865 εἶδος
1730 800 1944 862 ἀδικίας

353 907 417 944 τε
443 892 537 945 καὶ
567 892 832 965 πονηρίας
857 892 1030 958 ἀδεῶς
1056 893 1187 965 δρᾷν
1217 896 1277 950 ού
1303 892 1718 965 παραιτοῦνται.
1766 892 1947 945 Ἐπει-

354 981 424 1055 δὴ
460 983 517 1037 δέ
548 986 643 1038 καὶ
682 986 813 1058 περὶ
846 985 957 1039 τῶν
1001 985 1303 1060 ἐλλογίμων
1342 984 1526 1056 ζητεῖς
1556 984 1692 1055 (5|),
1728 982 1837 1036 ίσθι
1862 983 1944 1036 ὅτι

352 1075 387 1127 ὁ
416 1072 695 1141 θειότατος
723 1077 899 1147 Λόγος
936 1077 1029 1132 τὸν
1054 1078 1340 1150 ἐλλόγιμον
1387 1078 1489 1132 οὐκ
1518 1075 1856 1141 ἀποσείεται,
1894 1076 1943 1128 εί

2051 537 2213 581 omne
2236 537 2408 594 genus
2433 524 2713 595 iniustitiae
2736 536 2793 587 et
2820 526 3189 599 improbitatis
3216 532 3479 587 audacter
3504 546 3630 600 pro-

2050 612 2189 684 lapsi
2212 629 2437 683 peccare
2466 630 2572 672 non
2590 617 2858 674 dubitant.
2884 619 3040 688 Quod
3065 622 3299 694 denique
3319 623 3389 679 de
3418 623 3639 694 sapien-

2052 705 2193 761 tibus
2245 705 2569 778 interrogas,
2596 710 2813 765 noveris
2846 710 2940 767 Dei
2994 711 3188 769 Filium
3239 713 3476 771 Verbum
3528 730 3634 770 nou

2050 797 2277 868 rejicere
2300 813 2515 855 omnem
2545 800 2967 871 praecellentem,
3010 805 3059 860 si
3111 819 3175 862 ex
3208 807 3421 863 ratione
3465 792 3634 864 vitam

2054 901 2345 960 componat
2376 909 2392 945 :
2433 900 2489 946 at
2513 891 2560 947 si
2602 892 2783 948 verbis
2807 894 3069 953 duntaxat
3099 898 3532 971 philosophatur,
3576 917 3637 958 re

2052 992 2232 1036 autem
2259 982 2374 1052 ipsa
2401 983 2642 1039 moribus
2685 986 2925 1054 aberret,
2948 987 3091 1043 nulla
3142 989 3261 1060 ejus
3308 990 3638 1063 eloquentia:

2052 1072 2247 1128 merito
2273 1081 2359 1128 est
2385 1073 2525 1130 ratio
2551 1074 2818 1130 habenda.

357 1166 507 1242 λόγῳ
528 1171 619 1226 τὸν
637 1173 839 1235 οἰκεῖον
876 1172 1132 1247 ῥυθμίζοι
1159 1174 1276 1246 βίον
1299 1190 1316 1207 ο
1350 1175 1398 1228 εί
1431 1174 1488 1230 δέ
1524 1174 1583 1228 ἐν
1638 1172 1819 1243 λόγοις
1885 1167 2215 1243 φιλοσοφῶν,
2262 1168 2447 1243 ἔργοις
2503 1170 2833 1242 ἀφιλόσοφος
2898 1172 3114 1247 ὀφθείη,
3176 1176 3415 1248 εὐλόγως
3459 1181 3581 1237 οὐδὲ
3606 1180 3639 1234 6

356 1257 518 1329 λόγος
543 1261 637 1315 τὸν
661 1262 904 1319 τοιοῦτον
938 1266 1227 1336 προσίεται
1249 1264 1386 1339 (52).

504 1376 635 1434 κθ.
682 1406 757 1421 -
791 1380 1065 1453 zamia,
1113 1380 1403 1450 MAPQNI,
1446 1379 1784 1454 ΕΥΣΤΑΘιῼ

2169 1373 2331 1448 533
2392 1372 2588 1430 χχιχ.
2641 1374 3069 1448 nostin),
3125 1376 3392 1437 unum
3440 1382 3528 1439 ET

2638 1444 3052 1505 EUSTATHIO.

1720 1562 1764 1617 Δ
1795 1560 1923 1616 luxu
1945 1559 2275 1617 dehortatur.

444 1680 517 1743 Ἦ
545 1688 715 1763 πολλὴ
730 1689 828 1746 καὶ
842 1691 1266 1759 ἀκατάπαυστος
1282 1692 1463 1766 τρυφὴ
1490 1691 1585 1749 καὶ
1609 1692 1704 1746 ἐπὶ
1722 1692 1814 1746 τὸν
1832 1690 1946 1764 (53)

357 1780 521 1853 mpii
553 1780 718 1852 φύσιν
767 1783 1108 1856 παιδοτριὸεἰ
1142 1785 1344 1856 ἔρωτα,
1384 1784 1481 1840 καὶ
1504 1785 1683 1838 πᾶσαν
1722 1782 1815 1838 τοῦ
1848 1781 1948 1853 μὲν

363 1871 620 1945 σώματος
647 1874 748 1946 τὴν
790 1875 1013 1946 ὑγείαν·
1044 1877 1141 1950 τῆς
1188 1877 1247 1931 δέ
1270 1876 1451 1950 ψυχῆς
1497 1876 1823 1949 λυμαίνεται
1850 1875 1950 1948 τὴν

358 1964 667 2035 εὐγένειαν.
703 1967 994 2023 Παύσασθε
1023 1967 1316 2042 τοιγαροῦν
1336 1971 1574 2041 ταύτης·
1605 1968 1699 2024 καὶ
1750 1968 1826 2041 μὴ
1854 1986 1951 2041 νη-

364 2056 599 2123 στείαις,
645 2057 784 2114 ἀλλά
832 2076 896 2129 γε
923 2063 991 2131 τῇ
1048 2061 1358 2135 αὐταρκείᾳ
1387 2064 1454 2135 τῇ
1498 2061 1667 2126 ὅντως
1711 2060 1949 2133 σώφρονι

354 2150 566 2221 τρυφῇ,
605 2149 846 2222 χρῆσθαι
877 2151 1110 2216 ἑαυτοὺς
1133 2153 1463 2209 παιδεύσατε
1484 2170 1499 2186 ο
1531 2154 1626 2209 καὶ
1668 2154 1950 2225 οἰχήσεται

354 2241 393 2311 ἢ
446 2239 543 2295 νῦν
575 2241 699 2296 καθ’
740 2241 895 2314 ὑμῶν
919 2244 1070 2315 παρά
1103 2246 1322 2301 πάντων
1368 2245 1605 2319 ᾀδομένη
1657 2245 1946 2318 κωμῳδία.

355 2335 427 2389 El
455 2332 515 2389 δὲ
541 2335 771 2401 ἑαυτοὺς
815 2338 897 2402 είς
930 2337 1029 2410 τὴν
1054 2338 1295 2394 ἄϐυσσον
1322 2339 1423 2410 τῆς
1451 2339 1706 2408 λαγνείας
1740 2337 1951 2411 ἐμϐάλ-

354 2426 506 2492 λετε,
565 2426 641 2500 μὴ
687 2430 804 2494 τοῖς
859 2429 1188 2502 κωμῳδοῦσι
1235 2430 1617 2502 χαλεπαίνετε,
1669 2429 1807 2487 ἀλλά
1845 2430 1948 2499 τῆς

354 2518 573 2583 οίκείας
600 2519 813 2591 τρυφῆς
839 2520 1313 2593 καταψηφίζεσθε,
1351 2523 1474 2595 τῆς,
1521 2523 1598 2588 ὥς
1623 2540 1812 2594 φασιν,
1846 2524 1949 2579 οὐκ

352 2609 572 2665 οῐκοθεν
590 2613 1152 2685 παρασκευαζομένης
1172 2615 1497 2687 (περίψηφοι
1512 2616 1624 2689 γάρ
1639 2616 1810 2689 ἐστε),
1830 2616 1948 2672 ἀλλ’

353 2702 428 2755 ἐκ
453 2700 550 2755 τοῦ
585 2701 897 2772 ἀλλοτρίαις
922 2705 1271 2777 ἐπιρρίπτειν
1312 2706 1643 2778 τραπέζαις.
1688 2706 1816 2763 Ἐὰν
1839 2708 1949 2785 γὰρ

352 2791 758 2866 διασκεδάσητι
804 2794 906 2865 τὴν
937 2795 1132 2866 ἀχλὺν,
1179 2796 1301 2853 τότε
1356 2797 1556 2868 δψεσθε
1585 2799 1687 2871 τῆς
1734 2816 1953 2873 σωφρο-

357 2883 534 2960 σύνης
564 2886 627 2941 τὺ
648 2887 865 2957 κάλλος,
895 2887 927 2941 ὃ
950 2888 1049 2944 νῦν
1078 2890 1230 2943 ἐστιν
1254 2889 1389 2961 ὑμῖν
1417 2888 1672 2949 ἀθέατον.

2122 1689 2318 1766 Ingens
2349 1706 2415 1749 ac
2442 1692 2732 1751 continuus
2758 1693 2921 1753 luxus
2958 1709 3081 1752 cum
3122 1697 3189 1752 ad
3216 1711 3458 1757 amorem
3498 1716 3640 1773 prae-

2053 1789 2136 1838 ter
2151 1791 2404 1839 naturam
2427 1783 2669 1848 instruit,
2695 1793 2804 1839 tum
2835 1787 3079 1854 corporis
3103 1801 3324 1845 omnem
3347 1791 3637 1847 sanitatem

2044 1871 2199 1943 Juxta
2228 1882 2391 1944 atque
2428 1873 2592 1929 animi
2622 1874 2767 1929 laedit
2800 1877 3163 1934 nobilitatem.
3204 1878 3291 1934 Ab
3319 1880 3421 1936 hoc
3450 1882 3637 1953 itaque

2051 1964 2354 2031 abstinete;
2387 1972 2440 2020 et
2469 1979 2574 2020 non
2590 1965 2836 2036 jejuniis,
2862 1969 2957 2025 sed
2983 1968 3266 2026 sufﬁcienti
3298 1971 3420 2027 cibo
3448 1975 3636 2030 mode-

2051 2057 2292 2127 ratisque
2324 2055 2533 2112 deliciis
2562 2056 2676 2127 jam
2719 2073 2865 2115 nunc
2908 2060 2987 2115 uti
3045 2062 3364 2118 assuescite.
3398 2061 3489 2119 Sic
3521 2065 3635 2129 lict,

2038 2141 2111 2201 ἰιι
2137 2145 2277 2201 mala
2308 2145 2488 2202 omnis
2514 2146 2581 2202 de
2628 2146 2782 2205 vobis
2821 2148 3070 2220 evulgata
3121 2162 3300 2207 cesset
3337 2150 3502 2208 fama.
3538 2154 3636 2209 Sin

2051 2253 2181 2294 vero
2232 2237 2284 2294 in
2326 2253 2489 2295 omne
2535 2238 2777 2297 libidinis
2814 2255 2989 2311 genus
3025 2244 3173 2298 velut
3215 2244 3268 2299 in
3309 2246 3637 2317 profundum

2051 2329 2306 2400 abyssum
2361 2329 2734 2400 praecipitatis,
2783 2332 2924 2389 male
2979 2334 3047 2390 de
3099 2333 3253 2392 vobis
3291 2336 3639 2407 loquentibus

2052 2419 2220 2475 nolite
2274 2419 2589 2492 indignari;
2639 2422 2773 2493 quin
2831 2424 3187 2480 domesticum
3235 2412 3414 2497 potius
3452 2428 3636 2482 luxum

2052 2513 2431 2580 condemnate,
2480 2528 2589 2568 non
2644 2521 2776 2582 tam,
2825 2524 2885 2572 ut
2949 2514 3152 2585 ferunt,
3200 2529 3386 2574 vestro
3419 2528 3637 2588 sumptu

2051 2612 2424 2674 apparatuque
2486 2603 2811 2661 instructum
2842 2604 3030 2679 (parce
3070 2608 3218 2665 enim
3260 2619 3507 2681 sumptus
3558 2609 3642 2665 fa-

2052 2695 2224 2765 citis),
2254 2710 2416 2766 quam
2448 2695 2679 2752 aliorum
2707 2713 2804 2756 vos
2832 2699 3142 2771 ingerentes
3189 2700 3413 2756 mensis.
3455 2698 3641 2767 Quare

2053 2787 2100 2843 si
2140 2786 2283 2843 hanc
2309 2786 2560 2858 caliginis
2587 2791 2786 2846 nubem
2827 2791 3186 2863 dissipabitis,
3226 2805 3456 2848 cernere
3502 2799 3639 2847 tunc

2055 2878 2242 2935 licebit
2287 2881 2680 2951 temperantiae,
2730 2897 2895 2954 quam
2947 2899 3092 2940 nunc
3138 2884 3425 2955 ignoratis,
3473 2897 3644 2941 venu-

2056 2980 2254 3029 ειιιειιι
2271 3015 2289 3032 .

354 3105 450 3167 A'.
489 3135 566 3151 —
612 3111 1420 3185 EPMOFENEI,§EOAOVZIQ
1476 3113 1601 3168 ΚΑΙ
1640 3110 1944 3185 ΔΙΛΙΔΝῼ.
1971 3090 2022 3158 C
2068 3100 2075 3107 '
2119 3104 2294 3168 xxx.
2357 3141 2429 3153 —
2485 3110 3402 3185 ILEQRMQGENJLIHEQDOSIO,
3471 3110 3563 3169 ET

945 3184 1384 3239 ΕΠΙΣΚΟΠΟΙΣ.

2488 3181 2791 3254 JELIANO,
2845 3180 3217 3240 EPISCOPIS.

1473 3293 1519 3350 A
1548 3270 1738 3352 nirtute
1762 3307 1867 3351 tres
1888 3295 2220 3353 commendat
2243 3295 2537 3367 episcopos.

438 3412 505 3468 Εί
528 3411 604 3484 μὴ
633 3411 666 3482 ἠ
703 3409 990 3484 ὑπερφυὴς
1014 3409 1171 3482 ὑμῶν
1194 3410 1366 3483 ἀρετὴ
1394 3409 1701 3482 ἐλέγχουσα
1728 3427 1832 3482 μου
1859 3411 1954 3465 τὸν

2130 3409 2245 3466 Nisi
2269 3408 2548 3466 excellens
2570 3416 2748 3465 vestra
2778 3409 2954 3466 virtus
2980 3422 3157 3464 meam
3196 3422 3501 3481 coarguens
3520 3425 3649 3468 ora-

362 3504 552 3575 λόγον,
589 3505 685 3559 καί⁸
720 3504 815 3558 ἐπὶ
856 3502 965 3557 τῶν
990 3502 1108 3568 νῦν,
1146 3502 1341 3577 (πλείω
1377 3501 1488 3574 γάρ
1535 3499 1709 3576 ίσασι)
1738 3502 1834 3557 καὶ
1860 3502 1950 3556 ἐπὶ

2063 3502 2288 3568 tionem,
2318 3516 2442 3557 cum
2472 3500 2613 3571 apud
2641 3516 2756 3568 eos,
2780 3500 2873 3572 qui
2921 3500 3081 3557 modo
3124 3510 3254 3556 sunt
3296 3501 3473 3572 (plura
3501 3504 3647 3557 enim

364 3598 484 3653 τῶν
523 3595 819 3668 ἐσομένων,
873 3595 1070 3670 (μείζω
1108 3594 1219 3668 γὰρ
1249 3593 1284 3665 ἢ
1329 3592 1743 3668 πιστεύσουσιν)
1781 3595 1950 3649 εἰπεῖν

2068 3592 2173 3663 ipsi
2217 3592 2444 3663 sciunt),
2473 3603 2585 3647 tum
2617 3593 2758 3663 apud
2793 3601 3039 3661 posteros
3072 3589 3291 3663 (horum
3337 3591 3484 3650 enim
3531 3591 3649 3663 opi-

363 3691 440 3749 ἂν
476 3686 751 3763 κατῆλθον
808 3688 891 3753 είς
933 3687 1027 3744 τὸν
1079 3686 1271 3758 ἀγῶνα
1310 3686 1423 3743 τῶν
1472 3687 1754 3760 ὑμετέρων
1784 3687 1950 3758 ἐγκω-

2065 3682 2231 3738 nione
2263 3681 2416 3753 plura
2443 3681 2614 3749 sunt),
2650 3694 2738 3735 me
2766 3680 2909 3750 loqui
2938 3689 3167 3749 vetaret,
3194 3682 3252 3737 in
3303 3681 3522 3740 laudum
3557 3696 3652 3737 ve.

366 3784 535 3858 μιων.

690 3915 819 3974 ΛΑο.
857 3945 926 3959 --
947 3896 1294 3989 ΠΔΛΛΔΔῙῼ
1313 3900 1636 3991 ΔιλιςοΝςι.

2063 3783 2302 3832 strarnm
2329 3787 2583 3843 campum
2611 3786 2985 3829 excurrerem.

2340 3908 2536 3967 XXXI.
2575 3941 2646 3952 —
2675 3909 3019 3969 PALLADIO
3055 3910 3380 3972 DlACONO.

363 4032 436 4092 S.
468 4029 762 4104 Scriptura:
799 4030 1136 4098 incumbam,
1179 4045 1290 4085 non
1334 4028 1572 4085 scientiis
1618 4029 1802 4104 caesa,
1849 4041 2171 4104 responsum
2197 4029 2437 4104 denegnt,
2469 4043 2555 4097 ae,
2598 4026 2739 4099 quod
2777 4035 2914 4083 astat
2960 4025 3225 4097 Christus,
3273 4038 3520 4085 sanatum
3561 4027 3651 4085 det

1570 4099 1811 4183 canibus.
1847 4093 2064 4167 Confer.
2090 4098 2298 4169 epistol.
2330 4093 2461 4155 ΒΞ.

444 4237 643 4295 Πολλοὶ
667 4236 771 4309 μέν
801 4250 988 4307 φασιν,
1017 4233 1101 4289 δτι
1128 4232 1233 4288 οὐκ
1256 4230 1436 4305 ὀρθῶς
1459 4230 1614 4304 βιῶν,
1637 4229 1774 4286 ἀλλὰ
1805 4246 1950 4303 περι-

2138 4228 2405 4288 Βείοτιιιιι
2448 4230 2757 4303 complures
2804 4238 2879 4296 te,
2933 4243 3059 4287 eum
3114 4236 3267 4287 recte
3319 4229 3488 4285 vitam
3540 4244 3651 4285 non

372 4330 620 4387 στέλλειν
678 4328 1005 4400 βουλόμενος
1065 4326 1135 4381 τά
1192 4323 1394 4382 ἑαυτοῦ
1470 4323 1819 4395 πταίσματα,
1863 4319 1950 4392 rip

2069 4324 2347 4389 instituas,
2423 4323 2520 4379 sed
2578 4331 2669 4378 tua
2720 4325 2980 4394 obtegere
3030 4321 3163 4378 vitia
3223 4322 3465 4390 labores,
3524 4321 3651 4392 glo-

375 4421 478 4478 τοῦ
504 4418 815 4492 φιλομαθὴς
869 4412 1011 4472 εἶναι
1061 4416 1219 4484 δόξαν
1262 4412 1602 4488 θηρώμενος,
1649 4411 1950 4477 ἀκολουθεῆ

2069 4415 2232 4481 riam,
2262 4415 2421 4486 quasi
2447 4414 2695 4472 discendi
2727 4415 2957 4486 cupidus
2983 4414 3084 4483 sis,
3118 4416 3395 4486 sequendo
3428 4413 3648 4471 sectari.

375 4515 497 4579 τοῖς
530 4513 750 4583 σοφοῖς·
787 4508 899 4585 ἐγὼ
930 4509 989 4564 δέ
1017 4507 1180 4565 τοῦτο
1204 4506 1307 4579 μὲν
1343 4507 1407 4560 οὐ
1437 4507 1695 4578 φήσαιμι,
1727 4501 1865 4559 ἀλλὰ
1895 4502 1950 4574 τῆ

2071 4505 2335 4577 Equidem
2394 4518 2507 4562 non
2551 4504 2626 4561 ita
2658 4516 2902 4571 censeo;
2954 4504 3052 4561 sed
3102 4504 3476 4575 experimento
3522 4504 3655 4561 edo-

376 4608 556 4679 πείρᾳ
602 4603 815 4677 μαθὼν,
851 4603 935 4658 δτι
954 4601 1017 4657 οὑ
1067 4600 1159 4655 διὰ
1181 4599 1244 4654 τὸ
1272 4599 1473 4655 ειδέναι
1499 4598 1569 4653 τὰ
1598 4596 1702 4669 τῆς
1744 4594 1950 4667 Γραφῆς

2072 4608 2194 4656 ctus
2222 4612 2364 4663 sum,
2408 4596 2553 4667 quod
2576 4611 2689 4653 non
2710 4605 2771 4652 ut
2798 4610 3096 4668 cognoscas
3125 4604 3372 4653 sanctam
3400 4595 3653 4665 Scriptu-

374 4702 551 4759 ὥδυτα
577 4698 805 4773 ἐρευνᾷν
832 4695 1129 4769 προσποιῇ,
1147 4690 1285 4747 ἀλλά
1302 4692 1461 4758 δόξαν
1490 4690 1644 4762 παρά
1665 4690 1762 4744 ἀνθ
1772 4686 1950 4761 ρώπωι

2073 4703 2211 4758 ram,
2245 4687 2402 4760 adyta
2453 4686 2572 4757 ejus
2623 4687 2955 4758 perscrutari
2999 4701 3111 4759 prae
3164 4696 3217 4742 te
3262 4685 3431 4753 feras,
3458 4686 3554 4743 sed
3594 4694 3657 4742 ut

376 4787 702 4863 μνώμενος’
752 4784 854 4840 οὐκ
888 4780 1296 4856 ἀποκρινοῦμαί
1330 4797 1436 4845 σοι,
1485 4777 1615 4850 θείῳ
1648 4775 1950 4847 πειθόμενοι

2072 4773 2287 4829 laudem
2317 4774 2599 4830 hominum
2652 4774 2899 4831 ambiens
2937 4792 2953 4831 :
2989 4790 3096 4831 non
3142 4774 3238 4831 tibi
3269 4774 3537 4831 assentior
3564 4776 3659 4832 Dei

373 4877 620 4955 χρησμῷ
662 4875 1159 4952 παρακελευομένῳ
1208 4875 1284 4946 μὴ
1333 4872 1535 4928 διδόναι
1584 4869 1654 4925 τὰ
1701 4870 1833 4938 am
1859 4870 1950 4922 τοι

2075 4864 2298 4922 oraculo
2326 4878 2642 4936 persuasus,
2674 4865 2766 4936 qui
2789 4864 2945 4937 jubet
2968 4872 3156 4923 sancta
3203 4880 3309 4922 non
3351 4879 3475 4923 esse
3506 4864 3659 4922 cani-

376 4971 539 5039 κυσὶ,
569 4971 708 5044 μηδέ
742 4971 958 5043 ῥίπτειν
982 4968 1109 5034 τοὺς
1141 4965 1488 5040 μαργαρίτας
1528 4957 1841 5035 ἔμπροσθεν
1864 4956 1950 5013 τῶε

2078 4959 2179 5014 bus
2206 4955 2532 5027 objicienda,
2556 4964 2619 5015 ut
2647 4971 2746 5017 nec
2775 4957 2959 5030 porcis
2983 4957 3310 5031 margaritas
3328 4958 3374 5015 ⁸.

375 5064 607 5140 χοίρων-

457 5242 486 5277 δ
520 5241 720 5302 llatth.
761 5256 861 5310 vn,
889 5239 963 5308 6;
1005 5253 1098 5308 xv,
1121 5238 1214 5296 26.

1454 5392 1692 5452 VARIE
1722 5392 2110 5454 LECTIONES
2140 5389 2231 5447 ET
2266 5389 2504 5449 NOTAE.

2086 5542 2330 5612 τοιούτου
2357 5556 2519 5612 προσ.
2554 5541 2629 5596 in.

2158 5612 2268 5683 (55)
2308 5596 2416 5668 Pro
2440 5611 2535 5665 ἐπὶ
2560 5612 2650 5665 τὸν
2688 5608 2879 5683 legunt
2908 5610 3003 5664 ἐπὶ
3037 5607 3165 5671 τοὺς
3194 5601 3351 5683 codd:
3399 5599 3515 5656 Vat.
3559 5596 3668 5683 6_50

2083 5692 2141 5741 et
2162 5668 2275 5739 Ἀιί.
2306 5690 2363 5740 et
2400 5696 2544 5740 vers.
2575 5696 2691 5754 seq.
2727 5668 2826 5754 pro
2854 5680 3033 5752 ἔρωτα
3068 5668 3275 5750 ponunt
3321 5671 3548 5745 ἔρωτας.
3588 5668 3667 5723 In.

464 5549 581 5624 (5i)
615 5547 770 5618 Quod
816 5554 940 5624 post
969 5545 1284 5624 ἐλλογίμων
1325 5550 1403 5624 ῑι).
1428 5542 1573 5624 edito
1610 5542 1827 5613 legitur,
1876 5542 1978 5615 ζη-

385 5612 508 5685 τεῖς
538 5612 693 5677 abest
722 5635 752 5673 a
777 5612 934 5675 codd.
969 5616 1090 5673 Vat.
1119 5612 1235 5671 ⁷650
1257 5613 1450 5685 etAlt.
1475 5612 1691 5685 Possm.

362 5722 410 5767 ε,
464 5682 582 5767 (5%.)
617 5691 727 5767 _Pro
755 5685 1017 5767 nimiis.
1035 5684 1373 5767 6.1619516?
1398 5682 1977 5767 ῑφοῦτρεπερρσίεταιι

391 5752 514 5820 hic
546 5752 748 5820 habent
784 5752 944 5817 codd.
973 5757 1146 5816 Valic.
1168 5752 1280 5813 ’650
1312 5762 1367 5812 et
1390 5755 1524 5825 Alt.,
1544 5753 1666 5810 οὐδὲ
1695 5752 1851 5824 λόγον
1881 5752 1976 5808 τοῦ
