4078 6360
317 313 454 380 1349

1227 309 1767 372 EPISTOLARUM
1808 310 1963 371 LIB.
2006 312 2076 372 ν.
2111 336 2184 348 -
2219 311 2458 372 EPIST.
2499 312 2770 372 XXXIX.

3471 313 3608 382 1350

312 426 559 499 ἀνδρίαν,
608 427 711 484 κᾶν
747 425 925 498 φωναὶ
962 423 1077 496 (57)
1131 420 1454 494 σαλπίγγων
1482 424 1579 478 καὶ
1605 424 1910 496 συρίγγων,
1945 433 2030 488 A1

2016 426 2147 482 sicae
2191 427 2326 483 artis
2358 441 2458 496 per
2496 442 2624 484 aera
2661 427 2855 483 delatze
2901 427 3130 484 auribus
3177 427 3606 491 circumsonent.

314 521 412 575 καὶ
445 519 630 590 πάσης
671 522 942 592 μουσικῆς
992 518 1134 590 πρὸς
1182 516 1278 572 τὸν
1341 516 1541 586 αἰθέρα
1596 518 1910 588 φερομένης
2011 537 2030 577 ε

2016 530 2068 577 et
2093 520 2290 576 {ornax
2336 521 2532 591 inopiae
2561 523 2913 589 accendatur,
2957 537 3026 577 ne
3058 522 3333 593 tympanis
3364 523 3612 577 attenda-

314 611 662 683 περιηχῶσιν
720 612 882 684 ἡμῶν
957 611 1058 674 τὰς
1103 610 1272 673 ἀκοὰς
1306 608 1442 681 (58),
1529 609 1625 662 καὶ
1680 609 1912 679 κάμινος

315 705 510 770 πενίας
535 705 873 770 ἀνακαίοιτο,
925 703 1000 776 μὴ
1033 702 1395 773 προσέχωμεν
1433 703 1548 765 τοῖς
1581 701 1909 772 τυμπάνοις,

319 798 455 870 μηδέ
469 801 584 863 τοῖς
599 796 960 868 αὐλοῖς,¹μηδέ
971 799 1039 868 τῇ
1056 797 1219 866 λοιπῇ
1244 793 1338 846 τοῦ
1365 792 1596 848 πλούτου
1615 794 1908 866 φαντασίᾳ.

329 889 492 946 ’Δλλά
524 890 626 944 κᾶν
657 892 736 952 είς
761 889 994 961 κάμινον
1026 889 1290 959 ἐμπεσεῖν
1315 886 1412 960 δέῃ
1434 926 1449 952 ,
1475 885 1753 956 πτωχείαν
1777 884 1912 938 ἐλώ-

320 977 484 1049 μεθα,
518 980 656 1035 ὥστε
697 978 772 1048 μὴ
811 977 1193 1048 προσκυνῆσαι
1218 975 1435 1046 ἐκείνῳ,
1469 975 1567 1029 καὶ
1600 975 1754 1029 ἔσται
1775 976 1908 1046 ἡμῖν

314 1072 350 1142 ἡ
399 1069 712 1141 φιλοσοφία,
755 1069 993 1126 ἐνταῦθα
1037 1069 1136 1141 μὲν
1180 1069 1371 1140 ῶσπερ
1424 1067 1615 1138 δρόσος
1665 1069 1722 1121 ἐν
1755 1066 1908 1138 μέσῳ

313 1161 730 1234 διασυρίζουσα,
760 1163 856 1217 καὶ
887 1161 1202 1233 ἐλευθερίαν
1231 1161 1450 1215 ἃπασαν
1482 1160 1771 1227 ὠδίνουσα,
1795 1162 1914 1216 ἐκεῖ

314 1254 378 1309 δὲ
415 1255 541 1318 τοὺς
565 1255 868 1325 στεφάνους
889 1255 986 1325 τῆς
1022 1253 1303 1324 ὑπομονῆς
1333 1253 1726 1308 ἀποτίκτουσα.

621 1368 747 1424 AZ'.
787 1395 855 1410 --
889 1367 1191 1439 summa
1223 1365 1595 1439 smxxonp.

2015 629 2158 679 mus,
2216 628 2393 684 neque
2446 614 2630 684 tybiis,
2684 629 2749 668 ac
2801 627 2870 669 ne
2916 613 3146 684 reliquis
3185 614 3401 684 quidem
3445 627 3610 683 opum

2014 706 2437 776 phantasmatis.
2463 706 2569 761 Sed
2595 706 2700 762 etsi
2736 707 2789 760 in
2823 707 3101 761 caminum
3153 705 3471 775 projiciendi
3519 720 3610 760 suo

2015 813 2157 862 mus,
2184 799 2588 855 mendicitatem
2615 813 2772 868 aequo
2795 798 3034 855 feramus
3062 798 3267 862 animo,
3299 806 3358 852 ut
3387 813 3455 852 ne
3481 812 3614 868 opes

2014 891 2232 960 quidem
2269 893 2580 946 adoremus.
2610 889 2702 945 Sic
2753 890 2859 944 erit
2910 891 3023 947 haec
3074 891 3230 946 nobis
3269 890 3613 960 pliiloSOphia

2015 985 2212 1040 exinde
2244 985 2387 1040 velut
2422 998 2514 1038 ros
2534 982 2586 1037 in
2620 982 2802 1037 medio
2834 981 3051 1036 sibilum
3087 983 3257 1037 edens
3282 982 3328 1049 ⁸,
3359 996 3612 1039 omnem-

2015 1090 2120 1142 que
2146 1076 2370 1147 gignens
2397 1075 2730 1140 libertatem,
2766 1073 2948 1144 ibique
2986 1087 3222 1130 coronas
3246 1073 3482 1129 all‘erens
3505 1088 3605 1143 pa-

2014 1169 2243 1224 tientia.

2160 1365 2326 1441 565
2372 1367 2640 1424 XXXVII.
2671 1401 2742 1411 —
2779 1366 3081 1425 LEONTIO
3117 1365 3469 1424 EPISCOPO.

461 1460 538 1517 De
569 1463 718 1517 bonis
755 1463 1066 1533 presbyteris
1099 1473 1285 1516 contra
1317 1461 1488 1516 "talos
1519 1462 1821 1530 disseritur,
1855 1464 2049 1535 quique
2085 1479 2268 1518 eorum
2299 1481 2354 1519 se
2383 1474 2629 1519 excusent
2653 1463 2913 1533 exemplo.
2950 1461 3164 1532 Confer.
3195 1461 3348 1528 epist.
3377 1459 3469 1513 2!.

389 1577 457 1630 El
488 1576 590 1648 μὲν
620 1575 733 1630 τῶν
781 1575 1103 1647 ἀρχομένων
1144 1574 1299 1638 τινὰς
1333 1575 1614 1646 ἐχειροῦτο
1643 1579 1676 1649 ἡ
1708 1578 1914 1645 κακία,

313 1670 474 1724 ούδέν
505 1667 640 1741 (χρὴ
667 1669 776 1738 γὰρ
804 1668 1014 1739 τάληθῆ
1044 1668 1225 1738 λέγειν
1247 1667 1268 1740 )
1290 1666 1356 1722 ἂν
1377 1664 1447 1738 ἦν
1469 1667 1694 1722 τοσοῦτο
1717 1669 1911 1736 δεινὸν,

2097 1579 2156 1635 Si
2181 1579 2400 1648 quidem
2437 1577 2780 1636 subditorum
2808 1577 3135 1648 quibusdam
3167 1576 3486 1647 improbitas
3517 1575 3615 1630 do-

2024 1670 2286 1736 minetur,
2339 1669 2474 1730 nibil
2514 1671 2722 1740 (verum
2777 1677 2861 1724 est
2907 1669 3053 1725 enim
3100 1667 3504 1739 proferendum)
3547 1681 3615 1722 eo

314 1762 529 1833 καίπερ
553 1759 614 1814 δν
643 1760 840 1817 δεινόν.
871 1757 1096 1831 Ἐπειδὴ
1117 1760 1173 1814 δέ
1196 1760 1444 1831 ἕρπουσα
1467 1760 1605 1831 πρὸς
1626 1761 1692 1814 τὰ
1714 1761 1913 1832 χείρω,
1947 1761 1989 1815 Β
2021 1777 2030 1814 t

2021 1761 2195 1830 magis
2229 1769 2316 1816 est
2353 1776 2542 1832 grave,
2591 1759 2810 1816 tametsi
2863 1759 2933 1815 sit
2968 1774 3154 1830 grave.
3197 1759 3334 1814 Cum
3380 1773 3510 1814 vero
3545 1759 3614 1813 ad

314 1852 416 1908 καί
440 1869 589 1916 τινας
610 1851 719 1906 τῶν
755 1850 1010 1923 ίερᾶσθαι
1025 1850 1301 1921 λαχόντων
1324 1850 1700 1904 ἐπιδόσκεται·
1724 1853 1820 1906 καὶ
1841 1853 1917 1917 ὡς

313 1945 606 2016 γέγραφας
628 1943 725 2014 (τὸ
747 1944 855 1998 τῶν
883 1946 1069 1998 κακῶν
1092 1945 1412 2014 κεφάλαιον,
1439 1945 1539 2000 καὶ
1570 1945 1752 2016 πάσης
1779 1962 1918 2018 συμ-

311 2039 493 2110 φορᾶς
508 2037 832 2108 βαρύτερον)
856 2037 1176 2107 ἀπολογίαν,
1197 2038 1300 2092 οὐκ
1313 2033 1411 2092 οἷδ’
1428 2038 1598 2104 ὅπως,
1623 2037 1784 2093 τοῦτο
1802 2041 1916 2103 τοῖς

311 2129 582 2199 ὑπηκόοις
611 2127 810 2182 τίκτει.
846 2127 1220 2182 ’Δκουέτωσαν
1248 2128 1296 2182 οί
1325 2125 1502 2184 ταῦτα
1527 2127 1800 2196 λέγοντες,
1836 2127 1912 2200 μὴ

307 2222 431 2283 τοῖς
459 2218 646 2283 κακῶς
670 2219 992 2290 ίερωμένοις
1011 2221 1390 2291 παραμετρεῖν
1412 2219 1504 2274 τὸν
1538 2220 1741 2274 οἰκεῖον
1773 2219 1911 2290 βίον,

309 2311 458 2366 ἀλλὰ
492 2313 613 2374 ταῖς
664 2311 930 2377 ἐντολαῖς.
988 2311 1050 2364 '0
1085 2311 1196 2382 γὰρ
1232 2311 1428 2384 κριτὴς
1475 2312 1772 2376 ἀδέκαστος
1813 2311 1912 2378 ὢν,

309 2403 620 2473 ἀπολογίαν
661 2403 856 2473 ἄλογον
890 2403 954 2458 οὐ
986 2403 1220 2469 δέξαιτο,
1250 2404 1368 2457 ἀλλ’
1398 2405 1515 2474 ἐρεῖ
1547 2403 1782 2475 μάλιστα
1814 2404 1915 2476 μέν

306 2497 400 2549 ὅτι
447 2495 562 2566 (59)
610 2495 802 2549 πολλοὶ
849 2494 960 2549 τῶν
1008 2496 1326 2566 ἱερωμένων
1379 2497 1778 2568 ηὐδοκίμησαν,
1831 2493 1915 2560 οἷς

310 2589 490 2660 ἐχρῆν
520 2588 887 2660 προσέχοντας
925 2589 1072 2659 ὑμᾶς
1105 2589 1198 2642 τὸν
1229 2589 1354 2642 νοῦν
1383 2588 1678 2660 διορθῶσαι
1708 2589 1802 2642 τὸν
1833 2591 1913 2642 ol-

309 2682 470 2734 κετον
515 2677 650 2749 βίον.
695 2679 916 2750 Ἐπειδὴ
949 2679 1004 2732 δέ
1035 2679 1357 2750 ἐφωράθητε
1387 2679 1488 2748 τῆς
1528 2681 1727 2744 κακίας
1759 2679 1913 2748 ὄντες

311 2772 583 2842 ἐρασταὶ,
625 2771 684 2838 ἐξ
709 2765 784 2826 ὧν
814 2771 876 2824 οὑ
904 2773 1017 2835 τοῖς
1044 2771 1434 2842 ἀριστεύσασιν
1467 2772 1674 2836 ἀτενῶς
1737 2789 1911 2847 προσ-

2019 1853 2292 1908 deteriora
2345 1868 2547 1924 urgens
2585 1853 2753 1907 etiam
2795 1851 3086 1907 sacerdotii
3133 1864 3337 1906 sortem
3389 1850 3615 1920 adeptos

2017 1946 2346 2014 depascitur,
2381 1954 2458 2011 et,
2499 1955 2556 2000 ut
2595 1944 2792 2000 scribis
2819 1943 2987 2015 (quod
3031 1943 3109 1998 rei
3149 1952 3313 2011 caput
3352 1943 3614 2012 omnique

2020 2035 2218 2091 datiiuo
2243 2035 2511 2106 gravius),
2555 2034 2926 2096 defensionem
2969 2034 3488 2102 excusationemque
3516 2045 3612 2087 ne-

2015 2128 2134 2184 scio
2164 2128 2436 2198 quomodo
2480 2128 2584 2185 hoc
2616 2127 2959 2182 auditoribus
3009 2126 3174 2197 parit.
3223 2125 3482 2190 Audiant,
3516 2123 3610 2194 qui

2017 2217 2142 2272 talia
2176 2218 2386 2283 dicunt,
2418 2233 2490 2273 ne
2529 2217 2860 2274 conformari
2894 2219 3017 2275 vitae
3049 2204 3315 2272 malorum
3347 2213 3610 2270 sacerdo—

2017 2318 2129 2364 tum
2165 2323 2320 2365 suam
2355 2309 2522 2364 vitam
2569 2311 2762 2379 velint,
2804 2311 2900 2368 sed
2948 2310 3128 2380 potius
3173 2309 3480 2380 praeceptis.
3523 2307 3610 2363 Iu-

2015 2412 2308 2471 corruptus
2338 2402 2486 2456 enim
2531 2401 2699 2472 judex
2742 2405 3148 2458 excusationem
3197 2402 3455 2472 injustam
3498 2415 3607 2455 non

2014 2495 2268 2565 recipiet,
2315 2497 2408 2550 sed
2458 2497 2647 2553 dicet:
2682 2497 2854 2564 Quam
2903 2497 3058 2551 multi
3104 2496 3418 2550 sacerdotes
3455 2495 3612 2551 bona!

2015 2585 2228 2641 luerunt
2267 2588 2714 2655 existimationis,
2741 2589 2898 2659 queis
2935 2587 3164 2643 decebat
3191 2596 3427 2642 mentem
3456 2587 3611 2641 adhi-

2013 2677 2166 2745 bere,
2207 2694 2271 2734 ac
2300 2680 2465 2734 vitam
2493 2695 2780 2747 moresque
2809 2690 3022 2735 vestros
3049 2681 3101 2733 in
3131 2679 3324 2735 melius
3359 2695 3610 2734 commu-

2018 2781 2157 2827 tare.
2187 2771 2298 2828 Vos
2331 2782 2512 2828 autem
2537 2772 2757 2828 malitia:
2788 2771 2948 2827 nimis
2979 2779 3228 2826 amantes
3256 2771 3607 2841 deprehensi,

316 2866 622 2936 εσχήκατε,
642 2863 780 2917 ἀλλὰ
808 2867 920 2927 τοῖς
948 2864 1231 2929 πταίσασι,
1267 2865 1510 2918 κάκεῖνοι
1542 2867 1640 2937 μέν
1681 2867 1912 2922 δώσουσι
2013 2878 2030 2918 t

2016 2878 2115 2918 cur
2160 2879 2268 2919 non
2317 2864 2642 2919 melioribus
2687 2865 2836 2919 serio
2885 2863 3234 2918 intendistis!
3283 2863 3379 2918 sed
3428 2863 3608 2918 vitiosi

309 2953 477 3026 δίκην
514 2954 674 3020 ἀξίαν
715 2947 792 3009 ὧν
831 2953 1091 3026 ἔδρασαν,
1123 2954 1220 3007 καὶ
1268 2954 1429 3025 ὑμεῖς
1477 2956 1665 3028 ἐπειδὴ
1710 2957 1913 3029 ἀρετὴν
2015 2957 2030 3011 i

2016 2957 2118 3028 ipsi
2143 2957 2300 3013 estis.
2325 2956 2606 3028 llujusque
2629 2971 2819 3028 poenas
2843 2957 3048 3011 dabunt
3070 2955 3242 3025 culpis
3263 2956 3562 3026 condignas
3585 2973 3603 3025 ;

307 3047 653 3117 ἡτοιμάσατε
687 3045 836 3117 (60),
890 3046 986 3099 καὶ
1015 3045 1217 3101 κακίαν
1247 3047 1574 3116 ἠσπάσασθε
1597 3086 1613 3114 ,
1645 3049 1742 3104 καὶ
1786 3047 1912 3104 οὔτε
2016 3063 2030 3100 t

2016 3063 2219 3120 vosque
2266 3050 2416 3119 quia,
2454 3051 2655 3104 virtute
2695 3048 2922 3120 rejects,
2957 3049 3362 3121 improbitatem
3408 3050 3608 3119 cupide

313 3139 599 3212 βασιλείας
623 3137 807 3201 πόθος,
829 3135 955 3191 οὔτε
980 3136 1205 3207 γεέννης
1228 3137 1392 3208 φόϐος
1421 3137 1647 3209 ἐποίησε
1665 3137 1913 3208 φύλακας
1940 3121 1982 3182 C
2019 3161 2030 3195 ι

2019 3143 2155 3196 estis
2183 3141 2440 3212 amplexi,
2471 3157 2647 3212 neque
2679 3143 2831 3214 regni
2860 3143 3102 3199 caelestis
3130 3143 3481 3206 desiderium,
3509 3156 3607 3198 ne-

306 3231 427 3286 τῶν
456 3230 606 3303 ἐμῶν
654 3229 912 3301 γενέσθαι
950 3229 1154 3302 νόμων,
1183 3229 1284 3302 τὴν
1326 3231 1568 3303 ἐσχάτην
1594 3230 1796 3285 δώσετε
1827 3247 1913 3286 τι·
2016 3249 2030 3289 t

2016 3249 2123 3305 que
2178 3235 2442 3305 gehennae
2495 3245 2672 3292 terror
2721 3252 2869 3292 meas
2917 3237 3046 3292 fecit
3094 3238 3390 3294 observare
3435 3237 3596 3308 leges,

312 3324 556 3396 μωρίαν.
1165 3351 1189 3365 ι-
2016 3324 2030 3378 i

2016 3324 2224 3380 idcirco
2250 3335 2509 3381 aeternam
2540 3327 2702 3382 luetis
2743 3343 2981 3397 ptenam.

625 3439 760 3495 ΑΠ’.
796 3469 864 3482 -.
893 3438 1182 3493 ABPAAM
1224 3424 1594 3509 sut'zxonn.

2202 3435 2492 3491 XXXVIII.
2523 3467 2595 3479 —
2621 3438 3012 3496 ABRAIIAHO
3050 3439 3411 3498 EPISCOPO.

1132 3540 1426 3607 Sacrorum
1468 3549 1793 3606 Litterarum
1825 3551 2062 3607 studium
2093 3551 2304 3606 virtutis
2333 3553 2498 3624 gignit
2535 3571 2788 3610 amarem.

386 3669 527 3726 Λίαν
561 3665 832 3740 θαύμαζω
878 3663 979 3737 τὴν
1017 3663 1129 3718 τῶν
1172 3663 1386 3718 πολλῶν
1418 3663 1715 3736 ῥᾳθυμίαν,
1747 3666 1830 3720 ὅτι
1859 3667 1909 3720 οί

2090 3667 2259 3725 Valde
2291 3668 2545 3739 equidem
2593 3667 2767 3722 miror
2815 3668 3064 3739 supinam
3094 3669 3459 3738 quorumdam
3507 3685 3603 3726 ne-

313 3766 420 3839 μέν
458 3764 702 3832 γενναῖοι
734 3760 830 3815 καὶ
854 3757 1165 3829 θαυμαστοὶ
1186 3757 1382 3828 ἄνδρες
1406 3757 1534 3822 τοὺς
1559 3760 1758 3822 πόνους
1780 3760 1911 3824 τοὺς
2017 3781 2030 3833 ι

2017 3761 2356 3833 gligentiam,
2394 3759 2640 3815 cumalii
2672 3760 2922 3817 homines
2951 3761 3200 3832 generosi
3241 3771 3406 3832 atque
3431 3763 3606 3817 admi-

313 3857 467 3929 ὑπὲρ
503 3855 604 3928 τῆς
653 3854 860 3926 ἀρετῆς
905 3849 1205 3923 προθύμως
1237 3849 1624 3920 ὑπομένουσιν,
1664 3845 1810 3905 οὗτοι
1852 3851 1907 3906 δέ
2016 3871 2030 3911 ι

2016 3855 2170 3911 randi
2216 3853 2430 3910 labores
2470 3854 2691 3910 virtutis
2728 3855 2950 3910 nomine
3001 3855 3236 3911 libenter
3281 3856 3604 3926 suscipiant,

310 3949 444 4006 οὐδὲ
479 3947 606 4012 τοὺς
638 3946 832 4015 λόγους
861 3944 922 4010 ἐξ
949 3937 1024 3999 ὧν
1055 3944 1106 3998 οί
1137 3944 1236 4015 τῆς
1275 3944 1478 4016 ἀρετῆς
1515 3943 1742 3998 εἰώθασι
1776 3943 1910 4016 φύε·
2016 3948 2030 4001 i

2016 3947 2094 4001 illi
2118 3959 2247 4000 vero
2276 3959 2342 4000 ne
2371 3943 2534 4000 verba
2569 3945 2807 4014 quidem,
2847 3944 3044 4014 quibus
3073 3947 3140 4000 ad
3172 3945 3410 4002 laborem
3439 3947 3607 4002 virtu-

314 4040 448 4095 σθαι
494 4037 647 4092 πόνοι
671 4077 686 4103 ,
722 4035 943 4090 ἀκούειν
973 4033 1282 4104 ἀνέχονται.
1313 4033 1411 4098 Τίς
1453 4027 1548 4088 οὖν
1595 4033 1779 4098 αὐτοῖς
1817 4050 1910 4088 πι·
2019 4047 2030 4094 1

2019 4039 2088 4094 tis
2115 4038 2346 4095 excitari
2393 4037 2646 4093 homines
2690 4037 2889 4103 solent,
2937 4037 3214 4094 sustinent
3246 4037 3454 4093 audire.
3491 4037 3606 4094 Hos

315 4130 526 4195 στεύει,
563 4129 646 4182 ὅτι
675 4128 806 4191 τοὺς
840 4126 979 4198 ὑπὲρ
1020 4124 1121 4196 τῆς
1151 4123 1356 4196 ἀρετῆς
1402 4124 1633 4194 ἱδρῶτας
1672 4124 1912 4196 γνησίως
2013 4147 2030 4186 1

2016 4131 2141 4203 quis
2179 4131 2367 4187 credat
2413 4145 2512 4200 pro
2547 4131 2750 4187 virtute
2804 4131 3050 4186 sudores
3089 4145 3277 4186 revera
3321 4145 3606 4202 capessam

314 4221 712 4292 ἐπαναιροῢσιν
757 4219 909 4291 (61),
961 4218 1091 4272 ὅταν
1131 4217 1260 4280 τοὺς
1313 4217 1456 4288 ὑπὲρ
1497 4217 1672 4288 αὐτῆς
1715 4216 1908 4285 λόγους
2017 4237 2030 4274 1

2017 4222 2179 4291 tells,
2211 4223 2432 4292 quando
2463 4236 2530 4277 ne
2555 4236 2837 4280 sermones
2869 4221 3090 4291 quidem
3131 4223 3320 4278 videas
3353 4237 3510 4293 aequo
3535 4223 3604 4276 ab

314 4317 504 4371 ἴδωσιν
535 4313 734 4376 αὐτοὺς
755 4311 1032 4375 δυσκόλως
1060 4307 1480 4381 προσιεμένους.
1509 4308 1774 4380 Παραίνει
1796 4308 1908 4362 τοί·
2014 4315 2029 4367 i

2016 4314 2084 4368 iis
2119 4315 2304 4372 animo
2349 4313 2574 4384 suscipi.
2614 4311 2846 4369 I-lortare
2887 4313 3069 4382 itaque
3106 4311 3263 4376 tales,
3299 4313 3365 4367 de
3407 4306 3603 4380 qdibus

316 4425 411 4463 νυν
439 4405 672 4467 ἐκείνοις
707 4394 836 4474 περὶ
861 4394 936 4456 ὧν
967 4402 1060 4456 καὶ
1086 4402 1398 4473 γέγραφας,
1420 4399 1640 4472 ἔχεσθαι
1670 4400 1768 4471 τῆς
1798 4399 1908 4454 τῶν
1939 4470 1971 4475 _
2015 4419 2030 4458 ε

2016 4405 2082 4460 ad
2134 4419 2224 4459 me
2267 4404 2695 4475 perscripseras,
2747 4419 2960 4458 sacram
3001 4403 3185 4474 legant
3236 4401 3600 4473 Seripturam,

313 4494 553 4566 Γραφῶν
600 4470 988 4560 ἀναγνῶσεως.
1049 4470 1332 4545 Ἐντεῦθεν
1365 4470 1598 4562 γὰρκαὶ
1627 4490 1661 4561 ἡ
1705 4470 1908 4559 γνῶσις
1939 4470 1984 4525 Ῑ)
2014 4513 2030 4548 ε

2016 4512 2177 4567 quam
2215 4470 2504 4553 lectionem
2535 4497 2832 4553 comitatur
2868 4470 3108 4568 cognitio
3144 4503 3307 4566 atque
3349 4470 3602 4553 scientia.

309 4587 584 4642 τίκτεται.

614 4679 742 4737 ΛΘν.
796 4708 871 4722 -
901 4675 1165 4749 ῐΣΙΔΩΡῼ
1210 4673 1536 4747 ΔΙΑΚΟΝῼ.

2298 4629 2550 4731 xxxut.
2581 4702 2654 4715 -—
2681 4670 2961 4730 ISIDORO
2997 4669 3320 4729 sucoso.

1145 4791 1469 4861 Multiplices
1504 4791 1853 4848 tentatiouum
1885 4793 2113 4865 (ructus.
2150 4789 2367 4860 Confer.
2397 4789 2498 4859 inf.
2528 4788 2637 4845 226
2689 4805 2769 4859 ep.

382 4914 586 4971 Πολλοὶ
632 4912 885 4980 δόξαντες
920 4911 1158 4984 ἀνδρεῖοι
1191 4905 1330 4965 εἶναι
1379 4911 1476 4966 καὶ
1501 4915 1741 4981 γενναῖοι
1787 4912 1910 4968 οὐδέ

2091 4908 2390 4978 Opinantes
2443 4906 2687 4978 plerique
2734 4907 2902 4964 fortes
2953 4921 3012 4964 se
3066 4922 3131 4962 ac
3184 4921 3483 4978 generosos
3537 4922 3604 4964 ne

305 5012 413 5086 τὴν
445 5005 756 5082 προσϐολὴν
786 5008 882 5063 καὶ
911 5005 1003 5060 τὸν
1026 5004 1429 5078 ἀκροϐολισμὸν
1449 5004 1559 5060 τῶν
1587 5005 1912 5079 πειρασμῶν
2022 5002 2030 5056 i

2022 5000 2446 5074 impressionum
2483 4999 2699 5070 quidem
2735 5007 2790 5056 et
2838 4998 3197 5055 tentationum
3230 4997 3600 5056 velitationem

388 5171 413 5206 ο
436 5171 508 5206 {Id

435 5169 573 5230 ὡιὼ
608 5167 702 5224 50.
1463 5255 1704 5313 VABIA'Z
1746 5209 2135 5313 LECTIOIVES
2172 5253 2264 5312 ΕΤ
2301 5253 2535 5311 NOTAE.

415 5423 506 5493 57)
545 5422 651 5478 Pro
685 5418 864 5493 φωναὶ
889 5416 1079 5493 scribit
1108 5416 1315 5493 φωναῖς
1345 5412 1467 5468 cod.
1499 5413 1602 5493 ait.
1643 5411 1854 5493 Possm.

2091 5412 2218 5493 (60)_
2244 5411 2351 5493 Prp
2389 5410 2730 5493 ἡτοιμάσατε
2743 5408 2959 5493 _scribit
2987 5402 3599 5493 ,ἰόθιιιῌητιμάσατῇςι

413 5474 504 5561 se;
544 5474 889 5554 in't'er‘axoa;
911 5499 965 5544 et
989 5474 1218 5558 κάμίνος
1236 5474 1382 5561 idem
1404 5482 1605 5561 omittit
1634 5482 1728 5561 καὶ
1758 5497 1904 5540 vers.
2019 5498 2030 5528 π

2019 5474 2162 5561 rere.
2187 5474 2427 5561 ’ἐποίησε
2448 5474 2709 5561 _tnutat_in
2740 5479 2944 5561 ἐπεισε,
2987 5479 3041 5532 in
3073 5474 3300 5545 utraque
3341 5474 3598 5529 emenda-

313 5551 524 5638 postf',
549 5561 829 5638 πτωχείαν
864 5551 1205 5638 idem_itiutat
1236 5556 1291 5638 in
1324 5552 1726 5638 πτωχείας..1υ.
1763 5621 1843 5638 “7
1892 5637 1898 5638 γ
2018 5565 2030 5609 t

2018 5557 2168 5638 tiolnne.
2183 5556 2308 5638 sine
2335 5551 2500 5638 dubio
2531 5551 2860 5632 probandus.
2888 5552 2968 5638 In.

391 5609 524 5709 (at)?
546 5609 820 5709 ἰξιίεῇ-ᾛῑέ
844 5609 1116 5709 έῐξτὲόλλοι
1153 5627 1278 5709 cod.
1315 5609 1595 5709 sujouii
1622 5609 1908 5709 61t._ldem

2043 5609 2048 5610 ν
2088 5625 2200 5709 (6d)
2236 5620 2342 5676 Pro
2373 5609 2760 5703 ἐπαναιροῦσιν
2803 5620 2924 5676 cod.
2966 5615 3091 5673 Vat.
3137 5611 3245 5669 650
3286 5621 3341 5670 et
3375 5611 3487 5668 Alt.
3521 5609 3599 5668 Ie-

314 5694 628 5760 vei-s.'inde
651 5694 809 5766 5,“οὐ
852 5701 966 5762 τοῖς
995 5707 1171 5752 mutat
1199 5695 1252 5749 in
1301 5694 1486 5768 αύτοῖς
1533 5694 1587 5750 in
1631 5703 1908 5763 contextu,
2014 5711 2030 5767 ε

2016 5694 2148 5768 sunt
2177 5694 2621 5766 ἐπαναιροῦντες.
2683 5723 2688 5728 ~

314 5785 586 5833 annotans
612 5762 792 5830 tamen
825 5770 888 5826 οὐ
924 5769 1037 5834 τοῖς
1065 5768 1120 5823 in
1147 5779 1319 5837 marg.
1353 5762 1431 5820 In.

3616 4833 3634 4869 ί
