4078 6368
543 312 678 384 1351

1739 304 1797 362 S.
1837 301 2129 363 ISIDORI
2169 302 2609 363 PELUSIOT/E

3626 356 3629 357 ν
3673 310 3787 380 1352

539 426 938 483 sustinuerunt.
996 416 1298 488 Redarguti
1362 429 1495 485 ergo
1543 413 1659 470 sola
1719 415 1977 483 Opinione
2037 428 2142 468 non

2253 415 2515 484 ἡνεγκαν·
2549 412 2887 488 ἐλεγχθέντες
2899 409 2992 472 οὖν
3023 415 3082 468 ὲν
3113 414 3250 487 μόνη
3283 419 3352 488 τῇ
3379 417 3535 492 δόξῃ,
3582 421 3682 476 ἀλλ’
3707 429 3784 486 oin

540 521 686 574 facto
743 512 1084 572 fortitudinis
1131 508 1598 567 existimationem
1647 521 1677 561 a
1731 507 2134 576 spectantibus,

539 611 686 682 quod
715 608 932 662 laudem
961 617 1189 674 carpere
1212 602 1395 658 conati
1433 609 1582 664 sunt,
1610 598 1971 668 supercilium
2004 613 2138 654 con-

545 704 847 754 traxerant.
904 694 1030 750 ldeo
1071 706 1200 748 vero
1249 689 1685 761 permittuntur,
1750 697 1810 742 ut
1859 688 2137 753 arbitror,

544 788 740 845 tentari
773 785 1039 852 nonnulli,
1077 793 1136 838 ut
1169 794 1224 838 et
1256 781 1438 852 magni
1487 788 1654 843 atque
1691 778 2139 850 inexpugnabiles

541 881 597 934 in
633 881 748 935 suis
784 877 956 934 oculis
994 877 1323 932 exsistentes
1376 875 1445 928 ab
1486 888 1673 927 amore
1719 871 1803 927 sui
1832 871 2032 935 curati,
2073 869 2141 924 ad

544 971 866 1028 modestiam
919 968 1297 1039 impellantur.
1350 964 1468 1020 Non
1519 965 1777 1034 exiguum
1815 965 1997 1032 itaque
2040 962 2143 1017 hoc

541 1063 742 1117 anima:
779 1060 1149 1124 commodum,
1197 1056 1394 1111 fastum
1440 1055 1734 1124 exstingui,
1779 1069 1844 1108 ac
1889 1053 2140 1124 spiritum

543 1170 756 1218 eorum,
805 1166 1035 1223 quorum
1084 1150 1515 1220 experimentum
1569 1146 1798 1209 nullum,
1849 1161 1915 1198 ne
1962 1145 2139 1198 dicam

544 1252 823 1299 certamen
863 1241 1082 1310 quidem
1119 1239 1392 1294 sustinere
1425 1246 1644 1306 queant.
1679 1235 1843 1307 566
1867 1234 1968 1302 Qui
1996 1235 2140 1290 enim

546 1343 670 1405 post
720 1334 884 1389 multa
924 1331 1098 1387 victus
1156 1340 1379 1400 tropaea,
1436 1329 1592 1384 venia
1640 1328 1781 1384 forte
1820 1327 2014 1398 dignus
2045 1343 2059 1380 :
2087 1335 2144 1381 at

543 1427 636 1496 qui
677 1425 732 1480 in
786 1423 1190 1478 velitationibus
1228 1420 1536 1486 occumbat,
1582 1430 1811 1474 summae
1852 1418 2141 1473 imbecilli-

549 1519 677 1572 tatis
734 1515 819 1569 vel
890 1513 1236 1584 negligentia:
1294 1511 1475 1582 potius
1536 1525 1646 1581 prae
1703 1523 1761 1565 se
1817 1509 1925 1564 fert
1977 1523 2143 1579 argu-

547 1618 814 1660 mentum.

881 1716 995 1772 XL.
1029 1747 1101 1759 ——
1131 1713 1368 1804 TAURO
1408 1713 1817 1770 PREFECTO.

2243 507 2303 560 ὲν
2349 509 2416 578 τῇ
2447 504 2686 578 πράξει,
2726 507 2828 578 τὴν
2860 509 2961 580 τῆς
3000 509 3255 581 ἀνδρείας
3303 511 3476 581 οἴησιν
3517 515 3657 588 παρά
3694 523 3785 587 τοῖς

2241 593 2465 664 θεαταῖς
2495 600 2916 672 κεκαρπῶσθαι,
2947 603 3304 658 κατέσπασαν
3340 606 3436 676 τὴν
3464 605 3647 676 ὀφρῦν.
3672 613 3738 664 Δι’
3769 615 3789 668 ῖ

2241 693 2338 746 καὶ
2385 693 2835 765 συγχωροῦνται,
2883 693 2955 760 ὡς
3001 691 3182 758 οἶμαι,
3237 697 3597 768 πειρασθῆναί
3631 718 3788 769 τινες,

2245 785 2338 838 τὸν
2366 784 2476 856 (θὶ)
2501 785 2593 839 τοῦ
2627 786 2853 855 μεγάλοι
2874 786 3050 841 δοκεῖν
3075 783 3212 842 εἷναι
3230 790 3325 842 καὶ
3339 789 3598 861 δύσμαχοι
3618 793 3791 850 ἔννοιαν

2246 878 2616 950 ίαθησὸμενοι,
2654 879 2750 933 καὶ
2787 881 2924 951 πρὸς
2969 881 3439 953 μετριοφροσύνην
3473 885 3795 958 συνελαθησό-

2247 988 2405 1041 μενοι
2445 971 2506 1024 ού
2548 972 2718 1044 μικρὰ
2759 971 2897 1045 αὕτη
2930 974 3110 1044 ψυχῆς
3147 973 3381 1043 ὠφέλεια
3402 1017 3418 1042 ,
3450 977 3507 1029 τὸ
3540 977 3796 1050 σϐεσθῆναι

2245 1062 2308 1115 τὸ
2366 1061 2624 1133 φρόνημα
2667 1063 2778 1116 τῶν
2829 1064 2964 1136 μηδὲ
3010 1065 3111 1135 τὴν
3161 1067 3376 1135 πεῖραν,
3428 1066 3488 1120 οὗ
3547 1087 3680 1139 φημι
3720 1073 3797 1124 τὸν

2243 1151 2455 1221 ἀγῶνα,
2489 1157 2730 1222 ἐνεγκεῖν
2759 1155 3114 1225 δυνηθέντων.
3153 1155 3216 1211 '0
3246 1157 3344 1228 μὲν
3366 1157 3474 1230 γάρ
3501 1161 3631 1228 μετά
3657 1163 3797 1218 πολλὰ

2243 1247 2480 1317 τρόπαια
2515 1247 2799 1318 ἡττηθεὶς,
2845 1250 2975 1311 ῐσως
3007 1253 3374 1318 συγγνωστός·
3406 1252 3434 1304 ὁ
3476 1251 3531 1304 δὲ
3565 1254 3622 1306 ὲν
3647 1255 3799 1318 αὐτοῖς

2243 1340 2357 1402 τοῖς
2390 1339 2841 1410 ἀκροδωλισμοῖς
2871 1338 3055 1393 πεσὼν
3079 1341 3316 1413 ἐσχάτης
3345 1342 3659 1411 ἀσθενείας,
3689 1347 3803 1416 μᾶ).-

2243 1429 2335 1483 λον
2364 1430 2421 1484 δὲ
2458 1431 2733 1503 ῥᾳθυμίας
2761 1431 2987 1502 ἐκφέρει
3021 1431 3241 1501 δεῖγμα.

2644 1718 2738 1774 M'.
2773 1750 2842 1761 —
2876 1721 3107 1794 ΤΑἸῬῼ
3139 1721 3450 1795 ΥΠΑΡΧῼ.

1250 1831 1523 1887 Hortatur
1550 1842 1606 1886 ut
1639 1833 1941 1902 reipublicae
1985 1847 2121 1888 onus
2156 1848 2275 1886 cum
2306 1830 2546 1901 pluribus
2582 1831 2730 1887 bonis
2759 1836 3134 1891 communicet.

617 1945 846 2003 Noveris
892 1955 1063 2012 recte,
1108 1960 1141 2000 ο
1193 1943 1550 2015 sagacissime
1594 1946 1860 2011 virorum,
1899 1947 2043 2015 quod
2094 1945 2140 1999 si

2319 1939 2394 1996 Εὖ
2432 1942 2564 2008 ἴσθι,
2588 1938 2634 1997 ὧ
2656 1945 2942 2015 ἀγχινοίας
2972 1947 3221 2016 τέμενος,
3257 1949 3344 2003 ὅτι
3366 1950 3415 2002 εἰ
3435 1951 3562 2015 τοὺς
3583 1952 3808 2020 ἀρίστους

545 2040 750 2094 amicos
797 2038 1054 2107 optimos,
1107 2036 1355 2100 veritati,
1413 2037 1658 2106 inquam,
1715 2038 2037 2105 innutritos,
2089 2045 2145 2091 et

544 2133 895 2201 pecuniarum
937 2137 1340 2198 contemptores
1368 2126 1436 2182 ad
1479 2129 1829 2198 magistratus
1857 2142 2143 2198 promove-

545 2225 623 2279 ris
654 2225 805 2296 (nam
836 2222 1204 2294 periculosum
1253 2229 1338 2276 est
1372 2218 1693 2290 plerumque
1720 2229 1926 2276 tantam
1975 2209 2143 2287 neeo-

545 2315 742 2369 tiorum
790 2313 985 2368 molem
1024 2313 1116 2366 nni
1152 2311 1459 2380 imponere)
1499 2325 1712 2379 eorum,
1745 2312 1836 2382 qui
1889 2310 2012 2366 illos
2041 2325 2141 2366 ca-

543 2415 805 2476 pessunt,
865 2405 1072 2460 virtute
1121 2401 1491 2458 aristocratia:
1543 2403 1887 2472 gubernandi
1942 2402 2142 2459 feceris

545 2498 796 2553 l'ormam.

825 2608 964 2665 XLI.
1011 2639 1083 2652 —
1124 2608 1480 2667 LAMPETIO
1520 2606 1841 2666 DIACONO.

2245 2034 2357 2090 τῶν
2387 2036 2580 2104 φίλων,
2619 2039 2748 2101 τοὺς
2783 2038 3075 2108 ἀληθείας,
3109 2043 3286 2111 φημὶ,
3338 2044 3697 2115 συντρόφους,
3727 2047 3806 2099 καὶ

2248 2145 2354 2200 χρη
2365 2127 2548 2198 μάτων
2569 2130 2890 2201 κρείττονας
2905 2135 3199 2197 κοινωνοὺς
3215 2136 3507 2208 ποιήσειας
3525 2137 3618 2207 τῆς
3655 2137 3806 2209 ἀρχῆς

2251 2219 2595 2290 (ἐπισφαλὲς
2634 2220 2746 2292 γὰρ
2795 2222 2872 2286 ὡς
2909 2223 2980 2277 τά
3028 2224 3198 2278 πολλὰ
3242 2225 3305 2279 τὸ
3355 2228 3440 2296 ἐφ’
3480 2228 3558 2280 ἑνὶ
3587 2227 3808 2280 τοσοῦτον

2248 2311 2416 2381 δγκον
2463 2315 2658 2384 ὁρμεῖν
2707 2316 3108 2388 πραγμάτων),
3145 2319 3264 2382 ταῖς
3317 2320 3432 2374 τῶν
3454 2319 3806 2391 ἀντιλαμὸανο-

2253 2405 2436 2475 μένων
2494 2405 2723 2478 ἀρεταῖς
2779 2409 3239 2480 ἀριστοκρατείαν
3298 2411 3680 2476 ἀποτελέσειας
3725 2411 3807 2481 τὴν

2249 2495 2451 2568 ἀρχήν.

2533 2611 2670 2666 MA'.
2708 2641 2779 2653 —
2817 2612 3180 2686 ΛΑΜΠΕΤΙῼ
3227 2612 3556 2687 ΔΙΑΚΟΝῼ.

1558 2724 1798 2798 Regnum
1823 2723 2074 2779 cwlorum
2108 2723 2460 2786 inculcatum.
2494 2730 2626 2800 Sup.
2654 2747 2736 2800 ep.
2769 2733 2823 2788 4.

614 2842 726 2899 Res
773 2855 943 2899 sacra:
989 2849 1153 2910 atque
1201 2838 1399 2894 divinae
1449 2837 1664 2895 homini
1709 2837 1932 2894 animali
1973 2837 2140 2896 stulta

546 2937 716 2992 videri
749 2934 998 3005 possint:
1031 2932 1468 3002 quandoquidem
1502 2931 1605 2986 nisi
1634 2931 1717 2987 vel
1749 2931 1955 2988 nolenti
1981 2931 2134 3000 prius

547 3028 883 3098 persuadeas
915 3039 1144 3095 regnum
1179 3037 1304 3079 esse
1335 3022 1627 3090 caelorum,
1657 3023 1784 3094 ejus
1815 3024 2143 3094 ingenerare

543 3134 788 3190 nequeas
817 3131 1080 3172 amorem.

645 3253 802 3309 XLII.
833 3283 904 3294 ο-
932 3251 1158 3308 ALIPIO
1195 3250 1408 3308 REMP.
1452 3249 2040 3310 ADMINISTRANTI.

2320 2845 2520 2916 Μωρία
2552 2846 2700 2900 δοκεῖ
2726 2846 2806 2918 τῷ
2835 2846 3051 2920 ψυχικῷ
3070 2849 3357 2924 ἀνθρώπῳ
3385 2849 3455 2905 τά
3479 2851 3614 2904 θεῖεν
3646 2847 3806 2918 ἐπειδὴ

2249 2933 2329 3005 τῷ
2355 2935 2416 2988 οὐ
2465 2935 2672 2990 θελόντι
2713 2937 3000 3008 πεισθῆναι
3050 2939 3349 3012 πρότερον,
3393 2942 3474 2996 ὅτι
3520 2943 3552 3012 ἡ
3599 2939 3808 3013 βασιλεία

2249 3024 2361 3080 τῶν
2386 3026 2634 3098 οὐρανῶν
2655 3027 2986 3100 ὑφέστηκεν,
3015 3029 3198 3102 ἔρωτα
3226 3032 3412 3104 αὐτῆς
3435 3033 3683 3105 τεχθῆναι
3702 3028 3809 3086 ἀδύ-

2252 3129 2319 3166 να
2325 3129 2433 3168 τον.

2467 3247 2600 3304 MB'.
2641 3280 2711 3291 —
2744 3251 3004 3325 ΑΛΥΠΙῼ
3042 3254 3614 3330 ΠΟΛΙΤΕΥΟΜΕΝῼ.

1572 3359 1753 3417 Poena:
1779 3361 1916 3417 lente
1945 3371 2071 3418 sunt
2102 3360 2394 3432 exigendae.
2426 3358 2654 3450 [NL-cp.
2686 3359 2812 3416 207.

621 3483 798 3541 Grave
824 3490 906 3537 est
944 3496 1048 3536 non
1079 3481 1234 3535 tarde
1266 3492 1454 3549 ptenas
1484 3476 1618 3534 dare
1648 3491 1795 3544 eum,
1829 3476 1923 3546 qui
1971 3486 2048 3542 te,
2081 3483 2144 3532 ut

552 3577 767 3641 scribis,
817 3573 998 3629 affecit
1044 3571 1270 3643 injuria,
1319 3569 1415 3626 sed
1467 3569 1650 3639 potius
1703 3581 1852 3636 eum,
1898 3568 1990 3638 qui
2035 3567 2144 3623 cito

552 3683 746 3741 positas
795 3665 1076 3737 persolvit,
1124 3662 1320 3726 videri,
1380 3669 1569 3732 postea
1621 3659 1879 3730 iniuriam
1939 3658 2141 3714 nullam

553 3759 825 3822 intulisse,
866 3766 929 3811 ut
973 3753 1173 3809 accidit
1214 3763 1610 3821 saepenumero.
1661 3748 2030 3817 Quamobrem
2072 3749 2142 3805 ab

553 3866 619 3907 eo
647 3864 836 3920 pmas
864 3848 1084 3917 exigere
1127 3843 1236 3898 noli
1278 3842 1628 3910 festinanter,
1657 3841 1754 3897 sed
1787 3844 2033 3911 expende
2058 3841 2145 3898 di-

556 3945 788 4014 ligenter
854 3955 921 3993 an
954 3953 1134 3994 revera
1172 3935 1379 3993 lteserit
1409 3953 1425 3990 :
1456 3937 1606 4006 quod
1642 3934 1786 3990 enim
1835 3942 2051 3991 mature
2089 3943 2146 3990 et

556 4040 816 4091 accurate
859 4046 974 4086 rem
991 4029 1266 4096 excutias,
1305 4027 1443 4083 nihil
1475 4027 1604 4084 inde
1635 4027 1730 4083 tibi
1760 4026 1945 4084 damni
1989 4042 2147 4084 acce-

555 4129 668 4194 dat,
708 4124 803 4181 sed
833 4125 877 4179 si
921 4123 1096 4178 virum
1132 4122 1474 4176 innocentem
1503 4134 1695 4191 poenas
1725 4119 1859 4175 dare
1898 4133 2142 4190 praepro-

554 4233 686 4290 pere
731 4230 917 4286 coges,
967 4214 1159 4283 ingens
1202 4210 1454 4268 accidere
1499 4212 1888 4269 detrimentum
1919 4211 2142 4281 poterit.

749 4327 933 4386 XLIII.
963 4358 1036 4371 -—
1066 4324 1439 4385 DOROTHEO
1477 4324 1648 4381 VIRO
1684 4321 1940 4380 CLARO.

2325 3477 2506 3532 Δεινὺν
2539 3480 2601 3533 οὐ
2629 3477 2689 3531 τὸ
2723 3477 2943 3549 βράδιον
2972 3478 3084 3551 (65)
3114 3477 3297 3534 δοῦναι
3333 3481 3494 3554 δίκην
3521 3480 3610 3537 τὸν
3637 3481 3705 3544 ὡς
3724 3478 3812 3552 φῄς

2253 3587 2314 3624 σε
2347 3571 2674 3642 ἠδικηκότα,
2709 3570 2847 3624 ἀλλά
2873 3569 2934 3622 τὸ
2963 3569 3152 3640 τάχιον
3181 3571 3373 3639 δόντα,
3410 3574 3640 3644 φανῆναι
3677 3571 3810 3624 ὕστε-

2252 3677 2345 3733 ρον
2373 3660 2448 3732 μὴ
2474 3659 2825 3731 ἀδικήσαντα,
2848 3661 2986 3732 ὅπερ
3006 3661 3266 3726 πολλάκις
3291 3664 3524 3736 συνέὸηο
3552 3666 3623 3736 μὴ
3645 3661 3812 3718 σπεῦδε

2248 3752 2540 3824 τοιγαροῦν
2582 3753 2675 3806 ἐπὶ
2701 3753 2762 3805 τὸ
2807 3753 2966 3825 δίκην
2997 3754 3301 3825 ἀπαιτῆσαι
3329 3799 3346 3823 ,
3375 3758 3503 3826 ,ἀλλ’
3541 3759 3633 3810 ἐπὶ
3653 3757 3709 3810 τὸ
3741 3756 3812 3808 δο-

2251 3846 2482 3915 κιμάσαι
2512 3847 2560 3899 εί
2588 3845 2804 3916 ἀληθῶς
2833 3847 3095 3920 ἠδίκηκεν
3118 3889 3133 3916 ,
3165 3847 3276 3902 ἀπὸ
3311 3851 3420 3922 μὲν
3453 3851 3564 3924 γὰρ
3590 3851 3680 3905 τοῦ
3706 3849 3812 3922 μελε

2251 3936 2466 4008 λησμοῦ
2511 3938 2666 3992 οὐδὲν
2697 3939 2945 4012 βλαϐήσῃ
2965 3982 2980 4006 ,
3025 3941 3134 3993 ἀπὸ
3168 3940 3226 3994 δὲ
3267 3942 3368 3997 τοῦ
3416 3946 3612 4016 τάχους
3635 3984 3650 4009 ,
3680 3943 3722 3996 ει
3748 3941 3808 4014 μὴ

2253 4028 2586 4102 ἀδικήσαντα
2611 4029 2936 4102 ἀπαιτήσεις
2959 4030 3138 4100 δίκην,
3168 4033 3370 4106 κομιδῆ
3401 4032 3719 4107 estnam.

2575 4319 2714 4375 MP’.
2754 4348 2826 4360 —
2859 4320 3165 4393 Δοροθεᾳ
3199 4310 3514 4398 ΛΑΜΠΡῼ.

1121 4444 1317 4516 Ingens
1351 4440 1666 4513 supplicium
1708 4448 1758 4495 et
1795 4437 2084 4495 tolerantia
2114 4452 2253 4509 agre
2283 4437 2442 4502 durat
2474 4435 2527 4490 in
2562 4435 2661 4490 hac
2689 4437 2811 4502 vita,
2842 4437 2932 4492 sed
2960 4438 3012 4492 in
3047 4438 3252 4508 futura.

627 4581 727 4638 Hic
771 4579 1013 4650 quidem,
1069 4575 1154 4631 vir
1205 4575 1433 4644 optime,
1489 4571 1648 4629 simul
1693 4571 1986 4628 convenire
2038 4583 2150 4626 non

557 4682 785 4746 postsunt
826 4673 1019 4742 ingens
1069 4667 1397 4738 supplicium
1439 4681 1504 4722 ac
1550 4665 1852 4730 cruciatus,
1897 4672 1953 4719 et
1989 4661 2141 4718 susti-

556 4763 739 4820 nentia
781 4777 877 4817 seu
910 4759 1343 4830 perseverantia.
1392 4755 1637 4813 Alterum
1685 4756 1831 4810 enim
1861 4753 2020 4809 alteri
2062 4766 2148 4809 re-

554 4869 772 4928 pugnat,
811 4853 954 4923 quod
989 4865 1187 4919 corpus
1214 4849 1458 4904 interitui
1493 4857 1686 4904 natura
1721 4832 2145 4910 sit-obnoxium,

555 4947 752 5001 borum
806 4959 911 4997 non
965 4942 1148 4998 ferens
1200 4958 1549 4999 concursum.
1581 4943 1658 4998 lbi
1697 4956 1828 4998 vero
1869 4941 1923 4996 in
1971 4939 2143 4995 altera

547 5035 668 5089 'vita
711 5033 1075 5104 perpetuitate
1112 5035 1420 5089 introducta
1457 5034 1721 5104 pulsaque
1773 5032 2144 5102 corruptione,

559 5140 752 5196 pugnae
799 5123 926 5181 inde
986 5123 1256 5180 exsistere
1315 5133 1484 5195 potest
1537 5123 1876 5180 dissolutio:
1914 5130 1974 5176 ut
2030 5129 2144 5174 tor-

560 5226 863 5273 mentorum
931 5217 1367 5285 exsuperantiam
1425 5231 1602 5288 neque
1667 5216 1835 5273 robur
1883 5212 2144 5283 corporis

557 5310 849 5382 expellere,
880 5322 1058 5380 neque
1087 5323 1285 5378 corpus
1319 5309 1373 5363 in
1409 5309 1635 5364 nihilum
1668 5296 1838 5378 redigi
1872 5306 2066 5378 possit.

2340 4565 2606 4620 Ἐνταῦθα
2639 4567 2762 4637 μὲν,
2801 4562 2846 4622 ὦ
2877 4567 3122 4639 βέλτιστε
3143 4609 3158 4635 ,
3190 4569 3288 4642 οὐχ
3315 4566 3433 4626 οἷόν
3469 4588 3529 4627 τε
3558 4569 3811 4644 ἀμφότερα

2254 4658 2603 4729 συνδραμεῖν,
2647 4659 2988 4734 σφοδρότητα
3033 4660 3180 4730 λέγω
3203 4665 3493 4735 τιμωριῶν
3529 4663 3620 4718 καὶ
3664 4675 3810 4732 παραο

2255 4751 2446 4822 μονήν.
2481 4749 2722 4822 Θάτερον
2762 4752 2871 4825 γὰρ
2900 4751 3116 4824 θατέρῳ
3155 4753 3424 4825 πολεμεῖ,
3456 4753 3545 4808 διά
3575 4753 3635 4807 τὸ
3663 4753 3814 4821 φθαρ-

2251 4844 2349 4915 τὴν
2383 4839 2552 4897 οὖσαν
2581 4843 2675 4897 τοῦ
2724 4844 2978 4916 σώματος
3010 4847 3109 4918 τὴν
3142 4847 3304 4916 φύσιν
3337 4847 3414 4919 μὴ
3445 4847 3634 4918 φέρειν
3662 4840 3814 4898 αὐτῶν

2251 4924 2358 5006 τὴν
2391 4934 2628 4990 σύνοδοψ
2663 4938 2780 4990 ἐκεῖ
2807 4937 2864 4990 δὲ
2893 4937 2990 5009 τῆς
3031 4938 3343 5011 ἀφθαρσίας
3375 4935 3813 5007 εἰσϐιασαμένης»

2258 5026 2485 5100 καϊτὴν
2522 5029 2728 5100 φθορὰν
2767 5029 3266 5102 ὲξοστρακισάσης,
3306 5032 3404 5084 καὶ⁹
3445 5032 3478 5102 ἠ
3515 5031 3615 5101 τῆς
3657 5027 3813 5099 μάχης

2253 5120 2460 5192 ταύτης
2505 5122 2748 5187 διάλυσις
2791 5123 2988 5192 γένοιτ’
3034 5124 3100 5179 ἂν
3135 5124 3210 5187 ὡς
3253 5123 3351 5194 τὴν
3391 5121 3696 5195 ὑπερϐολὴν
3723 5113 3814 5168 τῶν

2253 5213 2714 5286 βασανιστηρίων,
2744 5217 2882 5287 μήτε
2916 5216 3016 5286 τὴν
3054 5217 3207 5288 ἰσχὺν
3235 5217 3490 5284 ἐξελάσαι
3523 5215 3616 5269 τοῦ
3651 5210 3809 5280 σώμαι

2248 5323 2362 5374 τος,
2407 5307 2543 5377 μήτε
2569 5307 2625 5360 τὸ
2648 5307 2809 5378 σῶμα
2838 5309 2918 5372 είς
2946 5309 3006 5362 τὸ
3039 5309 3113 5380 μὴ
3140 5308 3198 5365 ὂν
3230 5309 3626 5381 παραπέμψαι,

1691 5453 1926 5538 unum
1968 5480 2351 5539 LECTIONES
2389 5480 2478 5538 ET
2517 5481 2749 5540 nom.

628 5637 741 5712 (se)
781 5639 1092 5712 Tbv_mut:tt
1142 5637 1195 5712 in
1239 5637 1340 5712 τὴν
1385 5639 1504 5712 cod.
1549 5639 1659 5712 An.
1701 5647 1755 5694 et
1799 5619 1942 5696 vers.
1990 5639 2130 5694 inter

561 5708 732 5778 μικρᾶ
762 5719 816 5766 et
845 5708 986 5778 αὓτη
1023 5710 1212 5764 inserit
1250 5709 1376 5778 γάρ.
1415 5711 1619 5766 Possin.

2315 5637 2424 5708 (65)
2465 5637 2612 5712 Inter
2637 5640 2852 5712 βράδιον
2879 5652 2934 5700 et
2963 5641 3145 5698 δοῦναι
3167 5643 3322 5702 codd.
3355 5640 3479 5696 Val.
3510 5638 3615 5697 650
3639 5645 3688 5694 et
3711 5633 3809 5689 All.

2250 5708 2492 5765 inserunt
2525 5711 2604 5765 τό.
2638 5708 2715 5766 ns.
