4078 6362
352 254 495 327 1353
1256 261 1604 326 EPISTOLA

688 374 819 432 MA'.
856 405 928 418 -
957 375 1233 452 mrum
1280 382 1604 457 ΔιΑκοΝο.

1256 261 1794 330 EPISTOLARUM
1832 267 1981 332 LIB.
2013 268 2083 333 V.
2122 293 2192 311 -··
2227 271 2464 335 EPIST.
2505 274 2742 339 XLVII.

1967 397 2016 454 Α

3481 279 3619 347 13.τῦ

2354 393 2537 451 XLIV.
2573 427 2642 440 --
2670 396 2943 455 SERENO
2985 396 3307 457 DIACONO.

1352 495 1533 552 Virtus
1560 499 1813 554 laudatur
1841 510 1890 555 et
1917 500 2077 573 alget.
2110 501 2326 573 (Confer
2350 520 2431 572 ep.
2466 506 2617 574 415.)

425 605 597 660 ’Ὢσπε
605 622 638 678 ρ
691 606 880 660 πολλοὶ
924 606 1034 662 τῶν
1067 608 1374 681 ἀνθρώπων
1425 611 1687 681 μέγιστον
1728 612 1932 681 ἀγαθὸν

345 697 663 768 νομίζοντες
692 696 835 754 εἶναι
868 698 966 772 τὴν
1014 701 1226 770 ὑγίειαν
1254 702 1348 757 τοῦ
1376 703 1648 777 σώματος,
1693 706 1755 760 ού
1786 706 1929 760 πάνυ

346 792 520 860 αὐτῆς
544 792 914 862 φροντίζουσι.
943 792 1024 847 Τά
1049 795 1162 866 γὰρ
1187 795 1321 867 ήδέα
1348 797 1456 850 τῶν
1478 798 1770 870 ὠφελίμων
1798 815 1933 872 προ-

343 884 658 954 τιμῶντες,
708 885 1143 957 διαμαρτάνουσι
1190 887 1432 960 ταύτης·
1490 890 1634 945 οὖτω
1688 892 1784 944 καὶ
1834 890 1933 961 τὴν

342 973 548 1046 ἀρετὴν
570 976 940 1040 ἐπαινοῦντες,
971 977 1072 1048 τὴν
1102 978 1221 1031 ὁδὸν
1250 978 1349 1051 τὴν
1378 979 1471 1034 ἐπὶ
1497 980 1701 1052 ταύτην
1731 981 1931 1052 φέρου-

342 1081 450 1118 σαν
478 1064 989 1136 ἀποδιδράσκουσιν.

627 1177 763 1231 ME’.
805 1208 877 1218 -
908 1178 1262 1252 ΑΝᾹΤΟΛΙῼ
1307 1183 1633 1256 ΔιΑκοΝῼ.

2116 617 2185 672 Ut
2234 617 2533 672 maximum
2576 618 2890 675 existimant
2934 621 3133 677 bonum
3165 633 3289 679 esse
3324 624 3615 681 sanitatem

2038 708 2287 777 corporis
2330 707 2573 778 plerique
2611 710 2943 775 mortalium,
2990 712 3069 768 sic
3114 727 3234 768 eam
3278 728 3384 777 non
3437 715 3615 768 adnm~

2040 799 2169 854 dum
2214 813 2359 854 cura:
2408 797 2630 854 habent.
2665 798 3011 856 Delectabilia
3038 801 3183 857 enim
3230 803 3451 858 utilibus
3481 818 3620 872 prte-

2037 890 2279 947 ferentes
2319 891 2517 947 laulunt
2555 893 2943 949 valetudinem.
2985 894 3077 951 Sic
3106 904 3162 952 et
3200 896 3457 952 virtutem
3496 894 3619 966 qui-

2037 984 2159 1037 dam
2208 985 2521 1046 laudantes,
2559 996 2589 1037 a
2635 983 2720 1038 via
2766 993 2969 1053 tamen,
3000 1001 3122 1057 quae
3160 987 3227 1044 ad
3265 1003 3386 1043 eam
3429 986 3614 1052 ducat,

2036 1072 2309 1128 aberrant.

2218 1182 2380 1257 567
2406 1184 2570 1242 XLV.
2603 1216 2675 1229 —
2702 1182 3056 1243 ANATOLlO
3098 1184 3415 1243 DIACONO.

1300 1297 1380 1354 De
1405 1300 1539 1355 bona
1574 1301 1680 1355 vini
1713 1300 1915 1354 modice
1944 1296 2160 1366 sumpti.
2193 1296 2372 1370 (Couf.
2405 1315 2488 1369 ep.
2515 1297 2667 1372 415.)

425 1404 489 1460 '0
516 1400 660 1472 οἷνος
680 1446 696 1473 ,
727 1408 776 1460 εί
807 1409 1042 1481 καιρίως
1073 1411 1169 1465 καὶ
1202 1412 1442 1484 μετρίως
1480 1414 1696 1485 ποθείη,
1730 1416 1825 1470 ἆτε
1855 1434 1938 1470 τι-

343 1498 577 1571 μηθεὶς,
624 1499 964 1571 εὐφροσύνης
1000 1502 1174 1567 αἴτιος
1204 1502 1436 1572 γίνεται.
1480 1504 1543 1557 Ei
1572 1504 1629 1558 δὲ
1671 1519 1936 1579 παροινη-

339 1591 489 1662 θείη,
537 1589 805 1661 ἀμύνεται
853 1592 955 1662 τὴν
1005 1591 1184 1665 ὕϐριν,
1237 1593 1334 1649 καὶ
1366 1594 1522 1660 δίκας
1556 1597 1782 1652 ἀπαιτεῖ
1810 1601 1937 1663 τοὺς

2108 1412 2306 1468 Vinum
2346 1422 2650 1484 opportune
2690 1426 2755 1468 ac
2802 1411 3085 1467 moderate
3121 1419 3417 1481 sumptum,
3459 1413 3616 1483 quasi

2034 1500 2243 1556 honore
2268 1500 2544 1567 aﬂ'ectum,
2574 1500 2780 1557 laetitia:
2814 1499 3216 1569 hilaritatisque
3258 1513 3422 1553 causa
3471 1502 3619 1555 exsi-

2034 1593 2146 1648 stit.
2189 1592 2248 1648 Si
2281 1609 2410 1649 vero
2443 1592 2649 1665 largius
2674 1593 2978 1659 hauriatur,
3013 1593 3272 1656 inebriat,
3311 1592 3621 1647 ulciscitur-

342 1674 610 1747 ὑϐριστὰς
636 1716 652 1741 ,
682 1678 898 1746 γέλωτα
919 1679 1016 1733 καὶ
1050 1679 1337 1754 αἰσχύνην,
1368 1683 1466 1736 καὶ
1493 1686 1809 1758 κωμῳδίαν,
1838 1689 1929 1743 καὶ

2034 1700 2142 1754 que
2172 1683 2450 1753 injuriam,
2489 1695 2545 1741 et
2590 1697 2780 1756 pmnas
2818 1684 3089 1754 exposcit,
3122 1699 3152 1737 a
3198 1683 3394 1753 quibus
3425 1684 3618 1751 injuria

341 1766 627 1838 μώλωπας
650 1770 838 1834 αὐτοῖς
868 1771 1165 1843 προξενῶν.

608 1970 763 2040 Mq'.
816 2001 886 2014 —
920 1972 1154 2048 ΠΑΥΛῼ
1192 1974 1665 2051 ΠΡΕΣΒΥΤΕΡῼ.

2035 1775 2288 1832 aﬂ'ectum
2328 1784 2437 1843 est,
2478 1778 2668 1841 risum,
2706 1775 3084 1847 ignominiam,
3131 1776 3617 1847 reprehensionem

2032 1877 2196 1938 atque
2225 1869 2363 1924 adeo
2390 1869 2617 1926 verbera
2646 1869 2922 1940 propinat.

2287 1980 2473 2037 XLVI.
2504 2012 2576 2022 —
2606 1979 2838 2039 PAULO
2870 1980 3350 2038 PRESBYTERO.

724 2064 941 2135 Oculos,
967 2076 1022 2121 ut
1055 2069 1222 2122 animi
1255 2070 1532 2139 fenestras,
1566 2073 1959 2130 custodiendos.
1997 2074 2131 2146 (Inf.
2167 2076 2320 2147 epist.
2358 2075 2444 2141 17,
2473 2073 2574 2132 291
2612 2083 2662 2130 et
2698 2074 2800 2130 146
2826 2091 2943 2129 cum
2973 2075 3233 2146 scholiis.)

411 2183 488 2238 Οὐ
536 2181 697 2253 μόνον
729 2182 790 2237 τὺ
816 2183 978 2255 σῶμα
1015 2184 1317 2256 ἀνέπαφον,
1346 2185 1484 2243 ἀλλά
1517 2190 1613 2244 καὶ
1641 2190 1741 2255 τὰς
1768 2190 1929 2263 βολὰς

334 2275 451 2331 τῶν
476 2274 791 2348 ὀφθαλμῶν,
822 2276 889 2342 ἃς
921 2276 1091 2349 κόρας
1122 2278 1212 2332 διὰ
1256 2278 1417 2334 τοῦτο
1443 2279 1747 2353 καλοῦμεν,
1782 2302 1927 2356 παρ-

332 2368 530 2433 θένους
560 2364 700 2423 εἶναι
732 2369 863 2441 χρὴ,
892 2370 990 2424 καὶ
1016 2368 1091 2442 μὴ
1113 2369 1391 2425 πιστεύειν
1415 2372 1609 2438 αὐταῖς
1636 2375 1930 2446 ἀναισχύν-

332 2476 450 2524 τως
475 2460 575 2515 καὶ
594 2460 851 2533 ἀκρατῶς
870 2461 1157 2516 ἑστιᾶσθαι
1178 2464 1294 2527 τοῖς
1321 2461 1625 2535 ἀλλοτρίοις
1648 2466 1926 2534 κάλλεσιν,

335 2549 432 2604 ἵνα
481 2549 560 2623 μὴ
599 2550 707 2605 ἀπὸ
748 2551 851 2624 τῆς
897 2551 1028 2617 θέας
1056 2552 1151 2607 ἐπὶ
1190 2551 1291 2625 τὴν
1322 2553 1523 2625 πρᾶξιν
1569 2556 1929 2630 παιδαγωγη-

333 2640 533 2698 θῶσιν.

666 2754 801 2812 ιη’.
836 2786 909 2797 -
939 2754 1240 2829 ΕΥΓΕΝιῃ
1285 2756 1608 2835 eumue.

2106 2190 2225 2249 Non
2278 2206 2474 2263 corpus
2524 2192 2686 2248 modo
2729 2191 2991 2247 intactum
3041 2202 3369 2260 purumque,
3424 2193 3517 2243 sed
3562 2198 3616 2241 et

2036 2285 2317 2342 oculorum
2345 2286 2528 2353 jactus
2550 2282 2719 2356 (unde
2745 2292 2801 2339 et
2840 2282 3028 2354 κόρας,
3065 2282 3116 2336 id
3146 2290 3226 2336 est
3255 2279 3483 2350 puellas,
3516 2298 3614 2350 ap-

2036 2379 2299 2448 pellamus
2338 2376 2593 2448 pupillas)
2637 2374 2874 2447 virgines
2917 2390 3013 2431 seu
3058 2382 3239 2430 castos
3268 2373 3428 2430 decet
3467 2389 3618 2441 esse,

2034 2485 2211 2540 neque
2248 2470 2566 2540 permittere
2618 2467 2890 2539 impudice
2922 2476 3085 2536 atque
3136 2466 3469 2536 impotenter
3507 2483 3616 2520 Va-

2032 2562 2151 2633 gari
2184 2563 2235 2617 in
2261 2561 2492 2616 aliarum
2524 2559 2698 2616 forma
2726 2573 2791 2615 ac
2817 2557 3221 2629 pulchritudine
3244 2556 3574 2626 speculanda
3601 2577 3617 2625 ;

2035 2669 2104 2711 ne
2137 2670 2168 2710 a
2202 2661 2499 2723 conspectu
2537 2651 2750 2708 lubrico
2779 2650 2848 2707 ad
2885 2664 3174 2707 venereum
3223 2650 3615 2718 perducantur.

2317 2763 2523 2822 XLVII.
2558 2793 2631 2807 -
2661 2761 2964 2820 EUGENIO
3001 2759 3326 2818 DlAtZONO.

1246 2850 1503 2910 Virtutem
1538 2859 1742 2914 amanti
1785 2860 2059 2916 hominum
2106 2860 2487 2915 contemnenda
2526 2859 2727 2928 opinio.

424 2965 649 3038 Ἐπειδὴ
691 2965 799 3041 χρὴ
828 2966 938 3021 ἀπδ
967 2966 1081 3021 τῶν
1112 2969 1463 3039 γραμμάτων
1492 2972 1600 3026 τῶν
1630 2972 1739 3029 σῶν
1763 2992 1929 3030 κατα-

2105 2975 2554 3047 Quandoquidem
2584 2991 2615 3032 e
2647 2974 2756 3032 luis
2792 2973 2994 3031 litteris
3032 2973 3278 3029 divinam
3315 2973 3445 3044 quid
3486 2987 3618 3030 sen-

345 3059 722 3131 στοχάσασθαι
746 3063 846 3132 τῆς
880 3059 982 3131 σῆς
1003 3062 1263 3132 διανοίας,
1292 3064 1551 3136 αίσθομαί
1585 3082 1646 3119 σε
1677 3067 1804 3131 τοὺς
1832 3065 1933 3139 μὲν

334 3155 487 3229 ὑπὲρ
512 3156 608 3226 τῆς
634 3155 833 3227 ἀρετῆς
856 3156 1052 3221 πόνους
1079 3158 1251 3228 ἡδέως
1280 3159 1645 3230 ὑπομένοντα,
1684 3159 1781 3213 καὶ
1804 3161 1930 3225 τοὺς

331 3247 483 3321 ὑπὲρ
517 3246 687 3318 αὐτῆς
717 3248 965 3319 καρποὺς
994 3246 1265 3318 μεγάλους
1289 3245 1431 3304 εἶναι
1458 3247 1767 3321 νομίζοντα¹
1797 3250 1931 3304 ἀθυ-

336 3339 554 3412 μοῦντα
574 3340 631 3392 δὲ
670 3337 750 3411 τῷ
782 3341 895 3403 τοῖς
926 3339 1236 3413 ἀνθρώποις
1277 3340 1597 3413 νομίζεσθαι
1620 3339 1926 3414 δυστυχεῖν,

332 3434 499 3503 ὀλίγα
540 3432 750 3506 γράψαι
793 3433 1081 3503 διέγνωκα.
1125 3432 1424 3498 Λανθάνεις
1452 3433 1562 3506 γάρ
1609 3433 1807 3488 σαυτὸν
1833 3433 1929 3488 ἐπὶ

330 3526 554 3590 τούτοις
596 3526 988 3598 δυσχεραίνων,
1021 3526 1108 3597 ἐφ’
1132 3520 1213 3590 οἷς
1252 3525 1481 3597 ἥδεσθαι
1515 3525 1816 3598 προσῆκεν.
1862 3522 1927 3578 Et

330 3622 450 3693 γὰρ
493 3621 594 3673 ούκ
638 3618 1006 3689 ἀμφιϐάλλεις
1028 3660 1042 3683 ,
1069 3619 1152 3674 ὅτι
1183 3619 1364 3690 μέγας
1406 3636 1489 3673 σοι
1522 3616 1736 3691 καρπὸς
1773 3617 1926 3673 ἔσται

330 3711 493 3783 παρά
520 3707 643 3781 Θεῷ
670 3708 773 3779 τῆς
815 3709 947 3781 περὶ
997 3708 1097 3782 τὴν
1135 3708 1339 3783 ἀρετὴν
1373 3708 1609 3776 εὐνοίας,
1650 3708 1703 3764 τί
1738 3727 1799 3764 σε
1828 3728 1924 3764 τα-

333 3802 528 3877 ράττει
561 3803 595 3872 ὴ
628 3800 739 3855 τῶν
776 3798 1083 3872 ἀνθρώπων
1113 3801 1360 3867 ὑπόνοια,
1389 3802 1440 3856 εί
1464 3804 1558 3856 καὶ
1593 3801 1816 3875 δοίημεν
1841 3800 1928 3875 οὓς

327 3911 446 3958 τως
497 3893 698 3957 αὐτοὺς
747 3892 1110 3960 ὑποπτεύειν;
1160 3893 1284 3949 Ὀτι
1327 3892 1387 3948 δὲ
1433 3892 1579 3948 οὕτω
1605 3894 1924 3966 νομίζουσι,

330 3987 518 4061 ῥᾷστα
549 3984 723 4049 δεῖξαι
763 3984 1122 4057 πειράσομαι.
1151 3986 1217 4039 Et
1250 3984 1359 4057 γάρ
1390 3987 1486 4041 καὶ
1514 3986 1580 4040 σὺ
1614 3986 1776 4058 μόνος
1814 3985 1927 4040 τῶν

328 4077 542 4150 ἀρετὴν
569 4079 894 4149 ἠσκηκότων
924 4077 1127 4131 τοιαῦτ’
1166 4078 1400 4145 ἔπαθες,
1426 4074 1496 4149 ἦν
1526 4077 1628 4150 μὲν
1656 4080 1777 4134 οὐδὲ
1803 4078 1926 4133 τότε

328 4167 546 4238 ἀληθὴς
586 4168 620 4239 ἡ
678 4168 925 4222 ὑπόνοια.
967 4167 1118 4240 Πλὴν
1152 4167 1267 4222 ἀλλ’
1318 4164 1467 4239 εἶχον
1505 4170 1556 4222 ot
1596 4172 1710 4233 τοῖς
1738 4168 1927 4233 καλοῖς

330 4259 773 4331 ἀπεχθανόμενοι
816 4257 979 4313 σκιὰν
1007 4257 1139 4328 γοῦν
1168 4260 1573 4333 ἀναισχυντίας.
1608 4260 1671 4315 Εί
1704 4260 1761 4315 δὲ
1798 4258 1924 4314 οὔτε

332 4351 575 4424 πρῶτος,
603 4348 728 4405 οὔτε
755 4349 915 4422 μόνος
937 4350 1217 4415 τοιαύταις
1238 4355 1549 4424 συμφοραῖς
1572 4351 1923 4424 περιέπεσες,

335 4440 480 4497 ἀλλὰ
505 4442 707 4505 πάντες
740 4440 926 4513 σχεδὸν
955 4442 1008 4495 οἱ
1049 4441 1287 4514 ἄριστοι,
1318 4443 1380 4498 οὐ
1412 4442 1574 4514 μόνον
1603 4443 1756 4515 παρὰ
1785 4444 1923 4513 Χρι-

333 4537 596 4602 στιανοῖς,
627 4534 764 4601 ἀλλ’,
813 4536 864 4589 εί
896 4534 1002 4607 χρὴ
1036 4535 1245 4599 πάντας
1289 4535 1625 4608 περιλαὸεἰν,
1660 4538 1756 4590 καὶ
1794 4533 1923 4589 σϐέ-

333 4641 435 4680 σαι
459 4642 554 4678 σου
583 4623 683 4695 τὴν
712 4623 974 4697 ἀθυμίαν,
1007 4626 1102 4680 καὶ
1139 4626 1269 4697 παρ’
1310 4626 1583 4690 Ἰουδαίοις
1622 4625 1793 4680 πάλαι
1826 4626 1924 4680 καὶ

333 4718 592 4788 Ἕλλησι,
619 4717 717 4773 καὶ
747 4717 1068 4789 βαρόάροις,
1095 4719 1148 4771 τί
1191 4716 1404 4783 ἁλύεις;
1434 4719 1496 4772 Ei
1531 4719 1641 4790 γάρ
1663 4718 1927 4784 κάκεῖνοι,

329 4811 531 4881 ὥσπερ
559 4810 793 4881 ἀθληταὶ⁵
822 4811 1061 4877 γενναῖοι
1101 4808 1468 4875 τυπτόμενοι,
1497 4810 1594 4863 καὶ
1622 4826 1931 4880 τραυματι-

330 4902 584 4974 ζόμενοι,
609 4905 701 4956 καὶ
722 4902 922 4974 αἵμασι
946 4901 1382 4973 καταρῤεόμενοι
1402 4902 1498 4957 καὶ
1522 4901 1775 4966 θανάτοις
1804 4903 1932 4973 όμι-
1964 4932 1973 4941 -

329 4996 561 5060 λοῦντες
598 4995 926 5059 διετέλεσαν,
968 4995 1021 5049 τί
1073 4998 1139 5050 σὺ
1164 4999 1232 5068 τῇ
1271 4995 1484 5068 ἀθυμίᾳ
1525 4995 1932 5059 καταωιάπτεις

333 5089 565 5156 σαυτὸν,
598 5090 695 5144 καὶ
730 5092 906 5152 ποιεῖς
947 5090 1040 5143 τὸν
1086 5089 1495 5160 ἀνταγωνιστὴν
1546 5087 1928 5159 ίσχυρότερον;

332 5180 556 5236 Ταυτδν
581 5182 693 5254 γάρ
743 5184 916 5245 ποιεῖς
937 5223 954 5249 ,
982 5181 1059 5246 ὡς
1098 5182 1166 5236 ἂν
1206 5184 1255 5235 εἰ
1284 5181 1504 5250 ἔλεγες,
1536 5179 1603 5235 δι’
1647 5180 1714 5252 ἣν
1752 5179 1932 5234 αἰτίαν

333 5272 536 5328 οὐδένα
565 5273 676 5327 τῶν
713 5272 926 5326 θεατῶν
975 5273 1205 5345 πλήττει
1248 5274 1277 5326 ὁ
1323 5271 1771 5342 ἀνταγωνιστὴς,
1814 5269 1930 5327 ἀλλ’

334 5363 512 5421 αὑτὸν
537 5363 630 5418 τδν
657 5363 1131 5437 ἀπογραψάμενον
1166 5364 1263 5417 καὶ
1290 5365 1370 5428 είς
1396 5365 1457 5418 τὸ
1483 5363 1696 5417 στάδιον
1722 5364 1931 5431 εἰσφοι-

334 5458 624 5530 τήσαντας
656 5458 749 5529 Μὴ
785 5458 965 5511 τοίνυν
1008 5456 1138 5511 ἀλυε
1177 5457 1408 5511 τοιαῦτα
1448 5455 1676 5525 πάσχων
1706 5448 1792 5506 οἷα
1834 5453 1934 5505 κά-

340 5550 535 5615 κεῖνοι,
574 5569 592 5601 ι
618 5542 694 5604 ὧν
717 5550 819 5604 οὐκ
840 5544 907 5621 ἦν
932 5549 1079 5614 ἄξιος
1104 5551 1134 5603 ὁ
1160 5553 1383 5621 κόσμος·
1418 5569 1437 5602 ι
1462 5547 1576 5602 ἀλλ’
1607 5543 1928 5615 εύςρραίνου,

413 5705 437 5741 ⁷
465 5704 633 5764 Hebr.
676 5720 755 5771 ιι,
777 5705 868 5760 58.

680 5797 955 5858 Ρηιιοι..
1001 5792 1120 5855 Gn.
1175 5792 1504 5854 LXXVIII.

2037 3067 2142 3124 tias
2180 3076 2430 3139 oportet,
2484 3066 2741 3123 existimo
2795 3076 2847 3122 te
2895 3082 3055 3131 eum,
3106 3065 3198 3137 qui
3251 3065 3466 3121 labores
3523 3080 3619 3137 pro

2035 3161 2239 3216 virtute
2273 3177 2396 3216 cum
2419 3159 2765 3230 iucunditate
2798 3160 3087 3223 sustineat,
3128 3158 3489 3229 opin‘eturqne
3534 3159 3619 3211 in-

2030 3263 2223 3325 gentes
2251 3253 2375 3308 inde
2403 3255 2614 3309 fructus
2635 3251 2925 3309 exsistere.
2953 3250 3132 3309 Pauca
3170 3268 3301 3308 vero
3330 3252 3619 3322 SCI'ipSiSSd

2033 3345 2433 3407 animadverto,
2468 3344 2615 3413 quod
2663 3343 2848 3398 doleas
2877 3343 3149 3399 infelicent
3196 3354 3245 3397 te
3277 3342 3346 3397 ab
3380 3343 3621 3397 homini-

2030 3432 2130 3491 bus
2165 3433 2401 3489 censeri.
2451 3429 2646 3488 Nescis
2671 3432 2816 3488 enim
2842 3420 2907 3488 te
2952 3432 3019 3487 iis
3068 3432 3337 3502 indignari
3382 3447 3447 3488 ac
3489 3447 3618 3489 suc-

2030 3540 2279 3591 censere,
2316 3539 2415 3595 pro
2447 3525 2648 3596 quibus
2690 3538 2793 3595 par
2836 3532 2954 3580 erat
2987 3523 3179 3579 lauari.
3234 3524 3290 3580 Si
3325 3525 3469 3580 enim
3508 3541 3620 3580 non

2030 3616 2264 3682 dubitas,
2320 3615 2449 3687 quin
2502 3630 2601 3687 pro
2654 3615 2836 3671 studio
2890 3616 3111 3672 virtutis
3166 3631 3422 3688 magnum
3477 3620 3621 3686 apud

2031 3706 2200 3764 Deum
2242 3717 2294 3764 te
2327 3707 2610 3779 praemium
2644 3715 2883 3774 maneat,
2925 3706 3123 3777 ecquid
3169 3708 3452 3763 hominum
3505 3718 3622 3762 tur-

2030 3800 2177 3856 haris
2205 3800 2555 3870 suspicione?
2584 3799 2697 3856 Etsi
2747 3801 2826 3856 sic
2858 3800 3106 3875 dedimus
3139 3800 3270 3871 ipsis
3307 3801 3622 3871 suSpicandl

2030 3907 2245 3959 ansam,
2273 3892 2526 3963 quodque
2576 3892 2650 3947 ita
2704 3891 2964 3957 sentiant,
3001 3890 3261 3947 facillime
3308 3897 3618 3947 ostendam.

2032 3985 2090 4042 Si
2118 3986 2264 4042 enim
2308 3985 2409 4041 soli
2452 3983 2549 4040 tibi
2585 3995 2799 4048 eorum,
2845 3983 2938 4053 qui
2970 3985 3159 4039 virtuti
3209 3982 3340 4038 dant
3371 4000 3619 4053 operam,

2030 4078 2083 4133 id
2129 4077 2347 4142 accidit,
2404 4091 2510 4132 non
2561 4074 2726 4131 fuerit
2764 4088 2893 4130 vera
2943 4075 3062 4131 haec
3105 4075 3367 4146 suspicio.
3411 4072 3619 4130 Verum

2031 4169 2318 4225 habuerint
2362 4168 2712 4239 impudentiae
2742 4166 3011 4232 umbram,
3048 4167 3139 4237 qui
3174 4166 3334 4221 rebus
3372 4166 3623 4222 honestis

2031 4261 2317 4316 invident:
2352 4274 2458 4315 non
2508 4266 2688 4313 tamen
2737 4258 2944 4327 primus
2992 4271 3167 4326 neque
3202 4257 3352 4311 solus
3404 4257 3457 4311 in
3517 4259 3619 4311 has

2033 4351 2273 4408 incidisti
2322 4350 2699 4413 calamitates,
2756 4350 2849 4405 sed
2899 4349 3141 4419 optimus
3171 4348 3345 4403 ferme
3388 4348 3621 4418 quisque

2035 4458 2142 4500 non
2186 4444 2347 4497 modo
2381 4441 2522 4512 apud
2557 4439 2920 4505 Christianos,
2958 4438 3053 4495 sed
3087 4438 3155 4509 (si
3197 4437 3485 4509 complecti
3535 4438 3622 4494 fus

2034 4545 2121 4592 est
2151 4548 2343 4590 omnes
2375 4543 2586 4602 gentes,
2630 4541 2687 4586 et
2726 4532 2842 4587 haec
2889 4532 2983 4586 tibi
3026 4531 3193 4586 animi
3246 4532 3620 4588 consternatio

2035 4631 2121 4679 est
2145 4620 2447 4692 eripienda)
2480 4622 2621 4691 apud
2649 4619 2866 4675 Judteos
2898 4620 3025 4674 olim
3057 4630 3112 4676 et
3141 4622 3369 4691 gentiles
3399 4636 3460 4677 ac
3489 4622 3620 4677 bar-

2032 4715 2214 4780 baros,
2246 4715 2558 4770 inciderunt
2597 4713 2773 4767 multi.
2805 4711 2881 4769 Ut
2918 4712 3047 4783 quid
3084 4728 3216 4783 ergo
3239 4715 3622 4773 contristaris?

2035 4803 2093 4860 Si
2125 4805 2271 4861 enim
2304 4804 2377 4858 illi
2415 4814 2675 4874 tanquam
2712 4801 2930 4859 athleta:
2961 4805 3213 4873 generosi
3244 4805 3416 4876 plagis
3446 4807 3622 4878 impo-

2034 4897 2155 4952 sitis
2178 4907 2233 4951 et
2262 4895 2553 4962 vulnerati,
2584 4896 2955 4965 sanguineque
2987 4895 3231 4966 profuso,
3257 4898 3420 4952 etiam
3445 4910 3623 4954 morte

2036 5004 2144 5045 una
2172 4989 2568 5055 occubuerunt,
2600 4996 2655 5043 tu
2694 4987 2824 5057 quid
2862 4988 3078 5043 interim
3109 4990 3274 5045 animi
3318 4991 3625 5062 abjectione

2037 5094 2090 5137 te
2132 5083 2247 5153 ipse
2301 5081 2475 5145 laedis,
2529 5079 2827 5151 reddisque
2870 5082 3246 5135 adversarium
3296 5081 3625 5137 fortiorem?

2035 5170 2179 5227 Idem
2209 5173 2352 5228 enim
2391 5170 2524 5227 faris
2565 5186 2629 5225 ac
2668 5171 2713 5226 si
2745 5169 2957 5225 diceres
2999 5189 3013 5227 :
3046 5169 3155 5225 Cur
3199 5173 3467 5227 neminem
3502 5188 3626 5241 spc-

2035 5266 2299 5321 ctantinm
2340 5263 2683 5318 adversarius
2712 5262 2985 5327 vulnerat,
3022 5264 3115 5318 sed
3165 5263 3342 5333 ipsum
3388 5273 3622 5328 tantum,

2034 5358 2126 5427 qui
2164 5372 2357 5412 nomen
2390 5356 2622 5418 dederit,
2660 5364 2823 5425 atque
2853 5355 2904 5409 in
2945 5356 3181 5410 stadium
3212 5355 3477 5425 prodeat?
3500 5353 3625 5410 Tri-

2036 5449 2167 5505 stari
2215 5449 2398 5515 itaque
2428 5462 2580 5511 cave,
2615 5461 2678 5501 ea
2718 5447 2925 5515 patiens
2966 5461 3085 5514 quae
3112 5446 3351 5515 perpessi
3389 5454 3517 5500 sunt
3561 5446 3620 5509 ii.

2040 5562 2057 5595 ι
2098 5541 2293 5612 quibus
2320 5539 2517 5609 dignus
2563 5553 2671 5593 non
2710 5548 2832 5592 erat
2884 5539 3113 5592 mundus
3138 5536 3195 5603 7;
3228 5554 3247 5588 ι
3283 5535 3412 5606 quin
3444 5535 3627 5607 potius

2094 5734 2107 5748 ‘
2146 5743 2182 5776 η

3195 5787 3271 5851 43
