4078 6388
536 286 673 355 1359

1671 286 1729 346 S.
1770 283 2063 344 ISIDORI
2100 278 2534 342 PELUSIOTﬂt‘.

3623 287 3735 352 1360

536 405 684 461 neris
711 403 934 460 luctum.
992 400 1091 457 llic
1125 416 1253 456 vero
1280 416 1373 456 vos
1403 408 1458 455 ut
1490 400 1766 471 improbos
1812 414 1875 454 ac
1923 401 2096 470 perni-

2203 398 2297 452 καὶ
2319 395 2677 468 μηδεπώποτε
2715 396 3088 468 γευσαμένους
3120 397 3298 467 αὐτῆς
3318 399 3612 473 τεθρήνηκε.
3636 408 3731 461 Πᾶν

536 499 732 564 ciosos,
770 498 972 567 quique
1002 495 1131 550 nihil
1181 495 1246 548 de
1277 493 1390 562 ipsa
1437 491 1774 561 philosophia
1812 491 2103 561 gustarint,

540 587 855 657 deploravit.
904 585 1010 641 Vos
1070 585 1284 654 quidem
1314 596 1474 637 omne
1518 582 1771 636 vitiorum
1804 596 1992 652 genus,
2023 581 2105 634 di-

538 685 685 732 ctum
714 676 973 731 indictum
992 683 1269 744 patrantes
1299 673 1595 740 inducens;
1617 672 1949 727 contendens
1975 686 2104 726 vero

535 782 634 836 pro
668 767 872 821 viribus
898 766 1122 819 virtutis
1149 762 1350 817 nullam
1386 770 1594 830 partem
1633 760 1687 813 in
1728 768 1964 814 mentem
2012 773 2102 811 vo-

536 859 640 922 bis,
672 872 736 910 ne
759 872 863 924 per
888 855 1158 910 somnium
1187 853 1404 923 quidem
1436 852 1656 906 venisse
1689 862 1880 906 sancte
1900 848 2104 904 contir-

534 957 664 1007 mat.
693 945 846 1014 Quod
884 961 1013 1001 vero
1043 946 1335 1000 maximum
1368 951 1646 1013 appareat,
1692 941 1744 995 id
1795 956 1901 995 non
1954 939 2103 1007 prius

522 1036 713 1091 dicere
760 1036 1027 1090 desinam.
1082 1034 1347 1101 Quoniam
1396 1033 1649 1103 quisquis
1696 1031 1749 1085 in
1798 1031 2099 1085 monodiam

535 1126 675 1180 hanc
718 1123 991 1189 inciderit,
1045 1138 1145 1178 vos
1186 1132 1243 1176 ut
1289 1122 1495 1177 belluas
1532 1120 1720 1176 noxias
1750 1128 1913 1188 atque
1940 1133 2101 1173 exse-

522 1218 763 1272 craudos
794 1217 1089 1280 daemonas,
1154 1217 1447 1281 hostesque
1498 1211 1799 1267 communis
1859 1210 2099 1264 omnium

528 1319 738 1362 naturae
769 1307 962 1362 merito
999 1316 1311 1363 exsecretur
1359 1324 1372 1358 :
1414 1305 1562 1359 illum
1604 1318 1733 1357 vero
1779 1303 2099 1368 scriptorem

530 1398 795 1469 vituperet
828 1397 969 1468 quod
1012 1397 1062 1450 id
1090 1410 1376 1466 aggressus
1416 1396 1488 1450 sit
1531 1402 1927 1463 argumentum,
1959 1394 2101 1461 quod

529 1504 741 1545 summa
772 1488 1117 1543 accuratione
1148 1488 1409 1557 perlicere
1434 1486 1773 1556 nequiverit:
1798 1484 1933 1539 adeo
1955 1485 2099 1540 omni

527 1580 775 1635 oratione
803 1580 1205 1651 seriptioneque
1240 1579 1412 1648 major
1457 1580 1698 1647 nequitia
1746 1589 1926 1634 vestra
1964 1593 2099 1633 cun-

527 1672 632 1727 ctis
663 1680 904 1741 apparet.
942 1669 1148 1739 Singuli
1180 1674 1325 1725 enim
1358 1670 1777 1739 praetermissum
1812 1670 1882 1726 ab
1908 1670 2003 1726 illo
2023 1671 2103 1725 vi-

2211 490 2309 558 μὲν
2336 484 2473 553 εἶδος
2502 490 2911 561 ἁμαρτημάτων
2936 490 3115 561 ῥητῶν
3136 506 3195 543 τε
3229 491 3328 544 καὶ
3353 492 3735 567 ἁρῤήτων”ὑμᾶς

2205 581 2705 652 διαπραττομένους
2756 583 3104 650 εἰσαγαγὼν,
3152 580 3261 634 τῶν
3320 581 3375 635 δὲ
3423 583 3517 653 τῆς
3559 586 3730 658 ἀρετῆς

2209 671 2394 743 μερῶν
2425 673 2560 742 μηδὲ
2609 674 2690 736 είς
2719 672 2929 726 ἔννοιάν
2967 688 3098 726 ποτε
3134 670 3448 742 ἐληλυθέναι
3489 675 3738 745 ἰσχυρισὰ-

2208 780 2388 834 μενος.
2423 765 2487 817 Ὃ
2523 763 2580 816 δὲ
2636 764 2892 834 μέγιστον
2927 764 3123 832 φάναι,
3172 762 3330 816 τοῦτο
3372 765 3429 817 οὐ
3475 766 3596 835 πρὶν
3641 767 3735 838 (76)

2204 854 2485 924 παύσομαι
2515 871 2528 886 ·
2564 856 2646 909 ὅτι
2671 856 2902 919 ἕκαστος
2933 856 3044 908 τῶν
3074 855 3501 924 ἐντυγχανόντων
3536 860 3596 925 τῇ
3628 877 3739 927 μον-

2202 945 2337 1017 ῳδία
2362 985 2377 1009 ,
2413 946 2560 1015 ὑμᾶς
2589 947 2686 1017 μὲν
2727 946 2804 1009 ὡς
2846 946 3090 1017 ἀργαλέα
3135 944 3334 1016 θηρία,
3375 948 3469 1000 καὶ
3510 948 3740 1016 δαίμονας

2203 1037 2535 1108 ἀλάστορας,
2563 1038 2658 1092 καὶ
2683 1039 2783 1108 τῆς
2810 1039 2998 1108 κοινῆς
3020 1036 3237 1106 φύσεως
3259 1036 3483 1106 ἐχθροὺς
3505 1039 3745 1109 ἀποστρέ-

2204 1146 2362 1199 φεται
2389 1146 2403 1160 ο
2438 1131 2643 1183 ἐκεῖνον
2661 1130 2718 1182 δὲ
2755 1129 3051 1200 μέμφεται,
3087 1130 3509 1199 ἐπιχειρήσαντα
3550 1129 3659 1198 μὲν,
3683 1131 3744 1201 μή

2201 1220 2499 1291 δυνηθέντα
2546 1220 2602 1273 δὲ
2634 1220 2922 1290 ἐφικέσθαι
2972 1221 3075 1293 τῆς
3131 1219 3435 1292 ἀκριϐείας.
3479 1219 3627 1273 Οὕτω
3669 1224 3748 1275 καὶ

2185 1298 2359 1380 ’λόγου
2409 1310 2608 1374 παντὸς
2658 1312 2753 1363 καί⁵
2800 1311 3235 1382 συγγράμματος
3280 1308 3481 1377 μείζων
3527 1311 3559 1380 ἡ
3601 1311 3748 1363 κακία

2201 1403 2235 1475 ή
2289 1402 2534 1473 ὑμετέρα
2589 1404 2754 1455 πᾶσιν
2800 1398 2941 1456 εἶναι
2985 1403 3157 1457 δοκεῖ.
3218 1402 3492 1465 Ἕκαστος
3549 1401 3653 1473 γὰρ
3700 1400 3752 1453 τὸ

2202 1494 2397 1565 ἐκείνῳ
2434 1493 2803 1565 παραλειφθὲν
2836 1493 2994 1564 ὑμῶν
3049 1492 3358 1565 ἁμάρτημα
3412 1490 3749 1560 ὲκκωμῳδῶν,

2202 1587 2411 1640 ἐκεῖνον
2448 1585 2548 1656 μὲν
2582 1584 2847 1656 ἡττῆσθαι
2876 1583 3090 1654 νομίζει
3119 1625 3134 1650 ,
3163 1583 3302 1655 πρὸς
3334 1582 3434 1652 τὴν
3484 1581 3594 1651 (71)
3618 1580 3751 1650 ὑμῶν

2202 1675 2404 1729 κακίαν
2447 1675 2819 1747 άμιλληθῆναι
2853 1674 2931 1745 τῷ
2960 1674 3106 1745 λόγῳ
3137 1674 3511 1744 τολμήσαντα.
3543 1672 3622 1725 Τά
3659 1671 3754 1740 γὰρ

529 1761 661 1814 tium
708 1760 1166 1830 reprehendentes
1208 1760 1411 1813 victum
1458 1758 1608 1814 illum
1659 1760 1994 1825 existimant,
2038 1770 2096 1817 ttt

2197 1767 2574 1837 ἁμαρτήματα
2603 1765 2759 1836 ὑμῶν
2792 1766 2915 1838 ούχὶ
2941 1766 3277 1837 συγγνώμης
3313 1764 3496 1835 μόνον,
3525 1760 3655 1817 ἀλλὰ
3674 1761 3757 1814 καὶ

528 1868 718 1906 ausum
752 1869 874 1907 cum
929 1853 1125 1908 vestris
1182 1853 1401 1922 ﬂagitiis
1449 1867 1700 1907 sermone
1748 1855 2096 1910 contendere.

527 1946 691 2019 57o
724 1945 967 2001 Crimina
996 1946 1140 2000 enim
1168 1944 1347 2001 Vestra
1381 1960 1486 2000 nou
1510 1944 1665 1999 venia
1688 1944 1872 2009 modo,
1911 1960 2097 2000 verum

529 2039 691 2092 etiam
725 2036 990 2107 supplicio
1018 2036 1296 2107 superiora
1330 2037 1645 2108 maioraque
1686 2037 1953 2108 judicant.
1991 2036 2100 2095 Vos

531 2143 660 2184 vero
693 2143 796 2184 non
825 2128 1019 2198 injuria
1048 2136 1331 2193 accusant,
1355 2128 1498 2197 quod
1520 2143 1696 2199 neque
1724 2129 1989 2198 exemplis
2017 2130 2102 2183 iu-

528 2220 699 2285 citati,
744 2235 922 2290 neque
953 2219 1195 2277 asseclas
1227 2221 1491 2290 repertori
1522 2221 1574 2275 in
1607 2228 1687 2275 tot
1730 2228 1987 2291 tantaque
2018 2222 2100 2277 in-

527 2310 773 2366 cideritis
800 2310 1014 2376 delicta,
1040 2325 1159 2381 quae
1177 2325 1359 2375 nemo,
1386 2326 1453 2365 ne
1475 2310 1951 2381 eloquentissimus
1973 2312 2094 2380 qui-

524 2402 669 2470 dem,
691 2404 939 2459 oratione
959 2402 1223 2472 consequi
1258 2403 1486 2458 dicendo
1527 2404 1719 2472 possit.
1765 2402 1965 2458 Verum
2010 2405 2095 2460 vel

2206 1858 2476 1929 τιμωρίας
2513 1859 2728 1928 ήγεῖται
2773 1854 2916 1911 εἶναι
2951 1856 3195 1928 μείζονα.
3241 1856 3426 1927 ’Υμᾶς
3469 1854 3527 1908 δὲ
3564 1852 3758 1918 κακίζει

2205 1950 2287 2003 ὅτι
2314 1948 2439 2003 οὗτε
2488 1948 2933 2021 παραδείγμασιν
2961 1947 3353 2011 ἐκϐιασθέντες
3377 1990 3393 2013 ,
3427 1946 3543 2000 οὐθ’
3565 1945 3760 2011 ἕξοντες

2202 2041 2331 2103 τοὺς
2384 2039 2795 2110 μιμησομένους
2843 2041 2925 2103 είς
2977 2038 3235 2110 τοιαύτην
3278 2038 3522 2108 ἡλάσατε
3558 2036 3762 2097 κακίαν,

2201 2125 2270 2202 ἦς
2300 2131 2476 2195 οὐδεὶς
2503 2130 2612 2185 τῶν
2663 2131 2802 2200 ἄγαν
2849 2131 3310 2202 πεπαιδευμένων
3352 2129 3467 2201 (79)
3502 2126 3764 2199 ἐφικέσθαι

2200 2223 2279 2293 τῷ
2301 2224 2445 2295 λόγῳ
2479 2223 2789 2295 δυνήσεται.
2836 2224 2976 2277 Ἀλλ’
3008 2224 3082 2288 ὡς
3115 2224 3435 2294 πράξαντες
3462 2222 3561 2275 ὅσα
3594 2218 3765 2289 μηδεὶς

2198 2313 2306 2367 τῶν
2338 2313 2560 2369 πώποτε
2598 2314 2689 2368 ἐπὶ
2720 2314 3093 2387 παρανομίαις
3132 2314 3512 2386 βεϐοημένων,
3541 2311 3640 2366 κᾶν
3681 2308 3787 2378 ὀψέ-

2199 2423 2350 2469 ποτε,
2381 2408 2706 2479 γνωσιμαχή
2716 2425 2869 2466 σατε.

520 2504 646 2553 sero
675 2495 896 2553 tandem
928 2496 1252 2567 resipiscite,
1287 2507 1353 2551 ac
1379 2492 1750 2566 pteniteamini
1776 2493 1844 2550 de
1868 2493 2101 2564 patratis
2127 2509 2155 2551 a
2200 2495 2415 2552 nemine
2442 2511 2680 2566 unquam
2718 2505 2798 2553 tot
2826 2495 3066 2562 delictis,
3103 2506 3224 2567 qua:
3256 2509 3411 2567 saepe
3435 2493 3548 2566 iam
3573 2490 3767 2565 vulgata

520 2587 889 2649 innotescunt.

869 2702 1004 2758 LIV.
1032 2732 1105 2743 —
1138 2701 1402 2761 HERONI
1430 2702 1749 2763 DIACONO.

2577 2698 2701 2755 NA'.
2734 2729 2803 2739 ——
2827 2699 3039 2753 ΗΡΩΝΙ
3072 2698 3408 2771 ΔῘᾹΚΟΝῼ.

1633 2819 1812 2876 Virtus
1838 2821 2121 2888 sequenda,
2153 2829 2207 2893 ut
2234 2819 2432 2871 hostem
2468 2830 2668 2870 vmcas.

591 2949 980 3005 Accusatlones
1024 2948 1284 3017 quasdam
1341 2946 1590 3003 refellere
1630 2946 1766 3003 solet
1822 2947 2088 3001 interdum

2282 2946 2463 3010 Ἐνίας
2500 2945 2611 3000 τῶν
2647 2944 2995 3017 κατηγοριῶν
3020 2944 3212 2999 εἴωθεν
3248 2945 3534 3012 ἀπίστους
3560 2948 3724 3002 ποιεῖν
3749 2948 3775 2999 ὁ

523 3040 634 3097 vita
670 3040 837 3111 proba
882 3039 1022 3108 ejus,
1055 3040 1146 3110 qui
1173 3039 1226 3094 in
1251 3038 1342 3109 jus
1362 3048 1603 3095 vocatur.
1644 3040 1739 3096 Vir
1772 3040 1953 3109 itaque
1978 3040 2088 3093 ho-

2197 3039 2300 3094 τῶν
2342 3039 2763 3109 ἐγκαλουμένων
2800 3038 2934 3110 βίος.
2984 3038 3257 3102 Πολλάκις
3294 3039 3433 3109 γοῦν
3474 3040 3616 3113 ἀνὴρ
3647 3042 3771 3109 ἀγα-

510 3149 626 3188 -nus
652 3143 860 3188 tantum
887 3140 1215 3202 conspectus
1270 3139 1324 3188 et
1359 3132 1597 3187 nondum
1645 3131 1899 3188 defensus
1923 3122 2093 3200 strpe-

520 3239 750 3281 numero
778 3239 882 3278 non
918 3224 1091 3279 solum
1126 3240 1340 3279 omnem
1389 3224 1607 3293 depellit
1662 3224 2091 3285 accusationem,

520 3326 577 3373 et
611 3315 1078 3383 maledicentiam,
1109 3316 1202 3370 sed
1254 3324 1309 3371 et
1346 3315 1594 3371 lamlibus
1626 3320 1852 3370 ornatus
1886 3314 2093 3369 disces-

518 3410 610 3466 sit.
640 3410 818 3477 Quare
837 3409 881 3464 si
909 3407 994 3462 vel
1020 3409 1086 3463 ab
1117 3408 1352 3464 inimicis
1379 3410 1596 3479 exigere
1627 3423 1814 3479 poenas
1839 3408 1943 3473 vis,
1978 3406 2090 3461 vir-

497 3511 685 3558 tutem
720 3500 804 3555 l‘ac
842 3515 1122 3557 exerceas.
1175 3499 1306 3567 Quae
1338 3502 1480 3557 enim
1530 3516 1655 3556 orsa
1705 3509 1831 3556 sunt
1874 3500 2091 3554 laudum

519 3602 729 3647 tuarum
753 3591 1044 3659 praeconia,
1075 3590 1323 3645 hostibus
1346 3606 1508 3661 quam
1533 3604 1707 3661 plena)
1738 3602 1930 3645 omnes
1957 3590 2088 3655 sint,

517 3682 767 3753 graviora
799 3679 937 3735 ﬁunt
969 3681 1248 3750 magisque
1283 3682 1501 3736 acerba.

634 3794 756 3853 LV.
788 3824 859 3835 —
883 3791 1454 3849 AGATHODASMONI
1477 3792 1955 3851 GRAMMATICO.

2191 3132 2285 3196 θὺς
2311 3132 2533 3203 ὁραθεὶς
2571 3131 2751 3202 μόνον,
2779 3132 2876 3185 καὶ
2910 3130 2985 3201 μὴ
3023 3129 3529 3203 ἀπολογησάμενος
3553 3174 3568 3199 ,
3592 3134 3653 3187 ού
3687 3132 3772 3203 μό-

2195 3242 2285 3278 νον
2324 3227 2507 3279 πάσαν
2540 3223 2882 3295 ἀπετρίψατο
2915 3221 3253 3292 κατηγορίαν
3308 3240 3373 3275 τε
3406 3224 3506 3277 καὶ
3554 3238 3778 3295 κακηγο-

2190 3317 2335 3388 ρίαν,
2368 3316 2505 3370 ἀλλὰ
2533 3317 2627 3369 καὶ
2656 3314 2895 3376 ἐπαίνοις
2923 3313 3179 3383 στεφθεὶς
3206 3314 3495 3385 ἀπῆλθεν.
3530 3316 3595 3370 Ei
3616 3316 3781 3369 τοίνυν

2192 3408 2371 3478 βούλει
2403 3408 2531 3471 τοὺς
2563 3405 2791 3477 ἐχθροὺς
2829 3405 2957 3469 τοὺς
3000 3404 3201 3457 σαυτοῦ
3256 3404 3434 3469 δίκας
3470 3406 3776 3474 ἀπαιτῆσαι,

2187 3496 2388 3567 ἀρετὴν
2413 3497 2592 3550 ἄσκει.
2623 3494 2705 3547 Τὰ
2728 3495 2838 3566 γάρ
2878 3511 2960 3547 σοι
2988 3493 3142 3565 παρὰ
3178 3493 3419 3548 πάντων
3458 3495 3783 3565 ὑφαινόμενα

2190 3592 2442 3659 ἐγκώμια
2465 3627 2479 3651 ,
2516 3588 2747 3650 ἐκείνοις
2778 3584 3051 3658 τιμωρίας
3086 3585 3321 3656 ἁπάσης
3363 3588 3488 3641 ἐστὶ
3518 3584 3781 3659 βαρύτερά

2188 3699 2246 3735 τε
2289 3683 2382 3736 καὶ
2416 3681 2740 3752 πικρότερα.

2329 3792 2455 3846 NE'.
2492 3820 2561 3831 —
2589 3787 3098 3843 ΔΓΑΘΟΔΑΙΜΟΝῘ
3135 3787 3646 3861 ΓΡᾹΜΜΑΤῘΚῼ.

1537 3908 1795 3963 Avaritia:
1827 3906 2125 3962 detestatio.
2155 3903 2373 3974 (Confer
2404 3900 2503 3970 inf.
2541 3915 2621 3969 ep.
2655 3898 2771 3970 67.)

568 4051 645 4108 'Si
671 4047 909 4105 nonnulli
945 4056 1049 4102 tuae
1072 4044 1258 4100 traditi
1294 4041 1609 4111 disciplinae,
1642 4039 1840 4094 furoris
1884 4040 2080 4111 rabiei-

511 4156 617 4209 que
662 4138 802 4211 pleni
837 4136 1076 4193 insolens
1107 4134 1236 4204 quid
1280 4146 1345 4187 ac
1383 4141 1579 4201 preter
1626 4129 1963 4198 disciplinam
1998 4138 2079 4181 at-

513 4233 791 4295 tentariut,
844 4229 945 4286 hos
1002 4227 1145 4282 ferro
1197 4224 1439 4287 retrahe,
1492 4222 1896 4291 silentiumque,
1931 4236 1996 4275 ne
2025 4221 2078 4274 in

510 4337 750 4394 praeceps
780 4321 1049 4385 ferantur,
1077 4318 1307 4386 impera.
1333 4314 1392 4369 Si
1423 4329 1552 4370 vero
1591 4316 1941 4385 pecuniarum
1985 4310 2081 4365 lla-

2258 4036 2320 4088 Εί
2353 4035 2451 4105 μὲν
2480 4050 2623 4096 τινες
2650 4031 2758 4086 τῶν
2776 4031 2881 4086 ὑπὸ
2898 4031 2991 4085 σοῦ
3021 4033 3466 4103 ήνιοχουμένων,
3497 4032 3705 4105 λύσσης
3731 4049 3782 4085 τι

2187 4127 2279 4177 καὶ
2331 4122 2507 4195 ἀφροῦ
2563 4122 2753 4193 μεστοὶ
2810 4121 3192 4191 τυγχάνοντες,
3222 4122 3529 4194 άγὲρωχὸν
3595 4140 3647 4176 τι
3697 4122 3783 4176 καὶ

2188 4214 2340 4287 παρὰ
2375 4217 2475 4286 τὴν
2506 4214 2660 4284 ἡνίαν
2694 4212 2987 4283 πράττοιεν
3014 4251 3029 4276 ,
3063 4212 3411 4282 άνασείραζε
3443 4213 3676 4277 τούτους
3700 4211 3786 4265 καὶ

2188 4302 2529 4376 ἐπιστόμιζε,
2574 4302 2660 4356 ἵνα
2702 4303 2777 4374 μὴ
2815 4302 2959 4356 κατὰ
2986 4302 3252 4373 κρημνῶν
3292 4305 3609 4375 ἐνεχθεϊεν.
3646 4306 3707 4358 Ei
3732 4301 3784 4355 δὲ

507 4393 668 4487 grare
699 4415 904 4472 sentias
941 4425 1154 4474 amore,
1187 4410 1273 4463 die
1312 4408 1379 4463 iis
1417 4407 1632 4463 assidue
1662 4421 1677 4460 :
1720 4406 1917 4473 Ecquas
1943 4418 2077 4457 nova

2197 4397 2485 4468 χρημάτων
2526 4394 2735 4448 αἴσθοιο
2781 4394 3039 4464 ἐραστὰς,
3069 4394 3159 4447 ἀεὶ
3205 4394 3376 4463 λέγε⁸
3413 4397 3519 4461 Τίς
3567 4399 3606 4468 η
3636 4393 3789 4463 καινὴ

509 4481 624 4560 haec
678 4516 733 4559 et
762 4502 992 4559 absurda
1027 4500 1181 4570 plura
1233 4497 1465 4553 habendi
1501 4495 1814 4566 cupiditatis
1841 4494 2075 4548 amentia

2197 4489 2280 4543 καὶ
2307 4487 2619 4558 παράλογος
2641 4486 2742 4555 τῆς
2770 4484 3202 4555 φιλοχρηματίας
3221 4485 3430 4555 μανία,
3536 4488 3601 4540 τὸ
3630 4500 3789 4557 προσ-

501 4594 626 4650 est?
650 4592 762 4648 Cur
792 4593 989 4660 injecta
1021 4588 1249 4643 materie
1277 4602 1339 4640 ac
1368 4585 1554 4641 fomite
1583 4584 1828 4654 subjecto
1844 4581 2078 4651 amplior

2197 4579 2464 4650 τιθέμενον
2511 4576 2615 4646 ὕλη
2677 4575 2772 4630 καὶ
2829 4576 3170 4645 ὑπέκκαυμα
3217 4575 3328 4645 τῆς
3395 4576 3500 4630 τοῦ
3547 4576 3787 4637 πλείονος

502 4685 566 4739 lit
600 4683 910 4755 possidendi
963 4680 1161 4736 ardor?
1191 4677 1438 4746 Undique
1476 4678 1622 4730 enim
1662 4673 1899 4743 rapiens,
1935 4687 2075 4725 nun-

2197 4671 2410 4742 ίρέξεως
2448 4668 2730 4738 γίγνεται;
2770 4668 3009 4721 Πάντοτε
3040 4666 3151 4737 γὰρ
3179 4666 3494 4739 δεχομένη,
3534 4669 3788 4723 οὐδέποτε

505 4753 667 4845 quam
714 4775 981 4845 expletur.
1031 4773 1301 4840 Quantum
1365 4769 1410 4824 si
1484 4768 1721 4838 capitum
1785 4765 2074 4819 multorum

2197 4762 2517 4831 τληρούταιο
2566 4753 2682 4813 οἷον
2738 4760 2797 4815 δέ
2851 4775 2935 4823 τις
2967 4757 3357 4827 πολυκέφαλος
3388 4759 3541 4832 ὕδρα
3583 4759 3792 4833 μυρίοις

504 4870 674 4940 hydra
707 4866 912 4921 intinita
938 4866 1137 4919 haheat
1164 4877 1283 4928 ora,
1319 4861 1515 4930 quibus
1538 4860 1715 4914 cibum
1750 4858 1802 4913 in
1834 4864 2073 4911 ventrem

2197 4854 2410 4923 πόμασι
2454 4850 2552 4923 τὴν
2597 4853 2806 4922 τροφὴν
2849 4853 2917 4923 τῇ
2964 4850 3165 4924 γαστρῖ¹
3210 4852 3278 4922 τῇ
3337 4854 3650 4925 ἀκορέστῳ
3697 4867 3795 4904 πα-

507 4959 884 5031 inexpiebilem
924 4957 1193 5021 demittat,
1232 4964 1383 5010 tanto
1402 4954 1522 5023 plus
1554 4960 1792 5023 appetat,
1820 4959 1877 5004 et
1917 4947 2073 5019 quasi

2197 4947 2587 5017 ναπέμπουσα,
2644 4945 2900 5000 τοσοῦτον
2949 4945 3120 5013 αὐτῆς
3179 4945 3463 5014 ὀρέγεται
3521 4946 3716 5013 πλέον,
3760 4941 3792 5013 ἢ

499 5051 637 5107 nihil
661 5060 816 5108 antea
850 5048 1137 5116 acceperit.
1168 5046 1368 5117 Ecquis
1397 5045 1559 5116 igitur
1601 5043 1858 5097 cordatus
1887 5040 2075 5110 hujus-

2197 5041 2300 5093 ἱσον
2334 5039 2485 5093 οὐδὲν
2525 5039 2573 5091 εί
2607 5038 2757 5110 παρὰ
2785 5037 2883 5109 τὴν
2914 5036 3088 5110 ἀρχὴν
3116 5037 3371 5104 ἐδέξατο.
3404 5040 3514 5103 Τίς
3545 5034 3644 5093 οὖν
3671 5035 3795 5091 ταύ-

1595 5216 1830 5275 VAIlIA‘I
1869 5214 2251 5272 LECTIONES
2290 5215 2376 5270 ET
2414 5214 2644 5271 NOTAE.

507 5397 628 5452 μοις
671 5379 934 5452 Siquidem
969 5374 1231 5452 meliqrem
1267 5384 1497 5452 metuent
1519 5372 2069 5452 t'ndst_eris_,‘ga_ttdebo,
2171 5372 2555 5452 Altlinsgrttttt
2585 5374 2777 5452 citrei“).
2812 5370 3021 5452 Possm.

501 5439 560 5504 ὶιι
588 5439 965 5520 Ρυιὴἁῃογὶειιδ
994 5444 1207 5520 quidam
1239 5443 1572 5520 philosOphus
1614 5439 2068 5520 lisysisi'dicebqt,

2240 5441 2353 5512 (7i)
2393 5442 2523 5496 Po~t
2552 5442 2686 5512 πρὸς
2719 5443 2816 5513 τὴν
2849 5445 2969 5498 cod.
2996 5441 3101 5497 Alt.
3135 5439 3285 5496 addit
3322 5443 3630 5513 ἀφθαστον
3648 5440 3793 5515 (sic).

503 5511 879 5589 eum'prol'opst'
912 5511 1120 5589 sodalis
1153 5514 1311 5567 vicem
1338 5511 1573 5589 lugeret;
1606 5511 1702 5566 Sin
1743 5514 1937 5576 minus,
1981 5511 2071 5564 ille
2167 5512 2245 5567 In.

502 5580 704 5657 quidem
729 5580 958 5657 scripsit,
988 5584 1121 5657 mihi
1156 5580 1493 5657 mortuuses.
1541 5581 1783 5657 θεωρίης
1878 5649 1970 5657 Μ
2227 5582 2347 5657 (7-2)
2387 5580 2847 5657 Πεπαιδευμένων
2899 5581 2983 5657 ἰιιΔ
3013 5580 3265 5657 prtesenti
3323 5582 3585 5641 eﬂ‘erunt
3633 5582 3794 5639 ambo

574 5658 682 5729 (70)
722 5649 866 5713 ιηιείι·
901 5649 1029 5727 πρίν
1063 5662 1115 5708 et
1144 5652 1421 5723 παύσομαι
1459 5653 1615 5707 codd.
1658 5650 1831 5708 Vatic.
1872 5649 1977 5705 650
2012 5659 2068 5707 ei

2197 5649 2335 5707 odd.
2355 5649 3112 5722 εειιὶὶιοιιιθεπαιδευομὲνων.
3148 5652 3224 5709 In.
3790 5688 3793 5691 -
