4078 6368
319 401 460 471 136Ῑ

1253 401 1798 464 EPISTOLARUM
1847 401 1990 462 LIB.
2031 403 2099 462 ν.
2140 427 2206 436 ·-
2244 402 2480 464 EPIST.
2523 405 2645 466 LX-

3439 393 3576 460 I362

307 534 414 590 της
447 509 509 570 εὖ
554 513 770 587 φρονῶν
795 512 970 568 ἕλοιτο
1001 507 1142 568 εἶναι
1181 514 1439 586 ἐραστὴς,
1473 515 1569 584 τῆς
1605 511 1886 568 κάνταῦθα

1998 513 2134 568 modi
2183 513 2297 568 vitii
2350 515 2617 570 sustineat
2665 529 2784 571 esse
2837 512 3086 570 amator?
3131 509 3274 582 quod
3345 521 3400 565 et
3467 523 3572 562 non

309 608 392 679 τῷ
425 607 502 680 μὴ
531 605 889 678 κορὲννυσθαι
923 604 1262 676 κολαζούσης
1285 606 1378 660 τὸν
1407 607 1626 674 ἁλόντα,
1657 607 1885 660 κάκεῖσε

311 699 394 764 είς
421 699 484 753 τὸ
506 697 772 754 ἄσϐεστον
803 697 918 770 πῦρ
950 696 1431 768 παραπεμπούσης
1455 714 1470 764 ;

799 899 942 968 Nq'.
971 927 1042 941 -
1075 897 1396 970 AoMETm.

1995 602 2260 673 esplendo
2282 619 2440 671 quem
2470 605 2636 660 semel
2657 606 2884 676 ceperit,
2913 607 2991 660 sic
3017 603 3224 675 puniat,
3256 607 3314 655 ut
3337 605 3394 652 et
3417 604 3578 652 teter-

1997 695 2084 748 nis
2147 693 2445 749 inferorum
2502 695 2750 764 ignibus,
2801 699 2892 766 qui
2951 695 3218 764 exstingui
3278 697 3580 757 nequeant.

1997 783 2231 838 addicat.

2485 898 2640 956 LVI..
2670 929 2743 942 -—
2781 897 3082 960 DOMITIO.
3097 945 3110 954 .

1413 1004 1566 1061 Beati
1595 1005 1686 1076 qui
1725 1007 2136 1075 persecutionem
2167 1008 2468 1076 patiuntur.

380 1131 462 1186 οο
491 1130 590 1184 τδν
618 1128 799 1200 πάντη
822 1127 932 1182 τῶν
957 1127 1226 1183 εἰωθότων
1247 1127 1361 1190 τοῖς
1387 1123 1701 1196 ἀνθρώποις
1727 1121 1883 1176 ἀνια-

309 1225 426 1296 ρῶν
461 1221 781 1294 συμϐαίνειν
819 1219 1136 1292 ἀπείρατον,
1191 1218 1458 1290 μακάριον
1488 1211 1630 1270 εἶναι
1668 1213 1718 1268 οί
1753 1212 1888 1267 πολ-

305 1317 393 1370 λιὶ
421 1314 706 1386 νομίζουσι
746 1311 930 1386 (τοῦτο
967 1311 1078 1384 γὰρ
1121 1310 1434 1381 ἀδύνατον),
1469 1309 1612 1365 ἀλλὰ
1653 1307 1745 1362 τὸν
1785 1305 1897 1360 ὀλίο

304 1425 424 1478 γων
456 1406 854 1478 μετεσχηκότα.
897 1405 999 1460 Διὰ
1047 1405 1159 1476 γὰρ
1214 1403 1420 1476 πλῆθος
1462 1400 1780 1472 συμφορῶν,
1829 1399 1888 1452 αἱ

301 1503 438 1565 τοὺς
491 1499 780 1563 πλείστους
829 1497 1273 1562 καταὸλύζουσι,
1317 1497 1587 1567 μακάριον
1633 1492 1726 1546 τὸν
1778 1490 1889 1544 ὀλί-

303 1609 426 1662 γοις
472 1592 586 1666 (75)
634 1591 1120 1663 προσομιλήσαντα
1167 1584 1309 1642 εἶναι
1349 1587 1641 1660 ὁρίζονται.
1695 1583 1889 1652 Ἡμεῖς

306 1683 364 1736 δὲ
401 1681 497 1737 καὶ
553 1680 646 1735 τὸν
692 1679 865 1734 πολλὰ
921 1680 1019 1750 μὲν
1057 1677 1184 1750 τῇδε
1230 1675 1540 1730 πεπονθότα
1563 1715 1580 1741 ,
1622 1669 1888 1744 γενναίως

299 1775 360 1828 δὲ
406 1771 701 1843 ἑνηνοχότα
722 1811 738 1838 ,
767 1769 863 1824 τοῦ
897 1769 1056 1838 ὀλίγα
1089 1767 1421 1830 πεπονθότος
1457 1765 1660 1837 μᾶλλον
1705 1777 1889 1834 μακα-

2063 1125 2297 1183 Felicem
2331 1129 2552 1199 quidam
2601 1129 2919 1185 existimant
2972 1146 3076 1186 non
3129 1147 3271 1197 eum,
3301 1133 3392 1202 qui
3442 1133 3592 1187 nihil"

1998 1217 2396 1286 molestiarum,
2441 1219 2640 1290 quibus
2681 1220 2990 1276 mortalium
3026 1221 3256 1276 obnoxia
3313 1223 3422 1276 vita
3465 1212 3573 1284 esi,

1997 1311 2168 1366 sensit
2194 1327 2434 1382 unquam
2475 1313 2550 1386 (id
2579 1315 2724 1370 enim
2773 1313 2892 1369 ﬁeri
2940 1329 3046 1369 non
3078 1313 3300 1386 potest),
3353 1315 3447 1368 sed
3479 1314 3574 1384 qui

1997 1413 2159 1470 quam
2190 1402 2432 1458 minimis
2461 1413 2686 1474 urgetur
2720 1403 2899 1460 malis.
2926 1405 3306 1460 Calamitatum
3333 1403 3476 1459 enim
3505 1403 3575 1457 oh

1994 1495 2226 1564 copiam,
2267 1493 2465 1565 quibus
2489 1495 2730 1566 plerique
2767 1495 3168 1557 circumﬂuunt.
3211 1495 3425 1550 beatum
3451 1508 3576 1562 pro-

1995 1585 2270 1651 nuntiant,
2304 1586 2395 1654 qui
2432 1587 2776 1656 paucissimis
2814 1586 3050 1643 laeditur.
3101 1585 3209 1641 Nos
3239 1600 3370 1640 vero
3395 1583 3577 1656 [Chri-

1993 1675 2178 1747 stiani]
2207 1685 2261 1730 et
2293 1676 2458 1732 multa
2486 1678 2706 1748 quidem
2743 1693 3084 1750 perpessum,
3133 1675 3359 1732 excelso
3394 1685 3584 1730 tamen

1995 1767 2185 1823 animo
2203 1767 2546 1835 tolerantem,
2576 1770 2738 1842 longe
2762 1771 3011 1826 ducimus
3033 1769 3331 1825 feliciorem
3367 1783 3454 1836 eo,
3481 1768 3574 1838 qui

302 1862 554 1936 ιοτζομεν⁸
584 1865 670 1918 δτι
701 1862 836 1932 πρὸς
883 1860 952 1915 τὰ
999 1859 1356 1929 παλαίσματα
1396 1859 1493 1912 καὶ
1523 1858 1573 1910 οἱ
1617 1855 1876 1924 στέφανοι

1998 1857 2190 1911 nodica
2217 1857 2518 1925 pertulerit.
2555 1857 2688 1913 Nam
2733 1867 2788 1914 et
2823 1857 3071 1914 luctator-i
3109 1872 3324 1913 coronae
3351 1873 3416 1914 ex
3459 1872 3580 1913 me-

303 1955 632 2022 πλέκονται,
663 1953 758 2007 καὶ
782 1953 896 2016 τοϊς
929 1949 1114 2014 ἄθλοις
1140 1949 1211 2002 τὰ
1243 1947 1456 2002 ἔπαθλα
1479 1945 1784 2002 ἀκολουθεῖ.

594 2067 719 2124 NZ'.
755 2096 827 2110 —
856 2065 1105 2137 zozuuo
1135 2063 1606 2136 ΠΡΕΣΒΥΤΕΡῼ.

1992 1946 2097 2002 rito
2119 1945 2437 2013 obveniunt,
2463 1957 2516 2002 et
2539 1958 2817 2004 certantes
2853 1965 2950 2004 sua
2977 1949 3198 2020 praemia
3223 1949 3583 2004 comitantur.

2130 2055 2287 2128 571
2335 2057 2494 2113 LVII.
2537 2087 2612 2098 —
2650 2057 2907 2116 ZOSIMO
2955 2056 3441 2115 PRESBYTERO.

1475 2180 1520 2234 Α
1555 2181 1700 2236 vitiis
1733 2179 2048 2234 dehortatur
2073 2186 2120 2230 et
2150 2177 2404 2244 nequitia.

376 2304 592 2376 Κηλίδα
611 2343 628 2372 ,
662 2301 760 2356 καὶ
799 2273 1052 2374 μίασμα,
1083 2301 1182 2355 καὶ
1205 2300 1364 2370 ἄγος,
1402 2299 1500 2353 καὶ
1532 2299 1586 2352 τί
1625 2297 1737 2368 γὰρ
1761 2295 1885 2366 οὐχὶ

2059 2293 2346 2361 Probrum,
2383 2295 2652 2365 piaculum
2683 2310 2748 2352 ac
2773 2297 2970 2360 scelus.
2997 2306 3052 2354 et
3080 2297 3207 2368 quid
3245 2310 3352 2352 non
3385 2307 3581 2353 contu-

295 2397 417 2452 τῶν
460 2395 743 2466 προδήλων
782 2392 1030 2464 αίσχρῶν
1081 2390 1443 2463 ὀνομάζοντές
1499 2389 1561 2443 σέ
1604 2405 1786 2454 τινες,
1840 2382 1886 2442 ὧ

1998 2389 2197 2445 meliosi
2227 2389 2462 2446 nominis
2486 2391 2604 2452 tibi,
2629 2405 2661 2446 ο
2691 2391 2856 2446 miser
2905 2391 3141 2458 Zosime,
3169 2391 3412 2461 quidam,
3447 2391 3573 2445 dum

299 2489 527 2562 σχέτλιε
573 2486 826 2558 Ζώσιμε,
857 2485 1166 2558 περιίασιν;
1206 2482 1301 2548 οὓς
1347 2481 1473 2536 οὔτε
1511 2481 1722 2552 καιρὸς,
1762 2478 1887 2533 οὔτε

1998 2481 2275 2550 accedunt,
2312 2481 2635 2552 imponunt?
2661 2497 2891 2553 quorum
2937 2497 3113 2554 neque
3139 2492 3370 2553 tempus,
3403 2493 3577 2552 neque

294 2579 366 2632 τὸ
393 2576 574 2642 πάθος
615 2575 966 2646 ἐπιστομίσαι
995 2573 1246 2640 δύναται,
1284 2573 1503 2628 πάντων
1543 2568 1888 2642 μαρτυρούν-

291 2686 414 2724 των
443 2668 553 2723 τῶν
588 2667 897 2722 ἀκουόντων
916 2704 933 2732 ,
963 2664 1040 2730 ὡς
1063 2666 1225 2735 ὀλίγα
1251 2663 1374 2720 ἀντὶ
1405 2662 1639 2728 πολλῶν,
1672 2662 1767 2716 καὶ
1801 2679 1890 2716 σε-

297 2762 418 2834 μνὰ
463 2760 588 2816 ἀντὶ
631 2759 876 2831 αἰσχρῶν
913 2756 1204 2831 φράζουσι.
1243 2756 1448 2810 Σκόπει
1491 2755 1695 2822 τοίνυν,
1737 2755 1888 2820 ὅπως

292 2855 528 2918 τούτους
545 2852 930 2924 ἐπιστομίσῃς·
954 2850 1328 2923 ὲπιστομίσεις
1353 2846 1432 2914 δὲ,
1461 2847 1510 2902 εί
1537 2845 1766 2902 παύσοιο
1785 2847 1886 2918 τῆς

291 2939 606 3012 ἀκορέστου
639 2939 934 3013 ῥᾳθυμίας.

625 3053 760 3109 NH’.
795 3082 865 3095 -
891 3051 1217 3125 summm
1244 3053 1568 3125 AIAKONQ.

1988 2577 2182 2648 pathos
2201 2576 2465 2633 obturare
2489 2591 2552 2632 os
2586 2585 2772 2646 queat.
2816 2577 3250 2632 contestantibus
3299 2574 3572 2638 omnibus,

1993 2670 2084 2738 qui
2119 2669 2372 2735 audiunt,
2406 2677 2465 2724 ut
2490 2682 2664 2739 pauca
2705 2667 2914 2734 multis,
2935 2667 3121 2740 gravia
3153 2667 3398 2738 turpibus
3426 2680 3582 2736 repo-

1993 2768 2145 2815 nant.
2171 2759 2353 2826 Quare
2376 2760 2520 2826 vide,
2565 2775 2674 2832 qua
2701 2760 2914 2816 ratione
2941 2759 3214 2816 silentium
3249 2759 3358 2814 illis
3399 2756 3576 2828 impo-

1993 2865 2116 2906 nas.
2149 2851 2398 2923 lmpones
2425 2861 2605 2908 autem
2651 2850 2698 2907 si
2743 2852 2812 2907 ab
2843 2848 3142 2907 insatiabili
3193 2848 3298 2904 hac
3339 2846 3584 2918 nequitia

1993 2941 2255 3000 cessabis.

2265 3055 2448 3116 LVIII.
2480 3089 2551 3101 —
2577 3055 2946 3116 EPIPHAMO
2971 3053 3296 3115 DIACONO.

1325 3169 1455 3242 Spes
1483 3173 1606 3226 vita:
1630 3173 1884 3228 anchora.
1921 3169 2144 3246 (Confer
2167 3191 2250 3246 ep.
2280 3176 2350 3234 50
2387 3187 2438 3234 et
2467 3177 2620 3250 271.)

385 3292 456 3348 Ἦ
492 3293 574 3358 εἰς
607 3291 708 3362 τὴν
735 3291 952 3362 ἄμαχον
993 3286 1092 3344 τοῦ
1129 3288 1200 3344 τὰ
1227 3288 1410 3344 πάντα
1447 3287 1783 3353 οίακίζοντος
1811 3288 1891 3342 δε-

2073 3291 2231 3363 Spes,
2271 3307 2392 3363 quin
2421 3302 2507 3350 est
2533 3295 2602 3350 ad
2647 3293 2906 3351 invictam
2931 3292 3214 3350 dexteram
3245 3299 3439 3348 cuncta
3476 3305 3579 3364 gu-

295 3387 428 3456 ξιὰν
453 3384 629 3448 ἐλπὶς,
664 3383 724 3436 οὐ
757 3381 920 3452 μόνον
946 3381 1048 3453 τῂν
1079 3379 1190 3434 τῶν
1222 3379 1527 3450 μελλόντων
1555 3379 1734 3434 ὠδίνει
1757 3379 1892 3434 ἁπό-

294 3477 518 3536 λαυσιν,
548 3471 686 3527 ἀλλὰ
713 3471 809 3525 καὶ
845 3471 972 3534 τοὺς
1001 3469 1278 3542 παρόντας
1304 3469 1644 3540 ἐπικουφίζει
1675 3473 1888 3543 πόνους.

307 3567 478 3634 Ῥᾷον
513 3565 628 3634 γάρ
666 3579 753 3626 τις
781 3559 943 3632 φέρει
980 3562 1107 3624 τοὺς
1141 3559 1340 3624 ἄθλους
1373 3562 1440 3631 τῇ
1471 3559 1581 3614 τῶν
1617 3562 1895 3632 στεφάνων

296 3656 491 3711 ἑλπίδι
525 3651 920 3726 πτερούμενος.
959 3653 1022 3706 El
1065 3651 1249 3706 τοίνυν
1283 3650 1568 3706 κάνταῦθα
1598 3653 1732 3722 ἡμῖν
1772 3670 1898 3708 συν-

297 3745 636 3818 αγωνίζεται
679 3746 778 3800 καὶ
821 3745 1122 3816 συμμαχεῖ,
1167 3743 1392 3798 κάκεῖσε
1418 3743 1705 3814 στεφάνοις
1747 3746 1896 3816 ἡμᾶς

299 3840 512 3910 κοσμεῖ
535 3837 632 3892 καὶ
662 3835 950 3910 φαιδρύνει
969 3877 986 3901 ,
1019 3837 1116 3890 καὶ
1143 3835 1524 3902 ἀποϐλέπτους
1563 3838 1697 3908 παρ’
1729 3837 1899 3907 ἀγγὲ·

297 3930 424 3991 λοις
453 3927 550 3982 καὶ
576 3927 887 4000 ἀνθρώποις
922 3927 1260 4000 καθίστησι,
1297 3927 1504 4000 ταύτην
1552 3927 1897 4001 περιπτυξὼ-

304 4018 480 4092 pelia,
509 4017 607 4073 καὶ
629 4020 882 4075 σύνοικον
915 4019 1131 4090 ἔχωμεν
1157 4021 1252 4075 καὶ
1283 4020 1680 4093 ὁμοτράπεζον.

613 4133 742 4188 NO'.
769 4162 838 4172 —
861 4130 1067 4186 ΘΕΩΝῙ
1108 4131 1582 4206 ΠΡΕΣΒΥΤΕΡῼ.

1997 3384 2303 3450 bernantis,
2343 3400 2452 3440 non
2480 3385 2656 3441 solum
2690 3385 2744 3440 in
2781 3385 3022 3440 futurum
3050 3385 3196 3455 parit
3227 3383 3580 3452 voluptatem,

1997 3477 2091 3533 sed
2116 3486 2172 3531 et
2199 3476 2481 3544 praesentis
2518 3477 2641 3532 vita:
2679 3476 2924 3532 sublevat
2963 3476 3197 3531 labores.
3225 3473 3406 3528 Facile
3435 3473 3582 3528 enim

1997 3570 2122 3639 quis
2167 3571 2525 3624 certaminum
2561 3568 2773 3623 labores
2820 3567 3074 3634 sustinet,
3113 3565 3204 3636 qui
3258 3579 3580 3620 coronarum

1997 3675 2064 3715 ac
2097 3659 2442 3730 praemiorum
2473 3675 2569 3730 spe
2598 3661 2808 3717 nititur.
2839 3659 2897 3716 Si
2936 3659 3053 3714 haec
3082 3658 3264 3728 itaque
3296 3657 3580 3711 nobiscum

1997 3750 2088 3804 hic
2116 3759 2290 3804 certat
2317 3760 2372 3804 et
2399 3761 2625 3822 pugnat,
2650 3751 2726 3806 ibi
2763 3765 2894 3806 vero
2917 3749 3134 3806 coronis
3158 3754 3390 3803 exornat
3417 3753 3582 3812 atque

1998 3841 2287 3908 exhilarat,
2335 3843 2786 3912 venerandosque
2835 3841 3040 3913 angelis
3072 3847 3234 3910 atque
3275 3835 3587 3892 hominibus

1996 3949 2096 3990 nos
2123 3934 2438 4002 constituat,
2482 3935 2622 3991 hanc
2647 3932 3072 4006 complectamur
3101 3941 3157 3988 et
3195 3943 3380 3986 mensa
3409 3935 3580 3983 tecto-

1997 4041 2103 4098 que
2131 4025 2487 4098 excipiamus.

2261 4139 2400 4198 LIX.
2426 4172 2500 4185 —
2533 4139 2796 4226 TIIEONI
2839 4133 3330 4195 PRESBYTEBO.

1238 4252 1496 4322 Asperius
1529 4253 1663 4308 nihil
1693 4265 1769 4310 est
1799 4257 1990 4314 humili
2023 4277 2144 4316 cum
2181 4263 2350 4332 surgit
2383 4263 2438 4317 in
2469 4261 2661 4318 altum.

388 4369 478 4443 Μὴ
507 4369 628 4425 λίαν
664 4368 1002 4440 ὲκπλήττου,
1051 4367 1189 4441 μηδὲ
1227 4367 1514 4441 θαύμαζε,
1561 4372 1613 4424 εί
1653 4371 1906 4445 Ζώσιμος

313 4461 429 4518 ἀπὸ
453 4464 760 4532 οἰκετικῆς,
796 4461 872 4526 ὡς
917 4461 1058 4534 φὴς,
1101 4461 1260 4533 ῥίζης
1296 4461 1622 4534 ὁρμώμενος
1647 4467 1906 4538 φανητιᾷ,

2079 4375 2197 4434 Noli
2218 4377 2440 4450 percelli
2474 4386 2569 4434 aut
2597 4377 2884 4444 admirari,
2932 4375 2977 4434 si
3014 4373 3262 4430 Zosimus
3305 4371 3478 4442 stirpe
3526 4385 3597 4424 se

1997 4469 2232 4540 jactans,
2263 4479 2325 4526 ut
2359 4471 2580 4537 scribis,
2611 4478 2666 4528 et
2712 4470 2914 4540 aliquis
2953 4467 3122 4524 videri
3160 4465 3407 4535 cupiens,
3451 4464 3586 4519 nihil

308 4555 412 4609 καὶ
439 4555 664 4624 μέτριον
703 4554 862 4609 οὐδὲν
892 4555 1100 4625 φρονεῖ.
1129 4553 1304 4608 Εῐωθε
1328 4553 1494 4626 γὰρὴ
1536 4557 1667 4628 παρ’
1703 4555 1891 4613 ἐλπίδα

2003 4561 2180 4632 sapiat
2210 4562 2500 4618 moderari.
2531 4561 2661 4628 Quae
2688 4563 2832 4617 enim
2859 4561 3136 4630 insperata
3167 4556 3368 4612 accidit
3411 4554 3586 4611 felici-

307 4645 590 4718 εὑημερία
618 4645 746 4710 τοὺς
775 4645 1197 4716 ἁνοηταίνοντας
1225 4645 1360 4717 πρὸς
1389 4644 1550 4718 ὕϐριν
1584 4647 1826 4718 τρέπειν.

701 4759 777 4814 Ξθ.
810 4791 881 4802 -
905 4759 1137 4814 IEPAKI
1171 4761 1492 4832 ΔΙΔΚΟΝῼ.

2010 4661 2113 4718 tas,
2146 4667 2208 4709 ea
2241 4653 2627 4708 contumeliam
2661 4651 2776 4707 fere
2811 4650 3056 4706 attrahit.

2341 4764 2460 4822 LX.
2497 4797 2568 4810 —-
2623 4765 2904 4854 IIIEBACI
2931 4761 3271 4822 DlACONO-

1637 4878 1795 4933 Amat
1825 4879 2041 4934 victoria
2067 4894 2272 4935 curam.

391 4968 611 5041 Σφόδρα
641 4965 944 5038 ἀπατῶμεν
971 4967 1222 5031 ἑαυτοὺς,
1253 4965 1349 5020 καὶ
1373 4965 1855 5038 παραλογιζόμεθα
1880 5007 1898 5035 ,

2082 4967 2248 5024 Valde
2299 4968 2665 5039 nosmetipsos
2713 4967 3034 5038 decipimus,
3089 4967 3332 5038 falsaque
3387 4968 3590 5024 utimur

311 5063 368 5118 εἰ
421 5061 592 5132 μηδὲν
640 5059 978 5132 πράττοντες
1027 5051 1102 5114 ὧν
1147 5059 1420 5130 προσήκει
1461 5059 1728 5130 πράττειν
1772 5059 1891 5124 τοὺς

2009 5060 2450 5128 ratiocinatione,
2511 5061 2559 5116 si
2607 5059 2744 5116 nihil
2777 5069 3000 5130 agentes
3039 5074 3250 5126 eorum,
3281 5075 3403 5131 quae
3433 5062 3592 5116 decet

311 5155 480 5224 νικᾷν
522 5151 918 5224 βουλομένους,
959 5151 1070 5205 τῶν
1107 5153 1289 5207 πάντα
1331 5151 1680 5224 πραττόντων
1722 5151 1891 5224 (ΠΜ

2009 5167 2193 5224 agere,
2220 5152 2314 5224 qui
2367 5151 2588 5208 vincere
2625 5150 3288 5222 contendat,_snperiores
3328 5165 3427 5205 nos
3470 5150 3588 5204 fore

311 5243 431 5316 χρὴ
458 5243 720 5316 πράττειν
747 5243 874 5306 τοὺς
902 5244 1146 5315 νικήσειν
1181 5241 1475 5315 μέλλοντας
1493 5284 1509 5311 ,
1553 5242 1891 5316 περιέσεσθαι

2010 5258 2298 5314 speramus
2324 5243 2418 5308 iis,
2445 5243 2534 5314 qui
2568 5243 2699 5298 nihil
2732 5257 2842 5296 non
2869 5253 3034 5312 agunt
3074 5256 3260 5298 eorum
3301 5255 3422 5307 quae
3456 5255 3590 5296 con-

317 5335 736 5408 προσδοκῶμεν.
773 5335 985 5390 Ταυτδν
1008 5334 1118 5406 γάρ
1152 5336 1270 5388 ἐστι
1293 5375 1310 5401 ,
1349 5333 1412 5389 τὸ
1439 5335 1685 5400 καὶτοὺς
1702 5335 1891 5390 καθεύ-

2013 5337 2162 5392 venit
2183 5337 2420 5392 victores
2449 5351 2609 5407 agere
2657 5349 2728 5391 ac.
2752 5333 3030 5405 pati..l-loc
3069 5333 3212 5388 enim
3245 5329 3469 5402 perinde
3493 5329 3588 5398 sit,

314 5427 514 5492 δοντας
545 5426 639 5481 καὶ
671 5426 968 5499 ῥέγχοντας
999 5425 1108 5479 τῶν
1127 5426 1506 5498 ἐγρηγορότων
1534 5427 1626 5481 καὶ
1656 5426 1892 5481 σπουδα-

2005 5436 2167 5498 atqne
2199 5427 2530 5483 dormientes
2563 5433 2964 5496 stertentcsque
2997 5415 3346 5494 vigilantibus
3379 5435 3442 5478 ac
3473 5429 3590 5478 sat:

1427 5599 1668 5658 VARUE
1708 5598 2094 5659 LECTIONES
2132 5601 2222 5659 ET
2261 5602 2497 5660 NOT'IE.

395 5763 510 5832 (75)
552 5761 792 5834 Uterque
819 5764 1008 5828 codex,
1032 5759 1246 5834 ὀλίγων.
1281 5759 1488 5834 Possis.

401 5829 516 5900 (74)
559 5832 658 5889 Pro
687 5829 866 5887 πάντα
886 5831 1238 5898 πραττόντων
1262 5829 1416 5886 codd.
1455 5831 1569 5884 Vat.
1603 5830 1705 5886 650
1733 5839 1784 5885 et
1807 5830 1911 5886 Alt.

2021 5759 2201 5830 legunt
2224 5760 2348 5822 τοὺς
2386 5758 2562 5814 xitum
2591 5756 2945 5830 πράττοντας.
2986 5757 3060 5813 In.
