4078 6388
559 375 700 442 1363
1762 374 1823 435 s.
1865 375 2156 436 ISIDORI
2196 370 2638 436 PELUSIOT/E'
3647 379 3763 446 136i

557 487 842 560 agentibus
879 495 1242 554 anteponere,
1287 493 1344 540 et
1393 485 1621 555 ignavos
1674 492 1838 554 atque
1883 485 2142 543 socordes

2167 515 2213 568 Α
2242 485 2442 550 ζόντων
2489 487 2789 555 περιεῖναι,
2840 485 2936 536 καὶ
2977 482 3106 545 τοὺς
3152 481 3516 554 ρᾳθυμοῦντας
3565 491 3650 543 καὶ
3684 491 3765 562 ἁρ-

557 577 628 634 iis
658 575 934 648 praeferre,
963 575 1056 644 qui
1093 575 1228 630 nihil
1257 575 1581 630 intentatum
1615 574 1949 644 relinquunt.

2239 577 2468 648 γοῦντας
2494 577 2602 630 τῶν
2637 575 2805 647 μηδὲν
2840 573 3368 646 παραλιμπανόντων
3398 582 3621 647 κρατεῖν.

763 688 903 746 LXI.
939 717 1010 731 —
1041 687 1398 748 MARCIANO
1429 687 1910 745 PRESBYTERO.

2467 688 2589 742 EA'.
2623 716 2694 729 --
2721 687 3091 758 ΜΑΡΚΙΑΝῼ
3126 687 3571 760 ΠΡΕΣΒΥΤΕΡῼ.

1679 783 2158 840 Demonstrationis
2183 785 2258 840 vis
2285 786 2339 840 in
2369 795 2695 854 argumento.

621 900 796 966 Dicta,
837 917 959 972 quae
999 900 1320 971 probatione
1356 899 1522 954 multa
1568 889 1838 970 longaque
1889 900 2133 972 indigent

2310 901 2394 954 Τά
2432 899 2636 970 πολλῆς
2680 899 2920 972 βασάνου
2971 897 3070 952 καὶ
3113 897 3331 967 μακρᾶς
3359 895 3645 962 ἐξετάσεως
3677 899 3771 954 aed.

621 944 796 966 .,......,
880 944 959 956 ...η
1000 944 1320 971 ,ηπ-..-ην
1569 944 1838 970 -,...,,..-,--
1889 944 2133 972 ......ον...

557 944 930 1062 inquisitione,
961 1007 1069 1046 non
1103 999 1211 1044 lam
1239 989 1510 1046 sententia
1544 997 1638 1044 aut
1654 1003 1938 1060 responso,
1967 1006 2132 1061 quam

2237 1007 2378 1062 μενα
2419 944 2721 1061 ρητά,’ἷ›ιξς
2755 987 3050 1058 ἀποφάσει,
3077 944 3196 1040 ἀλλ’
3220 944 3486 1051 ἀποδείξει
3514 944 3798 1061 σαφηνίζεοζ

553 1081 1016 1138 demonstratione
1037 1081 1402 1137 declarantur.
1438 1079 1587 1150 Opus
1627 1080 1772 1135 enim
1811 1081 2134 1150 probatione

2235 1102 2348 1140 ται.
2374 1084 2548 1156 Χρεία
2575 1083 2684 1154 γὰρ
2725 1083 2820 1136 καὶ
2859 1079 3228 1150 κατασκευῆς,
3279 1080 3372 1132 καὶ
3401 1078 3636 1150 περιόδου
3659 1120 3674 1145 ,
3697 1073 3804 1156 uel;

552 1178 657 1238 est,
688 1172 890 1227 ambitu
921 1187 1018 1228 seu
1053 1169 1516 1228 circumductione
1555 1183 1620 1224 ac
1643 1169 2130 1237 demonstratione,

2237 1175 2571 1242 ἀποδείξεως
2598 1213 2616 1238 ,
2637 1173 2778 1228 ὥστε
2809 1170 3107 1242 δυνηθῆναι
3140 1168 3311 1224 ταῦτα
3348 1168 3600 1238 λαμπρᾶς
3619 1147 3811 1260 τυχεῖνξ

553 1273 614 1316 ut
673 1261 1013 1332 perspicuam
1089 1259 1299 1330 possint
1356 1259 1598 1314 nancisci
1681 1259 2126 1316 declarationem.

2235 1267 2552 1341 ἑρμηνείας.
2578 1267 2642 1322 Ei
2661 1266 2717 1320 δέ
2745 1283 2829 1328 τις
2847 1263 3283 1334 ἀποφαινόμενος
3306 1259 3516 1330 νομίζει
3537 1259 3804 1346 ἀποδείξεις

551 1349 655 1418 Qni
685 1351 829 1407 enim
869 1351 1318 1422 pronuntiaturus
1347 1350 1675 1406 sententiam
1715 1365 1905 1406 carere
1939 1365 1999 1406 se
2033 1353 2126 1406 de-

2235 1358 2542 1429 κεχρῆσθαι
2571 1399 2585 1424 ,
2637 1351 2792 1418 οὗτος
2846 1355 2951 1423 ἔξω
3000 1357 3100 1426 τῆς
3131 1352 3240 1406 τῶν
3281 1349 3458 1420 σοφῶν
3502 1350 3777 1418 ὲσκήνωται

553 1445 948 1500 monstratione
1014 1458 1178 1514 posse
1231 1442 1529 1511 existimat,
1601 1443 1646 1498 is
1709 1443 1986 1514 sapienti-.e
2044 1451 2129 1498 est
2239 1450 2478 1504 συνόδου.

551 1551 765 1608 expers.

792 1649 951 1723 572
975 1647 1136 1705 LXII.
1174 1678 1243 1690 —-
1272 1646 1515 1706 JOANNI
1553 1647 1874 1704 DIACONO.

1851 1661 1874 1703 ι.
2594 1648 2716 1702 εει.
2749 1676 2820 1687 -
2844 1645 3108 1715 ιοΑΝΝῌ
3136 1642 3461 1716 ΔιΑιιοΝᾳ.

1547 1742 1802 1797 Adulatio
1833 1742 2002 1813 magis
2033 1758 2194 1814 quam
2222 1745 2540 1798 contumelia
2571 1743 2802 1798 vitanda.

625 1855 864 1913 Tametsi
887 1868 1146 1928 parentes
1175 1874 1240 1916 ac
1298 1859 1546 1929 magistri
1575 1860 1644 1914 ab
1699 1848 2032 1926 adulatione,
2073 1858 2206 1914 utB

2179 1859 2206 1914 Β
2302 1861 2366 1915 Ei
2391 1861 2486 1914 καὶ
2511 1859 2818 1914 διδάσκαλοι
2864 1859 2958 1912 καὶ
2997 1855 3236 1928 πατέρες
3262 1855 3365 1926 τῆς
3396 1851 3679 1916 κολακείας
3702 1850 3789 1920 ἀφ-

554 1963 898 2018 summopere
974 1951 1133 2006 noxia
1189 1952 1651 2022 vehementerque
1701 1959 2128 2024 cet-rumpente,

2231 1953 2439 2024 έμενοι,
2457 1952 2534 2017 ὡς
2555 1951 2626 2005 τὰ
2644 1951 2877 2022 μέγιστα
2905 1948 3250 2020 βλαπτούσης
3271 1947 3368 2000 καὶ
3385 1943 3789 2016 λυμαινομένης,

553 2039 891 2097 abstinentes
921 2051 1122 2097 metum
1167 2041 1456 2108 incutiant,
1497 2041 1552 2098 hi
1594 2041 1812 2110 quidem
1862 2041 2128 2096 auditori-

2231 2045 2397 2114 φόϐον
2430 2045 2876 2098 ὲπανατείνονται
2898 2083 2914 2107 ,
2955 2045 3006 2097 oi
3042 2041 3144 2114 μὲν
3178 2043 3294 2106 τοῖς
3329 2039 3642 2110 φοιτηταῖς,
3673 2036 3718 2088 oi
3744 2034 3791 2086 δὲ

553 2131 674 2196 bus,
712 2131 788 2186 illi
827 2147 954 2188 vero
981 2132 1167 2188 liberis
1204 2151 1218 2186 :
1250 2141 1464 2203 oportet
1491 2141 1673 2188 tamen
1705 2142 1762 2188 et
1790 2147 1910 2199 nos,
1943 2132 1988 2188 si
2023 2148 2130 2189 sa-

2229 2136 2343 2198 τοῖς
2375 2132 2561 2188 παισί·
2601 2133 2710 2204 χρὴ
2738 2132 2835 2186 καὶ
2872 2132 3044 2202 ἡμᾶς,
3077 2130 3193 2198 εἴγε
3224 2125 3641 2196 σωφρονοῦμεν,
3677 2119 3793 2192 μᾶλ-

551 2221 755 2290 pimus,
785 2233 1156 2280 assentatores
1184 2225 1358 2294 magis
1401 2225 1672 2292 aversari,
1703 2239 1868 2294 quam
1915 2225 2008 2293 qui
2038 2224 2130 2280 lae-

2229 2223 2322 2278 λον
2351 2222 2462 2276 τῶν
2508 2221 2846 2294 ὑϐριζόντων
2893 2221 3020 2283 τοὺς
3049 2216 3458 2278 κολακεύοντας
3486 2210 3796 2281 ἀποστρέφε-

553 2311 708 2377 duut,
744 2312 1055 2384 iniuriaque
1079 2314 1342 2371 alliciunt.
1369 2315 1540 2384 Majus
1585 2318 1731 2372 enim
1771 2315 1926 2374 εὕει-ι
1957 2318 2126 2374 detri-

2235 2315 2380 2369 σθαι.
2411 2311 2656 2378 Μείζονα
2681 2311 2790 2384 γὰρ
2817 2310 2934 2382 ἔχει
2960 2309 3142 2380 λύμην
3165 2308 3270 2378 τῆς
3291 2307 3519 2379 ’ὕϐρεως
3535 2305 3571 2374 ἡ
3590 2300 3794 2368 τοιαύτη

551 2413 793 2458 mentum
813 2419 920 2460 non
952 2407 1360 2463 advertentibus
1381 2407 1554 2465 honos
1581 2409 1692 2476 ille,
1718 2424 1884 2481 quam
1905 2409 2122 2480 injuria,

2231 2407 2366 2480 τιμὴ
2396 2408 2510 2471 τοῖς
2537 2407 2611 2478 μὴ
2653 2405 2978 2477 προσέχουσι
2999 2419 3014 2436 ο
3042 2402 3138 2457 καὶ
3163 2401 3437 2456 δύσκολον
3461 2398 3652 2454 τούτου
3681 2409 3798 2464 κρα-

549 2505 606 2552 et
629 2495 900 2554 dililcilius
929 2497 1063 2554 illud
1098 2513 1261 2568 quam
1295 2500 1402 2556 hoc
1430 2500 1624 2556 vitium
1656 2510 2018 2572 expugnatur.

1455 2500 1624 2556 titium
1656 2510 2018 2572 expugnatur.
2232 2498 2397 2570 τῆσαι
2426 2498 2459 2570 ἢ
2485 2497 2695 2552 ἐκείνου
2723 2496 2818 2551 τοῦ
2842 2495 3065 2559 πάθους.

935 2617 1124 2674 LXIII.
1149 2649 1217 2658 —
1239 2619 1740 2678 ΔΝΕΠῙΓΡΔΦΟΣ.

2649 2611 2765 2666 ΞΡ.
2799 2641 2870 2652 -
2892 2609 3401 2666 ΑΝΕΠΙΓΡΑΦΟΣ.

1908 2709 2088 2768 Virtus
2112 2711 2197 2767 sui
2225 2723 2439 2764 merces.

615 2819 802 2876 Virtus
849 2820 964 2878 sola
999 2823 1366 2892 possidentem
1419 2831 1599 2894 potest
1647 2839 1864 2880 ornare.
1934 2823 2124 2879 Nullus

2301 2823 2456 2894 Μόνη
2507 2823 2542 2892 ἡ
2603 2819 2776 2892 ἀρετὴ
2820 2818 3103 2890 αὐτάρκης
3143 2816 3438 2888 κοσμῆσαι
3475 2814 3570 2870 τὸν
3611 2815 3801 2886 ἔχοντα.

548 2911 732 2978 itaque
761 2911 814 2964 in
845 2911 1110 2979 dignitate
1136 2913 1462 2980 constitutus
1486 2930 1552 2971 ex
1577 2930 1635 2971 se
1659 2916 1918 2971 honorem
1939 2914 2124 2978 habet.

2231 2910 2424 2974 Οὐδεὶς
2451 2909 2584 2980 γοῦν
2611 2907 2721 2964 τῶν
2751 2909 2810 2964 ὲν
2840 2909 2986 2962 τέλει
3015 2907 3140 2962 καθ’
3162 2908 3368 2962 ἑαυτὸν
3395 2908 3514 2979 ἔχει
3547 2905 3608 2960 τὸ
3638 2902 3808 2976 γέρας.

547 3000 644 3056 sed
664 3015 695 3053 a
726 3000 958 3056 subditis
984 3002 1182 3072 accipit
1211 3021 1226 3059 :
1249 3015 1304 3060 at
1330 3005 1548 3062 virtutis
1569 3007 1940 3076 perstudiosus
1960 3005 2122 3060 etiam

2231 3001 2368 3056 ἀλλὰ
2399 3003 2458 3055 ὲν
2503 3003 2616 3064 τοῖς
2653 2999 2918 3072 ὑπηκόοις
2966 2999 3233 3070 κέκτηται
3281 3000 3390 3070 τὴν
3433 2999 3646 3070 τιμήν·
3690 2995 3718 3046 ὁ
3761 2991 3809 3046 δὲ

545 3093 604 3148 in
636 3093 816 3162 seipso
841 3092 1037 3150 stabile
1061 3093 1252 3162 decus,
1281 3098 1422 3166 quod
1473 3098 1677 3154 auferri
1721 3106 1977 3169 nequeat,
2008 3095 2126 3153 adi-
2153 3151 2155 3172 ι

2233 3091 2526 3162 φιλάρετος
2558 3091 2653 3146 καὶ
2691 3089 2749 3144 ὲν
2794 3088 2972 3162 ἐαυτῷ
3011 3091 3104 3144 καὶ
3155 3091 3542 3163 ἀναφαίρετον
3599 3087 3709 3160 ἔχει
3759 3082 3813 3137 τὺ

543 3181 792 3252 piscitur.

2159 3181 2198 3188 ’⁷
2233 3183 2405 3246 κλέος.

861 3295 1046 3356 LXIV.
1079 3329 1148 3341 -—
1178 3299 1456 3358 HIEBACI
1484 3301 1807 3360 DIACONO.

2600 3295 2717 3351 ΞΝ.
2749 3323 2818 3338 -ο
2841 3295 3080 3350 ιΕΡΔΚΙ
3110 3295 3451 3350 ΔῙΔΚΟΝΩ..

1234 3394 1413 3452 Victus
1441 3398 1714 3466 cultusque
1746 3399 2002 3468 corporis,
2040 3395 2232 3468 qualis.
2273 3392 2514 3464 (Confer.
2543 3408 2626 3461 ep.
2670 3391 2797 3452 148.
2837 3392 2844 3443 1

1552 3413 1714 3466 usque
1746 3399 2002 3468 corporis,
2040 3395 2232 3468 qualis.
2273 3392 2514 3464 (Confer.
2543 3408 2626 3461 ep.
2670 3391 2797 3452 148.
2837 3391 2960 3455 158,
2988 3387 3159 3460 257),

616 3505 722 3575 Qui
768 3509 882 3564 edit
939 3519 1204 3578 quantum
1261 3507 1394 3565 fami
1460 3509 1793 3580 depellendaa
1847 3513 1982 3567 satis
2021 3520 2124 3577 est,

2309 3509 2370 3562 '0
2393 3507 2647 3562 τοσοῦτον
2669 3507 2864 3562 ἐσθίων
2896 3508 3021 3561 ὅσον
3051 3506 3219 3560 λῦσαι
3257 3507 3458 3580 λιμὸν,
3486 3509 3586 3564 καὶ
3615 3506 3823 3562 τοιαῦτα

545 3612 718 3670 eaque
741 3599 918 3654 induit
941 3603 1284 3668 vestimenta,
1304 3617 1426 3672 qua:
1446 3601 1676 3659 honeste
1698 3615 1898 3672 corpus
1920 3611 2122 3673 tegant,

2230 3599 2699 3669 περιϐαλλόμενος
2744 3599 2872 3652 ὅσον
2921 3597 3268 3654 ἐσκεπάσθαι
3310 3601 3609 3672 κοσμίως,
3653 3600 3822 3670 ὄχημα

544 3702 628 3742 na:
660 3687 748 3743 ille
774 3697 828 3744 et
849 3690 1044 3746 animae
1074 3691 1360 3762 pulchrum
1395 3692 1699 3749 vehiculum
1733 3701 2032 3763 comparat,
2069 3701 2126 3750 et.

2229 3687 2396 3744 καλὸν
2429 3691 2497 3761 τῇ
2521 3689 2668 3760 ψυχῇ
2704 3687 3122 3761 παρασκευάζει
3163 3691 3226 3743 τὸ
3263 3691 3468 3763 σῶμα,
3511 3695 3611 3748 καὶ
3639 3691 3716 3762 τῷ
3743 3707 3828 3744 κυ-

547 3779 804 3836 nauclero
848 3781 1276 3852 gubernaculum
1333 3783 1400 3838 ad
1456 3783 1796 3854 dirigentium
1838 3783 2020 3851 facile,
2063 3793 2122 3841 et

2227 3779 2466 3855 δερνήτῃ
2489 3780 3010 3851 εύμεταχειρίστους
3035 3783 3162 3845 τοὺς
3184 3781 3423 3850 οἴακας,
3455 3784 3557 3838 καὶ
3578 3783 3656 3854 τῷ
3677 3797 3825 3852 στρα-

546 3867 708 3928 tuiliti
736 3883 952 3938 quoque
981 3884 1221 3940 congrua
1250 3885 1424 3937 arma,
1453 3881 1510 3928 et
1541 3873 1756 3937 musico
1784 3872 1958 3944 lyram
1983 3890 2117 3931 con-

2227 3871 2401 3944 τιὼτῃ
2443 3873 2762 3944 εὐάρμοστα
2795 3872 2864 3926 τὰ
2889 3873 3048 3936 ὅπλα,
3075 3874 3174 3926 καὶ
3197 3873 3282 3945 τῷ
3315 3876 3624 3948 ἁρμονικῷ
3659 3890 3829 3946 μουσι-

545 3961 765 4016 cinnam
797 3963 1040 4032 adaptat.
1070 3964 1174 4032 Qui
1201 3965 1346 4020 enim
1381 3966 1593 4023 deliciis
1617 3968 1978 4039 pinguescens
1998 3986 2123 4028 cor-

2229 3961 2332 4034 κὴν
2365 3961 2464 4034 τὴν
2491 3962 2684 4034 λύραν.
2727 3963 2785 4017 Ὁ
2819 3962 2929 4035 γὰρ
2955 3965 3134 4034 τρυφῇ
3165 3965 3438 4028 πιαίνων,
3478 3968 3580 4021 καὶ
3607 3964 3826 4034 ἱματίοις

547 4067 678 4122 pore
705 4068 771 4108 ae
805 4054 1052 4110 vestibus
1087 4055 1338 4112 mollibus
1371 4056 1533 4112 nimis
1564 4058 1826 4130 indulget,
1870 4071 1928 4117 ut
1961 4061 2122 4118 lasci-

2232 4053 2618 4120 καλλωπίζων,
2649 4057 2876 4126 σκιρτᾷν
2914 4055 3048 4108 αὐτὸ
3093 4057 3576 4126 παρασκευάζει,
3614 4059 3708 4114 καὶ
3761 4057 3831 4118 εἰς

545 4144 676 4211 viat,
706 4154 762 4200 et
799 4145 853 4200 in
887 4147 1149 4204 absurdas
1177 4149 1350 4204 induit
1381 4148 1736 4222 immittitque
1769 4153 2116 4224 cupiditates,

2233 4145 2470 4210 ἀτόπους
2515 4144 2812 4218 ἐπιθυμίας
2835 4143 3096 4211 ἐξάπτει,
3125 4147 3222 4201 καὶ
3259 4149 3684 4222 μαλακώτερον
3712 4146 3829 4201 αύτδ

545 4247 710 4306 atque
739 4237 872 4293 adeo
906 4238 1081 4293 reddit
1115 4239 1296 4302 molle,
1343 4239 1651 4310 bonamque
1695 4243 1942 4314 corporis
1974 4243 2122 4300 laedit

2229 4241 2396 4302 ποιεῖ,
2434 4239 2532 4294 καὶ
2572 4237 2673 4310 τὴν
2734 4239 2954 4306 εὐεξίαν
3009 4239 3177 4293 αὐτοῦ
3221 4239 3615 4312 λυμαίνεται,
3652 4240 3747 4295 καὶ
3771 4238 3829 4307 τῇ

543 4325 916 4385 habitudinem
944 4347 958 4384 :
991 4330 1270 4402 multaque
1309 4331 1398 4386 illa
1434 4333 1656 4389 mollitie
1678 4335 1944 4402 dissolvit,
1967 4349 2120 4392 ener-

2231 4326 2404 4400 πολλῇ
2437 4326 2666 4400 βλακείᾳ
2697 4327 2906 4382 διαλύει
2935 4328 3102 4394 αὐτὸ,
3135 4330 3232 4383 καὶ
3271 4334 3347 4404 τῇ
3383 4333 3547 4406 ψυχῇ
3585 4331 3831 4399 πολέμιον

542 4429 760 4488 vatque,
823 4419 1008 4476 animo
1068 4421 1232 4476 etiam
1292 4423 1489 4480 bellum
1543 4437 1720 4496 parat.
1753 4425 2152 4492 Quamobrem-

2227 4417 2654 4484 κατασκευάζει.
2696 4419 2906 4474 Οὐκοῦν
2947 4422 3199 4476 πέπαυσο
3243 4425 3497 4481 κάκεῖνο
3543 4425 3645 4481 καὶ
3693 4421 3834 4478 τοῦτο

543 4517 774 4580 utroque
803 4511 946 4567 victu
977 4511 1234 4582 cultuque
1265 4519 1510 4584 corporis
1545 4519 1714 4574 nitnio
1749 4519 2040 4575 abstineto.
2145 4511 2194 4524 ⁵’
2226 4512 2417 4568 ποιῶν.

1060 4619 1220 4678 LXV.
1253 4655 1327 4672 -
1351 4624 1512 4682 EIDE
1521 4627 1588 4682 Μ.

2729 4627 2850 4682 εει.
2879 4658 2950 4673 -η
2980 4628 3068 4700 τᾳ
3095 4627 3307 4701 ΔΥΤῼ.

550 4709 810 4768 Vitandus
847 4727 1088 4786 aspectus
1139 4718 1445 4788 mulierum,
1505 4733 1560 4775 ut
1598 4725 1849 4793 peccgmli
1905 4739 2055 4778 ansa.
2093 4722 2157 4777 In
2187 4721 2657 4793 ,ξηραί-Μοῖραν,
2691 4719 2783 4786 28,
2817 4739 2835 4772 ι
2871 4720 2976 4787 Qui
3021 4725 3313 4792 respexerit
3339 4727 3662 4793 mulierem,
3695 4743 3714 4778 ι
3745 4731 3832 4778 etc.

1681 4791 1901 4864 (Confer
1937 4808 2016 4862 ep.
2055 4792 2263 4858 17,46,
2305 4791 2428 4858 139,
2452 4789 2606 4862 291.)

612 4892 730 4948 Non
770 4895 1113 4966 simpliciter,
1165 4903 1371 4972 Optime
1405 4905 1672 4972 virorum,
1708 4904 1800 4974 qui
1827 4905 1993 4959 corda
2023 4920 2122 4961 no-

2297 4904 2434 4974 Ούχὶ
2465 4903 2672 4972 ἁπλῶς,
2699 4901 2744 4958 ὦ
2763 4905 3027 4976 βέλτιστε,
3053 4908 3080 4959 ό
3107 4906 3334 4972 πλάσας
3362 4911 3523 4964 κατά
3551 4913 3728 4982 μόνας
3748 4909 3832 4968 τὰς

541 4993 654 5038 stra
690 4985 1001 5056 singulatim
1037 4993 1300 5060 condidit,
1333 4993 1450 5066 lege
1485 4996 1766 5064 praecepit,
1800 5009 1906 5050 non
1940 4995 2120 5052 libidi-

2227 4993 2456 5064 καρδίας
2483 4993 2641 5062 ἡμῶν
2676 4993 3038 5066 ἐνομοθέτησε
3071 4993 3146 5066 μὴ
3195 4995 3339 5050 ἰδεῖν
3367 5000 3744 5066 ’ἀκολάστως
3770 5000 3835 5054 είς

543 5089 677 5130 nose
708 5077 950 5146 aspicere
990 5081 1292 5151 mulierem,
1344 5086 1438 5141 sed
1472 5094 1530 5140 ut
1566 5101 1595 5141 a
1656 5085 1904 5142 molestia
1943 5096 2121 5144 tenta-

2230 5089 2482 5152 γυναῖκα,
2502 5084 2639 5138 ἀλλὰ
2661 5085 3002 5156 πραγμάτων
3021 5087 3167 5156 ἡμᾶς
3186 5087 3611 5146 ἀπαλλάττων.
3633 5083 3840 5152 Ἐπειδὴ

545 5167 798 5238 tioneque
819 5187 918 5227 nos
948 5172 1224 5230 liberaret.
1249 5176 1383 5231 Cum
1423 5179 1566 5233 enim
1597 5178 1760 5249 longe
1785 5177 1859 5234 sit
1909 5179 2121 5239 facilius

2232 5177 2336 5248 γάρ
2385 5176 2566 5246 πολλῴ
2595 5175 2965 5248 εὐκολώτερον
3012 5176 3088 5248 μὴ
3136 5175 3267 5230 ἰδεῖν
3307 5180 3705 5252 εὐπρόσωπον
3753 5197 3842 5248 γυ·

542 5257 838 5316 formosam
865 5279 972 5318 non
997 5275 1245 5335 spectare
1277 5266 1554 5334 feminam,
1588 5284 1751 5339 quam
1783 5281 2028 5340 spectata
2053 5287 2119 5328 ea

2233 5270 2418 5332 ναίκα,
2461 5266 2494 5338 ἢ
2545 5266 2884 5339 θεασάμενον
2933 5269 3031 5321 καὶ
3076 5268 3375 5339 τρωθέντα
3431 5275 3740 5340 ἐξελκῦσαι
3785 5269 3843 5322 τὸ

541 5350 938 5426 vulneratoque
963 5371 1028 5411 ac
1054 5356 1242 5412 saucio
1261 5355 1498 5426 jaculum
1537 5361 1778 5432 eximere
1814 5361 2117 5432 vulnusque

2234 5363 2404 5434 βέλος,
2433 5368 2528 5418 καὶ
2560 5363 2899 5434 θεραπεῦσαι
2921 5363 2984 5418 τὸ
3007 5364 3256 5436 τραῦμα,
3291 5365 3477 5420 τοῦτο
3513 5362 3844 5438 προσέταξε.

541 5456 736 5498 curare
769 5463 786 5500 :
818 5446 1024 5504 idcirco
1055 5448 1106 5503 id
1139 5445 1392 5503 Christus
1417 5451 1771 5522 praescripsit.
1803 5453 2116 5511 Certamina

2236 5457 2562 5527 Κουφότεροι
2600 5455 2711 5528 γὰρ
2749 5459 2808 5510 ὲν
2841 5456 3148 5529 προοιμίοις
3181 5457 3230 5508 ol
3262 5458 3506 5526 ἀγῶνες
3531 5454 3846 5530 (μᾶλλονδὲ

539 5531 688 5588 enim
728 5546 857 5591 sunt
897 5537 1050 5594 initio
1077 5538 1278 5594 leviora
1305 5539 1438 5610 (imo
1463 5555 1592 5596 vero
1623 5557 1690 5597 ne
1720 5542 1861 5600 bello
1897 5545 2113 5614 quidem

2239 5548 2346 5602 ὧδὲ
2378 5549 2586 5617 ἀγῶνος
2613 5550 2694 5604 δεῖ
2723 5547 2837 5622 [75]
2867 5549 2985 5621 )τῷ
3014 5550 3090 5620 μὴ
3111 5550 3208 5613 τὰς
3233 5547 3433 5623 θύρας
3466 5553 3756 5624 ἀνοίγοντι
3775 5547 3849 5614 τῷ

1620 5657 1854 5712 ἾΑῙΠᾸΕ
1895 5659 2274 5718 LEC'I'IONES
2313 5665 2401 5719 ET
2438 5665 2668 5721 NOTAE.

613 5759 726 5828 (75)
771 5762 924 5828 Quod
972 5769 1024 5822 in
1083 5767 1275 5825 Graeco
1329 5772 1593 5838 occurrit,
1651 5773 1853 5842 μᾶλλον
1896 5776 1953 5830 δὲ
2001 5778 2121 5834 οὐδὲ
2156 5780 2223 5848 ἀγ

2233 5780 2364 5844 (Two;
2417 5782 2518 5849 δεῖ,
2565 5795 3022 5854 supervacaneum
3051 5779 3321 5848 arbitror,
3381 5783 3636 5856 ideoque
3669 5784 3843 5842 dclcuo
