  <div class='ocr_page' id='page_1' title='image "/cluster/home/n/w/nwhite01/storage/ocr_20150623/78/coo.31924054869791/691.png"; bbox 0 0 4078 6374; ppageno 0'>
   <div class='ocr_carea' id='block_1_1' title="bbox 552 363 3752 443">
    <p class='ocr_par' dir='ltr' id='par_1_1' title="bbox 552 363 3752 443">
     <span class='ocr_line' id='line_1_1' title="bbox 552 363 3752 443; baseline 0.004 -15"><span class='ocrx_word' id='word_1_1' title='bbox 552 363 683 429; x_wconf 74' lang='grc'>1367</span> <span class='ocrx_word' id='word_1_2' title='bbox 1745 374 1802 433; x_wconf 86' lang='lat' dir='ltr'><strong>S.</strong></span> <span class='ocrx_word' id='word_1_3' title='bbox 1846 373 2134 434; x_wconf 78' lang='lat' dir='ltr'><strong>ISIDORI</strong></span> <span class='ocrx_word' id='word_1_4' title='bbox 2175 375 2617 436; x_wconf 63' lang='lat' dir='ltr'><strong>PELUSIOTZ‘E</strong></span> <span class='ocrx_word' id='word_1_5' title='bbox 3640 375 3752 443; x_wconf 76' lang='lat'><strong>1368</strong></span> 
     </span>
    </p>
   </div>
   <div class='ocr_carea' id='block_1_2' title="bbox 549 480 2159 558">
    <p class='ocr_par' dir='ltr' id='par_1_2' title="bbox 549 480 2126 553">
     <span class='ocr_line' id='line_1_2' title="bbox 549 480 2126 553; baseline 0.006 -22"><span class='ocrx_word' id='word_1_6' title='bbox 549 480 747 549; x_wconf 78' lang='lat' dir='ltr'><strong>quibus</strong></span> <span class='ocrx_word' id='word_1_7' title='bbox 784 490 963 535; x_wconf 84' lang='lat' dir='ltr'><strong>tamen</strong></span> <span class='ocrx_word' id='word_1_8' title='bbox 994 498 1182 537; x_wconf 81' lang='lat' dir='ltr'><strong>amans</strong></span> <span class='ocrx_word' id='word_1_9' title='bbox 1210 482 1321 537; x_wconf 80' lang='lat' dir='ltr'><strong>fere</strong></span> <span class='ocrx_word' id='word_1_10' title='bbox 1349 485 1583 553; x_wconf 90' lang='lat' dir='ltr'><strong>capitur.</strong></span> <span class='ocrx_word' id='word_1_11' title='bbox 1626 483 1745 540; x_wconf 82' lang='lat' dir='ltr'><strong>Non</strong></span> <span class='ocrx_word' id='word_1_12' title='bbox 1781 488 1925 540; x_wconf 83' lang='lat' dir='ltr'><strong>enim</strong></span> <span class='ocrx_word' id='word_1_13' title='bbox 1960 490 2126 541; x_wconf 83' lang='lat' dir='ltr'><strong>multa</strong></span> 
     </span>
    </p>
   </div>
   <div class='ocr_carea' id='block_1_3' title="bbox 2146 480 3756 558">
    <p class='ocr_par' dir='ltr' id='par_1_3' title="bbox 2163 486 3756 558">
     <span class='ocr_line' id='line_1_3' title="bbox 2163 486 3756 558; baseline 0.002 -17"><span class='ocrx_word' id='word_1_14' title='bbox 2163 506 2202 557; x_wconf 69' lang='grc' dir='ltr'>Α</span> <span class='ocrx_word' id='word_1_15' title='bbox 2232 489 2293 541; x_wconf 74' lang='grc' dir='ltr'>τὸ</span> <span class='ocrx_word' id='word_1_16' title='bbox 2318 486 2488 543; x_wconf 81' lang='grc' dir='ltr'>πολλὰ</span> <span class='ocrx_word' id='word_1_17' title='bbox 2522 489 2848 558; x_wconf 80' lang='grc' dir='ltr'>κεκτῆσθαι,</span> <span class='ocrx_word' id='word_1_18' title='bbox 2882 489 3018 543; x_wconf 84' lang='grc' dir='ltr'><strong>ἀλλά</strong></span> <span class='ocrx_word' id='word_1_19' title='bbox 3041 487 3103 540; x_wconf 79' lang='grc' dir='ltr'>τὸ</span> <span class='ocrx_word' id='word_1_20' title='bbox 3123 486 3316 555; x_wconf 77' lang='grc' dir='ltr'><strong>ὀλίγων</strong></span> <span class='ocrx_word' id='word_1_21' title='bbox 3344 489 3541 543; x_wconf 77' lang='grc' dir='ltr'>δεῖσθαι</span> <span class='ocrx_word' id='word_1_22' title='bbox 3574 491 3756 545; x_wconf 83' lang='grc' dir='ltr'>ἀναλώ-</span> 
     </span>
    </p>
   </div>
   <div class='ocr_carea' id='block_1_4' title="bbox 550 571 2160 649">
    <p class='ocr_par' dir='ltr' id='par_1_4' title="bbox 550 571 2123 644">
     <span class='ocr_line' id='line_1_4' title="bbox 550 571 2123 644; baseline 0.007 -23"><span class='ocrx_word' id='word_1_23' title='bbox 550 571 876 637; x_wconf 68' lang='lat' dir='ltr'><strong>possetlisse,</strong></span> <span class='ocrx_word' id='word_1_24' title='bbox 910 573 1001 625; x_wconf 84' lang='lat' dir='ltr'><strong>sed</strong></span> <span class='ocrx_word' id='word_1_25' title='bbox 1034 575 1216 640; x_wconf 74' lang='lat' dir='ltr'><strong>paucis</strong></span> <span class='ocrx_word' id='word_1_26' title='bbox 1245 575 1510 644; x_wconf 80' lang='lat' dir='ltr'><strong>indigere,</strong></span> <span class='ocrx_word' id='word_1_27' title='bbox 1548 576 1725 631; x_wconf 90' lang='lat' dir='ltr'><strong>reddit</strong></span> <span class='ocrx_word' id='word_1_28' title='bbox 1747 579 2002 640; x_wconf 86' lang='lat' dir='ltr'><strong>invictos,</strong></span> <span class='ocrx_word' id='word_1_29' title='bbox 2037 597 2123 632; x_wconf 88' lang='lat' dir='ltr'><strong>se-</strong></span> 
     </span>
    </p>
   </div>
   <div class='ocr_carea' id='block_1_5' title="bbox 2149 571 3759 649">
    <p class='ocr_par' dir='ltr' id='par_1_5' title="bbox 2224 572 3759 649">
     <span class='ocr_line' id='line_1_5' title="bbox 2224 572 3759 649; baseline 0.001 -21"><span class='ocrx_word' id='word_1_30' title='bbox 2224 594 2347 639; x_wconf 86' lang='grc' dir='ltr'>τους</span> <span class='ocrx_word' id='word_1_31' title='bbox 2386 580 2551 642; x_wconf 87' lang='grc' dir='ltr'>ποιεῖ,</span> <span class='ocrx_word' id='word_1_32' title='bbox 2582 578 2677 630; x_wconf 74' lang='grc' dir='ltr'><strong>καὶ</strong></span> <span class='ocrx_word' id='word_1_33' title='bbox 2710 580 2767 631; x_wconf 82' lang='grc' dir='ltr'>ἐν</span> <span class='ocrx_word' id='word_1_34' title='bbox 2806 578 2956 649; x_wconf 80' lang='grc' dir='ltr'>πάσῃ</span> <span class='ocrx_word' id='word_1_35' title='bbox 2985 572 3257 644; x_wconf 74' lang='grc' dir='ltr'><strong>ἀσφαλείᾳ</strong></span> <span class='ocrx_word' id='word_1_36' title='bbox 3300 574 3521 646; x_wconf 78' lang='grc' dir='ltr'>καθιστᾷ</span> <span class='ocrx_word' id='word_1_37' title='bbox 3541 592 3553 605; x_wconf 69' lang='grc' dir='ltr'>θ</span> <span class='ocrx_word' id='word_1_38' title='bbox 3582 578 3759 640; x_wconf 77' lang='grc' dir='ltr'>ἐκεῖνος</span> 
     </span>
    </p>
   </div>
   <div class='ocr_carea' id='block_1_6' title="bbox 550 665 2160 739">
    <p class='ocr_par' dir='ltr' id='par_1_6' title="bbox 550 665 2126 733">
     <span class='ocr_line' id='line_1_6' title="bbox 550 665 2126 733; baseline 0.003 -15"><span class='ocrx_word' id='word_1_39' title='bbox 550 678 820 733; x_wconf 85' lang='lat' dir='ltr'><strong>curasque</strong></span> <span class='ocrx_word' id='word_1_40' title='bbox 866 676 1109 733; x_wconf 64' lang='lat' dir='ltr'><strong>praestat.</strong></span> <span class='ocrx_word' id='word_1_41' title='bbox 1150 665 1244 719; x_wconf 91' lang='lat' dir='ltr'><strong>Ille</strong></span> <span class='ocrx_word' id='word_1_42' title='bbox 1268 666 1414 721; x_wconf 89' lang='lat' dir='ltr'><strong>enim</strong></span> <span class='ocrx_word' id='word_1_43' title='bbox 1451 673 1553 722; x_wconf 86' lang='lat' dir='ltr'><strong>etsi</strong></span> <span class='ocrx_word' id='word_1_44' title='bbox 1607 685 1715 723; x_wconf 89' lang='lat' dir='ltr'><strong>non</strong></span> <span class='ocrx_word' id='word_1_45' title='bbox 1747 669 2015 724; x_wconf 84' lang='lat' dir='ltr'><strong>alliciatnr</strong></span> <span class='ocrx_word' id='word_1_46' title='bbox 2046 672 2126 723; x_wconf 91' lang='lat' dir='ltr'><strong>in-</strong></span> 
     </span>
    </p>
   </div>
   <div class='ocr_carea' id='block_1_7' title="bbox 2148 665 3758 739">
    <p class='ocr_par' dir='ltr' id='par_1_7' title="bbox 2230 666 3758 739">
     <span class='ocr_line' id='line_1_7' title="bbox 2230 666 3758 739; baseline -0.001 -20"><span class='ocrx_word' id='word_1_47' title='bbox 2230 670 2328 735; x_wconf 81' lang='grc' dir='ltr'>μὲν</span> <span class='ocrx_word' id='word_1_48' title='bbox 2358 668 2486 737; x_wconf 79' lang='grc' dir='ltr'>γάρ,</span> <span class='ocrx_word' id='word_1_49' title='bbox 2519 668 2624 722; x_wconf 80' lang='grc' dir='ltr'>κᾶν</span> <span class='ocrx_word' id='word_1_50' title='bbox 2656 668 2729 739; x_wconf 77' lang='grc' dir='ltr'>μὴ</span> <span class='ocrx_word' id='word_1_51' title='bbox 2752 668 3004 739; x_wconf 79' lang='grc' dir='ltr'><strong>ἀδικηθῇ,</strong></span> <span class='ocrx_word' id='word_1_52' title='bbox 3029 667 3345 737; x_wconf 75' lang='grc' dir='ltr'><strong>ἀκμάζοντα</strong></span> <span class='ocrx_word' id='word_1_53' title='bbox 3367 666 3575 736; x_wconf 75' lang='grc' dir='ltr'>ἔχειτὸν</span> <span class='ocrx_word' id='word_1_54' title='bbox 3602 668 3758 737; x_wconf 79' lang='grc' dir='ltr'>φόϐον,</span> 
     </span>
    </p>
   </div>
   <div class='ocr_carea' id='block_1_8' title="bbox 545 751 2155 830">
    <p class='ocr_par' dir='ltr' id='par_1_8' title="bbox 545 752 2132 830">
     <span class='ocr_line' id='line_1_8' title="bbox 545 752 2132 830; baseline 0.009 -29"><span class='ocrx_word' id='word_1_55' title='bbox 545 752 690 820; x_wconf 87' lang='lat' dir='ltr'><strong>jnria</strong></span> <span class='ocrx_word' id='word_1_56' title='bbox 713 794 729 818; x_wconf 88' lang='lat'><strong>,</strong></span> <span class='ocrx_word' id='word_1_57' title='bbox 763 754 913 809; x_wconf 82' lang='lat' dir='ltr'><strong>valde</strong></span> <span class='ocrx_word' id='word_1_58' title='bbox 948 765 1127 810; x_wconf 87' lang='lat' dir='ltr'><strong>tamen</strong></span> <span class='ocrx_word' id='word_1_59' title='bbox 1163 759 1393 824; x_wconf 86' lang='lat' dir='ltr'><strong>metuit,</strong></span> <span class='ocrx_word' id='word_1_60' title='bbox 1440 767 1497 812; x_wconf 92' lang='lat' dir='ltr'><strong>ut</strong></span> <span class='ocrx_word' id='word_1_61' title='bbox 1529 760 1621 827; x_wconf 86' lang='lat' dir='ltr'><strong>qui</strong></span> <span class='ocrx_word' id='word_1_62' title='bbox 1667 758 1923 828; x_wconf 86' lang='lat' dir='ltr'><strong>injuriam</strong></span> <span class='ocrx_word' id='word_1_63' title='bbox 1961 762 2132 830; x_wconf 63' lang='grc' dir='ltr'>ιιοεδίι</span> 
     </span>
    </p>
   </div>
   <div class='ocr_carea' id='block_1_9' title="bbox 2150 751 3760 830">
    <p class='ocr_par' dir='ltr' id='par_1_9' title="bbox 2228 751 3760 829">
     <span class='ocr_line' id='line_1_9' title="bbox 2228 751 3760 829; baseline 0.001 -18"><span class='ocrx_word' id='word_1_64' title='bbox 2228 758 2325 811; x_wconf 81' lang='grc' dir='ltr'><strong>ἀτε</strong></span> <span class='ocrx_word' id='word_1_65' title='bbox 2356 759 2680 829; x_wconf 78' lang='grc' dir='ltr'>ἀδικηθῆναι</span> <span class='ocrx_word' id='word_1_66' title='bbox 2722 759 3042 829; x_wconf 81' lang='grc' dir='ltr'>δυνάμενος.</span> <span class='ocrx_word' id='word_1_67' title='bbox 3106 751 3274 820; x_wconf 77' lang='grc' dir='ltr'>Οὗτος</span> <span class='ocrx_word' id='word_1_68' title='bbox 3301 758 3356 810; x_wconf 83' lang='grc' dir='ltr'>δὲ</span> <span class='ocrx_word' id='word_1_69' title='bbox 3408 757 3628 827; x_wconf 85' lang='grc' dir='ltr'>μάλιστα</span> <span class='ocrx_word' id='word_1_70' title='bbox 3680 760 3760 828; x_wconf 78' lang='grc' dir='ltr'>μὲν</span> 
     </span>
    </p>
   </div>
   <div class='ocr_carea' id='block_1_10' title="bbox 550 844 2160 925">
    <p class='ocr_par' dir='ltr' id='par_1_10' title="bbox 550 844 2121 925">
     <span class='ocr_line' id='line_1_10' title="bbox 550 844 2121 925; baseline 0.006 -29"><span class='ocrx_word' id='word_1_71' title='bbox 550 845 683 913; x_wconf 86' lang='lat' dir='ltr'><strong>pati.</strong></span> <span class='ocrx_word' id='word_1_72' title='bbox 730 844 826 900; x_wconf 93' lang='lat' dir='ltr'><strong>IIic</strong></span> <span class='ocrx_word' id='word_1_73' title='bbox 853 862 983 902; x_wconf 89' lang='lat' dir='ltr'><strong>vero</strong></span> <span class='ocrx_word' id='word_1_74' title='bbox 1012 848 1064 902; x_wconf 87' lang='lat' dir='ltr'><strong>in</strong></span> <span class='ocrx_word' id='word_1_75' title='bbox 1114 848 1306 917; x_wconf 86' lang='lat' dir='ltr'><strong>primis</strong></span> <span class='ocrx_word' id='word_1_76' title='bbox 1339 853 1447 918; x_wconf 83' lang='lat' dir='ltr'><strong>pati</strong></span> <span class='ocrx_word' id='word_1_77' title='bbox 1497 850 1754 919; x_wconf 87' lang='lat' dir='ltr'><strong>injuriam</strong></span> <span class='ocrx_word' id='word_1_78' title='bbox 1789 868 1893 907; x_wconf 85' lang='lat' dir='ltr'><strong>non</strong></span> <span class='ocrx_word' id='word_1_79' title='bbox 1927 864 2121 925; x_wconf 78' lang='lat' dir='ltr'><strong>potest.</strong></span> 
     </span>
    </p>
   </div>
   <div class='ocr_carea' id='block_1_11' title="bbox 2151 844 3761 925">
    <p class='ocr_par' dir='ltr' id='par_1_11' title="bbox 2233 848 3761 921">
     <span class='ocr_line' id='line_1_11' title="bbox 2233 848 3761 921; baseline 0.001 -20"><span class='ocrx_word' id='word_1_80' title='bbox 2233 848 2560 920; x_wconf 81' lang='grc' dir='ltr'><strong>ἀδικηθῆναι</strong></span> <span class='ocrx_word' id='word_1_81' title='bbox 2612 850 2675 902; x_wconf 89' lang='grc' dir='ltr'><strong>οὐ</strong></span> <span class='ocrx_word' id='word_1_82' title='bbox 2723 849 3102 921; x_wconf 82' lang='grc' dir='ltr'>δυνηθήσεται.</span> <span class='ocrx_word' id='word_1_83' title='bbox 3152 850 3253 902; x_wconf 84' lang='grc' dir='ltr'>Ἢν</span> <span class='ocrx_word' id='word_1_84' title='bbox 3294 849 3351 902; x_wconf 81' lang='grc' dir='ltr'>δὲ</span> <span class='ocrx_word' id='word_1_85' title='bbox 3389 850 3480 903; x_wconf 82' lang='grc' dir='ltr'>καὶ</span> <span class='ocrx_word' id='word_1_86' title='bbox 3508 850 3761 918; x_wconf 69' lang='grc' dir='ltr'>ἠδικῆσθαι</span> 
     </span>
    </p>
   </div>
   <div class='ocr_carea' id='block_1_12' title="bbox 550 935 2160 1013">
    <p class='ocr_par' dir='ltr' id='par_1_12' title="bbox 550 935 2126 1013">
     <span class='ocr_line' id='line_1_12' title="bbox 550 935 2126 1013; baseline 0.009 -30"><span class='ocrx_word' id='word_1_87' title='bbox 550 935 805 1002; x_wconf 78' lang='lat' dir='ltr'><strong>Quinith</strong></span> <span class='ocrx_word' id='word_1_88' title='bbox 837 938 881 992; x_wconf 92' lang='lat' dir='ltr'><strong>si</strong></span> <span class='ocrx_word' id='word_1_89' title='bbox 935 952 1130 1006; x_wconf 89' lang='lat' dir='ltr'><strong>passus</strong></span> <span class='ocrx_word' id='word_1_90' title='bbox 1165 940 1431 1005; x_wconf 84' lang='lat' dir='ltr'><strong>videatur,</strong></span> <span class='ocrx_word' id='word_1_91' title='bbox 1492 941 1685 998; x_wconf 91' lang='lat' dir='ltr'><strong>melius</strong></span> <span class='ocrx_word' id='word_1_92' title='bbox 1733 944 1913 999; x_wconf 86' lang='lat' dir='ltr'><strong>adhuc</strong></span> <span class='ocrx_word' id='word_1_93' title='bbox 1963 960 2126 1013; x_wconf 86' lang='lat' dir='ltr'><strong>quant</strong></span> 
     </span>
    </p>
   </div>
   <div class='ocr_carea' id='block_1_13' title="bbox 2153 935 3763 1013">
    <p class='ocr_par' dir='ltr' id='par_1_13' title="bbox 2233 940 3763 1012">
     <span class='ocr_line' id='line_1_13' title="bbox 2233 940 3763 1012; baseline -0.001 -18"><span class='ocrx_word' id='word_1_94' title='bbox 2233 940 2403 1012; x_wconf 65' lang='grc' dir='ltr'>δόξῃ,</span> <span class='ocrx_word' id='word_1_95' title='bbox 2425 941 2535 995; x_wconf 83' lang='grc' dir='ltr'><strong>τῶν</strong></span> <span class='ocrx_word' id='word_1_96' title='bbox 2566 942 2668 994; x_wconf 82' lang='grc' dir='ltr'><strong>οὐκ</strong></span> <span class='ocrx_word' id='word_1_97' title='bbox 2697 942 3046 1011; x_wconf 67' lang='grc' dir='ltr'><strong>ἠδικημένων</strong></span> <span class='ocrx_word' id='word_1_98' title='bbox 3080 940 3259 1012; x_wconf 80' lang='grc' dir='ltr'>πολλῷ</span> <span class='ocrx_word' id='word_1_99' title='bbox 3288 940 3501 1010; x_wconf 82' lang='grc' dir='ltr'>ἄμεινον</span> <span class='ocrx_word' id='word_1_100' title='bbox 3529 941 3763 993; x_wconf 84' lang='grc' dir='ltr'>διακείσε-</span> 
     </span>
    </p>
   </div>
   <div class='ocr_carea' id='block_1_14' title="bbox 548 1026 2158 1102">
    <p class='ocr_par' dir='ltr' id='par_1_14' title="bbox 548 1026 2127 1102">
     <span class='ocr_line' id='line_1_14' title="bbox 548 1026 2127 1102; baseline 0.006 -23"><span class='ocrx_word' id='word_1_101' title='bbox 548 1026 638 1079; x_wconf 82' lang='lat' dir='ltr'><strong>alii</strong></span> <span class='ocrx_word' id='word_1_102' title='bbox 662 1027 847 1083; x_wconf 87' lang='lat' dir='ltr'><strong>eadem</strong></span> <span class='ocrx_word' id='word_1_103' title='bbox 884 1044 990 1083; x_wconf 87' lang='lat' dir='ltr'><strong>non</strong></span> <span class='ocrx_word' id='word_1_104' title='bbox 1020 1031 1185 1098; x_wconf 86' lang='lat' dir='ltr'><strong>passi,</strong></span> <span class='ocrx_word' id='word_1_105' title='bbox 1222 1030 1448 1087; x_wconf 72' lang='lat' dir='ltr'><strong>allectus</strong></span> <span class='ocrx_word' id='word_1_106' title='bbox 1472 1033 1599 1098; x_wconf 89' lang='lat' dir='ltr'><strong>erit,</strong></span> <span class='ocrx_word' id='word_1_107' title='bbox 1640 1033 1767 1102; x_wconf 90' lang='lat' dir='ltr'><strong>quia</strong></span> <span class='ocrx_word' id='word_1_108' title='bbox 1795 1034 2127 1090; x_wconf 81' lang='lat' dir='ltr'><strong>continentis</strong></span> 
     </span>
    </p>
   </div>
   <div class='ocr_carea' id='block_1_15' title="bbox 2154 1026 3764 1102">
    <p class='ocr_par' dir='ltr' id='par_1_15' title="bbox 2241 1027 3764 1099">
     <span class='ocr_line' id='line_1_15' title="bbox 2241 1027 3764 1099; baseline -0.001 -16"><span class='ocrx_word' id='word_1_109' title='bbox 2241 1048 2356 1092; x_wconf 85' lang='grc' dir='ltr'>ται,</span> <span class='ocrx_word' id='word_1_110' title='bbox 2391 1031 2451 1083; x_wconf 76' lang='grc' dir='ltr'>ὲν</span> <span class='ocrx_word' id='word_1_111' title='bbox 2483 1031 2691 1083; x_wconf 84' lang='grc' dir='ltr'>πλείονί</span> <span class='ocrx_word' id='word_1_112' title='bbox 2733 1047 2795 1083; x_wconf 88' lang='grc' dir='ltr'><strong>τε</strong></span> <span class='ocrx_word' id='word_1_113' title='bbox 2827 1031 2983 1084; x_wconf 76' lang='grc' dir='ltr'>ἔσται</span> <span class='ocrx_word' id='word_1_114' title='bbox 3006 1030 3346 1099; x_wconf 84' lang='grc' dir='ltr'>ἀγαλλιάσει,</span> <span class='ocrx_word' id='word_1_115' title='bbox 3374 1028 3452 1098; x_wconf 80' lang='grc' dir='ltr'><strong>τῷ</strong></span> <span class='ocrx_word' id='word_1_116' title='bbox 3485 1028 3574 1081; x_wconf 70' lang='grc' dir='ltr'>καὶ</span> <span class='ocrx_word' id='word_1_117' title='bbox 3594 1027 3656 1080; x_wconf 79' lang='grc' dir='ltr'>τὰ</span> <span class='ocrx_word' id='word_1_118' title='bbox 3686 1028 3764 1097; x_wconf 85' lang='grc' dir='ltr'>τῆς</span> 
     </span>
    </p>
   </div>
   <div class='ocr_carea' id='block_1_16' title="bbox 550 1117 2160 1191">
    <p class='ocr_par' dir='ltr' id='par_1_16' title="bbox 550 1117 1257 1190">
     <span class='ocr_line' id='line_1_16' title="bbox 550 1117 1257 1190; baseline 0.01 -21"><span class='ocrx_word' id='word_1_119' title='bbox 550 1117 673 1174; x_wconf 72' lang='lat' dir='ltr'><strong>vitae</strong></span> <span class='ocrx_word' id='word_1_120' title='bbox 701 1121 920 1189; x_wconf 64' lang='lat' dir='ltr'><strong>prsentia</strong></span> <span class='ocrx_word' id='word_1_121' title='bbox 957 1120 1257 1190; x_wconf 81' lang='lat' dir='ltr'><strong>deSpectat.</strong></span> 
     </span>
    </p>
   </div>
   <div class='ocr_carea' id='block_1_17' title="bbox 1466 1117 3076 1191">
    <p class='ocr_par' dir='ltr' id='par_1_17' title="bbox 2236 1119 3076 1191">
     <span class='ocr_line' id='line_1_17' title="bbox 2236 1119 3076 1191; baseline 0.001 -18"><span class='ocrx_word' id='word_1_122' title='bbox 2236 1119 2552 1189; x_wconf 78' lang='grc' dir='ltr'><strong>φιλοσοφίας</strong></span> <span class='ocrx_word' id='word_1_123' title='bbox 2582 1120 2718 1188; x_wconf 80' lang='grc' dir='ltr'>γέρα</span> <span class='ocrx_word' id='word_1_124' title='bbox 2752 1119 3076 1191; x_wconf 79' lang='grc' dir='ltr'>προσδοκᾷν.</span> 
     </span>
    </p>
   </div>
   <div class='ocr_carea' id='block_1_18' title="bbox 720 1227 2330 1302">
    <p class='ocr_par' dir='ltr' id='par_1_18' title="bbox 720 1227 1947 1302">
     <span class='ocr_line' id='line_1_18' title="bbox 720 1227 1947 1302; baseline 0.002 -15"><span class='ocrx_word' id='word_1_125' title='bbox 720 1227 885 1302; x_wconf 66' lang='grc'><strong>574</strong></span> <span class='ocrx_word' id='word_1_126' title='bbox 922 1228 1153 1288; x_wconf 80' lang='lat' dir='ltr'><strong>LXVIII.</strong></span> <span class='ocrx_word' id='word_1_127' title='bbox 1186 1262 1256 1273; x_wconf 92' lang='lat'><strong><em>—</em></strong></span> <span class='ocrx_word' id='word_1_128' title='bbox 1294 1231 1599 1289; x_wconf 77' lang='lat' dir='ltr'><strong>EUTO‘NIO</strong></span> <span class='ocrx_word' id='word_1_129' title='bbox 1631 1233 1947 1292; x_wconf 81' lang='lat' dir='ltr'><strong>DIACONO.</strong></span> 
     </span>
    </p>
   </div>
   <div class='ocr_carea' id='block_1_19' title="bbox 1861 1227 3471 1302">
    <p class='ocr_par' dir='ltr' id='par_1_19' title="bbox 1861 1228 3471 1302">
     <span class='ocr_line' id='line_1_19' title="bbox 1861 1228 3471 1302; baseline -0.004 -13"><span class='ocrx_word' id='word_1_130' title='bbox 1861 1235 1947 1290; x_wconf 73' lang='grc' dir='ltr'><strong>ω.</strong></span> <span class='ocrx_word' id='word_1_131' title='bbox 2549 1231 2676 1286; x_wconf 73' lang='lat' dir='ltr'><strong>EH’.</strong></span> <span class='ocrx_word' id='word_1_132' title='bbox 2718 1259 2791 1272; x_wconf 88' lang='lat'><em>-</em></span> <span class='ocrx_word' id='word_1_133' title='bbox 2817 1230 3119 1302; x_wconf 77' lang='grc' dir='ltr'><strong>ΕΥΤΟΝΙῼ</strong></span> <span class='ocrx_word' id='word_1_134' title='bbox 3152 1228 3471 1299; x_wconf 77' lang='grc' dir='ltr'><strong>ΔΙΔΚΟΝῼ.</strong></span> 
     </span>
    </p>
   </div>
   <div class='ocr_carea' id='block_1_20' title="bbox 1151 1340 3205 1419">
    <p class='ocr_par' dir='ltr' id='par_1_20' title="bbox 1151 1340 3205 1419">
     <span class='ocr_line' id='line_1_20' title="bbox 1151 1340 3205 1419; baseline -0 -21"><span class='ocrx_word' id='word_1_135' title='bbox 1151 1345 1226 1399; x_wconf 82' lang='lat' dir='ltr'><strong>De</strong></span> <span class='ocrx_word' id='word_1_136' title='bbox 1256 1348 1388 1401; x_wconf 84' lang='lat' dir='ltr'><strong>bono</strong></span> <span class='ocrx_word' id='word_1_137' title='bbox 1424 1348 1747 1401; x_wconf 79' lang='grc' dir='ltr'>ιεηιαιὶοηὶε.</span> <span class='ocrx_word' id='word_1_138' title='bbox 1780 1345 1960 1419; x_wconf 68' lang='lat' dir='ltr'><strong>(Conf.</strong></span> <span class='ocrx_word' id='word_1_139' title='bbox 1992 1364 2073 1416; x_wconf 84' lang='lat' dir='ltr'><strong>ep.</strong></span> <span class='ocrx_word' id='word_1_140' title='bbox 2103 1346 2172 1403; x_wconf 75' lang='lat'><strong>39</strong></span> <span class='ocrx_word' id='word_1_141' title='bbox 2200 1357 2247 1400; x_wconf 81' lang='lat' dir='ltr'><strong>et</strong></span> <span class='ocrx_word' id='word_1_142' title='bbox 2274 1343 2402 1407; x_wconf 70' lang='lat'><strong>2‘26,</strong></span> <span class='ocrx_word' id='word_1_143' title='bbox 2430 1345 2487 1398; x_wconf 81' lang='lat' dir='ltr'><strong>in</strong></span> <span class='ocrx_word' id='word_1_144' title='bbox 2519 1342 2659 1399; x_wconf 85' lang='lat' dir='ltr'><strong>Dan.</strong></span> <span class='ocrx_word' id='word_1_145' title='bbox 2693 1359 2851 1414; x_wconf 84' lang='lat' dir='ltr'><strong>tuep.</strong></span> <span class='ocrx_word' id='word_1_146' title='bbox 2886 1343 2957 1400; x_wconf 78' lang='lat'><strong>36</strong></span> <span class='ocrx_word' id='word_1_147' title='bbox 2978 1355 3024 1398; x_wconf 79' lang='lat' dir='ltr'><strong>et</strong></span> <span class='ocrx_word' id='word_1_148' title='bbox 3056 1340 3205 1413; x_wconf 79' lang='lat' dir='ltr'><strong>I38.)</strong></span> 
     </span>
    </p>
   </div>
   <div class='ocr_carea' id='block_1_21' title="bbox 621 1449 2231 1531">
    <p class='ocr_par' dir='ltr' id='par_1_21' title="bbox 621 1453 2128 1529">
     <span class='ocr_line' id='line_1_21' title="bbox 621 1453 2128 1529; baseline 0.004 -22"><span class='ocrx_word' id='word_1_149' title='bbox 621 1453 741 1509; x_wconf 81' lang='lat' dir='ltr'><strong>Noli</strong></span> <span class='ocrx_word' id='word_1_150' title='bbox 789 1454 1090 1521; x_wconf 83' lang='lat' dir='ltr'><strong>admirari,</strong></span> <span class='ocrx_word' id='word_1_151' title='bbox 1138 1471 1316 1526; x_wconf 90' lang='lat' dir='ltr'><strong>neque</strong></span> <span class='ocrx_word' id='word_1_152' title='bbox 1359 1458 1589 1526; x_wconf 70' lang='lat' dir='ltr'><strong>aenigma</strong></span> <span class='ocrx_word' id='word_1_153' title='bbox 1619 1472 1763 1524; x_wconf 83' lang='lat' dir='ltr'><strong>esse,</strong></span> <span class='ocrx_word' id='word_1_154' title='bbox 1798 1460 1943 1529; x_wconf 86' lang='lat' dir='ltr'><strong>quod</strong></span> <span class='ocrx_word' id='word_1_155' title='bbox 1992 1457 2128 1513; x_wconf 89' lang='lat' dir='ltr'><strong>alias</strong></span> 
     </span>
    </p>
   </div>
   <div class='ocr_carea' id='block_1_22' title="bbox 2160 1449 3770 1531">
    <p class='ocr_par' dir='ltr' id='par_1_22' title="bbox 2298 1449 3770 1531">
     <span class='ocr_line' id='line_1_22' title="bbox 2298 1449 3770 1531; baseline -0.006 -19"><span class='ocrx_word' id='word_1_156' title='bbox 2298 1459 2392 1530; x_wconf 79' lang='grc' dir='ltr'><strong>Μὴ</strong></span> <span class='ocrx_word' id='word_1_157' title='bbox 2434 1456 2707 1529; x_wconf 80' lang='grc' dir='ltr'>θαύμαζε.</span> <span class='ocrx_word' id='word_1_158' title='bbox 2745 1458 2883 1531; x_wconf 80' lang='grc' dir='ltr'>μηδὲ</span> <span class='ocrx_word' id='word_1_159' title='bbox 2921 1457 3057 1529; x_wconf 76' lang='grc' dir='ltr'><strong>ἡγοῦ</strong></span> <span class='ocrx_word' id='word_1_160' title='bbox 3104 1456 3338 1526; x_wconf 74' lang='grc' dir='ltr'>αἴνιγμα</span> <span class='ocrx_word' id='word_1_161' title='bbox 3384 1452 3445 1506; x_wconf 78' lang='grc' dir='ltr'>τὸ</span> <span class='ocrx_word' id='word_1_162' title='bbox 3478 1450 3602 1523; x_wconf 85' lang='grc' dir='ltr'>παρ’</span> <span class='ocrx_word' id='word_1_163' title='bbox 3640 1449 3770 1522; x_wconf 76' lang='grc' dir='ltr'>ἡμῶν</span> 
     </span>
    </p>
   </div>
   <div class='ocr_carea' id='block_1_23' title="bbox 555 1539 2165 1622">
    <p class='ocr_par' dir='ltr' id='par_1_23' title="bbox 555 1545 2130 1616">
     <span class='ocr_line' id='line_1_23' title="bbox 555 1545 2130 1616; baseline 0.002 -17"><span class='ocrx_word' id='word_1_164' title='bbox 555 1546 649 1601; x_wconf 88' lang='lat' dir='ltr'><strong>tibi</strong></span> <span class='ocrx_word' id='word_1_165' title='bbox 701 1545 937 1614; x_wconf 86' lang='lat' dir='ltr'><strong>scripsi,</strong></span> <span class='ocrx_word' id='word_1_166' title='bbox 990 1547 1317 1602; x_wconf 76' lang='lat' dir='ltr'><strong>existimes:</strong></span> <span class='ocrx_word' id='word_1_167' title='bbox 1378 1549 1711 1603; x_wconf 84' lang='lat' dir='ltr'><strong>tentationes</strong></span> <span class='ocrx_word' id='word_1_168' title='bbox 1756 1563 2130 1616; x_wconf 67' lang='lat' dir='ltr'><strong>saspenumero</strong></span> 
     </span>
    </p>
   </div>
   <div class='ocr_carea' id='block_1_24' title="bbox 2160 1539 3770 1622">
    <p class='ocr_par' dir='ltr' id='par_1_24' title="bbox 2232 1539 3770 1622">
     <span class='ocr_line' id='line_1_24' title="bbox 2232 1539 3770 1622; baseline -0.007 -18"><span class='ocrx_word' id='word_1_169' title='bbox 2232 1567 2318 1604; x_wconf 88' lang='grc' dir='ltr'><strong>σοι</strong></span> <span class='ocrx_word' id='word_1_170' title='bbox 2372 1550 2794 1622; x_wconf 81' lang='grc' dir='ltr'>προειρημένον,</span> <span class='ocrx_word' id='word_1_171' title='bbox 2828 1550 2914 1603; x_wconf 84' lang='grc' dir='ltr'>ὅτι</span> <span class='ocrx_word' id='word_1_172' title='bbox 2961 1551 3010 1603; x_wconf 79' lang='lat' dir='ltr'><strong>oi</strong></span> <span class='ocrx_word' id='word_1_173' title='bbox 3054 1546 3354 1619; x_wconf 80' lang='grc' dir='ltr'>πειρασμοὶ</span> <span class='ocrx_word' id='word_1_174' title='bbox 3406 1544 3652 1605; x_wconf 80' lang='grc' dir='ltr'>πολλάκις</span> <span class='ocrx_word' id='word_1_175' title='bbox 3683 1539 3770 1594; x_wconf 81' lang='grc' dir='ltr'><strong>τῶν</strong></span> 
     </span>
    </p>
   </div>
   <div class='ocr_carea' id='block_1_25' title="bbox 551 1630 2161 1712">
    <p class='ocr_par' dir='ltr' id='par_1_25' title="bbox 551 1636 2128 1709">
     <span class='ocr_line' id='line_1_25' title="bbox 551 1636 2128 1709; baseline 0.001 -19"><span class='ocrx_word' id='word_1_176' title='bbox 551 1636 796 1705; x_wconf 75' lang='lat' dir='ltr'><strong>gravium</strong></span> <span class='ocrx_word' id='word_1_177' title='bbox 859 1652 924 1692; x_wconf 89' lang='lat' dir='ltr'><strong>ac</strong></span> <span class='ocrx_word' id='word_1_178' title='bbox 996 1637 1293 1692; x_wconf 87' lang='lat' dir='ltr'><strong>diIIiciIium</strong></span> <span class='ocrx_word' id='word_1_179' title='bbox 1355 1639 1824 1709; x_wconf 82' lang='lat' dir='ltr'><strong>perturbationum</strong></span> <span class='ocrx_word' id='word_1_180' title='bbox 1873 1654 1999 1695; x_wconf 86' lang='lat' dir='ltr'><strong>esse</strong></span> <span class='ocrx_word' id='word_1_181' title='bbox 2045 1639 2128 1693; x_wconf 89' lang='lat' dir='ltr'><strong>in-</strong></span> 
     </span>
    </p>
   </div>
   <div class='ocr_carea' id='block_1_26' title="bbox 2162 1630 3772 1712">
    <p class='ocr_par' dir='ltr' id='par_1_26' title="bbox 2228 1630 3772 1712">
     <span class='ocr_line' id='line_1_26' title="bbox 2228 1630 3772 1712; baseline -0.008 -17"><span class='ocrx_word' id='word_1_182' title='bbox 2228 1641 2506 1712; x_wconf 85' lang='grc' dir='ltr'>δυσχερῶν</span> <span class='ocrx_word' id='word_1_183' title='bbox 2534 1641 2628 1694; x_wconf 77' lang='grc' dir='ltr'>καὶ</span> <span class='ocrx_word' id='word_1_184' title='bbox 2673 1639 3050 1711; x_wconf 79' lang='grc' dir='ltr'><strong>ἀνελευθέρων</strong></span> <span class='ocrx_word' id='word_1_185' title='bbox 3105 1636 3295 1691; x_wconf 85' lang='grc' dir='ltr'>παθῶν</span> <span class='ocrx_word' id='word_1_186' title='bbox 3349 1631 3656 1703; x_wconf 77' lang='grc' dir='ltr'>ἀπαλλαγὴν</span> <span class='ocrx_word' id='word_1_187' title='bbox 3698 1630 3772 1685; x_wconf 74' lang='grc' dir='ltr'>καὶ</span> 
     </span>
    </p>
   </div>
   <div class='ocr_carea' id='block_1_27' title="bbox 554 1722 2164 1811">
    <p class='ocr_par' dir='ltr' id='par_1_27' title="bbox 554 1727 2164 1810">
     <span class='ocr_line' id='line_1_27' title="bbox 554 1727 2164 1810; baseline 0.001 -28"><span class='ocrx_word' id='word_1_188' title='bbox 554 1727 773 1782; x_wconf 85' lang='lat' dir='ltr'><strong>teritum</strong></span> <span class='ocrx_word' id='word_1_189' title='bbox 798 1770 819 1795; x_wconf 83' lang='lat'><strong>,</strong></span> <span class='ocrx_word' id='word_1_190' title='bbox 848 1728 1265 1799; x_wconf 84' lang='lat' dir='ltr'><strong>libertatemque</strong></span> <span class='ocrx_word' id='word_1_191' title='bbox 1309 1731 1499 1786; x_wconf 74' lang='lat' dir='ltr'><strong>animo</strong></span> <span class='ocrx_word' id='word_1_192' title='bbox 1539 1729 1862 1786; x_wconf 82' lang='lat' dir='ltr'><strong>conciliare.</strong></span> <span class='ocrx_word' id='word_1_193' title='bbox 1925 1730 2121 1798; x_wconf 84' lang='lat' dir='ltr'><strong>Quem-</strong></span> <span class='ocrx_word' id='word_1_194' title='bbox 2159 1755 2164 1810; x_wconf 43' lang='grc' dir='ltr'><strong>ί</strong></span> 
     </span>
    </p>
   </div>
   <div class='ocr_carea' id='block_1_28' title="bbox 2163 1722 3773 1811">
    <p class='ocr_par' dir='ltr' id='par_1_28' title="bbox 2163 1722 3773 1811">
     <span class='ocr_line' id='line_1_28' title="bbox 2163 1722 3773 1811; baseline -0.007 -26"><span class='ocrx_word' id='word_1_195' title='bbox 2163 1731 2547 1811; x_wconf 75' lang='grc' dir='ltr'>Βὲλευθερίαν</span> <span class='ocrx_word' id='word_1_196' title='bbox 2579 1734 2648 1803; x_wconf 76' lang='grc' dir='ltr'><strong>τῇ</strong></span> <span class='ocrx_word' id='word_1_197' title='bbox 2698 1732 2846 1805; x_wconf 73' lang='grc' dir='ltr'>ψυχῇ</span> <span class='ocrx_word' id='word_1_198' title='bbox 2890 1732 3229 1804; x_wconf 79' lang='grc' dir='ltr'>χαρίζονται.</span> <span class='ocrx_word' id='word_1_199' title='bbox 3288 1728 3501 1797; x_wconf 81' lang='grc' dir='ltr'>Ὥσπερ</span> <span class='ocrx_word' id='word_1_200' title='bbox 3548 1724 3649 1794; x_wconf 84' lang='grc' dir='ltr'><strong>γὰρ</strong></span> <span class='ocrx_word' id='word_1_201' title='bbox 3697 1722 3773 1774; x_wconf 73' lang='grc' dir='ltr'><strong>ἐπὶ</strong></span> 
     </span>
    </p>
   </div>
   <div class='ocr_carea' id='block_1_29' title="bbox 552 1812 2162 1895">
    <p class='ocr_par' dir='ltr' id='par_1_29' title="bbox 552 1819 2127 1891">
     <span class='ocr_line' id='line_1_29' title="bbox 552 1819 2127 1891; baseline 0.003 -20"><span class='ocrx_word' id='word_1_202' title='bbox 552 1819 841 1874; x_wconf 80' lang='lat' dir='ltr'><strong>admodum</strong></span> <span class='ocrx_word' id='word_1_203' title='bbox 879 1821 1024 1874; x_wconf 86' lang='lat' dir='ltr'><strong>enim</strong></span> <span class='ocrx_word' id='word_1_204' title='bbox 1074 1821 1127 1874; x_wconf 91' lang='lat' dir='ltr'><strong>in</strong></span> <span class='ocrx_word' id='word_1_205' title='bbox 1153 1821 1325 1875; x_wconf 86' lang='lat' dir='ltr'><strong>tribus</strong></span> <span class='ocrx_word' id='word_1_206' title='bbox 1354 1822 1462 1876; x_wconf 86' lang='lat' dir='ltr'><strong>illis</strong></span> <span class='ocrx_word' id='word_1_207' title='bbox 1500 1822 1686 1891; x_wconf 83' lang='lat' dir='ltr'><strong>pueris</strong></span> <span class='ocrx_word' id='word_1_208' title='bbox 1712 1823 1757 1887; x_wconf 83' lang='lat'><strong>’,</strong></span> <span class='ocrx_word' id='word_1_209' title='bbox 1796 1835 1905 1876; x_wconf 88' lang='lat' dir='ltr'><strong>non</strong></span> <span class='ocrx_word' id='word_1_210' title='bbox 1952 1820 2127 1875; x_wconf 87' lang='lat' dir='ltr'><strong>solum</strong></span> 
     </span>
    </p>
   </div>
   <div class='ocr_carea' id='block_1_30' title="bbox 2166 1812 3776 1895">
    <p class='ocr_par' dir='ltr' id='par_1_30' title="bbox 2234 1812 3776 1895">
     <span class='ocr_line' id='line_1_30' title="bbox 2234 1812 3776 1895; baseline -0.008 -17"><span class='ocrx_word' id='word_1_211' title='bbox 2234 1824 2344 1878; x_wconf 85' lang='grc' dir='ltr'><strong>τῶν</strong></span> <span class='ocrx_word' id='word_1_212' title='bbox 2376 1823 2545 1895; x_wconf 83' lang='grc' dir='ltr'>τριῶν</span> <span class='ocrx_word' id='word_1_213' title='bbox 2576 1824 2807 1889; x_wconf 83' lang='grc' dir='ltr'><strong>παίδων,</strong></span> <span class='ocrx_word' id='word_1_214' title='bbox 2858 1825 2918 1877; x_wconf 90' lang='grc' dir='ltr'><strong>οὐ</strong></span> <span class='ocrx_word' id='word_1_215' title='bbox 2974 1824 3136 1895; x_wconf 85' lang='grc' dir='ltr'>μόνον</span> <span class='ocrx_word' id='word_1_216' title='bbox 3170 1821 3271 1891; x_wconf 86' lang='grc' dir='ltr'><strong>οὐχ</strong></span> <span class='ocrx_word' id='word_1_217' title='bbox 3316 1819 3490 1889; x_wconf 66' lang='grc' dir='ltr'>ἥψατο</span> <span class='ocrx_word' id='word_1_218' title='bbox 3534 1812 3695 1869; x_wconf 85' lang='grc' dir='ltr'>αὐτῶν</span> <span class='ocrx_word' id='word_1_219' title='bbox 3726 1813 3776 1865; x_wconf 83' lang='grc' dir='ltr'><strong>τὺ</strong></span> 
     </span>
    </p>
   </div>
   <div class='ocr_carea' id='block_1_31' title="bbox 553 1904 2163 1989">
    <p class='ocr_par' dir='ltr' id='par_1_31' title="bbox 553 1904 2127 1978">
     <span class='ocr_line' id='line_1_31' title="bbox 553 1904 2127 1978; baseline 0.005 -20"><span class='ocrx_word' id='word_1_220' title='bbox 553 1904 695 1973; x_wconf 82' lang='lat' dir='ltr'><strong>ignis</strong></span> <span class='ocrx_word' id='word_1_221' title='bbox 738 1906 887 1975; x_wconf 90' lang='lat' dir='ltr'><strong>ipsos</strong></span> <span class='ocrx_word' id='word_1_222' title='bbox 928 1923 1036 1961; x_wconf 86' lang='lat' dir='ltr'><strong>non</strong></span> <span class='ocrx_word' id='word_1_223' title='bbox 1081 1909 1257 1978; x_wconf 78' lang='lat' dir='ltr'><strong>attigit</strong></span> <span class='ocrx_word' id='word_1_224' title='bbox 1286 1951 1301 1976; x_wconf 91' lang='lat'><strong>,</strong></span> <span class='ocrx_word' id='word_1_225' title='bbox 1353 1909 1450 1965; x_wconf 87' lang='lat' dir='ltr'><strong>sed</strong></span> <span class='ocrx_word' id='word_1_226' title='bbox 1477 1919 1533 1964; x_wconf 90' lang='lat' dir='ltr'><strong>et</strong></span> <span class='ocrx_word' id='word_1_227' title='bbox 1560 1910 1626 1965; x_wconf 91' lang='lat' dir='ltr'><strong>ad</strong></span> <span class='ocrx_word' id='word_1_228' title='bbox 1651 1908 1990 1965; x_wconf 84' lang='lat' dir='ltr'><strong>vinculorum</strong></span> <span class='ocrx_word' id='word_1_229' title='bbox 2016 1908 2127 1966; x_wconf 91' lang='lat' dir='ltr'><strong>dis-</strong></span> 
     </span>
    </p>
   </div>
   <div class='ocr_carea' id='block_1_32' title="bbox 2169 1904 3779 1989">
    <p class='ocr_par' dir='ltr' id='par_1_32' title="bbox 2236 1906 3779 1989">
     <span class='ocr_line' id='line_1_32' title="bbox 2236 1906 3779 1989; baseline -0.007 -18"><span class='ocrx_word' id='word_1_230' title='bbox 2236 1916 2370 1989; x_wconf 82' lang='grc' dir='ltr'>πῦρ,</span> <span class='ocrx_word' id='word_1_231' title='bbox 2403 1917 2540 1971; x_wconf 88' lang='grc' dir='ltr'><strong>άλλά</strong></span> <span class='ocrx_word' id='word_1_232' title='bbox 2588 1918 2685 1971; x_wconf 75' lang='grc' dir='ltr'>καὶ</span> <span class='ocrx_word' id='word_1_233' title='bbox 2720 1916 2858 1988; x_wconf 79' lang='grc' dir='ltr'>πρὸς</span> <span class='ocrx_word' id='word_1_234' title='bbox 2886 1915 2984 1987; x_wconf 77' lang='grc' dir='ltr'>τὴν</span> <span class='ocrx_word' id='word_1_235' title='bbox 3018 1914 3129 1968; x_wconf 90' lang='grc' dir='ltr'><strong>τῶν</strong></span> <span class='ocrx_word' id='word_1_236' title='bbox 3164 1912 3380 1981; x_wconf 81' lang='grc' dir='ltr'>δεσμῶν</span> <span class='ocrx_word' id='word_1_237' title='bbox 3411 1908 3561 1962; x_wconf 63' lang='grc' dir='ltr'>λύσιν</span> <span class='ocrx_word' id='word_1_238' title='bbox 3602 1906 3779 1975; x_wconf 80' lang='grc' dir='ltr'>ὑπηρε-</span> 
     </span>
    </p>
   </div>
   <div class='ocr_carea' id='block_1_33' title="bbox 552 1996 2162 2081">
    <p class='ocr_par' dir='ltr' id='par_1_33' title="bbox 552 1996 2129 2067">
     <span class='ocr_line' id='line_1_33' title="bbox 552 1996 2129 2067; baseline 0.004 -17"><span class='ocrx_word' id='word_1_239' title='bbox 552 1996 875 2052; x_wconf 85' lang='lat' dir='ltr'><strong>solntionem</strong></span> <span class='ocrx_word' id='word_1_240' title='bbox 926 2001 1242 2067; x_wconf 81' lang='lat' dir='ltr'><strong>subserviit,</strong></span> <span class='ocrx_word' id='word_1_241' title='bbox 1272 2012 1464 2058; x_wconf 87' lang='lat' dir='ltr'><strong>nactus</strong></span> <span class='ocrx_word' id='word_1_242' title='bbox 1489 2017 1602 2058; x_wconf 63' lang='lat' dir='ltr'><strong>sua;</strong></span> <span class='ocrx_word' id='word_1_243' title='bbox 1628 2002 1921 2058; x_wconf 84' lang='lat' dir='ltr'><strong>terminum</strong></span> <span class='ocrx_word' id='word_1_244' title='bbox 1947 2001 2129 2058; x_wconf 80' lang='lat' dir='ltr'><strong>eﬂiea—</strong></span> 
     </span>
    </p>
   </div>
   <div class='ocr_carea' id='block_1_34' title="bbox 2170 1996 3780 2081">
    <p class='ocr_par' dir='ltr' id='par_1_34' title="bbox 2233 1996 3780 2081">
     <span class='ocr_line' id='line_1_34' title="bbox 2233 1996 3780 2081; baseline -0.01 -18"><span class='ocrx_word' id='word_1_245' title='bbox 2233 2011 2457 2079; x_wconf 84' lang='grc' dir='ltr'>τήσατο,</span> <span class='ocrx_word' id='word_1_246' title='bbox 2497 2009 2623 2081; x_wconf 86' lang='grc' dir='ltr'>ὅρον</span> <span class='ocrx_word' id='word_1_247' title='bbox 2654 2008 2753 2078; x_wconf 80' lang='grc' dir='ltr'>τῆς</span> <span class='ocrx_word' id='word_1_248' title='bbox 2777 2005 2972 2061; x_wconf 77' lang='grc' dir='ltr'>ἑαυτοῦ</span> <span class='ocrx_word' id='word_1_249' title='bbox 3017 2005 3304 2077; x_wconf 74' lang='grc' dir='ltr'>ἐνεργείας</span> <span class='ocrx_word' id='word_1_250' title='bbox 3345 1999 3573 2072; x_wconf 72' lang='grc' dir='ltr'>ἐσχηκδς</span> <span class='ocrx_word' id='word_1_251' title='bbox 3606 1996 3780 2051; x_wconf 59' lang='lat' dir='ltr'><strong>coim-</strong></span> 
     </span>
    </p>
   </div>
   <div class='ocr_carea' id='block_1_35' title="bbox 553 2083 2163 2172">
    <p class='ocr_par' dir='ltr' id='par_1_35' title="bbox 553 2083 2126 2164">
     <span class='ocr_line' id='line_1_35' title="bbox 553 2083 2126 2164; baseline 0.004 -23"><span class='ocrx_word' id='word_1_252' title='bbox 553 2088 674 2152; x_wconf 75' lang='lat' dir='ltr'><strong>cite,</strong></span> <span class='ocrx_word' id='word_1_253' title='bbox 706 2087 908 2144; x_wconf 87' lang='lat' dir='ltr'><strong>ferrum</strong></span> <span class='ocrx_word' id='word_1_254' title='bbox 934 2083 1203 2148; x_wconf 70' lang='lat' dir='ltr'><strong>&#39;aholendo</strong></span> <span class='ocrx_word' id='word_1_255' title='bbox 1230 2109 1246 2149; x_wconf 89' lang='lat'><strong>:</strong></span> <span class='ocrx_word' id='word_1_256' title='bbox 1289 2094 1369 2149; x_wconf 85' lang='lat' dir='ltr'><strong>sie</strong></span> <span class='ocrx_word' id='word_1_257' title='bbox 1390 2103 1447 2150; x_wconf 89' lang='lat' dir='ltr'><strong>et</strong></span> <span class='ocrx_word' id='word_1_258' title='bbox 1495 2094 1827 2150; x_wconf 85' lang='lat' dir='ltr'><strong>tentationes</strong></span> <span class='ocrx_word' id='word_1_259' title='bbox 1856 2094 2126 2164; x_wconf 80' lang='lat' dir='ltr'><strong>ignaviam</strong></span> 
     </span>
    </p>
   </div>
   <div class='ocr_carea' id='block_1_36' title="bbox 2170 2083 3780 2172">
    <p class='ocr_par' dir='ltr' id='par_1_36' title="bbox 2243 2088 3780 2172">
     <span class='ocr_line' id='line_1_36' title="bbox 2243 2088 3780 2172; baseline -0.008 -19"><span class='ocrx_word' id='word_1_260' title='bbox 2243 2100 2410 2172; x_wconf 88' lang='grc' dir='ltr'>δήρου</span> <span class='ocrx_word' id='word_1_261' title='bbox 2441 2098 2531 2153; x_wconf 81' lang='grc' dir='ltr'>τὸν</span> <span class='ocrx_word' id='word_1_262' title='bbox 2556 2098 2864 2169; x_wconf 82' lang='grc' dir='ltr'>ἀφανισμόν</span> <span class='ocrx_word' id='word_1_263' title='bbox 2882 2112 2898 2128; x_wconf 84' lang='grc'>⁶</span> <span class='ocrx_word' id='word_1_264' title='bbox 2924 2096 3068 2152; x_wconf 73' lang='grc' dir='ltr'>οὕτω</span> <span class='ocrx_word' id='word_1_265' title='bbox 3087 2097 3182 2151; x_wconf 75' lang='grc' dir='ltr'>καὶ</span> <span class='ocrx_word' id='word_1_266' title='bbox 3215 2096 3267 2150; x_wconf 75' lang='grc' dir='ltr'>οἱ</span> <span class='ocrx_word' id='word_1_267' title='bbox 3293 2092 3608 2166; x_wconf 71' lang='grc' dir='ltr'>πειρασμοὶ,</span> <span class='ocrx_word' id='word_1_268' title='bbox 3637 2088 3780 2160; x_wconf 73' lang='grc' dir='ltr'>ρᾳθυ-</span> 
     </span>
    </p>
   </div>
   <div class='ocr_carea' id='block_1_37' title="bbox 553 2182 2163 2260">
    <p class='ocr_par' dir='ltr' id='par_1_37' title="bbox 553 2182 2126 2255">
     <span class='ocr_line' id='line_1_37' title="bbox 553 2182 2126 2255; baseline 0.005 -23"><span class='ocrx_word' id='word_1_269' title='bbox 553 2189 861 2236; x_wconf 87' lang='lat' dir='ltr'><strong>resecantes</strong></span> <span class='ocrx_word' id='word_1_270' title='bbox 885 2182 954 2237; x_wconf 81' lang='lat' dir='ltr'><strong>ad</strong></span> <span class='ocrx_word' id='word_1_271' title='bbox 997 2184 1461 2253; x_wconf 85' lang='lat' dir='ltr'><strong>sobrietatemque</strong></span> <span class='ocrx_word' id='word_1_272' title='bbox 1495 2185 1854 2255; x_wconf 75' lang='lat' dir='ltr'><strong>adducentes,</strong></span> <span class='ocrx_word' id='word_1_273' title='bbox 1882 2199 2073 2242; x_wconf 83' lang='lat' dir='ltr'><strong>omnes</strong></span> <span class='ocrx_word' id='word_1_274' title='bbox 2094 2201 2126 2240; x_wconf 90' lang='lat' dir='ltr'><strong>a</strong></span> 
     </span>
    </p>
   </div>
   <div class='ocr_carea' id='block_1_38' title="bbox 2164 2182 3774 2260">
    <p class='ocr_par' dir='ltr' id='par_1_38' title="bbox 2240 2183 3774 2260">
     <span class='ocr_line' id='line_1_38' title="bbox 2240 2183 3774 2260; baseline -0.001 -17"><span class='ocrx_word' id='word_1_275' title='bbox 2240 2190 2371 2260; x_wconf 89' lang='grc' dir='ltr'>μίαν</span> <span class='ocrx_word' id='word_1_276' title='bbox 2431 2190 2890 2260; x_wconf 79' lang='grc' dir='ltr'>περικόπτοντες,</span> <span class='ocrx_word' id='word_1_277' title='bbox 2943 2188 3035 2243; x_wconf 77' lang='grc' dir='ltr'>καὶ</span> <span class='ocrx_word' id='word_1_278' title='bbox 3062 2189 3144 2252; x_wconf 87' lang='grc' dir='ltr'><strong>είς</strong></span> <span class='ocrx_word' id='word_1_279' title='bbox 3194 2186 3361 2257; x_wconf 78' lang='grc' dir='ltr'>νῆψιν</span> <span class='ocrx_word' id='word_1_280' title='bbox 3419 2183 3774 2250; x_wconf 74' lang='grc' dir='ltr'>ἐπανάγοντες.</span> 
     </span>
    </p>
   </div>
   <div class='ocr_carea' id='block_1_39' title="bbox 551 2270 2161 2353">
    <p class='ocr_par' dir='ltr' id='par_1_39' title="bbox 551 2273 1489 2353">
     <span class='ocr_line' id='line_1_39' title="bbox 551 2273 1489 2353; baseline 0.003 -26"><span class='ocrx_word' id='word_1_281' title='bbox 551 2281 895 2339; x_wconf 82' lang='lat' dir='ltr'><strong>peccatorum</strong></span> <span class='ocrx_word' id='word_1_282' title='bbox 920 2273 1215 2353; x_wconf 74' lang='lat' dir='ltr'><strong>expediunt</strong></span> <span class='ocrx_word' id='word_1_283' title='bbox 1238 2275 1489 2330; x_wconf 83' lang='lat' dir='ltr'><strong>vinculis.</strong></span> 
     </span>
    </p>
   </div>
   <div class='ocr_carea' id='block_1_40' title="bbox 2174 2270 3784 2353">
    <p class='ocr_par' dir='ltr' id='par_1_40' title="bbox 2236 2270 3784 2351">
     <span class='ocr_line' id='line_1_40' title="bbox 2236 2270 3784 2351; baseline -0.006 -19"><span class='ocrx_word' id='word_1_284' title='bbox 2236 2279 2423 2334; x_wconf 77' lang='grc' dir='ltr'>λύουσι</span> <span class='ocrx_word' id='word_1_285' title='bbox 2445 2280 2676 2344; x_wconf 81' lang='grc' dir='ltr'>πολλοὺς</span> <span class='ocrx_word' id='word_1_286' title='bbox 2700 2278 3020 2351; x_wconf 82' lang='grc' dir='ltr'>ἀνθρώπους</span> <span class='ocrx_word' id='word_1_287' title='bbox 3045 2279 3109 2331; x_wconf 75' lang='grc' dir='ltr'>ὲκ</span> <span class='ocrx_word' id='word_1_288' title='bbox 3134 2277 3244 2332; x_wconf 84' lang='grc' dir='ltr'><strong>τῶν</strong></span> <span class='ocrx_word' id='word_1_289' title='bbox 3274 2274 3490 2347; x_wconf 81' lang='grc' dir='ltr'>δεσμῶν</span> <span class='ocrx_word' id='word_1_290' title='bbox 3511 2273 3604 2343; x_wconf 78' lang='grc' dir='ltr'>τῆς</span> <span class='ocrx_word' id='word_1_291' title='bbox 3629 2270 3784 2340; x_wconf 80' lang='grc' dir='ltr'>ἁμαρ·</span> 
     </span>
    </p>
   </div>
   <div class='ocr_carea' id='block_1_41' title="bbox 2234 2375 2375 2437">
    <p class='ocr_par' dir='ltr' id='par_1_41' title="bbox 2234 2375 2375 2437">
     <span class='ocr_line' id='line_1_41' title="bbox 2234 2375 2375 2437; baseline 0.014 -12"><span class='ocrx_word' id='word_1_292' title='bbox 2234 2375 2375 2437; x_wconf 73' lang='grc' dir='ltr'>τοίας.</span> 
     </span>
    </p>
   </div>
   <div class='ocr_carea' id='block_1_42' title="bbox 1039 2474 2649 2555">
    <p class='ocr_par' dir='ltr' id='par_1_42' title="bbox 1039 2474 1632 2540">
     <span class='ocr_line' id='line_1_42' title="bbox 1039 2474 1632 2540; baseline 0.01 -10"><span class='ocrx_word' id='word_1_293' title='bbox 1039 2474 1226 2531; x_wconf 75' lang='lat' dir='ltr'><strong>LXIX.</strong></span> <span class='ocrx_word' id='word_1_294' title='bbox 1273 2508 1344 2519; x_wconf 90' lang='lat'><strong>—</strong></span> <span class='ocrx_word' id='word_1_295' title='bbox 1396 2476 1632 2540; x_wconf 74' lang='lat' dir='ltr'><strong>EIDEM.</strong></span> 
     </span>
    </p>
   </div>
   <div class='ocr_carea' id='block_1_43' title="bbox 1718 2474 3328 2555">
    <p class='ocr_par' dir='ltr' id='par_1_43' title="bbox 2729 2483 3328 2555">
     <span class='ocr_line' id='line_1_43' title="bbox 2729 2483 3328 2555; baseline 0 -19"><span class='ocrx_word' id='word_1_296' title='bbox 2729 2483 2850 2537; x_wconf 79' lang='grc' dir='ltr'><strong>ΞΘ’.</strong></span> <span class='ocrx_word' id='word_1_297' title='bbox 2890 2511 2961 2523; x_wconf 88' lang='grc'><strong><em>-</em></strong></span> <span class='ocrx_word' id='word_1_298' title='bbox 2993 2484 3081 2555; x_wconf 78' lang='grc' dir='ltr'><strong>Τῼ</strong></span> <span class='ocrx_word' id='word_1_299' title='bbox 3120 2483 3328 2554; x_wconf 80' lang='grc' dir='ltr'><strong>ΑΥΤῼ.</strong></span> 
     </span>
    </p>
   </div>
   <div class='ocr_carea' id='block_1_44' title="bbox 1028 2590 3343 2670">
    <p class='ocr_par' dir='ltr' id='par_1_44' title="bbox 1028 2590 3343 2670">
     <span class='ocr_line' id='line_1_44' title="bbox 1028 2590 3343 2670; baseline 0.001 -24"><span class='ocrx_word' id='word_1_300' title='bbox 1028 2590 1153 2647; x_wconf 83' lang='grc' dir='ltr'><strong>Νοη</strong></span> <span class='ocrx_word' id='word_1_301' title='bbox 1184 2594 1241 2647; x_wconf 82' lang='lat' dir='ltr'><strong>in</strong></span> <span class='ocrx_word' id='word_1_302' title='bbox 1268 2595 1438 2649; x_wconf 83' lang='lat' dir='ltr'><strong>alieno</strong></span> <span class='ocrx_word' id='word_1_303' title='bbox 1466 2613 1616 2662; x_wconf 75' lang='lat' dir='ltr'><strong>casu,</strong></span> <span class='ocrx_word' id='word_1_304' title='bbox 1636 2596 1734 2652; x_wconf 75' lang='lat' dir='ltr'><strong>sed</strong></span> <span class='ocrx_word' id='word_1_305' title='bbox 1752 2597 1804 2651; x_wconf 82' lang='lat' dir='ltr'><strong>in</strong></span> <span class='ocrx_word' id='word_1_306' title='bbox 1830 2597 2045 2665; x_wconf 80' lang='lat' dir='ltr'><strong>propria</strong></span> <span class='ocrx_word' id='word_1_307' title='bbox 2074 2598 2263 2654; x_wconf 84' lang='lat' dir='ltr'><strong>virtute</strong></span> <span class='ocrx_word' id='word_1_308' title='bbox 2290 2614 2403 2666; x_wconf 69' lang='lat' dir='ltr'><strong>spes</strong></span> <span class='ocrx_word' id='word_1_309' title='bbox 2431 2598 2717 2668; x_wconf 75' lang='lat' dir='ltr'><strong>ﬁrmanda.</strong></span> <span class='ocrx_word' id='word_1_310' title='bbox 2751 2597 2912 2670; x_wconf 80' lang='lat' dir='ltr'><strong>(Vide</strong></span> <span class='ocrx_word' id='word_1_311' title='bbox 2941 2614 3023 2667; x_wconf 80' lang='lat' dir='ltr'><strong>ep.</strong></span> <span class='ocrx_word' id='word_1_312' title='bbox 3053 2596 3122 2652; x_wconf 87' lang='lat'><strong>50</strong></span> <span class='ocrx_word' id='word_1_313' title='bbox 3143 2608 3189 2650; x_wconf 87' lang='lat' dir='ltr'><strong>et</strong></span> <span class='ocrx_word' id='word_1_314' title='bbox 3221 2596 3343 2667; x_wconf 83' lang='lat'><strong>58.)</strong></span> 
     </span>
    </p>
   </div>
   <div class='ocr_carea' id='block_1_45' title="bbox 624 2700 2234 2783">
    <p class='ocr_par' dir='ltr' id='par_1_45' title="bbox 624 2700 2129 2781">
     <span class='ocr_line' id='line_1_45' title="bbox 624 2700 2129 2781; baseline 0.009 -28"><span class='ocrx_word' id='word_1_315' title='bbox 624 2700 792 2755; x_wconf 83' lang='lat' dir='ltr'><strong>Dubia</strong></span> <span class='ocrx_word' id='word_1_316' title='bbox 820 2704 1034 2772; x_wconf 82' lang='lat' dir='ltr'><strong>quidem</strong></span> <span class='ocrx_word' id='word_1_317' title='bbox 1079 2716 1135 2761; x_wconf 90' lang='lat' dir='ltr'><strong>et</strong></span> <span class='ocrx_word' id='word_1_318' title='bbox 1187 2707 1392 2764; x_wconf 88' lang='lat' dir='ltr'><strong>incerta</strong></span> <span class='ocrx_word' id='word_1_319' title='bbox 1441 2719 1525 2765; x_wconf 89' lang='lat' dir='ltr'><strong>est</strong></span> <span class='ocrx_word' id='word_1_320' title='bbox 1571 2726 1697 2781; x_wconf 83' lang='lat' dir='ltr'><strong>spes</strong></span> <span class='ocrx_word' id='word_1_321' title='bbox 1728 2725 1797 2766; x_wconf 77' lang='lat' dir='ltr'><strong>ex</strong></span> <span class='ocrx_word' id='word_1_322' title='bbox 1824 2711 2003 2767; x_wconf 83' lang='lat' dir='ltr'><strong>aliena</strong></span> <span class='ocrx_word' id='word_1_323' title='bbox 2047 2712 2129 2767; x_wconf 89' lang='lat' dir='ltr'><strong>&#39;n-</strong></span> 
     </span>
    </p>
   </div>
   <div class='ocr_carea' id='block_1_46' title="bbox 2179 2700 3789 2783">
    <p class='ocr_par' dir='ltr' id='par_1_46' title="bbox 2308 2706 3789 2783">
     <span class='ocr_line' id='line_1_46' title="bbox 2308 2706 3789 2783; baseline 0.001 -17"><span class='ocrx_word' id='word_1_324' title='bbox 2308 2711 2562 2783; x_wconf 83' lang='grc' dir='ltr'>Σφαλερά</span> <span class='ocrx_word' id='word_1_325' title='bbox 2593 2712 2692 2783; x_wconf 83' lang='grc' dir='ltr'>μὲν</span> <span class='ocrx_word' id='word_1_326' title='bbox 2742 2712 2919 2777; x_wconf 70' lang='grc' dir='ltr'>ἐλπὶς,</span> <span class='ocrx_word' id='word_1_327' title='bbox 2968 2711 3027 2778; x_wconf 76' lang='grc' dir='ltr'><strong>ἐξ</strong></span> <span class='ocrx_word' id='word_1_328' title='bbox 3071 2711 3365 2779; x_wconf 82' lang='grc' dir='ltr'>ἀλλοτρίας</span> <span class='ocrx_word' id='word_1_329' title='bbox 3411 2706 3789 2777; x_wconf 70' lang='grc' dir='ltr'>κακοπραγίας»</span> 
     </span>
    </p>
   </div>
   <div class='ocr_carea' id='block_1_47' title="bbox 554 2789 2164 2876">
    <p class='ocr_par' dir='ltr' id='par_1_47' title="bbox 554 2789 2126 2871">
     <span class='ocr_line' id='line_1_47' title="bbox 554 2789 2126 2871; baseline 0.008 -28"><span class='ocrx_word' id='word_1_330' title='bbox 554 2789 812 2845; x_wconf 76' lang='lat' dir='ltr'><strong>felicitate</strong></span> <span class='ocrx_word' id='word_1_331' title='bbox 836 2805 1117 2865; x_wconf 88' lang='lat' dir='ltr'><strong>concepta,</strong></span> <span class='ocrx_word' id='word_1_332' title='bbox 1144 2812 1250 2852; x_wconf 92' lang='lat' dir='ltr'><strong>non</strong></span> <span class='ocrx_word' id='word_1_333' title='bbox 1275 2816 1341 2853; x_wconf 82' lang='lat' dir='ltr'><strong>ex</strong></span> <span class='ocrx_word' id='word_1_334' title='bbox 1371 2800 1590 2870; x_wconf 80' lang='lat' dir='ltr'><strong>propria</strong></span> <span class='ocrx_word' id='word_1_335' title='bbox 1633 2801 1877 2871; x_wconf 85' lang='lat' dir='ltr'><strong>pendens</strong></span> <span class='ocrx_word' id='word_1_336' title='bbox 1906 2802 2126 2858; x_wconf 91' lang='lat' dir='ltr'><strong>virtute.</strong></span> 
     </span>
    </p>
   </div>
   <div class='ocr_carea' id='block_1_48' title="bbox 2170 2789 3780 2876">
    <p class='ocr_par' dir='ltr' id='par_1_48' title="bbox 2236 2796 3780 2876">
     <span class='ocr_line' id='line_1_48' title="bbox 2236 2796 3780 2876; baseline -0.006 -17"><span class='ocrx_word' id='word_1_337' title='bbox 2236 2805 2337 2859; x_wconf 86' lang='grc' dir='ltr'><strong>οὐκ</strong></span> <span class='ocrx_word' id='word_1_338' title='bbox 2384 2805 2443 2872; x_wconf 76' lang='grc' dir='ltr'><strong>ἐξ</strong></span> <span class='ocrx_word' id='word_1_339' title='bbox 2492 2805 2699 2868; x_wconf 76' lang='grc' dir='ltr'>οἰκείας</span> <span class='ocrx_word' id='word_1_340' title='bbox 2733 2804 2937 2876; x_wconf 74' lang='grc' dir='ltr'>ἀρετῆς</span> <span class='ocrx_word' id='word_1_341' title='bbox 2971 2804 3281 2875; x_wconf 78' lang='grc' dir='ltr'>ἠρτημένη.</span> <span class='ocrx_word' id='word_1_342' title='bbox 3322 2804 3388 2856; x_wconf 85' lang='grc' dir='ltr'><strong>Ἠ</strong></span> <span class='ocrx_word' id='word_1_343' title='bbox 3440 2800 3549 2872; x_wconf 85' lang='grc' dir='ltr'>γὰρ</span> <span class='ocrx_word' id='word_1_344' title='bbox 3586 2796 3780 2864; x_wconf 78' lang='grc' dir='ltr'>τοιαύτη</span> 
     </span>
    </p>
   </div>
   <div class='ocr_carea' id='block_1_49' title="bbox 553 2880 2163 2969">
    <p class='ocr_par' dir='ltr' id='par_1_49' title="bbox 553 2880 2128 2962">
     <span class='ocr_line' id='line_1_49' title="bbox 553 2880 2128 2962; baseline 0.008 -25"><span class='ocrx_word' id='word_1_345' title='bbox 553 2880 701 2937; x_wconf 78' lang='lat' dir='ltr'><strong>Talis</strong></span> <span class='ocrx_word' id='word_1_346' title='bbox 726 2885 875 2938; x_wconf 83' lang='lat' dir='ltr'><strong>enim</strong></span> <span class='ocrx_word' id='word_1_347' title='bbox 914 2883 1072 2941; x_wconf 84' lang='lat' dir='ltr'><strong>facile</strong></span> <span class='ocrx_word' id='word_1_348' title='bbox 1109 2899 1420 2945; x_wconf 76' lang='lat' dir='ltr'><strong>evanescat.</strong></span> <span class='ocrx_word' id='word_1_349' title='bbox 1458 2891 1530 2945; x_wconf 84' lang='lat' dir='ltr'><strong>At</strong></span> <span class='ocrx_word' id='word_1_350' title='bbox 1573 2892 1621 2948; x_wconf 90' lang='lat' dir='ltr'><strong>si</strong></span> <span class='ocrx_word' id='word_1_351' title='bbox 1647 2894 1771 2962; x_wconf 90' lang='lat' dir='ltr'><strong>quis</strong></span> <span class='ocrx_word' id='word_1_352' title='bbox 1802 2893 1946 2949; x_wconf 91' lang='lat' dir='ltr'><strong>domi</strong></span> <span class='ocrx_word' id='word_1_353' title='bbox 1976 2909 2128 2949; x_wconf 87' lang='lat' dir='ltr'><strong>secu-</strong></span> 
     </span>
    </p>
   </div>
   <div class='ocr_carea' id='block_1_50' title="bbox 2173 2880 3783 2969">
    <p class='ocr_par' dir='ltr' id='par_1_50' title="bbox 2237 2888 3783 2969">
     <span class='ocr_line' id='line_1_50' title="bbox 2237 2888 3783 2969; baseline -0.001 -18"><span class='ocrx_word' id='word_1_354' title='bbox 2237 2896 2439 2969; x_wconf 78' lang='grc' dir='ltr'>ρᾳδίως</span> <span class='ocrx_word' id='word_1_355' title='bbox 2491 2898 2793 2968; x_wconf 86' lang='grc' dir='ltr'>οἰχήσεται.</span> <span class='ocrx_word' id='word_1_356' title='bbox 2845 2896 2909 2950; x_wconf 80' lang='lat' dir='ltr'><strong>Ei</strong></span> <span class='ocrx_word' id='word_1_357' title='bbox 2960 2896 3018 2949; x_wconf 81' lang='grc' dir='ltr'>δέ</span> <span class='ocrx_word' id='word_1_358' title='bbox 3060 2913 3144 2959; x_wconf 85' lang='grc' dir='ltr'><strong>τις</strong></span> <span class='ocrx_word' id='word_1_359' title='bbox 3182 2893 3399 2948; x_wconf 80' lang='grc' dir='ltr'>οἴκοθεν</span> <span class='ocrx_word' id='word_1_360' title='bbox 3437 2892 3549 2964; x_wconf 75' lang='grc' dir='ltr'>ἔχοι</span> <span class='ocrx_word' id='word_1_361' title='bbox 3591 2888 3657 2945; x_wconf 79' lang='grc' dir='ltr'><strong>τά</strong></span> <span class='ocrx_word' id='word_1_362' title='bbox 3702 2888 3783 2957; x_wconf 74' lang='grc' dir='ltr'><strong>τῆς</strong></span> 
     </span>
    </p>
   </div>
   <div class='ocr_carea' id='block_1_51' title="bbox 553 2972 2163 3059">
    <p class='ocr_par' dir='ltr' id='par_1_51' title="bbox 553 2972 2129 3051">
     <span class='ocr_line' id='line_1_51' title="bbox 553 2972 2129 3051; baseline 0.006 -23"><span class='ocrx_word' id='word_1_363' title='bbox 553 2972 735 3028; x_wconf 85' lang='lat' dir='ltr'><strong>ritatis</strong></span> <span class='ocrx_word' id='word_1_364' title='bbox 769 2975 966 3030; x_wconf 83' lang='lat' dir='ltr'><strong>haheat</strong></span> <span class='ocrx_word' id='word_1_365' title='bbox 1007 2978 1254 3048; x_wconf 78' lang='lat' dir='ltr'><strong>pignora,</strong></span> <span class='ocrx_word' id='word_1_366' title='bbox 1295 2979 1730 3051; x_wconf 82' lang='lat' dir='ltr'><strong>inexpugnabilis</strong></span> <span class='ocrx_word' id='word_1_367' title='bbox 1757 2982 1846 3039; x_wconf 91' lang='lat' dir='ltr'><strong>hic</strong></span> <span class='ocrx_word' id='word_1_368' title='bbox 1869 2983 1995 3048; x_wconf 89' lang='lat' dir='ltr'><strong>erit,</strong></span> <span class='ocrx_word' id='word_1_369' title='bbox 2046 2983 2129 3038; x_wconf 88' lang='lat' dir='ltr'><strong>in—</strong></span> 
     </span>
    </p>
   </div>
   <div class='ocr_carea' id='block_1_52' title="bbox 2176 2972 3786 3059">
    <p class='ocr_par' dir='ltr' id='par_1_52' title="bbox 2176 2980 3786 3059">
     <span class='ocr_line' id='line_1_52' title="bbox 2176 2980 3786 3059; baseline -0.006 -18"><span class='ocrx_word' id='word_1_370' title='bbox 2176 3048 2201 3059; x_wconf 90' lang='lat'><em>_</em></span> <span class='ocrx_word' id='word_1_371' title='bbox 2233 2987 2536 3057; x_wconf 83' lang='grc' dir='ltr'>ἀσφαλείας</span> <span class='ocrx_word' id='word_1_372' title='bbox 2577 2988 2833 3059; x_wconf 79' lang='grc' dir='ltr'>ἐνέχυρα,</span> <span class='ocrx_word' id='word_1_373' title='bbox 2868 2987 3147 3051; x_wconf 81' lang='grc' dir='ltr'>ἀνάλωτος</span> <span class='ocrx_word' id='word_1_374' title='bbox 3197 2985 3381 3052; x_wconf 74' lang='grc' dir='ltr'>ἔσται,</span> <span class='ocrx_word' id='word_1_375' title='bbox 3418 2984 3513 3039; x_wconf 83' lang='grc' dir='ltr'>καὶ</span> <span class='ocrx_word' id='word_1_376' title='bbox 3543 2981 3645 3037; x_wconf 84' lang='grc' dir='ltr'><strong>τῶν</strong></span> <span class='ocrx_word' id='word_1_377' title='bbox 3677 2980 3786 3033; x_wconf 72' lang='grc' dir='ltr'>ἐπι·-</span> 
     </span>
    </p>
   </div>
   <div class='ocr_carea' id='block_1_53' title="bbox 554 3048 2164 3151">
    <p class='ocr_par' dir='ltr' id='par_1_53' title="bbox 554 3048 2164 3135">
     <span class='ocr_line' id='line_1_53' title="bbox 554 3048 2164 3135; baseline 0.009 -18"><span class='ocrx_word' id='word_1_378' title='bbox 554 3061 882 3132; x_wconf 83' lang='lat' dir='ltr'><strong>sidiosisque</strong></span> <span class='ocrx_word' id='word_1_379' title='bbox 902 3066 1147 3135; x_wconf 82' lang='lat' dir='ltr'><strong>superior</strong></span> <span class='ocrx_word' id='word_1_380' title='bbox 1170 3048 1561 3126; x_wconf 39' lang='lat' dir='ltr'><strong>molitionibu‘s.</strong></span> <span class='ocrx_word' id='word_1_381' title='bbox 2158 3059 2164 3096; x_wconf 80' lang='grc'><em>⁴</em></span> 
     </span>
    </p>
   </div>
   <div class='ocr_carea' id='block_1_54' title="bbox 1848 3048 3458 3151">
    <p class='ocr_par' dir='ltr' id='par_1_54' title="bbox 2158 3048 3458 3151">
     <span class='ocr_line' id='line_1_54' title="bbox 2158 3048 3458 3151; baseline 0.002 -19"><span class='ocrx_word' id='word_1_382' title='bbox 2158 3048 2201 3105; x_wconf 77' lang='lat' dir='ltr'><strong><em>C</em></strong></span> <span class='ocrx_word' id='word_1_383' title='bbox 2237 3048 2603 3135; x_wconf 74' lang='grc' dir='ltr'>ϐουλευόντων</span> <span class='ocrx_word' id='word_1_384' title='bbox 2633 3048 2921 3151; x_wconf 63' lang='grc' dir='ltr'>κρείττων.</span> <span class='ocrx_word' id='word_1_385' title='bbox 3127 3048 3139 3051; x_wconf 25' lang='grc' dir='ltr'>ν</span> <span class='ocrx_word' id='word_1_386' title='bbox 3366 3048 3375 3052; x_wconf 35' lang='grc'><strong>-</strong></span> <span class='ocrx_word' id='word_1_387' title='bbox 3456 3080 3458 3082; x_wconf 71' lang='grc'><em>’</em></span> 
     </span>
    </p>
   </div>
   <div class='ocr_carea' id='block_1_55' title="bbox 1070 3176 2680 3259">
    <p class='ocr_par' dir='ltr' id='par_1_55' title="bbox 1070 3176 1613 3239">
     <span class='ocr_line' id='line_1_55' title="bbox 1070 3176 1613 3239; baseline 0.011 -6"><span class='ocrx_word' id='word_1_388' title='bbox 1070 3176 1235 3235; x_wconf 78' lang='lat' dir='ltr'><strong>LXX.</strong></span> <span class='ocrx_word' id='word_1_389' title='bbox 1272 3209 1344 3222; x_wconf 91' lang='lat'><em>—</em></span> <span class='ocrx_word' id='word_1_390' title='bbox 1378 3180 1613 3239; x_wconf 70' lang='lat' dir='ltr'><strong>EIDEM.</strong></span> 
     </span>
    </p>
   </div>
   <div class='ocr_carea' id='block_1_56' title="bbox 1697 3176 3307 3259">
    <p class='ocr_par' dir='ltr' id='par_1_56' title="bbox 2763 3186 3307 3259">
     <span class='ocr_line' id='line_1_56' title="bbox 2763 3186 3307 3259; baseline -0.006 -17"><span class='ocrx_word' id='word_1_391' title='bbox 2763 3192 2840 3242; x_wconf 75' lang='grc' dir='ltr'><strong>ιγ.</strong></span> <span class='ocrx_word' id='word_1_392' title='bbox 2879 3219 2951 3233; x_wconf 92' lang='grc'><strong>--</strong></span> <span class='ocrx_word' id='word_1_393' title='bbox 2978 3188 3065 3259; x_wconf 84' lang='grc' dir='ltr'><strong>Τῼ</strong></span> <span class='ocrx_word' id='word_1_394' title='bbox 3096 3186 3307 3257; x_wconf 64' lang='lat' dir='ltr'><strong>arm.</strong></span> 
     </span>
    </p>
   </div>
   <div class='ocr_carea' id='block_1_57' title="bbox 1617 3296 2749 3371">
    <p class='ocr_par' dir='ltr' id='par_1_57' title="bbox 1617 3296 2749 3371">
     <span class='ocr_line' id='line_1_57' title="bbox 1617 3296 2749 3371; baseline 0.004 -19"><span class='ocrx_word' id='word_1_395' title='bbox 1617 3296 1772 3353; x_wconf 73' lang='lat' dir='ltr'><strong>Sorte</strong></span> <span class='ocrx_word' id='word_1_396' title='bbox 1799 3315 1902 3353; x_wconf 77' lang='lat' dir='ltr'><strong>sua</strong></span> <span class='ocrx_word' id='word_1_397' title='bbox 1928 3300 2141 3370; x_wconf 75' lang='lat' dir='ltr'><strong>ﬁrmum</strong></span> <span class='ocrx_word' id='word_1_398' title='bbox 2166 3301 2353 3357; x_wconf 63' lang='lat' dir='ltr'><strong>(radere</strong></span> <span class='ocrx_word' id='word_1_399' title='bbox 2384 3319 2531 3356; x_wconf 86' lang='lat' dir='ltr'><strong>nemo</strong></span> <span class='ocrx_word' id='word_1_400' title='bbox 2560 3311 2749 3371; x_wconf 73' lang='lat' dir='ltr'><strong>potest.</strong></span> 
     </span>
    </p>
   </div>
   <div class='ocr_carea' id='block_1_58' title="bbox 624 3400 2234 3486">
    <p class='ocr_par' dir='ltr' id='par_1_58' title="bbox 624 3406 2127 3485">
     <span class='ocr_line' id='line_1_58' title="bbox 624 3406 2127 3485; baseline 0.008 -26"><span class='ocrx_word' id='word_1_401' title='bbox 624 3406 743 3460; x_wconf 83' lang='lat' dir='ltr'><strong>Non</strong></span> <span class='ocrx_word' id='word_1_402' title='bbox 769 3408 871 3463; x_wconf 83' lang='lat' dir='ltr'><strong>hoc</strong></span> <span class='ocrx_word' id='word_1_403' title='bbox 897 3423 1014 3479; x_wconf 85' lang='lat' dir='ltr'><strong>age,</strong></span> <span class='ocrx_word' id='word_1_404' title='bbox 1062 3424 1130 3465; x_wconf 91' lang='lat' dir='ltr'><strong>ne</strong></span> <span class='ocrx_word' id='word_1_405' title='bbox 1156 3411 1278 3480; x_wconf 88' lang='lat' dir='ltr'><strong>quis</strong></span> <span class='ocrx_word' id='word_1_406' title='bbox 1303 3420 1356 3466; x_wconf 93' lang='lat' dir='ltr'><strong>te</strong></span> <span class='ocrx_word' id='word_1_407' title='bbox 1402 3412 1600 3485; x_wconf 83' lang='lat' dir='ltr'><strong>injuria</strong></span> <span class='ocrx_word' id='word_1_408' title='bbox 1636 3413 1873 3483; x_wconf 79' lang='lat' dir='ltr'><strong>alliciat,</strong></span> <span class='ocrx_word' id='word_1_409' title='bbox 1917 3415 2013 3471; x_wconf 87' lang='lat' dir='ltr'><strong>sed</strong></span> <span class='ocrx_word' id='word_1_410' title='bbox 2059 3431 2127 3471; x_wconf 91' lang='lat' dir='ltr'><strong>ne</strong></span> 
     </span>
    </p>
   </div>
   <div class='ocr_carea' id='block_1_59' title="bbox 2186 3400 3796 3486">
    <p class='ocr_par' dir='ltr' id='par_1_59' title="bbox 2301 3400 3796 3486">
     <span class='ocr_line' id='line_1_59' title="bbox 2301 3400 3796 3486; baseline -0.009 -16"><span class='ocrx_word' id='word_1_411' title='bbox 2301 3417 2393 3486; x_wconf 82' lang='grc' dir='ltr'><strong>Μὴ</strong></span> <span class='ocrx_word' id='word_1_412' title='bbox 2433 3415 2579 3470; x_wconf 80' lang='grc' dir='ltr'>τοῦτ’</span> <span class='ocrx_word' id='word_1_413' title='bbox 2612 3415 2809 3483; x_wconf 74' lang='grc' dir='ltr'>ἐννόει,</span> <span class='ocrx_word' id='word_1_414' title='bbox 2858 3415 3006 3476; x_wconf 79' lang='grc' dir='ltr'>ὅπως</span> <span class='ocrx_word' id='word_1_415' title='bbox 3052 3412 3246 3483; x_wconf 87' lang='grc' dir='ltr'>μηδείς</span> <span class='ocrx_word' id='word_1_416' title='bbox 3276 3429 3337 3466; x_wconf 87' lang='grc' dir='ltr'><strong>σε</strong></span> <span class='ocrx_word' id='word_1_417' title='bbox 3397 3409 3645 3480; x_wconf 77' lang='grc' dir='ltr'>ἀδικήσῃ,</span> <span class='ocrx_word' id='word_1_418' title='bbox 3687 3400 3796 3456; x_wconf 82' lang='grc' dir='ltr'>ἀλλ’</span> 
     </span>
    </p>
   </div>
   <div class='ocr_carea' id='block_1_60' title="bbox 553 3492 2163 3577">
    <p class='ocr_par' dir='ltr' id='par_1_60' title="bbox 553 3494 2128 3568">
     <span class='ocr_line' id='line_1_60' title="bbox 553 3494 2128 3568; baseline 0.007 -17"><span class='ocrx_word' id='word_1_419' title='bbox 553 3494 769 3551; x_wconf 69' lang='lat' dir='ltr'><strong>allicere</strong></span> <span class='ocrx_word' id='word_1_420' title='bbox 827 3500 1030 3568; x_wconf 88' lang='lat' dir='ltr'><strong>possit,</strong></span> <span class='ocrx_word' id='word_1_421' title='bbox 1094 3510 1155 3555; x_wconf 95' lang='lat' dir='ltr'><strong>ut</strong></span> <span class='ocrx_word' id='word_1_422' title='bbox 1200 3504 1436 3559; x_wconf 80' lang='lat' dir='ltr'><strong>maxime</strong></span> <span class='ocrx_word' id='word_1_423' title='bbox 1513 3505 1666 3560; x_wconf 89' lang='lat' dir='ltr'><strong>velit.</strong></span> <span class='ocrx_word' id='word_1_424' title='bbox 1721 3507 1780 3560; x_wconf 86' lang='lat' dir='ltr'><strong>Id</strong></span> <span class='ocrx_word' id='word_1_425' title='bbox 1827 3508 1974 3563; x_wconf 90' lang='lat' dir='ltr'><strong>enim</strong></span> <span class='ocrx_word' id='word_1_426' title='bbox 2020 3523 2128 3562; x_wconf 90' lang='lat' dir='ltr'><strong>non</strong></span> 
     </span>
    </p>
   </div>
   <div class='ocr_carea' id='block_1_61' title="bbox 2178 3492 3788 3577">
    <p class='ocr_par' dir='ltr' id='par_1_61' title="bbox 2230 3492 3788 3577">
     <span class='ocr_line' id='line_1_61' title="bbox 2230 3492 3788 3577; baseline -0.007 -17"><span class='ocrx_word' id='word_1_427' title='bbox 2230 3508 2379 3570; x_wconf 76' lang='grc' dir='ltr'>ὅπως</span> <span class='ocrx_word' id='word_1_428' title='bbox 2408 3504 2513 3559; x_wconf 82' lang='grc' dir='ltr'>κᾶν</span> <span class='ocrx_word' id='word_1_429' title='bbox 2546 3505 2824 3577; x_wconf 84' lang='grc' dir='ltr'>βούληται,</span> <span class='ocrx_word' id='word_1_430' title='bbox 2862 3505 2936 3576; x_wconf 81' lang='grc' dir='ltr'>μὴ</span> <span class='ocrx_word' id='word_1_431' title='bbox 2959 3504 3203 3575; x_wconf 76' lang='grc' dir='ltr'>δύνηται·</span> <span class='ocrx_word' id='word_1_432' title='bbox 3240 3500 3406 3556; x_wconf 83' lang='grc' dir='ltr'>τοῦτο</span> <span class='ocrx_word' id='word_1_433' title='bbox 3439 3501 3495 3554; x_wconf 71' lang='grc' dir='ltr'>δὲ</span> <span class='ocrx_word' id='word_1_434' title='bbox 3519 3492 3788 3567; x_wconf 80' lang='grc' dir='ltr'>οὐδαμόθεν</span> 
     </span>
    </p>
   </div>
   <div class='ocr_carea' id='block_1_62' title="bbox 552 3583 2162 3675">
    <p class='ocr_par' dir='ltr' id='par_1_62' title="bbox 552 3587 2127 3663">
     <span class='ocr_line' id='line_1_62' title="bbox 552 3587 2127 3663; baseline 0.008 -24"><span class='ocrx_word' id='word_1_435' title='bbox 552 3587 736 3640; x_wconf 84' lang='lat' dir='ltr'><strong>evenit</strong></span> <span class='ocrx_word' id='word_1_436' title='bbox 781 3587 1019 3653; x_wconf 90' lang='lat' dir='ltr'><strong>aliunde,</strong></span> <span class='ocrx_word' id='word_1_437' title='bbox 1058 3605 1218 3658; x_wconf 89' lang='lat' dir='ltr'><strong>quam</strong></span> <span class='ocrx_word' id='word_1_438' title='bbox 1261 3594 1581 3649; x_wconf 82' lang='lat' dir='ltr'><strong>necessariis</strong></span> <span class='ocrx_word' id='word_1_439' title='bbox 1627 3611 1749 3650; x_wconf 87' lang='lat' dir='ltr'><strong>esse</strong></span> <span class='ocrx_word' id='word_1_440' title='bbox 1790 3606 2127 3663; x_wconf 86' lang='lat' dir='ltr'><strong>contentum,</strong></span> 
     </span>
    </p>
   </div>
   <div class='ocr_carea' id='block_1_63' title="bbox 2176 3583 3786 3675">
    <p class='ocr_par' dir='ltr' id='par_1_63' title="bbox 2231 3583 3786 3675">
     <span class='ocr_line' id='line_1_63' title="bbox 2231 3583 3786 3675; baseline -0.003 -26"><span class='ocrx_word' id='word_1_441' title='bbox 2231 3596 2501 3668; x_wconf 76' lang='grc' dir='ltr'>ἑτέρωθεν</span> <span class='ocrx_word' id='word_1_442' title='bbox 2530 3596 2797 3659; x_wconf 80' lang='grc' dir='ltr'>τίκτεται,</span> <span class='ocrx_word' id='word_1_443' title='bbox 2850 3595 2983 3665; x_wconf 77' lang='grc' dir='ltr'><strong>ἢὲκ</strong></span> <span class='ocrx_word' id='word_1_444' title='bbox 3028 3593 3123 3647; x_wconf 84' lang='grc' dir='ltr'>τοῦ</span> <span class='ocrx_word' id='word_1_445' title='bbox 3183 3595 3286 3664; x_wconf 77' lang='grc' dir='ltr'>τῆς</span> <span class='ocrx_word' id='word_1_446' title='bbox 3327 3590 3520 3675; x_wconf 83' lang='grc' dir='ltr'>χρείας</span> <span class='ocrx_word' id='word_1_447' title='bbox 3574 3583 3786 3675; x_wconf 46' lang='grc' dir='ltr'>ἔχεσθαι.</span> 
     </span>
    </p>
   </div>
   <div class='ocr_carea' id='block_1_64' title="bbox 553 3671 2163 3759">
    <p class='ocr_par' dir='ltr' id='par_1_64' title="bbox 553 3674 2133 3755">
     <span class='ocr_line' id='line_1_64' title="bbox 553 3674 2133 3755; baseline 0.009 -27"><span class='ocrx_word' id='word_1_448' title='bbox 553 3674 638 3729; x_wconf 89' lang='lat' dir='ltr'><strong>vel</strong></span> <span class='ocrx_word' id='word_1_449' title='bbox 677 3676 1005 3746; x_wconf 84' lang='lat' dir='ltr'><strong>nilamplius</strong></span> <span class='ocrx_word' id='word_1_450' title='bbox 1030 3690 1304 3748; x_wconf 86' lang='lat' dir='ltr'><strong>appetere.</strong></span> <span class='ocrx_word' id='word_1_451' title='bbox 1341 3682 1444 3750; x_wconf 82' lang='lat' dir='ltr'><strong>Qui</strong></span> <span class='ocrx_word' id='word_1_452' title='bbox 1477 3687 1623 3740; x_wconf 92' lang='lat' dir='ltr'><strong>enim</strong></span> <span class='ocrx_word' id='word_1_453' title='bbox 1666 3686 2133 3755; x_wconf 86' lang='lat' dir='ltr'><strong>plnribusinhiat,</strong></span> 
     </span>
    </p>
   </div>
   <div class='ocr_carea' id='block_1_65' title="bbox 2178 3671 3788 3759">
    <p class='ocr_par' dir='ltr' id='par_1_65' title="bbox 2233 3671 3788 3759">
     <span class='ocr_line' id='line_1_65' title="bbox 2233 3671 3788 3759; baseline -0.01 -18"><span class='ocrx_word' id='word_1_454' title='bbox 2233 3689 2330 3741; x_wconf 76' lang='grc' dir='ltr'>καὶ</span> <span class='ocrx_word' id='word_1_455' title='bbox 2366 3688 2440 3759; x_wconf 84' lang='grc' dir='ltr'>μὴ</span> <span class='ocrx_word' id='word_1_456' title='bbox 2473 3687 2735 3740; x_wconf 86' lang='grc' dir='ltr'>πλειόνων</span> <span class='ocrx_word' id='word_1_457' title='bbox 2767 3683 3085 3754; x_wconf 76' lang='grc' dir='ltr'>ὀρέγεσθαι..</span> <span class='ocrx_word' id='word_1_458' title='bbox 3122 3683 3182 3736; x_wconf 83' lang='lat'><strong>&#39;0</strong></span> <span class='ocrx_word' id='word_1_459' title='bbox 3222 3671 3341 3753; x_wconf 84' lang='grc' dir='ltr'><strong>γὰρ</strong></span> <span class='ocrx_word' id='word_1_460' title='bbox 3371 3681 3631 3735; x_wconf 86' lang='grc' dir='ltr'>πλειόνων</span> <span class='ocrx_word' id='word_1_461' title='bbox 3660 3671 3788 3743; x_wconf 76' lang='grc' dir='ltr'><strong>ἐφιέ-</strong></span> 
     </span>
    </p>
   </div>
   <div class='ocr_carea' id='block_1_66' title="bbox 554 3761 2164 3849">
    <p class='ocr_par' dir='ltr' id='par_1_66' title="bbox 554 3767 2127 3844">
     <span class='ocr_line' id='line_1_66' title="bbox 554 3767 2127 3844; baseline 0.009 -23"><span class='ocrx_word' id='word_1_462' title='bbox 554 3767 622 3822; x_wconf 89' lang='lat' dir='ltr'><strong>ab</strong></span> <span class='ocrx_word' id='word_1_463' title='bbox 643 3770 895 3824; x_wconf 80' lang='lat' dir='ltr'><strong>omnibus</strong></span> <span class='ocrx_word' id='word_1_464' title='bbox 921 3772 1042 3839; x_wconf 90' lang='lat' dir='ltr'><strong>capi</strong></span> <span class='ocrx_word' id='word_1_465' title='bbox 1088 3771 1245 3827; x_wconf 83' lang='lat' dir='ltr'><strong>facile</strong></span> <span class='ocrx_word' id='word_1_466' title='bbox 1290 3785 1492 3844; x_wconf 87' lang='lat' dir='ltr'><strong>potest,</strong></span> <span class='ocrx_word' id='word_1_467' title='bbox 1516 3792 1638 3830; x_wconf 88' lang='lat' dir='ltr'><strong>eunt</strong></span> <span class='ocrx_word' id='word_1_468' title='bbox 1680 3780 1748 3833; x_wconf 88' lang='lat' dir='ltr'><strong>ah</strong></span> <span class='ocrx_word' id='word_1_469' title='bbox 1791 3778 2127 3844; x_wconf 87' lang='lat' dir='ltr'><strong>hominibus,</strong></span> 
     </span>
    </p>
   </div>
   <div class='ocr_carea' id='block_1_67' title="bbox 2184 3761 3794 3849">
    <p class='ocr_par' dir='ltr' id='par_1_67' title="bbox 2237 3761 3794 3849">
     <span class='ocr_line' id='line_1_67' title="bbox 2237 3761 3794 3849; baseline -0.01 -17"><span class='ocrx_word' id='word_1_470' title='bbox 2237 3796 2418 3849; x_wconf 87' lang='grc' dir='ltr'>μενος,</span> <span class='ocrx_word' id='word_1_471' title='bbox 2453 3781 2620 3834; x_wconf 83' lang='grc' dir='ltr'>πᾶσιν</span> <span class='ocrx_word' id='word_1_472' title='bbox 2645 3776 2914 3841; x_wconf 76' lang='grc' dir='ltr'>εὐάλωτός</span> <span class='ocrx_word' id='word_1_473' title='bbox 2937 3778 3075 3841; x_wconf 72' lang='grc' dir='ltr'>ἐστι,</span> <span class='ocrx_word' id='word_1_474' title='bbox 3109 3774 3203 3829; x_wconf 80' lang='grc' dir='ltr'>καὶ</span> <span class='ocrx_word' id='word_1_475' title='bbox 3230 3771 3547 3846; x_wconf 81' lang='grc' dir='ltr'>ἀνθρώποις</span> <span class='ocrx_word' id='word_1_476' title='bbox 3589 3767 3677 3823; x_wconf 67' lang='grc' dir='ltr'><strong>καὶΙ</strong></span> <span class='ocrx_word' id='word_1_477' title='bbox 3707 3761 3794 3816; x_wconf 79' lang='grc' dir='ltr'>πά-</span> 
     </span>
    </p>
   </div>
   <div class='ocr_carea' id='block_1_68' title="bbox 558 3859 2168 3929">
    <p class='ocr_par' dir='ltr' id='par_1_68' title="bbox 558 3859 1791 3929">
     <span class='ocr_line' id='line_1_68' title="bbox 558 3859 1791 3929; baseline 0.007 -19"><span class='ocrx_word' id='word_1_478' title='bbox 558 3867 666 3913; x_wconf 90' lang='lat' dir='ltr'><strong>lum</strong></span> <span class='ocrx_word' id='word_1_479' title='bbox 705 3859 868 3912; x_wconf 85' lang='lat' dir='ltr'><strong>animi</strong></span> <span class='ocrx_word' id='word_1_480' title='bbox 907 3860 1303 3915; x_wconf 71' lang='lat' dir='ltr'><strong>affectionibus.</strong></span> <span class='ocrx_word' id='word_1_481' title='bbox 1776 3923 1791 3929; x_wconf 96' lang='lat'><em>_</em></span> 
     </span>
    </p>
   </div>
   <div class='ocr_carea' id='block_1_69' title="bbox 791 3859 2401 3929">
    <p class='ocr_par' dir='ltr' id='par_1_69' title="bbox 800 3860 2401 3929">
     <span class='ocr_line' id='line_1_69' title="bbox 800 3860 2401 3929; baseline 0.009 -19"><span class='ocrx_word' id='word_1_482' title='bbox 800 3860 868 3912; x_wconf 85' lang='lat' dir='ltr'><strong>mi</strong></span> <span class='ocrx_word' id='word_1_483' title='bbox 907 3860 1303 3915; x_wconf 71' lang='lat' dir='ltr'><strong>affectionibus.</strong></span> <span class='ocrx_word' id='word_1_484' title='bbox 1776 3923 1791 3929; x_wconf 96' lang='lat'><em>_</em></span> <span class='ocrx_word' id='word_1_485' title='bbox 2234 3871 2401 3929; x_wconf 75' lang='grc' dir='ltr'>θεσιν.</span> 
     </span>
    </p>
   </div>
   <div class='ocr_carea' id='block_1_70' title="bbox 783 3968 2393 4055">
    <p class='ocr_par' dir='ltr' id='par_1_70' title="bbox 783 3968 1919 4037">
     <span class='ocr_line' id='line_1_70' title="bbox 783 3968 1919 4037; baseline 0.012 -15"><span class='ocrx_word' id='word_1_486' title='bbox 783 3968 963 4023; x_wconf 74' lang='lat' dir='ltr'><strong>LXXI.</strong></span> <span class='ocrx_word' id='word_1_487' title='bbox 1004 4003 1071 4013; x_wconf 90' lang='lat'><strong>—-</strong></span> <span class='ocrx_word' id='word_1_488' title='bbox 1120 3972 1394 4030; x_wconf 78' lang='lat' dir='ltr'><strong>lSlDORO</strong></span> <span class='ocrx_word' id='word_1_489' title='bbox 1433 3976 1919 4037; x_wconf 81' lang='lat' dir='ltr'><strong>PRESBYTERO.</strong></span> 
     </span>
    </p>
   </div>
   <div class='ocr_carea' id='block_1_71' title="bbox 1950 3968 3560 4055">
    <p class='ocr_par' dir='ltr' id='par_1_71' title="bbox 2518 3979 3560 4055">
     <span class='ocr_line' id='line_1_71' title="bbox 2518 3979 3560 4055; baseline -0.004 -18"><span class='ocrx_word' id='word_1_490' title='bbox 2518 3982 2639 4038; x_wconf 81' lang='lat' dir='ltr'><strong>OA&#39;.</strong></span> <span class='ocrx_word' id='word_1_491' title='bbox 2683 4013 2750 4023; x_wconf 92' lang='lat'><strong>—-</strong></span> <span class='ocrx_word' id='word_1_492' title='bbox 2785 3983 3049 4055; x_wconf 81' lang='grc' dir='ltr'><strong>ΙΣΙΔΩΡῼ</strong></span> <span class='ocrx_word' id='word_1_493' title='bbox 3084 3979 3560 4050; x_wconf 81' lang='grc' dir='ltr'><strong>ΠΡΕΣΒΥΤΕΡῼ.</strong></span> 
     </span>
    </p>
   </div>
   <div class='ocr_carea' id='block_1_72' title="bbox 1210 4087 3170 4165">
    <p class='ocr_par' dir='ltr' id='par_1_72' title="bbox 1210 4087 3170 4165">
     <span class='ocr_line' id='line_1_72' title="bbox 1210 4087 3170 4165; baseline 0.004 -23"><span class='ocrx_word' id='word_1_494' title='bbox 1210 4087 1333 4142; x_wconf 81' lang='lat' dir='ltr'><strong>Jobi</strong></span> <span class='ocrx_word' id='word_1_495' title='bbox 1364 4090 1418 4144; x_wconf 81' lang='lat' dir='ltr'><strong>in</strong></span> <span class='ocrx_word' id='word_1_496' title='bbox 1449 4091 1749 4148; x_wconf 79' lang='lat' dir='ltr'><strong>calamitate</strong></span> <span class='ocrx_word' id='word_1_497' title='bbox 1770 4095 2027 4164; x_wconf 81' lang='lat' dir='ltr'><strong>patientia</strong></span> <span class='ocrx_word' id='word_1_498' title='bbox 2048 4092 2350 4162; x_wconf 75' lang='lat' dir='ltr'><strong>sapientem</strong></span> <span class='ocrx_word' id='word_1_499' title='bbox 2383 4112 2586 4151; x_wconf 82' lang='lat' dir='ltr'><strong>onmem</strong></span> <span class='ocrx_word' id='word_1_500' title='bbox 2616 4096 2847 4165; x_wconf 66' lang='lat' dir='ltr'><strong>perferre</strong></span> <span class='ocrx_word' id='word_1_501' title='bbox 2878 4095 3170 4164; x_wconf 78' lang='lat' dir='ltr'><strong>fortunam.</strong></span> 
     </span>
    </p>
   </div>
   <div class='ocr_carea' id='block_1_73' title="bbox 628 4212 2238 4299">
    <p class='ocr_par' dir='ltr' id='par_1_73' title="bbox 628 4212 2205 4299">
     <span class='ocr_line' id='line_1_73' title="bbox 628 4212 2205 4299; baseline 0.01 -29"><span class='ocrx_word' id='word_1_502' title='bbox 628 4212 745 4271; x_wconf 83' lang='lat' dir='ltr'><strong>Viri</strong></span> <span class='ocrx_word' id='word_1_503' title='bbox 790 4219 1250 4287; x_wconf 70' lang='lat' dir='ltr'><strong>praestantissimi,</strong></span> <span class='ocrx_word' id='word_1_504' title='bbox 1277 4236 1460 4281; x_wconf 84' lang='lat' dir='ltr'><strong>tuente</strong></span> <span class='ocrx_word' id='word_1_505' title='bbox 1501 4241 1637 4296; x_wconf 87' lang='lat' dir='ltr'><strong>pura</strong></span> <span class='ocrx_word' id='word_1_506' title='bbox 1675 4239 1840 4297; x_wconf 89' lang='lat' dir='ltr'><strong>atque</strong></span> <span class='ocrx_word' id='word_1_507' title='bbox 1859 4228 2128 4284; x_wconf 87' lang='lat' dir='ltr'><strong>constanti</strong></span> <span class='ocrx_word' id='word_1_508' title='bbox 2163 4284 2205 4299; x_wconf 47' lang='grc' dir='ltr'>ἢ</span> 
     </span>
    </p>
   </div>
   <div class='ocr_carea' id='block_1_74' title="bbox 2183 4212 3793 4299">
    <p class='ocr_par' dir='ltr' id='par_1_74' title="bbox 2183 4212 3793 4299">
     <span class='ocr_line' id='line_1_74' title="bbox 2183 4212 3793 4299; baseline -0.014 -13"><span class='ocrx_word' id='word_1_509' title='bbox 2183 4284 2205 4299; x_wconf 37' lang='grc' dir='ltr'>κ</span> <span class='ocrx_word' id='word_1_510' title='bbox 2311 4231 2375 4283; x_wconf 86' lang='grc' dir='ltr'><strong>Οἱ</strong></span> <span class='ocrx_word' id='word_1_511' title='bbox 2397 4227 2505 4282; x_wconf 87' lang='grc' dir='ltr'><strong>τῶν</strong></span> <span class='ocrx_word' id='word_1_512' title='bbox 2534 4227 2744 4299; x_wconf 86' lang='grc' dir='ltr'>ἀνδρῶν</span> <span class='ocrx_word' id='word_1_513' title='bbox 2778 4227 3016 4298; x_wconf 76' lang='grc' dir='ltr'>ἄριστοι,</span> <span class='ocrx_word' id='word_1_514' title='bbox 3041 4225 3137 4280; x_wconf 83' lang='grc' dir='ltr'>ἆτε</span> <span class='ocrx_word' id='word_1_515' title='bbox 3165 4224 3243 4295; x_wconf 82' lang='grc' dir='ltr'>νῷ</span> <span class='ocrx_word' id='word_1_516' title='bbox 3270 4222 3506 4295; x_wconf 86' lang='grc' dir='ltr'>καθαρῷ</span> <span class='ocrx_word' id='word_1_517' title='bbox 3528 4220 3620 4275; x_wconf 72' lang='grc' dir='ltr'>καὶ</span> <span class='ocrx_word' id='word_1_518' title='bbox 3648 4212 3793 4284; x_wconf 84' lang='grc' dir='ltr'>ὑγιαί-</span> 
     </span>
    </p>
   </div>
   <div class='ocr_carea' id='block_1_75' title="bbox 556 4308 2166 4390">
    <p class='ocr_par' dir='ltr' id='par_1_75' title="bbox 556 4309 2166 4389">
     <span class='ocr_line' id='line_1_75' title="bbox 556 4309 2166 4389; baseline 0.009 -29"><span class='ocrx_word' id='word_1_519' title='bbox 556 4316 828 4379; x_wconf 65' lang='lat' dir='ltr'><strong>naturam,</strong></span> <span class='ocrx_word' id='word_1_520' title='bbox 853 4309 1029 4379; x_wconf 87' lang='lat' dir='ltr'><strong>quoad</strong></span> <span class='ocrx_word' id='word_1_521' title='bbox 1071 4310 1186 4378; x_wconf 77' lang='lat' dir='ltr'><strong>ejus</strong></span> <span class='ocrx_word' id='word_1_522' title='bbox 1227 4314 1344 4369; x_wconf 80' lang='lat' dir='ltr'><strong>fieri</strong></span> <span class='ocrx_word' id='word_1_523' title='bbox 1394 4326 1590 4384; x_wconf 90' lang='lat' dir='ltr'><strong>potest,</strong></span> <span class='ocrx_word' id='word_1_524' title='bbox 1614 4318 1983 4389; x_wconf 86' lang='lat' dir='ltr'><strong>contemplati,</strong></span> <span class='ocrx_word' id='word_1_525' title='bbox 2015 4334 2131 4373; x_wconf 88' lang='lat' dir='ltr'><strong>mo-</strong></span> <span class='ocrx_word' id='word_1_526' title='bbox 2165 4332 2166 4337; x_wconf 81' lang='lat'>‘</span> 
     </span>
    </p>
   </div>
   <div class='ocr_carea' id='block_1_76' title="bbox 2181 4308 3791 4390">
    <p class='ocr_par' dir='ltr' id='par_1_76' title="bbox 2181 4308 3791 4390">
     <span class='ocr_line' id='line_1_76' title="bbox 2181 4308 3791 4390; baseline -0.009 -14"><span class='ocrx_word' id='word_1_527' title='bbox 2181 4308 2209 4339; x_wconf 57' lang='grc' dir='ltr'><em>ν</em></span> <span class='ocrx_word' id='word_1_528' title='bbox 2239 4321 2505 4390; x_wconf 73' lang='grc' dir='ltr'>νοντιτὴν</span> <span class='ocrx_word' id='word_1_529' title='bbox 2524 4319 2633 4373; x_wconf 86' lang='grc' dir='ltr'><strong>τῶν</strong></span> <span class='ocrx_word' id='word_1_530' title='bbox 2658 4319 3025 4390; x_wconf 82' lang='grc' dir='ltr'>πραγμάτων,</span> <span class='ocrx_word' id='word_1_531' title='bbox 3048 4316 3123 4381; x_wconf 85' lang='grc' dir='ltr'><strong>ὡς</strong></span> <span class='ocrx_word' id='word_1_532' title='bbox 3155 4316 3238 4370; x_wconf 77' lang='grc' dir='ltr'>ἔνι</span> <span class='ocrx_word' id='word_1_533' title='bbox 3266 4315 3530 4387; x_wconf 84' lang='grc' dir='ltr'>μάλιστα,</span> <span class='ocrx_word' id='word_1_534' title='bbox 3558 4308 3791 4377; x_wconf 81' lang='grc' dir='ltr'>θεώμενοι</span> 
     </span>
    </p>
   </div>
   <div class='ocr_carea' id='block_1_77' title="bbox 556 4394 2166 4484">
    <p class='ocr_par' dir='ltr' id='par_1_77' title="bbox 556 4400 2129 4466">
     <span class='ocr_line' id='line_1_77' title="bbox 556 4400 2129 4466; baseline 0.006 -13"><span class='ocrx_word' id='word_1_535' title='bbox 556 4400 744 4454; x_wconf 73' lang='lat' dir='ltr'><strong>derata</strong></span> <span class='ocrx_word' id='word_1_536' title='bbox 781 4414 970 4456; x_wconf 88' lang='lat' dir='ltr'><strong>omnes</strong></span> <span class='ocrx_word' id='word_1_537' title='bbox 1010 4402 1193 4458; x_wconf 90' lang='lat' dir='ltr'><strong>ferunt</strong></span> <span class='ocrx_word' id='word_1_538' title='bbox 1218 4420 1396 4460; x_wconf 88' lang='lat' dir='ltr'><strong>rerum</strong></span> <span class='ocrx_word' id='word_1_539' title='bbox 1428 4407 1854 4466; x_wconf 89' lang='lat' dir='ltr'><strong>vicissitudines.</strong></span> <span class='ocrx_word' id='word_1_540' title='bbox 1888 4408 1955 4464; x_wconf 89' lang='lat' dir='ltr'><strong>Ut</strong></span> <span class='ocrx_word' id='word_1_541' title='bbox 1983 4408 2129 4463; x_wconf 88' lang='lat' dir='ltr'><strong>enim</strong></span> 
     </span>
    </p>
   </div>
   <div class='ocr_carea' id='block_1_78' title="bbox 2183 4394 3793 4484">
    <p class='ocr_par' dir='ltr' id='par_1_78' title="bbox 2238 4394 3793 4484">
     <span class='ocr_line' id='line_1_78' title="bbox 2238 4394 3793 4484; baseline -0.014 -17"><span class='ocrx_word' id='word_1_542' title='bbox 2238 4414 2421 4484; x_wconf 73' lang='grc' dir='ltr'>φύσιν,</span> <span class='ocrx_word' id='word_1_543' title='bbox 2456 4411 2635 4475; x_wconf 87' lang='grc' dir='ltr'>πάσας</span> <span class='ocrx_word' id='word_1_544' title='bbox 2687 4409 2925 4481; x_wconf 86' lang='grc' dir='ltr'>μετρίως</span> <span class='ocrx_word' id='word_1_545' title='bbox 2961 4409 3188 4480; x_wconf 81' lang='grc' dir='ltr'>φέρουσι</span> <span class='ocrx_word' id='word_1_546' title='bbox 3212 4407 3312 4471; x_wconf 70' lang='grc' dir='ltr'>τὰς</span> <span class='ocrx_word' id='word_1_547' title='bbox 3348 4405 3558 4459; x_wconf 84' lang='grc' dir='ltr'>τούτων</span> <span class='ocrx_word' id='word_1_548' title='bbox 3593 4394 3793 4473; x_wconf 67' lang='grc' dir='ltr'>μεταὸοι</span> 
     </span>
    </p>
   </div>
   <div class='ocr_carea' id='block_1_79' title="bbox 556 4489 2166 4573">
    <p class='ocr_par' dir='ltr' id='par_1_79' title="bbox 556 4489 2132 4568">
     <span class='ocr_line' id='line_1_79' title="bbox 556 4489 2132 4568; baseline 0.007 -27"><span class='ocrx_word' id='word_1_549' title='bbox 556 4489 761 4544; x_wconf 88' lang='lat' dir='ltr'><strong>laudati</strong></span> <span class='ocrx_word' id='word_1_550' title='bbox 806 4492 1084 4563; x_wconf 74' lang='lat' dir='ltr'><strong>tragoedia:</strong></span> <span class='ocrx_word' id='word_1_551' title='bbox 1111 4495 1402 4553; x_wconf 86' lang='lat' dir='ltr'><strong>histriones</strong></span> <span class='ocrx_word' id='word_1_552' title='bbox 1424 4513 1645 4553; x_wconf 88' lang='lat' dir='ltr'><strong>omnem</strong></span> <span class='ocrx_word' id='word_1_553' title='bbox 1674 4500 1965 4566; x_wconf 87' lang='lat' dir='ltr'><strong>induentes</strong></span> <span class='ocrx_word' id='word_1_554' title='bbox 2006 4514 2132 4568; x_wconf 85' lang='lat' dir='ltr'><strong>per-</strong></span> 
     </span>
    </p>
   </div>
   <div class='ocr_carea' id='block_1_80' title="bbox 2181 4489 3791 4573">
    <p class='ocr_par' dir='ltr' id='par_1_80' title="bbox 2232 4489 3791 4573">
     <span class='ocr_line' id='line_1_80' title="bbox 2232 4489 3791 4573; baseline -0.014 -11"><span class='ocrx_word' id='word_1_555' title='bbox 2232 4504 2354 4568; x_wconf 81' lang='grc' dir='ltr'>λάς.</span> <span class='ocrx_word' id='word_1_556' title='bbox 2389 4504 2600 4572; x_wconf 81' lang='grc' dir='ltr'>Ὠσπερ</span> <span class='ocrx_word' id='word_1_557' title='bbox 2628 4500 2734 4573; x_wconf 83' lang='grc' dir='ltr'>γὰρ</span> <span class='ocrx_word' id='word_1_558' title='bbox 2765 4502 2813 4554; x_wconf 87' lang='lat' dir='ltr'><strong>oi</strong></span> <span class='ocrx_word' id='word_1_559' title='bbox 2848 4500 3127 4570; x_wconf 85' lang='grc' dir='ltr'>εὐδόκιμοι</span> <span class='ocrx_word' id='word_1_560' title='bbox 3149 4498 3424 4571; x_wconf 72' lang='grc' dir='ltr'>τραγῳδοὶ</span> <span class='ocrx_word' id='word_1_561' title='bbox 3455 4498 3564 4550; x_wconf 77' lang='grc' dir='ltr'><strong>πᾶν</strong></span> <span class='ocrx_word' id='word_1_562' title='bbox 3592 4489 3791 4562; x_wconf 86' lang='grc' dir='ltr'>δεχόμε-</span> 
     </span>
    </p>
   </div>
   <div class='ocr_carea' id='block_1_81' title="bbox 555 4584 2165 4666">
    <p class='ocr_par' dir='ltr' id='par_1_81' title="bbox 555 4584 2133 4657">
     <span class='ocr_line' id='line_1_81' title="bbox 555 4584 2133 4657; baseline 0.008 -22"><span class='ocrx_word' id='word_1_563' title='bbox 555 4598 747 4637; x_wconf 86' lang='lat' dir='ltr'><strong>sonam</strong></span> <span class='ocrx_word' id='word_1_564' title='bbox 778 4584 1124 4643; x_wconf 85' lang='lat' dir='ltr'><strong>admirationi</strong></span> <span class='ocrx_word' id='word_1_565' title='bbox 1162 4599 1313 4657; x_wconf 91' lang='lat' dir='ltr'><strong>sunt,</strong></span> <span class='ocrx_word' id='word_1_566' title='bbox 1335 4593 1415 4647; x_wconf 90' lang='lat' dir='ltr'><strong>sie</strong></span> <span class='ocrx_word' id='word_1_567' title='bbox 1439 4602 1493 4648; x_wconf 93' lang='lat' dir='ltr'><strong>et</strong></span> <span class='ocrx_word' id='word_1_568' title='bbox 1516 4594 1618 4648; x_wconf 85' lang='lat' dir='ltr'><strong>viri</strong></span> <span class='ocrx_word' id='word_1_569' title='bbox 1658 4593 1940 4650; x_wconf 88' lang='lat' dir='ltr'><strong>fortissimi</strong></span> <span class='ocrx_word' id='word_1_570' title='bbox 1966 4595 2133 4650; x_wconf 83' lang='lat' dir='ltr'><strong>veluti</strong></span> 
     </span>
    </p>
   </div>
   <div class='ocr_carea' id='block_1_82' title="bbox 2179 4584 3789 4666">
    <p class='ocr_par' dir='ltr' id='par_1_82' title="bbox 2207 4585 3789 4666">
     <span class='ocr_line' id='line_1_82' title="bbox 2207 4585 3789 4666; baseline -0.006 -16"><span class='ocrx_word' id='word_1_571' title='bbox 2207 4615 2316 4663; x_wconf 58' lang='grc' dir='ltr'>,νοι</span> <span class='ocrx_word' id='word_1_572' title='bbox 2350 4595 2642 4666; x_wconf 86' lang='grc' dir='ltr'>πρόσωπον</span> <span class='ocrx_word' id='word_1_573' title='bbox 2673 4591 3084 4663; x_wconf 76' lang='grc' dir='ltr'>θαυμάζονται·</span> <span class='ocrx_word' id='word_1_574' title='bbox 3116 4591 3259 4645; x_wconf 76' lang='grc' dir='ltr'>οὕτω</span> <span class='ocrx_word' id='word_1_575' title='bbox 3291 4592 3391 4645; x_wconf 73' lang='grc' dir='ltr'>καὶ</span> <span class='ocrx_word' id='word_1_576' title='bbox 3431 4590 3480 4642; x_wconf 81' lang='grc' dir='ltr'>οἱ</span> <span class='ocrx_word' id='word_1_577' title='bbox 3513 4585 3789 4657; x_wconf 68' lang='grc' dir='ltr'>κράτιστοι.</span> 
     </span>
    </p>
   </div>
   <div class='ocr_carea' id='block_1_83' title="bbox 554 4674 2164 4759">
    <p class='ocr_par' dir='ltr' id='par_1_83' title="bbox 554 4674 2130 4756">
     <span class='ocr_line' id='line_1_83' title="bbox 554 4674 2130 4756; baseline 0.009 -31"><span class='ocrx_word' id='word_1_578' title='bbox 554 4674 773 4729; x_wconf 70' lang='lat' dir='ltr'><strong>athletae</strong></span> <span class='ocrx_word' id='word_1_579' title='bbox 803 4678 854 4730; x_wconf 91' lang='lat' dir='ltr'><strong>in</strong></span> <span class='ocrx_word' id='word_1_580' title='bbox 882 4680 982 4733; x_wconf 88' lang='lat' dir='ltr'><strong>hac</strong></span> <span class='ocrx_word' id='word_1_581' title='bbox 1014 4680 1122 4733; x_wconf 88' lang='lat' dir='ltr'><strong>vita</strong></span> <span class='ocrx_word' id='word_1_582' title='bbox 1150 4683 1471 4750; x_wconf 88' lang='lat' dir='ltr'><strong>constituti,</strong></span> <span class='ocrx_word' id='word_1_583' title='bbox 1496 4687 1642 4739; x_wconf 87' lang='lat' dir='ltr'><strong>onmi</strong></span> <span class='ocrx_word' id='word_1_584' title='bbox 1670 4724 1686 4749; x_wconf 91' lang='lat'><strong>,</strong></span> <span class='ocrx_word' id='word_1_585' title='bbox 1714 4687 1855 4756; x_wconf 92' lang='lat' dir='ltr'><strong>quod</strong></span> <span class='ocrx_word' id='word_1_586' title='bbox 1885 4686 2130 4753; x_wconf 71' lang='lat' dir='ltr'><strong>offertur,</strong></span> 
     </span>
    </p>
   </div>
   <div class='ocr_carea' id='block_1_84' title="bbox 2181 4674 3791 4759">
    <p class='ocr_par' dir='ltr' id='par_1_84' title="bbox 2234 4674 3791 4759">
     <span class='ocr_line' id='line_1_84' title="bbox 2234 4674 3791 4759; baseline -0.005 -18"><span class='ocrx_word' id='word_1_587' title='bbox 2234 4688 2426 4759; x_wconf 80' lang='grc' dir='ltr'>ὥσπερ</span> <span class='ocrx_word' id='word_1_588' title='bbox 2460 4684 2762 4755; x_wconf 73' lang='grc' dir='ltr'>ἀγωνισταὶ</span> <span class='ocrx_word' id='word_1_589' title='bbox 2798 4684 2950 4748; x_wconf 74' lang='grc' dir='ltr'>ὄντες</span> <span class='ocrx_word' id='word_1_590' title='bbox 2972 4683 3066 4737; x_wconf 79' lang='grc' dir='ltr'>τοῦ</span> <span class='ocrx_word' id='word_1_591' title='bbox 3101 4683 3241 4753; x_wconf 86' lang='grc' dir='ltr'>βίου,</span> <span class='ocrx_word' id='word_1_592' title='bbox 3297 4684 3468 4737; x_wconf 74' lang='grc' dir='ltr'>παντὶ</span> <span class='ocrx_word' id='word_1_593' title='bbox 3497 4679 3573 4751; x_wconf 83' lang='grc' dir='ltr'><strong>τῷ</strong></span> <span class='ocrx_word' id='word_1_594' title='bbox 3611 4674 3791 4731; x_wconf 70' lang='grc' dir='ltr'>δοθέντι</span> 
     </span>
    </p>
   </div>
   <div class='ocr_carea' id='block_1_85' title="bbox 555 4767 2165 4849">
    <p class='ocr_par' dir='ltr' id='par_1_85' title="bbox 555 4769 2131 4833">
     <span class='ocr_line' id='line_1_85' title="bbox 555 4769 2131 4833; baseline 0.01 -15"><span class='ocrx_word' id='word_1_595' title='bbox 555 4780 678 4820; x_wconf 82' lang='lat' dir='ltr'><strong>sese</strong></span> <span class='ocrx_word' id='word_1_596' title='bbox 703 4769 963 4823; x_wconf 85' lang='lat' dir='ltr'><strong>decenter</strong></span> <span class='ocrx_word' id='word_1_597' title='bbox 988 4773 1427 4828; x_wconf 89' lang='lat' dir='ltr'><strong>acconnnodant.</strong></span> <span class='ocrx_word' id='word_1_598' title='bbox 1469 4775 1766 4832; x_wconf 87' lang='lat' dir='ltr'><strong>Considera</strong></span> <span class='ocrx_word' id='word_1_599' title='bbox 1810 4778 1937 4832; x_wconf 87' lang='lat' dir='ltr'><strong>mihi</strong></span> <span class='ocrx_word' id='word_1_600' title='bbox 1984 4778 2131 4833; x_wconf 84' lang='lat' dir='ltr'><strong>cele-</strong></span> 
     </span>
    </p>
   </div>
   <div class='ocr_carea' id='block_1_86' title="bbox 2183 4767 3793 4849">
    <p class='ocr_par' dir='ltr' id='par_1_86' title="bbox 2240 4767 3793 4849">
     <span class='ocr_line' id='line_1_86' title="bbox 2240 4767 3793 4849; baseline -0.011 -17"><span class='ocrx_word' id='word_1_601' title='bbox 2240 4779 2596 4849; x_wconf 75' lang='grc' dir='ltr'>εὐσχημόνως</span> <span class='ocrx_word' id='word_1_602' title='bbox 2633 4775 3081 4833; x_wconf 66' lang='grc' dir='ltr'>συνδιατίθενται.</span> <span class='ocrx_word' id='word_1_603' title='bbox 3115 4775 3259 4846; x_wconf 90' lang='grc' dir='ltr'>Ὅρα</span> <span class='ocrx_word' id='word_1_604' title='bbox 3283 4773 3400 4844; x_wconf 84' lang='grc' dir='ltr'><strong>γὰρ</strong></span> <span class='ocrx_word' id='word_1_605' title='bbox 3442 4774 3536 4827; x_wconf 78' lang='grc' dir='ltr'>τὸν</span> <span class='ocrx_word' id='word_1_606' title='bbox 3580 4767 3793 4835; x_wconf 81' lang='grc' dir='ltr'>ἀοίδιμον</span> 
     </span>
    </p>
   </div>
   <div class='ocr_carea' id='block_1_87' title="bbox 554 4855 2164 4938">
    <p class='ocr_par' dir='ltr' id='par_1_87' title="bbox 554 4857 2126 4936">
     <span class='ocr_line' id='line_1_87' title="bbox 554 4857 2126 4936; baseline 0.01 -30"><span class='ocrx_word' id='word_1_607' title='bbox 554 4858 707 4908; x_wconf 83' lang='lat' dir='ltr'><strong>hrem</strong></span> <span class='ocrx_word' id='word_1_608' title='bbox 752 4857 901 4910; x_wconf 88' lang='lat' dir='ltr'><strong>illum</strong></span> <span class='ocrx_word' id='word_1_609' title='bbox 926 4857 1046 4924; x_wconf 84' lang='lat' dir='ltr'><strong>Job,</strong></span> <span class='ocrx_word' id='word_1_610' title='bbox 1073 4863 1161 4930; x_wconf 87' lang='lat' dir='ltr'><strong>qui</strong></span> <span class='ocrx_word' id='word_1_611' title='bbox 1214 4863 1268 4917; x_wconf 93' lang='lat' dir='ltr'><strong>in</strong></span> <span class='ocrx_word' id='word_1_612' title='bbox 1295 4863 1504 4919; x_wconf 89' lang='lat' dir='ltr'><strong>divitiis</strong></span> <span class='ocrx_word' id='word_1_613' title='bbox 1526 4865 1837 4933; x_wconf 85' lang='lat' dir='ltr'><strong>laudabilis,</strong></span> <span class='ocrx_word' id='word_1_614' title='bbox 1866 4866 1919 4921; x_wconf 92' lang='lat' dir='ltr'><strong>in</strong></span> <span class='ocrx_word' id='word_1_615' title='bbox 1942 4866 2126 4936; x_wconf 89' lang='lat' dir='ltr'><strong>inopia</strong></span> 
     </span>
    </p>
   </div>
   <div class='ocr_carea' id='block_1_88' title="bbox 2185 4855 3795 4938">
    <p class='ocr_par' dir='ltr' id='par_1_88' title="bbox 2251 4855 3795 4938">
     <span class='ocr_line' id='line_1_88' title="bbox 2251 4855 3795 4938; baseline -0.008 -15"><span class='ocrx_word' id='word_1_616' title='bbox 2251 4870 2395 4935; x_wconf 77' lang='grc' dir='ltr'><strong>Ἰὼϐ,</strong></span> <span class='ocrx_word' id='word_1_617' title='bbox 2440 4869 2498 4933; x_wconf 85' lang='grc' dir='ltr'>ὃς</span> <span class='ocrx_word' id='word_1_618' title='bbox 2549 4872 2605 4921; x_wconf 78' lang='grc' dir='ltr'>ὲν</span> <span class='ocrx_word' id='word_1_619' title='bbox 2658 4867 2873 4938; x_wconf 81' lang='grc' dir='ltr'>πλούτῳ</span> <span class='ocrx_word' id='word_1_620' title='bbox 2911 4867 3301 4938; x_wconf 78' lang='grc' dir='ltr'>εὐδοκιμήσας,</span> <span class='ocrx_word' id='word_1_621' title='bbox 3359 4868 3418 4919; x_wconf 78' lang='grc' dir='ltr'>ὲν</span> <span class='ocrx_word' id='word_1_622' title='bbox 3453 4864 3614 4932; x_wconf 78' lang='grc' dir='ltr'>πενίᾳ</span> <span class='ocrx_word' id='word_1_623' title='bbox 3657 4855 3795 4912; x_wconf 82' lang='grc' dir='ltr'>πλέον</span> 
     </span>
    </p>
   </div>
   <div class='ocr_carea' id='block_1_89' title="bbox 557 4946 2167 5032">
    <p class='ocr_par' dir='ltr' id='par_1_89' title="bbox 557 4946 2133 5023">
     <span class='ocr_line' id='line_1_89' title="bbox 557 4946 2133 5023; baseline 0.011 -27"><span class='ocrx_word' id='word_1_624' title='bbox 557 4947 731 5015; x_wconf 73' lang='lat' dir='ltr'><strong>tntagis</strong></span> <span class='ocrx_word' id='word_1_625' title='bbox 776 4946 1074 5005; x_wconf 85' lang='lat' dir='ltr'><strong>inclaruit:</strong></span> <span class='ocrx_word' id='word_1_626' title='bbox 1134 4952 1385 5023; x_wconf 87' lang='lat' dir='ltr'><strong>idemque</strong></span> <span class='ocrx_word' id='word_1_627' title='bbox 1429 4955 1775 5011; x_wconf 86' lang='lat' dir='ltr'><strong>admirationi</strong></span> <span class='ocrx_word' id='word_1_628' title='bbox 1819 4974 1942 5012; x_wconf 90' lang='lat' dir='ltr'><strong>cum</strong></span> <span class='ocrx_word' id='word_1_629' title='bbox 1984 4966 2133 5013; x_wconf 82' lang='lat' dir='ltr'><strong>esset</strong></span> 
     </span>
    </p>
   </div>
   <div class='ocr_carea' id='block_1_90' title="bbox 2186 4946 3796 5032">
    <p class='ocr_par' dir='ltr' id='par_1_90' title="bbox 2237 4947 3796 5032">
     <span class='ocr_line' id='line_1_90' title="bbox 2237 4947 3796 5032; baseline -0.01 -15"><span class='ocrx_word' id='word_1_630' title='bbox 2237 4962 2502 5032; x_wconf 70' lang='grc' dir='ltr'>διέλαμψε</span> <span class='ocrx_word' id='word_1_631' title='bbox 2526 4978 2538 4992; x_wconf 92' lang='grc'><strong>·</strong></span> <span class='ocrx_word' id='word_1_632' title='bbox 2595 4962 2692 5015; x_wconf 66' lang='grc' dir='ltr'>καὶ</span> <span class='ocrx_word' id='word_1_633' title='bbox 2749 4959 3090 5030; x_wconf 77' lang='grc' dir='ltr'>θαυμασθεὶς</span> <span class='ocrx_word' id='word_1_634' title='bbox 3127 4961 3187 5013; x_wconf 81' lang='grc' dir='ltr'>ὲν</span> <span class='ocrx_word' id='word_1_635' title='bbox 3236 4959 3477 5027; x_wconf 76' lang='grc' dir='ltr'>ἐκείνῳ,</span> <span class='ocrx_word' id='word_1_636' title='bbox 3529 4957 3587 5010; x_wconf 80' lang='grc' dir='ltr'>ὲν</span> <span class='ocrx_word' id='word_1_637' title='bbox 3646 4947 3796 5015; x_wconf 77' lang='grc' dir='ltr'>ταύτῃ</span> 
     </span>
    </p>
   </div>
   <div class='ocr_carea' id='block_1_91' title="bbox 556 5036 2166 5122">
    <p class='ocr_par' dir='ltr' id='par_1_91' title="bbox 556 5036 2129 5115">
     <span class='ocr_line' id='line_1_91' title="bbox 556 5036 2129 5115; baseline 0.01 -26"><span class='ocrx_word' id='word_1_638' title='bbox 556 5036 673 5090; x_wconf 87' lang='lat' dir='ltr'><strong>suis</strong></span> <span class='ocrx_word' id='word_1_639' title='bbox 702 5037 916 5104; x_wconf 78' lang='lat' dir='ltr'><strong>Opibus,</strong></span> <span class='ocrx_word' id='word_1_640' title='bbox 952 5052 1267 5111; x_wconf 84' lang='lat' dir='ltr'><strong>paupertate</strong></span> <span class='ocrx_word' id='word_1_641' title='bbox 1309 5046 1481 5115; x_wconf 83' lang='lat' dir='ltr'><strong>magis</strong></span> <span class='ocrx_word' id='word_1_642' title='bbox 1507 5048 1713 5102; x_wconf 78' lang='lat' dir='ltr'><strong>exstitit</strong></span> <span class='ocrx_word' id='word_1_643' title='bbox 1755 5048 2129 5105; x_wconf 83' lang='lat' dir='ltr'><strong>admirandus.</strong></span> 
     </span>
    </p>
   </div>
   <div class='ocr_carea' id='block_1_92' title="bbox 2185 5036 3795 5122">
    <p class='ocr_par' dir='ltr' id='par_1_92' title="bbox 2239 5038 3795 5122">
     <span class='ocr_line' id='line_1_92' title="bbox 2239 5038 3795 5122; baseline -0.006 -16"><span class='ocrx_word' id='word_1_644' title='bbox 2239 5051 2400 5106; x_wconf 84' lang='grc' dir='ltr'>πλέον</span> <span class='ocrx_word' id='word_1_645' title='bbox 2418 5051 2549 5105; x_wconf 82' lang='grc' dir='ltr'>ὲοαυ</span> <span class='ocrx_word' id='word_1_646' title='bbox 2558 5049 2835 5121; x_wconf 84' lang='grc' dir='ltr'>μάσθη.Ἔ</span> <span class='ocrx_word' id='word_1_647' title='bbox 2845 5066 2931 5103; x_wconf 88' lang='grc' dir='ltr'><strong>στι</strong></span> <span class='ocrx_word' id='word_1_648' title='bbox 2947 5048 3053 5122; x_wconf 82' lang='grc' dir='ltr'>γὰρ</span> <span class='ocrx_word' id='word_1_649' title='bbox 3072 5048 3199 5120; x_wconf 78' lang='grc' dir='ltr'>περὶ</span> <span class='ocrx_word' id='word_1_650' title='bbox 3214 5047 3451 5101; x_wconf 81' lang='grc' dir='ltr'>πλοῦτον</span> <span class='ocrx_word' id='word_1_651' title='bbox 3474 5038 3795 5115; x_wconf 66' lang='grc' dir='ltr'>ἀσχημονεῖν,</span> 
     </span>
    </p>
   </div>
   <div class='ocr_carea' id='block_1_93' title="bbox 558 5124 2168 5211">
    <p class='ocr_par' dir='ltr' id='par_1_93' title="bbox 558 5124 2131 5208">
     <span class='ocr_line' id='line_1_93' title="bbox 558 5124 2131 5208; baseline 0.011 -29"><span class='ocrx_word' id='word_1_652' title='bbox 558 5124 802 5195; x_wconf 79' lang='lat' dir='ltr'><strong>Namque</strong></span> <span class='ocrx_word' id='word_1_653' title='bbox 828 5130 880 5181; x_wconf 91' lang='lat' dir='ltr'><strong>in</strong></span> <span class='ocrx_word' id='word_1_654' title='bbox 907 5131 1108 5187; x_wconf 87' lang='lat' dir='ltr'><strong>divitiis</strong></span> <span class='ocrx_word' id='word_1_655' title='bbox 1152 5135 1407 5192; x_wconf 90' lang='lat' dir='ltr'><strong>indecore</strong></span> <span class='ocrx_word' id='word_1_656' title='bbox 1432 5140 1771 5208; x_wconf 84' lang='lat' dir='ltr'><strong>turpiterque</strong></span> <span class='ocrx_word' id='word_1_657' title='bbox 1795 5140 2019 5208; x_wconf 82' lang='lat' dir='ltr'><strong>vivitur,</strong></span> <span class='ocrx_word' id='word_1_658' title='bbox 2079 5143 2131 5197; x_wconf 92' lang='lat' dir='ltr'><strong>in</strong></span> 
     </span>
    </p>
   </div>
   <div class='ocr_carea' id='block_1_94' title="bbox 2186 5124 3796 5211">
    <p class='ocr_par' dir='ltr' id='par_1_94' title="bbox 2243 5127 3796 5211">
     <span class='ocr_line' id='line_1_94' title="bbox 2243 5127 3796 5211; baseline -0.01 -14"><span class='ocrx_word' id='word_1_659' title='bbox 2243 5144 2338 5197; x_wconf 75' lang='grc' dir='ltr'>καὶ</span> <span class='ocrx_word' id='word_1_660' title='bbox 2387 5142 2576 5204; x_wconf 86' lang='grc' dir='ltr'>πενίας</span> <span class='ocrx_word' id='word_1_661' title='bbox 2606 5141 2912 5211; x_wconf 85' lang='grc' dir='ltr'>ἀπτόμενον</span> <span class='ocrx_word' id='word_1_662' title='bbox 2952 5141 3332 5211; x_wconf 80' lang='grc' dir='ltr'>εὐσχημονεῖν·</span> <span class='ocrx_word' id='word_1_663' title='bbox 3373 5142 3426 5192; x_wconf 86' lang='grc' dir='ltr'><strong>οί</strong></span> <span class='ocrx_word' id='word_1_664' title='bbox 3469 5139 3527 5191; x_wconf 71' lang='grc' dir='ltr'>δὲ</span> <span class='ocrx_word' id='word_1_665' title='bbox 3560 5132 3679 5189; x_wconf 76' lang='grc' dir='ltr'>νοῦν</span> <span class='ocrx_word' id='word_1_666' title='bbox 3713 5127 3796 5181; x_wconf 80' lang='grc' dir='ltr'><strong>οὐκ</strong></span> 
     </span>
    </p>
   </div>
   <div class='ocr_carea' id='block_1_95' title="bbox 563 5215 2173 5321">
    <p class='ocr_par' dir='ltr' id='par_1_95' title="bbox 563 5225 2136 5304">
     <span class='ocr_line' id='line_1_95' title="bbox 563 5225 2136 5304; baseline 0.012 -35"><span class='ocrx_word' id='word_1_667' title='bbox 563 5229 879 5288; x_wconf 87' lang='lat' dir='ltr'><strong>paupertate</strong></span> <span class='ocrx_word' id='word_1_668' title='bbox 905 5237 1032 5278; x_wconf 87' lang='lat' dir='ltr'><strong>vero</strong></span> <span class='ocrx_word' id='word_1_669' title='bbox 1058 5225 1251 5279; x_wconf 90' lang='lat' dir='ltr'><strong>decore</strong></span> <span class='ocrx_word' id='word_1_670' title='bbox 1274 5241 1337 5282; x_wconf 90' lang='lat' dir='ltr'><strong>ac</strong></span> <span class='ocrx_word' id='word_1_671' title='bbox 1365 5230 1630 5285; x_wconf 90' lang='lat' dir='ltr'><strong>modeste.</strong></span> <span class='ocrx_word' id='word_1_672' title='bbox 1672 5233 1744 5286; x_wconf 83' lang='lat' dir='ltr'><strong>At</strong></span> <span class='ocrx_word' id='word_1_673' title='bbox 1779 5244 1959 5289; x_wconf 90' lang='lat' dir='ltr'><strong>mente</strong></span> <span class='ocrx_word' id='word_1_674' title='bbox 1990 5233 2136 5304; x_wconf 86' lang='lat' dir='ltr'><strong>capti</strong></span> 
     </span>
    </p>
   </div>
   <div class='ocr_carea' id='block_1_96' title="bbox 2187 5215 3797 5321">
    <p class='ocr_par' dir='ltr' id='par_1_96' title="bbox 2239 5215 3797 5321">
     <span class='ocr_line' id='line_1_96' title="bbox 2239 5215 3797 5321; baseline -0.008 -32"><span class='ocrx_word' id='word_1_675' title='bbox 2239 5235 2479 5305; x_wconf 73' lang='grc' dir='ltr'>ἔχοντες,</span> <span class='ocrx_word' id='word_1_676' title='bbox 2509 5232 2608 5303; x_wconf 80' lang='grc' dir='ltr'>τὴν</span> <span class='ocrx_word' id='word_1_677' title='bbox 2639 5232 2793 5303; x_wconf 74' lang='grc' dir='ltr'>ῥίζαν</span> <span class='ocrx_word' id='word_1_678' title='bbox 2818 5230 2928 5285; x_wconf 79' lang='grc' dir='ltr'><strong>τῶν</strong></span> <span class='ocrx_word' id='word_1_679' title='bbox 2964 5230 3149 5285; x_wconf 84' lang='grc' dir='ltr'>κακῶν</span> <span class='ocrx_word' id='word_1_680' title='bbox 3175 5229 3500 5301; x_wconf 84' lang='grc' dir='ltr'>ἀνιχνεῦσαι</span> <span class='ocrx_word' id='word_1_681' title='bbox 3534 5225 3608 5298; x_wconf 73' lang='grc' dir='ltr'>μὴ</span> <span class='ocrx_word' id='word_1_682' title='bbox 3634 5215 3797 5321; x_wconf 50' lang='grc' dir='ltr'>ἀνεχξῖ·</span> 
     </span>
    </p>
   </div>
   <div class='ocr_carea' id='block_1_97' title="bbox 563 5313 2173 5395">
    <p class='ocr_par' dir='ltr' id='par_1_97' title="bbox 563 5313 2132 5395">
     <span class='ocr_line' id='line_1_97' title="bbox 563 5313 2132 5395; baseline 0.012 -35"><span class='ocrx_word' id='word_1_683' title='bbox 563 5315 826 5365; x_wconf 73' lang='lat' dir='ltr'><strong>nunerum</strong></span> <span class='ocrx_word' id='word_1_684' title='bbox 880 5313 1203 5384; x_wconf 75' lang='lat' dir='ltr'><strong>investigare</strong></span> <span class='ocrx_word' id='word_1_685' title='bbox 1251 5331 1369 5370; x_wconf 86' lang='lat' dir='ltr'><strong>cum</strong></span> <span class='ocrx_word' id='word_1_686' title='bbox 1414 5334 1518 5374; x_wconf 92' lang='lat' dir='ltr'><strong>non</strong></span> <span class='ocrx_word' id='word_1_687' title='bbox 1569 5331 1799 5390; x_wconf 85' lang='lat' dir='ltr'><strong>possunt</strong></span> <span class='ocrx_word' id='word_1_688' title='bbox 1841 5325 2132 5395; x_wconf 84' lang='lat' dir='ltr'><strong>originem,</strong></span> 
     </span>
    </p>
   </div>
   <div class='ocr_carea' id='block_1_98' title="bbox 2184 5313 3794 5395">
    <p class='ocr_par' dir='ltr' id='par_1_98' title="bbox 2241 5313 3794 5395">
     <span class='ocr_line' id='line_1_98' title="bbox 2241 5313 3794 5395; baseline -0.01 -17"><span class='ocrx_word' id='word_1_689' title='bbox 2241 5341 2415 5395; x_wconf 82' lang='grc' dir='ltr'>μενοι,</span> <span class='ocrx_word' id='word_1_690' title='bbox 2455 5325 2568 5385; x_wconf 84' lang='grc' dir='ltr'>τοῖς</span> <span class='ocrx_word' id='word_1_691' title='bbox 2608 5321 2774 5393; x_wconf 81' lang='grc' dir='ltr'>μηδὲν</span> <span class='ocrx_word' id='word_1_692' title='bbox 2816 5320 2849 5391; x_wconf 76' lang='grc' dir='ltr'>ἢ</span> <span class='ocrx_word' id='word_1_693' title='bbox 2894 5321 3090 5392; x_wconf 84' lang='grc' dir='ltr'>μικρὸν</span> <span class='ocrx_word' id='word_1_694' title='bbox 3111 5319 3347 5374; x_wconf 81' lang='grc' dir='ltr'>λυποῦσι</span> <span class='ocrx_word' id='word_1_695' title='bbox 3374 5320 3475 5391; x_wconf 86' lang='grc' dir='ltr'>τὴν</span> <span class='ocrx_word' id='word_1_696' title='bbox 3491 5318 3598 5372; x_wconf 88' lang='grc' dir='ltr'><strong>τῶν</strong></span> <span class='ocrx_word' id='word_1_697' title='bbox 3631 5313 3794 5367; x_wconf 82' lang='grc' dir='ltr'>κακῶν</span> 
     </span>
    </p>
   </div>
   <div class='ocr_carea' id='block_1_99' title="bbox 567 5401 2177 5486">
    <p class='ocr_par' dir='ltr' id='par_1_99' title="bbox 567 5404 2128 5486">
     <span class='ocr_line' id='line_1_99' title="bbox 567 5404 2128 5486; baseline 0.01 -35"><span class='ocrx_word' id='word_1_698' title='bbox 567 5405 688 5467; x_wconf 83' lang='grc' dir='ltr'>Ιιοε,</span> <span class='ocrx_word' id='word_1_699' title='bbox 713 5404 803 5470; x_wconf 87' lang='lat' dir='ltr'><strong>qui</strong></span> <span class='ocrx_word' id='word_1_700' title='bbox 843 5404 973 5456; x_wconf 88' lang='lat' dir='ltr'><strong>nihil</strong></span> <span class='ocrx_word' id='word_1_701' title='bbox 1011 5413 1104 5457; x_wconf 87' lang='lat' dir='ltr'><strong>aut</strong></span> <span class='ocrx_word' id='word_1_702' title='bbox 1139 5405 1352 5461; x_wconf 89' lang='lat' dir='ltr'><strong>modico</strong></span> <span class='ocrx_word' id='word_1_703' title='bbox 1375 5409 1568 5463; x_wconf 84' lang='lat' dir='ltr'><strong>saltem</strong></span> <span class='ocrx_word' id='word_1_704' title='bbox 1593 5412 1776 5468; x_wconf 89' lang='lat' dir='ltr'><strong>dolore</strong></span> <span class='ocrx_word' id='word_1_705' title='bbox 1801 5413 2128 5486; x_wconf 85' lang='lat' dir='ltr'><strong>allliguntur,</strong></span> 
     </span>
    </p>
   </div>
   <div class='ocr_carea' id='block_1_100' title="bbox 2183 5401 3793 5486">
    <p class='ocr_par' dir='ltr' id='par_1_100' title="bbox 2236 5401 3793 5485">
     <span class='ocr_line' id='line_1_100' title="bbox 2236 5401 3793 5485; baseline -0.009 -15"><span class='ocrx_word' id='word_1_706' title='bbox 2236 5416 2573 5485; x_wconf 84' lang='grc' dir='ltr'>ἀπονέμουσι</span> <span class='ocrx_word' id='word_1_707' title='bbox 2598 5413 2799 5484; x_wconf 75' lang='grc' dir='ltr'>ψῆφον.</span> <span class='ocrx_word' id='word_1_708' title='bbox 2838 5412 2967 5467; x_wconf 87' lang='grc' dir='ltr'>Δέον</span> <span class='ocrx_word' id='word_1_709' title='bbox 2995 5412 3106 5485; x_wconf 84' lang='grc' dir='ltr'><strong>γάρ</strong></span> <span class='ocrx_word' id='word_1_710' title='bbox 3146 5413 3247 5484; x_wconf 85' lang='grc' dir='ltr'>τὴν</span> <span class='ocrx_word' id='word_1_711' title='bbox 3279 5412 3494 5465; x_wconf 81' lang='grc' dir='ltr'>οἰκείαν</span> <span class='ocrx_word' id='word_1_712' title='bbox 3537 5401 3793 5463; x_wconf 76' lang='grc' dir='ltr'>αἰτιᾶσθαι</span> 
     </span>
    </p>
   </div>
   <div class='ocr_carea' id='block_1_101' title="bbox 564 5489 2174 5578">
    <p class='ocr_par' dir='ltr' id='par_1_101' title="bbox 564 5489 2133 5574">
     <span class='ocr_line' id='line_1_101' title="bbox 564 5489 2133 5574; baseline 0.012 -33"><span class='ocrx_word' id='word_1_713' title='bbox 564 5489 872 5546; x_wconf 82' lang='lat' dir='ltr'><strong>infelicibus</strong></span> <span class='ocrx_word' id='word_1_714' title='bbox 924 5505 1307 5549; x_wconf 82' lang='lat' dir='ltr'><strong>annnmerant.</strong></span> <span class='ocrx_word' id='word_1_715' title='bbox 1351 5498 1486 5552; x_wconf 86' lang='lat' dir='ltr'><strong>Cum</strong></span> <span class='ocrx_word' id='word_1_716' title='bbox 1539 5502 1681 5554; x_wconf 86' lang='lat' dir='ltr'><strong>enim</strong></span> <span class='ocrx_word' id='word_1_717' title='bbox 1731 5504 1941 5560; x_wconf 88' lang='lat' dir='ltr'><strong>nonnisi</strong></span> <span class='ocrx_word' id='word_1_718' title='bbox 2009 5521 2133 5574; x_wconf 65' lang='lat' dir='ltr'><strong>proo</strong></span> 
     </span>
    </p>
   </div>
   <div class='ocr_carea' id='block_1_102' title="bbox 1981 5489 3591 5578">
    <p class='ocr_par' dir='ltr' id='par_1_102' title="bbox 2009 5502 3591 5578">
     <span class='ocr_line' id='line_1_102' title="bbox 2009 5502 3591 5578; baseline -0.003 -18"><span class='ocrx_word' id='word_1_719' title='bbox 2009 5521 2133 5574; x_wconf 66' lang='lat' dir='ltr'><strong>proo</strong></span> <span class='ocrx_word' id='word_1_720' title='bbox 2235 5506 2548 5578; x_wconf 79' lang='grc' dir='ltr'>ἀνανδρίαν,</span> <span class='ocrx_word' id='word_1_721' title='bbox 2582 5504 2691 5561; x_wconf 82' lang='grc' dir='ltr'><strong>τῶν</strong></span> <span class='ocrx_word' id='word_1_722' title='bbox 2721 5502 3065 5577; x_wconf 82' lang='grc' dir='ltr'>πραγμάτων</span> <span class='ocrx_word' id='word_1_723' title='bbox 3092 5502 3591 5574; x_wconf 75' lang='grc' dir='ltr'>καταψηφίζονται.</span> 
     </span>
    </p>
   </div>
   <div class='ocr_carea' id='block_1_103' title="bbox 560 5585 2572 5671">
    <p class='ocr_par' dir='ltr' id='par_1_103' title="bbox 560 5585 2572 5671">
     <span class='ocr_line' id='line_1_103' title="bbox 560 5585 2572 5671; baseline 0.008 -33"><span class='ocrx_word' id='word_1_724' title='bbox 560 5585 734 5653; x_wconf 85' lang='lat' dir='ltr'><strong>priam</strong></span> <span class='ocrx_word' id='word_1_725' title='bbox 765 5587 992 5655; x_wconf 84' lang='lat' dir='ltr'><strong>quisque</strong></span> <span class='ocrx_word' id='word_1_726' title='bbox 1040 5587 1387 5657; x_wconf 84' lang='lat' dir='ltr'><strong>fragilitatem</strong></span> <span class='ocrx_word' id='word_1_727' title='bbox 1431 5607 1689 5651; x_wconf 87' lang='lat' dir='ltr'><strong>accusare</strong></span> <span class='ocrx_word' id='word_1_728' title='bbox 1710 5596 1963 5666; x_wconf 84' lang='lat' dir='ltr'><strong>deberet,</strong></span> <span class='ocrx_word' id='word_1_729' title='bbox 2005 5615 2094 5657; x_wconf 88' lang='lat' dir='ltr'><strong>res</strong></span> <span class='ocrx_word' id='word_1_730' title='bbox 2117 5601 2261 5671; x_wconf 86' lang='lat' dir='ltr'><strong>ipsas</strong></span> <span class='ocrx_word' id='word_1_731' title='bbox 2291 5601 2572 5656; x_wconf 84' lang='lat' dir='ltr'><strong>damnant.</strong></span> 
     </span>
    </p>
   </div>
   <div class='ocr_carea' id='block_1_104' title="bbox 638 5732 1187 5815">
    <p class='ocr_par' dir='ltr' id='par_1_104' title="bbox 638 5732 1187 5815">
     <span class='ocr_line' id='line_1_104' title="bbox 638 5732 1187 5815; baseline 0.007 -22"><span class='ocrx_word' id='word_1_732' title='bbox 638 5732 658 5762; x_wconf 80' lang='lat'><strong>’</strong></span> <span class='ocrx_word' id='word_1_733' title='bbox 692 5740 827 5794; x_wconf 87' lang='lat' dir='ltr'><strong>Dan.</strong></span> <span class='ocrx_word' id='word_1_734' title='bbox 858 5758 941 5810; x_wconf 84' lang='lat' dir='ltr'><strong>tn,</strong></span> <span class='ocrx_word' id='word_1_735' title='bbox 974 5746 997 5802; x_wconf 85' lang='lat' dir='ltr'><strong>I</strong></span> <span class='ocrx_word' id='word_1_736' title='bbox 1031 5760 1187 5815; x_wconf 81' lang='lat' dir='ltr'><strong>seqq.</strong></span> 
     </span>
    </p>
   </div>
  </div>
