4078 6398
518 346 656 420 I371

733 465 970 525 LXXVI.
1013 498 1083 510 --
1124 464 1459 522 ASCLEPIO
1501 461 1893 520 SOPIIIS'I‘E.

1709 346 1769 406 S.
1810 346 2104 408 ISIDORI
2137 343 2583 406 PELUSIOT/E

3642 340 3762 411 λιιι

2511 460 2650 526 δεῖν.
2695 488 2761 497 -
2800 454 3159 526 asumma
3198 452 3501 526 ΣΟΦΙΣΤῌ.

1641 579 1772 645 Quis
1802 594 1918 632 vere
1944 579 2122 647 fortis.
2155 576 2373 649 (Confer
2401 575 2553 644 epist.
2590 572 2705 642 88.)

594 698 812 753 Fortem
835 711 937 766 ego
961 697 1108 751 hunc
1137 710 1329 750 revera
1356 694 1535 749 virum
1584 696 1896 764 pronuntio,
1951 708 2111 763 quem

523 803 701 859 neque
724 790 964 843 adversa:
991 803 1098 852 res,
1131 803 1304 857 neque
1338 787 1578 841 hostium
1609 787 1836 841 vicerim
1877 787 2109 840 insidiie.

524 881 658 936 Cum
683 881 827 934 enim
851 880 969 948 capi
997 881 1117 934 istis
1146 880 1396 949 plerique
1424 880 1843 944 consueverint,
1872 878 1963 933 ille
1995 878 2116 948 qui-

525 970 647 1024 dem
675 970 766 1040 qui
796 971 1000 1025 auxilio
1025 970 1171 1023 omni
1199 971 1494 1023 destitutus
1528 969 1670 1023 vinci
1703 985 1808 1023 non
1847 984 2007 1038 posse
2043 969 2115 1022 sit

526 1062 922 1130 deprehensus,
971 1061 1064 1115 sed
1104 1072 1157 1115 et
1185 1061 1291 1114 vim
1320 1060 1535 1130 egregie
1573 1060 1877 1130 perferens,
1919 1070 1976 1113 et
2028 1063 2114 1112 in-

527 1152 695 1208 sidias
718 1153 865 1207 laudi
904 1154 1009 1207 sibi
1038 1154 1265 1215 ducens,
1295 1166 1475 1220 neque
1516 1151 1568 1204 in
1605 1151 1833 1206 serviles
1856 1151 2117 1219 delapsus

528 1244 874 1301 adulationes
918 1262 981 1299 ac
1007 1245 1323 1309 blanditias,
1351 1242 1725 1298 sublimiorem
1752 1259 1882 1298 vero
1908 1244 2117 1298 habens

527 1352 689 1405 quam
739 1337 1087 1391 insidiatores
1133 1336 1518 1404 prudentiam,
1563 1335 1724 1390 fortis
1767 1336 1854 1390 hic
1876 1338 1957 1390 vir
1987 1351 2120 1390 cen-

528 1429 752 1491 sendus,
779 1431 823 1484 si
849 1431 992 1498 quod
1045 1430 1097 1483 in
1139 1428 1225 1483 his
1266 1428 1531 1497 judicium
1564 1443 1768 1483 meum.
1809 1427 1946 1482 Cum
1973 1429 2117 1483 enim

531 1523 583 1577 in
632 1539 894 1594 prospera
938 1525 1152 1579 fortuna
1201 1522 1508 1591 expeditius
1563 1521 1730 1576 etiam
1775 1522 1967 1578 molles
2025 1524 2120 1575 lio-

533 1615 709 1670 mines
741 1616 1031 1686 prudentia
1066 1627 1310 1680 utantur,
1344 1630 1431 1670 res
1453 1625 1602 1669 certe
1627 1614 1871 1669 adversae
1915 1614 2119 1684 probos

536 1707 820 1761 declarant
846 1708 1013 1762 viros.
1054 1707 1112 1761 In
1165 1707 1418 1762 felicibus
1459 1706 1645 1775 itaque
1691 1711 2004 1759 moderatus
2026 1705 2117 1775 qui

2309 696 2547 747 Ἐκεῖνον
2572 692 2746 755 ὅντως
2777 689 3025 760 ἀνδρεῖον
3063 686 3345 758 ὁρίζομαι,
3373 685 3432 741 δν
3454 685 3572 741 οὔτε
3597 687 3766 744 δυσκο-

2221 787 2312 840 λία
2360 784 2707 856 πραγμάτων
2739 822 2755 846 ,
2813 780 2935 834 οὔτε
2999 779 3211 852 ἐχθρῶν
3258 778 3479 852 ἤλεγξεν
3522 779 3768 854 ἐπιϐουλή.

2221 879 2343 931 Τῶν
2373 878 2482 947 γὰρ
2531 875 2745 929 πολλῶν
2789 874 2896 928 ὑπὸ
2923 874 3034 927 τῶν
3069 872 3330 925 τοιούτων
3372 871 3625 927 εἰωθότων
3669 873 3771 927 ἀλίμ-

2224 971 2473 1033 σκεσθαι,
2494 972 2521 1023 ὁ
2548 968 2623 1040 μὴ
2646 970 2702 1021 ἐν
2726 970 2842 1031 τοῖς
2858 966 3183 1036 ἀϐουλήτοις
3206 963 3476 1028 εὐάλωτος
3510 965 3774 1036 φωραθεὶς,

2226 1065 2361 1119 ἀλλὰ
2395 1065 2490 1117 καὶ
2521 1062 2792 1133 ἐπηρείας
2826 1060 3074 1130 κοσμίως
3110 1061 3315 1130 φέρων,
3350 1059 3443 1111 καὶ
3479 1058 3630 1128 δόξης
3660 1057 3775 1112 ὑπό-

2224 1157 2374 1211 θεσιν
2415 1154 2744 1225 ποιούμενος
2770 1153 2873 1218 τὰς
2904 1152 3226 1217 ἐπιϐουλὰς,
3282 1150 3379 1204 καὶ
3418 1148 3493 1220 μὴ
3522 1151 3597 1213 εἰς
3619 1150 3776 1204 δουλο-

2224 1251 2457 1321 πρεπεῖς
2492 1247 2971 1317 καταγιγνόμενος
3028 1245 3293 1309 θωπείας,
3340 1244 3454 1297 ἀλλ’
3485 1241 3778 1313 ὑψηλότερον

2225 1343 2334 1397 τῶν
2358 1342 2824 1396 ἐπιϐουλευόντων
2848 1340 2988 1411 ἔχων
3010 1340 3072 1393 τὸ
3104 1339 3383 1410 φρόνημα,
3399 1331 3549 1400 οὗτος
3574 1335 3781 1406 ἀνδρεῖός

2228 1439 2343 1490 ἐστι
2375 1434 2506 1506 παρ’
2540 1434 2663 1505 ἐμοὶ
2684 1435 2871 1505 κριτῇ.
2921 1431 3143 1503 Ἐπειδὴ
3184 1430 3295 1502 γὰρ
3329 1431 3387 1482 ἐν
3433 1430 3529 1500 μὲν
3579 1430 3690 1491 ταῖς
3708 1429 3783 1480 εὑ-

2227 1528 2488 1599 ημερίαις
2512 1529 2709 1598 ῥᾷστον
2736 1527 2831 1580 καὶ
2860 1528 2971 1589 τοῖς
3012 1524 3303 1595 ἀνάνδροις
3336 1524 3633 1593 φρονήματι
3670 1521 3781 1591 χρήο

2234 1617 2451 1684 σασθαι,
2503 1619 2559 1672 αἱ
2592 1615 2879 1670 δυσκολίαι
2909 1614 2967 1670 δὲ
3001 1617 3128 1679 τοὺς
3169 1614 3410 1683 ἀγαθοὺς
3433 1612 3687 1683 κρίνουσι’
3710 1610 3787 1663 τὸν

2237 1711 2335 1782 μὲν
2380 1712 2439 1763 ἐν
2476 1708 2749 1781 εὐημερίᾳ
2791 1708 3037 1779 μέτριον,
3079 1709 3138 1761 ἐν
3170 1706 3228 1759 δὲ
3274 1704 3531 1774 δυσκολίᾳ
3561 1701 3789 1773 πραγμά-

536 1798 643 1864 sit,
678 1799 732 1853 in
777 1800 1020 1855 adversis
1047 1815 1175 1855 vero
1216 1800 1377 1854 rebus
1424 1798 1606 1854 celsus
1653 1796 1985 1865 minimeque
2029 1799 2127 1851 ab-

2237 1818 2362 1867 των,
2404 1800 2800 1866 ἀταπείνωτον,
2864 1797 3254 1869 ἀνδρειότατον
3304 1792 3447 1850 εἶναι
3491 1793 3657 1864 ἔγωγε
3698 1791 3791 1863 ὁρί-

528 1890 742 1957 jectus,
783 1888 1145 1946 fortissimum
1190 1907 1291 1962 ego
1345 1892 1492 1945 hunc
1544 1889 1724 1942 virum
1774 1903 1976 1943 censeo
2024 1904 2126 1959 ap-

538 1981 874 2050 penanduuh

562 2070 823 2128 LXXVII.
854 2105 929 2115 —-
963 2070 1421 2135 MARTINIANO,
1457 2069 1710 2125 ZOSIIIO
1740 2079 1796 2124 et
1828 2067 2115 2125 MAIIONI.

2240 1892 2429 1965 ζομαι.

2351 2075 2471 2129 OZ'.
2512 2103 2583 2115 —
2617 2071 3081 2141 ΜᾹΡΤΙΝΙΑΝῼ,
3123 2070 3399 2142 ΖΩΣΙΜῼ,
3438 2066 3708 2124 ΜΑΡΩΝι.

645 2163 907 2220 Hortatur
932 2177 985 2220 ut
1012 2184 1045 2220 a
1078 2166 1219 2221 vitiis
1243 2166 1502 2219 desistant
1531 2180 1549 2220 :
1579 2181 1698 2232 qum
1730 2173 1804 2237 tot
1832 2173 2107 2237 tantaque,
2141 2174 2199 2219 ut
2242 2183 2335 2223 nec
2363 2168 2462 2222 uiui
2493 2169 2658 2222 verbis
2682 2166 2894 2237 quidem
2918 2166 3242 2235 exprimant,
3278 2179 3372 2219 nec
3398 2162 3586 2233 posteri
3611 2161 3705 2214 sint

1601 2235 1873 2289 credituri.
1905 2234 2129 2306 (Confer
2153 2242 2313 2307 epist.
2346 2239 2417 2294 55
2449 2240 2519 2293 ad
2548 2234 2818 2307 eosdem.)

510 2411 523 2427 .
613 2348 711 2412 Si,
764 2356 823 2403 ut
866 2347 1068 2413 ferunt,
1116 2347 1334 2416 quidam
1369 2348 1523 2403 valde
1572 2350 1769 2420 periti,
1813 2350 2142 2419 dicendique

2319 2353 2403 2417 Εἰ,
2432 2351 2509 2416 ὥς
2536 2350 2672 2423 φασί
2688 2366 2855 2415 τινες,
2887 2349 3010 2402 ούδέ
3031 2349 3080 2401 oi
3097 2347 3219 2401 λίαν
3243 2347 3434 2410 δεινοὶ,
3455 2346 3550 2399 καὶ
3576 2343 3800 2410 eum

542 2450 659 2495 arte
685 2440 995 2506 exercitati,
1027 2452 1266 2495 vestram
1299 2456 1407 2496 nou
1435 2441 1595 2497 facile
1624 2444 2136 2514 audcanttragicam

2247 2447 2444 2517 τέχνην
2475 2444 2858 2515 πεποιημένοι,
2893 2443 2995 2506 τὰς
3026 2441 3307 2512 ὑμετέρας
3364 2439 3564 2511 ῥᾳδίως
3596 2437 3801 2508 τολμῶσι

545 2532 753 2589 referre
775 2533 939 2587 vitam
972 2550 986 2587 :
1036 2542 1295 2587 verentur
1321 2537 1466 2590 enim
1506 2549 1721 2599 eorum,
1750 2537 1843 2607 qui
1892 2551 2036 2591 nunc
2058 2536 2136 2590 vi-

2249 2537 2601 2608 στηλιτεῦσαι
2625 2535 2935 2607 τραγῳδίας
2982 2531 3239 2603 (φοϐοὖντ
3254 2547 3316 2587 αι
3348 2531 3458 2602 γὰρ
3483 2529 3587 2583 τῶν
3615 2530 3705 2601 μὲν
3725 2527 3801 2582 νῦν

543 2637 700 2689 νυιιι,
750 2626 1253 2695 reprehensionem,
1284 2637 1336 2681 et
1383 2636 1632 2697 posteros
1673 2644 1782 2682 non
1807 2630 2136 2685 credituros.

2245 2628 2336 2682 τὸν
2373 2627 2617 2698 ἔλεγχον,
2650 2626 2762 2679 τῶν
2796 2626 2855 2679 δὲ
2902 2624 3184 2695 ἐσομένων
3221 2622 3330 2700 τὴν
3377 2622 3650 2678 ἀπιστίαν.
3687 2619 3803 2681 Τοὺς

547 2717 649 2790 (illi
676 2708 818 2773 enim
866 2716 1017 2787 plura
1067 2732 1128 2773 se
1180 2720 1323 2773 scire
1376 2718 1609 2785 dicunt,
1656 2735 1819 2789 quam
1871 2722 1939 2776 de
1992 2721 2136 2776 vobis

2248 2723 2346 2794 μὲν
2378 2721 2488 2791 γὰρ
2525 2720 2750 2774 πλείονα
2794 2717 2997 2773 εἰδέναι
3040 2717 3226 2787 φασὶν,
3251 2709 3331 2772 ὧν
3375 2715 3442 2769 ἂν
3471 2716 3642 2769 εἰπεῖν
3665 2712 3798 2782 δυνη-

547 2809 839 2863 enuntiare
869 2817 1078 2876 queant
1106 2824 1121 2874 ;
1178 2810 1381 2878 posteri
1410 2825 1543 2864 vero
1570 2810 1779 2864 minora
1813 2826 1908 2866 vos
1942 2809 2136 2880 ﬂagitia

2246 2816 2424 2869 θεῖεν·
2458 2816 2507 2868 οἱ
2552 2814 2610 2868 δὲ
2650 2813 2876 2866 ἔλαττον
2918 2811 3064 2882 ὑμᾶς
3096 2808 3427 2882 δεδρακέναι
3459 2806 3566 2862 τῶν
3606 2804 3804 2876 ῥηθησο·

548 2897 916 2963 cmnmisisse,
959 2914 1122 2967 quam
1172 2915 1294 2968 qua:
1341 2910 1660 2967 narrentur,
1708 2902 2136 2976 existimabunt),

2254 2909 2432 2980 μένων
2469 2904 2816 2978 ἡγήσονται),
2852 2904 2936 2968 τίς
2977 2905 3011 2975 ἡ
3062 2903 3370 2974 ἀνήκεστος
3398 2899 3533 2971 αὕτη
3588 2896 3803 2971 μανία,ἡ

548 3006 669 3060 qua:
718 2989 835 3044 hinc
880 2989 1048 3060 igitur
1074 3000 1255 3045 vestra
1305 2991 1624 3049 incurabilis
1671 3003 1756 3048 est
1799 2995 2042 3048 amentia
2092 3002 2136 3049 et

2254 3001 2679 3072 ἐκϐακχεύσασα
2712 3000 2860 3070 ὑμᾶς
2883 2997 3115 3053 τοιαῦτα
3140 2997 3369 3069 δρᾶσαι,
3397 2994 3432 3050 ἃ
3462 2993 3554 3048 καὶ
3578 2992 3695 3053 τοὺς
3711 2987 3807 3043 νυνὶ

552 3083 930 3146 debacchatio,
960 3083 1089 3137 talia
1124 3098 1218 3138 vos
1261 3094 1480 3151 patrare
1502 3085 1732 3150 scelera,
1761 3101 1882 3156 quae
1905 3095 1959 3141 et
1987 3086 2136 3143 hodie

2254 3093 2599 3155 δεινοτάτους
2629 3089 2864 3159 ἐλέγξει,
2893 3090 2991 3143 καὶ
3027 3089 3158 3153 τοὺς
3185 3088 3330 3159 μετὰ
3345 3086 3520 3141 ταῦτα
3545 3081 3807 3153 ἀπιστῆσαι

553 3174 787 3228 disertos
812 3182 1043 3243 arguant
1073 3174 1296 3238 silentii,
1322 3184 1379 3229 et
1398 3175 1541 3244 apud
1565 3185 1814 3244 posteros
1843 3176 2002 3231 fidem
2033 3193 2136 3232 non

2250 3185 2667 3257 παρασκευάσει
2728 3180 2880 3254 (82);
2917 3183 2994 3236 Οὐ
3031 3181 3142 3254 γὰρ
3181 3179 3479 3235 πιστεῦσαι
3532 3175 3808 3244 ἐθελήσουσι

555 3265 878 3319 inveniant?
919 3263 1030 3320 Nec
1060 3266 1204 3319 enim
1240 3266 1401 3320 facile
1430 3275 1489 3320 ut
1509 3267 1735 3322 credant
1770 3268 1964 3322 adduci
1993 3279 2136 3338 pote-

2254 3279 2474 3351 ραδίως,
2522 3277 2607 3330 ὃτι
2642 3274 2929 3346 ἄνθρωποι
2971 3273 3204 3328 τοιαῦτα
3233 3274 3495 3345 ἔδρασαν,
3544 3269 3581 3324 ἃ
3625 3265 3721 3321 οὐδ’
3758 3262 3810 3318 ἂν

554 3367 682 3410 rnut
725 3356 924 3423 posteri
957 3371 1022 3412 ea
1046 3356 1114 3410 ab
1136 3356 1450 3411 hominibus
1479 3357 1717 3412 admissa
1744 3358 2002 3425 crimina,
2029 3374 2136 3429 qua

2251 3370 2506 3439 δαίμονες
2548 3367 2821 3439 ἀλιτήριοι
2858 3366 3058 3437 δρᾶσαι
3115 3364 3451 3437 ἐτόλμησαν.
3496 3363 3559 3417 Oi
3608 3358 3699 3431 μὲν
3724 3353 3812 3423 γὰρ

555 3463 628 3503 ne
677 3448 928 3504 exitiales
968 3449 1190 3528 quidem
1235 3449 1508 3504 daemones
1529 3451 1870 3506 committere
1896 3454 2128 3508 audeant

2254 3460 2494 3533 δρῶντες
2507 3460 2577 3514 τὰ
2597 3459 2701 3532 δρα
2706 3475 2880 3531 ματου
2889 3458 3019 3530 ργού
3028 3474 3168 3530 μενοι
3177 3458 3399 3528 ,ἥττους
3412 3456 3521 3511 τῶν
3534 3444 3813 3525 τραγῳδιῶν

555 3539 674 3593 Vivi
704 3542 850 3594 enim
877 3550 1091 3610 patrata
1111 3550 1401 3597 cernentes
1428 3542 1636 3597 scelera
1662 3543 1849 3598 dicent
1886 3543 2136 3599 inferior:

2254 3556 2383 3619 τοὺς
2416 3552 2633 3624 λόγους,
2662 3553 2715 3607 οῑ
2761 3552 2807 3607 δ’
2858 3551 3216 3617 ἀκούσαντες,
3256 3550 3482 3622 μείζους
3530 3546 3810 3618 ἡγήσονται.

554 3630 664 3686 illis
711 3633 915 3703 tragica
958 3647 1081 3688 esse
1124 3633 1395 3687 dramata.
1433 3631 1647 3689 Posteri
1683 3648 1815 3689 vero
1842 3634 2129 3689 audientes

2256 3649 2321 3703 Ol
2363 3647 2465 3719 μὲν
2498 3646 2572 3719 μὴ
2621 3644 2947 3716 δεδυνῆσθαι
2995 3645 3097 3714 τὴν
3142 3643 3351 3715 φράσιν
3407 3637 3714 3708 ἐξισωθῆναι
3759 3629 3813 3700 τῇ

557 3724 763 3795 majora
806 3725 913 3780 illis
952 3726 1366 3780 existimabunt.
1426 3725 1505 3780 Illi
1552 3727 1737 3783 verbis
1776 3727 2020 3797 potuisse
2060 3729 2126 3782 ad

2257 3741 2457 3813 πράξει
2496 3737 2782 3810 νομιοῦσιν
2805 3753 2817 3766 ’
2855 3737 2907 3791 οἱ
2952 3737 3010 3790 δέ
3041 3735 3428 3805 ἐξωγκῶσθαι,
3473 3731 3567 3787 καὶ
3606 3726 3728 3797 πρὸς
3767 3719 3816 3774 τδ

555 3817 756 3884 aequari
802 3818 1175 3870 narrationem
1220 3817 1384 3870 rebus
1430 3831 1461 3869 a
1508 3817 1664 3871 vobis
1711 3818 1942 3887 patratis
1995 3834 2136 3886 nega

2262 3832 2446 3903 μεῖζον
2490 3828 2659 3903 ἦρθαι
2694 3829 2763 3883 τὰ
2800 3828 3151 3900 γεγενημένα
3183 3826 3578 3900 ὑπολήψονται.
3630 3820 3689 3875 υἱ
3737 3813 3815 3886 μὲν

556 3911 734 3977 bunt;
776 3909 976 3977 posteri
1004 3919 1185 3963 autem
1213 3920 1595 3979 exaggeratam
1651 3910 1706 3965 in
1730 3910 2013 3979 majusque
2039 3911 2121 3966 ela

2259 3926 2529 3997 ἡττῆσθαι
2569 3925 2696 3989 τοὺς
2745 3927 3006 3996 ῥήτορας,
3056 3923 3109 3976 οἱ
3146 3922 3191 3976 δ’
3240 3904 3680 3993 ὑπερϐεϐηκέναι
3727 3908 3813 3978 ψη-

558 4011 672 4054 tam
693 4000 1000 4056 orationem
1048 4002 1494 4071 suspicabuntur.
1536 4001 1615 4056 Illi
1655 4003 1877 4072 quidem
1908 4015 2136 4059 oratore:

2260 4015 2530 4086 φιοῦνται.
2561 4014 2703 4078 Τοὺς
2727 4015 2828 4085 μὲν
2857 4014 2966 4084 γὰρ
2996 4011 3230 4065 κατόπιν
3258 4012 3361 4082 τῆς
3384 4005 3684 4064 ὑποθέσεως
3706 3997 3814 4086 ὐτο-

560 4093 738 4147 victos
786 4108 910 4148 esse
962 4107 1148 4147 rerum
1207 4094 1577 4164 enormitate,
1633 4097 1837 4166 posteri
1891 4112 2022 4153 vero
2067 4114 2159 4154 su-

560 4198 785 4255 perasse
809 4183 1058 4240 oratione
1089 4183 1433 4253 iudicabunt.
1488 4185 1634 4255 Illos,
1685 4188 1946 4259 inquam,
1996 4204 2161 4260 argu-

562 4285 746 4331 mento
794 4275 986 4343 victos,
1036 4275 1088 4331 lii
1143 4277 1264 4347 plus
1305 4293 1462 4346 aequo
1515 4295 1602 4336 res
1662 4280 1881 4337 auxisse
1947 4282 2132 4336 dicent

2263 4289 2624 4361 φθέγξασθαι,
2675 4287 2961 4342 παύσασθε
2989 4282 3219 4339 τοιαῦτα
3244 4283 3506 4357 δρῶντες,
3529 4279 3566 4335 ἃ
3589 4277 3677 4332 καὶ
3707 4269 3811 4329 τοὺς

563 4366 745 4455 Quare
765 4382 889 4424 cum
917 4370 1119 4435 omnia,
1151 4386 1271 4439 qua:
1294 4371 1671 4442 diciipossunt,
1702 4389 1826 4429 cum
1848 4375 2043 4428 vestris
2065 4388 2136 4427 ext

2263 4384 2359 4437 νῦν
2390 4381 2638 4451 ἐλέγξει,
2678 4380 2773 4437 καὶ
2806 4379 2934 4442 τοὺς
2980 4376 3279 4449 ἐσομένους
3331 4372 3635 4443 ἀπιστῆσαι
3670 4374 3816 4433 παρα·

565 4462 847 4517 secrandis
871 4462 1018 4517 vitiis
1048 4475 1363 4535 comparata
1402 4468 1596 4535 exigua
1645 4467 1780 4533 sint,
1811 4467 2155 4523 committere
2189 4476 2232 4532 1)
2263 4475 2551 4530 σκευάσει.

567 4551 695 4608 talia
723 4552 977 4618 desinite,
1002 4569 1125 4624 qua:
1148 4565 1205 4611 et
1232 4566 1530 4625 praesentes
1557 4566 1808 4614 oratores
1830 4566 2083 4625 arguant,
2109 4567 2164 4611 et

568 4645 708 4715 apud
744 4655 990 4712 posteros
1027 4646 1183 4701 fidem
1218 4664 1324 4703 nou
1358 4658 1693 4705 mereantur.

2260 4199 2443 4254 τοίνυν
2468 4199 2646 4253 πάντα
2703 4196 2881 4269 μικρὰ
2926 4197 3065 4269 πρὸς
3103 4197 3204 4265 τὴν
3246 4194 3526 4267 ὑμετέραν
3569 4179 3814 4259 βδελυρίαν

2260 4082 2538 4177 λελεῖφθαι
2565 4106 2701 4179 (83),
2728 4082 2876 4170 *τοὺς
2916 4082 2976 4159 δέ
3006 4103 3448 4176 ὑπερϐεϐηκέναι
3477 4100 3743 4172 φήσουσιν.
3764 4083 3819 4139 Εῑν
3911 4082 3914 4085 ’

717 4755 878 4827 577
912 4757 1195 4815 LXXVIII.
1226 4788 1299 4803 ε·-
1329 4759 1632 4817 EUGENIO
1685 4760 2006 4818 DIACO‘NO.

2518 4759 2649 4815 on'.
2682 4789 2754 4802 -
2790 4757 3090 4829 ΕΥΓΕΝΙῼ
3123 4754 3240 4827 (84)
3275 4748 3603 4820 ΔιΑιςοΝᾳ.

574 4824 754 4918 Παβοῖ
893 4850 1075 4919 futura
1115 4854 1225 4908 vita
1281 4871 1478 4911 merces
1509 4857 1606 4911 erit
1635 4858 1955 4998 συππλ(ίὲκὲ
1986 4856 2117 4938 uikii
2168 4824 2531 4994 δοέιὲνυιιὲξη)
2554 4855 2653 4907 hac
2687 4854 2798 4908 vita
2843 4824 3108 4922 accepere,
3135 4824 3191 4902 ut
3221 4824 3531 4916 Harpocras
3571 4833 3807 4909 Sophim-

1910 4944 1999 4998 up.
2032 4938 2183 4996 epist.
2330 4937 2375 4979 et
2449 4942 2500 4980 ο.

1910 4944 1999 4998 up.
2032 4937 2183 4996 epist.
2218 4937 2289 4981 az
2330 4937 2375 4979 et
2410 4937 2500 4980 aa.

649 5034 819 5104 Scito,
842 5038 1047 5108 optime
1098 5042 1200 5107 vir,
1260 5054 1403 5098 recte
1462 5055 1714 5114 agentem
1757 5044 2041 5115 praemium
2091 5044 2145 5096 in

2332 5040 2500 5105 Ἰσθι,
2543 5033 2590 5093 ὧ
2623 5038 2887 5111 μακάριε,
2919 5037 3003 5091 ὅτι
3044 5035 3147 5090 ούκ
3181 5034 3261 5097 εἰς
3294 5031 3356 5086 τὺ
3388 5030 3466 5102 μὴ
3484 5025 3663 5082 λαϐεῖν
3693 5019 3821 5085 ἀμοι-

1723 5197 1960 5255 ἾΑΗΙΛΕ
2001 5196 2390 5255 LECTIONES
2424 5195 2514 5251 ΕΤ
2554 5192 2789 5251 NOTAE.

654 5358 770 5431 (92)
808 5355 955 5411 Inter
989 5357 1399 5431 παρασκευάσει
1436 5369 1484 5431 et
1514 5360 1576 5412 οὐ
1612 5361 1726 5414 hinc
1757 5356 1915 5431 plane
1946 5357 2159 5431 sincera

582 5426 770 5485 ct'ad
828 5426 1149 5482 sententiam
1214 5427 1522 5483 necessario
1571 5428 1859 5484 inserenda
1914 5426 2165 5494 supplent

582 5502 733 5570 codd.
770 5499 894 5570 Vat.
926 5499 1031 5553 650
1065 5510 1117 5552 et
1150 5500 1277 5561 Alt.,
1304 5498 1541 5562 Τούτους
1570 5501 1667 5570 μὲν
1697 5497 1806 5567 γὰρ
1832 5494 2065 5570 ἐλέγξει,
2090 5494 2165 5558 ὡς

586 5568 662 5640 μὴ
683 5569 1010 5639 δυνηθέντας
1036 5570 1275 5636 ἐπαξίως
1299 5570 1397 5637 τῆς
1421 5567 1691 5640 ἡμετέρας
1715 5568 1910 5640 κακίας
1935 5567 2162 5640 φράσαΨ

582 5636 823 5706 ἐκείνους
876 5641 931 5695 δὲ
967 5642 1266 5710 ἀπιστῆσαι
1316 5636 1745 5710 παρασκευάσει.
1803 5636 1916 5710 Hoc
1945 5636 2167 5690 verbum

586 5710 834 5783 ultimum
888 5709 1320 5783 παρασκευάσει,
1366 5712 1607 5783 secundo
1652 5709 2158 5783 repetiturirpocca-

588 5780 794 5838 sionem
825 5776 1077 5839 oscitanti
1108 5781 1428 5850 (IUSCI‘ipIOI‘I
1471 5776 1762 5850 praebuisse
1795 5776 2051 5832 credibile
2090 5787 2172 5830 est

2270 5355 2375 5409 Iioc
2403 5366 2615 5406 comma
2647 5347 2954 5403 omittendi.
2990 5342 3208 5401 Possm.
3236 5414 3241 5415 ί
3270 5413 3279 5415 _
3546 5414 3549 5415 ν
3585 5403 3597 5415 ,

2342 5391 3302 5491 ’ἱίῖίἕιῖῖέδιίώ
3348 5414 3559 5465 mutant
3585 5403 3633 5458 in
3656 5391 3824 5452 ἀπολε-

2270 5492 2897 5637 λεῖιῖῗῗίῦἷὲἶβργειίφ,
2928 5557 3018 5627 nui
3052 5555 3246 5637 ιιιιίοιεε
3279 5554 3382 5637 hoe
3413 5545 3823 5637 'ib!‘9:-t’."t°.f§1

2275 5615 2593 5705 ponendum
2618 5615 3097 5700 Εύτονίιρίοὶειιιι
3130 5628 3274 5682 enim
3314 5624 3382 5702 ad
3411 5618 3649 5675 eumdem
3679 5615 3823 5675 perﬁl-

2335 5705 2385 5722 ἰε
2454 5705 2575 5722 καλ-ι
2644 5701 2741 5722 am
2788 5711 2828 5722 _.
2865 5700 2971 5722 tanta
3040 5698 3167 5722 una-
3202 5706 3247 5722 -.ι
3293 5701 3423 5722 mp..."
3492 5685 3558 5722 GR
3614 5680 3826 5722 adeum-

2279 5680 3170 5770 :;."a'i'i's"g.;a;;.72'e‘ietaetatis
3199 5706 3253 5754 ct
3291 5692 3448 5764 epist.
3492 5685 3578 5753 96,
3614 5680 3673 5736 ad
3699 5686 3788 5731 eun

2281 5778 2420 5832 denu
2458 5773 2703 5828 Scnorr.
