4078 6364
345 353 486 422 13ἷ3

1220 359 1753 420 EPISTOLARUM
1792 359 1937 418 LIB.
1981 359 2046 417 ν.
2081 381 2147 392 -
2184 357 2419 416 EPIST.
2461 357 2746 423 LXXXII.

3464 353 3600 418 1374

340 471 466 538 σὰς,
509 469 626 526 ἀλλ’
677 473 760 536 είς
797 471 860 525 τὸ
910 470 1296 544 λαμπροτέρας
1337 471 1536 538 λαϐεῖν,
1567 474 1616 526 εί
1647 475 1708 527 ἐν
1753 474 1911 527 πᾶσιν

2025 485 2265 540 presens
2295 486 2402 526 non
2433 471 2703 541 accipere,
2734 470 2962 541 idipsum
2990 484 3098 526 non
3130 478 3188 524 ut
3217 469 3453 537 amittat,
3498 477 3596 528 sed

339 561 783 632 εὐδοκιμήσειας,
811 561 872 616 τὸ
907 560 1136 631 μηδέπω
1164 561 1348 615 λαϐεῖν
1383 563 1776 632 περιστήσεταί
1813 579 1916 616 σοι.

351 652 412 707 ’0
447 653 544 725 μὲν
571 653 682 724 γὰρ
708 651 946 707 ἐνταῦθά
969 669 1024 705 τι
1056 651 1236 706 λαϐὼν
1263 651 1516 724 λαμπρόν
1534 669 1548 684 ’
1573 655 1602 707 ό
1629 653 1684 706 δὲ
1715 653 1790 726 μὴ
1821 652 1920 707 λα·

337 745 478 811 σὼν,
524 744 910 816 λαμπρότερον
958 747 1140 798 ἐκεῖσε
1194 744 1306 809 ἔξει
1351 744 1444 798 τὸν
1493 745 1780 814 στέφανον.
1827 747 1918 816 Μὴ

335 840 545 906 τοίνυν,
584 837 614 892 ὃ
657 838 928 909 θυμηδίας
972 837 1092 891 ἐστὶ⁸
1136 837 1422 910 πρόξενον,
1469 835 1632 891 τοῦτο
1682 837 1922 909 ἀθυμίας

338 949 427 986 σοι
458 930 634 986 αἴτιον
659 929 914 999 γινέσθω.
962 927 1053 1000 Τῷ
1084 928 1184 1002 μὲν
1231 929 1342 1001 γὰρ
1387 928 1624 984 ἐνταῦθα
1651 931 1919 1001 εἰληφότι,

334 1021 570 1084 είκότως
626 1021 994 1091 ὑποτέμνεται
1027 1021 1056 1074 ό
1085 1019 1308 1090 μισθός·
1336 1019 1416 1091 τῷ
1459 1020 1517 1075 δὲ
1559 1021 1637 1093 μὴ
1674 1021 1922 1094 εἰληφότι

333 1113 598 1186 ἀκέραιος
628 1111 790 1184 δῆλον
818 1112 903 1166 ότι
938 1111 1292 1182 φυλάττεται.

2028 572 2087 616 ιιι
2132 561 2532 617 muniﬁcentius
2606 563 2872 632 accipiat,
2912 561 3255 618 occasionem
3307 578 3450 618 esse.
3499 563 3599 630 Qui

2027 654 2176 709 enim
2232 653 2322 709 hic
2381 653 2526 724 capit
2565 653 2790 724 aliquid,
2826 653 3094 710 illustrem
3138 654 3380 725 quidem,
3420 665 3478 710 at
3507 657 3599 726 qui

2027 745 2162 802 nihil
2197 745 2488 815 receperit,
2528 744 2874 800 illustriorem
2912 745 2965 800 in
2990 745 3162 801 altera
3189 745 3298 800 vita
3342 760 3599 801 coronam

2027 846 2412 906 consequetur.
2449 835 2590 892 Cave
2631 837 2796 907 igitur
2852 850 2920 891 ne
2963 836 3107 906 quod
3161 835 3328 891 animi
3366 829 3602 892 delecta-

2030 927 2230 982 tionem
2255 927 2536 994 conciliat,
2564 927 2743 997 pariat
2781 925 2876 980 tibi
2923 924 3098 995 pusilli
3145 925 3314 982 animi
3357 927 3600 983 occasio—

2026 1033 2171 1074 nem.
2257 1015 2360 1073 Hic
2434 1018 2579 1072 enim
2652 1017 2938 1088 recipienti
2992 1016 3187 1072 merito
3259 1017 3600 1087 intercipitur

2024 1121 2267 1176 merces;
2295 1107 2374 1163 illi
2397 1123 2528 1164 vero
2557 1122 2664 1163 non
2695 1107 2979 1177 accipienti
3017 1107 3286 1176 integrum
3330 1107 3600 1164 asservari

2023 1201 2327 1272 praemium,
2357 1199 2707 1255 manifestum
2747 1208 2854 1255 est.

643 1276 763 1334 05'.
795 1307 866 1320 —
897 1275 1206 1348 ΚΥΡΙΛΛῼ
1239 1277 1610 1352 ΕΠΙΣΚΟΠῼ.

2271 1289 2512 1347 LXXIX.
2559 1320 2634 1332 —
2663 1288 2967 1346 επιειιο
2996 1289 3342 1346 EPISCOPO.

1093 1367 1456 1443 Elesmosynw
1480 1372 1546 1428 de
1574 1373 1722 1444 juste
1745 1381 1915 1442 partis
1947 1391 2116 1452 gratae
2146 1382 2278 1439 Deo.
2313 1382 2494 1457 (Conf.
2524 1384 2676 1454 epist.
2707 1382 2862 1455 ειν.)

405 1475 534 1536 Οἵδε
589 1479 809 1544 πάντως
851 1481 888 1552 ἡ
939 1479 1008 1552 σὴ
1056 1480 1302 1548 σύνεσις,
1355 1483 1433 1548 ὡς
1475 1483 1600 1539 οὐδὲ
1633 1486 1694 1540 τὸ
1729 1487 1911 1543 ἄδικον

2097 1493 2277 1551 Probe
2307 1504 2396 1550 tua
2437 1493 2591 1550 novit
2617 1495 2903 1564 prudentia
2935 1495 3150 1551 lucrum
3195 1494 3457 1566 iniustum
3487 1511 3595 1550 non

335 1574 531 1646 κέρδος
557 1575 636 1638 είς
663 1573 1033 1646 ἐλεημοσύνην
1060 1575 1368 1646 ἐπιτήδειον
1386 1592 1402 1608 °
1434 1575 1560 1632 οὔτε
1581 1580 1616 1650 ἡ
1646 1578 1911 1650 ἀπληστία

2027 1585 2161 1640 satis
2199 1599 2324 1642 esse
2362 1585 2717 1659 eleemosynze
2751 1587 3027 1652 idoneum,
3078 1599 3254 1656 neque
3299 1585 3599 1655 inexplebi-

337 1665 445 1719 τῶν
495 1669 924 1738 οίκονομούντων
967 1666 1066 1738 τὴν
1127 1667 1527 1739 Πηλουσιωτῶν
1587 1671 1911 1743 Ἐκκλησίαν

2029 1676 2132 1731 lem
2181 1675 2418 1732 habendi
2468 1677 2818 1746 cupiditatem
2865 1675 3303 1746 dispensatorum
3337 1673 3598 1731 Ecclesiae

332 1757 500 1829 κόρον
531 1753 692 1812 οἶδεν.
727 1759 962 1830 Ἀριστα
990 1753 1084 1812 οῦν
1113 1756 1402 1831 πράξειας,
1433 1761 1482 1813 εί
1513 1761 1781 1826 παύσειας
1807 1762 1911 1818 τῶν

2018 1767 2415 1824 Pelusiotarum
2447 1784 2609 1840 posse
2636 1769 2846 1826 satiari.
2889 1767 3107 1840 Optime
3155 1769 3339 1838 itaque
3380 1766 3597 1836 feceris,

329 1849 406 1904 τὰ
449 1848 882 1921 ἐκκλησιαστικά
924 1845 1269 1903 διοικούντων
1299 1852 1558 1922 χρήματα
1593 1851 1692 1916 τὰς
1724 1853 1911 1907 πλεον-

2019 1857 2064 1911 si
2097 1871 2310 1924 eorum,
2343 1856 2439 1926 qui
2497 1857 2753 1913 Ecclesia:
2810 1857 2950 1913 bona
2999 1857 3324 1928 gubernant,
3374 1871 3596 1912 cessare

331 1941 522 2008 εξίας·
565 1943 616 1995 εί
657 1941 767 2012 γὰρ
813 1939 875 1994 τὸ
905 1940 968 2006 ἐξ
994 1940 1208 2004 ἀδικίας
1237 1941 1556 2014 πορίζεσθαι
1585 1947 1700 2008 τοῖς
1725 1944 1911 2016 δεομέ-

2017 1943 2300 1998 avaritiam
2345 1959 2528 2015 cogas.
2573 1944 2631 2001 Si
2680 1946 2828 2001 enim
2877 1961 2972 2016 per
3021 1943 3176 2002 nefas
3220 1954 3376 2017 parta
3419 1959 3490 2000 ne
3540 1946 3596 2000 in

329 2049 448 2096 νοις
479 2032 548 2086 τὰ
592 2034 871 2101 ἀναγκαῖα
923 2033 1026 2087 οὐκ
1075 2033 1294 2102 εὐαγὲς,
1326 2032 1390 2087 τὸ
1419 2034 1555 2106 μηδέ
1587 2037 1700 2100 τοῖς
1729 2036 1911 2108 δεομέ·

2017 2031 2236 2104 iudiciis
2287 2035 2505 2104 quidem
2551 2050 2780 2106 erogare
2832 2035 2916 2091 fas
2965 2046 3084 2103 est;
3119 2035 3389 2106 quomodo
3440 2035 3594 2092 nefas

327 2141 450 2188 νοις
481 2123 623 2178 αὐτὰ
661 2123 928 2195 πορίζειν,
979 2123 1095 2180 ἀλλ’
1127 2125 1351 2190 οἰκείοις
1391 2125 1688 2198 θησαυροῖς
1721 2129 1918 2184 ἐναπο-

327 2213 560 2278 κλείειν,
612 2213 789 2286 πάντη
851 2214 1235 2283 ἐναγέστατον.
1299 2214 1738 2272 Μανθανέτωσαν
1795 2213 1912 2285 οῦν,

326 2306 416 2360 ὃτι
466 2305 562 2358 καὶ
593 2305 872 2376 διανέμειν
909 2305 1184 2375 ὀφείλουσι
1231 2305 1490 2378 καθαρῶς
1517 2311 1632 2373 τοῖς
1683 2309 1916 2382 πενομέ-

325 2415 448 2462 νοις
496 2397 568 2451 τά
613 2397 838 2462 δικαίως
873 2399 1147 2468 προσόντα
1179 2399 1274 2452 καὶ
1318 2398 1534 2464 ἀδικίας
1560 2401 1779 2472 ἀπάσης
1811 2418 1913 2454 κα-

329 2487 612 2560 θαρεύειν,
639 2488 877 2560 μάλιστα
909 2487 1010 2559 μὲν
1039 2488 1227 2560 ἐπειδὴ
1251 2487 1332 2560 τῷ
1358 2491 1536 2562 Κριτῇ
1561 2491 1720 2546 τοῦτο
1745 2490 1910 2546 δοκεῖ·

326 2581 528 2636 ἔπειτα
561 2581 644 2648 δὲ,
671 2581 756 2636 ότι
796 2581 919 2636 οὐδὲ
947 2581 1173 2636 ἐκείνων
1221 2582 1429 2647 ἕνεκεν,
1472 2577 1548 2656 ὧν
1581 2601 1715 2654 φασι
1747 2602 1914 2657 φρον-

325 2673 528 2737 τίζειν,
556 2672 994 2738 πλεονεκτοῦσιν,
1025 2671 1162 2726 ἀλλά
1188 2673 1316 2739 τοὺς
1341 2673 1576 2739 οίκείους
1605 2674 1914 2748 θησαυροὺς

329 2764 620 2834 ἐμπλῆσαι
669 2763 1003 2835 γλιχόμενοι.
1061 2765 1124 2818 El
1156 2763 1264 2837 γὰρ
1319 2764 1568 2830 σόέσειας
1619 2767 1730 2821 τῶν
1781 2768 1913 2822 διοι-

329 2855 577 2908 κούντων
600 2855 701 2927 τὴν
731 2855 1060 2927 ἀπληστίαν,
1093 2855 1294 2928 πολλῆς
1331 2856 1698 2914 ἀπολαύονται
1727 2861 1776 2913 oi
1810 2861 1914 2916 πέ-

329 2961 495 3016 νητες
522 2946 828 3018 εὐετηρίας.

670 3037 754 3092 Il'.
787 3068 856 3078 —
893 3037 1224 3109 ΑΡΠΟΚΡᾼ
1261 3039 1574 3112 ΣΟΦΙΣΤῌ.

2017 2139 2125 2180 non
2147 2125 2256 2181 erit
2281 2140 2343 2182 ea
2367 2125 2421 2184 in
2449 2127 2686 2198 prepriis
2719 2127 2991 2184 thesauris
3013 2127 3321 2198 reponere?
3353 2127 3593 2188 nocean-

2016 2224 2105 2270 tur
2158 2215 2364 2286 itaque,
2413 2219 2632 2288 quando
2704 2233 2836 2290 pure
2884 2229 2941 2274 et
2986 2219 3216 2275 candide
3266 2219 3594 2290 pauperibus

2017 2308 2349 2366 distribuere
2375 2324 2441 2364 ea
2472 2309 2690 2376 debent,
2712 2325 2833 2380 qua:
2856 2309 3006 2381 juste
3035 2325 3100 2365 ac
3130 2309 3368 2382 legitime
3397 2308 3590 2378 acqui-

2015 2400 2263 2466 siverint,
2315 2401 2386 2456 ab
2451 2401 2717 2471 iniustitia
2781 2401 2928 2457 omni
2976 2415 3142 2472 puros
3205 2415 3265 2456 se
3341 2399 3588 2466 reddere,

2015 2494 2253 2549 maxime
2301 2509 2426 2549 cum
2481 2491 2658 2550 Judici
2705 2491 2867 2566 [Deo]
2921 2493 3002 2549 sic
3055 2492 3334 2565 placitum,
3379 2490 3596 2561 quando

2017 2599 2191 2654 neque
2224 2584 2434 2640 illorum
2456 2584 2652 2656 gratia,
2679 2601 2797 2656 quae
2814 2599 3009 2640 curare
3035 2598 3095 2640 se
3125 2582 3331 2648 dicunt,
3363 2579 3595 2652 amplius

2015 2676 2351 2744 possideant,
2386 2677 2480 2731 sed
2507 2675 2753 2745 quotidie
2794 2675 2910 2731 suis
2945 2674 3271 2746 impleantur
3298 2671 3589 2726 thesauris.

2020 2765 2080 2822 Si
2106 2765 2250 2819 enim
2293 2765 2710 2836 gubernantium
2745 2765 3054 2822 rcsecueris
3102 2761 3334 2820 habendi
3380 2761 3595 2832 cupidi-

2022 2865 2228 2921 tatem,,
2248 2854 2594 2910 emolumenti
2627 2854 2920 2925 plurimum
2947 2855 3136 2924 inopes
3172 2867 3204 2908 e
3243 2851 3595 2921 proventibus

2017 2956 2440 3095 cag’einllxxx.
2461 3067 2527 3079 —
2566 3035 2969 3094 nmmum:
2997 3031 3383 3094 sormsm.

897 3125 964 3181 In
1003 3129 1374 3183 ratiocinando
1411 3139 1564 3184 caute
1586 3130 1874 3201 agendum,
1900 3145 1964 3184 ne
1989 3129 2184 3184 veritas
2221 3129 2356 3182 male
2396 3125 2723 3195 defendendo
2755 3127 3033 3194 prodatur.

415 3243 478 3301 Ὃ
508 3244 607 3316 μὲν
639 3246 698 3299 ἐν
737 3245 848 3308 τοῖς
879 3243 1079 3314 κομιδῆ
1128 3243 1482 3314 ζητουμένοις
1508 3243 1648 3314 ἔχων
1685 3245 1912 3316 ἰσχυρὰν

324 3333 489 3388 λύσιν
537 3336 860 3402 ἐπαγαγεῖν,
909 3333 1136 3396 εἰκότως
1163 3333 1225 3385 οὐ
1269 3333 1472 3386 δέδοικε
1521 3331 1912 3402 χαλεπωτέραν

327 3425 506 3480 ποιῶν
528 3425 626 3496 τὴν
656 3425 951 3480 ἀντίθεσιν.
991 3425 1050 3478 '0
1077 3424 1134 3478 δέ
1163 3425 1238 3496 μὴ
1269 3425 1431 3495 ἔχων,
1462 3423 1562 3496 τὴν
1593 3423 1650 3477 δέ
1681 3423 1910 3494 δύναμιν

323 3517 442 3570 τῶν
465 3516 640 3584 λόγων
670 3517 727 3570 ἐν
748 3520 815 3588 τῇ
861 3515 1134 3570 ἀντιθέσει
1173 3515 1634 3586 ἐπιδεικνύμενος,
1663 3517 1722 3569 ἐν
1748 3515 1807 3569 δὲ
1839 3518 1906 3588 τῇ

322 3607 485 3662 λύσει
535 3607 770 3678 ἀσθενὴς
816 3607 1176 3678 φαινόμενος,
1210 3605 1465 3660 λανθάνει
1520 3605 1910 3678 λαμπροτέραν

321 3698 430 3770 τὴν
476 3698 684 3752 οἰκείαν
718 3697 1167 3770 ἐπιδεικνύμενος
1225 3693 1418 3770 ἧτταν.
1468 3697 1542 3752 Οὐ
1588 3697 1699 3769 γὰρ
1745 3698 1910 3770 ἐχρῆν

321 3789 474 3842 οὕτω
523 3787 673 3858 παρά
725 3787 826 3860 τὴν
879 3787 1055 3860 ἀρχὴν
1091 3786 1464 3856 ἀγωνίσασθαι
1499 3785 1592 3840 τὸν
1644 3787 1910 3858 μέλλοντα

320 3880 755 3952 ἡττηθήσεσθαιι
792 3881 995 3952 μᾶλλον
1051 3879 1130 3947 δὲ,
1167 3881 1216 3933 εί
1259 3879 1342 3933 δεῖ
1391 3878 1652 3950 τάκριϐὲς
1711 3880 1908 3946 είπεῖν,

320 3963 598 4042 προδότης
646 3972 749 4041 τῆς
807 3971 1065 4042 ἀληθείας
1124 3970 1546 4043 φωραθήσεται,
1603 3970 1672 4025 δι’
1704 3964 1781 4024 ὧν
1809 3969 1908 4042 τὴν

320 4063 562 4133 δύναμιν
595 4063 706 4118 τῶν
765 4063 946 4131 λόγων
979 4062 1080 4135 τὴν
1115 4065 1174 4116 ἐν
1217 4063 1286 4134 τῇ
1319 4061 1614 4128 ἀντιθέσει,
1665 4061 1768 4116 οὐκ
1809 4063 1906 4115 ἐπ-

318 4155 566 4222 εδείξατο
594 4160 654 4210 ἐν
675 4159 742 4228 τῇ
772 4155 947 4210 λύσει.

845 4249 972 4302 IlA'.
1006 4271 1074 4288 -α
1111 4246 1382 4317 ΖΩΣΙΜῼ.

2089 3239 2190 3306 Qui
2231 3241 2300 3296 ad
2347 3247 2703 3310 exaggeratas
2741 3239 3072 3307 quaestiones
3119 3237 3354 3293 validam
3420 3243 3600 3305 potest

2017 3333 2214 3388 alierre
2253 3331 2601 3394 solutionem,
2641 3330 2840 3384 merito
2890 3345 2994 3384 non
3027 3329 3236 3394 timeat,
3277 3328 3373 3398 qui
3403 3326 3594 3383 diﬂici—

2020 3423 2207 3478 liorem
2235 3419 2834 3490 afferatobjectionem.
2869 3417 2942 3473 At
2975 3418 3206 3473 solidam
3241 3431 3347 3472 non
3384 3416 3594 3472 habens

2015 3514 2378 3580 solutionem,
2435 3513 2490 3566 in
2547 3509 2778 3581 objectis
2825 3525 2956 3566 vero
3011 3509 3283 3564 rationum
3344 3507 3598 3564 ostendat

2015 3617 2309 3673 momenta,
2325 3618 2384 3664 et
2413 3609 2466 3663 in
2488 3607 2759 3663 solutione
2783 3605 3072 3662 imbecillis
3096 3612 3393 3682 appareat;
3421 3603 3597 3658 nescit

2018 3699 2162 3767 quod
2195 3696 2500 3752 diﬁlcultati
2553 3711 2615 3752 se
2673 3695 3028 3750 succubuisse
3087 3693 3286 3750 clarius
3319 3693 3592 3751 ostendat.

2012 3787 2128 3844 Non
2153 3789 2298 3844 enim
2340 3789 2420 3845 sic
2453 3789 2740 3858 oportebat
2787 3801 2912 3843 eum
2943 3787 3013 3843 ab
3051 3786 3204 3844 initio
3231 3787 3590 3850 contendere,

2009 3880 2102 3950 qui
2127 3879 2339 3935 futurus
2361 3888 2483 3935 erat
2515 3878 2765 3944 inferior,
2799 3879 2884 3934 vel
2913 3879 3116 3948 putius,
3163 3878 3210 3934 si
3250 3875 3578 3946 loquendum

2010 3974 2218 4036 ‘verius,
2269 3973 2514 4042 proditor
2567 3973 2814 4028 veritatis
2861 3966 3421 4043 comprehendendus,
3451 3966 3596 4037 quod

2013 4079 2122 4120 non
2144 4063 2337 4119 viderit
2363 4064 2414 4118 in
2438 4063 2706 4120 solutione
2751 4065 2860 4119 vim
2911 4063 3202 4130 rationum,
3235 4073 3356 4132 quae
3393 4059 3446 4114 in
3492 4057 3597 4114 ob-

2009 4158 2242 4228 iectione
2263 4172 2401 4230 appa
2411 4159 2584 4213 rcb1t.

2501 4245 2738 4336 LXXXI,
2761 4275 2832 4288 —
2861 4243 3138 4304 ZOSIMO.

1601 4339 1686 4396 Ad
1721 4341 1957 4395 uirtutem
2001 4341 2324 4397 exstimulat.

397 4450 460 4504 Ei
491 4450 568 4522 μὴ
619 4449 801 4522 βούλει
830 4450 1008 4522 ὀνείδη
1061 4466 1120 4504 τε
1168 4450 1334 4516 ἕξειν,
1368 4452 1466 4505 καὶ
1495 4452 1768 4522 τιμωρίας
1802 4453 1904 4522 ὐφ-

2077 4454 2192 4511 Nisi
2231 4457 2421 4512 subire
2451 4455 2531 4512 vis
2559 4456 2908 4528 ignominiam
2943 4465 3245 4524 pcenasque
3275 4449 3386 4520 pati
3426 4445 3595 4518 5'78

319 4539 467 4607 ἰξειν
497 4540 560 4595 οὖ
587 4559 732 4614 φημι
781 4540 969 4595 ἐνθάδε
1027 4539 1238 4610 (καίτοι
1278 4539 1339 4594 οὗ
1399 4539 1593 4612 μικρὸν
1623 4539 1904 4594 καὶτοῦτο

316 4633 402 4704 τῷ
453 4634 780 4706 ἐχέφρονιᾙ,
823 4631 941 4688 ἀλλ’
977 4634 1038 4686 ἐν
1085 4634 1198 4696 τοῖς
1225 4633 1334 4686 εῐτε
1362 4632 1456 4685 ἐπί
1497 4632 1625 4702 γῆς,
1669 4631 1781 4684 εῐτε
1811 4632 1906 4686 καὶ

2012 4561 2118 4601 non
2154 4547 2208 4602 in
2245 4547 2417 4602 altera
2461 4551 2620 4604 modo
2649 4547 2758 4602 vita
2787 4549 2928 4617 (quae
2959 4559 3048 4600 res
3078 4556 3210 4598 sane
3241 4554 3344 4594 non
3377 4539 3592 4608 exigua,

2013 4638 2058 4692 si
2087 4637 2246 4694 modo
2287 4638 2582 4708 prudenter
2608 4636 2838 4708 iudicas)
2892 4635 2986 4692 sed
3051 4635 3103 4690 in
3165 4635 3286 4698 hac,
3343 4631 3458 4686 sive
3491 4629 3592 4684 sub

314 4724 728 4796 ὁπουδηποτοῦν
759 4724 851 4776 τοῦ
879 4723 1083 4786 παντὸς
1112 4722 1371 4792 τυγχάνει
1395 4721 1786 4793 δικαστηρίοις,
1807 4721 1908 4793 τὴν

2017 4739 2184 4798 terra,
2219 4731 2337 4786 sive
2364 4732 2420 4786 in
2452 4733 2646 4804 quovis
2675 4731 2782 4787 alio
2812 4731 3122 4798 ubicunque
3158 4723 3448 4789 tribunali,
3482 4719 3592 4787 fac,

318 4814 604 4887 ρᾳθυμίαν
633 4816 1069 4886 ἀποσεισάμενος
1095 4813 1220 4884 ἔχου
1249 4813 1348 4882 τῆς
1379 4813 1600 4884 ἀρετῆς.

747 4929 874 4985 ﬂB'.
911 4959 982 4970 —
1017 4929 1472 4999 ΔΡΤΕΜΙΔΩΡῼ.

2015 4820 2166 4889 pulsa
2200 4821 2436 4892 ignavia,
2465 4823 2653 4876 virtuti
2683 4821 2989 4878 incumbas.

2397 4933 2730 4990 LXXXll.-
2757 4931 3232 4990 ARTEMIDORO.

319 5020 410 5076 Ea;
435 5021 634 5086 animo,
674 5037 778 5076 non
801 5036 866 5074 ea:
894 5031 1074 5075 eventu
1109 5035 1189 5074 res
1222 5017 1567 5074 aestimandae.
1605 5017 1766 5098 (Vide
1790 5022 1938 5098 epist.
1962 5022 2100 5098 290,
2133 5043 2188 5080 ιη
2221 5027 2355 5098 illud
2385 5025 2542 5098 Pauli
2565 5039 2586 5080 :
2621 5045 2640 5078 ‹
2676 5023 3044 5098 Unusquisque
3079 5027 3348 5096 propriam
3369 5025 3590 5092 accipiet

1485 5091 1792 5145 mercedem.
1840 5110 1858 5142 ι
1889 5091 1916 5144 1
1951 5092 2076 5149 Cor.
2118 5113 2202 5161 Ill,
2237 5096 2272 5151 8
2301 5106 2350 5151 et
2391 5095 2504 5167 H.)

403 5185 466 5236 '0
512 5185 690 5238 πάντα
729 5183 798 5238 τὰ
829 5185 909 5247 είς
952 5181 1116 5237 αὐτὸν
1158 5182 1362 5254 ἥκοντα
1398 5182 1692 5255 πληρώσας
1725 5185 1804 5248 εἰς
1840 5184 1903 5238 τὸ

318 5275 531 5340 πεῖσαι,
573 5273 670 5326 καὶ
711 5273 786 5345 μὴ
833 5273 1050 5338 πείσας,
1107 5275 1184 5338 ὡς
1209 5274 1416 5338 ἀνύσας
1461 5275 1670 5339 δίκαιος
1704 5273 1772 5329 ἀν
1817 5276 1902 5346 είη

319 5364 738 5437 θαυμάζεσθαι·
784 5365 1040 5420 τοσοῦτον
1087 5367 1283 5438 ἀπέχει
1311 5367 1407 5422 τοῦ
1461 5367 1722 5440 μέμψεως
1751 5367 1905 5435 ἄξιος

319 5455 484 5512 εἶναι.
537 5459 598 5512 Et
627 5458 685 5512 δέ
731 5456 1046 5529 θαυμαστὸν
1095 5456 1236 5514 εἷναί
1285 5477 1368 5513 σοι
1399 5459 1560 5514 τοῦτο
1586 5460 1750 5526 δόξει,
1787 5461 1906 5514 ἐπι-

2081 5189 2184 5256 Qui
2217 5191 2361 5259 quod
2389 5189 2444 5244 in
2493 5189 2611 5257 ipso
2649 5197 2754 5251 est,
2783 5187 2966 5243 omnia
3005 5187 3323 5255 exsequitur
3365 5193 3424 5238 ut
3466 5197 3590 5253 per-

2009 5283 2258 5347 suadeat,
2312 5297 2420 5338 non
2467 5278 2760 5351 persuadet
2807 5287 3012 5343 tamen,
3074 5287 3282 5331 tantum
3340 5275 3494 5329 abest
3531 5281 3590 5327 ut

2010 5375 2436 5444 reprehensione
2468 5373 2719 5428 videatur
2737 5371 2953 5443 dignus,
2994 5381 3049 5424 ut
3071 5369 3249 5426 omnis
3276 5367 3348 5422 sit
3368 5379 3584 5434 expers.

2013 5465 2070 5522 Id
2081 5466 2126 5520 si
2145 5466 2282 5520 mire
2295 5466 2497 5520 dictum
2518 5464 2616 5520 tibi
2637 5464 2903 5528 videatur,
2927 5461 3194 5520 calculqu
3212 5458 3373 5515 addet
3397 5457 3588 5512 beatus
3630 5510 3634 5519 ,

317 5549 605 5622 ψηφιεῖται
631 5548 744 5623 (85)
773 5553 803 5604 ό
846 5551 1056 5618 Παῦλος
1097 5554 1354 5622 φάσκων·
1391 5573 1410 5606 ι
1449 5554 1718 5619 Ἕκαστος
1741 5555 1799 5609 δέ
1817 5555 1908 5609 τὸν

2017 5557 2212 5612 Paulus
2233 5556 2421 5614 dicens
2445 5575 2458 5612 :
2483 5576 2504 5609 s
2533 5555 2916 5628 Unusquisque
2936 5553 3244 5612 mercedem
3263 5565 3413 5606 suam
3437 5545 3587 5604 acci-

1417 5683 1651 5739 VARIA‘I
1686 5683 2070 5740 LECTiONES
2109 5683 2200 5740 ET
2235 5682 2469 5742 ΝΟΤΕ.

401 5797 513 5871 (85)
561 5797 968 5873 Ἐπιψηφιείται
998 5801 1153 5862 codd.
1196 5801 1318 5860 Vat.
1342 5803 1535 5889 etAlt.
1572 5802 1814 5860 breviant
1845 5805 1896 5858 in

2017 5803 2242 5875 ιψηφιεί.
2277 5802 2485 5861 Possm.
