4078 6374
544 363 640 431 I37
645 369 678 431 5
1744 375 1803 436 S.
1850 375 2140 439 [SIDORI
2179 378 2619 442 PELUSIOT/E
3654 395 3771 467 1376

536 475 817 546 cietjuxta
842 474 1078 533 laborem
1097 493 1288 539 suum:
1326 499 1345 532 ι
1374 496 1478 536 non
1504 483 1662 548 dixit,
1692 504 1710 537 ι
1738 485 1893 555 juxta
1931 488 2131 544 laboris

2159 506 2203 561 Α
2238 489 2369 545 ἴδιον
2420 492 2613 563 μισθὸν
2663 492 2897 563 λήψεται
2930 493 3072 549 κατά
3116 494 3209 549 τὸν
3237 495 3371 552 ἴδιον
3407 499 3585 557 κόπονο
3619 523 3636 557 ι
3683 509 3769 567 αὖκ

538 574 790 621 κινοηιιιιιι
832 577 926 622 aut
955 568 1181 623 exitum.
1208 588 1227 621 ι
1279 568 1382 637 Qui
1421 572 1565 626 enim
1614 574 1747 628 nihil
1807 578 1993 631 omisit
2036 594 2130 632 eo-

2233 578 2355 636 είπε
2380 601 2393 614 ·
2445 585 2602 638 Κατὰ
2649 584 2750 656 τὴν
2796 584 2891 640 τοῦ
2974 587 3227 657 καμάτου
3299 589 3532 648 ἔκϐασιν.
3574 594 3629 650 '0
3684 606 3771 673 γὰρ

539 668 682 723 rum,
717 674 839 730 quae
893 659 1093 717 fecisse
1128 663 1394 733 oportuit,
1449 664 1496 720 is
1547 679 1748 721 corona
1802 669 1997 739 dignus
2045 672 2125 724 vi-

2236 673 2403 744 μηδὲν
2433 675 2780 746 παραλείψας
2810 677 2921 730 τῶν
2950 678 3283 747 ὀφειλόντων
3324 674 3645 755 πεπρᾶχθαι,

539 750 751 804 deatur.

2235 766 2421 833 φάνων
2451 767 2599 821 ἐστὶν
2632 768 2860 832 εἰκότως
2893 768 3061 835 ἄξιος.

821 862 1111 922 LXXXIII.
1147 897 1221 910 —
1249 866 1486 925 PAULO
1515 869 1837 927 DIACONO.

2591 881 2715 935 nr'.
2755 912 2825 922 -
2856 884 3094 956 anno
3138 886 3458 960 ΔῙΑΚΟΝῼ.

678 956 707 983 ’
775 957 1097 1016 Convivator
1125 964 1352 1033 optimus
1381 965 1522 1035 quis.
1562 962 1652 1019 Sic
1702 964 2005 1021 Timotheus
2038 968 2247 1026 dicebat
2284 968 2531 1029 Platonis
2562 975 2801 1029 convivia
2831 977 2990 1029 etiam
3021 987 3231 1047 postero
3263 981 3346 1035 die
3370 956 3565 1048 uipera.

608 1073 1025 1130 Convivatoretn
1079 1090 1180 1146 ego
1219 1077 1369 1133 illum
1402 1078 1667 1149 insignem
1705 1095 1827 1135 esse
1864 1081 2126 1147 arbitror,

2302 1087 2571 1160 Λαμπρὸν
2601 1088 2890 1158 ἑστιάτορα
2913 1086 3053 1145 εἶναι
3093 1093 3301 1145 ἐκεῖνον
3332 1093 3589 1166 ἡγοῦμαι,
3618 1096 3673 1153 οὗ
3706 1101 3782 1155 τὸν

537 1181 648 1220 non
678 1166 769 1235 qui
803 1165 1141 1222 redundante
1180 1169 1317 1224 cibis
1349 1184 1532 1225 mensa
1572 1171 1857 1226 convivam
1900 1174 2127 1243 excipit,

2232 1176 2643 1252 φλεγμαινούσῃ
2694 1182 2944 1254 τραπέζῃ
2978 1183 3250 1239 ἑστιῶντα
3298 1186 3426 1249 τοὺς
3467 1185 3778 1260 δαιτυμόνας,

536 1265 592 1308 et
617 1256 901 1310 saturitate
931 1256 1187 1324 injuriam
1214 1259 1436 1324 inferat,
1460 1260 1554 1315 sed
1585 1262 1676 1330 qui
1706 1271 1969 1332 quantum
1994 1264 2127 1317 satis

2229 1268 2326 1321 καὶ
2358 1268 2449 1322 τὸν
2480 1271 2642 1343 κόρον
2668 1271 2991 1343 ὑϐρίζεσθαι
3022 1277 3535 1344 παρασκευάζοντα,
3561 1256 3688 1336 ἀλλὰ
3709 1283 3780 1336 τὸν

538 1345 608 1399 sit
632 1355 923 1415 apparatas
948 1347 1135 1418 epulas
1154 1350 1356 1419 condit,
1390 1352 1687 1422 miscetque
1712 1355 1940 1409 rationis
1968 1355 2126 1425 plena

2229 1363 2297 1431 τῇ
2329 1361 2634 1435 αὐταρκείᾳ
2662 1364 2773 1418 τῶν
2815 1367 3391 1437 παρασκευασθέντων
3413 1372 3674 1443 κιρνῶντα
3702 1374 3781 1445 τὴν

540 1439 877 1508 hortatione,
902 1441 1058 1513 cujus
1092 1441 1299 1500 utilitas
1341 1447 1539 1501 anima:
1581 1445 1742 1500 etiam
1793 1456 1952 1519 queat
2001 1462 2129 1517 pro-

2230 1451 2457 1524 λογικὴν
2496 1456 2841 1524 παραίνεσιν,
2875 1452 2945 1531 ἦς
2976 1462 3009 1532 ἠ
3036 1460 3275 1532 ὠφέλεια
3316 1463 3415 1517 καὶ
3450 1439 3621 1537 ψυχῆς
3646 1439 3782 1520 ἀπτε-

538 1530 721 1585 desse.

2234 1543 2359 1598 σθαι
2387 1545 2654 1616 πέφυκεν.

540 1642 831 1703 LXXXIV.
866 1675 936 1685 —
975 1645 1440 1713 MARTINIANO,
1505 1649 1790 1720 ZOSIMO,
1824 1650 2125 1719 MABONI,

1123 1716 1543 1777 EUSTATIIIO.

2229 1654 2354 1708 ΠΔ’.
2394 1684 2466 1693 —
2501 1657 3313 1803 ΜΑΡΤΙΝΙΑΝίέῨΔέἲὶᾴΣΙΜῼ,
3368 1662 3661 1730 ΜΛΡΩΝΙ,
3694 1661 3786 1717 ΕΥ-

1786 1835 2049 1891 Hortatttr
2081 1837 2152 1891 ad
2184 1840 2571 1909 paenitentiam.

610 1940 868 2008 Quamvis
895 1944 1049 1999 multi
1096 1945 1163 2000 de
1200 1945 1378 2002 salute
1431 1948 1677 2003 omnium
1715 1959 1960 2005 vestrum
2029 1950 2123 2005 de-
2155 1938 2198 1993 Β

2182 1940 2198 1993 ι
2298 1951 2365 2005 Εί
2398 1952 2492 2005 καὶ
2543 1951 2732 2005 πολλοὶ
2783 1952 2886 2023 τὴν
2923 1951 3197 2025 ὑμετέραν
3231 1954 3514 2025 σωτηρίαν
3564 1956 3792 2026 ἀπέγνω-

537 2042 786 2104 sperant,
831 2035 1080 2107 equidem
1115 2047 1293 2094 tamen
1323 2041 1502 2095 denuo
1540 2041 1607 2095 ad
1643 2056 1738 2096 vos
1765 2042 1967 2096 accedo
1988 2055 2119 2097 sua-

2233 2058 2353 2108 σαν,
2390 2041 2504 2096 ἀλλ’
2547 2043 2661 2113 ἐγὼ
2704 2042 2869 2097 πάλιν
2914 2044 3037 2115 ήκω
3076 2043 3508 2115 συμϐουλεύσων
3542 2045 3638 2117 μὲν
3679 2048 3790 2116 ὑμῖν

537 2141 741 2192 snrus,
804 2135 862 2181 ut
921 2143 952 2183 a
1002 2129 1151 2185 vitiis
1197 2131 1549 2197 abstineatis,
1599 2133 1827 2188 hortans
1879 2148 2008 2189 vero
2059 2133 2125 2188 ad

2228 2133 2593 2204 ἀποφοιτῆσαι
2621 2134 2722 2205 τῆς
2754 2134 2972 2198 κακίας,
3008 2133 3339 2206 προτρέψων
3369 2135 3428 2189 δὲ
3457 2136 3542 2190 ἐπ’
3577 2136 3789 2206 ἀρετήν·

540 2217 799 2272 virtutem
857 2219 1357 2289 complectendam;
1397 2224 1769 2292 praenuntiatus
1828 2224 1991 2279 etiam
2033 2225 2129 2280 im-

2231 2223 2324 2277 καὶ
2353 2224 2720 2296 προμηνύσων
2753 2224 2853 2297 μὲν
2882 2224 2950 2278 τὰ
2977 2227 3090 2289 τοῖς
3117 2224 3348 2294 φαύλοις
3372 2225 3791 2296 ἀποδοθησόμενα

539 2308 720 2379 probis
756 2323 876 2379 qua:
906 2324 1066 2380 paena
1103 2322 1348 2378 maneat;
1368 2323 1557 2370 contra
1584 2329 1718 2370 vero
1745 2331 1868 2386 qua;
1902 2316 2123 2373 virtutis

2229 2313 2508 2386 ἐπίχειρα,
2562 2314 2991 2387 προαγορεύσων
3037 2314 3096 2369 δὲ
3121 2315 3194 2369 τά
3229 2319 3367 2381 τοῖς,
3401 2316 3702 2388 φιλαρὲτοις
3722 2315 3795 2369 δο-

542 2402 803 2456 studiosis
857 2404 1082 2483 praemia
1132 2405 1428 2463 dabuntur.
1498 2405 1558 2462 Si
1602 2408 1787 2478 itaque
1853 2410 2124 2466 rationem

2232 2405 2514 2477 θησόμενα
2551 2407 2785 2463 ἔπαθλα.
2821 2408 2888 2461 Ei
2917 2406 3099 2463 τοίνυν
3130 2408 3195 2461 τὸ
3228 2407 3544 2477 λογιστικὸν
3588 2407 3658 2479 μὴ
3683 2424 3799 2461 παν-

537 2509 645 2549 non
677 2494 906 2549 omnino
949 2497 1322 2566 exstinxistis,
1358 2498 1452 2554 sed
1494 2508 1661 2555 restat
1710 2498 1967 2565 scintilla,
2002 2515 2130 2571 qua

2229 2498 2404 2562 τελῶς
2425 2499 2792 2570 ὲνεκρώσατε,
2821 2499 2936 2553 ἀλλ’
2971 2499 3088 2571 ἔχει
3118 2517 3171 2553 τι
3206 2500 3552 2573 ὲμπύρευμα
3588 2498 3800 2569 ἀναλάμ-

536 2588 758 2643 accendi
780 2598 968 2659 queat,
989 2606 1110 2646 eam
1133 2589 1520 2647 inﬂammando
1546 2594 1828 2649 suscitato.
1848 2590 2129 2662 Forsitan,

2231 2590 2331 2661 ψαι
2357 2592 2684 2664 δυνάμενον,
2710 2591 2857 2646 τοῦτ’
2886 2592 3361 2665 ἀναῤῥιπίσαντες
3384 2593 3638 2665 ὲξάψατε.
3667 2592 3799 2662 Τάχα

537 2678 750 2735 tametsi
777 2694 927 2745 sero,
953 2681 1004 2735 id
1039 2682 1335 2752 aliquando
1381 2686 1742 2755 cognoscetis.

1562 2686 1742 2741 scetis.
2232 2701 2350 2748 πως
2373 2683 2478 2739 κᾶν
2499 2684 2597 2756 ὀψέ
2621 2701 2753 2738 ποτε
2778 2685 2899 2738 τόδε
2931 2686 3172 2757 γνοίητε.

784 2791 1055 2852 LXXXV.
1096 2825 1169 2838 —
1228 2796 1513 2853 HIERACI
1550 2798 1875 2857 DIACONO.
2007 2854 2015 2862 .
2587 2798 2715 2853 HE'.
2749 2827 2821 2837 —
2854 2798 3090 2851 IEPAKI
3131 2798 3468 2871 ΔΙΑΚΟΝῼ.

768 2906 1198 2965 Christianorum
1226 2913 1527 2969 discordia.
1564 2912 1631 2968 In
1655 2914 1875 2985 justitia
1907 2914 2118 2986 ﬁdeque
2160 2907 2423 2967 servanda
2452 2908 2682 2964 latrones
2713 2908 2951 2979 exemplo
2974 2917 3119 2964 sunt.
3157 2907 3305 2981 (Cic.
3339 2909 3369 2964 1
3408 2908 3583 2982 Gaia.)

607 3021 776 3080 Miror
844 3024 1094 3095 equidem
1138 3028 1495 3083 vehementer
1549 3042 1644 3084 eos
1696 3028 1974 3097 latrones,
2029 3027 2126 3098 qui

2295 3022 2432 3079 Λίαν
2461 3019 2751 3092 θαυμάζω,
2787 3020 2937 3087 ὅπως
2959 3022 3010 3077 oi
3035 3022 3136 3094 μὲν
3160 3022 3391 3097 λῃσταὶ,
3421 3025 3471 3077 οἱ
3497 3021 3622 3095 ξίφη
3644 3020 3803 3093 γυμνά

532 3114 741 3173 strictis
764 3125 1089 3187 grassantur
1122 3117 1336 3189 gladiis,
1370 3130 1426 3176 et
1460 3119 1514 3176 in
1561 3118 1739 3190 iustos
1777 3120 1942 3174 etiam
1973 3133 2124 3173 arma

2227 3113 2587 3180 ἐπισείοντες,
2618 3114 2715 3167 καὶ
2738 3112 2883 3168 κατά
2905 3112 3016 3169 τῶν
3043 3114 3213 3187 μηδὲν
3234 3113 3582 3170 ἀδικούντων
3617 3111 3802 3177 όπλιζόε

533 3207 735 3272 I‘erunt,
773 3208 840 3263 de
867 3208 1047 3278 praeda
1097 3211 1450 3281 participare.
1513 3211 1785 3267 Desinunt
1827 3211 1975 3267 enim
2009 3208 2123 3278 jam

2232 3224 2407 3280 μενοι,
2431 3207 2576 3263 ἀλῶν
2606 3209 3060 3281 κοινωνήσαντες,
3083 3211 3184 3265 οὐκ
3210 3208 3299 3264 ἔτι
3333 3212 3444 3266 sic!
3474 3210 3661 3283 λῃσταὶ
3689 3207 3808 3280 πρὸς

530 3315 651 3356 esse
684 3299 926 3357 latrones
953 3315 1078 3372 erga
1109 3317 1225 3370 eos,
1253 3304 1580 3373 quibuscum
1616 3303 1787 3359 ictum
1810 3300 1991 3359 ftedus
2012 3311 2118 3367 est,

2222 3299 2317 3365 οὓς
2355 3300 2422 3355 ἂν
2457 3302 2821 3367 σπείσωνται,
2859 3300 2999 3358 ἀλλά
3054 3303 3503 3375 μεταρῤυθμίξει
3529 3303 3620 3357 τὸν
3666 3300 3804 3373 ἀμεί-

532 3393 626 3447 sed
681 3406 864 3449 mensa
934 3394 1130 3449 durum
1175 3396 1549 3466 acerbumque
1620 3395 1841 3451 vivendi
1913 3408 2119 3449 morem

2230 3394 2415 3448 λικτον
2438 3394 2646 3465 τρόπον
2670 3396 2703 3467 ὴ
2731 3394 3002 3467 τράπεζα.
3038 3396 3230 3467 Ἡμεῖς
3253 3396 3316 3449 δὲ
3343 3397 3500 3461 θείας
3522 3393 3801 3465 ἀξιούμενοι

528 3497 721 3538 eorum
759 3493 1043 3556 temperat.
1073 3486 1183 3543 Nos
1235 3503 1364 3542 vero
1397 3488 1600 3543 divinis
1635 3488 1715 3560 [in
1751 3482 2127 3558 Eucharistia]

2231 3484 2538 3557 τραπέζης,
2590 3484 2856 3540 ἄσπονδον
2906 3485 3105 3559 ἔχομεν
3149 3486 3292 3557 πρὸς
3327 3485 3565 3551 ἑαυτοὺς
3607 3486 3693 3539 τὸν
3728 3482 3807 3535 πό-

530 3575 736 3646 dignati
783 3578 987 3651 epulis,
1044 3580 1502 3638 irreconciliabile
1563 3581 1709 3638 inter
1773 3595 1875 3636 nos
1922 3578 2124 3635 bellum
2234 3574 2425 3645 λεμον.

530 3683 791 3740 gerimus.

655 3781 822 3855 579
848 3783 1136 3843 LXXXVI.
1158 3816 1232 3827 —
1261 3784 1464 3845 CASIO
1496 3785 1999 3844 SCHOLASTICO.

1916 3785 1999 3842 ΞΟ.
2524 3780 2670 3846 HQ".
2702 3808 2775 3819 --
2802 3779 3014 3851 ΚΔΣΙῼ
3052 3780 3526 3855 ΣΧΟΛΔΣΤΙΚῼ.

1517 3881 1708 3938 Patris
1738 3882 1969 3952 olemus
2001 3880 2058 3935 in
2084 3873 2263 3933 liberis
2291 3871 2477 3927 ulcisci
2501 3873 2834 3928 indecorum.

601 3994 662 4048 Si
693 3994 913 4064 quidem
951 3997 1196 4065 parentis
1252 4006 1482 4054 mortem
1517 3998 1760 4055 studiose
1790 3997 2119 4064 observasti,

2298 3986 2364 4042 Ei
2405 3987 2508 4059 μὲν
2534 3987 2635 4059 τὴν
2667 3986 2763 4041 τοῦ
2807 3987 3016 4056 πατρὸς
3050 3986 3316 4060 τελευτὴν
3338 3991 3425 4053 είς
3450 3987 3553 4063 τὴν
3574 3987 3681 4041 τῶν
3699 3984 3805 4041 παί-

528 4099 640 4155 quo
673 4084 845 4141 tutius
874 4085 942 4141 de
985 4084 1118 4143 ﬁliis
1175 4088 1473 4144 vindictam
1531 4102 1779 4159 caperes,
1834 4087 2036 4159 duplici
2071 4098 2122 4143 te

2225 4081 2335 4135 δων
2364 4079 2639 4152 τιμωρίαν
2671 4079 3157 4152 ὲκαιροφυλάκεις,
3185 4079 3282 4133 δύο
3325 4081 3590 4150 ἀγεννέσι
3631 4077 3803 4134 πάθεσι

529 4178 663 4233 vitio
710 4178 952 4236 ostendis
1001 4178 1387 4247 obstrinxisse,
1437 4182 1705 4238 socordiae
1754 4180 2012 4235 nimirum
2064 4187 2122 4234 et

2228 4171 2430 4225 σαυτὸν
2457 4169 2827 4242 κεχειρῶσθαι
2853 4169 3143 4238 δεικνύεις,
3171 4172 3447 4244 ἀνανδρίᾳ
3470 4189 3551 4265 τε,
3572 4171 3664 4225 καὶ
3691 4181 3800 4239 μνη-

527 4269 804 4336 vindictae,
859 4285 960 4326 seu
1006 4272 1284 4328 memoriae
1316 4272 1661 4345 iniuriarum.
1692 4270 1974 4328 Socordiae
1998 4268 2121 4339 qui-

2228 4261 2476 4332 σικακίᾳ.
2512 4261 2661 4334 Πρὸς
2687 4260 2898 4316 ἐκεῖνον
2937 4261 3038 4332 μὲν
3065 4262 3176 4334 γὰρ
3222 4262 3302 4334 μὴ
3356 4260 3636 4336 δυνηθεὶς,
3669 4263 3804 4317 ἀναν-

527 4361 673 4428 dem,
714 4361 858 4429 quod
890 4362 945 4416 in
980 4362 1129 4417 illum
1176 4364 1358 4419 minus
1400 4378 1623 4435 posses;
1665 4362 1919 4417 vindicta:
1961 4374 2115 4427 vero,

2226 4353 2418 4425 δρίαςο
2472 4353 2702 4417 τούτους
2751 4352 2811 4408 δὲ
2863 4354 3181 4427 ἀμύνασθαι
3231 4357 3583 4423 σπουδάζων,
3624 4370 3804 4429 μνησι-

526 4457 670 4522 quod
704 4452 773 4508 ab
795 4454 879 4508 his
906 4454 1095 4511 ulcisci
1122 4465 1175 4511 te
1204 4456 1453 4521 studens,
1483 4454 1764 4512 memoriae
1791 4453 2116 4523 iniuriarum

2224 4446 2427 4511 κακίας
2486 4444 2717 4512 ἐξοίσεις
2755 4447 2900 4501 κατὰ.
2958 4446 3161 4502 σαυτοῦ
3218 4448 3448 4521 δεῖγμα.
3494 4450 3560 4504 Ei
3604 4449 3660 4502 δὲ
3692 4444 3805 4518 μηδὲ

529 4542 581 4597 in
615 4551 667 4598 te
695 4543 920 4600 exhibes
949 4548 1283 4616 exemplum.
1326 4548 1396 4601 At
1420 4548 1464 4603 si
1493 4561 1562 4602 ne
1588 4547 1687 4603 hos
1727 4545 1948 4616 quidem
1975 4544 2122 4613 igno-

2224 4538 2448 4603 τούτους
2502 4537 2711 4613 ἀμύνῃ,
2758 4538 2854 4593 καὶ
2900 4539 2998 4611 τὴν
3056 4540 3160 4612 τῆς
3198 4541 3505 4615 ἀνανδρίας
3555 4536 3804 4612 ἀποτρίψῃ

525 4635 730 4691 scendo
763 4637 1068 4707 ulcisceris,
1098 4639 1330 4712 ignaviae
1380 4638 1685 4696 declinabis
1728 4637 2042 4708 opinionem
2071 4644 2128 4692 et

2193 4628 2203 4671 ⁵
2231 4629 2526 4703 ὑπόληψιν.
2560 4631 2746 4698 Δόξεις
2769 4632 2881 4704 γὰρ
2914 4632 3011 4688 καὶ¹
3047 4634 3171 4690 τότε
3198 4635 3262 4690 ού
3294 4635 3455 4706 φόϐῳ
3500 4649 3803 4709 παρακεχω-

528 4727 799 4784 videberis
831 4738 963 4787 tunc
1009 4747 1119 4787 non
1170 4745 1319 4789 metu
1359 4732 1614 4801 cessisse,
1660 4731 1759 4788 sed
1799 4729 1979 4801 reipsa
2011 4742 2126 4785 mo-

1800 4729 1979 4801 reipsa
2011 4742 2126 4785 mo.
2227 4723 2480 4795 ρηκὲναι,
2512 4723 2630 4779 ἀλλ’
2675 4722 2825 4796 ἔργῳ
2854 4724 3410 4799 πεφιλοσοφηκέναι.·

527 4820 701 4875 derati
735 4823 902 4879 animi
933 4824 1146 4894 signum
1169 4824 1507 4883 exhibuisse.

988 4935 1300 4997 LXXXVII.
1325 4969 1397 4979 —
1417 4935 1667 4993 ESAIIE.

1663 4978 1667 4989 .
2776 4931 2907 4988 nzz
2936 4961 3008 4974 --
3039 4934 3273 5007 ΗΣΑΙᾼ.

528 5046 625 5101 Dei
653 5046 1028 5120 longanimitas
1049 5051 1119 5105 ad
1156 5053 1426 5120 virtutem,
1458 5069 1562 5109 non
1580 5055 1650 5108 ad
1674 5062 1949 5125 peccatum
1974 5068 2069 5108 nos
2099 5049 2332 5104 excitare
2361 5047 2536 5102 debet.
2564 5045 2648 5102 Ad
2674 5045 2811 5102 illud
2835 5043 3002 5101 Isaia
3024 5062 3043 5102 :
3067 5065 3087 5099 ε
3121 5044 3233 5103 Cur
3257 5047 3423 5102 timui
3445 5048 3474 5101 .9
3497 5065 3521 5104 ι
3547 5063 3663 5119 cap.
3691 5058 3797 5100 xw.

596 5162 676 5219 Ne
701 5163 771 5220 ab
803 5164 910 5231 his,
948 5168 1194 5221 virorum
1248 5168 1478 5238 optime,
1523 5170 1592 5224 ad
1633 5169 1902 5226 deteriora
1938 5167 2118 5237 prola-

2310 5163 2405 5234 Μὴ
2449 5161 2559 5216 ἀπὸ
2590 5160 2819 5227 τούτων,
2855 5154 2903 5216 ὦ
2932 5160 3198 5232 βέλτιστε,
3233 5161 3330 5217 ἐπὶ
3372 5161 3438 5218 τὸ
3479 5164 3663 5235 χεῖρον
3702 5154 3806 5228 τρέ-

527 5253 697 5323 baris,
742 5272 771 5311 a
817 5258 1017 5329 quibus
1076 5258 1482 5328 prudentiorem
1537 5260 1679 5317 elﬁci
1731 5271 1982 5333 oportet;
2048 5276 2119 5318 ne

2227 5273 2354 5324 που,
2382 5255 2478 5325 ἀφ’
2527 5246 2604 5310 ὧν
2636 5254 2748 5327 χρὴ
2787 5254 3231 5327 σωφρονέστερον
3276 5253 3652 5309 καθεστάναι’
3690 5244 3803 5349 μηξέ

528 5362 659 5404 vero
698 5351 877 5405 basim
928 5349 1124 5405 salutis
1184 5350 1350 5407 ducas
1393 5352 1648 5410 interitus
1684 5370 1810 5411 esse
1868 5370 2115 5421 causam,

2224 5351 2324 5423 τὴν
2343 5347 2604 5404 ὑπόθεσιν
2624 5350 2724 5419 τῆς
2750 5348 3029 5420 σωτηρίας
3048 5348 3327 5420 πρόφασιν
3349 5343 3801 5443 ἀπωλείας-ἠγού·

534 5440 629 5495 sed
661 5439 759 5496 Dei
786 5440 1260 5512 longanimitatem
1298 5443 1562 5499 reveritus
1592 5445 1849 5500 virtutem
1898 5444 2115 5517 arripe;

2224 5443 2339 5499 ἀλλ’
2381 5440 2654 5506 αίδεσθεὶς
2705 5441 2806 5512 τὴν
2839 5440 2993 5496 θείαν
3043 5440 3440 5514 μακροθυμίαν
3485 5441 3587 5510 τῆς
3622 5438 3806 5542 ἀρετῆς

532 5548 708 5603 neque
761 5536 909 5590 enim
960 5542 1225 5605 perpetuo
1258 5536 1441 5604 sperni
1488 5550 1548 5591 se
1587 5539 1882 5594 sustinebit
1935 5537 2114 5594 Judex

2224 5535 2514 5593 ἀντιλαδοῦ
2536 5551 2550 5567 ο
2579 5534 2642 5589 ού
2670 5534 2780 5607 γὰρ
2810 5534 2893 5598 εἰς
2930 5534 3083 5597 τέλος
3116 5533 3254 5587 οἴσει
3299 5533 3805 5604 καταφρονούμενος

530 5622 643 5689 ille,
672 5625 765 5678 sed
801 5623 998 5681 inferet
1034 5624 1403 5693 extendetque
1446 5625 1725 5682 dexteram
1773 5645 1925 5685 suam
1956 5631 2121 5686 robu-

2224 5634 2253 5684 ὁ
2280 5631 2327 5683 Κ
2337 5628 2511 5701 ριτὴς,
2536 5626 2652 5682 ἀλλ’
2691 5624 2901 5679 ἐποίσει
2931 5625 3031 5696 τὴν
3077 5627 3236 5697 χεῖρα
3262 5624 3367 5695 τὴν
3393 5620 3679 5696 κραταιάν.
3726 5609 3806 5665 Διδ

536 5721 697 5764 stam.
723 5713 855 5768 Hinc
886 5725 941 5769 et
965 5724 1261 5782 praemonet
1297 5724 1349 5769 et
1377 5715 1672 5786 redarguit,
1706 5735 1802 5773 cur
1835 5736 1938 5776 non
1984 5722 2122 5777 irrc-

2227 5723 2320 5775 καὶ
2352 5723 2658 5794 προμηνύει
2691 5722 2786 5776 καὶ
2833 5723 3316 5793 προαπολογεῖται,
3351 5721 3431 5786 ὡς
3461 5720 3563 5775 οὐκ
3594 5716 3799 5785 ἄκριτος

542 5803 820 5858 tractabile
848 5804 1017 5873 ipsius
1071 5806 1346 5861 decretum
1378 5805 1587 5863 feratur
1625 5810 1675 5864 in
1735 5826 1876 5869 reos.
1917 5831 1937 5866 ι
1991 5813 2120 5880 Cur,

2229 5817 2396 5870 αὐτοῦ
2438 5819 2470 5887 ὴ
2502 5815 2685 5886 ψῆφος
2725 5815 2866 5870 κατὰ
2889 5815 2996 5870 τῶν
3024 5815 3353 5872 ὑπευθύνων
3400 5813 3625 5882 φέρεται
3647 5823 3660 5837 '
3698 5821 3717 5854 ι
3743 5794 3804 5851 Τί
