4078 6366
315 272 452 341 1:177

1245 272 1784 336 EPISTOLARUM
1836 274 1983 335 LIB.
2010 275 2078 335 ν.
2119 301 2190 311 -
2232 276 2472 340 EPIST.
2530 277 2682 340 XCI.

3433 284 3570 354 1378

311 389 442 453 γὰρ,
503 379 702 452 φησὶν,
747 379 1059 451 ἐσιώπησας
1117 381 1191 455 μὴ
1252 383 1348 436 καὶ
1385 383 1476 436 ἀεὶ
1519 382 1889 452 σιωπήσομαι,

1997 381 2208 452 inqttit,
2270 386 2468 440 timui?
2521 402 2622 443 nec
2673 401 2891 458 semper
2949 389 3140 446 tacebo
3187 399 3243 448 et
3289 393 3567 457 suﬂ‘eram.

311 473 406 526 καὶ
445 472 740 544 ἀνέξομαι;
797 473 1100 546 Ἐκστήσω,
1133 474 1228 527 καὶ
1259 473 1478 545 ξηρανῶ
1519 472 1656 541 ἃμα.
1715 491 1735 524 ι
1773 475 1886 526 Μο-

309 566 523 636 νονουχὶ
563 563 740 634 λέγων
759 582 773 596 ·
811 565 872 618 Εἰ
897 565 996 636 μὲν
1019 567 1472 637 γνωσιμαχήσετε
1491 568 1508 588 '
1549 565 1687 636 ὅπερ
1707 564 1892 636 προεί-

313 673 460 728 ρηκα
489 655 623 728 (86).
659 657 723 710 Εἰ
773 657 832 710 δὲ
875 657 1245 728 ἐπιμείνοιτε,
1289 658 1417 725 τόγε
1467 656 1740 728 ἡμέτερον
1782 655 1889 722 ἔξω

2001 474 2297 540 Exsistam,
2323 485 2381 530 et
2404 477 2619 532 siccabo
2636 478 2869 532 simul“.
2901 499 2920 531 ι
2949 478 3181 536 Tantum
3211 498 3315 538 non
3342 485 3566 544 dicens:

1995 561 2367 628 Pmnitemini,
2402 567 2540 622 sicut
2567 569 2789 636 praedixi
2821 573 2991 628 vobis.
3034 573 3104 628 At
3134 575 3179 630 si
3229 579 3566 647 perdurabi-

1996 653 2064 707 tis
2094 654 2145 707 in
2179 655 2350 722 vitiis,
2389 665 2543 712 extra
2566 659 2777 730 culpam
2819 677 2935 719 ero.
2971 662 3077 720 Vos
3120 667 3322 722 etenim
3355 685 3569 739 poenam

307 748 509 812 αἰτίας.
555 749 745 818 Ὑμεῖς
765 747 874 820 γὰρ
905 747 1002 819 τὴν
1025 749 1295 820 τιμωρίαν
1329 747 1450 801 καθ’
1477 747 1686 801 ἑαυτῶν
1715 747 1891 801 ἐλθεῖν

1993 745 2158 816 capiti
2191 755 2371 803 vestro
2393 751 2694 806 accersitis.

307 839 688 908 ἐξεϐιάσασθε.

838 957 970 1010 HH'.
1005 985 1072 996 -
1107 955 1361 1027 namq.

454 1050 702 1106 Animum
740 1051 929 1120 fortem
956 1051 1114 1121 periti
1145 1052 1316 1104 instar
1346 1049 1711 1121 gubernatoris
1729 1046 2120 1121 _mlverst'tatu_nt

2413 951 2745 1008 LXXXVIII.
2783 983 2849 994 —
2891 955 3140 1015 PAULO.

2158 1047 2352 1116 ﬂuetus
2383 1064 2630 1118 superare
2658 1052 2822 1117 decet,
2848 1053 3002 1106 neiis
3043 1056 3425 1126 submergatur.

1691 1118 1913 1188 (Conler
1938 1132 2021 1188 ep.
2051 1117 2166 1186 76.)

378 1233 484 1289 Τὸν
504 1234 788 1306 εὐδόκιμον
809 1233 1091 1305 κρείττονα
1117 1231 1260 1289 εῖναι
1287 1234 1395 1306 χρὴ
1427 1233 1534 1288 τῶν
1563 1233 1881 1306 συμφορῶν.

306 1325 480 1380 Τοῦτο
509 1327 565 1380 δέ
595 1325 770 1390 ἔσται,
803 1328 852 1380 εί
877 1325 968 1380 τὸν
997 1327 1256 1396 λογισμὸν
1285 1326 1616 1398 ὑψηλότερον
1643 1326 1751 1380 τῶν
1780 1342 1884 1379 πα-

306 1417 418 1471 θῶν
451 1419 884 1489 κατακτήσαιτο.
939 1418 1034 1474 καὶ
1063 1417 1316 1488 καθάπερ
1359 1417 1671 1490 κυϐερνήτῃ
1713 1433 1882 1488 μετα-

303 1507 571 1580 χειρίζειν
603 1510 730 1572 τοὺς
775 1507 971 1572 οἴακας
1001 1509 1098 1563 καὶ
1125 1508 1389 1573 οἰακίζειν
1421 1507 1785 1580 ἐπιτρέψειεν.
1819 1505 1883 1559 Et

305 1600 361 1653 δέ
401 1598 494 1652 τὸν
524 1598 864 1671 κυϐερνήτην
917 1599 1366 1664 καταϐαπτίσειε,
1417 1600 1676 1667 ναυάγιον
1709 1599 1883 1668 ἀργα-

309 1688 577 1744 λεώτατον
623 1690 1010 1762 ύποστήσεται,
1056 1690 1164 1743 τῶν
1207 1689 1394 1744 παθῶν
1439 1689 1880 1761 κορυφουμένων,

304 1782 400 1836 καὶ
443 1781 534 1837 τὸν
585 1781 844 1853 λογισμὸν
894 1785 974 1846 είς
1023 1782 1187 1837 αὐτὸν
1226 1781 1318 1836 τοῦ
1355 1781 1623 1850 πελάγους
1649 1781 1740 1836 τὸν
1779 1798 1882 1835 πυ-

303 1874 480 1945 θμένα
513 1876 1020 1947 παραπεμπόντων.

555 1987 680 2044 ΠΘ¹.
731 2018 799 2031 -
832 1989 1120 2062 ΕΥΣΕΒΙῼ
1160 1984 1634 2058 ΠΡΕΣΒΥΤΕΡῼ.

2065 1229 2299 1285 Probum
2349 1239 2761 1302 spectatumque
2799 1233 2973 1287 virum
3031 1236 3178 1291 omni
3227 1239 3564 1308 superiorem

1991 1333 2109 1376 esse
2134 1321 2442 1377 calamitate
2465 1323 2638 1377 decet.
2679 1322 2732 1378 Id
2760 1326 2992 1390 accidet,
3019 1327 3064 1381 si
3099 1328 3238 1382 ratio
3255 1330 3308 1384 in
3335 1330 3424 1385 illo
3443 1347 3569 1402 per-

1992 1413 2393 1468 turbationibus
2426 1415 2756 1482 dominetur,
2790 1429 3022 1486 eamque
3054 1417 3280 1482 siverit,
3307 1429 3368 1474 ut
3414 1423 3566 1476 navis

1990 1502 2199 1556 clavum
2251 1503 2579 1572 gubernator
2635 1503 2838 1577 dirigit,
2893 1505 3135 1562 habenas
3201 1510 3474 1566 moderari
3513 1519 3568 1566 et

1989 1608 2198 1664 regere.
2221 1592 2276 1649 Si
2309 1609 2437 1650 vero
2467 1595 2602 1650 mari
2630 1597 2964 1664 gubernator
3002 1611 3300 1670 mergatur,
3346 1601 3568 1656 naufra-

1989 1685 2136 1754 gium
2169 1683 2381 1740 eveniet
2401 1685 2868 1754 molestissimum,
2909 1691 3254 1758 passionibus
3289 1692 3566 1763 imperan-

1985 1777 2148 1837 tibus.
2179 1787 2236 1832 et
2276 1776 2543 1832 rationem
2575 1777 2631 1832 in
2665 1778 2838 1848 ipsum
2873 1781 3048 1854 pelagi
3080 1781 3306 1838 fundum
3349 1784 3568 1840 demer-

1990 1869 2264 1940 gentibus.

2172 1981 2536 2038 LXXXIX.—-
2553 1981 2848 2040 EUSEBIO
2893 1981 3384 2044 PRESBYTERO.

1108 2080 1185 2136 De
1209 2081 1334 2134 cieri
1359 2079 1524 2150 fastu,
1562 2079 1776 2147 ejusque
1817 2093 2001 2132 causa.
2033 2075 2251 2148 (Confer
2279 2079 2433 2143 epist.
2461 2077 2529 2131 57
2562 2086 2610 2130 et
2637 2076 2791 2149 268).

371 2177 439 2232 Ei
475 2176 592 2240 καὶ,
615 2175 692 2239 ὡς
736 2174 1045 2246 γέγραφας,
1080 2173 1115 2243 ἡ
1150 2168 1256 2226 τῶν
1305 2169 1698 2241 βασιλευόντων
1751 2167 1880 2238 περὶ¹

297 2268 360 2324 τὺ
380 2268 536 2322 Θεῖον
583 2265 837 2320 εὐλάϐεια
861 2265 962 2336 τὴν
988 2263 1302 2318 ἐπισκόπων
1342 2260 1692 2316 ἀνευλάϐειαν
1719 2258 1880 2330 ἧλεγ-

300 2359 428 2426 ξεν
493 2359 590 2412 καὶ⁸
631 2359 666 2428 ἡ
720 2355 856 2428 πρὸς
935 2356 1132 2420 αὐτοὺς
1183 2353 1407 2408 ἐκείνων
1467 2349 1880 2422 ὑπερϐάλλουσα

294 2451 434 2524 τιμὴ
480 2450 608 2515 τοὺς
635 2446 981 2520 τιμωμένους
1009 2446 1251 2514 ἐξέλυσε,
1307 2444 1402 2498 καὶ
1433 2443 1468 2516 ἠ
1498 2441 1668 2512 πολλὴ
1697 2439 1880 2494 αὐτῶν

294 2539 584 2615 φιλοτιμία
638 2539 853 2611 τρυφῆς
901 2537 1000 2592 καὶ
1051 2533 1321 2600 ἀσωτείας
1366 2534 1576 2597 τούτοις
1622 2530 1881 2594 ὑπόθεσις

293 2635 524 2704 γέγονεν
541 2647 558 2664 ο
601 2630 740 2686 ἀλλὰ
787 2631 853 2684 σὺ
903 2629 980 2700 μὴ
1010 2625 1366 2691 σκανδαλίζου
1385 2642 1402 2658 ·
1436 2624 1500 2678 οὐ
1531 2622 1644 2694 γὰρ
1679 2621 1882 2684 πάντες

295 2723 680 2798 ἐχειρώθησαν
707 2722 818 2784 τοϊς
865 2718 1174 2791 εἰρημένας
1215 2717 1467 2782 πάθεσιν,
1524 2713 1640 2770 ἀλλ’
1673 2712 1812 2767 εἰσιν
1831 2711 1883 2766 οἱ

302 2818 704 2884 σπουδάζοντες
750 2814 896 2872 κατὰ
945 2813 1038 2868 τὸν
1093 2809 1450 2867 ἀποστολικὸν
1499 2809 1662 2882 ζῆσαι
1704 2823 1880 2880 χαρα-

293 2913 498 2984 κτῆρα.
526 2910 592 2965 Ei
637 2907 696 2962 δέ
725 2907 914 2978 φαίης,
951 2904 1165 2975 Ὀλίγοι
1195 2901 1433 2974 κομιδῇ,
1463 2900 1586 2957 οὐδὲ
1613 2900 1884 2973 αὐτδςάρ-

2058 2165 2192 2232 Etsi,
2216 2175 2272 2220 ut
2315 2167 2532 2229 scribis,
2561 2181 2744 2236 regum
2783 2179 2908 2237 erga
2940 2166 3106 2222 Deum
3134 2167 3308 2238 pietas
3339 2169 3566 2238 episcoc

1984 2272 2175 2328 porum
2197 2257 2553 2326 quorumdam
2571 2257 2979 2312 irreverentiam
3005 2259 3300 2328 redarguit,
3336 2260 3565 2316 nimius-

1985 2363 2092 2420 que
2147 2348 2276 2418 ipsis
2345 2347 2622 2403 exhibitus
2695 2349 2868 2404 honos
2912 2365 3007 2404 eos
3052 2360 3313 2416 enervat,
3373 2351 3564 2422 ingens

1984 2453 2203 2510 quoque
2239 2437 2451 2494 illorum
2483 2439 2704 2494 honoris
2732 2440 2993 2508 studium,
3026 2441 3450 2512 deliciarumque
3505 2452 3564 2498 et

1985 2529 2264 2598 epularum
2318 2527 2604 2583 materiam
2649 2529 3023 2600 suppeditavit
3056 2547 3071 2586 :
3106 2539 3160 2586 tu
3199 2539 3378 2587 tamen
3431 2546 3565 2588 cave

1986 2634 2054 2674 ne
2105 2617 2430 2676 oﬂ‘endiculo
2477 2618 2572 2676 tibi
2603 2634 2693 2676 res
2725 2635 2788 2676 ea
2816 2620 2890 2677 sit
2931 2637 2949 2676 :
3007 2636 3114 2678 non
3170 2625 3314 2678 enim
3374 2638 3565 2680 omnes

1989 2709 2198 2782 pariter
2227 2710 2503 2780 pradictis
2537 2710 2787 2768 laborant
2811 2711 3036 2780 morbis,
3091 2711 3256 2786 580
3290 2714 3386 2770 sed
3433 2724 3563 2770 sunt

1986 2800 2082 2872 qui
2134 2801 2432 2870 apostolico
2488 2801 2670 2859 vivere
2733 2803 3052 2861 charactere
3101 2805 3433 2862 desiderant.
3503 2805 3566 2863 Si

1991 2892 2195 2950 dixeris
2244 2913 2258 2949 :
2322 2891 2554 2959 Demus;
2622 2893 2713 2949 sed
2761 2896 2874 2950 rari
2911 2895 3200 2950 admodum
3247 2905 3390 2959 sunt,
3446 2909 3556 2950 non

289 3003 609 3074 νησαίμηνο
661 2999 798 3056 ἀλλὰ
825 2998 933 3054 κάν
977 2995 1154 3068 τούτῳ
1186 2995 1285 3068 τὴν
1328 2994 1422 3049 τοῦ
1459 2994 1712 3066 Σωτῆρος
1748 2996 1918 3068 πρό-ε

1985 2985 2236 3056 equidem
2269 2984 2480 3041 inﬁcias
2507 2988 2676 3040 ivero.
2743 2985 2850 3041 Sed
2888 2995 2944 3042 et
2993 2983 3288 3042 Salvatoris
3321 2988 3561 3043 admire-

291 3112 503 3167 γνωσιν
553 3093 900 3166 θαυμάσαιμι
943 3090 1038 3146 τοῦ
1087 3081 1428 3164 φρἀσαντος’
1487 3107 1507 3141 ι
1542 3089 1732 3143 Πολλοὶ
1783 3089 1882 3162 μὲν

289 3191 512 3263 κλητοὶ,
545 3188 718 3259 ὀλίγοι
745 3188 801 3242 δέ
830 3185 1098 3241 ἐκλεκτοί.
1133 3203 1152 3238 ι

549 3307 620 3372 ιι.
647 3331 716 3342 --
744 3299 1111 3370 ΜΑΡΚΙΑΝῼ
1155 3297 1630 3370 ΠΡΕΣΒΥΤΕΡῼ.

1988 3093 2112 3132 mur
2155 3077 2552 3147 prmscientiam
2605 3079 2880 3133 dicentis:
2935 3094 2956 3131 ι
2997 3077 3147 3134 Multi
3180 3088 3306 3134 sunt
3354 3078 3557 3146 vocati,

1985 3170 2141 3241 pauci
2169 3184 2298 3226 vero
2323 3169 2480 3226 electi
2497 3172 2560 3224 η.
2608 3182 2628 3220 ι

2211 3301 2324 3358 XC.
2363 3332 2434 3345 -—
2472 3301 2829 3360 MARCIANO
2865 3302 3344 3360 PRESBYTERO.

969 3392 1306 3448 Delatorilms
1333 3407 1438 3446 non
1470 3403 1661 3448 temere
1688 3395 2022 3460 credendum,
2058 3395 2148 3452 sed
2184 3404 2404 3466 utraque
2431 3411 2555 3464 pars
2582 3395 2872 3450 audienda.

369 3513 464 3584 Μὴ
495 3511 666 3581 ὕπεχε
717 3509 830 3574 τοῖς
874 3507 1218 3576 λογοποιοῦσι
1275 3505 1374 3570 τὰς
1429 3508 1631 3574 ἀκοάςο
1665 3511 1714 3564 εί
1751 3471 1880 3585 ’γὰρ

291 3606 501 3680 ῥαδίως
535 3602 814 3666 πιστεύοις
843 3603 958 3665 τοῖς
995 3598 1415 3671 κατηγοροῦσιν,
1442 3601 1541 3654 οὐκ
1574 3601 1881 3673 ἐπιλείψου-

290 3714 386 3752 σιν
415 3697 465 3750 οἱ
485 3691 942 3764 καταψευδόμενοι
969 3691 1066 3744 καὶ
1095 3689 1420 3754 πλάττοντες
1441 3705 1456 3721 ο
1485 3689 1600 3744 ἀλλ’
1625 3693 1674 3745 εί
1699 3691 1881 3761 βούλει

285 3789 385 3853 δὺς
434 3787 729 3859 ἀκεραίους
775 3783 876 3848 τὰς
921 3783 1120 3848 ἀκοὰς,
1145 3783 1238 3835 καὶ
1276 3782 1676 3854 ἀπολογήσεται
1735 3783 1880 3854 μάλα

286 3879 564 3951 γενναίοις
609 3881 639 3932 6
665 3875 1062 3950 κατηγορηθείς
1083 3891 1096 3906 ·
1128 3877 1223 3930 καὶ
1255 3875 1334 3939 είς
1373 3875 1618 3941 ἐκείνους
1657 3877 1879 3948 τρέψεις

282 3974 399 4054 τὴν
431 3973 510 4037 εἰς
534 3971 699 4028 αὐτὸν
728 3970 904 4042 μάτην
926 3969 1154 4040 φυεῐσαν
1181 3967 1382 4040 λύπην.

801 4081 918 4150 ιιιιν.
951 4111 1021 4123 -
1052 4080 1141 4152 Τῼ
1169 4077 1372 4152 ΑΥΤῼ.

2056 3509 2274 3567 Fabulis
2321 3523 2482 3566 aures
2523 3525 2590 3565 ne
2649 3510 3020 3566 accommoda.
3069 3509 3127 3566 Si
3185 3510 3332 3567 enim
3394 3509 3560 3566 facile

1984 3601 2360 3658 accusantibus
2407 3600 2621 3664 credas,
2676 3614 2783 3656 non
2841 3599 3092 3657 desinent
3129 3600 3268 3659 falso
3300 3615 3561 3657 accusare

1984 3709 2050 3750 ac
2077 3693 2299 3765 attgere.
2335 3691 2443 3748 Sed
2492 3691 2538 3747 si
2575 3691 2773 3762 placet,
2797 3699 2958 3750 aures
2996 3693 3173 3765 praebe
3195 3693 3459 3758 sinceras,
3501 3702 3560 3749 et

1985 3783 2306 3841 defendetur
2347 3783 2582 3856 egregie,
2627 3785 2719 3856 qui
2763 3785 3050 3843 calumniis
3101 3801 3393 3858 oppressus
3431 3797 3554 3849 est.

1987 3885 2271 3946 vertesque
2313 3873 2380 3930 in
2432 3873 2554 3930 illos
2600 3873 2860 3944 dolorem,
2891 3891 3053 3948 quem
3099 3875 3372 3933 innocenti
3411 3885 3560 3931 ιιι-υ-

1982 3975 2196 4023 xeraot.

2515 4085 2652 4143 XCI.
2675 4115 2746 4127 —
2783 4082 3016 4140 EIDEM.

1177 4171 1337 4226 Pauli
1367 4173 1439 4226 ad
1466 4170 1626 4227 Hebr.
1659 4172 1824 4228 locus.
1849 4172 1978 4246 Cap.
2003 4190 2078 4244 tv,
2107 4193 2154 4232 ιι.
2179 4177 2234 4233 8.
2255 4175 2333 4232 De
2365 4175 2493 4232 Iesu
2525 4174 2696 4232 Nave.

369 4286 450 4342 06
502 4286 632 4358 περὶ
681 4283 783 4355 τῆς
829 4281 1226 4346 καταπαύσεως
1275 4281 1386 4336 τῶν
1438 4281 1728 4354 Ἐϐραίων,
1777 4271 1918 4354 τῆς]

2046 4288 2246 4345 Beatus
2267 4288 2469 4345 Paulus
2510 4304 2618 4346 non
2672 4289 2740 4346 de
2792 4289 2977 4361 requie
3021 4287 3354 4358 Judteorum,
3394 4305 3558 4362 quam

288 4377 604 4452 γενομένης
654 4377 714 4431 ἐν
769 4374 1104 4447 Παλαιστίνῃ
1163 4374 1252 4431 διὰ
1320 4374 1498 4447 Ἰησοῦ
1548 4375 1666 4429 υίοῦ
1720 4375 1878 4450 Ναυῆ

296 4469 658 4543 στρατηγίας,
709 4467 787 4539 τῷ
827 4467 1100 4538 Θεσπεσίῳ
1153 4465 1351 4536 Παύλῳ
1375 4467 1405 4520 ό
1437 4465 1630 4536 λόγος’
1662 4466 1878 4539 ἐκείνης

289 4563 413 4635 γὰρ
438 4563 612 4626 οὐδεὶς
651 4561 810 4630 λόγος
855 4558 1024 4632 αὐτῷ,
1072 4559 1154 4622 είς
1181 4558 1240 4612 δέ
1270 4559 1370 4632 τὴν
1413 4558 1878 4630 προσδοκωμένην

285 4655 524 4712 ἔσεσθαι
566 4653 788 4726 βλέπει,
838 4653 934 4706 κιιιλ⁸
972 4651 1093 4706 κατ’
1131 4651 1346 4722 ἐκείνης
1373 4651 1402 4704 ὁ
1443 4651 1554 4704 τῶν
1587 4651 1877 4722 νοημάτων

286 4747 504 4812 σκοπὸς
560 4745 923 4801 συντείνεται’
972 4745 1055 4798 ὅτι
1115 4743 1172 4796 δὲ
1228 4742 1387 4796 τοῦτό
1448 4743 1598 4798 ἐστιν
1653 4743 1874 4814 ἀληθὲς,

282 4838 464 4903 αὐτὸς
511 4837 702 4894 ἐαυτὸν
749 4835 1042 4909 ἐρμηνεύει
1089 4833 1293 4904 λέγων·
1351 4852 1368 4886 ι
1411 4835 1474 4888 Et
1517 4833 1626 4908 γὰρ
1679 4835 1878 4900 αὐτοὺς

301 4929 522 5004 Ἰησοῦς
561 4929 756 5002 (δῆλον
779 4928 838 4982 δέ
883 4929 998 4981 ἐστι
1036 4925 1130 4979 τοῦ
1162 4924 1350 4996 Ναυῆ)
1379 4925 1742 4992 κατέπαυσεν,
1775 4925 1901 4981 οὐκ.

289 5025 364 5078 ἂν
392 5020 526 5092 περὶ
559 5019 728 5090 ἄλλης
759 5017 935 5072 ἐλάλει
977 5015 1116 5089 μετὰ
1141 5015 1314 5070 ταῦτα
1343 5017 1588 5086 ἡμέρας⁹
1613 5016 1719 5088 ἄρα
1741 5016 1878 5070 ἀπο..

288 5113 548 5168 λείπεται
593 5108 968 5181 σαϐϐατισμὸς
1001 5106 1079 5180 τῷ
1119 5106 1232 5179 λαῷ
1275 5104 1372 5160 τοῦ
1413 5105 1571 5162 Θεοῦ.
1623 5127 1640 5160 ι
1677 5109 1740 5162 Et
1767 5111 1876 5179 γὰρ

287 5203 522 5267 αὐτοὺς,
567 5201 752 5274 φησιν,
781 5201 988 5264 ἐκεῖνος
1011 5198 1377 5268 κατέπαυσεν,
1404 5199 1504 5252 οὐκ
1527 5198 1594 5253 ἂν
1635 5201 1664 5254 ό
1713 5199 1878 5254 Δαϐὶδ

291 5293 445 5370 μετὰ
490 5293 692 5359 πολλὰς
741 5293 934 5363 γενεὰς
960 5291 1272 5362 γενόμενος,
1317 5291 1446 5362 περὶ
1479 5291 1876 5356 καταπαύσεως

1957 4378 2142 4436 -Jesus
2165 4377 2315 4436 Nave
2349 4380 2404 4434 in
2435 4379 2718 4436 Palaestina
2739 4381 2970 4452 peperit,
2998 4381 3162 4438 verba
3189 4381 3320 4439 lacit
3345 4399 3360 4436 :
3401 4383 3564 4450 hujus

1980 4469 2132 4526 enim
2147 4469 2296 4526 nulla
2317 4478 2404 4526 est
2435 4471 2502 4526 ab
2555 4484 2622 4526 eo
2653 4472 2792 4526 ratio
2820 4471 3036 4538 habita;
3072 4471 3166 4526 sed
3195 4469 3250 4525 in
3304 4485 3424 4526 eam
3467 4486 3560 4528 re-

1980 4560 2160 4631 quiem
2208 4561 2432 4630 respicit
2491 4573 2612 4630 qua;
2671 4560 2726 4614 in
2785 4558 3024 4615 futurum
3080 4568 3448 4630 exspectatur,
3504 4561 3556 4616 in

1979 4664 2210 4720 eamque
2259 4650 2629 4720 intelligentia:
2693 4664 2888 4718 scopus
2931 4648 3126 4706 fertur.
3175 4649 3329 4718 Quod
3371 4665 3557 4706 verum

1986 4755 2108 4796 esse
2138 4742 2252 4810 ipse
2280 4741 2362 4795 sui
2392 4740 2662 4811 interpres
2699 4741 2780 4798 sic
2819 4740 3073 4811 eXplanat
3103 4741 3326 4796 dicens:
3369 4759 3389 4795 ι
3423 4741 3558 4796 Nam

1984 4831 2030 4888 si
2051 4832 2131 4888 eis
2148 4830 2306 4887 Iesus
2328 4830 2524 4906 [Nave]
2545 4832 2783 4903 requiem
2807 4832 3167 4903 prmstitisset,
3191 4847 3464 4903 nunquam
3493 4833 3562 4891 de

1984 4923 2089 4978 alia
2133 4923 2447 4993 loqueretur
2486 4934 2607 4993 post
2653 4923 2793 4980 hanc
2837 4923 2946 4979 die.
2997 4923 3182 4994 Itaque
3233 4925 3563 4996 relinquitur

1985 5014 2352 5069 sabbatismus
2389 5015 2588 5084 populo
2629 5014 2720 5068 Dei
2744 5013 2808 5066 ¹⁸.
2843 5033 2861 5068 ι
2893 5013 2949 5068 Si
2986 5014 3130 5071 enim
3180 5014 3308 5082 illis,
3337 5016 3414 5071 ait
3443 5015 3556 5082 ille,

1983 5108 2219 5177 quietem
2255 5107 2422 5172 dedit,
2451 5121 2557 5161 non
2591 5107 2777 5176 utique
2809 5107 2974 5162 David
3005 5117 3127 5177 post
3167 5107 3364 5164 multas
3391 5123 3558 5176 gene-

1984 5199 2223 5254 rationes
2257 5207 2416 5254 natus
2438 5201 2504 5255 de
2531 5201 2769 5267 requiete
2791 5199 3020 5270 loquens
3040 5199 3262 5256 dixiuet
3293 5217 3306 5254 :
3345 5218 3364 5252 ι
3391 5199 3560 5256 Hodie

1981 5289 2030 5344 si
2092 5303 2278 5344 vocem
2347 5288 2470 5360 ejus
2519 5291 2826 5358 audieritis,
2858 5291 3030 5349 nolite
3085 5290 3356 5347 obdurare
3393 5291 3559 5350 corda

369 5428 418 5461 “
452 5427 554 5484 lsa.
598 5442 730 5491 xw,
770 5425 856 5480 14.
939 5426 981 5456 ¹¹
1014 5425 1203 5480 Matth.
1247 5441 1383 5491 χιιι,
1425 5426 1511 5480 li.
1593 5425 1636 5455 ¹⁸
1681 5423 1842 5480 Hebr.
1883 5439 1958 5492 tv,
2001 5423 2054 5478 8.

1427 5575 1665 5632 VARUS
1704 5575 2095 5634 LECTIONES
2129 5575 2218 5631 ΕΤ
2254 5575 2486 5630 NOTAE.

371 5703 488 5780 (86)
527 5704 635 5760 Pro
679 5705 815 5777 ὅπερ
863 5701 1167 5776 προείρηκα
1211 5701 1367 5756 iidem
1415 5701 1570 5756 codd.
1615 5700 1813 5755 habent
1852 5699 1881 5752 ὃ

1985 5698 2274 5772 ιοείρημαι.
2315 5697 2520 5756 Possm.
