4078 6368
282 327 333 393 ’1

341 331 442 398 381
1193 331 1550 394 EPISTULA

633 447 742 514 1,.r.
786 475 856 488 -ι-
915 445 1196 518 mrum
1227 446 1550 516 ΔΙΑΚΟΝῼ.

1193 331 1728 394 EPISTOLARUM
1770 329 1915 389 LIB.
1941 329 2009 388 ν.
2043 355 2110 362 ’-
2139 329 2374 389 EPIST.
2421 329 2684 391 XCVIII.

3426 321 3579 396 1382"

2311 443 2468 498 XCIV
2483 485 2495 498 .
2510 475 2576 485 —
2596 441 2872 500 SERENO
2918 443 3248 500 DIACONO.

1028 563 1219 616 Omnia
1255 578 1402 633 wquo
1441 572 1488 616 et
1533 562 1802 616 moderato
1829 563 2004 614 animo
2029 558 2265 628 ferenda.
2317 556 2532 630 (Confer
2553 559 2701 624 epist.
2749 557 2897 628 195.)

376 678 602 744 Πολλοῖς
632 680 690 734 al
721 682 1036 752 παραυτίκα
1065 680 1363 752 εὐημερίαι
1414 681 1502 733 ἐπ’
1536 680 1728 751 ἐνέδρᾳ
1751 695 1888 750 συμ-

305 771 613 837 ϐαίνουσιν,
645 771 882 826 ἀνιάτων
911 769 1069 827 οὖσαι
1095 771 1284 828 κακῶν
1324 771 1609 844 προοίμια.
1658 771 1752 840 Μὴ
1775 770 1888 823 τοί-

304 879 403 918 νυν
428 866 487 918 ἐν
517 864 652 917 πᾶσι
683 863 784 928 τὰς
814 863 1074 928 τοιαύτας
1103 862 1358 935 ζητῶμεν
1391 863 1570 929 νίκας,
1627 861 1742 916 ἀλλ’
1767 861 1886 925 ἐνὸς

304 955 629 1027 γιγνώμεθα
665 955 760 1011 τοῦ
809 945 1084 1022 πάντατὰ
1143 955 1510 1028 συμϐαίνοντα
1554 953 1775 1026 ὁμαλῶς
1795 954 1892 1010 καὶ

307 1051 571 1124 μετρίως,
641 1051 738 1107 καὶ
790 1051 928 1122 μετὰ
958 1049 1052 1104 τοῦ
1088 1049 1394 1122 πρέποντος
1449 1048 1730 1118 σχήματος
1795 1045 1892 1101 καὶ

249 1136 260 1146 ”
305 1144 682 1217 φρονήματος,
721 1143 968 1198 διοικεῖν.

797 1273 914 1340 sua
944 1300 1020 1312 --
1039 1270 1406 1342 summa.

2067 676 2248 730 Multis
2281 685 2656 730 momentanea
2689 690 2753 732 ac
2781 675 2958 732 subita
3005 673 3240 731 felicitas
3263 691 3331 732 ex
3353 676 3572 733 insidiis

1993 768 2232 832 obvenit,
2267 776 2428 837 atque
2487 767 2622 822 adeo
2670 767 3147 822 immedicabilium
3189 768 3345 836 origo
3402 768 3572 824 malo-

1997 875 2115 914 rum
2134 860 2366 916 exsistit.
2397 857 2475 912 Ne
2499 857 2664 925 igitur
2689 859 2743 912 in
2771 859 3023 914 omnibus
3070 859 3126 914 id
3173 873 3344 929 genus
3399 861 3573 916 victo-

1995 953 2106 1007 rias
2139 966 2466 1020 quazramus,
2499 951 2592 1006 sed
2633 966 2794 1005 unam
2841 951 3204 1020 potissimum,
3226 952 3406 1006 omnia
3451 967 3573 1022 qua

1997 1043 2270 1106 accidunt,
2301 1042 2487 1097 sedate
2519 1041 2904 1111 moderateque
2941 1038 3190 1108 ferendo,
3217 1054 3338 1096 eum
3367 1051 3566 1096 ornatu

1997 1135 2196 1190 decoro
2220 1143 2510 1189 sectemur.

2457 1263 3107 1322 XCV.——ATHANASIO.

639 1364 862 1420 Virtutis
895 1367 1246 1434 vitiorumque
1283 1363 1628 1432 comparatio.
1678 1359 1860 1416 Virtus
1889 1361 1961 1415 ad
1999 1375 2226 1427 superna
2257 1373 2488 1428 semper,
2523 1359 2705 1412 vitium
2735 1359 2806 1412 ad
2843 1358 3018 1428 infera
3052 1361 3244 1414 tendit.

387 1477 452 1531 El
480 1475 588 1547 χρὴ
640 1475 924 1548 συντόμως
976 1477 1076 1546 τὴν
1143 1475 1348 1548 ἀρετὴν
1384 1475 1482 1528 καὶ
1532 1474 1632 1546 τὴν
1691 1471 1891 1528 κακίαν

2075 1470 2278 1534 Dicam,
2313 1463 2358 1524 si
2391 1469 2459 1524 de
2483 1457 2682 1523 virtute
2706 1469 2947 1523 breviter
2979 1484 3041 1524 ac
3068 1471 3200 1526 vitio
3221 1471 3573 1528 circumscri-

307 1567 458 1638 λόγῳ
505 1565 844 1638 ὑπογράψαι,
906 1566 1166 1638 φήσαιμι,
1243 1565 1329 1620 ὅτι
1371 1565 1583 1636 Ὥσπερ
1661 1563 1722 1618 τὸ
1777 1561 1892 1634 πῦρ

1998 1560 2172 1616 benda
2197 1560 2374 1616 oratio
2389 1569 2472 1615 est
2503 1576 2516 1613 :
2551 1561 2624 1616 Ut
2655 1560 2796 1629 ignis
2827 1562 3080 1616 deorsum
3105 1562 3360 1618 detentus
3386 1571 3442 1618 et
3471 1567 3574 1617 im-

316 1657 694 1728 πεπεδημένον
715 1657 986 1728 τυγχάνον
1010 1657 1148 1727 πρὸς
1175 1655 1274 1728 τὴν
1297 1655 1450 1710 κάτω
1487 1657 1688 1726 ὁρμὴν,
1713 1653 1891 1708 ἀεικί-

1999 1649 2237 1720 peditum
2267 1649 2474 1705 habens
2529 1657 2738 1705 natura:
2785 1647 3066 1720 impetum,
3105 1667 3322 1706 sursum
3363 1667 3580 1720 semper

310 1749 473 1820 νητόν
505 1751 622 1802 ἐστι
649 1749 790 1819 πρὸς
821 1750 918 1818 τὴν
939 1747 1052 1802 ἄνω
1085 1748 1281 1820 φορὰν,
1312 1747 1454 1802 οὕτω
1485 1747 1581 1800 καὶ
1611 1749 1644 1818 ἡ
1698 1747 1889 1818 ἀρετή.

2000 1739 2227 1806 nititur;
2253 1740 2391 1795 idem
2431 1749 2485 1795 et
2512 1741 2695 1796 virtuti
2725 1741 2993 1796 usuvenit.
3022 1741 3202 1813 thue
3224 1753 3419 1799 contra
3451 1759 3576 1797 cor-

308 1839 425 1894 Καὶ
453 1837 644 1910 ὥσπερ
671 1839 742 1892 τὰ
793 1837 970 1910 βαρέα
1004 1837 1236 1910 σώματα
1279 1839 1380 1909 τὴν
1413 1838 1512 1908 μὲν
1560 1837 1672 1892 ἄνω
1724 1837 1894 1908 φορὰν

1997 1844 2128 1900 pora
2169 1831 2352 1900 gravia
2383 1847 2598 1887 sursum
2649 1831 2780 1888 ferri
2824 1848 2928 1888 non
2964 1844 3212 1905 possunt,
3243 1833 3405 1906 582
3445 1851 3571 1903 gra-

308 1933 668 1988 παντάπασιν
727 1932 934 2000 ἀγνοεῖ,
963 1931 1066 2003 τὴν
1112 1930 1170 1984 δὲ
1222 1931 1360 2002 πρὸς
1409 1930 1478 1984 τὰ
1523 1931 1677 1984 κάτω
1719 1929 1894 2001 ὁρμὴν

1997 1923 2163 1976 vitate
2187 1924 2262 1976 ita
2295 1935 2500 1978 momm
2533 1925 2870 1994 intendente,
2894 1933 2954 1979 ut
2990 1925 3108 1994 ejus
3151 1927 3408 1982 velocitas
3456 1941 3578 1980 ver—

310 2027 638 2092 ἐπίσταται,
679 2024 776 2079 τοῦ
824 2025 1028 2097 βάρους
1059 2023 1160 2095 τὴν
1196 2023 1372 2095 φορὰν
1400 2023 1790 2086 ἐπιτείνοντος,
1819 2021 1894 2086 ὡς

1997 2016 2080 2072 bis
2109 2027 2342 2086 nequeat
2367 2018 2664 2088 explicari;
2701 2019 2781 2074 sic
2803 2028 2858 2074 et
2883 2018 3075 2074 vitium
3116 2033 3351 2089 quoque.
3373 2018 3574 2074 Virtuti

308 2116 562 2188 κρεῖττον
587 2115 748 2184 λόγου
791 2111 936 2170 εἶναι
965 2115 1026 2169 τὸ
1073 2115 1274 2186 τάχος·
1324 2112 1470 2167 οὕτω
1512 2113 1608 2168 καὶ
1649 2114 1682 2184 ὴ
1720 2129 1892 2183 πονη-

1997 2107 2178 2178 itaque
2211 2109 2602 2176 inhaerendum,
2639 2125 2668 2164 a
2703 2111 2838 2167 vitio
2873 2118 3054 2166 autem
3093 2110 3498 2166 abstinendum.

313 2209 430 2277 ρία.
485 2205 699 2262 Οὐκοῦν
751 2207 970 2278 ἐκείνης
1025 2206 1126 2276 μὲν
1191 2206 1517 2268 ἀνθεκτέον,
1575 2203 1780 2274 ταύτης
1839 2203 1898 2258 δὲ

307 2301 602 2372 ἀφεκτέον.

601 2417 733 2482 ιιςν.
789 2443 860 2454 -
912 2412 1212 2486 ΕΥΤοΝιᾳ
1258 2411 1580 2484 ΔΙΑΚΟΝῼ.

2308 2417 2582 2475 XCVl.—-
2598 2416 2906 2476 EUTONIO
2947 2417 3265 2476 DIACONO.

491 2506 724 2560 Adversa
756 2520 874 2558 cum
905 2520 936 2557 α
959 2503 1203 2572 Deo,-aut
1237 2505 1305 2558 ad
1335 2504 1753 2573 castigationem,
1785 2512 1876 2558 aut
1907 2506 1976 2561 ad
1990 2509 2351 2578 probationem
2379 2511 2763 2579 immittuntur,
2787 2513 2922 2569 bono
2952 2513 3130 2568 animo
3155 2511 3395 2581 ferendo.

383 2637 514 2694 Ὀτι
537 2637 639 2708 μὲν
666 2636 724 2689 ἐν
752 2638 873 2700 ταῖς
887 2633 998 2689 τῶν
1015 2635 1184 2698 πέλας
1210 2633 1540 2706 εὐπραγίαις
1569 2632 1668 2698 τὰς
1684 2634 1894 2700 οἰκείας

311 2729 659 2800 σαφέστερον
683 2725 924 2798 καθορᾷν
963 2727 1190 2780 εἰώθασι
1231 2727 1432 2791 πάντες
1475 2727 1525 2780 οἱ
1563 2729 1896 2798 πειρασμοῖς

2069 2637 2222 2706 Quod
2252 2639 2304 2694 in
2333 2639 2508 2694 aliena
2537 2638 2796 2695 felicitate
2825 2639 3074 2708 proprias
3099 2638 3347 2694 miserias
3371 2637 3577 2694 clarius

2001 2728 2325 2787 intueantur
2364 2745 2576 2798 omnes,
2631 2729 2726 2801 qui
2785 2729 3173 2784 lentationibus
3221 2739 3576 2796 exercentur,

310 2817 742 2892 περιπίπτοντες
789 2816 1098 2889 συμφορὰς,
1136 2817 1295 2888 δῆλον
1317 2832 1330 2845 ⁴
1373 2817 1458 2871 ὅτι
1491 2817 1548 2871 δὲ
1583 2817 1894 2882 ἐννοοῦντες

2001 2821 2345 2900 manifestum
2390 2833 2524 2896 est:
2567 2821 2710 2892 quod
2755 2810 2884 2878 vero
2945 2821 3037 2892 qui
3091 2837 3244 2878 suam
3279 2821 3332 2876 in
3365 2821 3432 2876 iis
3483 2823 3578 2875 vel

309 2913 414 2985 τὴν
443 2910 654 2966 ἑαυτῶν
687 2910 721 2984 ἢ
754 2911 1074 2983 θεραπείαν,
1101 2911 1135 2982 ἢ
1163 2911 1515 2982 εὐδοκίμησιν
1554 2912 1624 2982 (οἱ
1655 2911 1754 2982 μὲν
1781 2911 1890 2984 γὰρ

2003 2915 2342 2970 curationem
2371 2915 2456 2975 vel
2513 2913 2887 2986 probationem
2921 2915 3226 2970 consistere
3271 2915 3579 2987 intelligunt

311 3005 456 3076 ὑπὲρ
477 3003 766 3076 ἁμαρτιῶν
795 3001 1071 3058 τιννύουσι
1099 3003 1278 3068 δίκας,
1325 3005 1373 3057 οἱ
1422 3003 1478 3058 δὲ
1511 3003 1892 3073 ἀγωνίζονται,

2003 3003 2164 3077 (nam
2225 3003 2314 3058 alii
2365 3019 2462 3073 pro
2511 3005 2749 3074 peccatis
2799 3019 2986 3074 poenas
3039 3004 3279 3071 solvunt,
3333 3005 3424 3060 alii
3478 3021 3578 3076 pro

311 3099 404 3153 ἵνα
433 3097 834 3169 λαμπροτέρων
874 3095 1082 3167 τύχωσι
1119 3095 1442 3166 στεφάνων),
1466 3097 1596 3166 ῥᾷον
1624 3093 1894 3164 ὀφείλουσι

2009 3093 2385 3165 splendidiore
2411 3103 2625 3148 certant
2649 3093 2904 3164 corona),
2936 3093 3094 3149 facile
3141 3095 3366 3152 debeant
3399 3103 3576 3150 tenta-

311 3191 442 3253 τοὺς
463 3188 808 3262 πειρασμοὺς
842 3189 1109 3256 ἐνεγκεῖν,
1141 3189 1238 3240 καὶ
1279 3187 1354 3258 μὴ
1395 3187 1556 3258 μόνον
1581 3186 1658 3259 μὴ
1691 3185 1894 3254 ἀλύειν,

2007 3184 2180 3238 tiones
2211 3182 2476 3252 perferre,
2503 3191 2556 3240 et
2611 3199 2720 3240 non
2779 3184 2952 3240 solum
2984 3199 3091 3239 non
3121 3184 3373 3256 ,tristari,
3398 3188 3492 3240 sed
3521 3195 3578 3241 et

313 3281 453 3338 ἀλλὰ
484 3281 580 3336 καὶ
622 3281 892 3352 θυμηδίας
939 3279 1321 3352 ἐμφορεῖσθαι,
1363 3278 1711 3352 θαρρούντως
1749 3280 1900 3348 ἰσχυ-

317 3372 758 3446 ρισαίμην.”υτι
814 3372 927 3444 γάρ
979 3388 1124 3434 τινες
1179 3369 1415 3424 ἐνταῦθα
1479 3367 1894 3440 θεραπεύονται,

313 3465 584 3534 ἐγγυᾶται
641 3466 670 3518 δ
697 3461 914 3526 Παῦλος
948 3459 1168 3533 κράζων
1189 3478 1204 3494 ·
1263 3478 1282 3510 ι
1319 3457 1648 3530 Κρινόμενοι
1682 3457 1738 3510 δὲ
1794 3456 1898 3510 ὑπὸ

311 3555 528 3628 Κυρίου
582 3551 972 3624 παιδευόμεθα,
1034 3550 1122 3604 ἵνα
1163 3549 1238 3621 μὴ
1293 3548 1390 3602 σὺν
1432 3547 1512 3618 τῷ
1557 3547 1748 3617 κόσμῳ
1793 3562 1897 3598 κα-

310 3644 692 3718 τακριθῶμεν.
731 3661 751 3696 ι
803 3642 926 3697 Ὅτι
973 3641 1030 3696 δέ
1081 3657 1228 3705 τινες
1261 3640 1357 3694 καὶ
1396 3638 1678 3710 στεφάνων
1707 3638 1896 3692 ἕνεκεν

312 3737 699 3808 ἀγωνίζονται,
753 3735 1070 3808 μαρτυρεῖὸ
1093 3733 1238 3796 θεῖος
1261 3731 1532 3806 χρησμὸς,
1567 3733 1596 3784 ὁ
1642 3731 1778 3802 πρὸς
1809 3730 1899 3785 τὸν

2005 3276 2241 3343 gaudere
2269 3274 2668 3330 incredibiliter
2716 3285 2971 3346 oportere
3011 3276 3188 3332 valide
3217 3275 3573 3332 aliirmamus.

2003 3365 2141 3420 Hinc
2167 3367 2309 3422 enim
2343 3369 2518 3421 curari
2547 3368 2791 3438 quaedam
2846 3369 3114 3438 promittit
3145 3370 3335 3424 beatus
3369 3370 3569 3426 Paulus

1971 3454 2248 3517 'clamans
2277 3477 2291 3513 :
2329 3479 2348 3512 ι
2385 3459 2516 3516 Dum
2542 3461 2854 3531 judicamur
2889 3477 2920 3518 a
2969 3463 3196 3517 Domino
3223 3463 3573 3532 corripimur,

2003 3561 2063 3608 ut
2094 3569 2199 3610 non
2241 3567 2364 3608 cum
2393 3555 2495 3608 hoc
2530 3555 2728 3608 mundo
2783 3555 3106 3608 damnemur
3137 3553 3200 3608 ⁸³.
3240 3571 3259 3606 ι
3300 3553 3572 3621 Quosdam

2003 3659 2134 3700 vero
2180 3661 2396 3702 coronae
2451 3645 2625 3716 gratia
2671 3645 3020 3711 contendere,
3056 3645 3298 3700 divinum
3345 3651 3575 3700 testatur

2004 3737 2282 3792 oraculum
2324 3750 2353 3790 a
2385 3737 2493 3790 Deo
2529 3735 2595 3789 ad
2625 3734 2726 3790 Job
2781 3734 3056 3804 prolatum
3085 3753 3098 3787 :
3131 3753 3150 3788 ι
3212 3734 3454 3789 Putasne
3491 3749 3577 3790 me

325 3828 452 3883 Ἰὼϐ
472 3827 797 3901 είρημένος’
843 3845 862 3878 ι
898 3823 1015 3880 Olet
1063 3841 1132 3897 με
1162 3823 1336 3888 ἄλλως
1365 3840 1447 3877 σοι
1484 3820 1892 3894 κεχρηματικὲ-

1997 3825 2153 3882 aliter
2180 3825 2522 3896 respondisse
2551 3825 2670 3890 tibi,
2695 3839 2856 3894 quam
2887 3833 2947 3879 ut
2978 3839 3242 3894 appareas
3251 3823 3430 3894 justus
3457 3825 3500 3858 “
3518 3825 3570 3878 ἳι

309 3937 440 3986 ναι,
499 3919 536 3990 ἢ
599 3919 688 3974 ἵνα
739 3918 1024 3988 ἀναφανῇς
1093 3916 1346 3982 δίκαιος;
1413 3933 1432 3967 ι
1505 3913 1718 3968 Οὐκοῦν
1781 3912 1892 3966 εἴτε

2000 3919 2142 3986 Quin
2175 3909 2338 3990 igitur
2357 3919 2472 3975 sive
2497 3918 2600 3974 hoc
2632 3919 2747 3974 sive
2774 3917 2864 3974 illo
2889 3933 3244 3974 exerceamur
3266 3919 3445 3986 modo,
3482 3918 3580 3974 bo-

307 4011 512 4079 οὕτως,
563 4009 673 4066 εἴτε
746 4009 971 4073 ἐκείνως
1025 4007 1311 4078 πάσχομεν
1330 4047 1346 4073 ,
1395 4005 1640 4080 χρηστὰς
1679 4003 1894 4075 ἔχωμεν

2003 4027 2073 4068 na
2115 4023 2264 4069 certe
2300 4012 2569 4068 nutriatur
2591 4027 2686 4083 spe
2710 4012 3079 4069 beatitudinis.

307 4103 559 4167 ἐλπίδας.

562 4217 679 4282 ιιΖν.
719 4241 791 4256 -
817 4213 1123 4284 ΘΕΟΔΩΡῼ
1155 4209 1615 4280 ΣΧοΑΑΣΤικςι.

2167 4202 2380 4260 XCVII.
2405 4233 2474 4244 ——
2491 4200 2868 4260 THEODORO
2913 4200 3406 4260 SCIIOLASTICO.

1067 4303 1157 4360 νει
1179 4303 1420 4358 veritatis
1453 4311 1531 4356 est
1551 4299 1796 4358 omnibus
1823 4297 2186 4368 anteferendo.
2227 4294 2439 4352 Similia
2475 4295 2836 4350 Nazianzeni.

388 4423 481 4496 Μὴ
526 4422 625 4495 τὴν
658 4421 920 4494 ἀλήθειαν
969 4421 1082 4484 τοῖς
1123 4417 1420 4490 ἐριστικοῖς
1465 4415 1647 4486 λόγοις
1677 4413 1890 4486 βιάζου,

2066 4411 2208 4468 Cave
2237 4411 2516 4468 veritatem
2533 4408 2886 4465 coutentiosis
2909 4406 3076 4464 violes
3097 4405 3571 4476 disputationibus,

323 4513 460 4587 μηδέ
507 4511 808 4585 καθύϐριζε
847 4512 1018 4582 αὐτὴν
1054 4507 1366 4574 συσκιάζων
1401 4507 1564 4582 τέχνῃ
1603 4508 1893 4578 σοφιστικῇ

2001 4517 2181 4573 neque
2245 4511 2364 4559 arte
2415 4501 2712 4572 sophistica
2749 4498 2953 4556 adicias
3009 4498 3202 4568 injuria
3257 4508 3572 4553 accuratam

313 4586 419 4676 τὴν
445 4603 648 4676 ἀκριϐῆ
693 4601 924 4673 γνῶσινο
973 4601 1110 4656 ἀλλὰ
1153 4599 1334 4654 πάντα
1364 4598 1594 4670 δεύτερα
1639 4596 1735 4652 τοῦ
1767 4598 1894 4670 άλη-

2001 4596 2174 4668 ipsius
2201 4594 2594 4665 cognitionem,
2614 4592 2708 4648 sed
2736 4591 2919 4646 omnia
2953 4588 3162 4642 veritati
3204 4586 3572 4658 posthabenda

315 4695 446 4760 θοῦς
500 4694 827 4767 ἡγούμενος,
883 4693 1267 4764 άκαπήλευτον
1323 4689 1420 4745 καὶ
1474 4689 1773 4745 ἀδέκαστον
1797 4689 1894 4760 τὴν

2000 4698 2176 4752 ratus,
2203 4699 2308 4740 non
2339 4683 2718 4754 cauponaudo,
2768 4695 2944 4752 neque
2980 4681 3294 4736 muneribus
3323 4692 3570 4734 cornuu-

308 4789 450 4862 περὶ
473 4787 643 4844 αὐτοῦ
675 4787 856 4859 ψῆφον
881 4786 1128 4855 ἔνεγκον.

1998 4777 2174 4848 pendo
2199 4777 2524 4832 sententiam
2543 4773 2914 4844 iudiciumque
2953 4773 3018 4828 de
3049 4787 3112 4827 ea
3143 4770 3306 4824 feras.

625 4904 748 4972 ιιιιν.
780 4933 853 4944 -
883 4901 1285 4972 ΔΠΟΛΛΩΝΙῼ
1311 4899 1590 4971 ΓΕΩΡΓῼ.

2208 4888 2442 4947 XCVIII.
2461 4886 2926 4945 —APOLLON|O
2965 4883 3362 4943 AGRICOLE.

817 5029 828 5040 ι
885 5050 905 5062 ,,
1628 4989 1984 5062 Agricultura:
2013 4983 2277 5042 laudatio.

391 5108 466 5162 Ἦ
521 5106 765 5178 γεωργία
807 5107 903 5161 καὶ
948 5107 1256 5176 ἀναγκαία,
1303 5106 1398 5160 καὶ
1449 5105 1639 5160 πασῶν
1686 5103 1894 5176 τεχνῶν

2074 5095 2420 5170 Agricultura
2469 5103 2524 5150 et
2559 5091 2869 5150 necessaria
2899 5091 2954 5148 in
3007 5090 3222 5163 primis,
3253 5097 3309 5146 et
3347 5094 3570 5144 caetera-

313 5200 508 5271 μήτηρ
535 5175 674 5252 νέστὶ
721 5199 814 5252 καὶ
855 5175 1074 5269 τροφός
1104 5196 1240 5271 (88).
1275 5191 1349 5250 Εὖ
1401 5197 1499 5268 μὲν
1551 5195 1662 5267 γάρ
1722 5175 1894 5264 αύτῆς

2004 5207 2123 5247 rum
2157 5203 2352 5260 parens
2403 5186 2700 5258 nutrixquo
2731 5192 2818 5242 est
2848 5185 3067 5240 artium.
3104 5182 3201 5238 illa
3254 5177 3452 5236 etenim
3493 5175 3576 5234 vi-

389 5351 436 5385 "
469 5349 492 5406 ι
523 5349 654 5408 Cor.
682 5367 761 5421 XI,
799 5351 892 5407 '52.
971 5351 1016 5383 ¹⁸
1050 5349 1154 5408 Job
1194 5365 1391 5416 xum,
1423 5349 1516 5406 52.

1415 5497 1653 5560 VABLE
1691 5497 2080 5556 LECTIONES
2117 5495 2208 5552 ET
2232 5493 2470 5551 ΝΟΤᾸΕ.

385 5668 502 5744 (88)
550 5667 732 5744 ldem_
760 5664 1057 5744 Χερορῆοη
1108 5661 1160 5716 in
1180 5657 1577 5744 ‘(Econo'micis
1627 5655 1894 5744 disputat,

1997 5648 2155 5744 εἶναι.
2187 5649 2352 5744 Addit
2391 5649 2618 5744 Aristot.
2659 5648 2835 5731 Ιίὶιηνι
2871 5646 3058 5744 Potin,
3089 5646 3296 5744 caput,
3336 5659 3441 5744 non
3485 5663 3574 5704 so-

313 5719 805 5816 Γείἷροξωῐῆὗῖῶκῗ
817 5719 994 5792 άλλῖυν
1039 5731 1247 5804 τεχνῶν
1304 5722 1516 5802 μητέρα
1559 5727 1654 5780 καὶ
1699 5719 1894 5795 τροφὸν

2007 5723 2116 5776 lum
2151 5719 2436 5792 altricem,
2481 5719 2572 5778 sed
2612 5719 2937 5788 praecipuam
2980 5720 3143 5774 etiam
3195 5720 3402 5790 reipub.
3449 5732 3570 5774 esse
