4078 6360
313 328 455 403 1385

559 447 680 507 Pl".
711 483 782 494 —-
817 450 1136 522 ΟΛΥἶυῖΠΙῼ
1177 446 1652 517 ΠΡΕΣΒΥΤΕΡῼ.

1288 323 1827 396 EPISTOLARUM
1865 322 2011 386 LIB.
2051 325 2122 386 V.
2151 349 2225 361 -
2259 321 2497 388 EPIST.
2543 327 2654 390 CV.

3446 319 3582 388 1386

2263 439 2396 495 CIII.
2417 467 2484 480 --
2505 438 2813 496 OLYMPIO
2846 433 3330 494 PRESBYTERO.

838 568 1038 638 Rogat,
1078 580 1134 621 ut
1171 581 1267 636 pro
1295 565 1583 633 desperatio
1615 559 1862 631 nequitia:
1889 556 2186 612 hominibus
2221 555 2386 610 Deum
2423 567 2552 610 oret.
2600 554 2725 609 i’idc
2753 558 2906 627 epist.
2932 553 3058 609 MO.

383 684 446 740 Ei
473 684 572 740 καὶ
592 684 652 738 τὸ
685 685 784 755 μὲν
831 683 1094 754 ἐπιτιμᾷν
1145 680 1350 753 ῥᾴδιον,
1383 677 1480 732 καὶ
1523 673 1726 737 παντός
1751 673 1898 726 ἐστιν

311 777 629 850 ἀνθρώπου,
687 777 747 830 τὸ
801 776 858 828 δὲ
913 775 1055 846 ὑπὲρ
1109 771 1220 826 τῶν
1253 769 1574 843 πρεπόντων
1617 769 1646 822 ὅ
1674 783 1728 821 τι
1787 765 1894 838 χρὴ

314 872 575 941 πράττειν
623 868 1052 940 ἀποφαίνεσθαι,
1109 865 1340 938 ἀρίστου
1393 861 1736 935 συμϐούλου·
1781 859 1898 914 ἀλλ’

311 961 434 1016 οὔτε
481 961 840 1032 ἐπιτιμᾶσθαι
898 960 1181 1030 ἀνέχονται
1223 957 1435 1028 οἱπερὶ
1487 955 1739 1026 Ζὼσιμον
1791 952 1882 1007 καὶ

310 1051 576 1126 Μάρωνα.
612 1050 736 1106 οὔτε
784 1051 1284 1124 συμϐουλεύεσθαιο
1329 1049 1446 1104 ἀλλ’
1488 1049 1572 1112 είς
1623 1045 1895 1116 τοσαύτην

309 1145 518 1216 ἤλασαν
565 1143 788 1214 μανίαν,
835 1143 978 1197 ὥστε
1013 1143 1106 1198 καὶ
1147 1143 1278 1206 τοὺς
1308 1141 1681 1212 ἐπιτιμῶντας
1721 1139 1894 1194 λοιδο-

310 1236 447 1304 ρεῖν,
474 1233 570 1286 καὶ
597 1234 723 1296 τοὺς
737 1231 1208 1304 συμϐουλεύοντας
1248 1231 1606 1302 κακηγορεῖν.
1673 1220 1894 1300 Ἐπειδὴ

307 1325 364 1378 δέ
393 1342 538 1388 τινες
565 1322 689 1378 οὔτε
738 1325 1180 1396 ἐπιτιμηθέντες,
1206 1323 1332 1379 οὔτε
1376 1321 1891 1394 συμϐουλευθέντες,

309 1415 673 1485 θρηνηοέντες
701 1415 759 1470 δὲ
805 1417 1136 1489 ἀνήνεγκαν,
1177 1419 1272 1473 καί¹
1305 1419 1466 1474 τοῦτο
1509 1419 1573 1474 τὸ
1613 1415 1756 1484 εἶδος
1790 1417 1892 1485 τῆς

307 1507 614 1580 θεραπείας
653 1506 918 1578 ἤλεγξανι
963 1509 1164 1574 γελῶσι
1192 1509 1302 1583 γὰρ
1332 1511 1458 1575 τοὺς
1483 1511 1642 1566 τοῦτο
1667 1513 1731 1564 ὲκ
1757 1510 1892 1566 πολ-

309 1593 406 1664 λῆς
457 1594 841 1666 φιλοστοργίας
879 1597 1142 1668 δρῶντας.
1215 1599 1281 1652 Τί
1333 1595 1429 1656 οὖν
1477 1601 1582 1674 χρὴ
1629 1601 1891 1672 ποιῆσαι;

330 1683 475 1754 Ἐγὼ
502 1686 611 1758 γάρ
637 1703 696 1739 σε
725 1686 911 1740 λοιπὸν
957 1689 1250 1760 ἐρήσομαι,
1286 1691 1376 1744 τὸν
1424 1693 1729 1764 πράγματα
1755 1693 1893 1764 ἡμῖν

308 1777 644 1850 παρέχοντα,
670 1779 765 1834 καὶ
793 1781 1119 1852 ἐνοχλοῦντα
1151 1783 1226 1848 ὡς
1255 1783 1578 1857 δυναμένοις
1613 1785 1891 1840 ἀπελάσαι
1922 1803 1966 1859 Β

307 1869 490 1923 αὐτῶν
517 1870 617 1942 τὴν
646 1871 865 1940 μανίαν.
909 1873 1035 1926 Εἴθε
1072 1874 1172 1945 μὲν
1197 1871 1290 1929 οὖν
1315 1876 1618 1946 ἐδυνάμην,
1655 1876 1750 1930 καὶ
1789 1877 1890 1929 οὐκ

305 1957 376 2013 ἂν
399 1959 628 2032 ἐδεήθην
658 1960 754 2015 τοῦ
789 1962 1273 2033 συμϐουλεύοντος,
1312 1964 1428 2017 ἀλλ’
1455 1966 1618 2030 αὐτὸς
1647 1963 1712 2018 ἂν
1741 1961 1897 2035 ταχί-

305 2067 442 2121 στην
466 2051 816 2124 ἐποιησάμην
859 2054 958 2124 τὴν
1001 2053 1308 2126 διόρθωσιν.
1361 2056 1582 2124 Ἐπειδὴ
1616 2055 1674 2108 δὲ
1707 2057 1894 2126 κρεῖτ-

301 2156 398 2192 τον
422 2139 604 2212 πάσης
644 2141 942 2212 θεραπείας
963 2143 1081 2196 ἐστὶ
1111 2143 1170 2196 τὸ
1206 2143 1399 2209 πάθος,
1425 2143 1518 2198 καὶ
1563 2145 1676 2206 τοῖς
1722 2145 1894 2214 ίατρι·

301 2232 424 2294 κοῖς
471 2233 785 2304 φαρμάκοις
824 2234 1163 2304 ὲπιτρίϐεται
1213 2233 1434 2306 μᾶλλον,
1469 2234 1568 2306 τὴν
1619 2233 1728 2288 ἀπὸ
1781 2233 1891 2286 τῶν

301 2323 479 2390 ἁγίων
507 2341 600 2378 σου
629 2325 805 2396 εὐχῶν
823 2326 1048 2397 χάρισαι
1070 2327 1253 2392 αὐτοῖς
1279 2325 1536 2398 βοήθειαν
1561 2341 1574 2354 ’
1603 2325 1748 2396 τάχα
1771 2342 1891 2390 πως

297 2417 328 2467 ό
363 2415 462 2468 καὶ
483 2415 673 2470 παθῶν
697 2418 790 2471 καὶ
819 2417 1002 2490 πάσης
1019 2419 1435 2490 περιγινόμενος
1469 2417 1668 2482 κακίας
1693 2415 1894 2480 αὐτοὺς

301 2504 542 2560 ἰάσεται.

616 2636 736 2692 PA'.
755 2663 826 2677 -—
850 2633 1064 2690 ΗΡΩΝΙ
1103 2633 1577 2708 ΠΡΕΣΒΥΤΕΡῼ.

2072 647 2186 704 Ειεί
2221 649 2620 718 reprehendere
2651 647 2808 702 facile
2840 658 2890 700 et
2912 644 3157 717 cujusvis
3199 654 3284 698 est
3328 645 3580 710 hominis,

2007 752 2192 792 verum
2227 739 2372 808 quod
2429 747 2510 792 εει
2541 735 2700 792 ofﬁcii
2750 738 3031 807 cujusque,
3070 751 3284 806 quoque
3336 736 3480 789 facto
3511 739 3585 792 sit

2000 845 2137 899 opus
2166 829 2564 891 demonstrare,
2597 829 2784 898 optimi
2838 837 2921 881 est
2975 827 3266 881 consiliarii
3325 825 3580 881 ofﬁcium.

2002 922 2118 977 Sed
2167 920 2643 990 reprehensionem
2704 935 2810 974 non
2842 919 3019 974 ferunt
3046 917 3298 975 Zosimus
3325 927 3380 974 et
3411 918 3581 977 Maro.

2001 1027 2178 1084 neque
2213 1013 2497 1068 consilium
2527 1011 2770 1082 capiunt,
2811 1011 2903 1066 sed
2933 1027 2993 1065 ea
3021 1012 3277 1082 exagitati
3305 1011 3581 1066 dementia

1998 1113 2057 1160 et
2087 1103 2546 1175 reprehendentes
2570 1102 2765 1172 injuria
2801 1100 3059 1168 aliiciunt,
3091 1111 3148 1158 et
3167 1117 3298 1156 sana
3348 1101 3584 1158 suadeo.

2001 1203 2084 1253 tes
2116 1195 2414 1252 maledictis
2444 1193 3219 1264 incessunt.Quandoquidem
3268 1209 3396 1249 vero
3450 1209 3587 1248 non~

2000 1290 2132 1344 nulli
2175 1302 2350 1359 neque
2406 1289 2851 1358 reprehensores,
2879 1302 3054 1358 neque
3104 1301 3376 1354 suasores,
3403 1288 3495 1340 sed
3527 1297 3587 1339 ut

1999 1379 2348 1456 deplorantes
2379 1389 2753 1444 accesserunt,
2783 1380 2945 1434 etiam
3001 1379 3102 1434 hoc
3143 1378 3424 1432 medicina:
3465 1377 3584 1431 olli.

2001 1473 2144 1526 cium
2185 1471 2533 1526 accusarunt.
2562 1470 2794 1526 lrrident
2829 1471 2975 1526 enim
3029 1472 3190 1525 etiam
3227 1483 3338 1536 eos,
3373 1469 3463 1539 qui
3498 1469 3586 1537 pio

2001 1563 2055 1618 ιιι
2105 1561 2299 1620 affectu
2353 1574 2640 1634 peragunt.
2691 1560 2834 1629 Quid
2889 1563 3052 1632 igitur
3095 1560 3238 1616 facto
3266 1570 3350 1615 est.
3405 1557 3589 1631 opus?

2000 1655 2245 1710 ultimum
2302 1654 2406 1708 hoc
2463 1654 2556 1710 libi
2611 1653 3082 1723 denuntiabo,qui
3122 1651 3391 1722 negotium
3451 1651 3583 1705 mihi

1999 1747 2250 1812 lacessis,
2281 1757 2336 1803 et
2361 1761 2422 1801 es
2459 1747 2824 1816 importunus,
2855 1747 3016 1816 quasi
3073 1746 3311 1814 ipsorum
3359 1744 3586 1798 insaniae

1997 1839 2296 1893 remedium
2348 1836 2544 1894 aﬂerre
2591 1837 2823 1893 valeam.
2854 1840 3031 1908 Atque
3092 1836 3298 1890 utinam
3367 1849 3581 1903 possem

1995 1945 2172 1999 neque
2193 1944 2330 1998 opus
2357 1929 2728 1984 admonitione
2753 1937 2922 1992 esset,
2953 1925 3050 1982 sed
3111 1933 3338 1994 repente
3381 1923 3582 1978 alierre

1997 2023 2396 2078 correctionem
2450 2037 2668 2092 queam.
2731 2021 2867 2076 Cum
2926 2033 3052 2074 vero
3113 2018 3314 2072 malum
3359 2030 3578 2071 omnem

1997 2123 2216 2184 superet
2265 2115 2630 2176 curationem,
2669 2110 2836 2184 584
2873 2111 3238 2181 onmibusque
3299 2106 3583 2164 medicinae

1999 2206 2312 2274 pbarmacis
2352 2205 2724 2273 exulceratur,
2765 2203 2968 2258 sanctis
3001 2203 3111 2258 tuis
3145 2200 3398 2268 precibus
3418 2213 3576 2268 opem

2001 2297 2134 2368 ipsis
2165 2295 2331 2363 feras,
2359 2296 2404 2351 si
2447 2309 2550 2364 qua
2589 2296 2819 2350 fortasse
2868 2293 3078 2349 ratione
3132 2290 3276 2346 malo
3326 2299 3584 2359 snperato

1997 2387 2149 2444 omni
2175 2385 2296 2443 illos
2327 2400 2596 2457 expurges
2629 2384 2781 2439 vitio.

1993 2620 2203 2678 'ClV.-—
2220 2619 2479 2680 HERONI
2503 2621 2683 2678 ΡΒΕὸ
2697 2620 2996 2689 BYTERO,
3026 2617 3256 2678 FORTE
3277 2619 3580 2689 HIERONI,

2525 2703 2582 2748 ut
2615 2709 2764 2762 supr.
2791 2695 2946 2760 epist.
2979 2694 3070 2748 67.

381 2788 564 2846 Monet
595 2797 654 2844 ut
689 2788 830 2858 lites,
860 2805 1016 2860 quas,
1047 2787 1274 2843 auaritia
1301 2792 1540 2857 cogente,
1567 2785 1726 2844 alteri
1752 2788 2062 2912 intentarqt,
2087 2785 2254 2841 amice
2289 2785 2464 2856 potius
2493 2793 2794 2856 componat,
2824 2801 2984 2857 quam
3027 2785 3250 2840 dubium
3274 2795 3512 2842 eventum

1810 2875 1993 2912 eanec
2017 2868 2088 2912 et.

1810 2868 2088 2930 exspectet.

372 2976 491 3032 οὐκ
514 2971 820 3046 ἀγνοοῦμεν
850 2973 934 3028 ὅτι
967 2973 1002 3044 ἡ
1023 2972 1170 3046 ἀρχὴ
1217 2973 1313 3028 τοῦ
1343 2971 1484 3047 πρὸς
1517 2972 1614 3028 τὸν
1663 2972 1757 3027 σὺν
1781 2971 1893 3028 διὰ·

2065 2969 2184 3026 Non
2207 2984 2296 3026 me
2314 2969 2452 3043 l‘ugit
2482 2969 2810 3042 principium
2856 2969 2976 3040 ejus
3025 2969 3416 3039 contentionis,
3443 2985 3564 3042 quae

295 3075 454 3129 δικον
477 3071 718 3142 πολέμου
739 3070 805 3123 ὲκ
833 3067 1147 3133 πλεονεξίας
1171 3067 1411 3123 λαϐοῦσα
1437 3067 1500 3122 τὸ
1515 3065 1762 3138 σπέρμα,
1791 3064 1891 3118 καὶ

2001 3062 2097 3118 tibi
2125 3062 2177 3118 in
2207 3061 2326 3118 foro
2348 3077 2472 3117 cum
2534 3061 2782 3133 litigante
2833 3071 2938 3127 est,
2997 3075 3064 3118 ex
3116 3061 3344 3116 avaritia
3401 3071 3582 3116 ortum

294 3113 694 3220 διάνπλειὸνὲν
749 3161 924 3215 ἄλλων
968 3113 1292 3232 χωρήσασα,
1328 3159 1520 3232 ἔληξεν
1549 3113 1895 3229 εἰςΐκῄατηγοι-

2001 3153 2228 3218 babere,
2283 3160 2340 3206 et
2401 3167 2498 3222 per
2543 3152 2698 3206 varia
2753 3153 3054 3220 procedens
3083 3151 3234 3217 vitia,
3271 3153 3324 3206 in
3354 3165 3583 3207 accusa“

301 3257 434 3328 ρίαν
454 3273 470 3289 ο
507 3251 864 3326 συμϐουλεύω
897 3251 976 3318 δὲ,
1011 3253 1094 3306 ὅτι
1125 3251 1334 3317 δίκαιος
1379 3251 1446 3306 ἂν
1473 3251 1590 3322 είης
1620 3249 1895 3322 ἀρκεσθῆ-

299 3365 392 3402 ναι
431 3348 545 3410 τοῖς
579 3343 992 3416 γεγενημένοις.
1028 3343 1206 3396 Πολλά
1249 3341 1361 3414 γὰρ
1409 3341 1638 3412 δράσας,
1673 3339 1895 3394 πλείονα

300 3437 598 3498 πέπονθεν,
641 3435 730 3490 ἵνα
764 3436 840 3507 μὴ
873 3434 936 3486 τὺ
965 3433 1158 3486 δοκοῦν
1186 3431 1339 3496 τέλος
1365 3427 1507 3485 εἶναι
1551 3429 1654 3500 τῆς
1689 3430 1890 3507 μάχης,

297 3529 454 3602 ἀρχὴ
483 3529 707 3599 γένηται
753 3500 1016 3598 μειζόνων
1063 3521 1382 3594 συμφορῶν.
1433 3519 1594 3585 Δέξαι
1627 3517 1721 3573 οὖν
1767 3500 1894 3580 soli;

297 3624 448 3694 ὑπὲρ
502 3619 665 3674 αύτοῦ
699 3619 809 3690 (90)
866 3615 1340 3688 παρακαλοῦντας,
1396 3613 1490 3668 καὶ
1561 3610 1800 3666 κατάθου
1830 3609 1892 3663 τὸ

297 3715 542 3786 πρᾶγμα
567 3729 582 3743 ο
623 3711 846 3782 ἄμεινον
876 3708 1226 3780 ἡγησάμενος
1259 3705 1596 3778 χρηστότητι
1629 3703 1894 3773 καθυφεῖ-

296 3821 393 3858 ναι
427 3801 628 3873 μᾶλλον
669 3801 704 3872 ἢ
749 3799 930 3872 κρίσει
981 3797 1252 3852 δικαστῶν
1292 3795 1616 3868 ἡττηθῆναι.
1663 3793 1895 3862 Ἄδηλον

295 3895 414 3966 γὰρ
443 3893 505 3947 τὸ
525 3894 720 3964 πέρας,
770 3892 868 3946 καὶ
912 3890 1101 3944 πολλοὶ
1151 3888 1370 3962 μυρίοις
1411 3885 1768 3960 ὡχυρωμένοι
1816 3885 1897 3938 δι·-

299 3985 511 4052 καίοις,
541 3985 616 4048 ὡς
639 3983 796 4038 οὐδὲν
851 3981 1067 4054 ἔχοντες
1109 3980 1332 4052 ἰσχυρὸν
1362 3979 1704 4052 ἡττήθησαν.
1739 3975 1806 4030 Εἰ
1836 3975 1894 4029 δὲ

299 4076 402 4132 καὶ
431 4075 608 4146 σαφὴς
633 4071 702 4146 ἦν
731 4075 764 4144 ὴ
804 4073 953 4145 νίκη,
995 4072 1057 4126 τὸ
1095 4071 1430 4144 χρηστότητι
1457 4069 1659 4142 μᾶλλον
1681 4068 1892 4140 χρήσα-

304 4168 440 4224 σθαι
475 4165 856 4238 λαμπρότερόν
883 4181 944 4219 σε
981 4161 1374 4235 ἀποφανεῖτοῦ
1405 4160 1769 4233 νενικηκέναι.

418 4366 540 4422 re.
579 4389 652 4409 -
694 4358 1463 4434 ΜΑΡΤιΝιΑΝοκειιΣιΜῼ,
1495 4358 1788 4424 ΜΑΡοΝι,

929 4432 1288 4503 maneto.

1933 4426 1982 4487 D

2001 3243 2216 3300 tionem
2251 3243 2478 3300 liniisse.
2505 3242 2710 3300 Hortor
2745 3243 2950 3314 itaque,
2973 3243 3227 3314 justeque
3281 3242 3504 3304 feceris.
3534 3244 3580 3297 si

1997 3334 2052 3388 in
2091 3335 2179 3396 iis,
2201 3348 2322 3404 qua:
2347 3333 2784 3394 hactenusl'acta
2819 3343 2966 3399 sunt,
3001 3333 3379 3404 conquiescas.
3411 3333 3587 3390 Multa

1995 3425 2140 3478 enim
2194 3439 2360 3495 agens
2405 3425 2614 3494 perpeti
2662 3425 2802 3479 solet
2857 3423 3034 3494 plura,
3063 3439 3133 3480 ne
3180 3423 3337 3494 cujus
3387 3437 3582 3494 pugna:

2001 3517 2124 3572 linis
2181 3531 2302 3572 esse
2336 3515 2572 3580 videtur,
2599 3515 2815 3571 initium
2861 3516 2956 3571 liat
2987 3517 3256 3584 majorum
3291 3515 3578 3571 calamita-

1999 3617 2133 3663 tum.
2165 3607 2348 3675 Quare
2384 3609 2600 3678 suscipe
2623 3621 2718 3664 eos
2745 3609 2838 3678 qui
2887 3623 2986 3678 pro
3038 3609 3147 3664 illis
3208 3609 3583 3672 intercedunt,

2000 3715 2222 3771 remque
2247 3699 2482 3765 conﬁce,
2511 3700 2706 3756 melius
2736 3701 3060 3756 existimans
3095 3699 3300 3772 aliquid
3333 3700 3578 3757 clemens

2004 3794 2094 3848 tiae.
2159 3793 2491 3856 condonare,
2523 3807 2688 3864 quam
2739 3793 3002 3864 judicium
3052 3793 3328 3849 sententia
3376 3792 3580 3849 victum

2003 3898 2148 3940 esse.
2193 3883 2398 3939 Litium
2437 3885 2583 3941 enim
2642 3886 2886 3942 incertus
2918 3893 3004 3942 est
3061 3887 3272 3951 exitus,
3303 3884 3576 3954 multique

2003 3977 2140 4032 adeo
2164 3991 2378 4031 summo
2411 3977 2583 4032 innixi
2607 3974 2730 4046 jure
2753 3976 3204 4034 imbecillioribus
3227 3976 3361 4034 victi
3388 3989 3578 4032 cesse—

2004 4076 2156 4124 runt.
2185 4065 2300 4121 Etsi
2347 4081 2479 4123 vero
2525 4067 2674 4123 clara
2721 4069 2794 4124 sit
2825 4068 3080 4134 victoria,
3113 4069 3348 4140 benigno
3403 4075 3586 4124 tamen

2003 4158 2188 4212 animo
2231 4159 2438 4214 utendo
2485 4158 2843 4216 illustriorem
2902 4169 3164 4231 te,quam
3216 4160 3334 4232 ipsa
3392 4159 3588 4216 reddes

2003 4251 2253 4308 victoria.
2305 4278 2311 4284 -

2145 4364 2256 4420 (ιν.
2274 4394 2346 4408 -
2362 4365 2690 4440 uan'rmnt
2701 4367 2810 4440 NO,
2830 4365 3120 4440 ,zosmo,
3158 4366 3446 4435 uanum,

2594 4438 2773 4496 EUST
2777 4439 2866 4494 AT
2872 4438 3009 4496 1-110.

1557 4523 1760 4579 Bonam
1792 4525 1902 4580 illis
1937 4539 2081 4598 optat
2107 4539 2350 4586 mentem.

395 4634 600 4693 Ἱκανὸν
647 4633 747 4707 μὲν
793 4632 1084 4706 σύμϐολον,
1143 4635 1240 4688 καὶ
1285 4632 1543 4705 μέγιστον
1595 4633 1898 4706 τεκμήριον

305 4727 412 4800 τῆς
462 4727 602 4798 ἐμῆς
653 4727 733 4790 είς
757 4727 904 4797 ὑμᾶς
953 4725 1181 4796 γνώμης
1237 4724 1374 4778 αὐτὸ
1407 4724 1468 4776 τὸ
1509 4723 1898 4794 συμϐουλεύειν

302 4817 531 4872 ἑλέσθαι
561 4833 576 4848 ·
617 4815 808 4872 ἅπασα
836 4818 946 4889 γὰρ
991 4813 1274 4887 συμϐουλὴ
1297 4814 1360 4868 τὸ
1390 4813 1498 4868 τῶν
1521 4815 1896 4886 ἀκροωμένων

301 4912 468 4982 ζητεῖ
493 4909 796 4981 συμφέρον.
846 4903 941 4972 Οἷς
979 4908 1037 4962 δὲ
1089 4907 1372 4979 ὲκπορίζει
1433 4925 1518 4972 τις
1546 4907 1616 4961 τὰ
1665 4906 1898 4978 χρηστά,

300 5002 528 5066 τούτοις
554 5001 657 5056 οὐκ
695 4999 776 5054 ἔνι
827 5001 998 5072 φῆσαι
1050 4999 1330 5070 δυσμενῶς
1383 4999 1530 5072 ἔχειν
1573 5001 1666 5054 τὸν
1699 5017 1899 5072 παραι-

305 5093 510 5149 νοῦντα
533 5108 548 5124 ⁸
583 5092 662 5156 ὡς
713 5092 758 5146 δ’
787 5092 853 5147 ἂν
885 5091 1022 5164 μηδὲ
1057 5091 1207 5159 σκιά,
1242 5087 1418 5164 οἶμαι,
1473 5093 1763 5158 αίτιάσεως
1781 5091 1896 5162 ι91)

305 5185 426 5258 ὗπῇ
453 5187 568 5248 τοῖς
598 5183 832 5255 ἑτοίμως
866 5183 1142 5254 διασύρειν
1193 5183 1436 5240 ἐθέλουσι
1498 5185 1605 5257 πρὸ
1639 5184 1740 5255 τῆς
1783 5185 1897 5237 εἱσ-

303 5277 592 5349 ηγήσιως,
627 5275 828 5346 μᾶλλον
855 5275 916 5329 δὲ
945 5277 979 5348 ὴ
1005 5275 1140 5348 εὐχὴ
1162 5277 1446 5347 είσήγησις
1471 5274 1635 5339 ἔστω,
1668 5273 1896 5344 εὔξομαι

305 5367 456 5440 πρὸς
509 5366 572 5422 τὸ
619 5366 797 5430 Θεῖον,
831 5365 972 5420 ὥστε
1023 5367 1148 5424 νοῦν
1185 5369 1314 5438 ὑμῖν
1349 5367 1597 5438 βελτίονα
1637 5366 1894 5434 ἐνθεῖναι,

2081 4639 2307 4710 Signum
2334 4651 2423 4697 sat
2453 4641 2703 4698 idoneum
2730 4644 3134 4713 maximumque
3163 4652 3248 4701 est
3295 4659 3590 4716 argumen-

2008 4738 2119 4783 tum
2147 4745 2280 4785 meae
2314 4745 2444 4802 erga
2499 4747 2595 4787 vos
2636 4733 3028 4788 benevolentia:
3060 4735 3202 4804 quod
3245 4735 3377 4790 dare
3430 4736 3591 4791 iusti-

2009 4819 2206 4876 tuerim
2235 4810 2542 4877 consilium.
2574 4823 2765 4879 Omnis
2795 4825 2940 4880 enim
2971 4827 3153 4882 suasio
3194 4829 3592 4900 consiliumque

2008 4909 2346 4965 audientium
2377 4923 2588 4983 spectat
2637 4914 2950 4971 utilitatem.
2979 4916 3188 4984 Quibus
3229 4934 3361 4974 vero
3389 4937 3589 4992 suppe-

2005 5001 2142 5083 ditat
2163 5002 2287 5072 quis
2323 5003 2500 5070 utilia,
2530 5004 2589 5060 hi
2631 5021 2734 5060 non
2765 5008 2964 5064 debent
3007 5011 3189 5066 dicere
3210 5011 3480 5067 hostiliter
3505 5026 3594 5068 se-

2005 5107 2130 5146 cum
2157 5107 2319 5164 agere
2348 5095 2754 5164 admonentem,
2784 5100 2881 5155 sed
2913 5109 2975 5154 ut
3001 5117 3067 5157 ne
3092 5102 3338 5158 umbram
3371 5103 3590 5174 quidem

2003 5185 2371 5241 accusationis
2423 5201 2716 5256 superesse
2760 5192 2980 5245 credam
3031 5193 3120 5260 iis,
3145 5194 3239 5264 qui
3297 5205 3587 5264 antequam

2004 5274 2418 5342 admoneantur,
2449 5280 2636 5334 volunt
2658 5283 2996 5354 obstrepere,
3031 5286 3160 5355 quin
3194 5286 3372 5355 potius
3399 5299 3590 5355 preces

2004 5367 2124 5422 loco
2147 5369 2463 5428 monitionis
2487 5373 2616 5428 sint.
2651 5373 2819 5430 Deum
2866 5375 3049 5446 itaque
3088 5392 3302 5448 precor,
3335 5387 3396 5432 ut
3430 5389 3588 5433 mea.

1451 5517 1688 5578 VARIAI
1724 5518 2120 5578 LECTIONES
2157 5521 2248 5578 ΕΤ
2285 5521 2518 5581 NOTAE.

383 5678 500 5755 (90)
537 5681 710 5755 (ξοδδ.
735 5682 926 5755 ambo,
955 5680 1098 5753 ὑπὲρ
1117 5679 1338 5755 αὐτῶν.
1368 5675 1582 5735 Possm.

2003 5679 2184 5743 αἰτίας
2213 5678 2321 5744 ὡς·
2363 5679 2648 5741 lectionem
2683 5693 2861 5740 tamen
2902 5685 3030 5740 editi
3061 5684 3328 5742 adnotans
3359 5687 3410 5740 in
3443 5699 3590 5743 mare

387 5748 503 5823 (91)
545 5751 648 5807 Pro
694 5751 983 5816 αἰτιάσεως
1026 5748 1146 5806 cod.
1184 5753 1289 5804 Alt.
1329 5753 1378 5802 in
1419 5758 1674 5806 contextu
1705 5748 1898 5807 scribit
2004 5753 2149 5822 gine.
2194 5751 2270 5804 in.

679 5846 952 5908 Ρλταοι..
1001 5849 1117 5908 (in.
1167 5845 1502 5905 LXXVIII.

3190 5848 3266 5909 44
