4078 6382
557 318 696 384 1387·

1769 323 1828 382 S.
1867 319 2178 384 ISIDORI':
2202 323 2645 386 PELUSIOT/E

3659 336 3769 409 1388

557 449 664 490 tem
699 433 851 490 vobis
876 433 1071 490 bonam
1107 435 1384 501 immittat,
1409 436 1719 508 relegetque
1744 450 1776 490 a
1800 437 1952 491 vobis
1980 436 2139 490 indo-

2250 438 2342 491 καὶ
2393 438 2492 508 τὴν
2557 438 2891 510 ἀναλγησίαν
2945 439 3351 511 ὲξοστρακίσαι,
3425 461 3512 497 και
3566 448 3774 509 εὔεικτον

559 529 801 591 tentiam,
834 535 993 596 atque
1019 528 1327 596 obsequens
1357 543 1420 582 ac
1448 529 1782 600 morigerum
1830 541 1927 581 cor
1987 525 2140 580 vobis

562 619 840 687 largiatur,
880 618 945 669 ad
981 616 1447 684 complectendam
1479 619 1734 672 virtutem
1761 633 1881 686 qua:
1923 617 2140 670 insitam

559 709 753 762 habeat
786 706 1244 776 pulchritudinem
1283 717 1446 779 atque
1479 710 1816 763 honestatem
1843 709 2022 776 pretio
2052 708 2139 762 inv

559 801 996 871 comparabilem.
1025 800 1436 872 lmprobitatem
1481 813 1672 860 contra
1723 804 1811 858 det
1873 803 2140 873 emigere,

559 908 718 962 quam
753 895 945 962 cupide
979 895 1139 948 nimis
1169 897 1460 951 sectamini
1500 897 1669 951 forma
1717 895 1889 952 ferina
1942 896 2144 965 prtedi-

559 998 689 1049 tam,
726 989 984 1055 omnique
1033 985 1210 1056 Scylla
1266 989 1657 1054 molestiorem,
1688 1001 1742 1044 et
1785 1004 1905 1058 qum
1960 999 2143 1045 mente

555 1079 728 1146 captis
779 1079 964 1132 nescio
1023 1093 1127 1147 qua
1188 1081 1398 1135 ratione
1432 1081 1602 1150 possit
1658 1094 1784 1134 esse
1835 1080 2020 1135 suavis
2080 1095 2144 1133 ac

549 1165 809 1232 jucunda.
843 1165 898 1220 Si
929 1182 1058 1220 vero
1088 1167 1242 1222 dolor
1270 1170 1447 1224 omnis
1474 1169 1717 1224 sublatus
1742 1184 1807 1224 ex
1831 1170 2014 1225 animo
2037 1179 2139 1234 est,

558 1259 575 1324 (
600 1260 741 1326 quod
770 1257 989 1326 quidem
1019 1259 1276 1327 patientia
1322 1262 1374 1315 in
1404 1261 1649 1316 adversis
1707 1261 1920 1316 ellicere
1947 1262 2141 1333 solet).

555 1348 640 1402 vel
704 1358 927 1418 propter
970 1365 1062 1404 eos
1102 1350 1268 1420 ipsos,
1299 1352 1495 1422 quibus
1557 1351 1886 1408 oll'endiculo
1940 1353 2141 1419 fuistis,

556 1440 905 1508 supersedete
932 1442 1195 1497 adversus
1237 1455 1642 1499 sacrosanctam
1694 1445 2007 1514 religionem
2037 1445 2138 1500 lin-

555 1547 716 1599 gnam
745 1547 1028 1588 exacuere.
1060 1530 1244 1588 Vestri
1270 1544 1599 1590 veroestote
1624 1551 1928 1604 competes,
1965 1552 2142 1608 neque

559 1634 733 1679 vestra
787 1626 1066 1695 impietate
1127 1627 1264 1684 alios
1322 1627 1374 1682 in
1432 1628 1749 1683 barathrum
1793 1629 2011 1684 malitia:
2042 1631 2142 1684 im-

544 1717 764 1784 pellite.

803 1805 964 1878 535
1001 1806 1130 1863 CVI.
1166 1839 1236 1848 —
1271 1808 1581 1865 "sumo
1630 1810 1884 1869 cout'rt.

2247 529 2338 583 καὶ
2395 531 2676 602 πειθήνιον
2753 531 2907 602 ὑμῶν
2967 533 3376 587 κατασκευάσαι
3436 535 3528 606 τὴν
3577 543 3770 612 καρδίαν

2246 620 2383 692 πρὸς
2433 621 2494 673 τὸ
2552 621 2650 692 τὴν
2700 622 2798 693 μὲν
2844 623 3080 695 ἀρετὴν,
3137 623 3236 695 τὴν
3285 623 3514 694 ἔμφυτον
3576 628 3775 700 ἔχουσαν

2246 712 2342 764 καλ⁸
2389 713 2772 786 ἀκαπήλευτον
2822 714 2882 768 τὸ
2918 715 3134 779 κάλλος,
3187 717 3568 787 ἀσπάσασθαι,
3601 723 3684 794 τὴν
3731 727 3776 780 δὲ

2249 805 2450 859 κακίαν
2517 800 2586 877 ἦς
2645 804 2898 876 ἐκθύμως
2962 809 3317 878 περιέχεσθε,
3377 809 3470 880 τὴν
3527 812 3781 887 θηριόμορ-

2248 912 2381 962 φον,
2467 894 2562 948 καὶ
2626 895 2868 965 Σκύλλης
2925 897 3144 968 ἁπάσης
3204 898 3626 972 ἁτερπεστέραν,
3687 911 3778 972 τοῖς

2246 986 2303 1039 δὲ
2337 987 2426 1039 τὸν
2486 986 2612 1040 νοῦν
2655 987 3078 1052 ἀπολωλεκόσιν,
3131 990 3232 1043 οὐκ
3269 986 3366 1045 οἷδ’
3415 994 3557 1057 ὅπως
3604 995 3780 1066 ἡδεῖαν,

2247 1076 2552 1147 διαφυγεῖν.
2586 1076 2649 1130 El
2671 1077 2728 1130 δὲ
2773 1078 2950 1131 τέλειν
2998 1079 3349 1151 ἀπηλγήσατε
3381 1098 3394 1111 ·
3428 1084 3461 1152 ἡ
3507 1083 3608 1154 γὰρ
3637 1103 3785 1157 παρα.

2249 1167 2384 1237 μονὴ
2418 1169 2450 1238 ἡ
2497 1168 2590 1220 ἐπὶ
2639 1169 2739 1240 τὴν
2783 1169 3050 1241 πονηρίαν
3088 1170 3231 1224 τοῦτ’
3275 1172 3570 1240 ἐγγυᾶται·
3603 1175 3693 1232 κᾶν
3718 1179 3783 1233 διὰ

2245 1260 2370 1322 τοὺς
2427 1261 2949 1333 σκανδαλιζομένους
3001 1263 3091 1332 ὑφ’
3148 1263 3322 1334 ὑμῶν’
3383 1266 3655 1322 παύσασθε
3708 1273 3781 1339 μὲν

2246 1349 2387 1402 κατὰ
2413 1350 2511 1420 τῆς
2536 1351 2819 1424 θειοτάτης
2846 1353 3144 1425 θρησκείας
3174 1355 3482 1422 ἀκονῶντες
3509 1358 3604 1423 τὰς
3642 1362 3785 1428 γλώτ-

2244 1457 2378 1506 τας·
2415 1442 2625 1496 ἑαυτῶν
2665 1443 2720 1496 δὲ
2757 1445 3005 1512 γένεσθε,
3036 1445 3132 1499 καὶ
3174 1447 3265 1500 τοῦ
3303 1447 3378 1518 μὴ
3430 1449 3516 1503 διὰ
3561 1451 3652 1522 τὴν
3681 1454 3788 1523 ὁμε-

2244 1533 2410 1604 τέραν
2436 1533 2688 1587 ἀσέϐειαν
2721 1535 2814 1588 καὶ
2855 1535 3049 1598 ἄλλους
3079 1537 3158 1600 εις
3184 1536 3274 1590 τὸν
3306 1537 3555 1609 πυθμένα
3580 1540 3672 1610 τῆς
3708 1559 3784 1597 κα-

2247 1625 2372 1689 κίας
2403 1627 2791 1698 παραπέμψαι.

2603 1814 2744 1881 PG’.
2787 1845 2854 1855 -—
2888 1816 3149 1888 ΕΡΜΙΝῼ
3182 1817 3480 1872 KUMHTI.

1572 1901 1752 1958 Virtus
1789 1905 2030 1970 colenda,
2063 1918 2252 1963 cratera
2293 1907 2477 1962 umbra
2513 1915 2559 1958 et
2587 1909 2814 1960 somnia.

623 2011 700 2067 Da
730 2027 950 2083 operam
986 2027 1053 2068 ne
1093 2013 1328 2081 valeant,
1365 2031 1560 2085 magne
1598 2016 1701 2077 vir,
1727 2015 1810 2069 vel
1844 2016 2135 2085 imperium

555 2106 639 2161 vel
673 2107 948 2176 dignitatis
981 2115 1181 2174 tumor,
1223 2116 1317 2160 aut
1363 2122 1450 2162 res
1495 2109 1801 2162 mortalium
1851 2112 2138 2174 secundae,
2183 2180 2188 2184 ἢ

555 2197 832 2266 sapientize
863 2197 914 2250 in
943 2205 992 2251 te
1025 2211 1266 2250 amorem
1292 2211 1356 2250 ac
1387 2197 1621 2251 studium
1655 2207 1947 2252 concutere
1975 2209 2139 2267 atque

553 2299 817 2353 evertere,
861 2303 981 2358 quae
1026 2301 1211 2344 amant
1253 2289 1490 2344 maxime
1520 2290 1872 2356 cogitationes
1909 2301 2144 2344 mentes—

555 2395 660 2450 que
694 2380 970 2434 hominum
1009 2381 1060 2433 in
1108 2380 1276 2433 altum
1320 2380 1523 2434 tollere.
1563 2380 1762 2432 Verum
1799 2381 1913 2434 haec
1959 2380 2142 2432 omnia

554 2471 700 2526 velut
727 2472 946 2525 umbras
972 2480 1026 2525 et
1063 2471 1270 2526 somnia
1300 2480 1558 2540 reputans
1590 2472 1844 2526 virtutem
1866 2472 2000 2534 cole,
2026 2485 2146 2540 qua:

557 2567 622 2620 de
653 2565 1086 2636 possessionibus
1119 2565 1286 2620 vestis
1317 2574 1400 2620 est
1428 2563 1648 2618 minime
1687 2556 2050 2618 veterascens.

1067 2655 1232 2711 CVII.
1271 2685 1340 2696 —
1368 2654 1600 2711 EIDEM.

2318 2021 2476 2091 Μὴτε
2513 2019 2676 2092 ἁρχὴ,
2709 2014 2753 2072 ὧ
2784 2020 3074 2091 θαυμάσιε,
3113 2021 3248 2092 μήτε
3302 2022 3467 2090 ὄγκος
3505 2021 3802 2094 ἀξιώματος,

2251 2114 2389 2183 μήτε
2444 2113 2720 2183 εὐπραγία
2778 2113 3004 2184 βιωτικὴ
3057 2113 3157 2183 τὴν
3207 2114 3532 2184 φιλοσοφίαν
3580 2115 3673 2186 τὴν
3724 2115 3805 2186 σὴν

2247 2207 2601 2262 διασαλεῦσαι
2622 2205 2823 2278 -ίσχύσῃ
2843 2223 2854 2236 ·
2893 2205 2929 2259 δι
2959 2205 3199 2277 μάλιστα
3224 2208 3339 2262 τῶν
3370 2206 3663 2280 ἀνθρώπων
3684 2208 3805 2277 φιλεῖ

2247 2297 2346 2368 τὴν
2400 2298 2625 2369 γνώμην
2677 2300 2756 2361 εἰς
2806 2296 2940 2366 ὕψος
3001 2300 3196 2370 αἴρειν.
3244 2298 3412 2352 Ἀλλὰ
3446 2298 3616 2352 ταῦτα
3658 2299 3806 2352 πάντα

2249 2389 2407 2452 σκιὰς
2441 2389 2746 2460 ἡγούμενος
2779 2389 2872 2442 καὶ
2906 2391 3185 2462 ὀνείρατα,
3221 2391 3435 2462 ἀρετὴν
3480 2390 3661 2443 ἄσκει·
3690 2388 3806 2457 αὕτη

2247 2482 2357 2553 γάρ
2387 2483 2502 2535 ἐστι
2523 2483 2632 2535 τῶν
2668 2485 3030 2555 κτησαμένων
3061 2483 3425 2548 ἁπαλαίωτος
3453 2482 3720 2554 ἁλουργίς.

2740 2663 2866 2714 ην.
2908 2691 2980 2703 .-
3014 2663 3102 2735 Τῼ
3139 2663 3358 2732 arm.

1461 2747 1690 2804 zEtema
1721 2749 1984 2811 curanda,
2025 2749 2268 2819 neglectis
2294 2756 2512 2808 terrenis
2545 2772 2607 2808 ac
2637 2756 2910 2823 perituris.

627 2863 831 2919 Rerum
855 2871 1181 2919 teternarum
1214 2863 1298 2918 fac
1330 2870 1548 2933 satagas
1573 2878 1588 2927 ;
1625 2861 1833 2932 neglige
1863 2877 1992 2917 vero
2021 2878 2140 2932 qua).

556 2965 932 3010 momentanea
996 2963 1120 3010 sunt
1167 2965 1222 3010 et
1281 2957 1504 3010 caduca.
1571 2953 1781 3008 Etenim
1838 2952 1954 3008 sive
2013 2969 2140 3023 pro-

2320 2867 2440 2920 Τῶν
2478 2869 2762 2922 ἀθανάτων
2795 2868 3048 2938 φρόντιζε
3084 2871 3466 2941 πραγμάτων,
3499 2869 3606 2924 τῶν
3632 2869 3686 2924 δὲ
3713 2866 3809 2940 μετ’

2248 2957 2430 3025 ὀλίγον
2459 2961 2561 3012 οὐκ
2593 2959 2672 3013 ἔτι
2704 2961 2876 3015 ὄντων
2908 2961 3123 3031 ἀμέλει.
3162 2963 3302 3016 Εἴτε
3343 2963 3456 3035 γὰρ
3491 2961 3686 3031 ἀγαθὰ,
3722 2962 3815 3014 εἴτε

556 3063 718 3117 spera
753 3057 913 3117 atque
947 3047 1102 3102 utilia
1132 3061 1197 3103 ea
1235 3047 1460 3112 fuerint,
1485 3045 1598 3102 sive
1631 3044 1840 3114 abjecta
1875 3059 1941 3098 ac
1979 3043 2140 3107 vilia,

2249 3045 2430 3115 φαῦλα
2457 3047 2542 3113 εἴη
2575 3049 2876 3115 τάνταῦθα,
2900 3050 3052 3113 τέλος
3085 3051 3221 3121 ἔχει,
3252 3054 3360 3106 καὶ
3385 3052 3542 3106 τοῦτο
3562 3055 3813 3122 τάχιστον·

557 3141 719 3195 ﬁnem
749 3148 925 3194 tamen
961 3140 1182 3206 habent,
1213 3147 1268 3194 et
1297 3138 1520 3210 quidem
1567 3151 1732 3208 quam
1767 3135 2136 3191 celerrimum.

555 3230 614 3287 In
645 3233 809 3287 altera
845 3247 973 3287 vero
997 3233 1103 3286 vita
1127 3272 1141 3294 ,
1178 3231 1462 3286 terminum
1497 3230 1750 3300 ignorant
1774 3227 1954 3281 omnia
1983 3227 2141 3282 tinem

554 3339 682 3395 que.
719 3323 953 3394 Epistola
987 3325 1124 3389 hac,
1156 3323 1256 3379 etsi
1300 3320 1481 3378 brevis
1513 3335 1576 3376 ea
1610 3321 1682 3377 sit
1709 3359 1725 3387 ,
1749 3317 1930 3374 antica
1967 3326 2144 3374 tamen

553 3426 744 3484 est,_et
770 3416 996 3470 rationis
1026 3415 1202 3485 plena.

775 3507 959 3564 CVIII.
997 3505 1370 3563 -ᾸῖιΙΑΝΟ
1416 3504 1906 3562 SCHOLASTICO.

2249 3136 2314 3189 τὰ
2366 3136 2422 3189 δὲ
2456 3137 2576 3190 ἐκεῖ
2620 3138 2792 3210 πέρας
2838 3141 2938 3192 οὐκ
2981 3135 3112 3202 οἶδε,
3155 3138 3322 3206 τέλος
3377 3141 3481 3196 οὐκ
3537 3142 3815 3194 ἐπίσταται.

2251 3228 2437 3282 Ταῦτα
2472 3230 2537 3283 τὰ
2557 3232 2862 3301 γράμματα
2885 3232 2930 3282 εί
2957 3234 3050 3285 καὶ
3076 3233 3232 3301 ὀλίγα
3249 3234 3431 3300 ἐστὶν,
3465 3233 3602 3288 ἀλλὰ
3617 3249 3677 3302 γε
3692 3230 3818 3301 φίλα,

2251 3320 2347 3374 καὶ
2378 3321 2677 3385 διαθέσεως
2708 3322 2962 3394 βρύοντα.

2533 3502 2662 3554 Pll'.
2706 3533 2774 3541 —
2813 3504 3094 3575 ΑΙΛῘΑΝῼ
3127 3506 3600 3578 ΣΧΟΛΛΣΊΊΚῼ.

1127 3602 1308 3672 Ἔργα
1334 3615 1397 3653 ne
1422 3599 1552 3668 ﬁant
1581 3597 1858 3668 πάρεργα.
1904 3593 2036 3649 Vide
2059 3593 2142 3649 llic

2248 3593 2334 3648 tol.
2367 3591 2463 3648 Gr.
2496 3595 2718 3662 ειτεηιρι.
2745 3606 2790 3647 el
2823 3597 2974 3661 epist.
3005 3596 3106 3664 mf.
3149 3597 3280 3652 557.

627 3717 873 3773 Patimur
911 3727 1284 3784 saapenumcro
1314 3712 1483 3766 multa
1517 3709 1808 3775 mortales,
1861 3708 1988 3762 dum
2021 3721 2141 3778 qua

557 3809 905 3867 accuratione
953 3806 1231 3875 indigent,
1281 3804 1520 3874 gerimus
1573 3801 1910 3871 negligenter
1951 3817 1965 3853 :
2025 3813 2144 3868 quae

559 3913 738 3955 autem
783 3912 968 3952 revera
1007 3895 1326 3965 negligenda
1359 3903 1484 3949 sunt
1535 3903 1589 3948 et
1623 3892 2048 3956 contemnenda,
2078 3906 2141 3944 ea

551 3992 751 4060 cupide
792 3989 1224 4059 complectimur,
1275 3995 1554 4042 censentes
1620 3984 1828 4038 ludicra
1888 3985 2142 4052 graviter,

558 4094 652 4142 aut
696 4091 890 4139 contra
940 4080 1125 4150 gravia
1155 4094 1252 4148 per
1272 4079 1454 4149 jocum
1493 4077 1797 4132 tractanda.
1833 4073 1985 4130 Seria
2017 4075 2140 4142 qui-

557 4178 680 4232 dem
719 4175 894 4230 obiter
931 4187 993 4226 ac
1030 4170 1426 4240 perfunctorie;
1459 4179 1514 4223 et
1552 4177 1739 4223 contra
1785 4167 1955 4219 otiosa
2004 4163 2144 4218 seria

558 4280 623 4320 ac
655 4263 955 4319 necessaria
987 4275 1108 4316 esse
1153 4260 1420 4315 ducimus.
1453 4259 1652 4314 Verum
1682 4271 1857 4312 caecus
1883 4256 1964 4309 sui
1996 4268 2149 4308 antor

2320 3706 2611 3776 Πάσχομεν
2664 3704 2834 3758 πολλὰ
2877 3706 3137 3770 πολλάκις
3189 3710 3239 3762 οἱ
3290 3709 3601 3782 ἄνθρωποι,
3661 3709 3823 3780 ἐπειδὴ

2249 3799 2359 3851 τῶν
2393 3799 2492 3868 μὲν
2519 3797 2796 3868 φροντίδος
2827 3799 2994 3862 ἀξίων
3026 3799 3298 3871 ὀλιγωροῦ
3309 3821 3435 3872 μεν,
3462 3803 3573 3856 τῶν
3601 3804 3656 3857 δὲ
3674 3801 3822 3863 ὅντως

2251 3886 2548 3959 ὀλιγωρίας
2569 3887 2734 3951 ἀξίων
2757 3889 3010 3958 ἐκθύμως
3041 3892 3446 3962 περιεχόμεθα.
3486 3894 3726 3962 Σπουδῆς
3742 3897 3824 3965 μὲν

2248 3981 2318 4034 τὰ
2347 3982 2585 4045 παιδιᾶς,
2625 3981 2842 4042 παιδιᾶς
2888 3982 2944 4037 δὲ
2991 3983 3061 4034 τὰ
3092 3985 3338 4055 σπουδῆς
3375 3987 3509 4052 ἄξια
3547 3987 3820 4058 κρίνοντες.

2252 4073 2332 4125 Τὰ
2369 4072 2466 4142 μὲν
2501 4073 2610 4142 γὰρ
2641 4072 2777 4144 ἔργα
2815 4074 3070 4145 πάρεργα
3099 4071 3242 4129 εἶναι
3271 4078 3571 4148 ἡγούμεθα
3608 4078 3735 4147 (92),
3769 4072 3821 4125 τὰ

2249 4164 2306 4216 δὲ
2343 4164 2599 4235 πάρεργα
2620 4165 2694 4228 ὡς
2723 4166 2998 4232 ἀναγκαῖα
3032 4167 3124 4219 καὶ
3155 4168 3565 4240 προηγούμενα
3591 4168 3811 4237 ἁνύομεν.

2266 4256 2405 4310 Ἀλλ’
2445 4257 2479 4328 ἡ
2511 4256 2768 4325 φιλαυτία
2815 4256 2890 4328 μὴ
2931 4259 3196 4328 κρίνουσα
3225 4261 3436 4330 ὀρθῶς,
3465 4261 3648 4332 λύπην
3679 4260 3818 4313 τίκτει

558 4373 664 4412 non
705 4367 850 4412 recte
891 4353 1146 4424 judicans
1186 4351 1425 4406 dolorem
1462 4350 1565 4404 illis
1603 4350 1778 4418 parit,
1805 4347 2001 4416 quibus
2036 4346 2141 4399 mi-

2248 4349 2478 4411 ἐκείνοις
2507 4343 2586 4412 οἷς
2615 4349 2817 4419 ἥκιστα
2839 4351 2965 4419 χρή.
2997 4349 3071 4402 Οὐ
3098 4351 3208 4420 γὰρ
3239 4351 3484 4416 δικαίως
3517 4355 3821 4424 πάσχοντας,

555 4452 702 4504 nime
734 4448 993 4517 oportuit.
1019 4444 1134 4499 Non
1164 4445 1306 4497 enim
1338 4456 1434 4496 eos
1457 4483 1471 4508 ,
1509 4442 1599 4509 qui
1638 4440 1783 4505 justa
1827 4438 2142 4507 perpetiun-

561 4550 668 4614 tur,
695 4538 790 4596 sed
829 4538 920 4606 qui
956 4536 1153 4604 injuste
1187 4543 1370 4604 agunt,
1407 4532 1589 4587 dolere
1616 4541 1700 4585 est
1725 4545 1958 4598 aequum.

2248 4439 2364 4495 ἀλλ’
2404 4440 2606 4503 ἀδίκως
2637 4441 2944 4510 πάσχοντας
2972 4441 3084 4512 (93)
3120 4440 3424 4498 λυπεῖσθαι
3457 4447 3610 4516 κρῆς

1704 4681 1938 4738 νΛΙὶΙιιΕ
1981 4679 2368 4737 LECTIONES
2406 4679 2494 4734 ET
2527 4677 2756 4736 NOTAE.

634 4847 743 4917 (92)
789 4831 866 4903 τὰ
892 4849 1008 4917 μὲν
1035 4847 1145 4916 γὰρ
1165 4847 1307 4919 ἔργα
1333 4843 1597 4919 πάρεργα
1625 4836 1776 4893 εἶναι
1796 4838 2138 4919 ,ἡγούμερ-αὶ.

560 4907 864 4989 Aristotelis
887 4907 1126 4989 ἐυιιιμΙίιῇ
1151 4934 1166 4971 ι
1192 4907 1501 4989 Ellticorunl
1527 4907 1995 4989 lVicorrtachiorlrnr
2020 4921 2037 4956 ,ο
2061 4909 2104 4959 Τ
2109 4907 2142 4960 ὰ

563 4988 662 5058 μὲν
687 4988 941 5058 πάρεργα
965 4986 1073 5038 τῶν
1097 4987 1270 5056 ἔργων
1292 4986 1461 5038 πλείω
1481 4984 1724 5052 γένηται.
1753 4979 1854 5045 Qui
1872 4987 1923 5031 ct
1945 4977 2034 5055 li~b.
2065 4993 2140 5031 vn

565 5055 780 5109 l’olitic.
806 5069 823 5107 :
868 5058 1073 5109 Ἐκεῖνο
1106 5058 1201 5109 μὲν
1229 5057 1335 5109 γὰο
1370 5055 1646 5109 πάρεργον
1677 5051 1742 5103 ἂν
1773 5049 1878 5109 εἴη,
1903 5063 2062 5099 τουτο
2085 5047 2142 5100 δὲ

565 5069 780 5110 ιὀιιιισ.
806 5069 823 5107 .'
871 5069 1073 5109 'nxstvo
1105 5069 1201 5125 μεν
1229 5069 1335 5128 γάρ
1370 5069 1646 5122 παρεργον
1677 5069 1742 5103 αν
1757 5069 1878 5131 Ian},
1903 5069 2062 5128 τουτο
2085 5069 2140 5100 οε

561 5125 722 5199 ἔργον
742 5125 839 5194 τῆς
869 5124 1088 5199 μεθέδου
1117 5125 1321 5199 ταύτης
1346 5143 1359 5157 ·
1409 5124 1550 5176 Illud
1573 5135 1800 5199 accessio
1821 5126 1987 5199 possit
2010 5133 2140 5181 esse,

561 5191 659 5250 nae
689 5191 810 5249 vero
836 5191 1106 5264 prfecipua
1134 5191 1354 5248 intentio
1383 5202 1640 5248 tractatus
1666 5191 1848 5264 hujus,
1873 5191 2144 5264 princeps-

559 5281 661 5335 que
689 5259 851 5319 actio.
891 5259 1097 5335 Scitum
1133 5265 1619 5335 aputlAthetneum
1651 5261 1801 5335 initio
1839 5259 1937 5335 lib.
1963 5271 1995 5309 ν
2021 5260 2142 5335 Ast-

561 5327 816 5404 ἇτνοσοφ.,
847 5343 901 5388 et
929 5327 1256 5387 Clementem
1284 5334 1377 5388 lib.
1402 5349 1427 5384 ν
1455 5332 1716 5386 Stromal.
1748 5330 1872 5384 illud
1910 5327 2146 5396 Agatho-

563 5405 651 5458 nis
679 5405 891 5473 Tragici
927 5420 940 5456 :

703 5493 779 5564 Τὸ
812 5494 908 5564 μὲν
943 5490 1408 5564 πάρεργον-ἔργον
1445 5490 1522 5553 ὣς
1556 5489 1891 5564 ποιούμεθα·

703 5563 778 5615 Τὸ
805 5559 850 5615 δ’
876 5559 1035 5632 ἔργον
1064 5559 1139 5624 ὡς
1167 5559 1440 5630 πάρεργον
1473 5559 1870 5628 ἐκπονούμεθα.

709 5652 896 5720 Operis
929 5654 1041 5706 loco
1073 5651 1311 5703 ducimus
1340 5650 1712 5714 necessarium,

709 5721 777 5772 Et
813 5723 864 5775 in
897 5738 1047 5791 opere
1075 5722 1362 5789 satagimus
1391 5731 1446 5775 ut
1482 5720 1820 5775 accessorio.‘

2245 4835 2486 4918 ljla'to‘in
2514 4838 2671 4918 epist.
2708 4838 2884 4918 :_."lva
2913 4841 2986 4907 μὴ
3020 4841 3273 4918 παρεργα
3307 4845 3390 4906 ὡς
3423 4846 3570 4918 ἔργα
3601 4863 3688 4916 μοι
3717 4844 3823 4918 ξυμ-ς

2247 4905 2378 4984 ϐαίη
2403 4906 2690 4984 λεγόμενα,
2724 4907 2808 4984 ﬂe
2837 4905 3130 4984 accesserih
3166 4905 3272 4984 eice
3311 4905 3544 4984 cperunt
3588 4905 3825 4970 ἠοιηῖηάτὶ

2247 4978 2374 5052 nti/ii
2407 4979 2696 5052 contingat.
2726 4977 2910 5052 Utitur
2928 4990 2980 5033 et
3008 4981 3260 5052 Polybius
3298 4977 3357 5038 ili
3387 4989 3538 5041 Hist.
3570 5000 3620 5041 et
3657 4984 3827 5040 Strabo

2249 5047 2341 5100 lib.
2378 5062 2465 5099 ιιν
2503 5045 2690 5126 βεὸρικ
2736 5050 2816 5126 εἰς
2838 5047 3016 5126 Ialyso
3063 5045 3390 5126 Protogenis
3422 5069 3477 5109 et
3533 5060 3725 5126 Satyro
3765 5055 3828 5103 Ιοο

2248 5131 2455 5188 quens;
2506 5119 2741 5188 itemque
2776 5118 3012 5173 Galenus
3049 5118 3320 5188 principio
3352 5125 3482 5179 libri
3521 5143 3560 5181 ιι
3604 5118 3674 5178 Ue
3697 5132 3831 5176 natu-

2248 5186 2452 5239 ralibus
2488 5187 2874 5255 facultatibus;
2921 5198 2978 5240 ut
3015 5186 3069 5244 et
3114 5186 3508 5250 Nazianzenus
3553 5195 3756 5247 furiebri
3789 5192 3831 5241 in

2251 5256 2509 5310 Basilium
2551 5256 2620 5309 M.
2661 5259 2964 5313 laudatione
3009 5261 3075 5314 de
3115 5263 3279 5315 Saule
3315 5266 3492 5318 verba
3526 5265 3756 5326 faciens;
3791 5267 3835 5311 el

2250 5327 2304 5382 in
2340 5327 2581 5381 Carmine
2613 5330 2856 5381 trimetro
2891 5343 2904 5378 :

2395 5416 2905 5492 Ἔργον-πάρεργον
2925 5419 3173 5489 οὐδαμῶς
3194 5420 3366 5491 ἔργον
3397 5425 3569 5492 λέγω.

2392 5485 2716 5541 Εαὲινίινὶαηί
2738 5485 3002 5558 rtegolium
3033 5485 3175 5543 liaud
3198 5485 3332 5560 opus
3361 5485 3566 5550 vocem.

2249 5575 2322 5631 Ut
2347 5574 2627 5630 Proverbii
2660 5575 2913 5646 praeferre
2943 5580 3177 5645 speciem
3203 5583 3414 5636 dictum
3442 5586 3714 5638 videatur.
3745 5574 3836 5631 Cui

2244 5646 2400 5724 aliine
2427 5658 2479 5724 et
2522 5645 2895 5724 ἱΙξυιΙτ-ξυδοῦ
2928 5649 3206 5724 πάρεργον
3248 5667 3358 5724 pro
3396 5653 3544 5724 παρέ

2243 5718 2431 5772 cianus
2461 5716 2512 5771 in
2545 5715 2674 5770 Jove
2715 5714 2970 5786 Tragazdo
3012 5714 3030 5770 Ξ

3588 5669 3717 5721 γως-
3743 5647 3838 5721 Li"

3124 5670 3206 5718 γον
3251 5670 3358 5718 pro
3396 5670 3544 5724 παρε
3588 5670 3717 5721 γως.
3743 5670 3838 5702 ωι-

3124 5727 3138 5774 l
3179 5722 3312 5790 γοῦν
3348 5723 3432 5794 μὴ
3475 5729 3504 5778 ὁ
3540 5670 3750 5795 gnosia;
3781 5718 3842 5770 ἐκ
