4078 6426
603 480 735 551 1391

1804 471 1865 531 S.
1895 468 2185 531 ISIDORI
2229 464 2670 527 PELUSIOTtE

3560 481 3571 493 '
3685 467 3792 532 1392

601 595 839 649 omnium
892 591 1083 662 (quam
1131 585 1387 658 elTugere,
1421 584 1521 640 etsi
1571 582 1673 637 alia
1706 581 1974 653 eﬂugerit,
2017 590 2231 649 potest;

2296 577 2391 628 καὶ
2421 573 2573 636 τέλος
2608 574 2636 625 ὁ
2685 572 2911 636 θάνατος
2939 571 2958 644 (
2991 570 3049 624 δν
3082 571 3182 624 οὐκ
3213 569 3323 624 ἔστι
3352 571 3624 642 διαφυγεῖν,
3651 580 3692 630 εἰ
3721 582 3793 633 καὶ

605 700 759 741 nemo
786 688 804 754 )
831 700 950 738 cum
987 682 1140 737 bonis
1179 690 1287 733 tutn
1337 674 1769 748 possessionibus
1822 673 2029 742 privet,
2079 669 2181 724 etsi

601 779 726 846 quis
774 774 865 828 illa
912 772 1188 843 possidere
1232 770 1519 834 videatur,
1553 767 1769 821 nomine
1804 764 1950 819 enim
1990 774 2179 825 tenus,

605 882 708 924 non
734 882 863 921 vero
897 879 1084 934 reapse
1113 865 1249 917 bona
1293 860 1556 930 possidet.
1594 858 1696 924 Qui
1725 871 1853 911 vero
1877 855 2181 924 eleemosy-

603 960 688 1013 uis
718 958 982 1025 bonisque
1011 954 1263 1024 operibus
1294 950 1539 1006 recondit
1562 990 1579 1016 ,
1608 949 1693 1003 ille
1725 959 1779 1003 et
1805 947 2053 1016 prudenti
2090 960 2183 999 γει

604 1053 819 1120 lidoque
844 1058 1133 1105 coronetur
1160 1045 1448 1115 suﬂ'ragio,
1487 1053 1677 1097 nactus
1708 1042 1950 1111 asylum,
1982 1049 2037 1094 et
2075 1054 2183 1108 quo

604 1141 740 1196 nihil
768 1155 986 1206 eorum,
1019 1153 1139 1207 quae
1167 1135 1435 1197 diximus,
1468 1132 1775 1203 pertingere
1798 1130 1879 1186 l‘as
1912 1131 2003 1185 sit.
2036 1128 2180 1183 Talis

602 1234 748 1288 euim
784 1232 932 1302 regio
966 1230 1168 1286 caelum
1199 1237 1304 1292 est,
1329 1241 1435 1294 quo
1458 1224 1655 1279 malum
1691 1222 1947 1278 accedere
1977 1221 2180 1274 nulhuu

602 1333 811 1396 queat:
844 1323 1034 1394 quovis
1065 1332 1221 1377 terrae
1257 1319 1372 1375 solo
1399 1316 1628 1370 fertilius
1650 1355 1666 1380 ,
1703 1324 1760 1370 et
1794 1324 1916 1386 post
1954 1314 2181 1369 multam

604 1417 907 1472 ubertatem
935 1415 1094 1485 iactis
1131 1417 1183 1468 in
1214 1412 1340 1466 illud
1366 1409 1540 1466 solum
1575 1407 1893 1473 seminibus,
1948 1408 2181 1463 reddens

605 1506 690 1570 iis,
720 1505 809 1575 qui
840 1503 1141 1573 depositum
1169 1500 1538 1566 crediderunt,
1565 1507 1853 1569 perpetuos
1885 1505 1941 1551 ut
1974 1496 2181 1553 fructus

603 1596 877 1666 colligant.

1085 1769 1267 1827 CXIII.
1302 1801 1371 1812 —
1403 1769 1685 1827 MABONI.

2288 669 2359 721 τὰ
2385 666 2520 722 ἄλλα
2560 664 2972 735 διαφεύγοιμεν)
3019 664 3115 717 καὶ
3150 663 3258 716 τῶν
3296 665 3572 733 κτημάτων
3601 668 3681 719 καὶ
3714 671 3798 722 τῶν

2294 758 2596 829 χρημάτων
2626 756 3029 827 ἀποστερήσειν
3059 753 3171 825 (95)
3203 754 3269 809 ἂν
3284 754 3371 807 τὸν
3386 754 3623 809 δοκοῦντα
3638 759 3799 828 κεκτῆ-

2295 849 2425 903 σθαι
2445 865 2460 879 ο
2494 850 2552 899 ἐν
2579 847 2807 917 ὀνόμασι
2842 847 2970 915 γὰρ,
3008 845 3125 899 ἀλλ’
3161 845 3261 899 οὐκ
3294 847 3349 897 ὲν
3379 847 3671 916 πράγμασιν
3690 849 3803 920 ἔχειν

2290 941 2360 995 τὰ
2396 939 2599 1007 ἀγαθά.
2662 938 2720 992 Ὀ
2763 938 2822 991 δὲ
2868 937 2935 992 δι’
2976 936 3352 1007 ἐλεημοσυνῶν
3393 939 3484 992 καὶ
3528 940 3803 1010 εὐεργεσιῶν

2286 1033 2474 1086 ἐνθάδε
2508 1032 2598 1085 τὸν
2646 1030 2878 1087 πλοῦτον
2929 1029 3284 1099 ἀποθέμενος,
3333 1030 3428 1083 καὶ
3457 1031 3699 1100 φρονίμου
3734 1035 3807 1087 καὶ

2286 1128 2511 1199 βεϐαίου
2561 1127 2729 1198 ψήφῳ
2782 1123 3180 1194 στεφανωθείη,
3215 1123 3379 1177 τόπον
3424 1123 3591 1195 εὑρὼν
3630 1126 3804 1193 ἄσυλον,

2285 1221 2381 1276 καὶ
2415 1213 2465 1289 ᾧ
2493 1220 2660 1292 μηδὲν
2679 1218 2793 1271 τῶν
2824 1216 3104 1289 ῥηθέντων
3130 1214 3387 1286 ἐπιϐῆναι
3411 1214 3583 1286 θέμις.
3606 1217 3805 1280 Τοιοῦτος

2286 1313 2397 1385 γὰρ
2428 1311 2608 1383 χῶρός
2641 1312 2790 1363 ἐστιν
2817 1311 2847 1363 ὁ
2874 1308 3129 1379 οὐρανὸς,
3182 1306 3334 1380 πάσῃ
3389 1306 3486 1376 μὲν
3534 1305 3711 1370 ἄϐατος
3750 1306 3802 1360 ὢν

2288 1402 2624 1474 κακουργία,
2666 1402 2847 1470 πάσης
2880 1398 2939 1453 δὲ
2977 1396 3354 1470 εὐφορὼτερος
3381 1400 3483 1468 γῆς
3510 1414 3522 1428 ·
3575 1397 3664 1451 καὶ
3710 1397 3810 1468 μετὰ

2289 1495 2490 1565 πολλῆς
2520 1496 2619 1565 τῆς
2663 1493 2943 1562 δαψιλείας
2989 1493 3098 1545 τῶν
3131 1495 3187 1544 ὲν
3223 1490 3371 1561 αὑτῷ
3416 1489 3810 1558 καταϐληθέντων

2287 1587 2623 1658 σπερμάτων
2654 1584 2828 1647 διδοὺς
2853 1584 2964 1646 τοῖς
2989 1580 3540 1653 παρακαταθεμένοις
3556 1578 3639 1633 διὰ
3657 1580 3809 1642 παντὸς

2282 1679 2494 1750 τρυγᾷν
2527 1678 2653 1740 τοὺς
2695 1673 2968 1747 καρπούς.

2799 1768 2943 1822 Ρ1Γ’.
2976 1796 3046 1807 -
3075 1766 3366 1821 ΜΑΡΩΝΙ.

1437 1861 1520 1916 Ad
1551 1865 1928 1932 eleemasynam
1963 1861 2231 1917 hortatur.
2261 1893 2333 1904 -—
2368 1864 2501 1932 Sup.
2540 1863 2693 1933 epist.
2726 1861 2794 1917 79
2827 1870 2874 1916 et
2902 1860 3029 1915 281.

674 1976 804 2043 Quae
835 1974 921 2031 vel
954 1974 1140 2031 nolens
1187 1973 1425 2031 inimicis
1458 1989 1831 2044 saepenumero
1868 1975 2180 2046 reliqueris,
2214 1962 2256 2014 Β

603 2065 671 2120 da
707 2080 848 2122 nunc
875 2065 1060 2122 volens
1079 2104 1095 2129 ,
1126 2073 1287 2136 atque
1317 2080 1348 2122 e
1383 2066 1703 2120 necessitate
1729 2066 1952 2121 honoris
1979 2082 2043 2121 ac
2070 2067 2180 2120 vir-

604 2157 735 2212 tutis
775 2156 1017 2212 studium
1059 2155 1209 2212 ellice
1235 2196 1250 2219 .
1283 2171 1354 2212 ne
1396 2170 1500 2210 non
1541 2156 1851 2226 paenitenda
1896 2155 2180 2226 deplores,

603 2247 700 2300 sed
734 2246 1066 2314 prmmittens
1106 2245 1199 2300 illa
1229 2247 1281 2301 in
1319 2245 1480 2301 vitam
1527 2248 1915 2319 sempiternam
1941 2288 1957 2315 ,
1991 2263 2182 2304 conse-

602 2336 789 2406 quaris
816 2350 936 2405 quae
976 2336 1147 2391 utilia.

917 2456 1079 2528 537
1119 2454 1304 2512 cxw.
1336 2486 1381 2496 —
1447 2454 1856 2514 THEOPlllLO.

2363 1977 2431 2028 Ἀ
2463 1976 2556 2029 καὶ
2585 1976 2735 2028 ἄκων
2783 1972 3049 2035 πολλάκις
3088 1971 3311 2043 ἐχθροῖς
3337 1969 3693 2039 καταλείψεις,
3719 1968 3831 2021 ἑκὼν

2286 2066 2404 2130 δός·
2445 2068 2541 2120 καὶ
2571 2067 2672 2136 τὴν
2705 2066 2953 2137 ἀνάγκην
2999 2066 3228 2134 ποίησον
3267 2064 3601 2133 φιλοτιμίαν,
3652 2060 3729 2114 ἵνα
3774 2058 3832 2129 μὴ

2289 2157 2686 2229 ἀμεταμέλητα
2738 2157 3069 2228 Θρηνήσειας
3091 2172 3104 2186 ·
3162 2154 3306 2209 ἀλλά
3357 2152 3676 2227 προπέμψας
3726 2150 3835 2204 αὐτὰ

2288 2252 2369 2315 εἰς
2398 2250 2489 2303 τὸν
2519 2250 2714 2321 ἀγήρω
2737 2248 2933 2317 αἰῶνα,
2962 2247 3106 2313 ἕξεις
3134 2247 3571 2320 χρησιμεὺοντα.

2770 2455 2915 2509 PIA'.
2955 2484 3027 2495 -
3065 2453 3393 2527 summa.

1160 2544 1532 2615 Peregrinatio
1559 2561 1726 2615 quare
1750 2557 1798 2600 et
1833 2563 1864 2600 a
1893 2548 2081 2617 quibus
2117 2549 2475 2618 suscipienda,
2504 2566 2534 2601 α
2557 2547 2859 2620 juvenibus,
2895 2562 3001 2599 non
3034 2563 3065 2597 ιι
3097 2545 3342 2599 senibus.

672 2659 855 2731 Nuper
879 2661 1091 2715 oriente
1118 2659 1231 2715 sole
1261 2659 1475 2732 (noctis
1506 2661 1648 2715 enim
1681 2675 1745 2716 ac
1780 2661 1884 2716 diei
1915 2663 2062 2717 velut
2089 2666 2191 2719 ιιιί-

600 2753 709 2808 stio
734 2762 849 2807 erat
871 2752 890 2823 )
915 2794 929 2819 ,
979 2751 1220 2807 occurrit
1251 2752 1380 2806 mihi
1413 2752 1756 2807 necessarius
1793 2754 2012 2823 quidam
2048 2771 2189 2809 nun-

602 2844 744 2898 tians
775 2844 992 2897 audisse
1034 2844 1296 2913 quosdam
1339 2841 1488 2897 viros
1522 2842 1829 2912 sapientes,
1871 2853 1922 2898 te
1968 2843 2184 2916 longam

602 2936 1089 3004 peregrinationem
1137 2935 1472 3000 instituisse,
1504 2950 1610 2990 non
1662 2950 1760 3005 pro
1802 2936 2037 3003 virtute,
2093 2947 2187 2992 aut

603 3036 662 3078 ut
719 3035 771 3081 te
813 3024 1046 3081 aliumve
1079 3024 1146 3079 ad
1182 3023 1575 3095 philosophiam
1621 3025 1896 3094 deducas,
1945 3030 2087 3097 quod
2134 3039 2189 3084 et

603 3119 705 3189 ipsi
746 3120 1096 3175 vehementer
1136 3119 1486 3188 probassent,
1536 3121 1631 3176 sed
1682 3129 1742 3175 ut
1788 3122 1994 3178 divitiis
2028 3123 2182 3179 Iocu-

603 3210 867 3282 pleteris,
911 3211 1114 3267 idcirco
1145 3218 1201 3266 te
1243 3219 1695 3271 contemnentes:
1740 3213 2008 3283 siquidem
2062 3230 2186 3271 cum

2370 2663 2482 2735 Πρὸ
2517 2662 2769 2734 βραχέος,
2803 2661 3005 2732 δρθρου
3032 2659 3112 2713 ἔτι
3145 2659 3309 2724 ὄντος
3348 2658 3626 2731 (ὲκιρνᾶτο
3647 2655 3745 2727 γὰρ
3770 2651 3840 2716 νύξ

2291 2773 2351 2808 τε
2382 2754 2479 2809 καὶ
2507 2756 2641 2825 ἠὼς)
2665 2753 2904 2825 ἐντυχών
2939 2752 3028 2823 μοί
3060 2768 3145 2816 τις
3177 2752 3295 2806 τῶν
3325 2750 3542 2823 ἀνδρῶν
3576 2746 3842 2818 ἐπιτηδείων

2296 2851 2665 2922 ἀπήγγελλεν,
2712 2851 2788 2914 ὡς
2823 2849 3124 2921 πυθόμενοί
3165 2866 3318 2914 τινες
3371 2847 3649 2918 ἐλλόγιμοι
3678 2840 3846 2897 στειλά-

2299 2944 2463 3011 μενὸν
2497 2958 2555 2993 σε
2584 2941 2894 3011 ἀποδημίαν
2931 2939 3177 3009 μακρὲν,
3216 2939 3325 3008 οὐχ
3354 2937 3501 3009 ὑπὲρ
3521 2936 3734 3006 ἀρετῆς,
3759 2928 3851 2984 οὐδὲ

2294 3028 2436 3082 ὥστε
2473 3028 2727 3099 σαυτὸνῆ
2766 3027 2925 3083 ἄλλον
2948 3030 3069 3081 τινὰ
3118 3028 3202 3090 εἰς
3249 3026 3582 3096 φιλοσοφίαν
3608 3023 3852 3093 ὲναγαγεῐν

2298 3115 2357 3192 (ἧ
2394 3120 2502 3190 γὰρ
2534 3120 2600 3174 ἀν
2634 3121 2727 3173 καὶ
2759 3119 3137 3187 ἀπεδέξαντο),
3176 3119 3300 3172 ἀλλ’
3328 3120 3477 3191 ὑπὲρ
3510 3118 3604 3172 τοῦ
3633 3112 3858 3189 χρηματὶ-

2299 3211 2516 3277 σασθαι,
2563 3213 2761 3283 κομιδῇ
2799 3229 2893 3265 σου
2938 3212 3397 3281 κατεφρόνησαν,
3432 3212 3485 3263 εἰ
3512 3206 3857 3280 προῃρημένος

601 3303 983 3362 adolescentiae
1032 3319 1204 3361 annos
1254 3305 1310 3359 in
1362 3306 1472 3361 otio
1509 3307 1863 3375 transegeris,
1916 3322 2060 3363 nunc
2129 3309 2231 3364 iul

2296 3303 2378 3356 τὸν
2404 3304 2504 3375 τῆς
2540 3304 2792 3374 νεότητος
2826 3304 3018 3373 χρόνον
3052 3302 3149 3365 τὰς
3176 3304 3426 3374 ἡσυχίας
3470 3303 3647 3371 ἄγειν,
3682 3298 3768 3355 νῦν
3792 3296 3863 3349 ἐπὶ

602 3397 756 3454 senio
800 3397 1132 3467 peregrinari
1184 3396 1501 3463 instituisti,
1558 3399 1778 3467 quando
1824 3400 2184 3457 conveniebat

605 3497 656 3541 te
679 3527 696 3554 ,
743 3488 846 3542 etsi
873 3487 1001 3542 alibi
1029 3488 1178 3557 prius
1209 3495 1483 3542 versatum
1510 3527 1526 3554 ,
1554 3487 1776 3543 domum
1811 3490 2023 3558 redire,
2053 3506 2179 3547 cum

603 3576 740 3632 adeo
760 3577 883 3632 vita:
905 3577 1074 3632 instet
1101 3587 1208 3632 tuae
1237 3577 1517 3633 terminus.
1540 3576 1775 3635 iuvenes
1802 3583 2001 3636 etenim
2032 3597 2093 3637 se
2113 3583 2182 3637 ad

602 3677 899 3723 extremam
942 3676 1301 3737 perventuros
1334 3677 1553 3735 sperant
1599 3679 1975 3728 senectutem:
2024 3688 2183 3728 senes

606 3771 739 3812 vero
777 3765 976 3826 praeter
1003 3764 1229 3810 mortem
1257 3755 1392 3811 nihil
1420 3757 1590 3827 magis
1612 3759 2011 3827 praestolamur.
2035 3760 2192 3830 Equi-

607 3847 728 3899 dem
761 3858 924 3899 causa
961 3858 1065 3901 non
1101 3843 1261 3914 plane
1308 3847 1558 3917 cognita,
1594 3848 1666 3903 ob
1709 3863 1871 3919 quam
1908 3851 2035 3907 hinc
2078 3854 2189 3910 dis-

605 3935 878 3999 rcsseris,
936 3949 1107 4003 neque
1157 3933 1487 3991 defenderim
1538 3946 1589 3993 te
1634 3941 1982 4007 excusando,
2025 3958 2089 3997 ac
2124 3958 2192 4000 ne

607 4023 907 4079 damnat-im
958 4024 1209 4094 quidem,
1244 4028 1337 4083 sed
1383 4028 1499 4083 haec
1528 4028 1593 4082 ad
1644 4037 1695 4085 te
1742 4031 1984 4087 scribere
2015 4033 2187 4090 visum

607 4124 711 4170 est.
740 4114 1103 4181 Quamobrem
1135 4119 1275 4187 quod
1306 4117 1466 4174 olﬁcii
1496 4120 1568 4175 sit
1595 4118 1707 4184 tui,
1743 4129 1919 4176 tecum
1954 4121 2190 4195 diligen-

612 4216 694 4260 ter
727 4216 942 4276 reputa.

798 4295 959 4353 CXV.
989 4326 1060 4339 —-—
1109 4295 1482 4355 TliEODORO
1519 4298 2013 4360 SCHOLASTICO.

2292 3395 2479 3466 γήρως
2514 3395 2822 3465 ἀποδημεῖν
2859 3394 3233 3464 ἐπεχείρησας
3253 3410 3269 3425 ι
3303 3396 3403 3447 ὅτε
3434 3395 3588 3457 είκὸς
3618 3390 3682 3464 ἦν
3709 3408 3798 3454 σοι,
3825 3387 3861 3437 εἰ

2293 3486 2390 3540 καὶ
2423 3485 2686 3558 πρότερον
2721 3484 2922 3564 ἄλλοθί.
2967 3502 3072 3539 που
3137 3486 3455 3557 διέτριὸες,
3504 3485 3690 3540 οἴκαδε
3730 3484 3866 3536 ὲπαν·

2292 3580 2467 3647 ήκειν,
2490 3576 2661 3641 οὕτως
2680 3577 2942 3646 ὑπογυίου
2972 3593 3068 3630 σου
3103 3577 3205 3648 τῆς
3235 3578 3519 3648 τελευτῆς
3547 3575 3733 3647 οὔσης.
3753 3571 3863 3631 Τοὺς

2300 3670 2399 3738 μὲν
2428 3670 2537 3741 γὰρ
2575 3670 2733 3732 νέους
2771 3668 2927 3731 ἐλπὶς
2968 3670 3048 3731 είς
3090 3668 3283 3740 γῆρας
3336 3670 3502 3741 ἥξειν
3560 3667 3724 3741 βαθύν
3748 3666 3794 3720 οί
3824 3661 3867 3715 δὲ

2300 3761 2675 3833 γεγηρακότες
2727 3761 2879 3815 οὐδὲν
2908 3761 3121 3832 ἕτερον,
3146 3762 3183 3834 ἢ
3214 3762 3318 3817 τὸν
3351 3763 3601 3819 θάνατον
3626 3763 3866 3831 ὀνειρθνεο⁴

2300 3850 2412 3903 λεῖν
2437 3850 2636 3905 δίκαιοι
2664 3849 2732 3903 ἂν
2765 3845 2894 3905 εἷεν.
2940 3849 3083 3918 Ἐγὼ
3111 3850 3172 3904 δὲ
3204 3853 3316 3923 τὴν
3345 3854 3542 3910 αἰτίαν
3567 3849 3794 3923 ἀκριϐῶς
3814 3844 3869 3915 μὴ

2301 3941 2691 4012 ἐπιστάμενος,
2719 3942 2789 3996 δι’
2815 3944 2880 4014 ἢν
2908 3941 3159 3997 ἐντεῦθεν
3177 3944 3447 4017 ἀπῆρας,
3479 3946 3609 4000 οὔτε
3643 3943 3867 4006 ἀπελογη-

2295 4037 2499 4106 σάμην,
2567 4034 2694 4089 οὔτε
2745 4036 3240 4107 κατεψηφισάμην,
3303 4040 3432 4094 ἀλλ’
3492 4034 3868 4111 ἐπηγγειλάμην

2290 4129 2549 4199 γράφειν.
2617 4126 2792 4191 Αὐτὸς
2830 4128 3010 4182 τοίνυν
3042 4128 3105 4181 τὸ
3155 4128 3286 4184 δέον
3344 4135 3575 4204 πρᾶξαι
3635 4122 3865 4201 πρώυμή·

2290 4222 2434 4290 θητι.

2523 4311 2675 4366 PIE'.
2717 4340 2779 4352 ——
2815 4311 3125 4382 ΘΕΟΔΩΡῼ
3168 4312 3673 4385 ΣΧΟΛΔΣΤΙΚῼ.

1129 4387 1323 4443 Melior
1346 4398 1420 4442 est
1445 4389 1598 4444 homo
1638 4391 1851 4445 sedulus
1882 4394 2002 4448 licet
2036 4411 2258 4467 pauper,
2287 4418 2445 4472 quam
2480 4402 2702 4475 ignarus
2736 4402 2875 4457 dit-es
2911 4401 3094 4469 Opibus
3128 4403 3390 4473 aﬂuens.

683 4501 944 4571 Quisnam
977 4501 1147 4573 gloria
1181 4501 1437 4572 iustoque
1465 4503 1680 4573 dignior
1707 4503 1913 4561 honore
1940 4520 2062 4563 esse
2093 4518 2197 4563 tuae

2376 4515 2535 4578 Ποῖος
2566 4515 2675 4584 ἄρα
2705 4514 2852 4568 δοκεῖ
2876 4517 2944 4585 τῇ
2976 4517 3041 4587 σῇ
3076 4514 3382 4572 παιδεύσει
3416 4518 3682 4580 εὐκλείας
3720 4511 3798 4567 καὶ
3816 4507 3876 4560 δό-

608 4595 907 4664 prudentiae
931 4595 1195 4664 videatur,
1219 4595 1309 4666 qui
1344 4594 1476 4650 nihil
1505 4597 1723 4666 quidem
1747 4601 1995 4669 generosi
2038 4615 2201 4672 agere
2229 4585 2231 4592 ¹

2307 4605 2403 4676 ξης
2431 4580 2640 4677 ἀγαθῆς
2670 4605 2873 4670 δίκαιος
2916 4580 3061 4660 εἶναι
3102 4610 3327 4678 τυχεῖν,
3388 4614 3419 4664 ὁ
3450 4612 3627 4684 μηδὲν
3662 4610 3754 4681 μὲν
3781 4617 3880 4673 πρυ·

610 4685 813 4750 studet,
842 4686 896 4739 in
921 4685 1176 4742 secundis
1196 4701 1327 4741 vero
1347 4687 1654 4743 consistens
1683 4689 1845 4743 rebus
1865 4729 1880 4754 ,
1910 4698 1963 4744 et
1992 4690 2194 4747 divitiis

609 4776 775 4843 fulget
800 4785 856 4829 et
882 4776 1130 4831 claritate
1159 4776 1474 4849 dignitatis;
1504 4779 1590 4834 vel
1624 4779 1715 4848 qui
1743 4779 1903 4846 nihil,
1928 4792 2190 4851 quantum

615 4868 669 4918 iu
698 4866 815 4935 ipso
851 4876 971 4935 est,
1024 4869 1373 4939 relinquens,
1412 4879 1537 4940 agat
1572 4871 1754 4925 omnia
1807 4887 1926 4941 qua:
1973 4874 2191 4944 dignum

612 4956 886 5024 praeconio
941 4959 1201 5026 reddant,
1251 4960 1494 5031 aliosque
1541 4961 1608 5015 ad
1655 4961 1914 5017 virtutem
1960 4964 2195 5035 excitet,

613 5049 839 5101 adversa
888 5057 1063 5103 tamen
1113 5066 1239 5106 usus
1270 5052 1487 5107 fortuna
1513 5093 1527 5116 ,
1557 5062 1610 5107 et
1653 5053 1705 5107 in
1741 5054 1918 5125 inopia
1951 5055 2198 5128 degens?

627 5137 757 5192 Mihi
791 5140 1007 5205 quidem
1042 5144 1127 5196 hic
1162 5144 1502 5213 putissimum
1534 5145 1837 5203 laudandus
1871 5148 2109 5206 videtur.
2139 5149 2196 5206 Si

615 5242 745 5283 vero
779 5237 831 5283 et
874 5230 967 5284 tibi
1017 5231 1069 5286 id
1109 5233 1282 5303 ipsum
1335 5236 1603 5304 videatur,
1656 5253 1724 5293 ne
1777 5254 1887 5309 prae
1931 5247 1984 5295 te
2015 5240 2195 5310 feras,

614 5321 769 5392 quasi
800 5323 1130 5378 contrarium
1156 5325 1378 5380 sentias.

874 5412 1060 5470 CXVI.
1089 5443 1161 5453 --
1196 5413 1396 5471 CASIO
1443 5415 1928 5478 PRESBYTERO.

2300 4698 2567 4771 θυμηθεὶς
2616 4702 2865 4767 γενναῖον
2911 4699 3369 4772 διαπράξασθαι,
3419 4704 3486 4758 ὲν
3542 4698 3799 4773 εὐημερίᾳ
3839 4690 3879 4742 δὲ

2298 4795 2587 4863 τυγχάνων
2620 4793 2714 4846 καὶ
2762 4792 3003 4863 πλούτῳ,
3054 4793 3151 4847 καὶ
3198 4797 3329 4859 τοῖς
3372 4795 3617 4851 δοκοῦσι
3659 4785 3881 4863 λαμπροῖς

2300 4881 2640 4953 ἀξιώμασιν;
2676 4884 2747 4938 ’Ἡ
2776 4887 2804 4938 ὁ
2841 4884 3012 4956 μηδὲν
3043 4886 3165 4957 μὲν,
3191 4877 3280 4939 ὧν
3316 4885 3445 4954 οἷός
3472 4908 3539 4943 τε
3573 4885 3647 4961 ἦν
3676 4879 3875 4940 ἐλλιπὼν,

2303 4975 2441 5030 ἀλλὰ
2467 4978 2649 5031 πάντα
2682 4978 2923 5049 πράξας,
2963 4978 3067 5033 ὅσα
3093 4978 3271 5033 αὐτόν
3296 4997 3365 5035 τε
3392 4984 3762 5055 ἀναρρήσεως
3779 4973 3889 5037 ἄξιον

2303 5062 2445 5143 εἶναι
2496 5070 2658 5135 ποιεῖ,
2705 5069 2801 5122 καὶ
2843 5070 2969 5131 τοὺς
3019 5068 3219 5131 ἄλλους
3248 5072 3340 5134 είς
3392 5073 3615 5143 ἀρετὴν
3656 5065 3891 5135 διεγείρειν

2302 5158 2632 5230 δυσπραγῶν
2682 5159 2740 5214 δὲ
2778 5160 2874 5213 καὶ
2907 5160 3069 5232 πενίᾳ
3115 5159 3351 5229 συζῶν;
3422 5163 3596 5235 Ἐμοὶ
3634 5162 3731 5234 μὲν
3772 5148 3899 5210 οὗτοξ

2302 5248 2469 5302 δοκεῖ·
2487 5251 2535 5302 εί
2552 5248 2609 5303 δὲ
2637 5252 2733 5305 καὶ
2765 5251 2869 5318 σοὶ,
2898 5251 2973 5323 μὴ
3002 5251 3276 5307 τάναντία
3300 5255 3520 5335 φαίνου
3542 5252 3903 5326 ψηφιζόμενοςο

2584 5436 2750 5504 Ριςν.
2792 5467 2860 5476 -
2894 5439 3103 5510 ΚΑΣΙῼ
3135 5438 3661 5513 ΠΡΕΣΒΥΤΕΡςι

1461 5508 1538 5563 De
1570 5508 1769 5567 Zosimi
1793 5515 2026 5584 improbe
2055 5517 2234 5586 factis.
2268 5520 2425 5595 (ευρ.
2459 5525 2612 5594 epist.
2649 5525 2762 5581 105-
2793 5537 2840 5584 et
2876 5527 3021 5598 I05.)

686 5617 865 5676 Mirari
918 5631 969 5676 te
1024 5618 1219 5674 scribis
1266 5632 1389 5674 eum
1440 5617 1715 5678 Zosimum
1772 5626 1945 5682 sacris
1993 5626 2198 5685 initiari

2395 5635 2612 5708 Ἐπειδὴ
2655 5638 2944 5711 γέγραφας
2985 5638 3334 5711 Θαυμὰζειν,
3387 5642 3556 5709 ὅπως
3601 5643 3664 5698 τὸ
3695 5636 3914 5714 ἱερᾶςθαι

1747 5752 1985 5812 ἾΑΗΙᾸΕ
2027 5756 2417 5821 ιΕαΤιοΝιτδ»
2448 5769 2537 5824 ΕΤ
2575 5769 2811 5826 NOTAE.

707 5884 819 5954 Q95)
847 5887 1269 5960 ’Δποστερήσειν
1302 5888 1460 5945 ambo
1483 5888 1637 5944 codd.
1663 5891 1964 5959 producunt
1987 5893 2041 5948 in
2068 5895 2231 5950 ἀποστ

2296 5897 2345 5968 >ή
2354 5915 2516 5955 σειεν.
2559 5898 2775 5959 Possm.
