4078 6428
333 301 474 373 1333
1241 320 1780 385 EPISTOLABUM
1817 327 1966 389 LIB.
2007 331 2074 390 ν.
2105 353 2176 367 --
2215 335 2453 395 EPIST.
2497 337 2704 396 CXIX.
3463 339 3600 404 1394

331 417 586 488 thctpov
608 421 782 476 δεινὸν
809 422 890 492 ὃν,
925 425 985 479 ού
1021 427 1195 483 δεινὸν
1225 426 1368 485 εἶναι
1400 433 1552 488 δοκεῖ
1579 435 1656 506 τῷ
1679 439 1917 508 παρανό-

2025 444 2172 498 nefas
2204 447 2307 510 sit,
2340 449 2611 514 quomodo
2643 464 2746 503 non
2788 447 2842 502 id
2873 448 3164 503 nefandum
3199 449 3272 504 sit
3317 451 3487 505 visum
3516 453 3596 518 ei,

333 525 453 576 μως
475 515 921 584 χειροτονήσαντι
947 534 960 548 ο
995 518 1422 589 ἀντεπιστέλλω,
1465 525 1548 578 ὅτι
1583 528 1646 578 σὺ
1683 526 1787 596 μὲν
1809 528 1916 580 ἀπὸ

2020 518 2121 602 φη·
2156 551 2352 604 praeter
2397 537 2564 608 legem
2601 553 2722 592 eum
2773 540 3086 595 initiaverit.
3139 539 3462 610 Respondeo
3504 515 3618 614 pro.

333 598 609 700 μισοπονῄ
619 615 712 668 ρου
732 602 938 673 τρόπου
962 606 1194 672 είκότως
1213 609 1542 678 ἀγανακτεῖς
1563 631 1574 642 ·
1610 616 1786 680 οὐδεὶς
1807 617 1915 689 γὰρ

2020 626 2199 680 animo
2227 629 2444 697 quidem
2479 639 2602 694 tuo,
2636 647 2742 700 quo
2770 630 2909 685 mala
2941 633 3120 685 omnia
3151 633 3462 688 adversaris
3489 677 3504 698 ,
3541 648 3594 688 te

327 685 470 794 πρξς
517 688 677 744 τοῦτο
727 693 1013 750 ἀντείποι·
1060 701 1236 754 ἐκεῖνο
1276 699 1334 755 δέ
1369 719 1448 756 σοι
1498 685 1912 780 παραινέσαιμι,

2020 715 2152 782 iuste
2187 717 2472 786 indignari,
2501 721 2643 790 quod
2686 737 2846 777 nemo
2873 725 3173 794 negaverit.
3207 723 3338 776 Illud
3381 725 3600 780 interim

327 777 608 882 καθαράν-
635 785 978 858 κακηγορίας
1025 789 1125 862 τὴν
1173 791 1420 862 γλῶτταν
1449 795 1794 866 διαφυλᾲξαι.
1833 777 1914 854 ἽΕί

2020 822 2333 865 maneamus
2367 827 2431 866 ac
2457 812 2855 880 praecipiamus,
2883 828 3068 882 puram
3107 824 3162 867 ut
3190 829 3218 867 a
3255 815 3588 870 maledicen-

326 869 440 940 γὰρ
491 873 696 939 ἐκεῖνος
733 879 941 948 μυρίων
973 881 1142 947 ἄξιος,
1175 884 1251 947 ὡς
1282 885 1589 958 γέγραφας,
1629 891 1910 961 σκηπτῶν,

333 961 470 1054 μηδέ
495 965 559 1034 τῇ
587 969 721 1038 τιμῇ
751 967 1084 1038 βελτιωθεὶς,
1110 974 1223 1028 ἀλλ’
1253 977 1404 1048 ὅπλῳ
1428 979 1628 1044 κακίας
1659 983 1724 1053 τῇ
1759 983 1916 1054 ἱερω-

333 1051 468 1145 σύνη
509 1059 876 1130 χρησάμενος,
912 1065 1007 1118 καὶ
1043 1067 1259 1139 τολμῶν
1307 1071 1622 1144 ἀτόλμηταο
1673 1051 1824 1130 ἀλλὰ-
1851 1073 1918 1130 σύ

328 1158 394 1235 γε
429 1147 491 1198 τὸ
524 1149 726 1202 σαυτοῦ
763 1153 940 1224 στόμα
969 1157 1207 1226 μιαίνειν
1230 1159 1332 1213 ούκ
1365 1161 1624 1230 ὀφείλεις,
1651 1163 1750 1228 τὰς
1779 1183 1910 1235 μια-

329 1234 434 1304 ράς
452 1238 664 1292 ἐκείνου
683 1243 912 1314 πράξεις
934 1247 1294 1322 ἐκτραγῳδῶν
1315 1253 1410 1306 καὶ
1433 1253 1532 1326 τὴν
1560 1255 1670 1310 τῶν
1696 1234 1912 1328 τρόπων

331 1329 636 1400 σκαιότητα
665 1331 1043 1406 διηγούμενος.

865 1549 1010 1608 PIZ'.
1047 1581 1117 1592 --
1148 1553 1400 1626 name.

2019 899 2092 953 tia
2126 899 2363 972 linguam
2411 904 2704 960 custodias.
2757 903 2870 958 Etsi
2919 907 3060 960 enim
3094 907 3320 963 infinitis
3371 909 3493 973 ille,
3544 917 3600 964 ιιι

2021 991 2257 1059 scribis,
2315 996 2509 1063 dignus
2557 1005 2640 1050 est.
2672 996 3018 1074 fulminibus,
3061 1015 3235 1068 neque
3286 1001 3492 1055 honore
3535 1015 3601 1056 ac

2014 1082 2276 1152 dignitate
2304 1088 2545 1141 redditus
2576 1087 2788 1150 melior,
2819 1089 2912 1142 sed
2945 1090 3060 1158 ipso
3104 1091 3411 1145 sacerdotio
3443 1093 3593 1146 velut

2017 1176 2274 1244 nequitiae
2314 1177 2670 1233 instrumento
2713 1179 2912 1234 abusus
2946 1181 3160 1244 audeat,
3187 1196 3306 1251 (lusa
3355 1183 3598 1238 audenda

2019 1282 2125 1324 ltOtt
2161 1278 2337 1336 erant,
2375 1285 2508 1325 cave
2548 1280 2726 1325 tamen
2759 1282 2906 1324 tuum
2947 1286 3009 1326 os
3043 1271 3332 1340 inquinare
3376 1272 3600 1327 sceleri-

2019 1357 2119 1412 bus
2144 1357 2261 1427 ejus
2301 1359 2528 1428 impuris
2557 1361 2846 1430 arguendis
2868 1401 2881 1426 ,
2914 1377 2978 1416 ac
3019 1377 3228 1416 morum
3281 1361 3400 1430 ejus
3457 1375 3600 1416 saeva

2020 1449 2296 1504 narrando
2324 1449 2463 1504 aliis.

2407 1563 2573 1636 588
2603 1565 2806 1622 CXVII.
2847 1599 2916 1608 —
2954 1565 3208 1623 PAULO.

774 1635 890 1691 Vim
914 1641 1012 1708 fati
1042 1651 1089 1695 et
1122 1645 1500 1712 necessitatem,
1539 1647 1712 1718 lepido
1743 1663 2050 1720 argumento
2076 1653 2348 1710 subuertit.
2382 1635 2561 1728 (Cani.
2592 1657 2685 1710 tib.
2730 1674 2812 1726 ιιι,
2841 1661 2990 1728 epist.
3029 1657 3179 1727 156.)

500 1745 610 1810 πᾶς
641 1745 904 1821 λογισμὸς
946 1753 1042 1806 καὶ
1098 1755 1246 1808 πᾶσα
1287 1757 1608 1829 ἐνθύμησις,
1657 1761 1734 1826 ὡς
1780 1764 1910 1834 φὴς,

2094 1764 2150 1818 Si
2185 1767 2388 1834 qumvis
2411 1807 2426 1832 ,
2457 1777 2514 1822 ιιι
2549 1767 2660 1833 ais,
2713 1767 3014 1838 speculatio
3047 1767 3354 1837 mentisque
3383 1766 3603 1838 agitatio

326 1834 654 1928 supini};
691 1839 1036 1914 εἱμαρμένης
1091 1848 1206 1910 τοῖς
1263 1848 1574 1920 ἀνθρώποις
1628 1855 1907 1928 ἐπιφοιτᾷ,

328 1923 686 1980 ἀτοπώτατόν
723 1945 772 1984 τι
816 1931 1102 2002 πάσχουσα
1133 1935 1542 2008 φωραθήσεται.
1573 1941 1640 1995 El
1670 1946 1784 2006 τοῖς
1811 1923 1910 2014 μέν

327 2017 695 2088 καταπέμπει
753 2021 1147 2096 ἐνθυμήματα,
1189 2027 1332 2081 ὥστε
1385 2031 1909 2105 ὑπεραπολογεῖσθαι

319 2106 519 2177 αὐτῆς,
568 2111 682 2172 τοῖς
717 2110 775 2165 δέ
819 2114 1016 2186 τέχνην
1063 2117 1158 2171 καὶ
1206 2119 1671 2192 ἐπιστημονικοὺς
1717 2127 1910 2195 λόγους

319 2197 538 2293 όρέγει,
563 2199 632 2254 δι’
659 2196 736 2257 ὧν
763 2203 970 2278 ταύτην
993 2208 1416 2280 ἀνατρέψουσιν.
1465 2213 1527 2268 Ei
1553 2215 1732 2272 τοίνυν
1770 2221 1910 2293 αὐτὴ

321 2291 531 2362 ἑαυτὴν
555 2294 876 2367 ἀνατρέπει,
917 2298 988 2352 δι’
1013 2293 1092 2354 ὧν
1119 2306 1349 2374 χορηγεῖ
1378 2308 1491 2370 τοῖς
1514 2291 1915 2380 ἀνατρέπουσιν

319 2381 497 2452 αὐτὴν
523 2383 946 2457 ἐνθυμημάτων,
987 2390 1104 2455 πῶς
1126 2393 1390 2464 συστῆναι
1423 2395 1590 2468 αὐτὴν
1613 2393 1724 2454 οἷόν
1755 2417 1838 2456 τε.

631 2502 774 2558 PII".
811 2535 879 2550 ..ρ
918 2506 1257 2582 maneto
1283 2511 1608 2585 AIAKONQ.

2019 1870 2048 1909 a
2101 1855 2210 1911 fato
2265 1857 2498 1927 pendeat.
2555 1859 2798 1926 homini,
2846 1858 3298 1914 absurdissimum
3355 1857 3486 1928 quid
3527 1859 3599 1912 illi

2017 1947 2178 2020 [fato]
2215 1949 2464 2004 accidere
2503 1951 2894 2020 deprehendes.
2939 1950 3217 2020 Siquidem
3249 1949 3334 2004 his
3363 1949 3601 2004 rationes

2017 2049 2270 2110 suggerat
2325 2042 2522 2111 quibus
2581 2041 2934 2109 defendatur;
2993 2041 3102 2096 illis
3166 2054 3298 2094 vero
3361 2039 3598 2096 rationes

2017 2133 2344 2190 scientiflcas
2379 2137 2622 2204 adeoque
2664 2143 2836 2188 artem
2886 2132 3159 2204 praebeat,
3203 2146 3312 2201 qua
3353 2131 3596 2186 vicissim
3678 2141 3681 2144 '

2018 2233 2316 2281 evertatur.
2346 2224 2530 2291 Quare
2571 2226 2617 2281 si
2647 2242 2707 2280 se
2741 2225 2918 2293 ipsum
2958 2223 3156 2280 evertit
3183 2222 3353 2278 fatum
3384 2237 3480 2293 per
3509 2237 3596 2284 ea,

2015 2330 2136 2386 qua:
2183 2319 2416 2386 praebet,
2451 2317 2856 2386 enthymemata
2887 2315 3065 2386 ipsum
3095 2316 3432 2384 evertentia,
3465 2328 3602 2386 ιιιιοε

2015 2409 2195 2474 modo,
2221 2422 2425 2477 quaeso,
2454 2417 2632 2478 potest
2663 2407 2831 2462 fatum
2855 2407 3152 2464 subsistere
3179 2405 3204 2460 ?

2224 2517 2456 2573 CXVIII.
2489 2547 2561 2560 -—-
2615 2515 3010 2574 EUSTATIIIO
3051 2516 3368 2574 DIACONO.

1078 2601 1158 2654 Ad
1191 2601 1312 2654 vita:
1361 2604 1777 2658 emendationem
1812 2605 2134 2662 adhortatio.
2171 2607 2270 2662 Sui
2312 2609 2553 2676 victoria,
2588 2611 2846 2664 maxime.

393 2717 570 2770 Τοῦτο
595 2717 656 2772 τὸ
684 2717 780 2772 νῦν
801 2719 1076 2789 τολμηθὲν
1106 2719 1262 2790 παρά
1291 2721 1386 2775 σοῦ
1408 2721 1518 2775 τῶν
1541 2723 1732 2778 δεινῶν
1761 2727 1908 2780 ἐκεί-

2091 2724 2239 2780 Iuter
2275 2739 2363 2792 ea,
2414 2741 2538 2796 quae
2585 2737 2811 2782 Strenue
2860 2727 3098 2796 gessisti,
3147 2725 3278 2781 illud
3327 2741 3598 2783 summum

319 2825 432 2861 νων
483 2809 602 2862 ἐστὶ
631 2809 962 2880 δεινότερον·
997 2809 1306 2882 ήμιλλήθης
1372 2813 1508 2883 πρὸς
1551 2815 1768 2881 σαυτὸν,
1817 2817 1912 2870 atati.

2020 2825 2120 2884 est,
2154 2817 2294 2884 quod
2323 2825 2502 2872 tecum
2529 2817 2642 2884 ipse
2669 2826 2886 2872 certans
2903 2815 3118 2872 viceris.
3157 2815 3370 2872 Primus
3403 2815 3588 2886 itaque

319 2898 620 2970 νενίκηκας
642 2917 656 2932 ·
703 2901 772 2955 τὰ
804 2904 1050 2971 πρωτεῖα
1097 2903 1280 2956 τοίνυν
1319 2903 1375 2959 ἐν
1407 2903 1486 2974 τῷ
1513 2905 1614 2975 τῆς
1657 2907 1913 2972 ἀσεϐείας

2021 2909 2074 2962 iu
2109 2907 2208 2962 hac
2236 2922 2360 2962 cum
2385 2906 2662 2976 impietate
2687 2921 2752 2960 ac
2783 2905 3008 2961 libidine
3032 2923 3210 2977 pugna
3247 2906 3314 2962 ab
3345 2904 3600 2960 omnibus

321 2991 421 3044 καὶ
451 2989 744 3060 ἀσελγείας
777 2991 952 3058 ἀγῶνι
981 2991 1124 3046 κατὰ
1153 2993 1370 3048 πάντων
1406 2993 1568 3068 φέρῃ,
1604 2995 1912 3066 ὑπερηκόν-

2020 2999 2263 3054 referens
2284 2997 2486 3063 vicisti,
2517 3013 2818 3068 omnesque
2845 2998 3007 3053 facile
3031 2998 3297 3068 superasti
3324 3015 3339 3052 :
3381 3005 3602 3066 propter

317 3098 504 3147 τισας,
545 3082 754 3146 πάντας
785 3083 1204 3155 ύπερϐέδηκας·
1245 3085 1328 3139 διὸ
1356 3085 1452 3139 καὶ
1501 3085 1752 3156 δακρύων
1777 3089 1912 3158 ἡμῖν

2020 3087 2106 3142 illa
2133 3086 2288 3142 nobis
2311 3085 2676 3158 lacrymarum
2701 3088 2957 3158 perennis
2991 3103 3154 3142 causa
3198 3089 3513 3142 exstiteras.
3541 3085 3601 3142 Si

321 3173 589 3235 ὑπόθεσις
628 3174 863 3244 γέγονας
902 3175 1166 3230 ἀεννάων.
1203 3175 1267 3230 Εί
1317 3177 1499 3231 τοίνυν
1547 3177 1728 3249 βούλει
1753 3179 1916 3249 ὴμῶν

2023 3176 2204 3248 itaque
2228 3177 2470 3233 dolorem
2511 3188 2757 3234 nostrum
2811 3178 2886 3232 tui
2935 3179 3112 3248 gratia
3145 3188 3456 3249 susceptum
3507 3177 3604 3231 tol-

319 3265 427 3337 τὴν
458 3265 636 3337 λύπην
665 3269 765 3339 τὴν
789 3268 883 3322 ἐπὶ
937 3268 1022 3323 σοὶ¹
1065 3267 1342 3333 ἰάσασθαι,
1373 3269 1551 3324 πάντα
1573 3271 1742 3337 ποίει,
1767 3272 1917 3336 ὅπως

2021 3269 2136 3326 lere
2165 3270 2268 3336 vis,
2299 3283 2516 3325 omnem
2561 3285 2717 3326 move
2765 3270 3020 3340 lapidem,
3063 3283 3130 3324 ne
3165 3269 3306 3324 male
3341 3269 3600 3338 deinceps

319 3357 663 3430 ἀποτρίψαιο
691 3359 792 3430 τὴν
821 3357 1145 3424 κακοδοξίαν
1167 3358 1302 3429 (96).

567 3473 716 3528 Pte'.
746 3503 815 3516 --
855 3474 1162 3544 θΕοΔιιΡᾳ
1194 3473 1654 3545 ΣΧΟΛΑΣΤΙΚῼ.

2022 3362 2234 3417 audias.

2195 3473 2382 3532 CXIX.
2419 3503 2490 3516 —-
2514 3471 2888 3530 THEODORO
2925 3469 3420 3528 SCHOLAS’I‘ICO.

541 3563 747 3636 Lingua
775 3564 1037 3635 quomodo
1067 3563 1193 3618 bene
1222 3564 1494 3618 utendum.
1529 3564 1548 3633 (
1579 3563 1694 3632 Inf.
1721 3563 1874 3632 epist.
1910 3563 2040 3629 455,
2070 3571 2122 3618 et
2151 3579 2218 3618 ea:
2245 3561 2614 3634 Chrysostomo
2655 3563 2844 3618 (ἔσσαν.
2879 3563 2931 3616 in
2969 3569 3076 3616 sat.
3103 3561 3136 3615 4
3179 3560 3398 3630 Persii.)

395 3681 464 3734 Et
487 3675 752 3748 ὀξυτάτην
778 3676 924 3748 ἔχεις
943 3675 1043 3748 τὴν
1062 3675 1334 3745 γλῶτταν,
1359 3674 1598 3746 μάλιστα
1623 3673 1721 3744 μὲν
1743 3672 1911 3745 αὐτὴν

325 3767 677 3838 ἐπιστόμιζε,
707 3767 804 3819 καὶ
817 3764 1021 3836 χαλινῷ
1047 3764 1378 3836 ἀνασείραζε
1399 3778 1413 3793 ⁸
1437 3765 1488 3816 εί
1515 3763 1573 3818 δὲ
1603 3764 1909 3828 ἀδυνατεῖς,

324 3862 534 3934 χρῆσαι
563 3858 700 3930 αὐτῇ
738 3857 820 3920 είς
847 3855 966 3912 δέον
994 3857 1136 3928 ὑπὲρ
1176 3857 1278 3928 τῆς
1316 3855 1466 3918 θείας
1502 3855 1600 3909 καὶ
1635 3855 1912 3927 ἀκηράτου

323 3951 512 4024 δόξης,
534 3951 678 4022 ὑπὲρ
707 3951 808 4020 τῆς
824 3949 936 4004 τῶν
962 3949 1336 4020 ἀδικουμένων
1359 3948 1628 4020 βοηθείας,
1655 3948 1794 4021 ὑπὲρ
1817 3948 1915 4020 τῆς

325 4043 441 4098 τῶν
469 4042 774 4096 καλλίστων
802 4041 1156 4112 συνηγορίας,
1177 4040 1326 4098 κατὰ
1345 4039 1446 4112 τῆς
1460 4039 1572 4094 τῶν
1587 4039 1919 4095 ἀδικούντων

325 4132 649 4200 πλεονεξίας
679 4131 819 4206 (97),
851 4131 998 4186 κατά
1018 4135 1119 4203 τῆς
1149 4131 1259 4186 τῶν
1280 4129 1500 4204 δαίμοσι
1532 4133 1792 4204 πονηροῖς
1817 4131 1917 4202 τὴν

327 4226 428 4282 τοῦ
471 4225 673 4288 παντὸς
708 4223 976 4296 Πρόνοιαν
1028 4222 1438 4294 ἐπιτρεπόντων
1471 4217 1732 4292 ἀμαθίας,
1777 4220 1919 4276 κατά

329 4317 436 4388 τῆς
471 4317 582 4370 τῶν
607 4313 910 4387 αἱρετικῶν
935 4313 1387 4384 φρενοϐλαϐείας,
1412 4313 1557 4368 κατὰ
1588 4315 1689 4384 τῆς
1725 4311 1917 4382 Ἐλλή-

2087 3674 2146 3729 Si
2188 3676 2522 3731 mordentem
2588 3684 2912 3742 acutamque
2978 3673 3147 3727 habes
3209 3673 3470 3743 linguam,
3536 3685 3601 3725 os

2017 3765 2209 3822 obtura
2269 3767 2540 3830 maxime,
2589 3773 2644 3820 et
2684 3764 2850 3820 freno.
2894 3774 3169 3820 coerceto.
3219 3763 3277 3820 Id
3329 3765 3376 3820 si
3419 3764 3600 3819 minus

2019 3867 2196 3927 potes,
2227 3866 2379 3911 utere
2413 3869 2491 3924 ,ea
2523 3870 2621 3926 pro
2666 3855 2851 3910 divina
2877 3862 2933 3909 et
2975 3854 3290 3924 incorrupta
3324 3853 3446 3908 Iidei
3471 3865 3596 3922 pro-

2023 3946 2260 4002 fessione
2310 3946 2364 4002 in
2411 3945 2722 4016 praesidium
2771 3945 2974 4016 injuste
3006 3959 3414 4016 oppressorum,
3447 3944 3595 4014 opti-
3683 3957 3688 3962 ·

2027 4052 2238 4094 morum
2269 4036 2674 4104 defensionem;
2703 4045 2898 4092 contra
2930 4035 3217 4090 avaritiam
3261 4049 3472 4099 eorum,
3505 4034 3598 4104 qui

2019 4147 2118 4202 per
2188 4130 2340 4188 nefas
2409 4131 2682 4198 ditantur;
2741 4137 2933 4184 contra
2983 4143 3172 4182 eorum
3235 4127 3600 4198 imperitiam,

2021 4219 2113 4290 qui
2147 4219 2520 4275 universitatis
2555 4218 2650 4274 Dei
2701 4218 3100 4288 providentiam
3130 4218 3288 4272 malis
3315 4216 3598 4273 ascribunt

2021 4311 2337 4380 spiritibus;
2393 4309 2655 4365 adversus
2710 4309 3088 4364 haereticorum
3151 4307 3471 4374 amentiam,
3545 4315 3599 4362 et

333 4423 442 4460 νων
464 4403 919 4474 δεισιδαιμονίας,
947 4401 1090 4456 κατά
1109 4403 1208 4472 τῆς
1243 4401 1511 4457 Ἰουδαίων
1536 4401 1915 4468 ἀπαιδευσίας,

2023 4403 2262 4472 gentium
2311 4400 2795 4472 superstitionem;
2837 4408 3024 4454 contra
3071 4397 3384 4453 Iudaeorum
3433 4397 3601 4452 insci-

338 4498 478 4552 κατά
504 4498 606 4568 τῆς
631 4495 740 4551 τῶν
769 4494 1198 4566 ἁμαρτανόντων
1223 4492 1584 4565 κατηγορίας.
1613 4493 1677 4546 Εί
1715 4492 1774 4547 δὲ
1799 4492 1924 4547 τού-

333 4605 447 4643 των
480 4588 776 4659 ἀφέμενος,
804 4589 874 4658 τῇ
915 4584 1136 4656 ὀξύτητι
1163 4583 1307 4639 κατὰ
1340 4583 1450 4637 τῶν
1485 4583 1922 4654 ἐντυγχανόντων

333 4678 507 4750 χρῷο,
539 4677 896 4733 ἀτοπώτατόν
931 4693 986 4730 τι
1018 4677 1288 4747 ποιήσεις.
1331 4675 1540 4730 Ταυτὸν
1562 4673 1670 4746 γάρ
1695 4689 1750 4728 τι
1780 4674 1923 4746 πρά-
1956 4753 1961 4759 .

334 4771 472 4840 ξεις,
507 4767 620 4826 οἷον
669 4771 736 4832 ἂν
777 4772 828 4824 εί
873 4771 1149 4841 μάχαιραν
1203 4766 1344 4840 ἔχων
1385 4767 1588 4834 ὀξεῖαν,
1637 4766 1781 4820 κατά
1813 4766 1922 4820 τῶν

335 4861 664 4932 ἐπιτηδείων
693 4861 987 4934 ἐπέφερες,
1017 4859 1050 4932 ἢ
1079 4858 1294 4931 ῥώμην,
1327 4857 1468 4913 κατὰ
1496 4858 1605 4913 τῶν
1653 4857 1920 4912 πολιτῶν·

334 4953 462 5007 δέον
493 4955 560 5025 τῇ
607 4955 706 5026 μὲν
762 4952 906 5007 κατά
949 4951 1060 5006 τῶν
1108 4951 1409 5021 πολεμίων,
1447 4952 1513 5022 τῇ
1543 4950 1599 5004 δὲ
1635 4949 1780 5004 κατὰ
1813 4950 1924 5004 τῶν

335 5045 650 5099 ἀντιπάλων
692 5043 953 5117 χρῆσθαι.
999 5041 1091 5112 Μὴ
1127 5041 1308 5096 τοίνυν
1349 5042 1412 5096 τὸ
1443 5042 1738 5114 φάρμακον
1761 5041 1926 5114 δηλη-

335 5136 530 5209 τήριον
551 5134 956 5202 κατασκεύαζε,
983 5133 1120 5190 ἀλλὰ
1147 5133 1378 5198 δεόντως
1411 5133 1564 5206 αὐτῷ
1592 5132 1851 5206 κέχρησο.

2025 4493 2190 4558 tiam;
2239 4499 2428 4548 contra
2491 4491 2834 4562 peccantium
2879 4491 3117 4546 convitia
3177 4501 3234 4544 et
3287 4489 3595 4544 maledicta.

2024 4583 2179 4651 Quod
2214 4584 2258 4639 si
2315 4597 2422 4638 non
2486 4582 2706 4647 feceris,
2755 4583 2939 4652 lingua
2987 4590 3078 4635 tua
3121 4589 3281 4636 acuta
3311 4582 3378 4634 ad
3437 4580 3599 4635 obvia

2024 4691 2253 4747 quaeque
2299 4675 2521 4740 abusus,
2583 4673 2878 4728 absurdum
2936 4671 3156 4728 feceris.
3209 4669 3402 4726 Facies
3452 4669 3600 4725 enim

2027 4769 2270 4840 perinde,
2308 4775 2472 4837 atque
2497 4766 2542 4822 si
2571 4765 2950 4821 acutissimum
3001 4777 3196 4820 nactus
3245 4762 3506 4834 gladium,
3541 4761 3601 4816 in

2023 4859 2363 4915 necessarios
2391 4857 2596 4912 ferrum
2643 4864 2970 4922 convertas;
3023 4859 3104 4910 vel
3133 4855 3298 4910 robur
3349 4855 3604 4924 viresque

2022 4962 2210 5008 contra
2243 4952 2390 5007 cives
2415 4960 2538 5006 tuos
2555 4949 2836 5015 adhibeas,
2867 4963 2992 5004 cum
3021 4963 3116 5004 eos
3163 4950 3230 5002 ab
3265 4947 3424 5002 hoste
3462 4962 3593 5016 pro-

2023 5058 2262 5115 pugnare
2303 5051 2604 5112 oporteret,
2653 5051 2708 5096 et
2756 5041 2936 5110 lingua
2981 5039 3034 5094 in
3078 5041 3446 5105 adversarios,
3497 5054 3602 5093 non

2023 5135 2232 5190 antieos
2276 5133 2608 5204 stringenda.
2643 5130 2788 5188 Cave
2833 5131 3021 5204 igitur,
3059 5145 3126 5187 ne
3165 5146 3265 5204 pro
3308 5129 3616 5201 pharmace.

341 5239 502 5284 utare
559 5243 801 5295 veneno,
873 5229 1002 5298 quin
1084 5229 1269 5297 potius
1335 5227 1606 5298 quomodo
1675 5236 1912 5298 oportet,
1953 5235 2130 5282 utere.

1454 5405 1691 5464 νΑιιιιΕ
1730 5407 2114 5466 LECTIONES
2153 5405 2240 5462 ET
2280 5406 2512 5464 NOTAE.

423 5568 537 5638 (96)
590 5567 691 5622 Pro
737 5566 834 5638 τὴν
885 5565 1202 5638 κακοδοξίαν
1255 5565 1503 5621 scribunt
1549 5565 1650 5630 τὰς
1693 5567 1919 5622 κακοδο-

349 5637 469 5706 ξίας
503 5638 660 5692 umbo
699 5637 856 5690 codd.
897 5637 1107 5706 Possm.

422 5708 534 5780 (97)
577 5707 718 5763 luter
747 5703 1052 5772 πλεονεξίας
1083 5717 1134 5763 et
1177 5705 1317 5760 κατά
1367 5705 1522 5762 codd.
1558 5703 1678 5762 Vat.
1729 5704 1834 5764 650
1864 5716 1920 5766 et

2025 5569 2135 5646 Alt.
2169 5569 2284 5646 haec
2309 5568 2488 5646 omni}
2519 5565 2802 5646 inserenda
2837 5575 3145 5646 suggerunt,
3194 5565 3336 5646 κατά
3363 5564 3462 5646 τῇς
3493 5565 3602 5646 τῷν

2027 5637 2384 5708 εἱμαρμένην
2418 5631 2559 5690 εἶναι
2604 5636 2870 5708 λεγόντων
2902 5631 3146 5708 ἀλογίας,
3197 5634 3337 5708 κατὰ
3363 5631 3465 5708 τῆς
3492 5635 3599 5692 τῶν

2027 5704 2434 5778 αὗτοματισμδν
2466 5704 2885 5778 φανταζομὲνων
2912 5704 3116 5774 ἀνοίας,
3152 5704 3293 5760 κατά
3325 5720 3374 5760 τ.
3416 5705 3493 5761 ID.
