4078 6438
365 355 500 444 ttat

1257 365 1794 429 EPISTOLARUM
1833 371 1978 428 LIB.
2015 373 2082 428 V.
2105 396 2177 411 -
2202 374 2449 438 EPIST.
2487 377 2748 441 CXXXI.

3489 378 3632 443 1402

359 473 498 537 hiet;
539 476 876 546 χρησμῳδῶν
907 477 968 530 οὐ
1004 479 1358 542 πιστεύεται,
1390 481 1474 544 τίς
1506 483 1534 538 ὁ
1577 483 1708 554 παρ’
1751 483 1940 550 αὐτοῖς

2047 487 2333 560 Evangelio
2359 493 2504 545 danti
2530 474 2846 560 responsum
2872 493 3005 550 ﬂdes
3032 508 3140 550 non
3199 493 3452 559 habetur,
3499 497 3622 564 quis

361 565 860 638 πιστευθησόμενος
879 609 894 630 ,
925 571 1024 624 καὶ
1055 569 1338 625 λυττῶσαν
1363 573 1543 630 αὐτῶν
1585 574 1686 646 τὴν
1719 577 1941 647 μανίαν,

359 659 458 709 καὶ
488 658 681 728 στῆναι
713 661 790 732 μὴ
818 661 1174 734 βουλομένην,
1211 663 1326 716 ἀλλ’
1359 665 1632 736 ὁσημέραι
1663 669 1947 739 ἀργαλεω-

358 749 528 818 τέραν
573 754 872 826 γενομένην
913 755 1210 819 κωλύσων;
1259 757 1454 812 Πολλοὶ
1501 759 1612 831 γὰρ
1661 763 1950 835 ἐπιχειρή-

360 857 559 906 σαντες
579 882 594 906 ,
623 844 868 910 ἐκείνους
903 847 1002 917 μὲν
1029 847 1249 920 ὤνησαν
1296 849 1474 913 οὐδὲν,
1501 852 1730 917 ἑαυτοὺς
1759 854 1816 906 δὲ
1854 871 1953 924 με·

359 933 571 996 γὶστοις
589 933 867 1006 διέπειραν
890 937 966 1008 (5)
991 941 1202 1002 κακοῖς.
1228 939 1352 992 Ὃτι
1371 940 1430 996 δέ
1459 942 1635 996 ἐκεῖσε
1662 945 1952 1014 μεγίστους

361 1022 625 1093 λήψονται
667 1027 967 1098 στεφάνους
991 1067 1007 1094 ,
1042 1028 1156 1097 ἐγὼ
1203 1029 1304 1101 μὲν
1339 1032 1581 1102 ἀκριϐῶς
1611 1029 1729 1092 οἶδα
1751 1051 1764 1066 ·
1813 1037 1863 1090 oi
1895 1037 1952 1092 δὲ

362 1115 666 1187 παχύτεροι
711 1119 820 1174 ἀπὸ
857 1121 966 1176 τῶν
1005 1122 1132 1194 τῇῖε
1177 1123 1480 1194 γινομένων
1523 1125 1616 1178 καὶ
1662 1125 1950 1195 ὲνάγονται

361 1207 444 1266 είς
468 1207 692 1278 ἀρετὴν,
728 1211 823 1264 καὶ
871 1212 1136 1282 φεύγουσι
1171 1215 1268 1283 τὴν
1300 1214 1517 1270 κακίαν.
1569 1217 1721 1276 Ἐπεὶ
1769 1219 1951 1272 τοίνυν

357 1298 522 1351 τοῦτο
554 1299 714 1369 μόνον
757 1303 822 1356 ἐκ
851 1303 959 1356 τῶν
987 1305 1228 1376 ἐλέγχων
1274 1308 1594 1378 περιγέγονε
1619 1349 1634 1374 ,
1662 1311 1724 1364 τὸ
1758 1311 1950 1368 παθεῖν

358 1388 563 1454 ἀδίκως
614 1408 669 1444 τι
719 1391 888 1447 κακὸν
934 1393 1027 1449 τὸν
1089 1397 1633 1469 παρῤησιασάμενον,
1685 1401 1851 1473 μηδὲν
1893 1403 1950 1456 δὲ

357 1479 708 1552 ὠφεληθῆναι
753 1485 878 1549 τοὺς
937 1486 1036 1556 τὴν
1084 1489 1397 1560 συμϐουλὴν
1445 1490 1808 1562 δεξαμένους,
1863 1494 1950 1548 διὰ

356 1569 518 1622 τοῦτο
553 1571 754 1639 μᾶλλον
780 1572 876 1628 νῦν
916 1575 949 1646 ἣ
991 1577 1258 1649 πρότερον
1285 1579 1346 1632 τὸ
1390 1579 1456 1634 τά
1489 1581 1743 1651 βέλτιστα
1771 1583 1950 1653 λέγειν

359 1659 736 1732 φοϐερώτερον
776 1665 1024 1734 γέγονεν.
1064 1668 1127 1721 Ei
1162 1668 1253 1735 δὲ,
1303 1673 1380 1734 ὡς
1407 1675 1550 1743 φὴς,
1583 1675 1727 1739 τινὲς
1769 1676 1948 1732 αὐτῶν

357 1751 455 1804 καὶ
505 1753 845 1822 παραινέτας
887 1756 1166 1828 ζητοῦσιν,
1199 1762 1302 1832 (ού
1351 1763 1460 1834 γὰρ
1510 1764 1711 1828 πάντες
1763 1769 1844 1830 εἰς
1888 1768 1948 1820 τὸ

2053 578 2250 634 habeat.
2287 579 2484 636 iidem?
2515 579 2644 648 Quis
2677 582 3018 640 furibundum
3077 585 3290 640 illorum
3331 586 3624 650 insaniam,

2051 683 2172 738 qua:
2198 670 2449 740 componi
2493 671 2697 738 nequit,
2730 672 2822 727 sed
2872 671 2928 726 in
2979 673 3095 728 dies
3135 673 3307 742 magis
3347 672 3626 741 magisque

2054 759 2354 825 invalescit,
2387 758 2676 814 cohibeat?
2703 759 2851 815 Multi
2883 761 3026 816 enim
3081 761 3130 814 id
3175 762 3355 815 facere
3383 760 3624 830 aggressi

2053 845 2186 900 nihil
2219 855 2398 902 tamen
2442 857 2846 915 promoveruut,
2879 848 3008 916 quin
3053 848 3260 918 seipsos
3310 848 3495 903 multis
3542 849 3625 902 iu-

2053 937 2338 992 volverunt
2371 935 2546 1002 malis,
2579 953 2717 1006 quos
2752 938 3018 1008 equidem
3035 949 3183 992 certo
3211 939 3326 995 scio
3359 939 3625 992 maximas

2053 1028 2105 1082 in
2133 1028 2306 1081 altera
2333 1037 2646 1096 recepturos
2680 1029 2786 1080 vita
2830 1042 3080 1082 coronas.
3115 1027 3216 1095 Qui
3281 1044 3408 1082 vero
3441 1029 3627 1082 rudio-

2055 1134 2138 1173 res
2163 1127 2310 1184 sunt,
2335 1134 2430 1186 per
2459 1134 2544 1184 ea,
2577 1133 2696 1188 qua:
2721 1119 3034 1173 acciderunt
3075 1119 3142 1174 ad
3175 1118 3422 1174 virtutem
3467 1121 3630 1174 indu—.

2051 1223 2246 1266 cuntur
2276 1211 2594 1280 fugiuntque
2642 1211 3068 1279 improbitatem.
3117 1210 3248 1266 Cum
3285 1212 3466 1280 itaque
3523 1212 3624 1266 hoc

2059 1306 2228 1360 solum
2280 1320 2346 1360 ex
2381 1302 2801 1376 reprehensione
2833 1304 3098 1366 evenerit,
3134 1313 3190 1356 ut
3221 1303 3414 1371 injuste
3447 1303 3622 1373 patia-

2055 1408 2139 1452 tur
2165 1396 2365 1467 aliquid
2391 1395 2537 1460 mali,
2557 1397 2646 1466 qui
2673 1395 2892 1451 liberius
2919 1395 3288 1462 reprehendit,
3329 1395 3463 1449 nihil
3496 1409 3627 1450 vero

2055 1489 2322 1552 utilitatis,
2355 1492 2440 1543 cui
2464 1487 2646 1544 datum
2669 1496 2749 1542 est
2779 1488 3089 1551 consilium,
3123 1487 3338 1556 accipit,
3375 1497 3627 1556 propter»

2051 1597 2114 1636 ea
2148 1597 2288 1636 nunc
2325 1583 2502 1649 potius
2541 1595 2700 1650 quam
2743 1587 2900 1632 antea
2955 1579 3154 1648 optima
3205 1576 3389 1630 dicere
3431 1576 3624 1630 terrori

2052 1685 2135 1730 est
2170 1673 2361 1741 magis.
2398 1673 2453 1726 Si
2481 1671 2573 1742 qui
2617 1685 2746 1725 vero
2786 1671 3048 1740 ipsorum,
3081 1678 3135 1722 ut
3169 1667 3384 1734 scribis,
3439 1667 3628 1721 admo-

2059 1768 2261 1820 nitores
2289 1775 2538 1834 quaaruut
2569 1763 2768 1837 (neque
2800 1763 2942 1818 enim
2989 1776 3180 1816 omnes
3217 1763 3270 1814 in
3308 1759 3624 1814 barathrum

356 1839 634 1913 βάραθρον
667 1845 764 1915 τῆς
795 1845 1084 1916 φιλαυτίας
1119 1852 1214 1904 καὶ
1253 1853 1352 1922 τῆς
1384 1855 1583 1919 κακίας
1609 1859 1941 1930 κατηνέχθη-

2047 1859 2170 1914 εξιξεί
2206 1858 2406 1912 amoris
2437 1857 2519 1910 sui
2557 1871 2621 1911 ac
2650 1857 2900 1909 vitiorum
2925 1851 3372 1924 praecipitarunt),
3407 1867 3622 1918 aequum

355 1934 493 2004 σαν)
545 1935 777 1990 ἀκοῦσαι
824 1937 891 1992 ἂν
934 1940 1127 2010 εἴησαν
1164 1943 1398 2010 δίκαιοι,
1449 1945 1529 1998 ὅτι
1577 1948 1808 2018 μάλιστα
1842 1951 1942 2024 μέν

351 2025 496 2081 εἰσιν
539 2028 595 2078 αἱ
643 2025 788 2081 θεῖαι
833 2029 1080 2100 Γραφαὶ,
1119 2027 1208 2098 αἶς
1253 2034 1679 2100 ἀκολουθοῦντες
1721 2039 1780 2092 τὸ
1825 2038 1943 2093 δέον

350 2119 594 2192 γνοίητε.
621 2123 685 2174 Ei
707 2123 766 2176 δὲ
794 2125 888 2178 καὶ
910 2126 1216 2196 συμϐούλου
1245 2129 1442 2196 δεῖσθε,
1469 2131 1747 2186 παύσασθε
1773 2133 1942 2202 δρῶν-

347 2211 492 2274 τεςᾶ
520 2212 706 2282 δρᾶτε,
735 2215 830 2268 καὶ
846 2216 966 2270 τότε
999 2219 1212 2290 ζητεῖτε
1241 2221 1332 2274 τὸν
1367 2223 1722 2294 παραινὲτην,
1761 2225 1942 2279 Ἔτι-ειη

345 2303 448 2356 δάν
481 2305 590 2376 γάρ
622 2305 834 2362 τούτων
863 2307 1172 2382 παύσησθε,
1202 2313 1297 2366 καὶ
1335 2315 1436 2386 τὴν
1464 2314 1560 2370 τοῦ
1587 2317 1656 2370 τὰ
1691 2316 1944 2388 βέλτιστα

343 2395 536 2464 λέγειν
571 2399 691 2460 ὁδὸν
726 2403 1186 2478 κατασκευάσητε
1226 2406 1482 2478 ἀσφαλῆ,
1517 2411 1822 2478 τηνικαῦτα
1849 2410 1942 2466 τὸν

347 2489 797 2560 συμϐουλεύοντα
827 2494 905 2563 (6)
953 2495 1023 2550 τὰ
1061 2497 1252 2552 δέοντα
1281 2498 1516 2570 ζητεῖτε.
1551 2502 1687 2573 Πρὶν
1716 2501 1772 2556 δέ
1804 2479 1942 2556 «ita-

343 2585 526 2654 σησθε
553 2627 568 2650 ,
614 2585 688 2657 μὴ
720 2587 934 2656 ζητεῖτε
965 2630 979 2654 ,
1023 2589 1107 2652 τίς
1155 2591 1282 2661 ὑμῖν
1321 2593 1533 2664 φράσας
1584 2595 1653 2648 τά
1680 2595 1942 2650 κάλλιστα

343 2675 444 2743 ὑφ’
471 2675 624 2746 ὑμῶν
659 2679 1138 2751 ἐξοστρακισθῆναι
1169 2682 1408 2753 θελήσει·
1433 2687 1496 2738 ού
1520 2686 1628 2756 γὰρ
1654 2687 1939 2757 εὑρήσετε.

343 2766 541 2822 Ταῦτα
565 2767 622 2822 δὲ
651 2769 878 2840 γράφω.
909 2773 1008 2842 οὐχ
1036 2772 1112 2837 ὡς
1133 2773 1318 2838 δεδιώς
1345 2793 1401 2829 τι
1435 2775 1630 2832 παθεῖν
1659 2776 1896 2830 ἐνταῦθα
1916 2819 1934 2843 ,

347 2859 366 2927 (
388 2857 565 2911 πολλὰ
594 2858 703 2932 γὰρ
732 2860 925 2917 τούτου
954 2862 1117 2918 ἕνεκα
1142 2903 1158 2928 ,
1189 2865 1264 2930 ὡς
1312 2861 1494 2933 οἶσθα,
1528 2867 1810 2940 πέπονθα)
1847 2868 1942 2923 καὶ

342 2943 510 3008 εἷπον
564 2947 642 3019 τῷ
705 2951 1202 3008 κατασκευάσαντι·
1273 2975 1290 3007 ι
1359 2957 1773 3026 Ἐστεφάνωσας
1842 2960 1943 3030 οὐχ

343 3037 516 3096 ἑκών·
555 3057 575 3092 ι
609 3041 777 3111 κάμοὶ
799 3041 908 3112 γὰρ
942 3061 961 3094 ι
999 3045 1293 3116 ἐχαρίσατο
1313 3048 1342 3100 ὁ
1370 3045 1501 3110 Θεὸς
1541 3067 1560 3100 ι
1593 3048 1654 3101 οὐ
1692 3049 1852 3118 μόνον
1881 3049 1943 3104 τὺ

350 3150 372 3186 σ
423 3133 504 3194 εἰς
527 3132 688 3186 αὑτὸν
725 3133 1026 3203 πιστεύειν,
1069 3137 1206 3190 ἀλλὰ
1237 3139 1333 3192 καὶ⁹
1370 3139 1432 3192 τὸ
1467 3139 1609 3211 ὑπὲρ
1635 3141 1796 3195 αὐτοῦ
1830 3143 1936 3196 πά-

2049 1948 2214 2002 fnerit
2261 1948 2482 2002 obedire
2538 1963 2602 2000 ac
2655 1947 2879 2000 credere
2939 1945 3172 1999 maxime
3235 1957 3356 1997 esse
3411 1957 3622 1996 sacram

2049 2037 2382 2106 Svt'ipturain
2434 2037 2802 2104 sequendan‘i,
2866 2045 2924 2088 ut
2980 2045 3186 2100 aequum
3254 2031 3618 2102 cognoscatis.

2046 2129 2200 2204 Quod
2237 2129 2282 2184 si
2304 2129 2535 2184 consilio
2563 2127 2835 2198 indigetis,
2871 2127 3102 2181 desinite
3135 2124 3262 2179 talia
3296 2134 3534 2192 patrare,
3567 2133 3622 2178 et

2049 2237 2174 2277 tunc
2203 2221 2524 2291 investigate
2567 2220 2898 2275 hortantem.
2936 2217 3037 2276 Ubi
3069 2233 3198 2272 vero
3227 2217 3297 2272 ab
3332 2217 3398 2270 iis
3452 2215 3620 2270 absti-

2049 2315 2244 2370 nebitis
2279 2314 2444 2378 vitiis,
2486 2324 2542 2368 et
2575 2321 2690 2368 tuto
2717 2313 2922 2381 optima
2959 2309 3208 2366 suadenti
3242 2309 3382 2364 viam
3411 2317 3621 2364 sterne-

2047 2402 2134 2466 tis,
2171 2413 2298 2455 tunc
2325 2413 2469 2456 recte
2493 2409 2800 2455 monentem
2830 2402 3076 2467 quaerite.
3111 2401 3251 2454 Ante
3287 2413 3420 2453 vero
3452 2413 3618 2467 quam

2045 2493 2290 2560 cessetis,
2317 2493 2480 2547 nolite
2501 2507 2745 2562 quaerere
2765 2493 2888 2560 quis
2917 2491 3069 2546 vobis
3095 2491 3294 2560 optima
3319 2503 3616 2558 suggerens

2043 2584 2282 2653 ablegari
2313 2599 2344 2638 a
2396 2585 2550 2638 vobis
2575 2581 2741 2648 volet,
2774 2598 2950 2650 neque
2979 2582 3126 2637 enim
3164 2579 3464 2652 reperietis.
3495 2579 3621 2634 llicc

2043 2675 2241 2741 scribo,
2295 2690 2401 2729 non
2451 2673 2751 2728 formidans
2799 2673 2887 2728 hic
2937 2671 3136 2742 aliquid
3196 2673 3400 2742 perpeti
3431 2671 3620 2741 (multa

2043 2769 2186 2820 enim
2237 2767 2396 2836 hujus
2435 2769 2650 2836 gratia,
2691 2774 2750 2820 ut
2803 2765 2992 2831 nostis,
3041 2780 3158 2818 sum
3198 2769 3526 2834 perpessus),
3568 2773 3622 2817 et

2045 2858 2152 2912 dixi
2177 2857 2416 2912 adornati
2447 2859 2462 2911 i
2501 2879 2512 2912 :
2545 2874 2562 2907 ι
2589 2856 2874 2910 Coronasti
2908 2872 3011 2910 non
3045 2857 3251 2912 volens.
3284 2873 3302 2906 ι
3328 2855 3452 2908 Mihi
3477 2857 3620 2909 enim

2050 2965 2069 3000 ι
2095 2949 2364 3002 concessit
2393 2947 2552 3012 Deus,
2579 2965 2598 2998 ι
2621 2964 2728 3002 non
2749 2957 2957 3001 tantum
2981 2967 3000 2998 ι
3027 2956 3083 3000 ιιι
3103 2947 3154 3000 in
3178 2946 3350 3017 ipsmn
3381 2946 3620 3013 credam,

2044 3039 2135 3092 sed
2165 3039 2324 3093 etiam
2369 3050 2424 3092 ut
2451 3055 2545 3108 pro
2576 3040 2692 3107 ipso
2723 3039 2897 3108 patiar
2933 3059 2946 3094 :
2980 3057 3000 3090 ι
3037 3052 3166 3092 veru
3192 3057 3220 3088 ιι
3259 3037 3515 3091 oblat-are
3559 3051 3621 3090 os

2047 3128 2230 3182 volens
2251 3129 2336 3193 iis,
2352 3129 2440 3197 qui
2465 3129 2740 3198 linguntse
2759 3127 3040 3182 censilium
3063 3135 3264 3197 petere,
3283 3139 3387 3178 non
3409 3133 3466 3177 ut
3489 3139 3618 3175 con-

344 3237 525 3291 σχειν·
582 3240 602 3274 ι
669 3221 785 3275 ἀλλ’
856 3225 1102 3289 ἐκείνους
1157 3229 1508 3300 ἐπιστομίσαι
1577 3230 1934 3302 βουλόμενος,

2047 3221 2220 3275 silium
2245 3219 2534 3288 accipiant,
2568 3224 2662 3275 sed
2705 3230 2762 3273 ut
2795 3219 3086 3288 decipiant.
3121 3217 3274 3284 Quod
3303 3226 3480 3269 autem
3521 3215 3624 3270 hoc

339 3311 478 3373 τοὺς
509 3313 1006 3383 προσποιουμένους
1035 3314 1336 3386 σύμϐουλον
1377 3320 1582 3390 ζητεῖν,
1621 3322 1719 3392 οὐχ
1750 3323 1836 3376 ἵνα
1859 3323 1936 3394 (7)

343 3403 848 3474 συμὼυλευθῶσιν,
895 3405 1010 3461 ἀλλ’
1035 3407 1120 3461 ἵνα
1155 3410 1633 3468 ὲπιϐουλεύσωσιν.
1663 3411 1788 3469 Ὀτι
1829 3415 1938 3487 γὰρ

342 3495 410 3548 οὑ
469 3495 640 3562 φόϐου
681 3494 868 3552 ἐνεκεν
913 3497 1092 3557 ταῦτα
1145 3500 1430 3572 γέγραφα,
1475 3503 1826 3558 άκουέτωσαν
1885 3507 1936 3558 oi

335 3585 584 3641 τοιοῦτοι
616 3586 720 3658 (ὅτι
769 3588 929 3658 ὑμεῖς
961 3588 1028 3643 δι’
1057 3584 1135 3646 ὧν
1167 3593 1464 3662 πράττετε,
1498 3595 1593 3647 καὶ
1620 3595 1746 3660 τοὺς
1772 3595 1938 3668 ἀρχοε-

341 3677 546 3748 μένους
586 3680 665 3740 είς
707 3679 908 3738 κακίαν
942 3689 1336 3754 χειραγωγεῖτε
1359 3725 1374 3751 ,
1413 3685 1507 3738 καὶ
1532 3684 1727 3758 διπλῆν
1759 3704 1934 3757 τιμω-

343 3771 474 3841 ρίαν
516 3770 781 3841 ὑφέξετε)
823 3773 906 3826 ὅτι
941 3790 1001 3827 τε
1031 3773 1108 3846 μὴ
1146 3777 1209 3829 τὸ
1233 3774 1351 3834 δέον
1397 3776 1673 3848 ἐπράξατε
1697 3819 1712 3842 ,
1749 3779 1832 3832 ὅτι
1875 3794 1934 3831 τε

339 3859 746 3914 ὑπεσκελίσατε
794 3863 924 3926 τοὺς
969 3863 1212 3934 σωθῆναι
1243 3865 1576 3936 δυναμένους
1621 3867 1708 3933 ἂν,
1755 3869 1805 3920 εί
1860 3866 1934 3940 μὴ

339 3952 482 4022 παρ’
529 3948 683 4020 ὑμῶν
725 3951 1254 4024 ἐσκανδαλίσθησαν.
1309 3955 1602 4016 Παύσασθε
1633 3955 1926 4027 τοιγαροῦν

337 4039 576 4097 τοιαῦτα
604 4041 843 4114 δρῶντες
867 4082 882 4108 ,
907 4043 943 4099 ἃ.
977 4045 1096 4100 οὐδὲ
1118 4047 1168 4100 οἱ
1199 4047 1386 4118 ἐχθροὶ
1413 4047 1510 4102 τού
1534 4045 1775 4120 Χριστοῦ
1797 4046 1936 4118 πρὸς

341 4133 702 4206 βλασφημίαν
735 4133 829 4190 τοῦ
858 4137 1122 4208 ὀνόματος
1150 4137 1318 4192 αὑτοῦ
1344 4140 1566 4212 δρῶσιν.
1606 4140 1845 4201 Σϐέσατε
1875 4144 1936 4199 τὸ

339 4224 442 4277 ἐπὶ
469 4223 544 4293 τῷ
569 4225 862 4296 προεδρίας
890 4227 1160 4296 ἠξιῶσθαι
1176 4229 1329 4300 παρὰ
1344 4231 1470 4294 τοὺς
1489 4231 1720 4298 πολλοὺς
1739 4235 1931 4306 οἴημω

341 4314 768 4386 χαλάσαι-ε’τὺν
796 4317 988 4389 τύφειν⁹
1024 4321 1417 4378 κατασπάσατε
1465 4322 1564 4393 τὴν
1609 4325 1805 4398 ὀφρὺν,
1846 4329 1935 4381 ἐν·

340 4409 600 4477 νοήσατε,
633 4409 714 4467 ὅτι
741 4408 818 4479 γῆ
840 4411 964 4466 ἐστε
993 4411 1090 4466 καί
1116 4412 1362 4478 σποδός·
1403 4415 1713 4488 σκοπήσατε
1739 4418 1801 4472 τὸ
1830 4419 1936 4490 πρὸ

344 4500 599 4572 βραχέος,
627 4503 721 4556 καὶ
745 4495 805 4558 τὸ
835 4503 972 4572 μετὰ
995 4503 1192 4576 βραχύ.
1231 4505 1531 4574 Ἐπίγνωτε
1563 4508 1693 4572 τοὺς
1723 4509 1936 4566 ἑαυτῶν

339 4593 456 4648 ἀπὸ
486 4593 590 4662 τῆς
605 4593 806 4665 ἀρετῆς
837 4595 1112 4665 ἀμείνους·
1137 4597 1213 4668 μὴ
1239 4599 1352 4661 τοῖς
1371 4597 1558 4662 ὅπλοις
1585 4599 1682 4670 τῆς
1717 4601 1938 4670 ἱερωσύ-

337 4703 446 4754 νης
469 4685 592 4738 κατ’
626 4685 797 4758 αὐτῆς
828 4687 929 4758 τῆς
959 4687 1258 4759 ἱερωσύνης
1286 4689 1557 4760 χρήσεσθε
1580 4709 1596 4723 ο
1629 4690 1706 4762 μὴ
1737 4693 1817 4756 είς
1843 4693 1932 4747 τὸν

335 4776 449 4844 τῆς
465 4778 606 4848 ακτη
617 4777 852 4848 μοσύνης
870 4777 1339 4851 χρηματιζόμενοι
1361 4783 1732 4854 παροινήσατε
1760 4783 1836 4854 (8)
1857 4784 1939 4838 δι-

2047 3327 2155 3366 non
2181 3322 2358 3366 metus
2387 3325 2551 3366 causa
2588 3311 2921 3382 scripserim,
2971 3311 3069 3378 ipsi
3115 3309 3271 3364 velim
3319 3307 3626 3376 intelligant

2047 3402 2210 3476 [quod
2257 3417 2352 3457 vos
2395 3413 2615 3472 propter
2655 3419 2717 3458 ea
2762 3418 2880 3472 quae
2932 3403 3130 3467 facitis,
3183 3409 3240 3456 et
3271 3402 3515 3456 subditos
3549 3402 3618 3455 ad

2043 3507 2244 3563 malum
2280 3508 2592 3578 perducitis,
2621 3516 2674 3563 et
2704 3507 2969 3578 duplicem
3013 3507 3329 3578 persolvetis
3377 3507 3619 3581 ptenam]

2043 3601 2184 3668 quod
2215 3612 2411 3666 neque,
2447 3598 2591 3667 quod
2633 3593 2894 3669 epo'rtuit,
2941 3598 3170 3662 fecistis,
3213 3607 3268 3654 et
3299 3600 3614 3669 supplanta-

2042 3695 2139 3750 stis
2170 3707 2286 3762 cos,
2314 3693 2407 3763 qui
2433 3693 2629 3748 salvari
2665 3693 2878 3760 quidem
2906 3699 3178 3763 poterant,
3223 3694 3326 3748 nisi
3361 3709 3456 3748 vos
3491 3694 3624 3762 ipsis

2041 3783 2298 3840 seandalo
2342 3781 2598 3839 fuissetis.
2653 3784 3014 3856 Supersedete
3075 3785 3258 3854 itaque
3296 3785 3425 3838 talia
3472 3799 3620 3839 com-

2041 3877 2275 3944 mittere,
2309 3889 2432 3946 qua:
2455 3889 2522 3931 ne
2559 3875 2762 3933 Christi
2793 3879 3011 3947 quidem
3043 3877 3250 3942 hostes,
3277 3878 3344 3932 ad
3380 3877 3620 3933 nominis

2039 3976 2156 4044 ejus
2188 3975 2577 4044 blasphemiam
2609 3975 2970 4032 committant.
2991 3975 3192 4032 Tollite
3223 3977 3292 4033 de
3321 3978 3499 4034 medio
3535 3992 3627 4034 ve-

2040 4068 2141 4123 stri
2173 4082 2336 4137 super
2364 4067 2472 4122 loci
2495 4067 2850 4138 prterogativa
2880 4083 2946 4123 ac
2969 4067 3282 4138 dignatione
3303 4077 3622 4137 omiccptam

2042 4157 2184 4228 apud
2213 4156 2412 4212 multos
2429 4158 2614 4212 animo
2645 4156 2980 4225 opinionem.
3011 4154 3398 4224 Arrogantiam
3446 4151 3622 4208 refre-

2042 4258 2200 4312 nate;
2223 4245 2494 4316 supercilii
2524 4243 2724 4300 fastum
2746 4242 3017 4312 deponite.
3045 4239 3242 4296 Veniat
3273 4240 3328 4294 in
3358 4249 3618 4302 mentem,

2041 4339 2184 4408 quod
2207 4337 2328 4400 sitis
2355 4336 2525 4406 pulvis
2541 4346 2588 4390 et
2621 4335 2756 4390 cinis
2791 4336 2858 4388 ⁸ο.
2888 4333 3243 4389 Considerate
3272 4332 3416 4401 quod
3458 4331 3620 4398 paulo

2041 4439 2166 4479 ante
2195 4423 2400 4489 fuistis,
2433 4433 2488 4478 et
2516 4423 2676 4493 paulo
2698 4431 2820 4493 post
2837 4422 3010 4477 eritis.
3036 4419 3362 4491 Coguoscite
3393 4419 3615 4488 quinam

2045 4525 2281 4570 vestrum
2307 4515 2507 4570 virtute
2541 4522 2832 4584 prastent;
2863 4512 3032 4567 nolite
3067 4509 3412 4567 sacerdotum
3447 4512 3619 4566 armis

2042 4617 2229 4664 contra
2261 4607 2624 4663 sacerdotium
2656 4607 2830 4673 abuti,
2875 4620 3008 4662 neve
3043 4605 3095 4660 in
3135 4605 3474 4675 paupertatis
3501 4618 3621 4656 nia-

2040 4700 2266 4769 gistrum
2293 4699 2522 4768 quaestui
2553 4699 2928 4756 incumbentes
2963 4697 3402 4754 debacchemini.
3441 4692 3622 4751 Nolite

2037 4804 2134 4857 pro
2167 4785 2367 4842 fabulis
2399 4787 2618 4851 ducere,
2647 4802 2765 4858 qua‘
2789 4788 3099 4857 evangelica
3128 4787 3458 4855 cognovistis
3487 4801 3621 4856 prte-

337 4864 638 4921 δᾶισκαλον.
671 4867 761 4941 Μὴ
798 4869 1000 4940 μύθους
1031 4871 1253 4942 ἡγεῖσθε
1279 4872 1404 4936 τοὺς
1437 4873 1776 4944 ἐπᾳσθέντας
1809 4876 1938 4947 ὑμῖν

2052 4886 2224 4946 opta;
2257 4879 2423 4932 nolite
2455 4880 2770 4936 existimare
2795 4891 3074 4950 peccatum
3104 4879 3329 4949 relinqui
3367 4879 3610 4948 impuni-

345 4955 750 5024 εὐαγγελικοὺς
788 4957 1012 5028 λόγους·
1061 4963 1136 5032 μὴ
1165 4963 1414 5032 νομίζετε
1447 4963 1784 5035 ἁμαρτάνειν
1817 4968 1938 5021 άτι-

2057 4985 2164 5034 ιιιιι,
2203 4967 2365 5040 593
2410 4967 2578 5024 Deum
2614 4969 2866 5038 injustum
2902 4984 3026 5024 esse
3055 4984 3122 5024 ne
3164 4967 3386 5034 putetis.
3438 4981 3621 5036 neque

349 5046 603 5119 μωρητίο
640 5049 716 5120 μὴ
751 5050 814 5104 τὸ
845 5050 989 5105 θετον
1016 5052 1202 5108 ἄδικον
1233 5049 1372 5108 εἶναι
1406 5055 1690 5128 νομίσητε·
1726 5055 1802 5129 μὴ
1843 5057 1936 5112 τὸν

2047 5059 2352 5116 hallucinari
2407 5075 2583 5130 neque
2607 5061 2862 5117 caecutite
2895 5059 3064 5116 Deum
3087 5059 3270 5116 omnia
3303 5059 3606 5114 intuentern

343 5139 748 5212 παντεπόπτην
774 5141 913 5198 Θεὸν
939 5145 1190 5218 παρορᾷν
1220 5144 1480 5222 ρίηθῆτε.
1511 5147 1604 5224 Μὴ
1657 5147 1789 5212 τοὺς
1831 5147 1950 5219 φιλ-

423 5290 471 5323 ¹⁶
511 5291 648 5348 Gen.
688 5307 772 5360 ιιι,
811 5293 895 5361 l9,

2056 5151 2414 5216 arbitremini.
2451 5149 2650 5208 Virtuti
2686 5151 2896 5209 deditos
2927 5151 3096 5209 nolite
3137 5151 3407 5223 ablegare.
3431 5147 3620 5205 Omni-

1343 5413 1361 5427 '
1445 5409 1682 5470 VARIE
1719 5412 2113 5474 LECTIONES
2153 5416 2239 5472 ET
2271 5415 2507 5475 ΝΟΤιΕ.

519 5555 982 5682 Ιξέἒωειέτηιρᾳν
1024 5572 1251 5636 uterque
1303 5565 1422 5622 cod.
1476 5563 1604 5636 legit
1649 5568 1930 5639 περιέπει·

428 5696 506 5766 (6)
550 5697 658 5778 Pro
692 5699 1126 5778 συμϐουλεύοντα
1161 5705 1324 5767 iidem
1363 5705 1560 5778 habent
1591 5706 1928 5778 συμϐουλεύ-

355 5782 520 5836 σοντα
549 5767 601 5820 ιιι
637 5767 832 5824 futuro.
865 5768 942 5838 In,
1105 5767 1108 5771 ’
1463 5769 1484 5791 ⁴

2109 5571 2186 5640 (7)
2223 5570 2326 5644 P_ro
2359 5573 2460 5644 οὐχ
2492 5573 2580 5626 ἵνα
2613 5572 2774 5644 iidem
2813 5571 3015 5644 addunt
3041 5567 3258 5644 ptipln.

2108 5633 2186 5712 (8)
2230 5641 2348 5764 ιΡιῸ
2406 5633 2776 5714 παροινήσατε
2831 5639 2988 5697 iidem
3042 5633 3295 5695 'sc'ribunt
3346 5633 3611 5708 παροινή·

2037 5729 2187 5784 σητε.
2252 5727 2305 5765 ιι.
