4078 6412
606 358 746 428 1403
1825 358 1887 418 S.
1921 355 2216 418 ISIDORI

2216 355 2219 362 ⁷
2257 353 2705 421 PELUSIOTIE
3716 359 3826 427 1404

606 478 706 530 hns
734 480 1021 542 coopertos
1047 469 1265 540 ﬂagitiis
1291 484 1363 525 ne
1393 467 1582 539 plausu
1623 466 1815 538 dignos
1837 467 2180 522 existimetis.
2215 519 2216 527 χ

2215 470 2259 529 Α
2288 462 2517 535 αρέτους
2547 462 2995 535 ἑξοστρακίσητε·
3014 462 3089 536 μὴ
3110 464 3234 528 τοὺς
3260 465 3440 519 πᾶσαν
3467 465 3725 534 μετ-,ὄντας
3745 489 3825 526 κα-

603 564 879 620 Juventnti
901 563 1194 618 formandae
1215 569 1426 626 cavete,
1452 574 1519 615 ne
1541 559 1820 628 improbos
1840 557 2187 627 prmilciatis;

2296 555 2425 609 κίαν
2465 558 2908 627 συγκροτησητεο
2944 556 3019 627 μὴ
3064 554 3518 627 παιδοτρισήσητε
3549 559 3663 622 τοὺς
3690 562 3827 631 ὁρῶν.

609 656 776 710 nolite
812 655 1051 724 abjicere
1089 667 1205 719 eos,
1242 652 1334 722 qui
1358 651 1453 707 Dei
1490 649 1708 705 adducti
1749 648 1867 704 zelo
1899 647 2069 703 libere
2097 662 2191 701 vc-

2296 661 2397 709 τας
2424 646 2501 710 είς
2538 646 2760 698 κακίανο
2796 644 2872 716 μὴ
2914 644 3144 716 σϐἐσητε
3174 644 3281 700 τῶν
3310 645 3440 714 θείῳ
3471 644 3612 717 ζήλῳ
3638 650 3830 719 ἐχόντων

608 761 728 800 rum
763 746 1138 815 pronuntiant.
1165 745 1305 800 Aliis
1326 745 1587 799 damnum
1620 740 1817 798 all‘erre
1848 741 2092 813 l‘ugitote,
2124 757 2194 796 ne

2296 735 2398 805 τὴν
2442 735 2777 807 παρρησίαν·
2818 734 2894 805 μὴ
2939 734 3038 799 τὰς
3087 734 3375 807 ἀλλοτρίας
3424 739 3830 808 πραγματεύεσθε

614 835 923 902 honestum,
957 835 1100 903 quod
1129 836 1294 890 verbo
1331 833 1590 898 laudatis,
1617 847 1781 901 opere
1816 833 1934 902 ipso
1968 832 2191 887 inhono-

2305 827 2612 898 συμφοράς·
2670 828 2744 899 μὴ
2797 826 2945 897 λόγῳ
2999 829 3062 882 τὸ
3108 827 3226 882 δέον
3274 828 3673 900 ὑποτιθέμενοι,
3719 832 3832 903 ἔργῳ

612 926 762 979 retis.
796 924 901 980 Sed
934 927 1062 995 quid
1088 926 1334 997 pluribus
1362 935 1441 980 est
1472 938 1629 993 opus,
1664 940 1786 979 cum
1820 925 1935 978 haec
1958 939 2065 978 non
2094 925 2193 978 ad-

2289 918 2448 972 τοῦτο
2471 917 2775 991 ἀτιμάσητε
2796 961 2811 985 ,
2850 918 2987 972 ἀλλᾶ
3015 920 3066 974 τί
3101 919 3208 992 χρὴ
3238 922 3518 991 μηκύνειν,
3550 922 3639 974 καὶ
3669 923 3832 977 τούτων

614 1019 832 1071 modum
866 1018 1232 1087 impudentem
1254 1026 1457 1087 queant
1485 1016 1769 1071 emollire?
1796 1017 1982 1072 Finem
2014 1017 2197 1086 itaque

2297 1010 2501 1064 ἱκανῶν
2533 1009 2702 1064 ὄντων
2730 1012 2858 1074 τοὺς
2894 1010 2970 1083 μὴ
3002 1010 3125 1066 λίαν
3170 1012 3513 1083 ἀναισθήτως
3539 1013 3737 1082 ἔχοντας
3757 1033 3833 1070 κι-

611 1110 773 1175 Iacio,
805 1110 971 1164 Deum
1017 1111 1118 1164 rite
1147 1120 1425 1181 precatus,
1459 1118 1515 1164 ut
1552 1111 1692 1165 hanc
1726 1108 1877 1165 vobis
1901 1107 2197 1165 salutarem

2295 1102 2653 1169 τατοξεῢσαις
2689 1104 2892 1175 Διόπερ
2934 1106 3286 1176 παυσάμενος
3319 1104 3411 1158 ἐπὶ
3457 1106 3612 1174 σιγὴν
3641 1107 3708 1175 (9)
3736 1109 3829 1178 τρέ-

613 1216 733 1257 esse
759 1202 1041 1273 epistolam
1071 1202 1327 1273 patiatur.

2299 1194 2492 1265 ψομαι,
2528 1195 2793 1267 ἀνύσιμον
2816 1197 2965 1250 τουτὶ
2988 1196 3239 1266 γενέσθαι
3268 1198 3328 1252 τὸ
3355 1197 3588 1273 γράμμα
3606 1240 3620 1266 ,
3642 1200 3696 1254 τὸ
3712 1200 3823 1257 Θεῐον

1656 1337 1661 1341 ,
2304 1285 2616 1342 ἀντιϐολῶν.

852 1399 1114 1456 CXXXII.
1140 1429 1212 1441 —
1242 1399 1584 1456 PALLADIO
1626 1398 1946 1456 DIACONO.

2582 1398 2753 1453 PAB'.
2788 1428 2856 1437 —
2890 1398 3242 1470 ΠΑΛΛΛΔΙῼ
3286 1397 3610 1470 ΔΙΑΚΟΝῼ,

969 1494 1047 1549 De
1084 1493 1178 1548 illo
1216 1495 1482 1549 consultus
1512 1508 1530 1547 :
1562 1492 1761 1549 Sancta
1790 1510 1853 1549 ne
1894 1494 2135 1559 canibus,
2158 1502 2295 1557 etc.,
2326 1492 2518 1546 Matth.
2561 1507 2658 1559 vit,
2686 1493 2742 1558 θ,
2778 1490 2998 1561 indigno
3021 1502 3171 1561 negat
3213 1506 3538 1560 responsum.

684 1606 763 1659 Ad
795 1604 844 1659 id
872 1604 1013 1674 quod
1042 1602 1237 1658 scribis
1268 1602 1443 1658 habeo
1473 1602 1614 1673 quod
1642 1602 1840 1668 dicam,
1862 1601 1993 1655 nihil
2013 1610 2191 1654 autem

2376 1600 2510 1672 Περὶ⁵
2539 1593 2599 1654 οὗ
2630 1599 2915 1670 γέγραφας
2939 1640 2952 1663 ,
2990 1598 3100 1669 ἔχω
3148 1600 3247 1669 μὲν
3278 1601 3453 1654 εἰπεῖν
3473 1618 3486 1630 ·
3523 1600 3602 1653 σοὶ
3636 1600 3676 1654 δ’
3701 1602 3829 1659 εἰπεῖν

624 1701 687 1752 ad
715 1707 787 1764 te,
819 1698 910 1751 Dei
949 1696 1094 1749 dicto
1123 1697 1381 1759 audiens,
1411 1694 1647 1764 jubenti,
1684 1712 1703 1745 ι
1740 1693 1938 1747 Sancta
1975 1690 2199 1746 canibus

2239 1749 2277 1764 ﬁ
2304 1693 2404 1747 οὐκ
2438 1691 2565 1763 ἔχω,
2596 1691 2726 1761 θείῳ
2757 1690 3083 1761 πειθόμενος
3111 1690 3349 1763 χρησμῷ
3380 1691 3834 1764 παρακελευομένῳ,

623 1801 729 1839 non
762 1783 1085 1849 obiicienda.
1123 1802 1141 1835 ι
1176 1782 1326 1848 Quod
1360 1783 1404 1836 si
1437 1796 1630 1836 canum
1668 1781 1872 1834 rabiem
1910 1778 2201 1848 depuleris,

2238 1749 2277 1803 Β
2316 1804 2335 1835 ι
2369 1749 2624 1854 Μὴσθᾶιτε
2667 1749 2735 1835 «:3.
2766 1780 2898 1851 ἅγια
2921 1749 3275 1844 ’τοϊςκύσίν-
3302 1749 3333 1834 ι.
3368 1756 3433 1835 Ei
3459 1749 3533 1835 ’δὲ
3574 1781 3672 1835 τῶν

627 1886 683 1928 et
730 1875 981 1929 humanae
1029 1874 1223 1929 indolis
1251 1888 1315 1928 ac
1355 1873 1706 1943 benignitatis
1749 1872 2022 1942 specimen
2050 1870 2205 1925 exhi-

2311 1877 2411 1947 τὴν
2439 1874 2641 1929 λύσσαν
2683 1872 3047 1943 ἀποτρίψαιο,
3081 1875 3175 1928 καὶ
3222 1876 3322 1946 τῆς
3353 1875 3686 1947 ἀνθρωπίνης
3716 1876 3839 1943 εὖγε-

621 1964 830 2031 bueris,
848 1965 1010 2020 etiam
1024 1980 1128 2019 non
1145 1964 1504 2033 interroganti
1531 1964 1888 2033 respondebo,
1909 1963 2208 2019 mutatione

2312 1967 2461 2030 νείας
2506 1965 2605 2037 τὴν
2648 1966 2935 2037 πραότητα
2977 1965 3315 2033 ἐπιδείξαιο,
3348 1967 3443 2020 καὶ
3497 1966 3570 2037 μὴ
3615 1965 3838 2038 ἐρωτῶντι

622 2074 729 2112 non
759 2067 866 2111 tam
889 2058 1077 2113 forma:
1105 2073 1267 2128 quam
1298 2072 1510 2112 morum
1532 2056 1849 2111 delectatus.

2315 2058 2539 2128 φράσω,
2575 2058 2639 2128 τῇ
2668 2054 2936 2128 μεταϐολῇ
2970 2055 3031 2109 οὐ
3063 2056 3161 2127 τῆς
3194 2059 3413 2128 μορφῆς
3434 2097 3451 2124 ,
3483 2057 3611 2111 ἀλλὰ
3636 2056 3731 2111 τῶν
3748 2058 3841 2128 τῴ-

2304 2167 2420 2204 πων
2449 2148 2655 2220 ἡσθείς.

786 2256 1072 2314 cxxxut.
1101 2286 1174 2298 -
1209 2237 1508 2315 onmno
1554 2254 2035 2314 GRAMMATICO.

2024 2297 2035 2312 .
2562 2260 2731 2315 ΡΑΓσ.
2765 2289 2837 2300 -
2873 2259 3119 2331 nosam
3157 2259 3634 2331 ΓΡΑΜΜΑΤΙΚῼ.

1955 2349 2031 2405 De
2067 2350 2204 2423 ctylo
2230 2352 2522 2424 epistulari.

695 2458 965 2528 Epistolas
1026 2459 1298 2514 scribendi
1352 2459 1635 2513 character
1691 2474 1797 2512 non
1847 2459 2074 2514 omnino
2135 2462 2208 2515 sit

2400 2461 2468 2515 '0
2488 2460 2893 2533 ὲπιστολιμαίος
2918 2459 3204 2533 χαρακτὴρ
3230 2461 3368 2534 (10),
3399 2464 3534 2535 μήτε
3556 2463 3839 2518 παντάπασιν

622 2568 820 2623 expers
849 2552 1131 2623 elegantia:
1156 2562 1318 2623 atque
1346 2562 1595 2616 ornatus,
1615 2567 1786 2623 neque
1819 2552 1980 2608 nimis
1998 2552 2210 2608 dicendi

2317 2553 2630 2625 ἀκόσμητος
2657 2554 2818 2614 ἔστω.
2853 2555 2993 2625 μήτε
3020 2552 3127 2626 μὴν
3157 2556 3236 2618 είς
3264 2554 3463 2627 θρύψιν
3488 2559 3838 2628 κεκοσμημένος

626 2646 853 2701 mollitie
896 2660 961 2700 ac
999 2645 1216 2700 deliciis
1260 2655 1571 2701 enervatus.
1627 2645 1759 2700 Illud
1803 2646 1947 2701 enim
1977 2645 2209 2715 simplex

2317 2644 2351 2716 ἢ
2381 2647 2615 2717 τρυφήν.
2648 2645 2722 2699 Τὸ
2760 2645 2859 2716 μὲν
2893 2645 3004 2717 γὰρ
3048 2645 3290 2712 εὐτελὲς,
3318 2648 3383 2702 τὸ
3412 2647 3468 2700 δὲ
3515 2648 3834 2721 ἀπειρόκαλον·

625 2753 690 2793 ac
725 2747 916 2792 tenue:
941 2737 1040 2793 hoc
1066 2752 1197 2792 vero
1218 2737 1458 2805 ineptum
1483 2744 1599 2804 est;
1626 2746 1682 2792 at
1703 2738 1981 2792 moderate
2001 2737 2207 2802 ornari,

2317 2737 2377 2791 τὸ
2417 2737 2474 2792 δὲ
2528 2739 2766 2810 μετρίως
2807 2738 3220 2810 κεκοσμῆσθαι,
3256 2741 3520 2813 καὶπρὸς
3550 2743 3737 2814 χρείαν,
3773 2741 3839 2795 καὶ

625 2844 747 2884 cum
781 2830 847 2887 ad
880 2845 1057 2895 usum,
1090 2839 1201 2884 tum
1229 2830 1296 2883 ad
1329 2839 1668 2886 venustatem
1696 2829 1914 2886 suilloit.

1274 2830 1296 2883 1
1329 2839 1668 2886 venustatem
1696 2829 1914 2886 suilloit.
2319 2834 2454 2904 πρὸς
2483 2834 2681 2898 κάλλος
2708 2834 2884 2905 ἀρκεῖι

912 2959 1204 3016 CXXXIV.
1229 2991 1299 3000 —
1327 2958 1541 3015 ΜΕΝᾹΞ
1596 2958 1918 3016 DIACONO.

2669 2963 2838 3019 PAA'.
2878 2994 2948 3009 -η-
2980 2964 3187 3037 ΜΗΝᾼ
3233 2965 3555 3038 ΔΙΔΚΟΝῼ.

1006 3051 1298 3121 Aﬂ'ectibtts
1329 3051 1482 3105 mulis
1507 3052 1728 3115 vincere,
1763 3061 1838 3105 est
1873 3051 2033 3116 vinci,
2062 3061 2109 3105 et
2147 3051 2307 3105 noxia
2342 3066 2403 3105 ea
2433 3051 2654 3106 victoria
2698 3061 2796 3105 est.
2834 3050 3000 3122 (Vide
3028 3052 3156 3123 ὑφ’.
3188 3056 3344 3122 epist.
3374 3054 3519 3125 I42.)

700 3160 804 3229 Qui
834 3161 886 3216 in
910 3160 1118 3217 duabus
1149 3161 1301 3216 hisce
1329 3159 1706 3217 aﬂ‘ectionibns
1737 3161 1831 3216 irae
1868 3160 2126 3215 nimirum
2154 3168 2207 3215 et
2234 3144 2283 3208 ο

2234 3144 2283 3208 c
2382 3161 2445 3214 Οί
2473 3159 2532 3213 ἐν
2560 3162 2672 3223 τοῖς
2699 3158 2956 3230 χαλεποῖς
2978 3160 3213 3226 πάθεσι,
3248 3161 3408 3233 θυμῷ
3439 3162 3579 3231 λέγω
3606 3160 3843 3215 καὶπλεονε

628 3253 872 3308 avaritiae
900 3253 1117 3309 vincere
1141 3254 1413 3319 videntur,
1439 3252 1505 3307 iis
1540 3251 1819 3306 molestior
1848 3262 1933 3307 est
1963 3251 2211 3317 victoria,

2317 3250 2458 3322 εξίᾳ,
2492 3252 2650 3323 νικᾷν
2679 3250 2960 3315 δοκοῦντες
2982 3290 2997 3316 ,
3030 3252 3202 3323 ἥττης
3266 3254 3488 3325 ἀπάσης
3514 3251 3843 3325 χαλεπωτέραν

628 3360 794 3417 quam
846 3344 1004 3401 victis
1050 3346 1119 3402 ²¹.
1166 3345 1262 3399 Est
1293 3345 1436 3399 enim
1473 3358 1597 3398 cum
1624 3343 1766 3399 vinci
1797 3359 1960 3414 quam
1994 3344 2215 3400 vincere

2317 3342 2511 3397 νικῶσι
2554 3343 2732 3412 νίκην.
2786 3342 2943 3399 Ἔστι
2975 3342 3085 3415 γὰρ
3130 3345 3267 3398 ὅπου
3324 3346 3447 3417 νίκη
3502 3346 3683 3416 χείρων
3713 3344 3841 3414 ἥττης

627 3446 866 3508 prmstet,
898 3452 1071 3507 neque
1102 3439 1153 3492 in
1184 3438 1407 3492 victoria
1434 3435 1630 3492 merito
1668 3436 1738 3491 sit
1769 3436 2133 3506 gaudendum,
2166 3436 2214 3492 si

2318 3435 2456 3498 ἐστὶ,
2489 3435 2581 3487 καὶ
2611 3435 2671 3488 οὐ
2705 3434 2788 3489 δεῖ
2817 3434 3030 3504 χαίρειν
3061 3435 3157 3488 ἐπὶ
3191 3438 3259 3507 τῇ
3311 3437 3547 3513 τοιαύτῃ¹
3578 3436 3716 3507 νίκῃ,
3748 3433 3843 3486 ὅταν

627 3544 689 3583 ea
719 3528 917 3597 injuste
946 3530 1219 3586 obveniat.
1246 3528 1376 3596 Quae
1406 3528 1554 3587 enim
1579 3527 1828 3599 voluptas
1862 3530 1950 3584 hic
1976 3529 2211 3599 capitur,

2318 3528 2520 3592 ἀδίκως
2544 3527 2839 3601 συμϐαίνῃ.
2893 3527 2959 3581 Ἠ
2993 3528 3102 3600 γὰρ
3151 3529 3217 3582 ὲκ
3251 3530 3460 3600 ταύτης
3492 3530 3643 3601 ἡδονὴ
3670 3526 3743 3580 ἐπ’
3766 3521 3842 3577 61l-

628 3621 694 3675 ad
726 3623 886 3677 breve
922 3621 1155 3676 delectat
1198 3632 1450 3691 tempus,
1493 3620 1729 3683 dedecus
1760 3637 1913 3688 vero,
1948 3622 2213 3693 temporis

2319 3637 2414 3689 γον
2444 3619 2636 3691 χρόνον
2662 3619 3056 3690 εὑφραίνουσα,
3084 3620 3315 3683 αἰωνίαν
3336 3621 3594 3692 αἰσχύνην
3619 3618 3842 3690 προίόντος

631 3712 815 3780 ductu,
847 3713 987 3783 parit
1016 3713 1433 3783 sempiternum.

1244 3729 1433 3767 :rnum.
2318 3730 2348 3765 τ
2374 3728 2491 3766 κτει
2520 3708 2613 3765 τοῦ
2638 3709 2854 3782 χρόνον.

907 3841 1172 3898 CXXXV.
1204 3873 1275 3887 -—
1305 3842 1581 3902 HIERACI
1614 3844 1934 3902 DIACONO.
2655 3843 2824 3901 PAE’.
2857 3875 2928 3887 —-
2968 3844 3205 3899 IEPAKI
3240 3845 3562 3915 ΔΙΔΚΟΝῼ.

1043 3934 1408 3992 Periculosum
1434 3955 1669 4007 peccare,
1700 3947 1750 3993 et
1781 3938 1979 3993 nescire
2008 3953 2061 3992 sc
2095 3953 2330 4008 peccare.
2375 3937 2539 4011 (Vide
2567 3939 2724 4008 epist.
2755 3937 2810 4001 8,
2847 3936 2917 3990 τι
2943 3944 2995 3991 et
3023 3935 3149 4001 159,
3183 3935 3311 4003 504,
3344 3934 3498 4002 404.)

704 4040 933 4108 Quando
965 4042 1234 4108 gravium,
1261 4058 1379 4112 quae
1404 4047 1636 4116 agimus,
1664 4058 1841 4113 neque
1870 4044 1970 4113 ipsi
1996 4057 2214 4099 sensum

2409 4043 2625 4116 Ἐπειδὴ
2676 4042 2786 4098 τῶν
2826 4042 3036 4111 δεινῶν,
3082 4038 3158 4098 ὧν
3203 4045 3446 4115 δρῶμεν,
3496 4040 3722 4110 αἴσθησιν
3757 4031 3836 4088 οὐδ’

631 4131 901 4186 habemus
948 4131 1019 4187 ob
1066 4132 1450 4205 negligentiam
1505 4149 1858 4205 amoremque
1900 4136 2005 4204 sui,
2040 4149 2217 4204 neque

2323 4135 2481 4189 αὐτοὶ
2510 4136 2708 4206 ἔχομεν
2748 4135 2836 4190 διὰ
2860 4135 3135 4207 ρᾳθυμίαν
3166 4135 3261 4189 καὶ
3301 4134 3602 4205 φιλαυτίαν,
3628 4129 3729 4185 οὔτε
3749 4121 3827 4177 ἐτι·

631 4221 755 4276 aliis
793 4223 1117 4288 przebcmus,
1145 4237 1210 4278 eo
1233 4224 1375 4292 quod
1407 4224 1575 4279 nihilo
1617 4226 1812 4280 melius
1841 4226 1918 4280 illi
1949 4240 2076 4295 erga
2111 4227 2214 4281 ista

2211 4253 2214 4280 ι
2327 4244 2441 4298 ροις
2490 4225 2826 4298 παρέχομεν,
2875 4226 2965 4281 διὰ
3008 4228 3070 4280 τὸ
3115 4227 3407 4290 κάκείνους
3461 4224 3622 4297 μηδὲν
3666 4221 3821 4290 ἄμεινον

632 4310 811 4367 allecti
849 4312 960 4368 sint
1005 4316 1220 4384 negotia
1255 4332 1269 4368 :
1305 4316 1507 4372 idcirco
1529 4331 1626 4372 nos
1654 4325 1802 4373 recte
1819 4317 2000 4373 valere
2021 4318 2215 4396 opina;

2322 4317 2482 4389 ἡμῶν
2526 4318 2869 4383 διακεῖσθαι,
2910 4317 2999 4373 διὰ
3046 4316 3205 4373 τοῦτο
3252 4316 3568 4390 νομίζοντες
3609 4311 3825 4382 ὑγιαίνειν.

630 4420 773 4471 mur,
819 4415 995 4475 neque
1053 4407 1292 4463 medicos
1350 4411 1671 4477 quaerimus,
1726 4425 1903 4481 neque
1958 4411 2138 4465 curari
2184 4425 2215 4465 a

2322 4410 2448 4464 οὔτε
2491 4409 2708 4482 ἰατροὺς
2740 4409 3130 4480 ἐπιζητοῦμεν,
3174 4410 3298 4464 οὔτε
3335 4408 3714 4482 θεραπευθῆναι
3743 4400 3829 4471 βου·

630 4497 821 4552 morho
859 4506 1156 4568 Optamus:
1198 4509 1253 4554 et
1309 4516 1376 4556 ne
1420 4501 1523 4557 hoc
1562 4503 1739 4572 ipsum
1786 4502 2033 4573 quidem,
2068 4503 2212 4573 quod

2246 4514 2291 4568 Ι)
2318 4501 2542 4573 λόμεθα·
2584 4501 2699 4555 ἀλλ’
2733 4502 2844 4556 οὐδ’
2874 4503 3006 4556 αὐτὸ
3034 4501 3229 4567 τοῦτο,
3257 4503 3341 4557 ὅτι
3388 4500 3659 4571 νοσοῦμεν,
3694 4496 3829 4561 ἴσμεν·

629 4598 979 4657 aegrotamus,
1002 4591 1386 4660 cognoscimus
1407 4610 1421 4656 ;
1448 4594 1590 4663 quod
1614 4609 1776 4663 supra
1796 4595 2011 4649 modum
2031 4603 2115 4650 est
2131 4595 2212 4650 in-

2318 4594 2457 4665 ὃπερ
2488 4593 2726 4666 ἐσχάτης
2760 4594 2913 4650 ἐστὶν
2955 4594 3296 4666 ἀναλγησίας
3316 4635 3330 4660 ,
3382 4592 3577 4665 μᾶλλον
3606 4590 3656 4643 δὲ
3682 4578 3830 4655 νεκρῶν

626 4679 941 4737 sensibilem
975 4696 1114 4746 esse,
1143 4685 1274 4753 quin
1309 4695 1366 4739 et
1389 4685 1548 4754 quasi
1589 4696 1864 4740 mortuum
1897 4701 2039 4743 esse.
2323 4703 2483 4751 σεωςσ

984 4786 1148 4861 594
1196 4789 1483 4846 CXXXVI.
1514 4821 1586 4833 -—-
1627 4791 1853 4853 EIDEM.

1821 4792 1853 4853 I.
2777 4797 2965 4865 eaq".
3002 4826 3074 4838 -
3110 4798 3198 4870 To
3231 4797 3431 4871 Αγτο.

733 4874 1019 4932 Peccatum
1058 4895 1290 4950 panum,
1317 4882 1481 4937 virtus
1508 4885 1785 4954 praemium
1823 4886 1961 4954 parit
1985 4901 2006 4941 :
2035 4902 2193 4955 quam
2235 4886 2369 4942 illud
2415 4889 2745 4960 fugiendum,
2780 4888 2891 4944 haec
2934 4889 3173 4945 colenda.
3207 4889 3445 4962 (Confer.
3487 4891 3629 4958 epist.
3661 4881 3760 4951 8T.)

702 4985 895 5083 omnis
963 4992 1284 5083 improbitas
1331 5012 1546 5065 poenam
1605 5000 1867 5068 parturit,
1926 5009 1983 5055 ut
2041 5003 2210 5072 probe

2393 5004 2517 5059 Ὅτι
2552 5005 2652 5076 μὲν
2698 5007 2862 5061 παντὶ
2886 5008 3076 5081 τρόπῳ
3122 5010 3361 5083 πονηρία
3391 5008 3652 5082 τιμωρίαν
3673 4999 3834 5056 ὠδίνειι,

633 5077 832 5134 novisti
865 5096 880 5134 :
913 5081 1011 5136 sed
1063 5098 1163 5138 nec
1209 5084 1338 5142 illud
1367 5095 1417 5142 te
1453 5088 1607 5160 fugit,
1640 5091 1973 5159 probitatem
2012 5106 2205 5149 contra

2321 5095 2466 5167 μάλα
2491 5096 2736 5168 ἀκρισῶς
2761 5077 2937 5157 οἷσθαὲ
2967 5077 3058 5155 δτί
3080 5101 3139 5156 δὲ
3168 5077 3280 5158 καῖ
3302 5104 3338 5174 ἡ
3362 5077 3619 5173 excetra:
3638 5093 3706 5166 τῷ
3730 5088 3830 5156 ἄταν

704 5234 749 5266 ’⁸
790 5234 993 5306 Ephes.
1031 5250 1105 5303 ιν,
1144 5236 1215 5293 26
1241 5256 1257 5306 ;
1281 5242 1460 5298 Galat.
1504 5258 1554 5310 v,
1580 5245 1684 5311 20;
1711 5244 1921 5302 Coloss.
1955 5263 2038 5316 Ill,
2064 5248 2135 5317 8;
2172 5247 2290 5307 Jac.
2326 5267 2364 5319 ι,
2408 5253 2497 5308 l9.

1742 5399 1978 5457 vanus
2013 5400 2397 5466 LECTIONES
2431 5408 2520 5465 ET
2558 5376 2820 5470 NOTAE}:

843 5549 968 5640 Ἐπὶ
998 5547 1157 5640 σιγῂν
1181 5548 1346 5640 iidem
1370 5558 1578 5640 mutant
1683 5555 1770 5638 ὲπς
1796 5559 1960 5629 ἠχὴν.
2001 5558 2214 5640 Possm.

2328 5566 2647 5640 ἑρμηνείας.
2693 5567 2927 5640 Elegans
2961 5583 3090 5640 vero
3118 5552 3343 5640 epistola
3383 5526 3611 5637 Gregorii
3647 5526 3830 5640 ᾲθμίζσζ

709 5619 2036 5708 ΫίιοοΑ-ςῂιίεςσοιε-ιίε.,ΙιίὺοιιίὶΑὲὶὲιοιη
2101 5632 2215 5708 sive
2324 5619 3085 5708 2ὲῖιρὶιάίΝἷοοιῖυίῖἷέῇξτοοῖιίέ
3114 5619 3726 5699 tiSé'iéiEihininmzoa
3746 5619 3829 5689 ινί·

640 5689 890 5767 ειιιεηιγψί
937 5699 1039 5753 est.
1090 5689 1349 5767 perbreve
1397 5702 1712 5767 symacom.
1757 5706 1812 5767 οι
1861 5689 2106 5767 quaedam
2149 5699 2217 5754 de
2325 5689 3070 5767 διοιαεἐὲιῑειίιξιὶῖἐὲηοῖέἱζ

642 5759 881 5824 epistolis
910 5767 1058 5815 recte
1078 5759 1377 5814 scribendis
1400 5759 1450 5815 iu
1480 5759 1750 5820 Demetrio
1769 5759 2054 5838 Phalereo,
2079 5769 2214 5842 Περὶ
