4078 6360
332 310 471 378 “05

1207 324 1747 387 EPISTOLARUM
1785 323 1936 384 LIB.
1976 325 2046 386 V.
2086 347 2145 359 ·-
2173 322 2414 384 EPIST.
2453 320 2766 384 CXXXIX.

3455 313 3597 381 1406

327 427 448 481 θεία
471 422 634 494 εἶναι,
663 428 696 500 ἢ
726 428 804 502 τῷ
837 430 979 502 ἄγαν
1016 433 1098 499 εἰς
1139 435 1203 489 το
1245 434 1401 490 Θεῖον
1440 435 1588 508 ἡμᾶς
1624 435 1799 504 ἄγειν,
1840 433 1944 496 τά,

2018 452 2125 491 rem
2155 451 2279 492 esse
2322 434 2476 489 valde
2529 435 2766 488 divinam
2819 432 2885 488 ad
2929 431 3204 500 Deumque
3234 428 3594 486 adducentem

326 520 456 574 νοῦν
504 521 902 594 ὑπερϐαίνοντα
949 527 1125 582 τίκτει
1176 527 1352 600 γέρα·
1395 530 1492 584 καὶ
1533 528 1680 583 τοῦτ’
1730 525 1910 584 οἶσθα.

2015 543 2138 594 ηοε,
2174 537 2228 582 et
2254 527 2508 598 praemia,
2549 541 2668 596 quae
2707 539 2922 579 omnem
2956 532 3290 592 exsuperent
3339 536 3597 590 sensum,

327 612 538 668 υῦκοῦν
563 613 664 686 τὴν
704 615 804 686 μὲν
849 617 1020 689 φεῦγε
1043 660 1058 686 ,
1093 621 1193 693 τὴν
1235 621 1292 676 δὲ
1321 621 1520 676 δίωκε·
1551 621 1646 677 καὶ
1692 621 1768 694 μὴ
1813 621 1912 693 τὴν

2018 636 2233 692 parare.
2259 618 2412 678 Illam
2443 619 2626 688 itaque
2661 616 2818 687 fuge;
2869 617 3006 670 hanc
3039 615 3094 670 in
3133 612 3324 684 primis
3358 622 3596 678 sectare,

326 706 476 762 θείαν
513 712 895 784 μακροθυμίαν
936 715 1200 787 ἀμέλειαν
1243 717 1402 788 ἡγοῦ.
1435 717 1661 781 Πάντως
1691 717 1802 789 γὰρ
1833 717 1916 783 είς

327 801 512 872 κρίσιν
543 804 945 880 ἀκριϐεστάτην
981 809 1224 881 προοίσει
1249 810 1328 883 τὰ,
1349 809 1592 882 πρόϐατα
1618 810 1753 884 (ll).

843 1011 1010 1066 PAZ'.
1037 1041 1110 1053 —
1127 1013 1381 1086 name.

2017 730 2083 770 ac
2144 711 2240 767 Dei
2288 708 2758 780 longanimitatem
2815 720 2946 762 cave
2993 704 3293 775 neglectum
3347 715 3470 757 esse
3508 701 3595 756 in-

2021 805 2360 872 terpreteris.
2417 799 2560 872 Oves
2605 799 2748 856 enim
2786 799 2838 854 in
2894 797 3156 868 judicium
3190 794 3596 851 severissimum

2022 870 2187 954 etiam
2210 870 2568 949 adducentur.

2469 993 2782 1056 CXXXVII.
2809 1026 2880 1038 —
2901 994 3151 1054 PAULO.

331 1098 473 1170 Quid
499 1099 712 1173 lii/ferat
739 1103 924 1158 amicis
947 1113 993 1158 et
1019 1104 1250 1161 inimicis
1289 1109 1414 1160 bene
1437 1105 1634 1176 facere.
1659 1105 1725 1160 In
1753 1105 1892 1158 illud
1917 1103 2110 1176 Matth,
2137 1117 2194 1176 ν,
2215 1097 2362 1176 48.}
2390 1094 2450 1152 Si
2491 1094 2714 1164 diligitis
2752 1107 2864 1157 eos,
2896 1091 2986 1162 qui
3014 1105 3099 1144 vos
3124 1088 3372 1160 diligunt,
3426 1103 3597 1145 nonne

1562 1187 1610 1232 et
1649 1177 1918 1246 publicani
1955 1175 2053 1229 hoc
2083 1169 2336 1244 faciunt?
2373 1187 2393 1220 ι

404 1295 582 1350 Καλὸν
648 1297 748 1368 μὲν
797 1298 859 1353 τὸ
905 1301 1032 1366 τοὺς
1077 1301 1265 1372 φίλους
1321 1304 1500 1358 ποιεῖν
1555 1296 1638 1356 εὗο
1691 1301 1910 1357 κάλλιον

327 1387 387 1440 δὲ
416 1389 528 1459 (12)
552 1389 612 1442 τὸ
635 1392 728 1449 καὶ
749 1393 959 1458 πάντας
980 1395 1108 1458 τοὺς
1127 1395 1420 1466 δεομένους
1439 1413 1454 1428 ο
1483 1394 1545 1450 τὸ
1575 1394 1631 1448 δὲ
1661 1395 1756 1448 καὶ
1784 1395 1912 1458 τοὺς

2089 1297 2296 1383 ᾼιιιίοῑε
2350 1291 2670 1350 benefacere
2711 1289 2994 1360 pulchrum
3027 1297 3140 1354 est,
3171 1285 3446 1357 pulchrius
3473 1301 3595 1344 om-

2017 1374 2176 1440 nibus
2222 1381 2588 1460 indigentibus
2619 1398 2632 1434 :
2662 1379 2754 1434 sed
2805 1386 2861 1432 et
2905 1377 2973 1433 de
3013 1375 3248 1430 inimicis
3287 1374 3418 1444 ipsis
3458 1376 3598 1431 bene

330 1477 594 1550 έχθροὺς,
630 1479 914 1536 κάλλιστον
937 1499 951 1513 ⁸
994 1503 1012 1536 ι
1033 1483 1108 1537 Τὸ
1154 1465 1255 1555 μὲν
1283 1484 1394 1556 γὰρ
1421 1485 1518 1538 καὶ
1561 1482 1788 1538 τελῶναι
1820 1483 1916 1538 καὶ

2018 1475 2216 1532 mereri
2243 1471 2691 1545 pulcherrimum.
2738 1486 2758 1520 ι
2790 1468 2938 1523 Istud
2969 1467 3114 1522 enim
3144 1474 3198 1520 et
3231 1465 3506 1536 publicani
3543 1475 3598 1521 et

330 1567 538 1622 ἐθνικοὶ
561 1569 807 1640 ἀνύουσι,
836 1593 856 1626 ι
888 1573 952 1628 τὸ
974 1575 1031 1628 δὲ
1056 1575 1106 1628 oi
1128 1575 1206 1647 τῷ
1237 1575 1366 1648 θείῳ
1391 1575 1702 1648 πειθόμενοι
1729 1576 1880 1646 νόμῳ
1896 1613 1912 1640 ,

2013 1575 2204 1639 gentes
2231 1565 2472 1630 faciunt;
2495 1581 2514 1615 ι
2541 1562 2668 1617 illud
2691 1561 2879 1626 etiam,
2903 1560 2994 1630 qui
3027 1559 3118 1613 Dei
3139 1558 3310 1628 legem
3339 1568 3596 1626 servant;

328 1659 392 1714 τὸ
423 1661 482 1715 δὲ
518 1663 569 1716 oi
620 1664 836 1736 οὐρανῷ
880 1666 1198 1737 πρέπουσαν
1233 1667 1514 1724 πολιτείαν
1559 1669 1915 1740 πολιτευόμε-

2018 1660 2122 1716 hoc
2175 1658 2448 1728 denique,
2507 1655 2600 1726 qui
2665 1653 2805 1708 ctelo
2854 1653 3072 1721 dignam
3137 1651 3340 1705 ducunt
3403 1649 3596 1704 vitam.

326 1768 444 1809 νοι·
475 1755 586 1826 ὅσῳ
617 1751 722 1813 οὖν’
754 1755 979 1826 ἄγγελοι
1009 1760 1260 1831 νομίμως
1309 1758 1575 1830 βιούντων
1608 1760 1915 1832 ἀνθρώπων

327 1842 695 1916 διαφέρουσιν,
727 1847 977 1906 τοσοῦτον
1017 1843 1166 1906 οὗτοι
1204 1849 1314 1906 τῶν
1340 1850 1609 1906 τελωνῶν.
1646 1851 1914 1906 Τοσοῦτον

326 1935 439 2006 γάρ
465 1936 846 1992 πλεονεκτοῦσι
865 1938 1090 2004 τούτων,
1114 1941 1238 1998 ὅσον
1265 1943 1489 2000 ἐκείνων
1513 1943 1813 2002 λείπονται.
1841 1943 1915 1998 Th

331 2025 436 2096 μὲν
457 2025 565 2098 γὰρ
585 2026 808 2098 εὔλογόν
830 2032 968 2096 ἐστι,
990 2032 1053 2087 τὸ
1074 2031 1132 2085 δὲ
1158 2033 1557 2106 φιλάνθρωπον,
1584 2035 1647 2090 τὸ
1671 2035 1728 2089 δὲ
1753 2035 1914 2105 λόγου

329 2123 599 2194 κρεῖττον.
629 2122 720 2194 Τῷ
743 2125 868 2187 τοὺς
894 2125 993 2196 μὲν
1031 2125 1222 2195 φίλους
1250 2127 1583 2199 εὐεργετεῖν,
1623 2127 1656 2200 ἢ
1687 2129 1914 2200 εὐεργε-

327 2215 640 2284 τήσαντας,
687 2215 721 2289 ἢ
769 2218 1329 2290 ἀντευεργετήσοντας
1362 2219 1460 2274 καὶ
1487 2219 1914 2290 ἀμειψομένους.

328 2305 473 2370 Τοὺς
509 2305 567 2368 δὲ
611 2307 706 2362 καὶ
739 2309 868 2372 τοὺς
898 2309 1195 2380 τυχόντας.
1243 2311 1306 2364 οὐ
1342 2310 1562 2373 πάντως
1593 2313 1914 2382 ἀντευποιή-

331 2413 553 2465 novus.
585 2398 724 2462 Τοὺς
743 2399 802 2455 δὲ
831 2399 927 2456 καὶ
955 2401 1082 2465 τοὺς
1107 2401 1278 2455 κακόν
1307 2419 1362 2456 τι
1393 2401 1740 2466 διατιθέντας
1757 2443 1774 2469 ,
1799 2401 1914 2458 ἔσθ’

327 2489 419 2542 ὅτε
463 2490 521 2544 δὲ
557 2491 806 2556 καὶτοὺς
853 2487 1010 2559 αὖθις
1056 2492 1384 2564 βλάψοντας.
1423 2494 1616 2550 Πολλοὶ
1647 2495 1756 2567 γὰρ
1795 2493 1917 2549 οὐδὲ

327 2583 455 2646 ταῖς
520 2582 866 2654 εὐεργεσίαις
930 2585 1190 2656 ἀμείνους
1241 2585 1504 2654 γίνονται,
1563 2584 1660 2650 τοῦ
1718 2585 1916 2656 φθόνου

328 2677 560 2745 αὐτοὺς,
593 2676 655 2732 οὗ
686 2695 830 2750 φημι
868 2680 950 2744 είς
992 2679 1093 2752 τὴν
1133 2679 1241 2732 τῶν
1279 2678 1505 2751 Θηρίων,
1537 2679 1685 2752 (εἰσὶ
1719 2679 1828 2752 γὰρ
1859 2681 1918 2736 ὲν

330 2767 520 2832 αὐτοῖς
553 2769 649 2822 κα)⁵
691 2769 950 2824 εὐποιιῶν
977 2769 1248 2840 ἀμοιϐαὶ)
1276 2771 1392 2825 ἀλλ’
1425 2773 1506 2836 είς
1537 2771 1636 2843 τὴν
1667 2771 1776 2826 τῶν
1803 2771 1922 2826 δαι-

335 2859 517 2931 μόνων
554 2862 952 2932 καταλέγοντος
981 2861 1214 2934 πληθὺν,
1255 2863 1354 2934 τὴν
1383 2867 1556 2918 ποιεῖν
1598 2864 1696 2934 μὲν
1735 2863 1922 2935 βουλο-

334 2949 511 3032 μένην
552 2951 706 3007 οὐδὲν
749 2953 1060 3020 κάλλιστον,
1109 2951 1248 3017 ἀλλά
1287 2953 1386 3018 κει)Ρ
1423 2957 1537 3019 τοῖς
1567 2953 1921 3029 βουλομένοις

332 3041 762 3113 ἐμποδίζουσαν.

523 3335 702 3396 PAH'.
739 3366 814 3378 —-
847 3336 1194 3410 ΑΘΑΝΑΣῙῼ
1229 3336 1709 3410 ΠΡΕΣΒΥΤΕΡῼ.

2029 1752 2306 1820 Quantum
2338 1751 2503 1820 igitur
2533 1746 2762 1826 angelici
2789 1744 3016 1815 Spiritus
3047 1743 3360 1798 hominibus
3391 1757 3456 1797 ex
3484 1743 3600 1812 lege

2019 1843 2328 1901 viventibus
2357 1849 2640 1913 praestant,
2675 1847 2884 1892 tantum
2929 1845 2985 1892 et
3019 1835 3074 1890 hi
3111 1833 3411 1905 publicanis
3442 1843 3598 1888 antc-

2021 1935 2244 1993 cellunt.
2268 1933 2444 1988 Tanto
2461 1932 2607 1986 enim
2639 1931 2725 1984 his
2749 1927 3060 1999 superiores
3087 1926 3358 1981 exsistunt
3379 1963 3394 1986 ,
3427 1939 3600 1995 quan-

2022 2036 2134 2083 tum
2161 2027 2228 2082 ab
2250 2025 2456 2094 angelis
2477 2031 2823 2092 superantur.
2846 2019 3050 2074 Amicis
3074 2017 3340 2088 siquidem
3371 2017 3598 2085 benigne

2019 2133 2206 2193 agere,
2229 2131 2284 2174 et
2304 2117 2414 2182 his,
2439 2115 2530 2187 qui
2553 2116 2618 2170 de
2639 2128 2698 2169 se
2719 2113 2855 2168 bene
2884 2117 3012 2166 sunt
3035 2109 3234 2176 meriti,
3258 2117 3310 2164 et
3339 2107 3598 2163 beneficia

2021 2210 2408 2283 reponentibus
2473 2221 2538 2262 ac
2603 2201 3076 2260 remunerantibus
3137 2199 3496 2266 benefacere;
3545 2199 3598 2252 id

2024 2303 2220 2361 rationi
2252 2311 2330 2356 est
2362 2305 2810 2356 consentaneum.
2841 2292 3032 2349 Obviis
3059 2301 3238 2346 autem
3263 2293 3592 2360 quibusque,

2019 2394 2235 2452 etiamsi
2263 2393 2500 2448 vicissim
2521 2388 2782 2446 beneficia
2813 2401 2917 2440 non
2947 2393 3230 2456 reponant,
3259 2380 3598 2444 benefacere,

2021 2485 2074 2543 id
2126 2487 2442 2538 humanum.
2499 2478 2699 2534 Malum
2759 2476 2994 2546 denique
3053 2489 3150 2544 pro
3203 2471 3466 2526 beneflcio
3521 2485 3603 2524 re-

2021 2573 2370 2647 ponentibus,
2409 2571 2519 2626 into
2568 2567 2887 2624 laedentibus
2939 2565 3124 2628 etiam,
3173 2562 3401 2632 benigne
3425 2560 3602 2614 facere

2023 2667 2127 2727 hoc
2153 2663 2350 2734 majus,
2394 2676 2557 2732 quam
2593 2668 2650 2715 ut
2694 2658 2925 2730 exprimi
2961 2656 3212 2712 oratione
3241 2663 3422 2724 queat.
3453 2651 3600 2706 Multi

2020 2759 2168 2815 enim
2200 2755 2482 2814 beneficiis
2515 2769 2624 2808 non
2666 2751 2799 2806 llunt
2847 2749 3132 2814 meliores,
3160 2747 3253 2802 sed
3284 2744 3485 2800 invidia
3523 2744 3604 2812 ip-

2023 2866 2114 2908 sos
2169 2863 2277 2904 non
2321 2847 2504 2904 dicam
2554 2843 2852 2900 besuarum
2901 2841 3047 2914 (nam
3087 2846 3142 2893 et
3187 2838 3268 2892 hac
3323 2833 3604 2890 benefacta

2023 2941 2296 3000 interdum
2329 2932 2710 3008 reposuerunt)
2749 2934 2846 2990 sed
2883 2931 3189 2986 daemonum
3240 2939 3464 2980 numero
3509 2939 3604 2992 ag-

2024 3030 2332 3106 gregandos
2382 3041 2579 3085 censeo
2623 3043 2637 3082 :
2680 3024 2774 3096 qui
2830 3023 3105 3078 daemones
3179 3017 3310 3072 nihil
3375 3015 3608 3084 benigne

1945 3153 1990 3214 ο
2026 3134 2228 3182 norunt
2273 3122 2478 3185 facere,
2530 3117 2640 3172 imo
2699 3121 2846 3170 recte
2901 3125 3066 3184 agere
3109 3118 3460 3180 satageutes,
3498 3119 3606 3174 qua

2027 3225 2274 3292 possunt,
2301 3223 2510 3270 tantum
2545 3208 2867 3281 impediunt.

2137 3320 2553 3386 CXXXVIIl.——
2577 3311 2972 3374 ATHANASIO
3013 3307 3497 3366 PRESBYTERO.

995 3451 1016 3487 ι
1069 3409 1226 3490 Beati
1261 3435 1411 3501 estis,
1440 3451 1560 3490 cum
1594 3409 1968 3489 maledixeriut
2002 3425 2147 3487 vobis
2188 3421 2450 3476 homines.
2479 3435 2498 3470 ι
2532 3413 2752 3486 (Matth.
2791 3427 2846 3476 ν,
2875 3409 2990 3481 Η.)

415 3563 479 3618 ’0
510 3563 786 3635 Δεσπότης
835 3563 1072 3636 Χριστὸς
1117 3563 1424 3638 ἐμακάρισε
1470 3565 1600 3629 τοὺς
1646 3563 1712 3618 δι’
1756 3562 1921 3619 αὑτὸν

328 3654 676 3719 ἀκούσαντας
725 3656 864 3727 ῥητά
909 3672 972 3710 τε
1017 3657 1112 3710 καὶ
1153 3655 1404 3729 ἄρρητα,
1435 3657 1486 3710 εί
1519 3655 1841 3726 ψευδόμενοι
1871 3655 1920 3708 οἱ

328 3749 654 3818 ἰλέγχοντες
673 3747 870 3803 ἁλοῖεν.
908 3747 1030 3827 Χρὴ
1054 3744 1150 3802 οὖν
1171 3747 1390 3814 ειδέναι,
1418 3749 1500 3802 ὅτι
1527 3745 1816 3818 ἀμφότερα
1841 3745 1924 3800 δεῖ

329 3841 619 3912 προσεῖναι
645 3839 724 3910 τῷ
756 3838 894 3911 πρὸς
920 3841 1020 3910 τὴν
1061 3839 1370 3918 ἀκροτάτην
1405 3837 1786 3910 μακαριότητα
1810 3839 1919 3907 ἀφ·-

331 3930 593 4002 ιξομένῳ,
623 3932 720 3986 καὶ
743 3930 804 3984 τὺ
829 3930 895 3984 δι’
917 3929 1081 3984 αὐτὸν
1105 3933 1360 4004 πάσχειν,
1381 3933 1478 3986 καὶ
1505 3931 1566 3986 τὸ
1584 3929 1758 4002 ψευδῆ
1779 3925 1920 3984 εἶναι

326 4024 406 4078 τὰ
438 4024 730 4096 λεγόμενα.
770 4023 862 4086 Ὠς
903 4022 970 4078 ἂν
999 4023 1114 4096 (15)
1159 4025 1236 4098 μὴ
1279 4023 1491 4096 θατέρῳ
1523 4025 1702 4095 προσῇ
1735 4021 1832 4076 καὶ
1859 4020 1920 4074 τὸ

327 4115 548 4186 ἕτερον,
592 4115 654 4168 οὐ
677 4113 932 4168 τοσοῦτον
961 4115 1180 4184 ὠφελεῖ·
1211 4115 1414 4184 ὠφελεῖ
1454 4115 1553 4186 μὲν
1585 4113 1717 4186 γὰρ,
1759 4113 1819 4167 οὐ
1848 4127 1933 4164 το.

330 4206 529 4260 σοῦτον
577 4205 656 4260 δέ.
709 4205 837 4260 Εἴτε
885 4205 992 4278 γὰρ
1037 4206 1108 4259 δι’
1149 4205 1313 4260 αὐτὸν
1353 4207 1659 4276 πάσχοντες
1715 4204 1925 4277 τάληθῆ

328 4298 656 4370 ἀκούοιμεν,
717 4297 978 4373 ἐρυθριᾷ-ι
1019 4299 1260 4370 ἀνάγκη·
1318 4297 1446 4354 καθ’
1488 4299 1548 4354 ἓν
1593 4298 1704 4372 γὰρ
1759 4299 1926 4370 μέρος

331 4391 753 4464 εὐδοκιμοῦντες
795 4391 942 4446 κατά
974 4391 1034 4446 τὺ
1059 4392 1247 4464 ἕτερον
1277 4390 1646 4464 ἐλεγχόμεθα.
1687 4389 1816 4445 Εἴτε
1846 4389 1923 4461 μὴ

331 4485 404 4540 δι’
427 4484 594 4539 αὐτὸν
617 4485 736 4556 μὲν,
762 4483 834 4538 τὰ
851 4482 1022 4556 ψευδῆ
1043 4484 1119 4552 δὲ,
1145 4484 1428 4556 ὑπομονῆς
1453 4485 1552 4558 μὲν
1576 4480 1920 4555 κομιούμεθα

329 4577 554 4650 μισθὸν,
583 4577 646 4631 οὐ
675 4575 784 4648 μὴν
811 4575 905 4630 τοῦ
939 4577 1112 4646 ἄκρου
1152 4576 1417 4649 τύχοιμεν
1452 4572 1831 4646 μακαρισμοῦ
1856 4563 1918 4628 οὗ

325 4669 598 4743 τύχοιμεν
625 4669 713 4735 ἂν,
743 4669 792 4723 εί
821 4668 1114 4741 ἀμφότερα
1141 4668 1460 4740 συνδράμοι.

713 4943 881 4999 me.
917 4970 990 4984 -
1016 4940 1185 5014 ΗΛΙᾼ
1215 4940 1537 5012 ΔιΑιςοΝᾳ.

2097 3551 2349 3608 Christus
2373 3545 2640 3602 Dominus
2673 3543 2860 3599 beatos
2875 3539 3137 3612 praedicat
3159 3537 3250 3607 qui
3291 3537 3610 3607 propterip-

2027 3660 2146 3703 sum
2165 3642 2416 3700 audirent
2439 3637 2689 3702 dicenda,
2723 3644 2779 3692 et
2809 3631 3196 3696 noudicenda;
3223 3630 3268 3684 si
3301 3629 3391 3700 qui
3423 3643 3610 3700 repre-

2030 3737 2308 3801 hendunt,
2357 3731 2569 3788 mentiti
2606 3743 2729 3784 esse
2773 3723 3272 3796 deprehendantur.
3311 3721 3607 3778 Sciendum

2026 3833 2211 3900 itaque
2241 3829 2350 3884 duo
2379 3825 2572 3880 adesse
2619 3827 2872 3892 oportere
2895 3857 2912 3884 ,
2944 3826 3003 3872 ut
3032 3830 3242 3871 summe
3266 3815 3459 3871 beatus
3487 3815 3611 3884 quis

2027 3921 2383 3994 praedicetur;
2421 3931 2543 3972 cum
2589 3925 2650 3970 ut
2687 3921 2911 3984 prOpter
2950 3909 3228 3966 Christum
3257 3909 3522 3980 patiatur,
3553 3918 3612 3964 et

2027 4013 2225 4068 falsum
2258 4010 2366 4074 sit,
2399 4007 2541 4078 quod
2592 4003 2890 4076 imponitur
2917 4019 2936 4060 :
2967 4008 3028 4057 ut
3056 4001 3102 4056 si
3133 3998 3364 4056 alterum
3387 3998 3608 4068 quidem

2025 4105 2192 4169 adsit,
2223 4101 2366 4156 absit
2405 4112 2536 4154 vero
2565 4096 2796 4152 alterum
2817 4134 2834 4162 ,
2879 4108 2988 4148 non
3023 4093 3159 4148 adeo
3191 4089 3380 4160 prosit,
3437 4089 3611 4158 prosit

2027 4207 2241 4262 tamen,
2295 4192 2390 4248 sed
2435 4205 2542 4247 non
2592 4197 2824 4244 tantum.
2868 4185 2996 4241 Sive
3050 4184 3195 4238 enim
3245 4196 3344 4251 pro
3393 4179 3612 4236 Christo

2025 4284 2294 4353 patientes
2349 4283 2488 4337 bene
2544 4277 2882 4332 audierimus
2912 4314 2929 4341 ,
2985 4281 3351 4328 necesse.est
3411 4271 3610 4326 rubore

2021 4371 2259 4430 suﬂundi
2287 4386 2354 4426 ex
2391 4385 2496 4424 una
2523 4368 2740 4437 quidem
2789 4373 2940 4436 parte
2967 4361 3122 4432 probi
3150 4359 3503 4422 exsistentes,
3540 4372 3610 4411 ex

2023 4464 2196 4520 altera
2244 4475 2376 4516 vero
2419 4459 2569 4528 juste
2637 4454 2974 4526 reprehensi.
3035 4451 3164 4506 Sive
3221 4463 3328 4504 non
3389 4456 3612 4516 propter

1953 4526 1996 4582 θ
2025 4553 2302 4610 Christum
2333 4526 2580 4622 quidem,
2616 4548 2711 4604 sed
2753 4545 2888 4602 falso
2925 4543 3090 4616 [male
3121 4537 3430 4611 audiamus]
3477 4541 3610 4594 tole-

2026 4643 2218 4704 rantia:
2265 4641 2548 4712 praemium
2603 4639 2916 4708 capiemus,
2997 4650 3104 4691 non
3151 4643 3330 4690 tamen
3385 4647 3612 4691 summa:

2027 4733 2323 4812 participes
2377 4731 2730 4788 beatitudinis
2767 4731 2973 4784 erimus
3006 4743 3023 4794 ;
3057 4740 3221 4796 quam
3254 4735 3368 4780 tum
3393 4727 3612 4782 demum

2029 4839 2450 4896 consequemur,
2477 4839 2601 4882 cum
2639 4831 2871 4893 utraque
2898 4819 3300 4878 concurrerint.

2201 4933 2364 5010 595
2411 4929 2794 4991 CXXXIX.—
2831 4928 3065 4986 HELIJE
3118 4925 3443 4985 DlACONO.

1095 5003 1414 5100 spectando,
1445 5003 1504 5084 ιιί
1531 5029 1754 5100 agendo,
1777 5027 2006 5100 peccari.
2039 5003 2292 5099 (Confer.w
2309 5003 2459 5095 epist.
2491 5024 2580 5090 17,
2603 5023 2693 5090 ιϐ,
2721 5021 2838 5094 65.)

400 5143 470 5199 El
500 5143 604 5218 μὲν
626 5145 736 5198 τῶν
779 5140 1132 5214 προπυλαίων
1162 5142 1366 5208 μόνων,
1404 5140 1502 5197 καὶ
1542 5141 1618 5214 μὴ
1655 5139 1764 5196 τῶν
1792 5136 1922 5195 ἀδύ-

2107 5137 2164 5194 Si
2217 5136 2481 5194 vestibula
2538 5137 2804 5194 duntaxat
2855 5145 2910 5191 et
2953 5150 3059 5192 non
3121 5133 3280 5204 adyta
3328 5145 3610 5187 sacrorum

1441 5296 1679 5361 unus
1715 5278 2100 5359 LECTIONES
2129 5296 2218 5353 ET
2245 5295 2480 5353 noras.
2513 5309 2520 5314 -

411 5457 524 5530 (11)
557 5457 664 5530 Pro
703 5457 811 5530 his,
863 5455 1106 5530 προοίσει
1137 5457 1206 5530 τὰ
1238 5455 1508 5530 πρόϐατα,
1561 5455 1680 5510 cod.
1725 5455 1831 5530 Alt.
1869 5456 1921 5510 iu

329 5525 593 5584 contextu
632 5527 814 5591 habet,
863 5525 1002 5581 οἴσει
1056 5527 1162 5598 προ
1193 5526 1262 5579 τὰ
1285 5525 1616 5598 πράγματα,
1646 5525 1740 5580 seti
1780 5526 1918 5598 idem

333 5602 392 5654 in
441 5599 682 5668 margine
731 5597 951 5664 scribit,
997 5593 1242 5668 προοίσει
1288 5593 1360 5668 [ti
1408 5593 1730 5665 πράγματα.
1781 5593 1916 5650 Cod.

336 5670 466 5727 Vat.
497 5667 602 5724 650
641 5683 762 5721 cum
799 5668 950 5723 etlito
982 5665 1269 5721 consentit.
1309 5665 1524 5720 Possm.

417 5737 531 5815 (i2)
572 5735 629 5804 In
670 5738 932 5808 elegantis
962 5737 1202 5807 epistola:
1250 5736 1403 5800 initio
1443 5737 1523 5790 sic
1570 5735 1910 5806 interpungo,

2030 5456 2204 5508 ποιεῖν
2237 5448 2318 5508 εὖ·
2349 5451 2566 5506 κάλλιον
2593 5451 2672 5508 δέ.
2695 5449 2749 5504 In
2785 5458 3027 5506 extrema
3064 5461 3192 5501 vero
3219 5445 3321 5508 sic,
3361 5443 3472 5498 εἰσὶ
3499 5443 3608 5511 γὰρ

2028 5526 2088 5578 ὲν
2116 5525 2302 5589 αὐτοις
2335 5525 2460 5592 (leg.
2485 5539 2546 5575 τε
2572 5521 2796 5592 velitati)
2825 5519 3061 5592 εὐποιῶν
3086 5514 3331 5592 ἀμοιϐαί.
3363 5513 3606 5592 $9.39".

2098 5595 2211 5660 (Ιῦ)
2254 5581 2499 5658 Interii);
2528 5603 2582 5648 et
2617 5589 2692 5663 μὴ
2727 5581 2916 5648 tollunt
2941 5587 3008 5642 ἂν
3049 5581 3204 5643 codd.
3251 5583 3374 5641 Vat.
3407 5581 3512 5638 650
3547 5590 3604 5636 et

2023 5666 2130 5718 Alt.
2172 5664 2380 5728 Possm.

3525 5819 3659 5842 ---t
