4078 6370
567 287 587 353 1
609 290 701 354 107

1767 288 1827 348 S.
1869 287 2164 348 ISIDORI
2204 285 2645 346 PELUSIOTJE‘.

3669 289 3783 355 1408

565 399 779 455 foeditas
830 399 1162 468 attingeret,
1211 398 1389 452 curari
1442 397 1670 453 fortasse
1720 398 1919 453 malum
1966 410 2150 467 queat.

2263 415 2366 450 των
2397 398 2602 467 ἥπτετο
2646 399 2673 450 δ
2721 397 3016 468 μολδσμδςς
3051 398 3181 459 ἴσως
3240 396 3301 451 ἂν
3348 400 3483 454 ίατδν
3510 397 3571 470 ἦν
3601 404 3655 456 τδ
3704 410 3791 465 πάθ

566 492 623 547 Si
673 506 800 545 vero
845 491 1080 544 animum
1126 505 1188 544 ea
1227 490 1525 558 ('ttlllillgzll,
1573 505 1806 545 nemose
1844 490 1958 559 ipse
1982 489 2150 561 fallat.

562 582 718 650 Quod
772 583 815 637 si
876 581 999 651 quis
1052 581 1248 636 dixerit
1293 582 1539 637 homines
1590 582 2019 638 circumveniens
2090 596 2153 635 ac

564 675 841 744 decipiens
871 691 886 728 :
924 693 941 725 ι
974 671 1140 728 Nemo
1188 674 1542 728 coronabitnr
1566 717 1582 740 ,
1628 675 1730 729 nisi
1763 673 1856 744 qui
1905 673 2150 744 legitime

566 763 863 816 certaverit
920 763 997 826 ",
1047 781 1066 814 ι
1132 774 1280 817 ratus
1336 763 1633 832 legitimum
1692 778 1813 818 esse
1872 773 2145 818 certamen

2266 488 2376 550 θος.
2452 487 2513 541 Εἰ
2546 489 2602 541 δὲ
2665 490 2835 560 αὐτῆς
2905 490 3244 543 καθάπτεται
3311 489 3407 557 τῆς
3463 491 3659 563 ψυχῆς,
3727 499 3789 568 μὴ

2261 575 2490 639 ἕκαστος
2520 577 2712 630 ἑαυτὸν
2751 577 3222 649 παραλογιζέτθω.
3268 576 3330 632 Ei
3357 579 3409 631 δὲ
3455 581 3577 650 φαίη
3610 599 3684 645 τις
3711 585 3786 636 ἀν-

2259 667 2510 738 θρώπους
2543 669 2788 723 ἀπατῶν·
2838 689 2852 719 t
2887 669 3073 734 Οὐδεὶς
3105 668 3460 740 στεφανοῦται
3491 671 3536 722 εί
3566 670 3632 741 μὴ
3658 674 3790 743 νομί·

2261 773 2376 824 μως
2415 755 2647 826 ἀθλήσῃ,
2692 776 2711 808 ι
2790 756 3021 827 νόμιμον
3051 756 3230 828 πάλην
3286 753 3421 810 εἶναι
3469 758 3684 827 νομίζων
3709 761 3791 830 τὴν

569 852 776 918 videre,
801 854 924 905 dum
948 853 1015 906 ab
1038 854 1248 921 agendo
1281 853 1571 918 abstineat,
1607 855 1753 908 disce
1782 853 2143 908 certaminum

2263 846 2398 911 ὶέαν,
2433 849 2478 899 εί
2505 848 2604 915 τῆς
2655 846 2907 917 πράξεως
2948 847 3241 919 ἀπόσχοιτο
3265 863 3277 878 ³
3329 846 3650 917 μανθανέτω,
3682 849 3794 902 ὃτιδ

578 943 965 997 instrttcloretn
1033 944 1304 1011 indicere,
1361 959 1423 999 ac
1485 946 1851 999 munerarium
1892 944 2145 998 dixisse:

579 1052 597 1084 ι
636 1033 735 1099 Qui
787 1034 983 1088 viderit
1022 1035 1302 1088 mulierem
1349 1035 1414 1088 ad
1457 1035 1949 1103 concupiscendum
1994 1049 2149 1096 eam,

562 1120 673 1191 jrun
708 1124 1009 1177 tnmcltattts
1038 1134 1120 1178 est
1150 1125 1200 1176 in
1234 1129 1395 1179 corde
1426 1140 1521 1178 suo
1543 1125 1608 1178 ".
1645 1143 1661 1177 I
1690 1124 2024 1196 Legititnum
2048 1124 2152 1176 ita-

567 1229 671 1283 que
725 1228 1000 1269 certamen
1062 1227 1177 1279 est,
1254 1234 1357 1270 non
1406 1218 1547 1285 quod
1606 1220 1836 1288 quisque
1893 1233 1989 1286 pro
2054 1228 2151 1270 sua

569 1305 892 1373 negligentia
940 1316 1030 1359 aut
1064 1308 1481 1376 praesumptione
1525 1308 1742 1376 statuit,
1777 1308 1870 1363 sed
1902 1307 2043 1377 quod
2088 1305 2156 1360 ab

568 1395 887 1465 incorrupto
913 1405 994 1451 est
1016 1398 1196 1465 jltdice
1226 1400 1663 1468 prmordiuatum.

763 1507 919 1563 CXL.
955 1540 1025 1551 -—
1053 1506 1425 1563 TllEODORO
1477 1506 1971 1563 SCIIOLASTICO.

2258 936 2611 1007 ἀγωνοθέτης
2660 940 2755 990 καὶ
2783 938 2976 1009 κριτὴς
3005 937 3110 992 τῶν
3143 937 3397 992 τοιούτων
3446 937 3794 1007 παλαισμάτων

2252 1021 2423 1079 εἶπεν.
2466 1045 2485 1078 ι
2539 1028 2595 1080 '0
2641 1027 2855 1098 βλέπων
2906 1031 3142 1096 γυναῖκα
3178 1027 3315 1098 πρὸς
3357 1028 3416 1080 τὸ
3456 1027 3783 1097 ἐπιθυμῆσαι,

2255 1117 2356 1188 ἤδη
2412 1117 2731 1187 ἐμοίχευσεν
2786 1119 2958 1190 αὐτὴν
2984 1121 3041 1172 ὲν
3073 1121 3140 1191 τῇ
3171 1120 3370 1190 καρδία
3395 1117 3575 1174 αὑτοῦ.
3607 1136 3623 1169 ι
3652 1119 3795 1188 Νόμι-

2266 1230 2365 1282 μος
2416 1209 2509 1266 οὖν
2543 1214 2658 1266 ἐστι
2702 1213 2871 1284 πάλη,
2918 1216 3015 1284 οὐχ
3067 1216 3100 1283 ή
3145 1214 3299 1285 παρὰ
3334 1214 3430 1284 τῆς
3478 1213 3696 1266 ἑκάστου
3722 1213 3792 1282 {iac

2263 1301 2462 1371 θυμίας
2491 1305 2585 1357 καὶ
2631 1304 2971 1376 προλήψεως,
3006 1305 3121 1359 ἀλλ’
3157 1307 3189 1376 ή
3222 1305 3373 1377 παρὰ
3415 1304 3509 1358 τοῦ
3537 1304 3789 1358 ἀδεκάστου

2263 1394 2452 1465 κριτοῦ
2478 1395 2967 1468 θεσμοθετηθεῖσα.

2509 1506 2646 1561 PM'.
2690 1538 2759 1547 —
2808 1506 3112 1578 ΘΕΟΔΩΡῼ
3139 1507 3590 1578 ΣΧΟΛΑΣΤΙΚῼ.

583 1601 722 1655 Vitia
750 1614 954 1656 natura:
994 1614 1039 1656 et
1091 1600 1254 1655 animi
1286 1600 1408 1655 bene
1444 1599 1856 1670 distinguenda;
1890 1598 2007 1719 Ιιιῖρἰ
2041 1595 2184 1718 j‘utitg
2192 1592 2560 1732 1vitup'tzratvta,
2593 1594 2687 1649 illa
2727 1612 2831 1650 nou
2875 1597 3021 1651 item.
3060 1595 3139 1650 De
3188 1593 3404 1651 Eusebii
3445 1597 3598 1652 vitiis.
3630 1595 3794 1667 (Epist,

2030 1681 2058 1719 e
2226 1704 2241 1728 ,
2269 1679 2341 1717 tm
2371 1679 2445 1717 ιο.

2030 1679 2077 1719 et
2115 1679 2241 1728 tot,
2269 1679 2445 1717 mmo.

645 1776 895 1848 lgnorare
914 1778 1042 1831 mibi
1070 1777 1269 1832 videris
1297 1793 1416 1847 quae
1442 1778 1617 1840 laudo,
1639 1790 1827 1844 quasve
1857 1774 1965 1829 sint
1994 1773 2150 1842 digna
2183 1756 2230 1816 Β

575 1870 1017 1938 vituperatione,
1075 1881 1468 1937 proptereaque
1550 1878 1732 1922 meute
1816 1863 2153 1920 conturbari.

577 1962 941 2018 involuntaria
1001 1961 1146 2016 enim
1204 1960 1523 2014 voluntariis
1575 1960 1887 2030 dissipans,
1943 1956 2156 2027 negotia

576 2055 690 2124 ipse
716 2065 804 2106 tua
839 2054 1196 2108 conturbasti.
1232 2052 1385 2120 Quod
1445 2053 1589 2106 enim
1625 2052 1834 2106 scribis
1864 2049 2155 2105 Eusebium

577 2145 992 2200 homuncionem
1042 2159 1186 2211 esse,
1241 2159 1471 2214 corpore
1518 2144 1793 2215 pusillum,
1838 2143 1975 2197 facie
2025 2155 2155 2195 vero

577 2240 893 2307 deformem,
930 2239 1110 2310 lingua
1141 2252 1320 2297 autem
1346 2240 1660 2304 barbarum,
1687 2240 1768 2297 vel
1795 2243 1904 2309 ipsa
1932 2239 2159 2295 veritate

574 2330 777 2402 judice,
822 2334 952 2386 vitio
992 2333 1227 2387 dandum
1286 2332 1535 2389 non‘est.
1585 2332 1678 2387 Illa
1728 2335 1872 2388 enim
1904 2350 1931 2387 a
1966 2343 2157 2388 natura

578 2438 753 2478 sunt:
791 2426 1020 2480 alterum
1059 2425 1127 2479 ab
1178 2427 1554 2494 institutione;
1591 2428 1807 2481 tertium
1830 2427 1995 2493 enim,
2036 2430 2157 2481 bar-

579 2518 730 2572 barie
758 2519 977 2574 mistum
1013 2533 1132 2574 esse
1184 2532 1514 2586 sermonem,
1563 2521 1758 2589 linguae
1801 2536 1922 2575 esse
1946 2528 2159 2576 con~tat

578 2604 969 2674 incomposita).
1018 2606 1087 2660 At
1143 2607 1221 2660 ira
1271 2606 1540 2672 ferinum,
1589 2608 1774 2662 virtuti
1835 2607 2154 2672 inimicum,

582 2694 906 2764 tnalitiwque
952 2695 1196 2758 socium,
1248 2695 1419 2750 bonos
1461 2696 1767 2766 proﬂigare,
1822 2696 1994 2751 malos
2033 2712 2159 2751 vero

583 2786 833 2854 incitare,
883 2788 984 2841 hoc
1022 2802 1213 2842 revera
1240 2787 1379 2843 male
1417 2788 1485 2841 ab
1508 2788 1595 2843 illo
1638 2789 1862 2859 geritur,
1895 2789 2160 2858 veniaque

580 2887 664 2931 est
717 2878 1017 2946 indignum.
1073 2879 1294 2934 Discens
1345 2880 1525 2949 itaque
1556 2881 1683 2951 quid
1725 2880 2156 2951 vituperandum,

583 2968 710 3034 quid
741 2977 927 3021 centra
954 2967 1278 3022 laudandum
1310 2970 1419 3034 sit,
1466 2987 1572 3024 non
1621 2973 1993 3042 imprudenter
2025 2986 2157 3027 sane

581 3058 639 3116 in
667 3057 830 3114 alium
860 3060 1111 3115 iucurres
1142 3072 1308 3132 atque
1341 3063 1587 3118 invades.

1034 3257 1213 3316 CXLI.
1248 3290 1317 3298 —
1343 3258 1688 3317 DlONYSIO.

2330 1772 2555 1836 Ἔοικας
2603 1773 2818 1841 ἀγνοεῖν
2859 1774 2953 1829 καὶ
3002 1774 3075 1828 τὰ
3119 1774 3287 1846 ψόγου
3346 1776 3442 1830 καὶ
3490 1776 3556 1830 τὰ
3606 1778 3799 1831 ἐπαίνου

2257 1861 2403 1928 ἀξια,
2438 1864 2532 1916 καὶ
2582 1863 2669 1917 διὰ
2721 1862 2881 1918 τοῦτο
2932 1865 3249 1936 συγχύσεως
3302 1866 3700 1938 ἐμπεπληκέναι
3729 1867 3804 1921 τὸν

2256 1952 2435 2022 λόγον.
2472 1954 2553 2007 Td:
2600 1955 2711 2024 γὰρ
2746 1954 3022 2025 ἀϐούλητα
3082 1959 3194 2020 τοῖς
3252 1958 3522 2022 ἑκουσίοις
3574 1960 3803 2029 κεράσας,

2259 2045 2572 2116 συγχύσεως
2609 2046 2811 2117 πολλῆς
2840 2047 2967 2115 τόγε
2997 2046 3198 2101 σαυτοῦ
3235 2048 3409 2119 μέρος
3440 2049 3506 2102 τὰ
3538 2048 3805 2120 πράγματα

2258 2136 2579 2206 ἐνέπλησας.
2613 2138 2688 2191 Τὸ
2734 2139 2834 2209 μὲν
2878 2138 2987 2208 γὰρ
3021 2135 3163 2193 εἶναι
3221 2140 3500 2208 Εὑσέϐιον,
3553 2142 3623 2206 ὡς
3673 2142 3805 2213 ἔφης,

2257 2229 2587 2301 ἀνθρώπιον,
2646 2231 2844 2302 μικρὸν
2889 2230 2988 2302 μὲν
3029 2229 3090 2284 se
3134 2232 3319 2302 σῶμα,
3371 2235 3591 2306 aiaxpr
3632 2235 3684 2289 δὲ
3728 2236 3809 2306 τὴν

2256 2323 2400 2393 ὄψιν,
2431 2322 2710 2393 βάρϐαρον
2732 2323 2789 2376 δὲ
2810 2323 2909 2394 τὴν
2937 2325 3206 2393 γλῶτταν,
3240 2326 3325 2389 είς
3353 2326 3518 2397 ψόγον
3546 2327 3702 2382 αὐτοῦ
3726 2330 3808 2384 οὐκ

2258 2416 2539 2482 ἀνάγεται,
2566 2413 2824 2483 ἀληθείας
2841 2414 3191 2487 δικαζούσης.
3214 2416 3297 2470 Τὰ
3319 2418 3421 2488 μὲν
3442 2416 3549 2490 γὰρ
3575 2419 3713 2490 παρὰ
3731 2417 3808 2489 τὴν

2258 2507 2442 2576 φύσιν,
2464 2507 2524 2561 τὸ
2539 2507 2595 2560 δὲ
2608 2507 2757 2579 παρὰ
2775 2509 2874 2577 τὴν
2890 2508 3207 2580 ἀνατροφὴν
3219 2526 3280 2579 γε
3290 2511 3541 2580 γένηται·
3559 2510 3617 2563 τδ
3629 2510 3681 2564 δὲ
3694 2504 3810 2565 εἶναι

2257 2600 2350 2653 τὸν
2372 2602 2580 2671 τρόπον
2618 2600 3039 2673 μιξοδάρὸαρον,
3085 2604 3181 2655 καὶ
3204 2603 3306 2673 τὴν
3330 2603 3574 2673 γλῶτταν
3600 2603 3809 2675 ἀκρατῆ.

2259 2692 2355 2744 κοιλ⁸
2378 2692 2469 2744 τὸν
2504 2690 2677 2762 θυμὸν
2706 2692 2971 2764 θηριώδη,
3001 2694 3095 2747 καὶ
3114 2696 3179 2765 τῇ
3228 2696 3402 2767 ἀρετῇ
3443 2696 3709 2767 πολέμιον,
3737 2694 3812 2748 καὶ

2259 2785 2323 2855 τῇ
2357 2783 2525 2853 κακία
2548 2783 2862 2855 σύμμαχονο
2905 2771 3033 2848 τους
3090 2786 3189 2856 μὲν
3239 2786 3352 2858 γὰρ
3394 2787 3701 2849 σπουδαίους
3742 2783 3813 2849 ἐξ·

2259 2875 2593 2948 οστρακίζει,
2627 2878 2749 2940 τοὺς
2776 2876 2833 2929 δὲ
2854 2877 3091 2946 φαύλους
3116 2882 3445 2950 συγκροτεῖ·
3475 2879 3614 2933 τοῦτ’
3634 2875 3815 2947 ἀληθῶς

2261 2970 2393 3040 παρ’
2437 2970 2602 3023 αὐτὸν
2654 2968 2935 3037 γίγνεται,
2982 2970 3078 3023 καὶ
3125 2971 3685 3042 πάσης’συγγνώμης
3723 2967 3817 3021 ἐστὶ

2187 3089 2232 3149 c
2267 3061 2470 3134 μεῖζον.
2494 3059 2698 3113 Μαθὼν
2720 3056 2813 3113 οὖν
2852 3060 2904 3114 τί
2934 3059 3150 3131 ψέγειν,
3200 3063 3296 3116 καὶ
3345 3064 3398 3118 τί
3444 3064 3680 3118 ἐπαινεῖν
3701 3058 3814 3125 δέοι,

2274 3153 2349 3226 μὴ
2382 3150 2800 3222 ἀπερισκέπτως
2829 3152 2910 3215 είς
2937 3152 3195 3224 ἑκάτερον
3225 3153 3422 3227 χώρει.

2723 3262 2904 3316 PMA'.
2936 3293 3006 3302 -
3049 3264 3396 3338 ΔΙΟΝΥΣΙῼ.

582 3350 629 3405 Α
667 3353 933 3424 republica
965 3354 1192 3424 gerenda
1226 3353 1554 3420 dehortatur,
1594 3370 1655 3409 ne
1714 3361 2433 3498 cura(rémtfnegotioruuitg§e
2466 3353 2712 3494 Ῑιὲἕξήιιδ
2765 3355 3041 3411 obruatur.
3074 3336 3357 3412 Privatam
3388 3336 3548 3414 vitam
3591 3356 3821 3411 tutiorem.

1909 3443 1972 3480 on
2001 3444 2077 3484 er.
2107 3436 2262 3498 epist.
2429 3442 2473 3481 et
2610 3462 2625 3478 .

1909 3436 2077 3498 aufer.
2107 3436 2262 3499 epist.
2304 3436 2408 3484 105
2429 3442 2473 3481 et
2499 3436 2625 3480 4-53.

652 3537 881 3605 Quando
910 3535 1130 3606 quidem
1162 3536 1230 3591 ad
1252 3534 1433 3590 civilia
1458 3536 1669 3604 negotia
1702 3536 1903 3605 impetu
1930 3539 2162 3606 quodam

585 3628 788 3699 ingenti
809 3627 936 3681 ferri
958 3627 1090 3681 mihi
1106 3626 1327 3690 videris,
1349 3625 1503 3695 quasi
1517 3624 1738 3695 gloriam
1754 3625 1820 3679 iis
1838 3627 2163 3696 adepturus:

586 3720 780 3777 hortor
824 3735 892 3773 ne
925 3720 978 3772 in
1019 3717 1239 3788 pelagus
1292 3726 1344 3771 te
1395 3732 1646 3771 curarum
1681 3716 1963 3785 coniicias.
2016 3718 2165 3775 Noin

585 3810 731 3865 enim
775 3810 966 3877 probe,
998 3806 1141 3872 quod
1178 3807 1244 3859 iis
1287 3815 1602 3861 attenuatus
1650 3817 1815 3876 atque
1865 3807 2169 3874 confectus,

589 3913 768 3968 neque
814 3898 906 3967 qui
954 3898 1119 3953 utiles
1173 3896 1480 3953 consulenti
1536 3898 1632 3955 tibi
1693 3900 1935 3955 rationes
1998 3900 2125 3955 deut
2153 3940 2169 3967 ,

590 3990 952 4054 nancisceris,
983 3991 1076 4046 sed
1102 3990 1240 4046 irriti
1265 4001 1613 4047 evanescent.
1641 3991 1828 4061 Neque
1853 3991 1998 4047 enim
2020 3992 2166 4048 voles

590 4082 656 4135 ad
687 4092 920 4136 mentem
963 4081 1423 4153 sobrietatemque
1465 4084 1646 4138 redire
1672 4123 1687 4148 ,
1741 4084 1836 4136 sed
1886 4083 2164 4139 interitum

589 4158 840 4245 quidem,
884 4174 936 4227 in
967 4191 1126 4244 quem
1188 4181 1373 4230 tenues
1398 4214 1414 4239 ,
1459 4175 1808 4242 providebis,
1859 4182 1917 4227 vt
1958 4174 2011 4227 in
2042 4188 2166 4227 eum

596 4266 765 4319 veluti
801 4275 1097 4321 torrentem
1124 4268 1350 4321 adactus
1392 4280 1640 4335 prmceps
1657 4265 1871 4330 feraris,
1911 4263 2168 4334 opitulari

2359 3537 2577 3610 Ἐπειδὴ
2644 3536 2765 3590 λίαν
2804 3554 2897 3607 μοι
2977 3536 3156 3601 δοκεῖς
3227 3537 3531 3612 ὡρμῆσθαι
3596 3537 3724 3609 πρὸς
3769 3533 3825 3589 τὰ

2275 3629 2529 3684 πολιτικά
2579 3628 2907 3699 πράγματα,
2946 3628 3022 3692 ὼς
3058 3630 3274 3693 πάντως
3320 3635 3383 3687 ὲν
3426 3634 3610 3695 αὐτοῖς
3656 3629 3829 3683 εὐδοκιο

2277 3723 2489 3793 μήσων,
2539 3719 2790 3791 παραινῶ
2827 3721 2903 3790 μὴ
2941 3722 3137 3775 σαυτὸν
3195 3721 3275 3785 είς
3327 3723 3567 3792 πέλαγος
3615 3719 3827 3793 ἐμϐάλῃς

2290 3812 2609 3885 φροντίδων.
2640 3806 2713 3866 Εὖ
2743 3812 2852 3884 γὰρ
2883 3810 2998 3884 (ﬂ)
3045 3812 3174 3878 ἴσθι,
3229 3814 3315 3868 ὅτι
3366 3815 3689 3886 περιπαρεὶς
3742 3809 3825 3864 αὐ-

2272 3907 2415 3968 ταῖς,
2446 3901 2572 3957 οὔτε
2621 3902 2750 3967 τοὺς
2796 3902 2865 3956 τά
2921 3902 3171 3974 χρήσιμά
3219 3920 3306 3957 σοι
3357 3901 3829 3975 συμὸουλεύσοντας

2273 3992 2567 4062 λογισμοὺς
2599 3992 2888 4063 εὑρήσεις,
2924 3991 3064 4048 ἀλλά
3109 3991 3335 4063 φροῦδοι
3384 3994 3716 4065 οἰχήσονται,
3736 3984 3826 4041 οὔθ’

2273 4082 2402 4137 ὅταν
2438 4080 2695 4155 θελήσῃς,
2728 4079 3024 4153 ἀνανήψεις
3056 4098 3070 4113 ο
3096 4082 3233 4137 ἀλλά
3260 4083 3365 4155 τὴν
3421 4084 3524 4155 μὲν
3559 4082 3816 4138 ἀπώλειαν,

2274 4174 2354 4235 εἰς
2400 4173 2466 4244 ἣν
2486 4170 2855 4241 τελευτήσεις,
2888 4170 3117 4242 προόψει
3167 4171 3426 4243 καθάπερ
3460 4171 3566 4224 ὑπὸ
3597 4168 3817 4241 ῥεύματος

2276 4264 2356 4327 εἰς
2395 4262 2565 4333 αὐτὴν
2614 4261 2951 4332 φερόμενος·
3009 4260 3278 4333 βοηθῆσαι
3312 4262 3371 4316 δὲ
3420 4261 3608 4332 σαυτῷ
3673 4259 3822 4313 ἀδυνα-

590 4371 718 4413 vero
771 4358 864 4413 tibi
910 4375 1013 4412 non
1062 4360 1281 4426 poteris.
1330 4357 1466 4411 Dum
1508 4359 1692 4427 itaque
1735 4358 1974 4413 nondum
2028 4371 2164 4427 pra:-

2275 4356 2478 4427 τήσεις.
2512 4355 2657 4419 Ἕως
2687 4352 2779 4409 οὖν
2807 4355 3160 4425 ἀπρόληπτος
3192 4350 3261 4419 εἴ,
3312 4354 3613 4427 βούλευσαι
3636 4353 3687 4408 τὺ
3711 4348 3822 4404 δέονο

588 4463 883 4519 occupatus
913 4451 1009 4515 sis,
1045 4452 1191 4519 quod
1223 4454 1276 4505 in
1308 4466 1419 4504 rem
1455 4458 1539 4504 est
1570 4460 1740 4515 tuam,
1770 4449 2032 4504 delibera.

801 4561 967 4634 596
993 4560 1196 4617 CXLII.
1220 4590 1292 4602 --
1315 4557 1591 4615 SERENO
1624 4556 1954 4614 TRIBUNO.

2555 4559 2738 4614 PMB’.
2775 4588 2848 4601 -—
2885 4558 3160 4631 ΣΕΡΗΝῼ
3211 4559 3586 4631 ΤΡΙΒΟΥΝῼ.

1309 4651 1507 4708 Contra
1539 4654 1839 4709 avaritiam.
1871 4653 2049 4724 (Conf.
2079 4654 2164 4724 cpi.

2276 4653 2365 4716 55,
2394 4650 2485 4715 67,
2518 4652 2640 4719 tos,
2682 4653 2805 4721 ist,
2849 4651 2973 4717 us.
3010 4650 3157 4723 ιιι.)

664 4760 918 4815 Avaritite
975 4761 1158 4832 gravis
1212 4770 1296 4815 est
1348 4761 1568 4816 morbus
1600 4799 1616 4825 ,
1673 4769 1975 4830 curatoque
2038 4773 2171 4816 sane

596 4849 849 4915 diﬂicilis,
894 4866 1067 4919 neque
1105 4852 1394 4921 exquisitis
1435 4852 1599 4907 atteri
1655 4851 1964 4918 pharmacis
2018 4850 2178 4908 facile

595 4946 780 5009 queat,
801 4940 900 4993 nisi
919 4940 1038 5007 quis
1059 4943 1151 4995 illo
1175 4942 1304 4998 vitio
1328 4951 1518 5012 captus
1539 4940 1754 5007 aluero,
1777 4943 1919 5011 quod
1934 4950 2177 5011 putatur,

599 5029 848 5083 absistat.
886 5027 1026 5094 Dixi,
1059 5031 1197 5100 quod
1231 5041 1470 5101 putatur,
1495 5033 1623 5102 quia
1652 5046 1843 5102 reapse
1882 5033 2177 5087 maximum

601 5129 686 5172 est
717 5118 969 5173 damnum
1011 5134 1075 5175 ac
1116 5137 1276 5178 noxa.
1307 5123 1405 5178 Cui
1447 5124 1493 5179 si
1530 5123 1652 5193 quis
1682 5138 1791 5179 non
1833 5123 2041 5189 credat,
2073 5123 2182 5178 Deo

2352 4759 2427 4812 Τὸ
2454 4759 2628 4814 δεινὸν
2672 4760 2767 4815 καὶ
2805 4761 3076 4828 δυσίατον,
3117 4760 3213 4815 καὶ
3263 4763 3381 4825 τοῖς
3426 4753 3830 4826 ἐπινενοημένοις

2284 4852 2597 4923 φαρμάκοις
2635 4853 3051 4923 ὲπιτριὸὀμενον
3084 4852 3286 4922 μᾶλλον
3300 4852 3407 4922 τῆς
3439 4841 3831 4922 φιλοχρηματίας

2284 4944 2518 5014 νόσημα.
2542 4943 2717 5008 ἄλλως
2761 4945 2825 4997 οὗ
2866 4943 3042 5014 λήξει,
3077 4944 3128 4996 εἰ
3170 4944 3245 5015 μὴ
3274 4942 3374 4997 τοῦ
3417 4940 3700 5000 δοκοῦντος
3719 4930 3832 4987 εἶναι

2286 5033 2517 5106 κέρδους
2565 5035 2837 5104 ἀποσταίη
2883 5036 2913 5088 ὁ
2965 5032 3149 5099 ἀλούςο
3198 5034 3535 5099 δοκοῦντος
3587 5030 3642 5083 δὲ
3693 5021 3834 5079 εἷπον.

2287 5124 2477 5195 ἐπειδὴ
2525 5123 2605 5195 τῷ
2661 5124 2774 5179 δντι
2826 5124 3000 5196 ζημία
3061 5123 3181 5178 ἐστὶ
3230 5124 3494 5194 μεγίστη.
3546 5120 3609 5174 Εί
3666 5114 3720 5169 δέ
3771 5120 3840 5196 τις

603 5206 769 5278 iudici
825 5210 1050 5264 credere
1098 5225 1195 5277 par
1239 5221 1323 5267 est
1370 5213 1442 5267 ita
1503 5213 1924 5283 pronuntianti:
1965 5231 1984 5264 ι
2040 5212 2164 5279 Quit

2290 5216 2541 5281 ἀπιστεῖ,
2569 5215 2859 5287 πεισθῆναι
2893 5216 3102 5280 δίκαιος
3133 5215 3198 5271 ἂν
3230 5214 3319 5285 εἴη
3349 5213 3431 5285 τῷ
3473 5209 3602 5280 θείῳ
3642 5195 3838 5263 Δικααῇ

679 5364 724 5397 ³³
766 5364 804 5421 li
840 5365 983 5422 Tim.
1021 5383 1082 5433 tt,
1120 5369 1174 5422 5.
1252 5369 1297 5399 ²³
1331 5368 1519 5423 .‘llattb.
1552 5385 1601 5434 v,
1628 5368 1721 5424 9.8.

1710 5521 1938 5577 νΑιιιιΕ
1973 5521 2361 5579 LECTIONES
2396 5523 2480 5578 ΕΤ
2511 5523 2746 5580 NOTAE.

690 5680 802 5752 (Η)
843 5678 944 5737 Pro
976 5674 1034 5735 εὖ
1065 5679 1172 5751 γὰρ
1206 5681 1362 5735 ambo
1389 5681 1543 5734 codd.
1577 5681 1756 5748 legunt
1785 5681 1831 5732 ei
1862 5681 1990 5751 γάρ.
2032 5680 2244 5736 Possm.
