4078 6426
447 429 585 493 1409

1283 420 1819 482 EPISTOLARUM
1855 419 2002 480 LIB.
2038 421 2108 481 ν.
2134 444 2204 457 -
2243 421 2479 483 EPIST.
2521 423 2770 482 CXLIV.

3576 418 3714 487 1410

442 545 710 614 φήσαντι·
761 559 781 593 ι
840 532 906 594 Τί
964 539 1072 611 γὰρ
1122 535 1396 606 ὠφελήσει
1451 534 1763 606 ἄνθρωπον,
1816 534 1912 587 ὲάν
1940 531 2009 586 τὸε

2141 534 2364 604 prodest
2404 535 2610 589 homini
2639 574 2654 599 ,
2707 537 2751 590 si
2790 536 3100 590 universum
3151 537 3408 592 mundum
3445 523 3708 606 lucretur,

441 635 646 706 κόσμον
673 633 794 688 ὅλον
817 633 1081 705 κερδήσῃ.
1104 629 1204 699 τὴν
1224 628 1279 680 δὲ
1295 626 1475 698 ψυχήν
1500 626 1666 680 αὐτοῦ
1691 624 2016 695 ζημιωθῇς»

2133 623 2326 678 animae
2350 639 2476 678 vero
2510 639 2618 678 sua:
2641 622 2910 692 iacturam
2945 623 3106 679 faciat
3127 626 3207 679 "‘2
3237 646 3254 679 ›
3286 625 3342 681 Si
3371 628 3554 700 itaque
3589 645 3710 684 cor-

441 725 504 778 Εἰ
550 725 662 796 γὰρ
705 725 802 778 τοῦ
839 725 1094 792 συνάγειν
1145 719 1418 790 ἀποσταίη
1467 717 1610 772 κατά
1664 716 1881 787 μικρὸν,
1923 715 2009 768 καΊ

2124 716 2316 770 radere
2371 715 2634 786 paulatim
2707 717 2956 779 desinat,
3011 727 3066 772 et
3135 720 3200 772 ad
3263 719 3713 776 distribuendum

439 815 520 878 εἰς
558 816 634 870 ,τὸ
682 815 1008 887 μεταδοῦναι
1063 812 1204 884 ἣξει,
1261 809 1356 863 καὶ
1420 809 1502 872 εἰς
1545 807 1758 861 τελείαν
1810 807 2009 876 ὑγίειαι

2119 805 2396 876 largiendo
2446 807 2661 873 veniat,
2700 806 2747 861 is
2799 807 3066 876 integram
3115 812 3464 881 recuperabit
3497 811 3709 868 valeto»

439 909 967 980 ἀνακομισθήσεται.

769 1017 948 1072 ΡΜΓ.
982 1045 1052 1057 --
1079 1013 1353 1082 ΣΕΡΗΝῼ
1379 1009 1704 1083 ΔΙΑΚΟΝῼ.

2117 897 2323 952 dinem.

2415 1003 2650 1062 CXLIII.
2675 1035 2748 1048 --
2778 1001 3048 1062 SERENO
3089 1007 3408 1068 DIACONO.

1407 1103 1561 1160 Caeca
1591 1102 1836 1157 uindicta
1880 1099 2142 1170 cupiditas
2183 1097 2377 1154 multos
2413 1099 2740 1170 pessumdat.

521 1215 743 1290 Ἐπειδὴ
799 1216 864 1272 τδ
933 1217 1114 1272 κοινὸν
1186 1214 1344 1288 μῖσος
1413 1199 1730 1286 ἀνθρώποις
1810 1210 2024 1282 μάλιστ’

435 1312 668 1366 ἄπιστον
697 1306 1013 1365 εἶναιδοκεῖ
1059 1311 1140 1372 εἰς
1173 1307 1376 1377 φιλίαν,
1430 1307 1525 1360 καὶ
1574 1307 1632 1359 ὲν
1671 1302 1888 1366 πολλοῖς
1909 1302 2026 1356 δια-

2197 1211 2424 1280 Quando
2496 1226 2785 1267 commune
2845 1212 3028 1268 odium
3098 1213 3403 1269 hominibus
3471 1216 3706 1270 maxime

2123 1301 2348 1358 inﬁdum
2393 1318 2520 1359 esse
2564 1303 2632 1358 ad
2681 1302 2978 1359 amicitiam
3019 1304 3302 1370 videatur,
3334 1313 3388 1359 et
3426 1305 3478 1360 in
3524 1307 3705 1359 multis

437 1403 756 1475 φερόμενοι,
809 1403 867 1456 ὲν
917 1400 1149 1464 ἐκείνοις
1210 1398 1622 1472 συμϐαίνουσιν,
1665 1397 1722 1449 ἐν
1769 1389 1852 1458 οἷς
1896 1395 2009 1458 τοὺς

2123 1396 2512 1452 dissentientes
2566 1396 2620 1450 in
2673 1395 2740 1450 iis
2780 1396 3166 1460 consentiant,
3202 1398 3253 1449 in
3304 1398 3500 1466 quibus
3539 1399 3700 1452 etiam

438 1497 638 1560 αὐτοὺς
711 1493 942 1566 ἐχθροὺς
1030 1491 1313 1563 ἡγοῦνται.

1403 1491 1485 1545 Πα
1495 1487 1868 1561 ραφυλακτέον
1948 1485 2009 1540 τὰ

2127 1487 2274 1557 ipsos
2323 1487 2484 1543 simul
2519 1502 2704 1542 secum
2765 1487 3110 1544 adversarios
3153 1487 3270 1542 fore
3319 1489 3702 1555 arbitrantur;

433 1587 696 1642 τοιαῦταο
759 1585 996 1658 μάλιστα
1051 1585 1152 1656 μὲν
1197 1583 1306 1656 γὰρ
1353 1579 1763 1652 φιλοσοφητέον,
1797 1578 1892 1633 καὶ
1915 1578 2009 1631 οὐκ

2131 1579 2430 1636 cavendum
2467 1591 2553 1636 est
2605 1595 2672 1636 ne
2735 1580 2890 1635 alteri
2952 1589 3143 1635 contra
3197 1580 3426 1636 alterum
3469 1580 3704 1635 fcra'mus

431 1678 723 1749 ἀμυντέον.
751 1678 816 1730 Ei
854 1676 912 1730 δὲ
961 1675 1176 1730 οὐδέπω
1226 1674 1476 1740 δυνατὸν,
1535 1669 2012 1744 παραφυλακτέον,

434 1770 648 1840 μήποτε
708 1767 922 1840 θατέρῳ
969 1766 1110 1821 κατά
1168 1764 1263 1820 τοῦ
1313 1765 1501 1837 ἐτέρου
1571 1761 2012 1835 συμπράξαντες,

2125 1671 2404 1725 auxilium.
2445 1669 2599 1738 Quod
2642 1670 2687 1726 si
2723 1685 2789 1724 ne
2819 1670 2922 1724 ltoc
2967 1669 3185 1740 quidem
3221 1670 3336 1725 ﬁeri
3365 1671 3580 1740 possit,
3612 1685 3704 1725 ca-

2123 1761 2354 1816 vendum
2390 1775 2456 1816 ne
2486 1775 2652 1816 unum
2693 1776 2792 1832 pro
2823 1761 2930 1816 alio
2963 1762 3387 1826 committentes,
3420 1770 3478 1816 ut
3527 1763 3704 1816 videa~

429 1859 580 1921 ὅπως
611 1857 854 1928 δόξωμεν
883 1855 1003 1921 ἑνὸς
1047 1855 1244 1928 ἐχθροῦ
1291 1851 1750 1918 ἀπαλλάττεσθαι,
1787 1851 2009 1924 ὕστερον

2121 1865 2242 1906 mur
2276 1867 2442 1906 unum
2465 1855 2694 1908 evadere
2717 1852 3018 1917 inimicum,
3055 1855 3269 1908 tandem
3293 1853 3395 1923 ipsi
3417 1854 3700 1924 capiamur

429 1947 527 2000 καὶ
553 1947 705 2000 αὐτοὶ
733 1945 954 2016 ἁλῶμεν
992 1945 1070 2017 τῷ
1106 1945 1440 2018 ἰσχυροτέρῳ
1469 1943 1579 2000 ἀπὸ
1607 1942 1708 2014 τῆς
1739 1942 2009 2017 ἡμετέρας

2121 1942 2192 1998 ab
2222 1957 2310 2010 eo,
2336 1944 2426 2014 qui
2455 1952 2644 2000 nostra
2668 1943 2826 1998 fortis
2847 1952 2931 1999 est
2967 1943 3208 1999 redditus
3250 1944 3533 2004 societate.

435 2041 758 2112 συμμαχίας
790 2056 992 2112 γεγενη
1001 2041 1168 2112 μένῳ,

876 2151 1054 2206 PMA'.
1080 2179 1150 2190 -
1175 2147 1555 2222 ΜΑΚΡΟΒΙῼ.

2537 2137 2768 2198 CXLIV.
2802 2172 2874 2186 —
2907 2140 3276 2200 MACROBIO.

1089 2241 1378 2312 Nunquam
1409 2258 1441 2296 tt
1463 2240 1730 2310 spirilunli
1778 2255 1954 2310 pugna
1985 2237 2317 2292 cessandum.
2349 2231 2586 2306 (Confer.
2619 2235 2770 2302 epist.
2814 2234 2902 2300 18,
2929 2234 3047 2306 28.)

499 2348 594 2423 Μὴ
641 2350 721 2422 τῷ
767 2349 970 2423 ἀπαξῆ
1028 2351 1281 2424 δεύτερον
1331 2353 1678 2424 νενικηκέναι
1705 2351 1798 2406 τὸν
1844 2349 2018 2422 θυμὸν

428 2443 532 2496 καὶ⁵
549 2442 649 2514 τὴν
676 2442 996 2515 ἐπιθυμίαν,
1027 2443 1096 2497 τά
1123 2443 1232 2498 τῶν
1258 2443 1433 2498 ἀλλων
1455 2443 1642 2498 παθῶν
1675 2441 2008 2514 τυραννικώ-

421 2550 586 2604 τερα,
638 2535 917 2604 ἀναπέσῃς
984 2535 1079 2588 καὶ
1125 2534 1356 2607 νομίσῃς
1395 2533 1577 2588 τέλεον
1633 2533 2012 2604 νενικηκέναι,

421 2627 523 2679 καὶ
560 2627 738 2698 πάσης
796 2625 1143 2698 ἀπηλλάχθαι
1196 2626 1407 2698 μάχης*
1457 2626 1594 2681 ἀλλά
1644 2625 1723 2698 τῷ
1776 2626 2012 2698 μάλιστα

420 2716 791 2788 νενικηκέναι,
831 2717 1098 2790 ἀγρύπνει
1125 2719 1220 2774 καὶ
1251 2719 1526 2790 φρόντιζε,
1574 2721 1785 2791 μήποτε
1813 2719 1908 2772 καὶ
1937 2718 2011 2772 τά

423 2810 672 2882 πρότερα
699 2810 938 2877 τρόπαια
981 2811 1358 2884 ἀμαυρωθείη.
1389 2811 1582 2866 Πολλοὶ
1621 2813 1752 2884 γὰρ,
1779 2811 1842 2864 οὗ
1867 2827 2008 2882 φημι

421 2903 630 2972 τρίτον,
654 2901 790 2956 ἀλλά
819 2903 1080 2975 μυριάκις
1103 2900 1470 2974 νενικηκότες,
1493 2901 1718 2974 ὕστερον
1739 2901 2006 2964 ἑάλωσαν,

405 2990 524 3043 ’καὶ
554 2988 788 3044 ἐλεεινὸν
813 2991 1140 3062 γεγένηνται
1182 2990 1362 3060 θέαμα
1393 2989 1533 3061 μετά
1559 2991 1628 3045 τὰ
1669 2989 1837 3044 πολλά
1883 2989 2008 3062 τρό-

423 3097 567 3133 παια
598 3080 934 3152 αἰχμάλωτοι
978 3079 1337 3152 ἀπαχθέντες.
1385 3079 1558 3134 Τοῦτο
1585 3079 1694 3150 γάρ
1749 3081 2006 3151 ἐννοήσας

421 3187 509 3234 τις
541 3173 606 3225 ὲκ
631 3141 725 3224 τόδ
769 3141 1130 3226 ἀποστολικοϐ
1175 3141 1338 3242 χορόῦ
1369 3170 1519 3238 ἐϐόα,
1564 3141 1737 3240 λέγων
1768 3185 1783 3202 ο
1819 3189 1838 3222 ι
1871 3141 2004 3224 ιξλέλ
2034 3141 2080 3202 c

422 3277 581 3327 πετε,
641 3262 718 3334 μὴ
771 3263 1076 3335 ἀπολέσητε
1129 3261 1160 3316 ὃ
1222 3261 1577 3333 εἰργάσασθε,
1629 3262 1768 3317 ἀλλά
1814 3263 2007 3333 μισθὸν

423 3353 611 3426 πλήρη
653 3353 990 3424 ἀπολάϐητε.
1021 3371 1049 3405 ιο
1103 3353 1218 3406 Καὶ
1253 3353 1464 3416 Παῦλος
1489 3353 1568 3419 δὲ,
1617 3357 1646 3408 ὁ
1679 3353 1850 3426 μυρία
1879 3354 2006 3425 τρό-

422 3457 568 3495 παια
584 3441 726 3496 κατά
751 3442 850 3512 τῆς
881 3439 1126 3512 ἐμφύτου
1164 3440 1460 3512 ἐπιθυμίας
1514 3443 1716 3513 στήσας
1741 3457 1760 3472 τ
1787 3461 1805 3493 ι
1829 3442 2009 3495 Ύπω-

419 3532 612 3598 πιάζω
633 3551 733 3605 μου
755 3534 816 3588 τὸ
849 3533 1006 3606 σῶμα
1043 3533 1139 3589 καὶ
1179 3533 1526 3604 δουλαγωγῶ,
1575 3534 1648 3606 μή
1681 3551 1796 3597 πως
1825 3535 2008 3600 ἀλλοις

419 3625 693 3698 κηρύξας,
715 3626 878 3688 αὐτὸς
911 3625 1169 3697 ἀδόκιμος
1205 3627 1474 3696 γένωμαι.
1507 3644 1526 3678 ι
1563 3627 1718 3698 ’ᾙδει
1743 3624 1872 3698 γάρ,
1909 3623 2004 3680 ἅτε

418 3718 818 3788 διεσκεμμένος
856 3717 1018 3790 ἀνὴρ,
1053 3719 1148 3771 καὶ
1178 3719 1254 3788 μὴ
1293 3719 1712 3790 ἀπερισκέπτως
1757 3720 1838 3782 εἰς
1878 3719 2006 3784 τοὺς

420 3809 646 3877 ἀγῶνας
673 3807 886 3880 χωρῶν,
915 3809 1011 3862 καὶ
1043 3807 1138 3860 τοῦ
1169 3807 1416 3862 διαϐόλου
1457 3807 1556 3871 τὰς
1607 3809 1876 3878 μηχανὰς,
1909 3809 2006 3864 καὶ

417 3913 526 3982 τῆς
561 3911 760 3984 σαρκὸς
791 3909 888 3982 τὴν
912 3910 1284 3964 ἐπανάστασιν
1315 3911 1414 3980 (ὅτι
1451 3911 1481 3962 ό
1521 3909 1619 3981 μὲν
1660 3913 1779 3974 ταῖς
1809 3911 2004 3981 ἥτταις

423 3985 632 4076 μᾶλλον
675 4002 1064 4074 παροξύνεται)
1115 4001 1210 4056 καὶ
1237 4002 1338 4056 οὐκ
1381 3999 1536 4067 εἰδὼς
1562 4001 1658 4074 τὴν
1692 4002 1750 4069 ἐξ
1789 4001 2004 4067 εὐθείας

421 4099 610 4168 μάχην
637 4113 651 4126 ·
694 4097 838 4152 ἑάλω
883 4095 992 4167 γὰρ
1045 4095 1110 4150 ἂν
1155 4095 1352 4168 ῥᾳδίως
1380 4113 1394 4127 ·
1432 4095 1614 4166 φιλίας
1661 4099 2005 4169 προσωπεῖον

420 4188 646 4254 ὑποδὺς,
691 4189 818 4250 τοὺς
867 4187 1221 4250 νενικηκότας
1261 4186 1526 4250 πολλάκις
1569 4189 1769 4253 ὕπτιοϊ,
1801 4187 1897 4240 καὶ
1925 4188 2004 4250 ὡς

417 4277 680 4332 οὐδέποτε
721 4275 1119 4348 ἡττηθήσονται
1167 4277 1478 4348 ἀπατήσας,
1531 4275 1768 4342 ἐκλύσας
1805 4293 1866 4330 τε
1911 4275 2004 4332 τὸν

419 4371 610 4435 πόνον,
639 4369 736 4423 καὶ
764 4368 865 4441 τὴν
896 4369 1254 4440 παρασκευὴν
1272 4369 1492 4424 ἃπασαν
1514 4369 1798 4436 διαλύσας,
1829 4369 2002 4434 οὕτως

2186 2345 2369 2401 Semel
2402 2345 2710 2415 iterumque
2741 2345 2786 2399 si
2827 2346 3024 2402 viceris
3053 2347 3199 2400 iranr
3231 2347 3694 2420 cupiditatemth

2114 2439 2259 2509 (quae
2288 2437 2572 2506 majorem,
2605 2453 2769 2508 quam
2805 2449 3018 2494 caetera:
3051 2440 3218 2493 animi
3259 2443 3698 2510 perturbationes

2117 2529 2461 2600 tyrannidem
2511 2527 2818 2596 exercent),
2875 2545 2942 2585 ne
2989 2531 3370 2598 conquiescas,
3431 2542 3700 2602 putesque

2112 2621 2272 2692 plane
2311 2630 2362 2674 te
2408 2621 2671 2676 victorem
2721 2621 2983 2692 omnique
3011 2621 3326 2677 deluuctum
3372 2626 3694 2681 certamine.

2111 2710 2312 2767 Verum
2344 2725 2468 2766 curn
2499 2711 2738 2766 maxime
2765 2711 2985 2779 viceris,
3032 2712 3192 2782 vigila
3257 2723 3312 2768 et
3357 2714 3422 2768 da
3451 2730 3698 2785 operam,

2111 2821 2180 2863 ne
2230 2807 2413 2876 priora
2471 2805 2836 2860 obscurentur
2893 2813 3114 2874 πορεία.
3171 2805 3320 2860 Multi
3384 2809 3527 2862 enim
3589 2823 3696 2864 non

2111 2901 2287 2954 dicam
2319 2909 2418 2964 ter,
2443 2898 2538 2952 sed
2591 2896 2789 2952 millies
2818 2898 3046 2952 victoria
3093 2899 3272 2967 potiti,
3306 2901 3446 2968 capti
3480 2904 3694 2955 tandem

2110 3001 2261 3060 sunt,
2323 2992 2804 3059 miserandumque
2869 2989 2989 3046 aliis
3060 2989 3186 3044 facti
3241 2993 3619 3062 Spectaculntn
3678 3011 3692 3048 ι

2110 3091 2340 3156 postque
2393 3083 2563 3137 multa
2611 3083 2678 3136 de
2723 3081 2973 3138 hostibus
3019 3082 3194 3152 posita
3235 3085 3459 3152 tropaea,
3496 3084 3695 3154 captivi

2112 3177 2328 3231 tandem
2357 3173 2574 3230 abducti
2595 3181 2743 3228 sunt.
2773 3173 2926 3240 Quod
2951 3174 3173 3244 quidam
3201 3175 3482 3244 apostolici
3509 3177 3691 3248 gregis

2109 3268 2356 3322 clamans
2388 3267 2468 3321 sic
2517 3265 2757 3320 extulit:
2793 3283 2813 3317 ι
2862 3263 3095 3328 Videte,
3161 3281 3228 3322 ne
3283 3269 3525 3336 pcrdatis
3569 3282 3698 3339 quae

2108 3361 2316 3432 operati
2359 3360 2516 3422 estis,
2587 3358 2682 3413 sed
2732 3367 2792 3413 ut
2839 3361 3144 3414 mercedem
3195 3361 3406 3430 plenam
3456 3365 3693 3432 accipia-

2111 3454 2182 3506 tis
2207 3452 2276 3506 ⁸⁸.
2310 3470 2331 3504 ι
2359 3451 2442 3505 Ad
2471 3450 2587 3504 bare
2610 3447 2834 3516 Paulus,
2885 3451 2979 3520 qui
3015 3461 3214 3519 tropaea
3266 3451 3498 3522 amplius
3546 3455 3696 3509 mille

2111 3545 2178 3622 de
2215 3545 2397 3598 innata
2443 3545 2622 3600 carnis
2653 3543 2952 3615 cupiditate
2987 3543 3178 3599 statuit
3215 3563 3230 3600 :
3269 3563 3288 3596 ι
3319 3543 3559 3616 Castigo,
3591 3547 3690 3612 ait,

2107 3651 2304 3709 corpus
2338 3651 2543 3701 meum,
2571 3637 2702 3693 etin
2729 3635 3042 3692 servitutem
3074 3635 3274 3707 redigo,
3307 3653 3374 3692 nc
3408 3636 3545 3694 forte
3566 3655 3686 3693 cum

2111 3731 2232 3786 aliis
2285 3730 2696 3799 pradicavero,
2769 3729 2884 3798 ipse
2957 3729 3220 3798 reprobus
3283 3728 3490 3784 eliiciar
3543 3730 3612 3784 ³⁸.
3662 3748 3685 3782 ›

2106 3821 2341 3878 Noverat
2365 3824 2533 3887 enim,
2563 3831 2748 3891 utpote
2776 3819 2931 3874 miles
2961 3819 3298 3874 exercitatus
3328 3821 3688 3892 certandique

2107 3923 2393 3986 gnarus,et
2417 3912 2616 3968 diaboli
2646 3912 2929 3969 machinas
2953 3950 2966 3975 ,
3003 3921 3060 3966 et
3087 3911 3268 3966 carnis
3315 3911 3685 3969 rebellionem.

2107 4004 2208 4062 Hic
2233 4005 2376 4060 enim
2393 4005 2614 4060 victusa
2637 4002 2790 4060 clade
2815 4005 2990 4076 surgit
3017 4004 3256 4060 alacrior
3278 4004 3690 4077 incitatiorque,

2105 4106 2162 4154 et
2194 4091 2318 4152 cum
2367 4094 2544 4164 palam
2594 4105 2894 4166 apertoque
2927 4094 3102 4150 Marte
3143 4096 3400 4165 congredi
3456 4098 3690 4160 nesciat,

2105 4203 2228 4244 cum
2257 4188 2338 4244 sic
2368 4200 2476 4242 non
2501 4185 2718 4242 diliieile
2749 4193 3136 4256 superaretur,
3187 4187 3444 4242 amicitia:
3483 4187 3691 4242 larvam

2109 4281 2305 4344 induit,
2335 4289 2499 4348 atque
2524 4279 2594 4334 ita
2627 4279 2863 4336 victores
2903 4279 3050 4348 ipsos
3078 4295 3187 4334 non
3217 4295 3344 4334 raro
3366 4281 3684 4349 prosternit,

2105 4371 2268 4443 597
2301 4380 2356 4426 et
2391 4371 2545 4442 quasi
2581 4385 2861 4440 nunquam
2909 4370 3157 4425 vincendi
3199 4379 3406 4436 essent,
3457 4370 3682 4432 deludit,

421 4463 624 4526 αὐτοὺς
667 4463 748 4526 εἰς
777 4460 840 4514 τὸ
872 4459 1146 4532 βάραθρον
1182 4459 1284 4530 τῆς
1329 4459 1619 4528 ἀσελγείας
1664 4463 2002 4530 κατήνεγκεν

2109 4461 2429 4531 dejectoque
2463 4461 2516 4516 in
2546 4459 2733 4515 labore
2759 4459 2943 4514 animo
2967 4497 2986 4523 ,
3015 4473 3343 4529 omnemque
3377 4459 3689 4516 dissolvens

431 4555 498 4608 Ἦ
519 4555 578 4606 δὲ
614 4552 842 4606 ὑπάττει
865 4552 978 4624 (l5)
1007 4551 1102 4606 καὶ
1127 4553 1345 4623 σκιρτᾷ,
1371 4552 1464 4604 καὶ
1488 4551 1610 4604 οὐδὲ
1636 4555 1750 4617 τοῖς
1769 4553 2007 4623 κατατή-

417 4662 614 4700 κουσιν
654 4645 826 4717 αὐτὴν
860 4644 1000 4699 εἴκει
1049 4643 1278 4716 ῥαδίως·
1323 4643 1438 4698 ἀλλ’
1482 4644 1777 4716 ήττηθεῖσα
1805 4645 2004 4698 πολ.λά-

418 4755 511 4799 κις
551 4736 610 4790 ὲν
649 4737 883 4805 νεότητι,
930 4737 990 4788 ἐν
1024 4737 1202 4806 γήρᾳ,
1259 4735 1640 4805 ἀνεμαχέσατο
1675 4733 1774 4798 τάς
1812 4733 2000 4805 ἥττας,

414 4829 518 4883 καὶ
540 4827 608 4884 τὰ
639 4827 869 4900 λαμπρά
891 4829 1075 4882 ἐκεῖνα
1102 4827 1342 4898 τρόπαια
1387 4828 1456 4880 τὰ
1500 4827 1620 4880 κατ’
1654 4827 1824 4896 αὐτῆς
1866 4827 1998 4896 ἐγη-

414 4922 665 4993 γερμένα
740 4921 994 4992 ἠφάνισε.
1039 4919 1135 4986 Τίς
1178 4915 1276 4973 οὖν
1323 4918 1496 4982 οὕτως
1551 4919 1804 4990 ἀνόητος,
1850 4917 2000 4988 ἣτις

411 5013 591 5076 οὕτως
613 5013 1045 5084 ἀπερίσκεπτος,
1065 5013 1212 5076 ὅστις
1247 5009 1390 5082 ὁρῶν
1433 5011 1524 5064 τὸν
1549 5010 1996 5082 πνευματοφόρον

411 5103 587 5174 ἄνδρα
631 5103 769 5173 μετὰ
817 5103 990 5173 μυρία
1035 5102 1278 5173 τρόπαια
1323 5099 1618 5170 ἐναγώνιον
1657 5099 1738 5171 τῷ
1784 5099 1992 5171 ἀπαξῆ

411 5195 670 5268 δεύτερον
695 5195 1117 5266 κεκρατηκέναι,
1165 5193 1586 5264 ὑπτιωθήσεται,
1622 5191 1718 5247 καὶ
1759 5191 1994 5256 ἐκλύσας

413 5289 517 5352 τὴν
559 5285 918 5357 παρασκευὴν
955 5287 1052 5340 καὶ
1095 5286 1196 5358 τὴν
1237 5285 1499 5353 ἀγωνίαν,
1546 5285 1816 5356 ἀήττητος
1853 5280 2002 5339 εἶναι

2110 4562 2429 4625 apparatum
2487 4553 2540 4606 in
2603 4551 2857 4622 abyssum
2915 4552 3061 4620 ipsos
3113 4560 3382 4621 proterva
3443 4551 3692 4606 libidinis

2101 4647 2340 4701 abduxit.
2369 4645 2500 4712 Quae
2540 4643 2708 4698 libido
2765 4651 2895 4698 tunc
2930 4643 3158 4714 insurgit
3193 4651 3354 4713 atque
3387 4643 3590 4707 exsilit,
3629 4655 3685 4696 et

2103 4736 2251 4790 illam
2278 4733 2698 4804 reprimentibus
2730 4748 2835 4789 non
2863 4733 3020 4790 facile
3045 4736 3208 4799 cedit,
3241 4735 3334 4790 sed
3358 4751 3501 4804 satpe
3522 4736 3574 4790 in
3594 4734 3690 4803 ju-

2101 4837 2321 4882 ventute
2359 4827 2532 4891 victa,
2569 4827 2625 4881 in
2673 4835 2957 4885 senectute
2983 4841 3218 4896 pug-nam
3267 4827 3691 4898 redintegrando

2097 4919 2343 4987 superior
2383 4921 2580 4986 evasit,
2630 4927 2684 4972 et
2727 4917 2867 4974 elata
2911 4918 2997 4974 illa
3043 4920 3110 4974 de
3153 4933 3213 4974 se
3257 4929 3460 4989 tropa-3
3503 4933 3688 4974 erecta

2100 5010 2355 5067 abolet-it.
2391 5009 2524 5078 Quis
2555 5011 2718 5082 igitur
2750 5011 2890 5068 adeo
2919 5011 3142 5077 demens
3165 5029 3230 5067 ac
3249 5014 3591 5075 temerarios,
3623 5021 3684 5066 ut

2097 5103 2452 5158 considerans
2481 5103 2658 5157 virum
2685 5103 2983 5172 spiritalem
3014 5113 3141 5170 post
3193 5105 3359 5160 multa
3395 5114 3594 5175 tropa:
3623 5103 3686 5158 ita

2099 5208 2270 5264 agone
2313 5203 2640 5258 certantem,
2696 5209 2822 5249 cum
2878 5193 3044 5250 semel
3101 5195 3408 5266 iterumne
3446 5195 3686 5260 vicerit,

2098 5284 2292 5355 supine
2340 5285 2534 5360 adhuc.
2567 5301 2750 5356 agere,
2779 5295 2836 5342 et
2858 5286 2927 5342 ab
2970 5287 3140 5344 armis
3167 5287 3451 5344 discedens
3470 5301 3528 5342 se
3556 5301 3687 5342 esse

411 5378 693 5449 οἰήσεται;
733 5375 872 5430 Ἀλλ’
889 5377 1006 5448 οὐχὶ
1033 5377 1197 5431 πλέον
1237 5373 1741 5448 παρασκευάσεται,
1780 5376 1902 5448 οὐχὶ
1933 5377 1994 5430 τὺ

2109 5377 2568 5450 inexpugnabilem
2621 5377 2946 5434 existimet?
2994 5380 3122 5448 quin
3171 5380 3348 5450 potius
3397 5379 3568 5448 magis
3613 5383 3686 5433 ιτ

486 5534 533 5568 ³⁸
571 5533 762 5589 Matth.
790 5547 902 5600 avt,
931 5531 1025 5586 26.
1100 5532 1145 5564 ³⁸
1173 5528 1216 5584 ll
1254 5529 1410 5586 Joan.
1437 5529 1490 5586 8.
1569 5531 1615 5562 “
1647 5531 1662 5584 l
1691 5529 1816 5586 Cor.
1849 5547 1928 5595 tr,
1969 5531 2062 5587 9.7.

1517 5661 1750 5720 VARUE
1777 5653 2171 5721 LECTIONES
2205 5663 2292 5721 ΕΤ
2321 5658 2557 5722 NOTAE.

490 5825 607 5901 (16)
655 5825 938 5897 Ὑστάσπα.
973 5824 1016 5880 Ε
1046 5822 1266 5894 regione
1293 5820 1452 5892 hujus
1485 5821 1626 5892 apud
1655 5823 1775 5879 cod.
1801 5821 1912 5878 Alt.
1940 5823 1993 5877 in

2109 5821 2276 5892 trgine
2305 5820 2520 5890 legitur,
2547 5821 2767 5889 ἄλλως,
2799 5823 3086 5887 emus“.
3125 5819 3340 5879 Possm.
