4078 6428
489 348 619 416 1411
1693 353 1754 413 5.
1798 353 2087 414 ISIDORI

2194 349 2570 418 ELUSIOTE
3593 369 3705 436 1412

485 464 711 528 muniat,
763 475 870 518 non
927 461 1188 519 hactenus
1215 462 1434 527 vicisse,
1476 461 1572 519 sed
1616 463 1667 519 in
1697 464 1858 520 linem
1900 481 2072 536 usque

2194 469 2518 540 νενικηκέναι
2550 469 2672 540 ἤδη,
2712 465 2848 524 ἀλλά
2882 471 2940 525 τὺ
2977 472 3052 543 μὴ
3096 468 3378 544 νικηθῆναι
3417 475 3511 541 ἓως
3544 481 3707 548 τέλους

488 571 594 611 non
656 565 969 624 superatum
1045 570 1164 610 sese
1229 571 1482 627 magnum
1559 571 1678 612 esse
1730 557 2074 612 existimans.

2194 562 2325 630 αέγα
2391 561 2722 632 ήγούμενος;
2796 564 2921 627 Τοῐς
2983 565 3094 635 γὰρ
3170 565 3400 634 μάλιστα
3468 569 3706 642 θησαυρόν

487 644 822 700 Thesaurum
852 647 993 700 enim
1031 646 1288 700 virtutum
1317 647 1714 717 possidentibus
1747 649 2072 720 vigilandum

2194 651 2386 722 ὶρετῶν
2407 652 2590 721 ἔχουσι
2613 651 2813 723 πρέπει
2838 655 3155 724 ἀγρυπνεῖν,
3187 655 3220 726 ἢ
3249 657 3356 718 τοῖς
3387 659 3542 726 μηδὲν
3567 662 3708 714 καλὸν

489 739 663 802 magis
688 746 789 798 est,
828 752 989 806 quam
1024 738 1157 792 nihil
1192 739 1536 794 habentibus.
1572 739 1648 793 llli
1673 741 1818 793 enim
1849 743 2070 807 habent,

2194 747 2548 818 ιιτησαμένοις
2572 763 2585 776 ·
2619 747 2668 801 οἱ
2702 749 2801 818 μὲν
2826 748 2932 819 γάρ
2967 747 3201 818 ἔχουσιν,
3229 750 3275 803 οἱ
3307 749 3362 802 δὲ
3392 751 3500 812 οὑκ,
3526 753 3710 822 ἔχουσιν

490 829 544 882 1ιί
577 844 682 881 non
717 829 866 890 item,
896 828 1039 897 quod
1071 829 1378 884 custodiant
1406 847 1423 890 ξ
1460 845 1635 899 neque
1668 831 1810 885 enim
1847 832 2072 899 perinde

489 919 676 974 dolore
707 919 894 985 allicit,
937 920 1070 974 nihil
1095 921 1402 991 possidere,
1435 935 1599 991 quam
1631 923 1772 990 quod
1796 921 2069 990 habuerit,

489 1024 555 1066 eo
596 1012 819 1081 privari.

1009 1135 1214 1193 CXLV.
1252 1168 1324 1179 —
1373 1135 1552 1194 NILO.

2178 839 2207 892 ὃ
2237 836 2547 909 φυλάξωσι·
2579 838 2676 892 καὶ¹
2724 839 2820 908 οὑχ
2863 837 3005 891 οὑτω
3031 829 3192 892 λυπεῖ
3233 845 3293 892 τὸ
3321 839 3394 912 μὴ
3423 842 3624 912 κτηθὲν,
3650 844 3714 906 ὡς

2177 934 2212 1003 ἡ
2244 932 2353 986 τῶν
2387 931 2748 1002 ὑπαρξάντων
2777 934 3064 1006 στέρησις.

2706 1131 2850 1185 PME
2871 1175 2885 1186 .
2910 1161 2982 1171 -
3007 1131 3237 1204 ΝΕῙΛῼ.

1062 1227 1199 1282 Bene
1219 1229 1426 1284 dicendi
1464 1231 1678 1285 virtutes
1731 1227 1840 1298 IV,
1863 1247 1928 1285 ea:
1961 1227 2300 1299 Hermogenis
2345 1218 2509 1279 ldeis.
2555 1221 2788 1292 (Confer.
2831 1225 2985 1291 epist.
3014 1223 3166 1296 217.)

563 1333 835 1392 Orationis
867 1337 1097 1392 virtutes
1122 1336 1337 1407 quidem
1381 1349 1509 1393 sunt
1539 1358 1552 1393 :
1597 1355 1782 1395 verum
1803 1381 1816 1403 ,
1853 1341 2070 1410 concisa

2244 1336 2420 1404 Λόγου
2451 1335 2647 1406 ἀρεταὶ
2695 1335 2814 1406 μὲν,
2849 1327 3097 1404 ἀλήθεια,
3142 1332 3421 1404 συντομία,
3458 1333 3717 1402 σαφήνεια,

493 1425 754 1492 brevitas,
799 1428 1152 1498 perspicuitas
1178 1437 1234 1482 et
1287 1431 1683 1500 Opportunitas.
1724 1432 1862 1487 Vitia
1891 1445 2071 1489 autem

2194 1429 2437 1498 εὐκαιρία
2456 1444 2469 1458 ο
2501 1427 2691 1481 κακίαι
2727 1428 2806 1493 δὲ,
2835 1426 3053 1496 ψεῦδος,
3095 1427 3465 1496 μακρηγορία,
3487 1427 3716 1496 ἀσάφεια,

493 1521 766 1574 contraria
811 1530 937 1574 sunt
967 1538 979 1574 :
1033 1519 1225 1575 falsum
1249 1564 1262 1586 ,
1311 1521 1517 1590 prolixa
1543 1524 1740 1587 oratio,
1766 1524 2075 1580 obscuritas

2194 1521 2240 1574 τὸ
2291 1521 2396 1585 ἔξω
2429 1521 2538 1573 τῶν
2595 1519 2802 1590 καιρῶν
2851 1520 3134 1587 φέρεσθαι.
3182 1519 3247 1571 Τί
3291 1518 3396 1589 γὰρ
3444 1517 3640 1586 ὄφελος,
3681 1519 3718 1569 εί

495 1619 552 1662 et
599 1609 907 1678 importune
936 1611 1134 1666 dicere.
1176 1611 1314 1678 Quid
1351 1613 1494 1666 enim
1519 1615 1821 1679 commodi,
1873 1616 1916 1670 si
1947 1632 2073 1671 vera

2194 1613 2385 1683 ὶληθὴς
2415 1613 2513 1682 μὲν
2542 1613 2649 1682 εἴη,
2685 1611 2758 1682 μὴ
2804 1611 3067 1681 σύντομος
3118 1611 3194 1677 δὲ,
3225 1609 3338 1663 ἀλλ’
3393 1609 3590 1678 ἐνοχλεῖ
3619 1609 3721 1670 τοὺς

492 1700 716 1768 quidem
765 1701 837 1754 sit
864 1702 1076 1766 oratio,
1131 1717 1235 1756 non
1289 1711 1466 1756 tamen
1514 1705 1770 1772 concisa,
1819 1707 1912 1760 sed
1955 1722 2075 1775 quae

2194 1703 2510 1771 ἱικούοντας;
2541 1703 2575 1774 ἢ
2605 1704 2869 1773 σύντομος
2902 1703 3025 1774 μὲν,
3053 1703 3128 1775 μὴ
3162 1697 3338 1774 σαφὴς
3363 1703 3453 1769 δέ;
3494 1705 3526 1774 ἢ
3575 1703 3726 1770 σαφὴς

493 1789 654 1859 copia
698 1801 888 1846 enecet
928 1792 1250 1847 auditores?
1310 1793 1374 1845 Et
1408 1794 1623 1848 concisa
1653 1795 1870 1864 quidem
1893 1835 1908 1858 ,
1970 1812 2075 1850 non

2194 1797 2308 1865 μὲν,
2345 1795 2421 1865 μὴ
2467 1796 2678 1866 καίριος
2726 1797 2820 1862 δέ;
2856 1799 2902 1849 εἰ
2930 1797 2986 1850 δὲ
3039 1797 3218 1860 πάσας
3249 1796 3362 1867 ἔχοι
3407 1797 3502 1860 τὰς
3535 1795 3726 1864 ἀρετὰς,

496 1881 645 1935 clara
692 1884 902 1936 tamen?
930 1883 1027 1938 Vel
1057 1882 1204 1938 clara
1229 1884 1444 1952 quidem
1472 1924 1487 1949 ,
1533 1901 1635 1939 non
1682 1896 1857 1940 tamen
1883 1901 2080 1956 oppor-

2194 1886 2304 1938 τότε
2333 1886 2658 1956 δραστήριος
2683 1886 2856 1952 ἔσται,
2889 1888 2984 1940 καὶ
3038 1888 3236 1958 γοργὸς
3281 1887 3375 1940 καὶ
3405 1885 3648 1956 ἔμψυχος,
3672 1887 3730 1955 τῇ

501 1980 628 2025 tuna
654 1972 678 2027 τ
730 1972 789 2027 Si
815 1988 943 2027 vero
968 1989 1158 2028 omnes
1209 1975 1406 2029 habeat
1434 1977 1696 2030 orationis
1725 1978 1981 2045 virtutes,
2012 1980 2084 2034 sit

2194 1974 2293 2046 μὲν
2355 1975 2585 2048 ἀληθείᾳ
2643 1977 2772 2040 τοὺς
2821 1977 3120 2040 ἀκούοντας
3165 1978 3530 2048 χειρούμενος,
3578 1980 3638 2048 τῇ
3685 1975 3734 2029 δὲ

494 2069 556 2118 et
585 2061 769 2117 eliicax
792 2103 807 2128 ,
853 2065 1074 2119 incitata
1095 2105 1109 2128 ,
1134 2080 1197 2119 ac
1227 2067 1390 2120 veluti
1447 2067 1679 2135 spirans,
1704 2070 1934 2124 veritate
1964 2072 2084 2139 qui-

495 2154 623 2208 dem
678 2156 952 2210 auditores
996 2159 1219 2221 ducens,
1267 2158 1532 2212 brevitate
1570 2173 1701 2213 vero
1743 2174 2082 2230 expugnans,

498 2244 883 2313 perspicuitate
914 2245 1076 2300 veluti
1117 2247 1358 2316 capiens,
1403 2247 1805 2316 opportunitate
1853 2251 2086 2318 denique

497 2348 757 2388 coronam
795 2336 1095 2403 imponens.

794 2441 1021 2498 CXLVI.
1063 2474 1132 2484 —
1185 2443 1416 2499 IIELUE
1457 2445 1778 2501 DlACONO.

2192 2068 2456 2140 συντομία
2500 2067 3043 2138 καταγωνιζόμενοςο
3088 2068 3182 2122 καὶ
3227 2070 3300 2140 τῇ
3350 2069 3446 2139 μὲν
3498 2067 3735 2138 σαφηνείᾳ

2191 2159 2626 2228 καθαπτόμενος,
2657 2160 2721 2230 τῇ
2748 2159 2804 2212 δὲ
2831 2158 3085 2231 εὐκαιρίᾳ
3121 2158 3582 2229 στεφανούμενος..

2557 2453 2749 2507 ΡΜςν.
2777 2481 2846 2491 -
2880 2447 3047 2522 nata
3091 2447 3418 2519 ΔΙΛΚΟΝῼ.

1197 2536 1273 2592 De
1301 2537 1571 2592 oculorum
1601 2539 1802 2593 decenti
1836 2542 2165 2596 verecundia.
2201 2543 2436 2615 (Confer.
2465 2547 2610 2613 epist.
2645 2546 2730 2610 l7,
2770 2544 2860 2608 46,
2893 2543 3041 2611 139.)

573 2657 792 2730 Pupill-«e
841 2660 892 2713 in
919 2661 1092 2716 oculis
1135 2662 1297 2716 veluti
1333 2665 1567 2736 virgines
1599 2665 1650 2718 in
1690 2665 1928 2719 thalamo
1969 2675 2096 2719 sunt

502 2751 803 2818 collocatae,
837 2752 977 2806 ciliis
1013 2767 1104 2806 seu
1150 2754 1420 2824 palpebris
1451 2765 1706 2824 tanquam
1739 2757 1871 2812 velis
1897 2767 2085 2812 tectae:

501 2857 715 2912 equum
769 2843 949 2912 itaque
991 2843 1155 2898 fuerit
1197 2846 1446 2913 prudenti
1499 2847 1711 2901 ratione
1748 2862 1839 2902 eas
1879 2838 1990 2918 ι·εεί
2026 2863 2090 2903 ac

2263 2659 2327 2710 Ai
2359 2656 2517 2728 κόραι
2563 2657 2618 2710 αἱ
2669 2657 2801 2710 εἴσω
2840 2656 2948 2709 τῶν
2986 2655 3311 2727 ὀφθαλμῶν,
3342 2653 3586 2722 καθάπερ
3623 2667 3743 2722 παρ·

2193 2747 2336 2801 θένοι
2373 2749 2484 2817 (16)
2519 2750 2575 2800 ὲν
2603 2748 2866 2817 θαλάμοις
2901 2747 3207 2819 ἱδρυμέναι,
3273 2748 3368 2801 καὶ
3415 2749 3523 2808 τοῖς
3570 2743 3744 2814 βλεφὰι

2192 2855 2306 2908 ροις
2333 2838 2585 2910 καθάπερ
2608 2838 3071 2909 παραπετάσμασι
3093 2837 3533 2908 κεκαλυμμέναι,
3560 2834 3744 2886 δίκαιαι

507 2935 703 2999 tutari,
748 2944 805 2987 ut
852 2934 1067 2989 assidue
1111 2935 1326 3003 quidem
1364 2938 1730 3002 erubescant,
1781 2939 2087 3007 pudeatque

2194 2927 2257 2981 ἂν
2315 2928 2423 2982 εἷεν
2481 2930 2586 2982 ὑπὸ
2646 2929 2920 3000 σώφρονος
2963 2927 3224 2998 λογισμοῦ
3298 2924 3744 2999 ἐπιτροπεύεσθαι,

503 3039 690 3080 eorum
732 3039 852 3094 qua:
878 3036 1110 3094 oportet.
1174 3025 1228 3080 Si
1275 3041 1402 3081 vero
1433 3037 1487 3080 et
1531 3027 1759 3080 aliorum
1795 3029 2087 3097 spectarint

2195 3021 2281 3072 ἵνα
2319 3020 2612 3091 ἐρυθριῶσι
2661 2998 2777 3089 μὲν.
2815 3021 2922 3086 ἀεὶ,
2967 3022 3061 3073 καὶ
3106 3016 3477 3090 αἰσχύνωνται
3520 3016 3554 3071 ἃ
3579 3015 3669 3068 δεῖ.
3693 3013 3746 3066 Ei

507 3113 963 3184 pulchritudinem
986 3151 1002 3177 ,
1053 3114 1283 3182 amplius
1313 3115 1671 3183 erubescant,
1705 3117 1931 3185 velaque
1958 3133 2090 3172 con-

508 3205 747 3269 trahant,
792 3215 846 3258 et
901 3207 1155 3259 deorsum
1207 3206 1391 3260 oculos
1432 3206 1738 3273 demittant,
1781 3216 2092 3276 terramque

506 3297 675 3351 veluti
709 3305 937 3350 matrem
980 3297 1315 3360 intueantur,
1349 3312 1469 3366 quae
1505 3298 1695 3352 doceat
1717 3313 1822 3351 non
1849 3310 2088 3353 nostram

508 3385 666 3442 modo
689 3396 957 3452 naturam,
980 3387 1072 3440 sed
1096 3396 1150 3441 et
1167 3395 1462 3455 Spectatam
1483 3387 1626 3440 illam
1659 3399 1996 3444 venustatem
2021 3404 2086 3443 ex

508 3479 622 3550 ipsa
664 3477 984 3544 eﬂloruisse,
1007 3488 1062 3533 et
1096 3479 1271 3532 denuo
1302 3466 1729 3534 marcescentem
1756 3481 1809 3534 in
1837 3480 1980 3533 illam
2004 3480 2088 3535 lu-

507 3587 624 3629 cem
649 3572 962 3626 redituram.
990 3570 1046 3623 ld
1077 3572 1119 3625 si
1150 3568 1401 3625 eﬂ‘eetutn
1428 3572 1598 3639 dabit,
1623 3572 1879 3626 decorum
1905 3575 2087 3641 reipsa

504 3665 742 3734 virgines
789 3663 1080 3740 servarint.
1147 3663 1242 3716 Sin
1293 3663 1660 3733 imprudenter
1699 3674 1860 3729 atque
1908 3665 2084 3734 impo-

511 3765 688 3809 tenter
724 3755 926 3823 quaevis
975 3754 1400 3822 conspexerint,
1446 3768 1541 3822 pro
1577 3756 1876 3823 virginibus
1925 3769 2089 3809 canes

509 3859 628 3899 esse
662 3845 836 3914 potius
877 3844 1200 3913 comperies,
1225 3843 1315 3912 qui
1358 3845 1411 3897 in
1437 3843 1669 3899 alienant
1720 3845 2090 3914 pulchritudi-

511 3949 633 3991 nem
663 3935 822 3990 veluti
861 3937 1008 3990 rabie
1040 3936 1407 4004 impellantur.

672 4057 839 4132 598
891 4059 1142 4116 CXLVII.
1179 4090 1251 4101 —
1284 4061 1552 4119 ΤΗΟΜᾹΞ
1586 4063 1944 4119 MONACHO.

2189 3110 2247 3164 δέ
2281 3129 2406 3164 ποτε
2433 3113 2527 3164 καί
2562 3111 2843 3180 ἀλλότριον
2885 3111 3079 3174 κάλλος
3111 3111 3419 3176 θεάσαιντο,
3467 3109 3617 3162 πλέον
3641 3108 3748 3174 ἔρυ-

2191 3201 2405 3273 θριῶσι,
2467 3204 2560 3257 καὶ
2603 3202 2802 3255 ἕλκωσι
2853 3202 2917 3255 τά
2943 3203 3449 3274 παραπετάσματα,
3502 3199 3590 3254 καὶ
3619 3198 3748 3254 κάτω

2189 3295 2462 3358 κύπτωσι,
2493 3294 2586 3348 καὶ
2608 3294 2705 3365 τὴν
2731 3295 2835 3363 γῆν
2875 3293 2971 3347 άτε
3015 3295 3230 3366 μητέρα
3253 3290 3628 3366 περισκοπῶσι
3663 3285 3746 3356 τὴν

2195 3385 2576 3449 παιδεύουσαν,
2634 3387 2695 3438 οὑ
2745 3386 2905 3456 μόνον
2958 3385 3057 3454 τὴν
3115 3385 3397 3456 ἡμετέραν
3450 3382 3621 3452 φύσιν,
3649 3374 3748 3431 ἀλλ’

2193 3479 2276 3532 ὅτι
2329 3479 2419 3531 καὶ
2463 3479 2524 3530 τὸ
2573 3477 2735 3546 όφθὲν
2777 3477 2970 3541 κάλλος
3015 3478 3073 3542 ἐξ
3131 3478 3308 3547 αὐτῆς
3369 3477 3598 3548 ἤνθησε,
3668 3468 3750 3523 καὶ

2195 3573 2274 3633 εἰς
2299 3569 2466 3641 αὑτὴν
2494 3569 2823 3640 ὑποστρέφει
2853 3568 3361 3640 μαρανθησόμενον.
3386 3570 3450 3621 Ei
3475 3567 3578 3638 γὰρ
3609 3561 3746 3616 τοῦτο

2192 3662 2469 3731 δράσαιεν,
2527 3662 2821 3732 φυλάξαιεν
2864 3660 3078 3731 άληθῶς
3110 3661 3169 3714 τὸ
3210 3662 3425 3732 πρέπον
3459 3657 3743 3730 παρθένοι-3⁸

2193 3756 2241 3806 εἰ
2290 3754 2347 3805 δὲ
2384 3752 2640 3825 ἀκρατῶς
2684 3753 2778 3805 καὶ
2825 3752 3196 3822 ἀναισχύντως
3245 3750 3544 3822 καθορῷεν,
3608 3745 3748 3803 κύνες

2195 3845 2318 3896 ἀντὶ
2345 3843 2632 3914 παρθένων
2659 3842 3066 3914 εὑρεθήσονται,
3117 3845 3228 3906 τοῖς
3260 3841 3560 3914 ἀλλοτρίοις
3587 3833 3751 3890 κάλλε-

2197 3955 2279 3992 σιν
2307 3937 2686 3991 ὲπιλυττῶσαι.

2509 4049 2687 4105 I’MZ'.
2719 4079 2791 4087 —
2821 4048 3009 4119 ΘΩΜᾼ
3039 4047 3420 4102 ΜΟΝΑΖΟΝΤ
3425 4047 3464 4103 1.

1005 4151 1083 4206 De
1110 4151 1336 4208 Eusebio
1377 4172 1586 4208 rursum
1626 4155 1794 4210 malos
1839 4158 2117 4210 ordinante
2165 4151 2483 4207 sacerdotes.
2519 4145 2705 4215 (Sut’r-
2743 4142 2894 4210 9P5“-
2948 4141 3006 4194 ιδ
3039 4151 3087 4194 εί
3128 4141 3278 4211 “0-)

585 4259 642 4315 Si
691 4276 790 4331 per
834 4260 1254 4327 imprudentiam
1310 4263 1575 4319 Eusebius
1627 4265 1743 4320 illos
1793 4267 2086 4334 ordinavit,

2265 4261 2328 4313 Ei
2371 4260 2468 4330 μὲν
2521 4255 2731 4324 ἀγνοῶν
2794 4248 3051 4315 Εὐσέϐιος
3094 4253 3504 4322 ἐχειροτόνησεν
3555 4247 3747 4307 αὐτοὺς,

515 4352 730 4407 modico
757 4352 1016 4422 indigebit
1063 4352 1367 4422 patrocinio
1396 4354 1788 4423 imprudentiae.
1845 4356 1939 4410 Sin
1971 4396 1986 4422 ,
2032 4369 2091 4411 ut

514 4445 732 4511 scribis,
776 4446 955 4500 studio
975 4447 1208 4515 dataque
1231 4462 1394 4516 opera
1425 4448 1475 4501 id
1516 4448 1666 4513 fecit,
1694 4464 1826 4504 sane
1857 4450 1996 4520 lupis
2021 4452 2091 4506 ob

517 4536 863 4604 rapacitatem
888 4577 903 4604 ,
941 4538 1168 4593 canibus
1215 4540 1284 4593 ob
1329 4539 1663 4594 salacitatem
1691 4579 1705 4605 ,
1748 4541 1816 4595 ob
1838 4542 2087 4596 callidam

511 4642 640 4684 vero
665 4631 916 4684 astutiam
946 4629 1198 4698 vulpibus
1245 4645 1459 4700 gregem
1513 4645 1668 4686 suum
1696 4631 1926 4686 credidit
1969 4631 2090 4699 (pro

513 4733 623 4787 quo
646 4726 827 4773 tamen
876 4718 1174 4786 pretiosum
1200 4719 1365 4772 etiam
1397 4717 1715 4788 sanguinem
1755 4733 1911 4772 suum
1935 4717 2088 4771 Citri-

513 4819 628 4863 stus
649 4807 932 4879 profudit),
958 4810 1176 4879 gravius
1211 4823 1370 4879 quant
1395 4819 1452 4862 ut
1473 4809 1722 4864 excusari
1755 4817 1934 4878 queat,
1963 4823 2088 4877 pec-

511 4902 678 4956 cavit.
721 4899 845 4955 Haec
870 4914 999 4954 vero
1019 4902 1162 4964 dico,
1190 4916 1293 4956 non
1319 4902 1471 4970 quasi
1517 4899 1592 4952 illi
1624 4915 1652 4954 a
1681 4901 1970 4955 reddendis
2003 4915 2090 4954 ra-

518 4989 755 5043 tionibus
797 4988 1085 5054 immunes,
1111 5004 1175 5044 ac
1219 5003 1394 5058 poenae
1432 4990 1501 5044 ab
1528 4989 1636 5044 illis
1659 4990 1940 5059 exigendae
1985 5004 2091 5044 non

515 5081 662 5145 sint,
708 5081 802 5136 sed
845 5088 904 5133 ut
943 5083 1113 5150 magis
1148 5081 1450 5151 puniendus
1495 5082 1566 5136 sit
1615 5081 1727 5147 ille,
1759 5081 1848 5150 qui
1889 5081 2094 5136 semina

516 5183 860 5243 peccatorum
879 5173 1092 5244 jecerit.
1116 5174 1217 5238 Qui
1235 5175 1377 5228 enim
1395 5188 1614 5228 causam
1630 5173 1861 5238 dederit,
1883 5188 2093 5239 eorum,

515 5281 633 5335 quae
665 5266 968 5331 evenerint,
1001 5273 1192 5319 auctor
1223 5264 1524 5319 habendus.

2195 4355 2305 4420 ἕξει
2346 4352 2572 4425 μετρίαν
2617 4352 2911 4419 ἀπολογίαν
2957 4353 3014 4403 ὲν
3043 4348 3266 4418 ἁγνοίᾳο
3317 4348 3366 4400 εί
3396 4347 3473 4411 δὲ,
3522 4345 3596 4408 ὡς
3642 4340 3748 4410 φὴς.

2200 4444 2342 4516 μάλα
2401 4443 2645 4515 ἀκριϐῶς
2699 4443 3086 4512 ἐπιστάμενος,
3141 4440 3328 4502 λύκοις
3380 4439 3479 4508 μὲν
3545 4437 3628 4489 διὰ
3668 4433 3752 4489 τὰς

2195 4535 2474 4606 ἁρπαγὰς,
2516 4533 2643 4586 κυσὶ
2666 4533 2722 4586 δὲ
2751 4532 2838 4585 διὰ
2868 4532 2965 4595 τὰς
2997 4531 3274 4599 λαγνείας,
3317 4527 3558 4592 άλώπεξι
3590 4524 3641 4576 δὲ
3679 4519 3752 4573 διὰ

2197 4627 2294 4697 τὴν
2324 4625 2660 4695 κακουργίαν
2677 4624 3028 4695 παραδέδωκε
3057 4623 3118 4675 τὸ
3139 4622 3391 4691 ποίμνιον
3415 4620 3576 4690 (ὑπὲρ
3596 4610 3652 4669 οὗ
3675 4611 3756 4665 καὶ

2195 4717 2258 4772 τό
2285 4717 2465 4788 τίμιον
2487 4715 2649 4770 αὑτοῦ
2671 4711 2809 4786 αἷμα
2825 4715 3037 4785 ἐξέχεεν
3059 4715 3087 4766 ό
3117 4712 3374 4784 Χριστός)
3399 4727 3414 4742 ’
3441 4712 3618 4780 πάσης
3640 4708 3755 4760 ἁπο-

2194 4811 2382 4880 λογίας
2434 4812 2650 4880 ἥμαρτε
2714 4808 2955 4877 μείζονα.
3009 4805 3193 4858 Ταῦτα
3235 4804 3292 4858 δέ
3333 4821 3501 4876 φημι,
3549 4802 3644 4870 οὑχ
3693 4795 3758 4855 ὡς

2198 4901 2425 4954 ὶκείνων
2445 4896 2752 4951 ἁνευθύνων
2766 4895 3062 4965 ἐσομένων,
3082 4893 3179 4948 καὶ
3201 4893 3356 4956 δίκας
3380 4892 3456 4962 μὴ
3471 4884 3758 4951 άπαιτηθη·

2204 4991 2473 5063 σομένων,
2513 4990 2629 5043 ἀλλ’
2679 4989 2755 5052 ὼς
2786 4987 2880 5040 τοῦ
2913 4988 2980 5040 τὰ
3037 4986 3330 5058 σπέρματα
3388 4985 3496 5037 τῶν
3535 4984 3760 5050 ἁμαρτη-

2206 5083 2391 5156 μάτων
2439 5081 2836 5152 παρασχόντος,
2881 5079 3148 5149 μειζόνως
3180 5074 3672 5146 κολασθησομένου.
3711 5066 3758 5116 ’0

2201 5177 2311 5247 γὰρ
2345 5174 2446 5245 τὴν
2471 5173 2654 5228 αἰτίαν
2673 5172 2870 5238 διδοὺς,
2924 5171 3032 5224 τῶν
3053 5169 3415 5224 ἐκϐαινόντων
3445 5167 3613 5228 αἴτιος
3641 5158 3756 5214 καθι

2201 5268 2457 5338 ἕστηκεν.

1607 5418 1841 5476 ῩΛΒΙίΕ
1874 5417 2255 5477 LECTIONES
2286 5419 2374 5476 ET
2411 5414 2644 5476 ΝΟΤᾹΞ.

585 5577 698 5648 (16)
735 5576 1009 5648 Παρθένος
1041 5582 1095 5631 et
1122 5573 1375 5645 virginem
1403 5581 1476 5648 et_
1496 5575 1756 5648 pupillam
1795 5578 2087 5648 significat,

2186 5578 2368 5634 inutili
2396 5578 2730 5632 verecundia.
2763 5573 2822 5630 in
2858 5573 2945 5631 illa
2979 5589 3109 5631 voce
3134 5567 3260 5631 lusit
3284 5584 3339 5629 et
3367 5565 3680 5641 Xenophon.
3709 5571 3759 5615 II!

513 5642 655 5720 utet
680 5642 849 5719 ’κόρηζ
896 5646 950 5702 ltt
979 5650 1078 5720 h_ac
1109 5642 1241 5720 voce
1256 5659 1335 5720 _ex
1373 5642 1625 5720 ambiguo
1669 5647 1797 5720 lusit
1827 5642 2087 5719 Diogenes

2194 5657 2372 5720 monet
2397 5648 2683 5720 Dionysius
2709 5647 3142 5720 Longinuslibro
3169 5645 3526 5720 Περι-ὑφορῶ
3556 5643 3757 5720 locati"?

520 5695 572 5701 "'
607 5695 654 5702 "'
694 5695 849 5719 "'r'V
897 5695 950 5702 ““
979 5695 1076 5702 ""'
1123 5695 1131 5698 “
1151 5695 1335 5728 ',","'
1377 5695 1420 5726 Q"
1449 5695 1619 5726 ⁷“’¹“³,“⁷
1669 5695 1797 5702 "ww
1829 5695 2089 5719 ""'D""""'
2189 5695 2372 5729 "'"'"":
2398 5695 2554 5720 """'J
2570 5695 2682 5704 "'"'
2709 5695 2981 5718 "'"'D"""
3008 5695 3136 5728 ’,““”“’
3170 5695 3240 5701 —'
3262 5695 3273 5698 '
3314 5718 3323 5727 ,
3345 5695 3358 5698 ⁷
3386 5695 3397 5713 ⁸
3423 5695 3433 5697 ⁷
3488 5695 3525 5705 ¹”
3684 5695 3692 5698 “

514 5717 798 5787 tlynicus,__
819 5728 955 5772 teste
1001 5715 1219 5787 Laertto
1253 5729 1307 5769 tn
1343 5713 1645 5787 ejusﬂjta.
1707 5717 2090 5775 Demosthenes
2189 5729 2395 5773 notthl
2435 5719 2632 5775 Paulus
2659 5717 2968 5787 Leopardus
2998 5718 3093 5773 ιιι).
3127 5733 3215 5772 va
3246 5695 3499 5780 Miscelt"
3527 5725 3640 5779 cap.
3674 5702 3753 5756 Ἃ

513 5783 644 5842 item
671 5801 735 5841 ac
758 5784 994 5844 Timaeus
1027 5785 1332 5861 historicus
1350 5783 1491 5855 apud
1521 5783 1802 5841 Plutarch.
1845 5787 1981 5844 libro
2011 5789 2088 5844 De

2191 5787 2432 5845 Sanun.
