4078 6364
265 312 406 380 1413
1179 316 1598 379 EPISTOLAR

507 423 693 478 PMH'.
723 452 796 466 -
831 419 1100 496 ιΩΑΝΝῌ
1141 421 1598 492 ΣΧΟΛΑΣΤΙΚῼ.

1179 313 1716 379 EPISTOLARUM
1753 311 1902 372 LIB.
1941 312 2009 372 V.
2046 334 2115 346 -
2151 311 2389 370 EPIST.
2421 309 2595 370 CLII.

1877 430 1924 485 Α

2145 415 2420 474 CXLVIII.
2460 446 2528 456 --
2565 415 2806 472 ιυΑΝΝι
2845 403 3338 476 scnomtsrtco.

783 534 852 590 In
891 552 1070 590 mensa
1103 537 1394 592 servandus
1423 535 1526 590 cibi
1550 535 1757 590 modus.
1791 531 2027 588 Satietas
2058 529 2196 584 enim
2225 541 2272 584 et
2313 529 2600 586 insalubris
2621 507 2666 585 et
2693 531 3007 602 injucunda.

332 641 408 698 τδ
439 642 660 696 κυνικὸν
689 643 785 698 καὶ
815 643 1078 714 θηριῶδες
1121 643 1230 699 τῶν
1272 644 1505 717 ὀρέξεων
1531 644 1629 714 οὐχ
1666 644 1852 696 ἑστια-

260 735 390 789 τέον
457 733 708 807 τραπέζῃ
783 735 1087 800 πολυτελεῖ,
1171 735 1309 790 ἀλλά
1363 737 1476 798 τοῖς
1529 733 1852 803 ἀναγκαίοις

261 826 577 898 εὐωχητέον
607 843 620 858 ·
670 827 724 882 εἴ
749 843 814 895 γε
836 829 871 898 ή
901 828 1107 898 εὐωχία
1135 827 1198 881 τὸ
1237 823 1296 882 εὖ
1334 825 1479 897 ἔχειν
1511 825 1728 898 μηνύει,
1761 825 1852 879 ἵνα

261 919 360 973 καὶ
383 919 592 992 ἥμερον
631 920 765 991 ἡμῖν
796 919 889 973 καὶ
922 918 1209 991 χειρόηθες
1237 919 1488 991 γένηται.
1515 919 1579 972 OE
1607 917 1717 990 γὰρ
1751 918 1850 990 τὴν

263 1010 602 1082 αὐτάρκειαν
647 1010 1109 1083 ὐπερνηχόμενοι,
1162 1010 1259 1066 καὶ
1305 1011 1398 1065 τὸν
1441 1011 1604 1082 κόρον
1634 1008 1722 1063 διὰ
1751 1009 1850 1078 τῆς

265 1101 586 1173 πλησμονῆς
635 1101 941 1173 ὑϐρίζουσι,
987 1103 1080 1156 καὶ
1122 1100 1221 1166 τὰς
1271 1101 1556 1174 αἰσθήσεις
1596 1117 1850 1170 καταμα-

271 1193 538 1264 ραίνουσι,
571 1193 666 1246 καὶ
694 1191 1021 1246 λανθάνουσι
1068 1191 1157 1246 διὰ
1181 1192 1280 1265 τῆς
1317 1191 1512 1264 ἡδονῆς
1537 1191 1637 1264 τὴν
1656 1190 1854 1262 ἡδονὴν

263 1286 368 1356 τῆς
407 1285 613 1357 τροφῆς
640 1282 998 1348 ἀπολλύντες.

481 1482 660 1537 me.
693 1513 767 1524 —
795 1482 1126 1554 eaoaomp
1177 1463 1635 1554 ΣκοΑΑΣτιιιζι.

2031 639 2270 696 Caninos
2311 653 2376 695 ac
2419 639 2610 694 brutos
2652 639 2921 708 appetitus
2945 640 3167 708 opipara
3216 653 3404 713 mensa
3440 653 3526 694 res

1959 747 2150 788 creare
2191 747 2296 787 non
2347 731 2543 797 decet,
2592 731 2688 788 sed
2740 733 3062 788 necessariis
3109 741 3316 788 tantum
3357 740 3536 802 epulis

1957 825 2252 891 utendum;
2295 824 2341 881 si
2389 823 2606 894 quidem
2649 837 2679 876 a
2719 820 2922 878 Graecis
2966 821 3199 893 εὐωχία,
3247 823 3537 876 convivium

1955 917 2112 986 quasi
2137 917 2264 972 bene
2282 915 2476 970 habere
2505 923 2598 969 aut
2621 914 2786 968 vivere
2808 915 3072 984 designat,
3099 923 3232 969 utet
3261 914 3534 984 placidum

1950 1006 2042 1062 fiat
2109 1023 2174 1064 ac
2221 1015 2562 1062 mansuetum
2608 1005 2763 1060 vobis
2815 1005 3143 1060 convivium.
3224 1007 3330 1074 Qui
3377 1008 3523 1062 enim

1949 1097 2206 1169 amplius,
2231 1113 2395 1168 quam
2423 1099 2557 1153 satis
2581 1104 2686 1160 est,
2712 1104 2952 1162 sumunt,
2984 1096 3055 1150 illi
3084 1104 3136 1151 et
3165 1098 3530 1152 valetudinem

1951 1191 2113 1246 nimis
2163 1190 2434 1260 epulando
2459 1189 2658 1244 violant
2683 1229 2698 1250 .
2738 1199 2792 1244 et
2814 1173 3008 1243 sensus
3034 1188 3395 1258 cxstinguunt
3439 1189 3538 1243 ob-

1955 1281 2318 1352 tunduntque,
2351 1294 2451 1335 nec
2478 1281 2665 1335 vident
2710 1295 2831 1336 sese
2854 1280 2923 1334 ob
2955 1279 3179 1334 nimiam
3217 1279 3270 1334 in
3317 1289 3540 1350 gustatu

1953 1371 2374 1428 delectationem
2411 1371 2684 1439 voluptate
2725 1370 2954 1442 privari.

2093 1462 2331 1535 cxux.’
2363 1508 2435 1520 —
2473 1477 2865 1535 TllEODUSlO
2899 1475 3396 1534 scnonasuco.

932 1553 1158 1630 Pessinti
1197 1585 1343 1639 sunt,
1374 1576 1464 1646 qui
1501 1553 1596 1628 sub
1625 1553 1982 1644 specieboni,
2021 1571 2154 1626 mali
2187 1582 2330 1628 sunt.
2375 1570 2601 1627 Iustitia
2639 1572 2878 1628 colenda.

336 1683 720 1757 Κομψοφανὴς
749 1683 844 1738 καὶ
867 1682 1242 1754 δικαιοφανὴς,
1266 1683 1328 1737 οὐ
1364 1685 1470 1755 μὴν
1495 1681 1684 1736 δικαία
1709 1680 1857 1748 ἔδοξέ

2034 1681 2294 1752 Speciosa
2317 1721 2333 1746 ,
2369 1697 2476 1736 non
2511 1689 2691 1736 autem
2720 1681 2869 1752 jusla
2909 1680 3039 1736 mihi
3083 1691 3172 1735 tua
3205 1695 3370 1736 causa
3404 1679 3542 1750 visa,

271 1795 362 1849 μοι
392 1780 427 1849 η
457 1776 609 1830 αἰτία
637 1777 704 1846 ἢν
729 1774 1038 1846 γέγραφας.
1085 1775 1294 1830 Οὐκοῦν
1333 1777 1382 1830 εί
1409 1774 1570 1846 πείθῃ
1605 1773 1855 1829 Πλάτωνι

265 1865 517 1938 εἰρηκότι
543 1881 558 1895 ⁸
597 1884 616 1917 ι
647 1856 819 1926 Οὗτος
847 1864 955 1938 γὰρ
977 1863 1201 1935 ἔσχατός
1227 1867 1376 1919 ἐστιν
1409 1864 1532 1936 ὅρος
1550 1863 1768 1926 κακίας,
1794 1861 1857 1916 τὸ

266 1957 448 2012 δοκεῖν
465 1955 674 2009 δίκαιον
691 1951 832 2009 εἶναι
867 1955 942 2027 μὴ
969 1955 1118 2012 ὅντα.
1147 1974 1165 2007 ι
1193 1955 1286 2026 Μὴ
1313 1955 1384 2009 τὰ
1405 1953 1684 2018 δοκοῦντα,
1716 1952 1856 2009 ἀλλὰ

264 2047 338 2100 τὰ
398 2045 530 2099 ὅντα
579 2044 766 2100 δίκαια
813 2045 957 2116 θήρα
987 2061 1003 2078 ·
1049 2043 1192 2099 οὕτω
1237 2045 1348 2114 γάρ
1405 2043 1500 2098 καὶ
1538 2045 1566 2098 ὁ
1599 2043 1734 2110 Θεός
1795 2059 1856 2096 σε

268 2137 646 2201 ἐπαινέσεται,
688 2137 782 2192 καὶ
817 2135 1097 2209 ἄνθρωποι
1135 2135 1510 2204 ἀποδέξονται,
1550 2135 1644 2190 καὶ
1669 2137 1698 2188 ό
1733 2133 1853 2190 διά-

267 2229 419 2292 δικος
443 2231 472 2282 ὀ
506 2228 598 2294 σὸς
630 2227 882 2301 εὐμερῶς
909 2229 1263 2295 διακείσεται,
1295 2228 1513 2300 καὶτῆς
1557 2225 1855 2300 ἀπεχθείας

269 2319 614 2390 ἐπιλήσεται.

730 2429 860 2484 PN'.
887 2457 960 2468 --
985 2427 1398 2483 XAIPHMONI.

1961 1771 2030 1828 de
2059 1785 2165 1840 qua
2199 1771 2417 1826 scribis.
2471 1770 2648 1838 Quare
2677 1769 2886 1826 Platoni
2920 1770 3068 1826 dicto
3098 1771 3174 1824 sis
3203 1771 3431 1826 audiens
3462 1774 3546 1826 di-

1962 1863 2142 1918 centi:
2181 1861 2494 1916 «Summum
2527 1862 2577 1915 id
2615 1877 2736 1916 esse
2769 1863 3148 1932 improbitatis,
3176 1863 3384 1932 justum
3407 1863 3547 1916 velle

1963 1951 2169 2017 videri,
2199 1951 2294 2021 qui
2347 1967 2455 2006 non
2489 1951 2580 2008 sit.
2609 1970 2628 2004 ι
2685 1949 2804 2006 Noli
2836 1968 2896 2007 ea
2935 1968 3056 2022 quae
3089 1963 3388 2023 apparent,
3445 1957 3542 2010 sed

1963 2057 2085 2112 qua:
2115 2058 2304 2098 revera
2334 2043 2446 2098 sint
2496 2044 2634 2098 bona
2684 2044 2906 2102 sectari.
2964 2045 3040 2099 lta
3075 2045 3202 2109 net,
3246 2055 3302 2098 ut
3330 2056 3384 2100 et
3435 2047 3548 2100 Deo

1921 2193 1926 2198 _
1963 2133 2199 2204 placeas,
2230 2133 2592 2206 hominesque
2621 2143 2673 2190 te
2692 2137 3141 2206 complemantur,
3163 2147 3218 2193 et
3246 2139 3297 2193 in
3330 2139 3537 2210 judicio

1965 2225 2276 2294 disceptans
2327 2223 2538 2294 placide
2580 2225 2920 2296 benigneque
2945 2229 3283 2296 acquiescat,
3315 2227 3544 2285 oblivis-

1966 2323 2226 2385 caturque
2255 2317 2494 2370 anlmum
2531 2317 2846 2386 deponendo
2879 2319 3158 2374 infestum.

2407 2423 2515 2480 CL.
2559 2455 2624 2467 -
2660 2425 3116 2488 CHEREMONI.

990 2523 1278 2590 Hortatur,
1308 2533 1368 2578 ut
1390 2524 1674 2595 instigatus
1705 2522 2000 2592 resipiscat,
2031 2535 2095 2574 ue
2129 2535 2226 2588 pro
2261 2520 2538 2588 desperato
2566 2522 2842 2579 habeatur.

338 2633 438 2706 Μὴ
471 2633 704 2704 φαίνοιο,
747 2625 794 2687 ὦ
825 2631 1093 2704 βέλτιστε,
1143 2629 1482 2704 ἀγριώτερον
1523 2629 1718 2696 νοσῶν,
1769 2629 1857 2700 ἐφ’

271 2720 471 2798 οἷσπερ
510 2725 672 2788 ἁλοὺς
724 2723 918 2796 πρώην
969 2723 1127 2795 δίκην
1179 2722 1420 2786 δέδωκας
1447 2735 1464 2753 δ
1517 2721 1606 2774 ἵνα
1658 2719 1734 2794 μὴ
1779 2720 1856 2787 ὡς

272 2819 605 2892 ἀνάλγητος,
657 2817 753 2872 καὶ
819 2816 958 2889 μηδὲ
1005 2817 1076 2888 τῇ
1125 2814 1370 2889 τιμωρίᾳ
1441 2815 1855 2886 σωφρονισθεὶς,

272 2907 742 2982 καταγνωσθείης.

736 3018 914 3075 PNA'.
949 3049 1022 3060 -
1068 3019 1159 3091 Ta
1195 3017 1402 3088 ΑΥΤῼ.

2035 2627 2114 2688 Ne
2145 2609 2406 2698 ferocius,
2443 2632 2683 2688 virorum
2713 2635 2950 2702 optime,
2998 2633 3246 2691 laborare
3281 2636 3541 2706 videaris,

1965 2737 2064 2792 pro
2088 2722 2285 2792 quibus
2312 2737 2487 2794 nuper
2515 2723 2766 2779 detentus
2795 2739 2984 2796 poenas
3035 2727 3252 2793 dedisti,
3283 2743 3353 2784 ne
3379 2743 3547 2801 agno-

1967 2815 2143 2871 scaris
2195 2824 2259 2870 ut
2315 2815 2668 2886 impmniteus
2693 2830 2760 2872 ac
2818 2829 2981 2886 ptena
3035 2817 3262 2874 minime
3311 2820 3555 2877 redditus

1889 2959 1932 3016 ο
1965 2909 2303 2978 prudentior.

2503 2996 2634 3076 CLII
2673 3048 2746 3060 —
2791 3017 3025 3075 ElDEM.

713 3109 1005 3180 Bonorum,
1037 3126 1143 3166 non
1191 3109 1454 3165 malorum
1485 3109 1722 3181 exempla
1771 3108 2058 3163 imitanda.
2094 3106 2356 3180 Exempla
2395 3125 2498 3166 non
2537 3121 2791 3166 excusant
2837 3124 3130 3182 peccatum.

345 3205 485 3260 Κατ’
517 3203 664 3275 τινος
691 3203 802 3276 χρὴ
832 3202 1037 3274 βαίνειν
1065 3201 1174 3256 τῶν
1214 3203 1346 3266 τοὺς
1372 3201 1553 3267 θείους
1601 3201 1872 3272 φυλαξάν-

273 3316 386 3354 των
409 3297 631 3368 νόμους,
663 3294 801 3350 ἀλλὰ
831 3295 907 3366 μὴ
933 3293 1042 3348 τῶν
1064 3291 1534 3365 παραϐεϐηκότων
1563 3293 1780 3358 αὐτούς·
1809 3292 1871 3347 τὸ

279 3393 381 3466 μὲν
415 3391 526 3462 γὰρ
555 3389 816 3460 ἀσφαλὲς,
848 3387 910 3443 τὸ
937 3388 994 3442 δὲ
1020 3389 1312 3461 σφαλερὸν,
1342 3389 1424 3442 διὸ
1451 3387 1573 3442 οὐδὲ
1603 3387 1866 3458 ζηλωτόν.

277 3484 357 3538 Δι’
385 3483 455 3554 ἢν
482 3480 666 3535 αἰτίαν
684 3478 867 3532 τοίνυν
915 3477 1144 3534 τοιαῦτα
1189 3479 1332 3550 δρῶν
1356 3479 1456 3533 οὐκ
1483 3478 1654 3546 ἀξιοῖς
1681 3477 1866 3532 δοῦναι

278 3576 441 3644 δίκην
468 3591 483 3639 ;
520 3571 712 3643 ἐπειδή
748 3587 892 3634 τινες
913 3571 1216 3642 δράσαντες
1247 3572 1307 3626 οὐ
1335 3571 1634 3626 δεδώκασιν
1664 3569 1860 3625 ἐνταῦ-

281 3667 372 3722 θα.
427 3663 570 3718 Ἀλλ’
625 3662 760 3730 ἴσθι,
801 3663 884 3718 ὅτι
934 3662 1122 3717 πολλοὶ
1165 3663 1264 3734 μὲν
1311 3661 1591 3716 κάνταῦθα
1651 3661 1863 3716 ἔδοσαν.

279 3759 346 3812 Et
373 3757 432 3810 δέ
473 3772 621 3820 τινες
663 3755 940 3826 διέφυγον,
987 3755 1078 3808 ἐπὶ
1126 3754 1282 3826 κακῷ
1317 3755 1419 3824 τῆς
1451 3753 1662 3808 ἑαυτῶν
1691 3771 1865 3824 κεφα-

2049 3217 2250 3277 Eorum
2285 3220 2529 3292 vestigiis
2579 3222 2978 3288 insistendum,
3033 3225 3125 3292 qui
3167 3223 3402 3280 divinam
3451 3228 3554 3284 ob-

1973 3321 2261 3368 servarunt
2296 3311 2488 3383 legem,
2521 3327 2628 3368 non
2663 3313 2753 3384 qui
2789 3328 2907 3368 eam
2944 3315 3267 3386 transgressi
3297 3319 3554 3388 pracvari-

1972 3405 2077 3459 σθιί
2119 3415 2266 3460 sunt.
2330 3402 2464 3460 Illud
2499 3405 2646 3459 enim
2685 3413 2860 3460 tutum
2893 3414 2978 3462 est
3010 3421 3075 3462 ac
3117 3423 3410 3478 securum;
3448 3411 3555 3468 hoc

1971 3511 2100 3552 vero
2135 3495 2450 3566 periculosa:
2478 3495 2692 3566 plenum
2723 3513 2858 3568 opus
2885 3497 3049 3554 alam:
3081 3513 3252 3569 quare
3287 3515 3392 3556 non
3424 3502 3552 3557 imi-

1971 3587 2212 3641 tandum.
2270 3585 2420 3642 Talia
2465 3587 2628 3658 igitur
2675 3597 2954 3660 patrantes
2989 3606 3095 3645 non
3160 3606 3354 3648 censes
3395 3609 3552 3663 poena

1968 3674 2182 3746 dignos,
2203 3677 2642 3746 quandoquidem
2677 3689 2968 3748 peccantes
2993 3681 3209 3750 quidam
3243 3683 3331 3738 hic
3365 3699 3559 3754 pinnas

1971 3782 2072 3820 non
2106 3768 2414 3836 dederunt;
2464 3767 2559 3824 sed
2602 3771 2746 3826 scias
2785 3771 2984 3828 multos
3014 3775 3178 3828 etiam
3211 3775 3264 3830 in
3299 3775 3403 3832 hac
3435 3779 3550 3833 vita
3641 3766 3646 3771 ’

3389 308 3530 380 14ιᾶ
3649 319 3654 323 ’

279 3848 402 3919 λῆς·
437 3845 766 3910 ἀπελθόντες
789 3847 920 3917 γὰρ,
950 3847 1070 3900 ἐκεῖ
1089 3845 1318 3900 δώσουσι
1343 3846 1766 3918 χαλεπωτέραν*
1799 3847 1860 3900 σύ

1969 3872 2158 3926 poenas
2199 3857 2438 3916 dedisse.
2495 3857 2659 3930 599
2714 3859 2771 3916 Si
2807 3876 2938 3919 vero
2989 3877 3180 3932 ptenas
3210 3865 3432 3934 quidam
3475 3868 3555 3922 cf-

278 3941 338 3994 ὄὲ
368 3941 455 3994 ὅτι
479 3939 542 3992 τὺ
578 3938 858 4010 ἀζήλωτον
891 3938 1190 4011 ὲζήλωσας,
1239 3939 1459 4010 μείζονα
1507 3939 1725 4002 πάντως
1767 3937 1860 4010 μὲν

1969 3949 2210 4020 fugerint
2233 3991 2248 4016 ,
2299 3951 2440 4008 malo
2473 3954 2636 4023 capiti
2668 3969 2855 4010 eorum
2901 3955 3254 4024 imminente,
3290 3961 3554 4018 abeuntes

280 4030 424 4084 ἐκεῖ.
495 4028 640 4082 Ἐσθ’
691 4029 780 4082 ὅτε
815 4027 874 4082 δὲ
919 4028 1201 4089 κάνταῦθα
1227 4029 1384 4102 δίκην
1429 4029 1580 4101 δοίης
1605 4049 1619 4064 ·
1651 4031 1713 4084 οὐ
1755 4030 1860 4102 γὰρ

1975 4045 2190 4099 tandem
2221 4045 2330 4100 vita
2361 4045 2584 4118 gravius
2614 4046 2684 4105 ibi
2736 4047 3051 4119 punientur.
3108 4049 3187 4104 Tu
3220 4066 3373 4116 vero,
3412 4058 3558 4123 quod

281 4119 340 4174 ετ
389 4135 448 4170 τι
505 4119 564 4172 ὲν
625 4121 738 4182 τοῖς
798 4119 1204 4191 παρεληλυθόσι
1259 4121 1475 4192 χρόνοις
1551 4123 1860 4194 παράλογον

1977 4150 2082 4189 non
2112 4146 2232 4192 erat
2267 4137 2628 4206 imitandum,
2665 4139 2914 4207 imitans,
2946 4140 3195 4209 graviora
3225 4119 3443 4212 quidem
3481 4145 3555 4200 ibi

281 4209 541 4282 ἐπράχθη
577 4208 666 4281 (σὺ
699 4209 757 4264 δὲ
795 4209 940 4264 τοῦτ’
982 4211 1310 4284 ἐζήλωσας),
1349 4213 1623 4268 διά,τοῦτ’
1653 4215 1860 4284 ἀποφύ-

1975 4225 2235 4295 patieris,
2277 4227 2492 4285 etiamsi
2547 4229 2636 4285 hic
2686 4243 2899 4298 pcenam
2944 4208 3084 4286 luas.
3145 4208 3262 4288 Non
3311 4235 3454 4290 enim
3507 4235 3558 4292 si

281 4319 428 4374 τοις,
483 4301 624 4356 ἀλλά
651 4301 834 4373 πολλῷ
869 4302 1070 4374 μᾶλλον
1103 4301 1352 4368 δώκειας.
1397 4305 1609 4376 ’Ὠσπερ
1653 4307 1762 4377 γὰρ
1819 4309 1860 4361 ει

1975 4315 2175 4386 elapsis
2209 4319 2544 4386 temporibus
2577 4320 2776 4374 malum
2809 4321 2939 4390 quid
2991 4331 3261 4392 patratum
3316 4324 3396 4395 (tu
3427 4342 3561 4383 vero

285 4411 374 4459 τις
431 4394 659 4449 ἐκείνων
726 4395 972 4466 προήλω,
1040 4397 1106 4450 σὺ
1156 4396 1272 4450 τάδ’
1315 4397 1417 4450 οὐκ
1465 4396 1533 4451 ἂν
1601 4397 1868 4473 ἔδρασας·

289 4486 464 4552 οὕτως
486 4487 556 4542 ἂν
579 4488 644 4542 σὺ
673 4486 838 4559 ἁλῷς,
865 4487 1023 4552 ἄλλος
1059 4487 1120 4542 οὐ
1145 4487 1418 4558 δράσειεν.
1479 4503 1488 4522 ‘

515 4779 688 4835 PNB'.
727 4807 800 4820 -
834 4777 1040 4851 omne
1073 4778 1644 4855 ΠΟΛΙΤΕΥΟΜΕΝῼ.

1971 4405 2076 4460 hoc
2103 4420 2162 4462 es
2199 4407 2461 4481 imitatus)
2517 4421 2804 4480 propterea
2849 4411 3110 4483 eﬂugias,
3165 4415 3259 4469 sed
3312 4417 3560 4486 punieris

1973 4497 2144 4553 multo
2173 4499 2365 4568 magis.
2429 4499 2496 4558 Ut
2530 4504 2675 4557 enim
2713 4504 2758 4557 si
2794 4505 2917 4573 quis
2973 4504 3182 4560 illorum
3207 4496 3388 4563 antea
3430 4525 3557 4566 rcus

1976 4585 2200 4654 luisset,
2236 4597 2290 4642 tu
2331 4589 2419 4645 illa
2457 4607 2563 4648 non
2599 4595 2968 4651 commisisscs
2999 4613 3016 4664 ;
3071 4597 3154 4653 sic
3183 4611 3307 4653 cum
3348 4609 3401 4654 tu
3433 4617 3558 4658 reus

1977 4676 2170 4745 fueris,
2206 4680 2346 4738 alius
2379 4682 2432 4738 in
2464 4693 2742 4752 posterum
2779 4701 2885 4742 non
2917 4689 3243 4746 committet.

2179 4791 2334 4850 CLII.
2370 4824 2442 4840 -
2483 4793 2761 4854 PIIILEIE
2803 4797 3014 4854 REMP.
3046 4799 3370 4857 GERENTI.

355 4869 658 4942 Expertum
681 4871 968 4925 vanitatem
996 4869 1182 4940 gloria
1207 4873 1490 4927 mundana:
1518 4875 1782 4941 hortatur,
1813 4883 1871 4930 ut
1897 4887 2144 4934 wternam
2167 4883 2390 4951 ambiat,
2423 4903 2582 4958 quam
2611 4897 2660 4941 et
2687 4897 2892 4944 terrena
2922 4905 3056 4958 scepe
3087 4891 3461 4958 subsequatur.

352 4977 766 5050 Τεταραγμένῳ
791 4975 1014 5042 δεινῶς,
1053 4976 1142 5031 διά
1176 4976 1236 5032 τὸ
1265 4978 1424 5048 δόξης
1447 4979 1734 5052 πολιτικῆς
1778 4980 1858 5035 διο

274 5069 692 5143 ημαρτηκέναι,
723 5067 799 5132 ὡς
829 5069 1130 5142 ἐπυθόμην,
1151 5069 1348 5136 ἔοικας.
1373 5071 1667 5144 Ἑννοὴσας
1687 5075 1868 5132 τοίνυν

274 5163 384 5234 τὴν
409 5159 653 5225 εὐδοξίαν
686 5158 779 5214 τοῦ
808 5159 926 5230 βίου
955 5162 1167 5230 τούτου,
1188 5162 1301 5216 τῶν
1319 5163 1570 5235 ἀραχνῶν
1599 5167 1696 5236 μὲν
1718 5169 1868 5220 εὐτε-

274 5255 580 5328 λεστέραν,
605 5255 833 5326 ὀνείρων
855 5255 913 5310 δὲ
935 5255 1338 5327 ἀδρανεστέραν
1356 5295 1372 5322 ,
1399 5256 1481 5320 είς
1513 5257 1605 5311 τὸν
1639 5257 1870 5330 ὑπερκό-

279 5361 451 5416 σμιον
493 5345 772 5416 μεταγαγε
810 5344 1010 5400 σαυτοῦ
1035 5345 1128 5399 τὸν
1157 5345 1284 5399 νοῦν
1305 5384 1321 5411 ,
1349 5345 1442 5399 καὶ
1477 5348 1696 5418 σιτήσεις
1735 5349 1866 5420 ῥᾷον

273 5433 377 5490 τὸν
417 5432 644 5507 θόρυϐον
673 5437 770 5508 τῆς
811 5436 1012 5507 ψυχῆς.
1059 5437 1134 5490 Οὐ
1165 5436 1275 5509 γὰρ
1321 5437 1648 5510 ἀμφοτέρων
1679 5441 1868 5510 ὀρεγό-

283 5541 454 5599 μενον
473 5565 490 5593 ,
523 5525 852 5598 ἀμφοτέρων
873 5525 1024 5580 ἔστιν
1067 5527 1346 5598 ἐπιτυχεῖν
1370 5543 1384 5556 ’
1413 5531 1598 5598 τυχεῖν
1628 5529 1728 5599 μὲν
1754 5530 1864 5600 ἅμ-

283 5611 535 5684 φοτέρων
561 5613 744 5683 ἐστιν,
767 5615 896 5669 ὅταν
931 5612 1008 5686 μὴ
1039 5615 1364 5688 ἀμφοτέρων
1383 5655 1399 5682 ,
1433 5616 1570 5670 ἀλλὰ
1604 5617 1706 5689 τῆς
1736 5620 1866 5689 μιᾶς

203 5761 211 5766 _
271 5702 391 5786 ,τῆς
413 5705 481 5762 ἐκ
505 5704 612 5760 τῶν
633 5703 899 5780 οὐρανῶν,
926 5704 1162 5779 ἐρῶμεν·
1189 5707 1520 5780 ἀμφοτέρων
1551 5707 1606 5764 δὲ
1631 5710 1862 5782 ἐρῶντα,

2049 4987 2304 5046 Graviter
2336 4993 2552 5048 turbato
2581 4994 2778 5049 similis
2807 5009 2868 5050 es
2899 4997 3042 5066 quod
3077 4997 3222 5052 civili
3253 4995 3423 5070 gloria
3461 5016 3561 5056 ex-

1976 5078 2174 5135 cidisse
2203 5082 2280 5136 sis
2303 5083 2469 5138 visus.
2510 5083 2772 5141 Existima
2803 5085 2987 5156 itaque
3019 5087 3142 5144 vitm
3171 5089 3331 5157 hujus
3359 5090 3555 5146 bonam

1975 5170 2435 5230 existimationem
2477 5173 2618 5231 'telis
2672 5191 3000 5234 aranearum
3057 5182 3356 5236 tenuiorem
3409 5197 3554 5250 esse,

1977 5260 2314 5330 somniisque
2344 5263 2516 5334 magis
2545 5263 2763 5320 exilem.
2805 5264 2864 5322 In
2897 5267 3138 5324 caelestia
3184 5269 3367 5338 itaque
3400 5283 3556 5323 men-

1975 5357 2088 5406 tem
2123 5361 2272 5407 tuam
2309 5355 2504 5425 dirige,
2539 5356 2818 5426 animique
2848 5359 3135 5414 tumultum
3171 5357 3334 5415 facile
3373 5357 3556 5428 placa-

1976 5441 2078 5497 bis.
2137 5441 2240 5510 Qui
2271 5445 2412 5500 enim
2443 5455 2735 5518 utrumque
2770 5457 3028 5518 exoptat,
3067 5457 3262 5504 neutro
3291 5448 3550 5518 potiatur.

1975 5530 2248 5602 Consequi
2279 5548 2409 5590 vero
2437 5545 2727 5606 utrumque
2757 5537 2958 5603 licebit,
2990 5537 3204 5607 quando
3231 5549 3336 5592 non
3366 5538 3553 5604 ambo,

1973 5623 2068 5678 sed
2121 5639 2208 5680 res
2241 5633 2450 5681 tantum
2482 5629 2732 5685 ctelestes
2777 5630 3066 5685 adamarit.
3125 5627 3232 5697 Qui
3277 5629 3384 5684 duo
3412 5642 3552 5686 con-

1975 5724 2242 5788 sectatur,
2276 5720 2699 5796 neutrumcapit
2733 5721 2814 5794 (ut
2845 5721 2900 5779 in
2926 5721 3244 5790 venatione,
3278 5723 3546 5798 leporem)
