  <div class='ocr_page' id='page_1' title='image "/cluster/home/n/w/nwhite01/storage/ocr_20150623/78/coo.31924054869791/716.png"; bbox 0 0 4070 6370; ppageno 0'>
   <div class='ocr_carea' id='block_1_1' title="bbox 298 282 430 350">
    <p class='ocr_par' dir='ltr' id='par_1_1' title="bbox 298 282 430 350">
     <span class='ocr_line' id='line_1_1' title="bbox 298 282 430 350; baseline 0.03 -4"><span class='ocrx_word' id='word_1_1' title='bbox 298 282 430 350; x_wconf 74' lang='grc' dir='ltr'><strong>ΗΠ</strong></span> 
     </span>
    </p>
   </div>
   <div class='ocr_carea' id='block_1_2' title="bbox 1180 275 2652 344">
    <p class='ocr_par' dir='ltr' id='par_1_2' title="bbox 1180 275 2652 344">
     <span class='ocr_line' id='line_1_2' title="bbox 1180 275 2652 344; baseline -0.004 0"><span class='ocrx_word' id='word_1_2' title='bbox 1180 279 1719 344; x_wconf 80' lang='lat' dir='ltr'><strong>EPISTOI.ARUM</strong></span> <span class='ocrx_word' id='word_1_3' title='bbox 1756 280 1904 339; x_wconf 90' lang='lat' dir='ltr'><strong>LIB.</strong></span> <span class='ocrx_word' id='word_1_4' title='bbox 1935 275 2004 339; x_wconf 76' lang='grc' dir='ltr'><strong>ν.</strong></span> <span class='ocrx_word' id='word_1_5' title='bbox 2045 303 2114 314; x_wconf 88' lang='grc'><strong>-</strong></span> <span class='ocrx_word' id='word_1_6' title='bbox 2145 278 2383 338; x_wconf 81' lang='lat' dir='ltr'><strong>EPIST.</strong></span> <span class='ocrx_word' id='word_1_7' title='bbox 2419 277 2652 338; x_wconf 80' lang='lat' dir='ltr'><strong>CLXII.</strong></span> 
     </span>
    </p>
   </div>
   <div class='ocr_carea' id='block_1_3' title="bbox 3412 276 3550 340">
    <p class='ocr_par' dir='ltr' id='par_1_3' title="bbox 3412 276 3550 340">
     <span class='ocr_line' id='line_1_3' title="bbox 3412 276 3550 340; baseline -0.014 0"><span class='ocrx_word' id='word_1_8' title='bbox 3412 276 3550 340; x_wconf 70' lang='lat'><strong>1413</strong></span> 
     </span>
    </p>
   </div>
   <div class='ocr_carea' id='block_1_4' title="bbox 292 391 1884 490">
    <p class='ocr_par' dir='ltr' id='par_1_4' title="bbox 292 392 1870 472">
     <span class='ocr_line' id='line_1_4' title="bbox 292 392 1870 472; baseline -0.003 -21"><span class='ocrx_word' id='word_1_9' title='bbox 292 401 478 453; x_wconf 70' lang='grc' dir='ltr'><strong>δκεῖνα</strong></span> <span class='ocrx_word' id='word_1_10' title='bbox 525 400 624 469; x_wconf 73' lang='grc' dir='ltr'><strong>μὲν</strong></span> <span class='ocrx_word' id='word_1_11' title='bbox 659 400 766 472; x_wconf 83' lang='grc' dir='ltr'><strong>γὰρ</strong></span> <span class='ocrx_word' id='word_1_12' title='bbox 811 397 1168 469; x_wconf 76' lang='grc' dir='ltr'><strong>ἀνελεύθερον</strong></span> <span class='ocrx_word' id='word_1_13' title='bbox 1200 397 1298 468; x_wconf 72' lang='grc' dir='ltr'><strong>τὴν</strong></span> <span class='ocrx_word' id='word_1_14' title='bbox 1341 393 1551 465; x_wconf 77' lang='grc' dir='ltr'><strong>ψυχὴν,</strong></span> <span class='ocrx_word' id='word_1_15' title='bbox 1597 392 1770 447; x_wconf 84' lang='grc' dir='ltr'><strong>ταῦτα</strong></span> <span class='ocrx_word' id='word_1_16' title='bbox 1815 393 1870 446; x_wconf 84' lang='grc' dir='ltr'><strong>δέ</strong></span> 
     </span>
    </p>
   </div>
   <div class='ocr_carea' id='block_1_5' title="bbox 1985 391 3546 490">
    <p class='ocr_par' dir='ltr' id='par_1_5' title="bbox 1985 391 3546 463">
     <span class='ocr_line' id='line_1_5' title="bbox 1985 391 3546 463; baseline 0.001 -17"><span class='ocrx_word' id='word_1_17' title='bbox 1985 409 2098 449; x_wconf 80' lang='lat' dir='ltr'><strong>vum</strong></span> <span class='ocrx_word' id='word_1_18' title='bbox 2132 394 2366 449; x_wconf 78' lang='lat' dir='ltr'><strong>reddunt</strong></span> <span class='ocrx_word' id='word_1_19' title='bbox 2399 393 2636 448; x_wconf 87' lang='lat' dir='ltr'><strong>animum</strong></span> <span class='ocrx_word' id='word_1_20' title='bbox 2665 408 2679 458; x_wconf 92' lang='lat'><strong>;</strong></span> <span class='ocrx_word' id='word_1_21' title='bbox 2715 391 3034 450; x_wconf 73' lang='lat' dir='ltr'><strong>sufﬁcientia</strong></span> <span class='ocrx_word' id='word_1_22' title='bbox 3065 407 3194 449; x_wconf 84' lang='lat' dir='ltr'><strong>vero</strong></span> <span class='ocrx_word' id='word_1_23' title='bbox 3213 405 3365 463; x_wconf 84' lang='lat' dir='ltr'><strong>reges</strong></span> <span class='ocrx_word' id='word_1_24' title='bbox 3396 393 3546 449; x_wconf 82' lang='lat' dir='ltr'><strong>facit.</strong></span> 
     </span>
    </p>
   </div>
   <div class='ocr_carea' id='block_1_6' title="bbox 294 488 1009 560">
    <p class='ocr_par' dir='ltr' id='par_1_6' title="bbox 294 488 1009 560">
     <span class='ocr_line' id='line_1_6' title="bbox 294 488 1009 560; baseline 0.003 -18"><span class='ocrx_word' id='word_1_25' title='bbox 294 488 706 559; x_wconf 77' lang='grc' dir='ltr'><strong>παρασκευάζει</strong></span> <span class='ocrx_word' id='word_1_26' title='bbox 745 488 1009 560; x_wconf 79' lang='grc' dir='ltr'><strong>βασιλίδα.</strong></span> 
     </span>
    </p>
   </div>
   <div class='ocr_carea' id='block_1_7' title="bbox 799 593 1374 667">
    <p class='ocr_par' dir='ltr' id='par_1_7' title="bbox 799 593 1374 667">
     <span class='ocr_line' id='line_1_7' title="bbox 799 593 1374 667; baseline -0.002 -16"><span class='ocrx_word' id='word_1_27' title='bbox 799 595 970 652; x_wconf 62' lang='lat' dir='ltr'><strong>mea</strong></span> <span class='ocrx_word' id='word_1_28' title='bbox 1017 625 1088 636; x_wconf 89' lang='grc'><strong><em>-</em></strong></span> <span class='ocrx_word' id='word_1_29' title='bbox 1133 593 1374 667; x_wconf 82' lang='grc' dir='ltr'><strong>ΠΕΤΡῼ.</strong></span> 
     </span>
    </p>
   </div>
   <div class='ocr_carea' id='block_1_8' title="bbox 2483 586 3045 644">
    <p class='ocr_par' dir='ltr' id='par_1_8' title="bbox 2483 586 3045 644">
     <span class='ocr_line' id='line_1_8' title="bbox 2483 586 3045 644; baseline 0.002 -1"><span class='ocrx_word' id='word_1_30' title='bbox 2483 586 2663 644; x_wconf 75' lang='lat' dir='ltr'><strong>CLIX.</strong></span> <span class='ocrx_word' id='word_1_31' title='bbox 2690 618 2757 628; x_wconf 91' lang='lat'><strong><em>—</em></strong></span> <span class='ocrx_word' id='word_1_32' title='bbox 2799 588 3045 644; x_wconf 71' lang='lat' dir='ltr'><strong>PETIIO.</strong></span> 
     </span>
    </p>
   </div>
   <div class='ocr_carea' id='block_1_9' title="bbox 299 699 3549 844">
    <p class='ocr_par' dir='ltr' id='par_1_9' title="bbox 299 699 3549 844">
     <span class='ocr_line' id='line_1_9' title="bbox 299 699 3549 844; baseline -0.002 -83"><span class='ocrx_word' id='word_1_33' title='bbox 299 708 636 766; x_wconf 81' lang='lat' dir='ltr'><strong>Peccantium</strong></span> <span class='ocrx_word' id='word_1_34' title='bbox 663 726 853 781; x_wconf 82' lang='lat' dir='ltr'><strong>genera</strong></span> <span class='ocrx_word' id='word_1_35' title='bbox 879 712 983 766; x_wconf 86' lang='lat' dir='ltr'><strong>duo</strong></span> <span class='ocrx_word' id='word_1_36' title='bbox 1013 716 1411 779; x_wconf 75' lang='lat' dir='ltr'><strong>comparantur.</strong></span> <span class='ocrx_word' id='word_1_37' title='bbox 1431 706 1497 760; x_wconf 84' lang='lat' dir='ltr'><strong>In</strong></span> <span class='ocrx_word' id='word_1_38' title='bbox 1525 706 1658 762; x_wconf 82' lang='lat' dir='ltr'><strong>illud</strong></span> <span class='ocrx_word' id='word_1_39' title='bbox 1691 704 1850 787; x_wconf 74' lang='lat' dir='ltr'><strong>Pauli</strong></span> <span class='ocrx_word' id='word_1_40' title='bbox 1869 704 2036 828; x_wconf 46' lang='grc' dir='ltr'><strong>’θα-η.</strong></span> <span class='ocrx_word' id='word_1_41' title='bbox 2056 719 2100 844; x_wconf 53' lang='grc' dir='ltr'><strong>ς,</strong></span> <span class='ocrx_word' id='word_1_42' title='bbox 2125 703 2194 757; x_wconf 78' lang='lat'><strong>32</strong></span> <span class='ocrx_word' id='word_1_43' title='bbox 2220 720 2233 755; x_wconf 91' lang='lat'><strong>:</strong></span> <span class='ocrx_word' id='word_1_44' title='bbox 2275 721 2294 754; x_wconf 83' lang='grc' dir='ltr'><strong>ι</strong></span> <span class='ocrx_word' id='word_1_45' title='bbox 2318 701 2440 757; x_wconf 83' lang='lat' dir='ltr'><strong>Non</strong></span> <span class='ocrx_word' id='word_1_46' title='bbox 2469 701 2635 756; x_wconf 88' lang='lat' dir='ltr'><strong>solum</strong></span> <span class='ocrx_word' id='word_1_47' title='bbox 2663 704 2752 772; x_wconf 86' lang='lat' dir='ltr'><strong>qui</strong></span> <span class='ocrx_word' id='word_1_48' title='bbox 2781 719 2842 757; x_wconf 85' lang='lat' dir='ltr'><strong>ea</strong></span> <span class='ocrx_word' id='word_1_49' title='bbox 2876 703 3098 771; x_wconf 79' lang='lat' dir='ltr'><strong>faciunt,</strong></span> <span class='ocrx_word' id='word_1_50' title='bbox 3123 720 3140 753; x_wconf 73' lang='grc' dir='ltr'><strong>ι</strong></span> <span class='ocrx_word' id='word_1_51' title='bbox 3176 712 3274 756; x_wconf 83' lang='lat' dir='ltr'><strong>etc.</strong></span> <span class='ocrx_word' id='word_1_52' title='bbox 3311 699 3549 772; x_wconf 77' lang='lat' dir='ltr'><strong>(Conler.</strong></span> 
     </span>
     <span class='ocr_line' id='line_1_10' title="bbox 1757 791 2046 844; baseline -0.014 -15"><span class='ocrx_word' id='word_1_53' title='bbox 1757 792 1862 844; x_wconf 70' lang='lat' dir='ltr'><strong>epis</strong></span> <span class='ocrx_word' id='word_1_54' title='bbox 1895 815 1908 828; x_wconf 89' lang='lat'><strong>.</strong></span> <span class='ocrx_word' id='word_1_55' title='bbox 1971 791 1985 825; x_wconf 88' lang='lat' dir='ltr'><strong>t</strong></span> <span class='ocrx_word' id='word_1_56' title='bbox 2035 813 2046 826; x_wconf 88' lang='lat'><strong>.</strong></span> 
     </span>
    </p>
   </div>
   <div class='ocr_carea' id='block_1_10' title="bbox 1757 791 2046 845">
    <p class='ocr_par' dir='ltr' id='par_1_10' title="bbox 1757 791 2046 845">
     <span class='ocr_line' id='line_1_11' title="bbox 1757 791 2046 845; baseline -0.01 -16"><span class='ocrx_word' id='word_1_57' title='bbox 1757 791 1908 845; x_wconf 83' lang='lat' dir='ltr'><strong>eptst.</strong></span> <span class='ocrx_word' id='word_1_58' title='bbox 1971 791 2046 827; x_wconf 65' lang='lat' dir='ltr'><strong>ts.</strong></span> 
     </span>
    </p>
   </div>
   <div class='ocr_carea' id='block_1_11' title="bbox 360 863 1868 978">
    <p class='ocr_par' dir='ltr' id='par_1_11' title="bbox 360 863 1868 978">
     <span class='ocr_line' id='line_1_12' title="bbox 360 863 1868 978; baseline -0.004 -16"><span class='ocrx_word' id='word_1_59' title='bbox 360 906 548 962; x_wconf 81' lang='grc' dir='ltr'><strong>Κακδν</strong></span> <span class='ocrx_word' id='word_1_60' title='bbox 600 905 698 978; x_wconf 77' lang='grc' dir='ltr'><strong>μὲν</strong></span> <span class='ocrx_word' id='word_1_61' title='bbox 754 906 814 959; x_wconf 82' lang='grc' dir='ltr'><strong>τὸ</strong></span> <span class='ocrx_word' id='word_1_62' title='bbox 862 905 1234 977; x_wconf 77' lang='grc' dir='ltr'><strong>ἁμαρτάνειν,</strong></span> <span class='ocrx_word' id='word_1_63' title='bbox 1282 863 1510 958; x_wconf 34' lang='grc' dir='ltr'><strong>κάκιον.</strong></span> <span class='ocrx_word' id='word_1_64' title='bbox 1541 903 1600 958; x_wconf 87' lang='grc' dir='ltr'><strong>δέ</strong></span> <span class='ocrx_word' id='word_1_65' title='bbox 1652 902 1712 956; x_wconf 79' lang='grc' dir='ltr'><strong>τὸ</strong></span> <span class='ocrx_word' id='word_1_66' title='bbox 1773 903 1868 956; x_wconf 72' lang='grc' dir='ltr'><strong>καὶ</strong></span> 
     </span>
    </p>
   </div>
   <div class='ocr_carea' id='block_1_12' title="bbox 292 994 1870 1070">
    <p class='ocr_par' dir='ltr' id='par_1_12' title="bbox 292 994 1870 1070">
     <span class='ocr_line' id='line_1_13' title="bbox 292 994 1870 1070; baseline -0.003 -18"><span class='ocrx_word' id='word_1_67' title='bbox 292 1000 679 1070; x_wconf 77' lang='grc' dir='ltr'><strong>ἁμαρτάνοντα</strong></span> <span class='ocrx_word' id='word_1_68' title='bbox 702 997 1045 1066; x_wconf 81' lang='grc' dir='ltr'><strong>ἀναισθήτως</strong></span> <span class='ocrx_word' id='word_1_69' title='bbox 1069 996 1211 1067; x_wconf 80' lang='grc' dir='ltr'><strong>ἔχειν</strong></span> <span class='ocrx_word' id='word_1_70' title='bbox 1230 1012 1243 1027; x_wconf 77' lang='grc' dir='ltr'><strong><em>ο</em></strong></span> <span class='ocrx_word' id='word_1_71' title='bbox 1271 997 1332 1048; x_wconf 77' lang='grc' dir='ltr'><strong>τὸ</strong></span> <span class='ocrx_word' id='word_1_72' title='bbox 1351 997 1407 1050; x_wconf 85' lang='grc' dir='ltr'><strong>δέ</strong></span> <span class='ocrx_word' id='word_1_73' title='bbox 1429 996 1524 1049; x_wconf 77' lang='grc' dir='ltr'><strong>καὶ</strong></span> <span class='ocrx_word' id='word_1_74' title='bbox 1555 994 1656 1066; x_wconf 85' lang='grc' dir='ltr'><strong>τὴν</strong></span> <span class='ocrx_word' id='word_1_75' title='bbox 1678 995 1870 1066; x_wconf 83' lang='grc' dir='ltr'><strong>προαί-</strong></span> 
     </span>
    </p>
   </div>
   <div class='ocr_carea' id='block_1_13' title="bbox 245 1085 1870 1159">
    <p class='ocr_par' dir='ltr' id='par_1_13' title="bbox 245 1085 1870 1159">
     <span class='ocr_line' id='line_1_14' title="bbox 245 1085 1870 1159; baseline 0 -21"><span class='ocrx_word' id='word_1_76' title='bbox 245 1131 251 1138; x_wconf 93' lang='grc'><strong>.</strong></span> <span class='ocrx_word' id='word_1_77' title='bbox 297 1107 445 1159; x_wconf 84' lang='grc' dir='ltr'><strong>ρεσιν</strong></span> <span class='ocrx_word' id='word_1_78' title='bbox 475 1088 825 1158; x_wconf 82' lang='grc' dir='ltr'><strong>διεφθάρθαι,</strong></span> <span class='ocrx_word' id='word_1_79' title='bbox 852 1088 947 1141; x_wconf 79' lang='grc' dir='ltr'><strong>καὶ</strong></span> <span class='ocrx_word' id='word_1_80' title='bbox 980 1088 1116 1158; x_wconf 81' lang='grc' dir='ltr'><strong>μηδὲ</strong></span> <span class='ocrx_word' id='word_1_81' title='bbox 1141 1087 1240 1158; x_wconf 82' lang='grc' dir='ltr'><strong>τὴν</strong></span> <span class='ocrx_word' id='word_1_82' title='bbox 1265 1087 1448 1156; x_wconf 81' lang='grc' dir='ltr'><strong>κρίσιν</strong></span> <span class='ocrx_word' id='word_1_83' title='bbox 1473 1087 1582 1139; x_wconf 84' lang='grc' dir='ltr'><strong>τῶν</strong></span> <span class='ocrx_word' id='word_1_84' title='bbox 1610 1085 1870 1157; x_wconf 76' lang='grc' dir='ltr'><strong>πραγμά-</strong></span> 
     </span>
    </p>
   </div>
   <div class='ocr_carea' id='block_1_14' title="bbox 2048 899 3549 970">
    <p class='ocr_par' dir='ltr' id='par_1_14' title="bbox 2048 899 3549 970">
     <span class='ocr_line' id='line_1_15' title="bbox 2048 899 3549 970; baseline -0.002 -11"><span class='ocrx_word' id='word_1_85' title='bbox 2048 902 2303 968; x_wconf 87' lang='lat' dir='ltr'><strong>Peccare,</strong></span> <span class='ocrx_word' id='word_1_86' title='bbox 2337 899 2535 955; x_wconf 86' lang='lat' dir='ltr'><strong>malum</strong></span> <span class='ocrx_word' id='word_1_87' title='bbox 2565 907 2686 966; x_wconf 88' lang='lat' dir='ltr'><strong>est;</strong></span> <span class='ocrx_word' id='word_1_88' title='bbox 2735 899 2996 964; x_wconf 88' lang='lat' dir='ltr'><strong>deterius,</strong></span> <span class='ocrx_word' id='word_1_89' title='bbox 3031 909 3346 970; x_wconf 91' lang='lat' dir='ltr'><strong>peccantem</strong></span> <span class='ocrx_word' id='word_1_90' title='bbox 3382 901 3549 956; x_wconf 89' lang='lat' dir='ltr'><strong>veluti</strong></span> 
     </span>
    </p>
   </div>
   <div class='ocr_carea' id='block_1_15' title="bbox 1958 990 3549 1061">
    <p class='ocr_par' dir='ltr' id='par_1_15' title="bbox 1958 990 3549 1061">
     <span class='ocr_line' id='line_1_16' title="bbox 1958 990 3549 1061; baseline -0.001 -14"><span class='ocrx_word' id='word_1_91' title='bbox 1958 1007 2170 1048; x_wconf 83' lang='lat' dir='ltr'><strong>sensus</strong></span> <span class='ocrx_word' id='word_1_92' title='bbox 2193 1002 2469 1061; x_wconf 75' lang='lat' dir='ltr'><strong>expertem</strong></span> <span class='ocrx_word' id='word_1_93' title='bbox 2501 991 2634 1044; x_wconf 89' lang='lat' dir='ltr'><strong>nihil</strong></span> <span class='ocrx_word' id='word_1_94' title='bbox 2667 990 2889 1045; x_wconf 86' lang='lat' dir='ltr'><strong>moveri.</strong></span> <span class='ocrx_word' id='word_1_95' title='bbox 2923 991 2994 1044; x_wconf 89' lang='lat' dir='ltr'><strong>At</strong></span> <span class='ocrx_word' id='word_1_96' title='bbox 3012 1005 3138 1045; x_wconf 89' lang='lat' dir='ltr'><strong>vero</strong></span> <span class='ocrx_word' id='word_1_97' title='bbox 3166 991 3255 1059; x_wconf 90' lang='lat' dir='ltr'><strong>qui</strong></span> <span class='ocrx_word' id='word_1_98' title='bbox 3287 1002 3549 1060; x_wconf 88' lang='lat' dir='ltr'><strong>corrupto</strong></span> 
     </span>
    </p>
   </div>
   <div class='ocr_carea' id='block_1_16' title="bbox 1970 1081 3552 1152">
    <p class='ocr_par' dir='ltr' id='par_1_16' title="bbox 1970 1081 3552 1152">
     <span class='ocr_line' id='line_1_17' title="bbox 1970 1081 3552 1152; baseline 0.001 -16"><span class='ocrx_word' id='word_1_99' title='bbox 1970 1081 2176 1152; x_wconf 88' lang='lat' dir='ltr'><strong>judicio</strong></span> <span class='ocrx_word' id='word_1_100' title='bbox 2207 1083 2274 1136; x_wconf 93' lang='lat' dir='ltr'><strong>de</strong></span> <span class='ocrx_word' id='word_1_101' title='bbox 2326 1085 2487 1138; x_wconf 84' lang='lat' dir='ltr'><strong>rebus</strong></span> <span class='ocrx_word' id='word_1_102' title='bbox 2532 1082 2668 1136; x_wconf 90' lang='lat' dir='ltr'><strong>male</strong></span> <span class='ocrx_word' id='word_1_103' title='bbox 2699 1081 3012 1148; x_wconf 77' lang='lat' dir='ltr'><strong>existimat,</strong></span> <span class='ocrx_word' id='word_1_104' title='bbox 3059 1082 3201 1136; x_wconf 89' lang='lat' dir='ltr'><strong>hunc</strong></span> <span class='ocrx_word' id='word_1_105' title='bbox 3249 1085 3552 1150; x_wconf 88' lang='lat' dir='ltr'><strong>pessimum</strong></span> 
     </span>
    </p>
   </div>
   <div class='ocr_carea' id='block_1_17' title="bbox 291 1173 1884 1249">
    <p class='ocr_par' dir='ltr' id='par_1_17' title="bbox 291 1176 1869 1249">
     <span class='ocr_line' id='line_1_18' title="bbox 291 1176 1869 1249; baseline -0.001 -19"><span class='ocrx_word' id='word_1_106' title='bbox 291 1195 403 1230; x_wconf 84' lang='grc' dir='ltr'><strong>των</strong></span> <span class='ocrx_word' id='word_1_107' title='bbox 431 1177 575 1248; x_wconf 81' lang='grc' dir='ltr'><strong>ἔχειν</strong></span> <span class='ocrx_word' id='word_1_108' title='bbox 613 1178 780 1249; x_wconf 82' lang='grc' dir='ltr'><strong>ὀρθὴν</strong></span> <span class='ocrx_word' id='word_1_109' title='bbox 800 1217 816 1241; x_wconf 90' lang='grc'><strong>,</strong></span> <span class='ocrx_word' id='word_1_110' title='bbox 842 1176 1104 1230; x_wconf 87' lang='grc' dir='ltr'><strong>κάκιστόν</strong></span> <span class='ocrx_word' id='word_1_111' title='bbox 1136 1193 1220 1240; x_wconf 90' lang='grc' dir='ltr'><strong>τις</strong></span> <span class='ocrx_word' id='word_1_112' title='bbox 1248 1179 1475 1241; x_wconf 78' lang='grc' dir='ltr'><strong>εἰκότως</strong></span> <span class='ocrx_word' id='word_1_113' title='bbox 1507 1177 1761 1247; x_wconf 78' lang='grc' dir='ltr'><strong>ὁριεῖται.</strong></span> <span class='ocrx_word' id='word_1_114' title='bbox 1809 1177 1869 1229; x_wconf 87' lang='grc' dir='ltr'>Ὁ</span> 
     </span>
    </p>
   </div>
   <div class='ocr_carea' id='block_1_18' title="bbox 1985 1173 3556 1249">
    <p class='ocr_par' dir='ltr' id='par_1_18' title="bbox 1985 1173 3556 1244">
     <span class='ocr_line' id='line_1_19' title="bbox 1985 1173 3556 1244; baseline 0.004 -20"><span class='ocrx_word' id='word_1_115' title='bbox 1985 1174 2099 1244; x_wconf 84' lang='lat' dir='ltr'><strong>quis</strong></span> <span class='ocrx_word' id='word_1_116' title='bbox 2143 1175 2338 1228; x_wconf 90' lang='lat' dir='ltr'><strong>merito</strong></span> <span class='ocrx_word' id='word_1_117' title='bbox 2381 1173 2608 1240; x_wconf 84' lang='lat' dir='ltr'><strong>judicet.</strong></span> <span class='ocrx_word' id='word_1_118' title='bbox 2672 1173 2885 1228; x_wconf 84' lang='lat' dir='ltr'><strong>Primus</strong></span> <span class='ocrx_word' id='word_1_119' title='bbox 2919 1173 3147 1229; x_wconf 74' lang='lat' dir='ltr'><strong>forsitan</strong></span> <span class='ocrx_word' id='word_1_120' title='bbox 3194 1191 3422 1243; x_wconf 81' lang='lat' dir='ltr'><strong>peccare</strong></span> <span class='ocrx_word' id='word_1_121' title='bbox 3456 1178 3556 1230; x_wconf 85' lang='lat' dir='ltr'><strong>de-</strong></span> 
     </span>
    </p>
   </div>
   <div class='ocr_carea' id='block_1_19' title="bbox 296 1266 1868 1340">
    <p class='ocr_par' dir='ltr' id='par_1_19' title="bbox 296 1266 1868 1340">
     <span class='ocr_line' id='line_1_20' title="bbox 296 1266 1868 1340; baseline -0.001 -19"><span class='ocrx_word' id='word_1_122' title='bbox 296 1269 398 1338; x_wconf 87' lang='grc' dir='ltr'><strong>μέν</strong></span> <span class='ocrx_word' id='word_1_123' title='bbox 434 1271 542 1340; x_wconf 82' lang='grc' dir='ltr'><strong>γάρ</strong></span> <span class='ocrx_word' id='word_1_124' title='bbox 574 1270 703 1332; x_wconf 72' lang='grc' dir='ltr'><strong>ἴσως</strong></span> <span class='ocrx_word' id='word_1_125' title='bbox 730 1268 1018 1330; x_wconf 85' lang='grc' dir='ltr'><strong>παύσεται,</strong></span> <span class='ocrx_word' id='word_1_126' title='bbox 1053 1269 1082 1320; x_wconf 85' lang='grc' dir='ltr'><strong>ό</strong></span> <span class='ocrx_word' id='word_1_127' title='bbox 1115 1267 1172 1320; x_wconf 80' lang='grc' dir='ltr'><strong>δέ</strong></span> <span class='ocrx_word' id='word_1_128' title='bbox 1207 1267 1460 1338; x_wconf 77' lang='grc' dir='ltr'><strong>αἴσθησιν</strong></span> <span class='ocrx_word' id='word_1_129' title='bbox 1494 1269 1664 1338; x_wconf 74' lang='grc' dir='ltr'><strong>τυχὸν</strong></span> <span class='ocrx_word' id='word_1_130' title='bbox 1699 1266 1868 1338; x_wconf 74' lang='grc' dir='ltr'><strong>λήψε-</strong></span> 
     </span>
    </p>
   </div>
   <div class='ocr_carea' id='block_1_20' title="bbox 291 1357 1872 1430">
    <p class='ocr_par' dir='ltr' id='par_1_20' title="bbox 291 1357 1872 1430">
     <span class='ocr_line' id='line_1_21' title="bbox 291 1357 1872 1430; baseline -0.001 -18"><span class='ocrx_word' id='word_1_131' title='bbox 291 1377 380 1413; x_wconf 81' lang='grc' dir='ltr'><strong>ται</strong></span> <span class='ocrx_word' id='word_1_132' title='bbox 412 1359 522 1413; x_wconf 84' lang='grc' dir='ltr'><strong>τῶν</strong></span> <span class='ocrx_word' id='word_1_133' title='bbox 553 1360 918 1430; x_wconf 72' lang='grc' dir='ltr'><strong>τραυμάτων,</strong></span> <span class='ocrx_word' id='word_1_134' title='bbox 966 1359 1062 1412; x_wconf 73' lang='grc' dir='ltr'><strong>καὶ</strong></span> <span class='ocrx_word' id='word_1_135' title='bbox 1105 1359 1288 1429; x_wconf 82' lang='grc' dir='ltr'><strong>ίατρὺν</strong></span> <span class='ocrx_word' id='word_1_136' title='bbox 1329 1357 1585 1430; x_wconf 81' lang='grc' dir='ltr'><strong>ζητήσει·</strong></span> <span class='ocrx_word' id='word_1_137' title='bbox 1637 1361 1665 1412; x_wconf 85' lang='grc' dir='ltr'>ὁ</span> <span class='ocrx_word' id='word_1_138' title='bbox 1703 1358 1763 1411; x_wconf 89' lang='grc' dir='ltr'><strong>δέ</strong></span> <span class='ocrx_word' id='word_1_139' title='bbox 1806 1360 1872 1428; x_wconf 80' lang='grc' dir='ltr'><strong>τῇ</strong></span> 
     </span>
    </p>
   </div>
   <div class='ocr_carea' id='block_1_21' title="bbox 293 1445 1876 1519">
    <p class='ocr_par' dir='ltr' id='par_1_21' title="bbox 293 1445 1876 1519">
     <span class='ocr_line' id='line_1_22' title="bbox 293 1445 1876 1519; baseline -0.004 -18"><span class='ocrx_word' id='word_1_140' title='bbox 293 1447 466 1519; x_wconf 80' lang='grc' dir='ltr'><strong>κακίᾳ</strong></span> <span class='ocrx_word' id='word_1_141' title='bbox 511 1447 707 1517; x_wconf 73' lang='grc' dir='ltr'><strong>ἥδιστα</strong></span> <span class='ocrx_word' id='word_1_142' title='bbox 765 1445 1147 1516; x_wconf 76' lang='grc' dir='ltr'><strong>ἐνδιατρίϐων,</strong></span> <span class='ocrx_word' id='word_1_143' title='bbox 1200 1445 1296 1499; x_wconf 77' lang='grc' dir='ltr'><strong>καὶ</strong></span> <span class='ocrx_word' id='word_1_144' title='bbox 1346 1445 1685 1514; x_wconf 75' lang='grc' dir='ltr'><strong>ἐγκωμιάζει</strong></span> <span class='ocrx_word' id='word_1_145' title='bbox 1744 1445 1876 1506; x_wconf 83' lang='grc' dir='ltr'><strong>τοὺς</strong></span> 
     </span>
    </p>
   </div>
   <div class='ocr_carea' id='block_1_22' title="bbox 291 1530 1876 1607">
    <p class='ocr_par' dir='ltr' id='par_1_22' title="bbox 291 1530 1876 1607">
     <span class='ocr_line' id='line_1_23' title="bbox 291 1530 1876 1607; baseline -0.001 -17"><span class='ocrx_word' id='word_1_146' title='bbox 291 1541 468 1592; x_wconf 77' lang='grc' dir='ltr'><strong>ταυτα</strong></span> <span class='ocrx_word' id='word_1_147' title='bbox 512 1537 773 1607; x_wconf 82' lang='grc' dir='ltr'><strong>δρῶντας.</strong></span> <span class='ocrx_word' id='word_1_148' title='bbox 809 1536 961 1607; x_wconf 86' lang='grc' dir='ltr'><strong>Ὅσῳ</strong></span> <span class='ocrx_word' id='word_1_149' title='bbox 999 1530 1092 1590; x_wconf 81' lang='grc' dir='ltr'><strong>οὖν</strong></span> <span class='ocrx_word' id='word_1_150' title='bbox 1143 1535 1340 1607; x_wconf 86' lang='grc' dir='ltr'><strong>χείρων</strong></span> <span class='ocrx_word' id='word_1_151' title='bbox 1369 1535 1398 1587; x_wconf 78' lang='grc' dir='ltr'>ὁ</span> <span class='ocrx_word' id='word_1_152' title='bbox 1445 1535 1519 1604; x_wconf 75' lang='grc' dir='ltr'><strong>μὴ</strong></span> <span class='ocrx_word' id='word_1_153' title='bbox 1552 1533 1876 1604; x_wconf 78' lang='grc' dir='ltr'><strong>αἰσθόμενος</strong></span> 
     </span>
    </p>
   </div>
   <div class='ocr_carea' id='block_1_23' title="bbox 291 1624 1953 1708">
    <p class='ocr_par' dir='ltr' id='par_1_23' title="bbox 291 1624 1953 1708">
     <span class='ocr_line' id='line_1_24' title="bbox 291 1624 1953 1708; baseline -0.003 -26"><span class='ocrx_word' id='word_1_154' title='bbox 291 1630 431 1692; x_wconf 82' lang='grc' dir='ltr'><strong>τέως</strong></span> <span class='ocrx_word' id='word_1_155' title='bbox 455 1629 556 1700; x_wconf 85' lang='grc' dir='ltr'><strong>τῆς</strong></span> <span class='ocrx_word' id='word_1_156' title='bbox 581 1629 737 1682; x_wconf 82' lang='grc' dir='ltr'><strong>νόσου</strong></span> <span class='ocrx_word' id='word_1_157' title='bbox 767 1626 863 1682; x_wconf 87' lang='grc' dir='ltr'><strong>τοῦ</strong></span> <span class='ocrx_word' id='word_1_158' title='bbox 896 1626 1099 1690; x_wconf 83' lang='grc' dir='ltr'><strong>εἰδότος</strong></span> <span class='ocrx_word' id='word_1_159' title='bbox 1129 1627 1211 1680; x_wconf 83' lang='grc' dir='ltr'><strong>ὅτι</strong></span> <span class='ocrx_word' id='word_1_160' title='bbox 1241 1628 1408 1693; x_wconf 87' lang='grc' dir='ltr'><strong>νοσεῖ,</strong></span> <span class='ocrx_word' id='word_1_161' title='bbox 1441 1624 1683 1695; x_wconf 79' lang='grc' dir='ltr'><strong>τοσούτῳ</strong></span> <span class='ocrx_word' id='word_1_162' title='bbox 1713 1625 1878 1692; x_wconf 85' lang='grc' dir='ltr'><strong>χαλε-</strong></span> <span class='ocrx_word' id='word_1_163' title='bbox 1909 1653 1953 1708; x_wconf 76' lang='grc' dir='ltr'><strong>Β</strong></span> 
     </span>
    </p>
   </div>
   <div class='ocr_carea' id='block_1_24' title="bbox 295 1712 1878 1790">
    <p class='ocr_par' dir='ltr' id='par_1_24' title="bbox 295 1712 1878 1790">
     <span class='ocr_line' id='line_1_25' title="bbox 295 1712 1878 1790; baseline -0.005 -18"><span class='ocrx_word' id='word_1_164' title='bbox 295 1719 544 1790; x_wconf 76' lang='grc' dir='ltr'><strong>τ-υὼτερος</strong></span> <span class='ocrx_word' id='word_1_165' title='bbox 581 1718 674 1772; x_wconf 81' lang='grc' dir='ltr'><strong>τοῦ</strong></span> <span class='ocrx_word' id='word_1_166' title='bbox 724 1718 798 1790; x_wconf 81' lang='grc' dir='ltr'><strong>μὴ</strong></span> <span class='ocrx_word' id='word_1_167' title='bbox 843 1715 1168 1788; x_wconf 77' lang='grc' dir='ltr'><strong>αἰσθομένου</strong></span> <span class='ocrx_word' id='word_1_168' title='bbox 1224 1718 1252 1770; x_wconf 80' lang='grc' dir='ltr'><strong>ό</strong></span> <span class='ocrx_word' id='word_1_169' title='bbox 1299 1715 1394 1769; x_wconf 79' lang='grc' dir='ltr'><strong>καὶ</strong></span> <span class='ocrx_word' id='word_1_170' title='bbox 1449 1712 1764 1785; x_wconf 80' lang='grc' dir='ltr'><strong>συνηγορῶν</strong></span> <span class='ocrx_word' id='word_1_171' title='bbox 1810 1714 1878 1782; x_wconf 78' lang='grc' dir='ltr'><strong>τῇ</strong></span> 
     </span>
    </p>
   </div>
   <div class='ocr_carea' id='block_1_25' title="bbox 295 1800 1879 1876">
    <p class='ocr_par' dir='ltr' id='par_1_25' title="bbox 295 1800 1879 1876">
     <span class='ocr_line' id='line_1_26' title="bbox 295 1800 1879 1876; baseline -0.006 -13"><span class='ocrx_word' id='word_1_172' title='bbox 295 1810 438 1876; x_wconf 83' lang='grc' dir='ltr'><strong>νόσῳ</strong></span> <span class='ocrx_word' id='word_1_173' title='bbox 462 1825 476 1840; x_wconf 79' lang='grc' dir='ltr'><strong>ο</strong></span> <span class='ocrx_word' id='word_1_174' title='bbox 519 1809 613 1862; x_wconf 77' lang='grc' dir='ltr'><strong>καὶ</strong></span> <span class='ocrx_word' id='word_1_175' title='bbox 642 1807 732 1862; x_wconf 84' lang='grc' dir='ltr'><strong>διὰ</strong></span> <span class='ocrx_word' id='word_1_176' title='bbox 761 1807 920 1862; x_wconf 85' lang='grc' dir='ltr'><strong>τοῦτο</strong></span> <span class='ocrx_word' id='word_1_177' title='bbox 955 1806 1168 1870; x_wconf 82' lang='grc' dir='ltr'><strong>Παῦλος</strong></span> <span class='ocrx_word' id='word_1_178' title='bbox 1200 1804 1304 1876; x_wconf 74' lang='grc' dir='ltr'><strong>ἔφη</strong></span> <span class='ocrx_word' id='word_1_179' title='bbox 1330 1821 1345 1838; x_wconf 79' lang='grc' dir='ltr'><strong>ο</strong></span> <span class='ocrx_word' id='word_1_180' title='bbox 1385 1822 1406 1856; x_wconf 75' lang='grc' dir='ltr'><strong>ι</strong></span> <span class='ocrx_word' id='word_1_181' title='bbox 1445 1805 1519 1858; x_wconf 79' lang='grc' dir='ltr'><strong>Οὐ</strong></span> <span class='ocrx_word' id='word_1_182' title='bbox 1555 1803 1716 1874; x_wconf 81' lang='grc' dir='ltr'><strong>μόνον</strong></span> <span class='ocrx_word' id='word_1_183' title='bbox 1739 1800 1879 1855; x_wconf 82' lang='grc' dir='ltr'><strong>αὑτά</strong></span> 
     </span>
    </p>
   </div>
   <div class='ocr_carea' id='block_1_26' title="bbox 298 1889 1881 1966">
    <p class='ocr_par' dir='ltr' id='par_1_26' title="bbox 298 1889 1881 1966">
     <span class='ocr_line' id='line_1_27' title="bbox 298 1889 1881 1966; baseline -0.006 -14"><span class='ocrx_word' id='word_1_184' title='bbox 298 1897 720 1962; x_wconf 85' lang='grc' dir='ltr'><strong>ποιοῦσιν,άλλά</strong></span> <span class='ocrx_word' id='word_1_185' title='bbox 747 1898 843 1962; x_wconf 75' lang='grc' dir='ltr'><strong>καὶ</strong></span> <span class='ocrx_word' id='word_1_186' title='bbox 873 1896 1250 1952; x_wconf 85' lang='grc' dir='ltr'><strong>συνευδοκοῦσι</strong></span> <span class='ocrx_word' id='word_1_187' title='bbox 1285 1897 1396 1958; x_wconf 87' lang='grc' dir='ltr'><strong>τοῖς</strong></span> <span class='ocrx_word' id='word_1_188' title='bbox 1426 1894 1777 1966; x_wconf 79' lang='grc' dir='ltr'><strong>πράττουσι.»</strong></span> <span class='ocrx_word' id='word_1_189' title='bbox 1807 1889 1881 1944; x_wconf 81' lang='grc' dir='ltr'><strong>Τὸ</strong></span> 
     </span>
    </p>
   </div>
   <div class='ocr_carea' id='block_1_27' title="bbox 297 1985 1880 2060">
    <p class='ocr_par' dir='ltr' id='par_1_27' title="bbox 297 1985 1880 2060">
     <span class='ocr_line' id='line_1_28' title="bbox 297 1985 1880 2060; baseline -0.003 -20"><span class='ocrx_word' id='word_1_190' title='bbox 297 1989 412 2058; x_wconf 69' lang='grc' dir='ltr'><strong>γὰρ</strong></span> <span class='ocrx_word' id='word_1_191' title='bbox 448 1990 687 2042; x_wconf 82' lang='grc' dir='ltr'><strong>ἐπαινεῖν</strong></span> <span class='ocrx_word' id='word_1_192' title='bbox 736 1989 828 2042; x_wconf 72' lang='grc' dir='ltr'><strong>καὶ</strong></span> <span class='ocrx_word' id='word_1_193' title='bbox 874 1988 1218 2060; x_wconf 82' lang='grc' dir='ltr'><strong>συνηγορεῖν,</strong></span> <span class='ocrx_word' id='word_1_194' title='bbox 1269 1985 1364 2040; x_wconf 81' lang='grc' dir='ltr'><strong>τοῦ</strong></span> <span class='ocrx_word' id='word_1_195' title='bbox 1394 1987 1657 2056; x_wconf 85' lang='grc' dir='ltr'><strong>πράττειν</strong></span> <span class='ocrx_word' id='word_1_196' title='bbox 1699 1987 1880 2055; x_wconf 85' lang='grc' dir='ltr'><strong>χεῖρον</strong></span> 
     </span>
    </p>
   </div>
   <div class='ocr_carea' id='block_1_28' title="bbox 298 2073 1882 2149">
    <p class='ocr_par' dir='ltr' id='par_1_28' title="bbox 298 2073 1882 2149">
     <span class='ocr_line' id='line_1_29' title="bbox 298 2073 1882 2149; baseline -0.004 -17"><span class='ocrx_word' id='word_1_197' title='bbox 298 2079 527 2141; x_wconf 69' lang='grc' dir='ltr'><strong>εἰκότως</strong></span> <span class='ocrx_word' id='word_1_198' title='bbox 549 2078 786 2149; x_wconf 83' lang='grc' dir='ltr'><strong>ὡρίσατο</strong></span> <span class='ocrx_word' id='word_1_199' title='bbox 805 2095 818 2108; x_wconf 87' lang='grc'><strong>·</strong></span> <span class='ocrx_word' id='word_1_200' title='bbox 845 2079 983 2149; x_wconf 84' lang='grc' dir='ltr'><strong>ὅπερ</strong></span> <span class='ocrx_word' id='word_1_201' title='bbox 1009 2077 1154 2140; x_wconf 83' lang='grc' dir='ltr'><strong>τινὲς</strong></span> <span class='ocrx_word' id='word_1_202' title='bbox 1181 2077 1258 2148; x_wconf 84' lang='grc' dir='ltr'><strong>μὴ</strong></span> <span class='ocrx_word' id='word_1_203' title='bbox 1289 2076 1539 2138; x_wconf 81' lang='grc' dir='ltr'><strong>συνέντες</strong></span> <span class='ocrx_word' id='word_1_204' title='bbox 1558 2115 1573 2139; x_wconf 88' lang='grc'><strong>,</strong></span> <span class='ocrx_word' id='word_1_205' title='bbox 1597 2073 1882 2146; x_wconf 77' lang='grc' dir='ltr'><strong>ἑρμηνεῦ-</strong></span> 
     </span>
    </p>
   </div>
   <div class='ocr_carea' id='block_1_29' title="bbox 302 2167 1882 2246">
    <p class='ocr_par' dir='ltr' id='par_1_29' title="bbox 302 2167 1882 2246">
     <span class='ocr_line' id='line_1_30' title="bbox 302 2167 1882 2246; baseline -0.002 -23"><span class='ocrx_word' id='word_1_206' title='bbox 302 2189 392 2246; x_wconf 55' lang='grc' dir='ltr'><strong>σαι</strong></span> <span class='ocrx_word' id='word_1_207' title='bbox 451 2170 841 2240; x_wconf 80' lang='grc' dir='ltr'><strong>βουληθέντες,</strong></span> <span class='ocrx_word' id='word_1_208' title='bbox 906 2168 1390 2240; x_wconf 84' lang='grc' dir='ltr'><strong>παραπεποιῆσθαι</strong></span> <span class='ocrx_word' id='word_1_209' title='bbox 1441 2169 1734 2238; x_wconf 83' lang='grc' dir='ltr'><strong>ἐνόμισαν,</strong></span> <span class='ocrx_word' id='word_1_210' title='bbox 1789 2167 1882 2220; x_wconf 71' lang='grc' dir='ltr'><strong>καὶ</strong></span> 
     </span>
    </p>
   </div>
   <div class='ocr_carea' id='block_1_30' title="bbox 296 2258 1881 2330">
    <p class='ocr_par' dir='ltr' id='par_1_30' title="bbox 296 2258 1881 2330">
     <span class='ocr_line' id='line_1_31' title="bbox 296 2258 1881 2330; baseline -0.005 -14"><span class='ocrx_word' id='word_1_211' title='bbox 296 2261 474 2325; x_wconf 78' lang='grc' dir='ltr'><strong>οὕτως</strong></span> <span class='ocrx_word' id='word_1_212' title='bbox 501 2260 635 2316; x_wconf 78' lang='grc' dir='ltr'><strong>αὐτὸ</strong></span> <span class='ocrx_word' id='word_1_213' title='bbox 655 2259 814 2325; x_wconf 82' lang='grc' dir='ltr'><strong>τάξαι</strong></span> <span class='ocrx_word' id='word_1_214' title='bbox 834 2261 933 2314; x_wconf 85' lang='grc' dir='ltr'><strong>οὐκ</strong></span> <span class='ocrx_word' id='word_1_215' title='bbox 954 2259 1209 2330; x_wconf 81' lang='grc' dir='ltr'><strong>ὤκνησαν</strong></span> <span class='ocrx_word' id='word_1_216' title='bbox 1231 2276 1245 2292; x_wconf 87' lang='grc'><strong>·</strong></span> <span class='ocrx_word' id='word_1_217' title='bbox 1274 2279 1293 2312; x_wconf 85' lang='grc' dir='ltr'><strong>ι</strong></span> <span class='ocrx_word' id='word_1_218' title='bbox 1311 2260 1386 2312; x_wconf 87' lang='grc' dir='ltr'><strong>Οὐ</strong></span> <span class='ocrx_word' id='word_1_219' title='bbox 1411 2259 1568 2329; x_wconf 91' lang='grc' dir='ltr'><strong>μόνον</strong></span> <span class='ocrx_word' id='word_1_220' title='bbox 1591 2261 1638 2312; x_wconf 87' lang='grc' dir='ltr'><strong>οἱ</strong></span> <span class='ocrx_word' id='word_1_221' title='bbox 1669 2258 1881 2311; x_wconf 81' lang='grc' dir='ltr'><strong>ποιοῦν-</strong></span> 
     </span>
    </p>
   </div>
   <div class='ocr_carea' id='block_1_31' title="bbox 299 2350 1879 2420">
    <p class='ocr_par' dir='ltr' id='par_1_31' title="bbox 299 2350 1879 2420">
     <span class='ocr_line' id='line_1_32' title="bbox 299 2350 1879 2420; baseline -0.002 -15"><span class='ocrx_word' id='word_1_222' title='bbox 299 2369 393 2416; x_wconf 84' lang='grc' dir='ltr'><strong>τες</strong></span> <span class='ocrx_word' id='word_1_223' title='bbox 427 2352 602 2416; x_wconf 82' lang='grc' dir='ltr'><strong>αὐτὰ,</strong></span> <span class='ocrx_word' id='word_1_224' title='bbox 637 2352 772 2406; x_wconf 82' lang='grc' dir='ltr'><strong>ἀλλὰ</strong></span> <span class='ocrx_word' id='word_1_225' title='bbox 817 2352 912 2405; x_wconf 76' lang='grc' dir='ltr'><strong>καὶ</strong></span> <span class='ocrx_word' id='word_1_226' title='bbox 957 2353 1008 2405; x_wconf 85' lang='lat' dir='ltr'><strong>oi</strong></span> <span class='ocrx_word' id='word_1_227' title='bbox 1054 2350 1500 2412; x_wconf 80' lang='grc' dir='ltr'><strong>συνευδοκοῦντες</strong></span> <span class='ocrx_word' id='word_1_228' title='bbox 1544 2352 1658 2413; x_wconf 85' lang='grc' dir='ltr'><strong>τοῖς</strong></span> <span class='ocrx_word' id='word_1_229' title='bbox 1705 2351 1879 2420; x_wconf 83' lang='grc' dir='ltr'><strong>πράτ-</strong></span> 
     </span>
    </p>
   </div>
   <div class='ocr_carea' id='block_1_32' title="bbox 298 2439 1881 2515">
    <p class='ocr_par' dir='ltr' id='par_1_32' title="bbox 298 2439 1881 2515">
     <span class='ocr_line' id='line_1_33' title="bbox 298 2439 1881 2515; baseline -0.002 -17"><span class='ocrx_word' id='word_1_230' title='bbox 298 2461 487 2498; x_wconf 84' lang='grc' dir='ltr'><strong>τουσιν</strong></span> <span class='ocrx_word' id='word_1_231' title='bbox 510 2461 522 2474; x_wconf 92' lang='grc'><strong>·</strong></span> <span class='ocrx_word' id='word_1_232' title='bbox 544 2463 564 2496; x_wconf 74' lang='grc' dir='ltr'><strong>ι</strong></span> <span class='ocrx_word' id='word_1_233' title='bbox 587 2445 674 2498; x_wconf 76' lang='grc' dir='ltr'><strong>ἵνα</strong></span> <span class='ocrx_word' id='word_1_234' title='bbox 698 2444 883 2515; x_wconf 75' lang='grc' dir='ltr'><strong>μεῖζον</strong></span> <span class='ocrx_word' id='word_1_235' title='bbox 963 2443 1025 2496; x_wconf 79' lang='grc' dir='ltr'><strong>τὸ</strong></span> <span class='ocrx_word' id='word_1_236' title='bbox 1044 2443 1260 2506; x_wconf 81' lang='grc' dir='ltr'><strong>ποιεῖν,</strong></span> <span class='ocrx_word' id='word_1_237' title='bbox 1283 2444 1381 2496; x_wconf 76' lang='grc' dir='ltr'><strong>καὶ</strong></span> <span class='ocrx_word' id='word_1_238' title='bbox 1406 2442 1624 2496; x_wconf 71' lang='grc' dir='ltr'><strong>ἔλαττον</strong></span> <span class='ocrx_word' id='word_1_239' title='bbox 1651 2442 1711 2494; x_wconf 82' lang='grc' dir='ltr'><strong>τὸ</strong></span> <span class='ocrx_word' id='word_1_240' title='bbox 1731 2457 1881 2495; x_wconf 77' lang='grc' dir='ltr'><strong>συν-</strong></span> 
     </span>
    </p>
   </div>
   <div class='ocr_carea' id='block_1_33' title="bbox 297 2527 1878 2606">
    <p class='ocr_par' dir='ltr' id='par_1_33' title="bbox 297 2527 1878 2606">
     <span class='ocr_line' id='line_1_34' title="bbox 297 2527 1878 2606; baseline -0.004 -16"><span class='ocrx_word' id='word_1_241' title='bbox 297 2535 596 2590; x_wconf 74' lang='grc' dir='ltr'><strong>ευδοκεῖν.</strong></span> <span class='ocrx_word' id='word_1_242' title='bbox 642 2535 782 2588; x_wconf 76' lang='grc' dir='ltr'><strong>Ἀλλ’</strong></span> <span class='ocrx_word' id='word_1_243' title='bbox 806 2536 1080 2606; x_wconf 72' lang='grc' dir='ltr'><strong>ἠγνόησαν</strong></span> <span class='ocrx_word' id='word_1_244' title='bbox 1096 2575 1111 2600; x_wconf 93' lang='grc'><strong>,</strong></span> <span class='ocrx_word' id='word_1_245' title='bbox 1137 2535 1221 2588; x_wconf 83' lang='grc' dir='ltr'><strong>ὅτι</strong></span> <span class='ocrx_word' id='word_1_246' title='bbox 1247 2535 1309 2587; x_wconf 82' lang='grc' dir='ltr'><strong>τὸ</strong></span> <span class='ocrx_word' id='word_1_247' title='bbox 1347 2533 1444 2604; x_wconf 84' lang='grc' dir='ltr'><strong>μὲν</strong></span> <span class='ocrx_word' id='word_1_248' title='bbox 1475 2533 1749 2605; x_wconf 73' lang='grc' dir='ltr'><strong>ῥᾳθυμίας</strong></span> <span class='ocrx_word' id='word_1_249' title='bbox 1775 2527 1843 2603; x_wconf 79' lang='grc' dir='ltr'><strong>ἦν</strong></span> <span class='ocrx_word' id='word_1_250' title='bbox 1862 2572 1878 2596; x_wconf 89' lang='grc'><strong>,</strong></span> 
     </span>
    </p>
   </div>
   <div class='ocr_carea' id='block_1_34' title="bbox 298 2621 1883 2696">
    <p class='ocr_par' dir='ltr' id='par_1_34' title="bbox 298 2621 1883 2696">
     <span class='ocr_line' id='line_1_35' title="bbox 298 2621 1883 2696; baseline -0.003 -18"><span class='ocrx_word' id='word_1_251' title='bbox 298 2626 364 2678; x_wconf 76' lang='grc' dir='ltr'><strong>τὸ</strong></span> <span class='ocrx_word' id='word_1_252' title='bbox 399 2626 458 2679; x_wconf 84' lang='grc' dir='ltr'><strong>δέ</strong></span> <span class='ocrx_word' id='word_1_253' title='bbox 491 2625 895 2696; x_wconf 78' lang='grc' dir='ltr'><strong>διεφθαρμένης</strong></span> <span class='ocrx_word' id='word_1_254' title='bbox 934 2623 1190 2694; x_wconf 85' lang='grc' dir='ltr'><strong>γνώμης·</strong></span> <span class='ocrx_word' id='word_1_255' title='bbox 1223 2624 1318 2677; x_wconf 75' lang='grc' dir='ltr'><strong>καὶ</strong></span> <span class='ocrx_word' id='word_1_256' title='bbox 1345 2623 1407 2676; x_wconf 74' lang='grc' dir='ltr'><strong>τὸ</strong></span> <span class='ocrx_word' id='word_1_257' title='bbox 1451 2623 1549 2692; x_wconf 83' lang='grc' dir='ltr'><strong>μὲν</strong></span> <span class='ocrx_word' id='word_1_258' title='bbox 1583 2621 1883 2693; x_wconf 77' lang='grc' dir='ltr'><strong>παραλογι-</strong></span> 
     </span>
    </p>
   </div>
   <div class='ocr_carea' id='block_1_35' title="bbox 303 2713 1883 2788">
    <p class='ocr_par' dir='ltr' id='par_1_35' title="bbox 303 2713 1883 2788">
     <span class='ocr_line' id='line_1_36' title="bbox 303 2713 1883 2788; baseline -0.003 -17"><span class='ocrx_word' id='word_1_259' title='bbox 303 2717 468 2788; x_wconf 83' lang='grc' dir='ltr'><strong>σμοῦ,</strong></span> <span class='ocrx_word' id='word_1_260' title='bbox 495 2718 558 2773; x_wconf 82' lang='grc' dir='ltr'><strong>τὸ</strong></span> <span class='ocrx_word' id='word_1_261' title='bbox 583 2719 640 2772; x_wconf 87' lang='grc' dir='ltr'><strong>δέ</strong></span> <span class='ocrx_word' id='word_1_262' title='bbox 660 2718 895 2788; x_wconf 86' lang='grc' dir='ltr'><strong>κρίσεως</strong></span> <span class='ocrx_word' id='word_1_263' title='bbox 916 2717 1014 2787; x_wconf 80' lang='grc' dir='ltr'><strong>οὐχ</strong></span> <span class='ocrx_word' id='word_1_264' title='bbox 1037 2714 1248 2786; x_wconf 83' lang='grc' dir='ltr'><strong>ὑγιοῦς.</strong></span> <span class='ocrx_word' id='word_1_265' title='bbox 1282 2716 1340 2770; x_wconf 86' lang='lat'><strong>&#39;0</strong></span> <span class='ocrx_word' id='word_1_266' title='bbox 1371 2716 1468 2785; x_wconf 84' lang='grc' dir='ltr'><strong>μὲν</strong></span> <span class='ocrx_word' id='word_1_267' title='bbox 1489 2713 1597 2786; x_wconf 85' lang='grc' dir='ltr'><strong>γάρ</strong></span> <span class='ocrx_word' id='word_1_268' title='bbox 1623 2713 1883 2786; x_wconf 77' lang='grc' dir='ltr'><strong>ῥᾳθυμῶν</strong></span> 
     </span>
    </p>
   </div>
   <div class='ocr_carea' id='block_1_36' title="bbox 303 2806 1880 2883">
    <p class='ocr_par' dir='ltr' id='par_1_36' title="bbox 303 2806 1880 2883">
     <span class='ocr_line' id='line_1_37' title="bbox 303 2806 1880 2883; baseline -0.003 -19"><span class='ocrx_word' id='word_1_269' title='bbox 303 2811 401 2866; x_wconf 74' lang='grc' dir='ltr'><strong>καὶ</strong></span> <span class='ocrx_word' id='word_1_270' title='bbox 434 2811 786 2883; x_wconf 82' lang='grc' dir='ltr'><strong>ἐρυθριάσει,</strong></span> <span class='ocrx_word' id='word_1_271' title='bbox 820 2809 915 2863; x_wconf 77' lang='grc' dir='ltr'><strong>καὶ</strong></span> <span class='ocrx_word' id='word_1_272' title='bbox 957 2811 1036 2872; x_wconf 83' lang='grc' dir='ltr'><strong>είς</strong></span> <span class='ocrx_word' id='word_1_273' title='bbox 1073 2807 1362 2879; x_wconf 83' lang='grc' dir='ltr'><strong>μετάνοιαν</strong></span> <span class='ocrx_word' id='word_1_274' title='bbox 1394 2807 1523 2870; x_wconf 74' lang='grc' dir='ltr'><strong>ἴσως</strong></span> <span class='ocrx_word' id='word_1_275' title='bbox 1565 2806 1880 2862; x_wconf 85' lang='grc' dir='ltr'><strong>ἐλεύσεται·</strong></span> 
     </span>
    </p>
   </div>
   <div class='ocr_carea' id='block_1_37' title="bbox 301 2897 1880 2974">
    <p class='ocr_par' dir='ltr' id='par_1_37' title="bbox 301 2897 1880 2974">
     <span class='ocr_line' id='line_1_38' title="bbox 301 2897 1880 2974; baseline -0.001 -19"><span class='ocrx_word' id='word_1_276' title='bbox 301 2904 333 2955; x_wconf 74' lang='grc' dir='ltr'><strong>θ</strong></span> <span class='ocrx_word' id='word_1_277' title='bbox 351 2901 408 2957; x_wconf 72' lang='grc' dir='ltr'><strong>δέ</strong></span> <span class='ocrx_word' id='word_1_278' title='bbox 429 2901 529 2974; x_wconf 78' lang='grc' dir='ltr'><strong>τὴν</strong></span> <span class='ocrx_word' id='word_1_279' title='bbox 551 2901 760 2956; x_wconf 74' lang='grc' dir='ltr'><strong>οἰκείαν</strong></span> <span class='ocrx_word' id='word_1_280' title='bbox 780 2901 962 2972; x_wconf 70' lang='grc' dir='ltr'><strong>ψῆφον</strong></span> <span class='ocrx_word' id='word_1_281' title='bbox 993 2899 1398 2970; x_wconf 88' lang='grc' dir='ltr'><strong>συνηγοροῦσαν</strong></span> <span class='ocrx_word' id='word_1_282' title='bbox 1428 2899 1566 2969; x_wconf 81' lang='grc' dir='ltr'><strong>ἔχων</strong></span> <span class='ocrx_word' id='word_1_283' title='bbox 1593 2897 1670 2969; x_wconf 82' lang='grc' dir='ltr'><strong>τῷ</strong></span> <span class='ocrx_word' id='word_1_284' title='bbox 1697 2897 1880 2966; x_wconf 80' lang='grc' dir='ltr'><strong>πάθει,</strong></span> 
     </span>
    </p>
   </div>
   <div class='ocr_carea' id='block_1_38' title="bbox 1979 1264 3558 1335">
    <p class='ocr_par' dir='ltr' id='par_1_38' title="bbox 1979 1264 3558 1335">
     <span class='ocr_line' id='line_1_39' title="bbox 1979 1264 3558 1335; baseline 0.002 -17"><span class='ocrx_word' id='word_1_285' title='bbox 1979 1265 2163 1330; x_wconf 87' lang='lat' dir='ltr'><strong>sinet;</strong></span> <span class='ocrx_word' id='word_1_286' title='bbox 2199 1264 2339 1319; x_wconf 85' lang='lat' dir='ltr'><strong>alter</strong></span> <span class='ocrx_word' id='word_1_287' title='bbox 2389 1280 2607 1333; x_wconf 89' lang='lat' dir='ltr'><strong>quoque</strong></span> <span class='ocrx_word' id='word_1_288' title='bbox 2645 1265 2929 1318; x_wconf 84' lang='lat' dir='ltr'><strong>vulnerum</strong></span> <span class='ocrx_word' id='word_1_289' title='bbox 2970 1279 3130 1319; x_wconf 92' lang='lat' dir='ltr'><strong>sensu</strong></span> <span class='ocrx_word' id='word_1_290' title='bbox 3175 1276 3413 1335; x_wconf 78' lang='lat' dir='ltr'><strong>recepto,</strong></span> <span class='ocrx_word' id='word_1_291' title='bbox 3443 1281 3558 1320; x_wconf 87' lang='lat' dir='ltr'><strong>me-</strong></span> 
     </span>
    </p>
   </div>
   <div class='ocr_carea' id='block_1_39' title="bbox 1983 1354 3556 1425">
    <p class='ocr_par' dir='ltr' id='par_1_39' title="bbox 1983 1354 3556 1425">
     <span class='ocr_line' id='line_1_40' title="bbox 1983 1354 3556 1425; baseline 0.001 -16"><span class='ocrx_word' id='word_1_292' title='bbox 1983 1355 2161 1410; x_wconf 89' lang='lat' dir='ltr'><strong>dicum</strong></span> <span class='ocrx_word' id='word_1_293' title='bbox 2212 1364 2438 1425; x_wconf 59' lang='lat' dir='ltr'><strong>quaeret.</strong></span> <span class='ocrx_word' id='word_1_294' title='bbox 2477 1357 2544 1408; x_wconf 86' lang='lat' dir='ltr'><strong>At</strong></span> <span class='ocrx_word' id='word_1_295' title='bbox 2591 1355 2683 1424; x_wconf 87' lang='lat' dir='ltr'><strong>qui</strong></span> <span class='ocrx_word' id='word_1_296' title='bbox 2736 1355 2789 1408; x_wconf 93' lang='lat' dir='ltr'><strong>in</strong></span> <span class='ocrx_word' id='word_1_297' title='bbox 2835 1354 3041 1409; x_wconf 88' lang='lat' dir='ltr'><strong>malitia</strong></span> <span class='ocrx_word' id='word_1_298' title='bbox 3095 1368 3218 1410; x_wconf 85' lang='lat' dir='ltr'><strong>eum</strong></span> <span class='ocrx_word' id='word_1_299' title='bbox 3277 1357 3556 1424; x_wconf 85' lang='lat' dir='ltr'><strong>voluptate</strong></span> 
     </span>
    </p>
   </div>
   <div class='ocr_carea' id='block_1_40' title="bbox 1981 1444 3554 1514">
    <p class='ocr_par' dir='ltr' id='par_1_40' title="bbox 1981 1444 3554 1514">
     <span class='ocr_line' id='line_1_41' title="bbox 1981 1444 3554 1514; baseline 0.003 -20"><span class='ocrx_word' id='word_1_300' title='bbox 1981 1456 2268 1511; x_wconf 80' lang='lat' dir='ltr'><strong>versatur,</strong></span> <span class='ocrx_word' id='word_1_301' title='bbox 2304 1447 2468 1500; x_wconf 90' lang='lat' dir='ltr'><strong>etiam</strong></span> <span class='ocrx_word' id='word_1_302' title='bbox 2521 1446 2641 1500; x_wconf 92' lang='lat' dir='ltr'><strong>illos</strong></span> <span class='ocrx_word' id='word_1_303' title='bbox 2670 1445 2944 1509; x_wconf 88' lang='lat' dir='ltr'><strong>laudabit,</strong></span> <span class='ocrx_word' id='word_1_304' title='bbox 2985 1444 3077 1514; x_wconf 89' lang='lat' dir='ltr'><strong>qui</strong></span> <span class='ocrx_word' id='word_1_305' title='bbox 3125 1446 3274 1514; x_wconf 86' lang='lat' dir='ltr'><strong>paria</strong></span> <span class='ocrx_word' id='word_1_306' title='bbox 3325 1444 3554 1501; x_wconf 83' lang='lat' dir='ltr'><strong>faciunt.</strong></span> 
     </span>
    </p>
   </div>
   <div class='ocr_carea' id='block_1_41' title="bbox 1981 1535 3558 1605">
    <p class='ocr_par' dir='ltr' id='par_1_41' title="bbox 1981 1535 3558 1605">
     <span class='ocr_line' id='line_1_42' title="bbox 1981 1535 3558 1605; baseline -0.001 -16"><span class='ocrx_word' id='word_1_307' title='bbox 1981 1535 2149 1605; x_wconf 86' lang='lat' dir='ltr'><strong>Igitur</strong></span> <span class='ocrx_word' id='word_1_308' title='bbox 2189 1547 2340 1592; x_wconf 90' lang='lat' dir='ltr'><strong>tanto</strong></span> <span class='ocrx_word' id='word_1_309' title='bbox 2362 1537 2599 1591; x_wconf 88' lang='lat' dir='ltr'><strong>deterior</strong></span> <span class='ocrx_word' id='word_1_310' title='bbox 2636 1551 2726 1600; x_wconf 92' lang='lat' dir='ltr'><strong>eo,</strong></span> <span class='ocrx_word' id='word_1_311' title='bbox 2772 1537 2864 1605; x_wconf 89' lang='lat' dir='ltr'><strong>qui</strong></span> <span class='ocrx_word' id='word_1_312' title='bbox 2910 1535 3162 1590; x_wconf 85' lang='lat' dir='ltr'><strong>morbum</strong></span> <span class='ocrx_word' id='word_1_313' title='bbox 3215 1551 3320 1589; x_wconf 89' lang='lat' dir='ltr'><strong>non</strong></span> <span class='ocrx_word' id='word_1_314' title='bbox 3369 1537 3558 1600; x_wconf 85' lang='lat' dir='ltr'><strong>sentit,</strong></span> 
     </span>
    </p>
   </div>
   <div class='ocr_carea' id='block_1_42' title="bbox 1983 1626 3559 1703">
    <p class='ocr_par' dir='ltr' id='par_1_42' title="bbox 1983 1626 3559 1703">
     <span class='ocr_line' id='line_1_43' title="bbox 1983 1626 3559 1703; baseline -0.001 -22"><span class='ocrx_word' id='word_1_315' title='bbox 1983 1638 2042 1683; x_wconf 94' lang='lat' dir='ltr'><strong>ut</strong></span> <span class='ocrx_word' id='word_1_316' title='bbox 2075 1628 2184 1692; x_wconf 89' lang='lat' dir='ltr'><strong>ille,</strong></span> <span class='ocrx_word' id='word_1_317' title='bbox 2214 1630 2305 1698; x_wconf 86' lang='lat' dir='ltr'><strong>qui</strong></span> <span class='ocrx_word' id='word_1_318' title='bbox 2341 1629 2396 1682; x_wconf 92' lang='lat' dir='ltr'><strong>in</strong></span> <span class='ocrx_word' id='word_1_319' title='bbox 2429 1629 2618 1682; x_wconf 88' lang='lat' dir='ltr'><strong>morbo</strong></span> <span class='ocrx_word' id='word_1_320' title='bbox 2649 1629 2868 1695; x_wconf 84' lang='lat' dir='ltr'><strong>gaudet.</strong></span> <span class='ocrx_word' id='word_1_321' title='bbox 2903 1627 3136 1703; x_wconf 78' lang='lat' dir='ltr'><strong>ideoque</strong></span> <span class='ocrx_word' id='word_1_322' title='bbox 3165 1627 3301 1682; x_wconf 82' lang='lat' dir='ltr'><strong>dixit</strong></span> <span class='ocrx_word' id='word_1_323' title='bbox 3325 1626 3559 1681; x_wconf 83' lang='lat' dir='ltr'><strong>Paulus:</strong></span> 
     </span>
    </p>
   </div>
   <div class='ocr_carea' id='block_1_43' title="bbox 1988 1715 3564 1786">
    <p class='ocr_par' dir='ltr' id='par_1_43' title="bbox 1988 1715 3564 1786">
     <span class='ocr_line' id='line_1_44' title="bbox 1988 1715 3564 1786; baseline 0.001 -18"><span class='ocrx_word' id='word_1_324' title='bbox 1988 1735 2006 1768; x_wconf 80' lang='grc' dir='ltr'><strong>ι</strong></span> <span class='ocrx_word' id='word_1_325' title='bbox 2037 1715 2152 1773; x_wconf 76' lang='lat' dir='ltr'><strong>Non</strong></span> <span class='ocrx_word' id='word_1_326' title='bbox 2199 1717 2373 1771; x_wconf 91' lang='lat' dir='ltr'><strong>solum</strong></span> <span class='ocrx_word' id='word_1_327' title='bbox 2433 1716 2520 1771; x_wconf 91' lang='lat' dir='ltr'><strong>illa</strong></span> <span class='ocrx_word' id='word_1_328' title='bbox 2565 1715 2812 1786; x_wconf 60' lang='lat' dir='ltr'><strong>faciunt,</strong></span> <span class='ocrx_word' id='word_1_329' title='bbox 2858 1717 2952 1772; x_wconf 89' lang='lat' dir='ltr'><strong>sed</strong></span> <span class='ocrx_word' id='word_1_330' title='bbox 2997 1724 3054 1771; x_wconf 93' lang='lat' dir='ltr'><strong>et</strong></span> <span class='ocrx_word' id='word_1_331' title='bbox 3078 1717 3428 1772; x_wconf 88' lang='lat' dir='ltr'><strong>consentiunt</strong></span> <span class='ocrx_word' id='word_1_332' title='bbox 3481 1715 3564 1770; x_wconf 85' lang='lat' dir='ltr'><strong>fa-</strong></span> 
     </span>
    </p>
   </div>
   <div class='ocr_carea' id='block_1_44' title="bbox 1981 1805 3567 1869">
    <p class='ocr_par' dir='ltr' id='par_1_44' title="bbox 1981 1805 3567 1869">
     <span class='ocr_line' id='line_1_45' title="bbox 1981 1805 3567 1869; baseline -0.001 -7"><span class='ocrx_word' id='word_1_333' title='bbox 1981 1807 2268 1862; x_wconf 85' lang='lat' dir='ltr'><strong>cientibus.</strong></span> <span class='ocrx_word' id='word_1_334' title='bbox 2302 1825 2321 1858; x_wconf 80' lang='lat' dir='ltr'><strong>s</strong></span> <span class='ocrx_word' id='word_1_335' title='bbox 2380 1805 2635 1861; x_wconf 84' lang='lat' dir='ltr'><strong>Laudare</strong></span> <span class='ocrx_word' id='word_1_336' title='bbox 2677 1806 2823 1860; x_wconf 91' lang='lat' dir='ltr'><strong>enim</strong></span> <span class='ocrx_word' id='word_1_337' title='bbox 2867 1815 2925 1860; x_wconf 87' lang='lat' dir='ltr'><strong>et</strong></span> <span class='ocrx_word' id='word_1_338' title='bbox 2973 1806 3272 1869; x_wconf 87' lang='lat' dir='ltr'><strong>assentiri,</strong></span> <span class='ocrx_word' id='word_1_339' title='bbox 3325 1805 3567 1860; x_wconf 77' lang='lat' dir='ltr'><strong>deterius</strong></span> 
     </span>
    </p>
   </div>
   <div class='ocr_carea' id='block_1_45' title="bbox 1981 1893 3566 1966">
    <p class='ocr_par' dir='ltr' id='par_1_45' title="bbox 1981 1893 3566 1966">
     <span class='ocr_line' id='line_1_46' title="bbox 1981 1893 3566 1966; baseline -0.001 -16"><span class='ocrx_word' id='word_1_340' title='bbox 1981 1911 2130 1961; x_wconf 89' lang='lat' dir='ltr'><strong>esse,</strong></span> <span class='ocrx_word' id='word_1_341' title='bbox 2163 1911 2325 1966; x_wconf 89' lang='lat' dir='ltr'><strong>quam</strong></span> <span class='ocrx_word' id='word_1_342' title='bbox 2360 1895 2570 1961; x_wconf 80' lang='lat' dir='ltr'><strong>facere,</strong></span> <span class='ocrx_word' id='word_1_343' title='bbox 2613 1893 2910 1949; x_wconf 81' lang='lat' dir='ltr'><strong>verisimile</strong></span> <span class='ocrx_word' id='word_1_344' title='bbox 2951 1893 3186 1950; x_wconf 90' lang='lat' dir='ltr'><strong>videtur.</strong></span> <span class='ocrx_word' id='word_1_345' title='bbox 3242 1894 3396 1961; x_wconf 79' lang='lat' dir='ltr'><strong>Quod</strong></span> <span class='ocrx_word' id='word_1_346' title='bbox 3442 1895 3566 1963; x_wconf 88' lang='lat' dir='ltr'><strong>qui-</strong></span> 
     </span>
    </p>
   </div>
   <div class='ocr_carea' id='block_1_46' title="bbox 1983 1985 3563 2057">
    <p class='ocr_par' dir='ltr' id='par_1_46' title="bbox 1983 1985 3563 2057">
     <span class='ocr_line' id='line_1_47' title="bbox 1983 1985 3563 2057; baseline 0 -18"><span class='ocrx_word' id='word_1_347' title='bbox 1983 1989 2102 2041; x_wconf 87' lang='lat' dir='ltr'><strong>dam</strong></span> <span class='ocrx_word' id='word_1_348' title='bbox 2135 2003 2240 2042; x_wconf 92' lang='lat' dir='ltr'><strong>non</strong></span> <span class='ocrx_word' id='word_1_349' title='bbox 2287 1986 2646 2057; x_wconf 86' lang='lat' dir='ltr'><strong>intelligentes</strong></span> <span class='ocrx_word' id='word_1_350' title='bbox 2676 2001 2800 2041; x_wconf 91' lang='lat' dir='ltr'><strong>cum</strong></span> <span class='ocrx_word' id='word_1_351' title='bbox 2829 1985 3134 2041; x_wconf 87' lang='lat' dir='ltr'><strong>voluissent</strong></span> <span class='ocrx_word' id='word_1_352' title='bbox 3187 1985 3563 2055; x_wconf 89' lang='lat' dir='ltr'><strong>interpretari,</strong></span> 
     </span>
    </p>
   </div>
   <div class='ocr_carea' id='block_1_47' title="bbox 1984 2077 3566 2142">
    <p class='ocr_par' dir='ltr' id='par_1_47' title="bbox 1984 2077 3566 2142">
     <span class='ocr_line' id='line_1_48' title="bbox 1984 2077 3566 2142; baseline -0.001 -11"><span class='ocrx_word' id='word_1_353' title='bbox 1984 2080 2037 2133; x_wconf 88' lang='lat' dir='ltr'><strong>id</strong></span> <span class='ocrx_word' id='word_1_354' title='bbox 2065 2079 2369 2133; x_wconf 82' lang='lat' dir='ltr'><strong>adulterare</strong></span> <span class='ocrx_word' id='word_1_355' title='bbox 2397 2079 2498 2133; x_wconf 90' lang='lat' dir='ltr'><strong>visi</strong></span> <span class='ocrx_word' id='word_1_356' title='bbox 2537 2087 2699 2142; x_wconf 91' lang='lat' dir='ltr'><strong>sunt,</strong></span> <span class='ocrx_word' id='word_1_357' title='bbox 2728 2086 2783 2132; x_wconf 92' lang='lat' dir='ltr'><strong>et</strong></span> <span class='ocrx_word' id='word_1_358' title='bbox 2813 2077 2886 2131; x_wconf 91' lang='lat' dir='ltr'><strong>ita</strong></span> <span class='ocrx_word' id='word_1_359' title='bbox 2911 2077 3076 2132; x_wconf 85' lang='lat' dir='ltr'><strong>verba</strong></span> <span class='ocrx_word' id='word_1_360' title='bbox 3113 2077 3200 2130; x_wconf 91' lang='lat' dir='ltr'><strong>illa</strong></span> <span class='ocrx_word' id='word_1_361' title='bbox 3228 2078 3566 2132; x_wconf 87' lang='lat' dir='ltr'><strong>constituere</strong></span> 
     </span>
    </p>
   </div>
   <div class='ocr_carea' id='block_1_48' title="bbox 1981 2168 3564 2232">
    <p class='ocr_par' dir='ltr' id='par_1_48' title="bbox 1981 2168 3564 2232">
     <span class='ocr_line' id='line_1_49' title="bbox 1981 2168 3564 2232; baseline -0.001 -9"><span class='ocrx_word' id='word_1_362' title='bbox 1981 2171 2096 2225; x_wconf 81' lang='lat' dir='ltr'><strong>auSi</strong></span> <span class='ocrx_word' id='word_1_363' title='bbox 2131 2176 2296 2224; x_wconf 87' lang='lat' dir='ltr'><strong>sunt:</strong></span> <span class='ocrx_word' id='word_1_364' title='bbox 2335 2187 2353 2220; x_wconf 84' lang='grc' dir='ltr'><strong>ι</strong></span> <span class='ocrx_word' id='word_1_365' title='bbox 2380 2168 2495 2224; x_wconf 83' lang='grc' dir='ltr'><strong>Νοη</strong></span> <span class='ocrx_word' id='word_1_366' title='bbox 2531 2177 2738 2223; x_wconf 90' lang='lat' dir='ltr'><strong>tantum</strong></span> <span class='ocrx_word' id='word_1_367' title='bbox 2777 2168 3042 2223; x_wconf 78' lang='lat' dir='ltr'><strong>facientes</strong></span> <span class='ocrx_word' id='word_1_368' title='bbox 3073 2168 3182 2232; x_wconf 90' lang='lat' dir='ltr'><strong>illa,</strong></span> <span class='ocrx_word' id='word_1_369' title='bbox 3221 2170 3319 2223; x_wconf 89' lang='lat' dir='ltr'><strong>sed</strong></span> <span class='ocrx_word' id='word_1_370' title='bbox 3350 2179 3404 2221; x_wconf 87' lang='lat' dir='ltr'><strong>et</strong></span> <span class='ocrx_word' id='word_1_371' title='bbox 3431 2184 3564 2224; x_wconf 92' lang='lat' dir='ltr'><strong>con-</strong></span> 
     </span>
    </p>
   </div>
   <div class='ocr_carea' id='block_1_49' title="bbox 1982 2260 3560 2326">
    <p class='ocr_par' dir='ltr' id='par_1_49' title="bbox 1982 2260 3560 2326">
     <span class='ocr_line' id='line_1_50' title="bbox 1982 2260 3560 2326; baseline -0.002 -9"><span class='ocrx_word' id='word_1_372' title='bbox 1982 2264 2279 2318; x_wconf 89' lang='lat' dir='ltr'><strong>sentientes</strong></span> <span class='ocrx_word' id='word_1_373' title='bbox 2302 2261 2663 2316; x_wconf 81' lang='lat' dir='ltr'><strong>facientibus:</strong></span> <span class='ocrx_word' id='word_1_374' title='bbox 2693 2279 2712 2312; x_wconf 77' lang='grc' dir='ltr'><strong>ι</strong></span> <span class='ocrx_word' id='word_1_375' title='bbox 2754 2271 2812 2315; x_wconf 86' lang='lat' dir='ltr'><strong>ut</strong></span> <span class='ocrx_word' id='word_1_376' title='bbox 2841 2260 3075 2319; x_wconf 76' lang='lat' dir='ltr'><strong>amplius</strong></span> <span class='ocrx_word' id='word_1_377' title='bbox 3099 2275 3222 2315; x_wconf 90' lang='lat' dir='ltr'><strong>esse</strong></span> <span class='ocrx_word' id='word_1_378' title='bbox 3243 2265 3560 2326; x_wconf 84' lang='lat' dir='ltr'><strong>ostendant,</strong></span> 
     </span>
    </p>
   </div>
   <div class='ocr_carea' id='block_1_50' title="bbox 1983 2353 3565 2426">
    <p class='ocr_par' dir='ltr' id='par_1_50' title="bbox 1983 2353 3565 2426">
     <span class='ocr_line' id='line_1_51' title="bbox 1983 2353 3565 2426; baseline 0.001 -17"><span class='ocrx_word' id='word_1_379' title='bbox 1983 2357 2176 2426; x_wconf 74' lang='lat' dir='ltr'><strong>facere,</strong></span> <span class='ocrx_word' id='word_1_380' title='bbox 2204 2357 2382 2411; x_wconf 87' lang='lat' dir='ltr'><strong>minus</strong></span> <span class='ocrx_word' id='word_1_381' title='bbox 2398 2371 2550 2421; x_wconf 87' lang='lat' dir='ltr'><strong>vero,</strong></span> <span class='ocrx_word' id='word_1_382' title='bbox 2572 2356 2882 2410; x_wconf 80' lang='lat' dir='ltr'><strong>consentire.</strong></span> <span class='ocrx_word' id='word_1_383' title='bbox 2913 2353 3018 2410; x_wconf 88' lang='lat' dir='ltr'><strong>Sed</strong></span> <span class='ocrx_word' id='word_1_384' title='bbox 3047 2357 3099 2410; x_wconf 85' lang='lat' dir='ltr'><strong>hi</strong></span> <span class='ocrx_word' id='word_1_385' title='bbox 3126 2356 3304 2410; x_wconf 88' lang='lat' dir='ltr'><strong>minus</strong></span> <span class='ocrx_word' id='word_1_386' title='bbox 3319 2356 3565 2412; x_wconf 85' lang='lat' dir='ltr'><strong>animad-</strong></span> 
     </span>
    </p>
   </div>
   <div class='ocr_carea' id='block_1_51' title="bbox 1983 2443 3566 2514">
    <p class='ocr_par' dir='ltr' id='par_1_51' title="bbox 1983 2443 3566 2514">
     <span class='ocr_line' id='line_1_52' title="bbox 1983 2443 3566 2514; baseline 0.003 -18"><span class='ocrx_word' id='word_1_387' title='bbox 1983 2453 2201 2498; x_wconf 90' lang='lat' dir='ltr'><strong>vertunt</strong></span> <span class='ocrx_word' id='word_1_388' title='bbox 2248 2443 2421 2512; x_wconf 77' lang='lat' dir='ltr'><strong>facere</strong></span> <span class='ocrx_word' id='word_1_389' title='bbox 2463 2444 2807 2514; x_wconf 70' lang='lat' dir='ltr'><strong>negligenlite</strong></span> <span class='ocrx_word' id='word_1_390' title='bbox 2841 2449 2964 2500; x_wconf 73' lang='lat' dir='ltr'><strong>eSse</strong></span> <span class='ocrx_word' id='word_1_391' title='bbox 3008 2459 3212 2514; x_wconf 84' lang='lat' dir='ltr'><strong>posse;</strong></span> <span class='ocrx_word' id='word_1_392' title='bbox 3262 2446 3566 2500; x_wconf 81' lang='lat' dir='ltr'><strong>consentire</strong></span> 
     </span>
    </p>
   </div>
   <div class='ocr_carea' id='block_1_52' title="bbox 1982 2535 3562 2604">
    <p class='ocr_par' dir='ltr' id='par_1_52' title="bbox 1982 2535 3562 2604">
     <span class='ocr_line' id='line_1_53' title="bbox 1982 2535 3562 2604; baseline 0.002 -18"><span class='ocrx_word' id='word_1_393' title='bbox 1982 2549 2130 2600; x_wconf 91' lang='lat' dir='ltr'><strong>vero,</strong></span> <span class='ocrx_word' id='word_1_394' title='bbox 2153 2536 2348 2590; x_wconf 88' lang='lat' dir='ltr'><strong>mentis</strong></span> <span class='ocrx_word' id='word_1_395' title='bbox 2373 2545 2662 2604; x_wconf 63' lang='lat' dir='ltr'><strong>corruptas.</strong></span> <span class='ocrx_word' id='word_1_396' title='bbox 2699 2535 2834 2590; x_wconf 89' lang='lat' dir='ltr'><strong>Illud</strong></span> <span class='ocrx_word' id='word_1_397' title='bbox 2857 2545 2940 2592; x_wconf 88' lang='lat' dir='ltr'><strong>est</strong></span> <span class='ocrx_word' id='word_1_398' title='bbox 2968 2537 3196 2591; x_wconf 86' lang='lat' dir='ltr'><strong>rationis</strong></span> <span class='ocrx_word' id='word_1_399' title='bbox 3218 2537 3562 2602; x_wconf 82' lang='lat' dir='ltr'><strong>aberrantis;</strong></span> 
     </span>
    </p>
   </div>
   <div class='ocr_carea' id='block_1_53' title="bbox 1982 2627 3570 2700">
    <p class='ocr_par' dir='ltr' id='par_1_53' title="bbox 1982 2627 3570 2700">
     <span class='ocr_line' id='line_1_54' title="bbox 1982 2627 3570 2700; baseline 0.002 -19"><span class='ocrx_word' id='word_1_400' title='bbox 1982 2627 2087 2682; x_wconf 84' lang='lat' dir='ltr'><strong>hoc</strong></span> <span class='ocrx_word' id='word_1_401' title='bbox 2101 2642 2227 2682; x_wconf 89' lang='lat' dir='ltr'><strong>vero</strong></span> <span class='ocrx_word' id='word_1_402' title='bbox 2246 2628 2437 2697; x_wconf 82' lang='lat' dir='ltr'><strong>judicii</strong></span> <span class='ocrx_word' id='word_1_403' title='bbox 2461 2639 2546 2684; x_wconf 90' lang='lat' dir='ltr'><strong>est</strong></span> <span class='ocrx_word' id='word_1_404' title='bbox 2577 2646 2682 2684; x_wconf 89' lang='lat' dir='ltr'><strong>non</strong></span> <span class='ocrx_word' id='word_1_405' title='bbox 2713 2631 2855 2688; x_wconf 90' lang='lat' dir='ltr'><strong>sani.</strong></span> <span class='ocrx_word' id='word_1_406' title='bbox 2889 2629 2952 2684; x_wconf 86' lang='lat' dir='ltr'><strong>Et</strong></span> <span class='ocrx_word' id='word_1_407' title='bbox 2977 2632 3068 2700; x_wconf 90' lang='lat' dir='ltr'><strong>qui</strong></span> <span class='ocrx_word' id='word_1_408' title='bbox 3097 2629 3416 2700; x_wconf 82' lang='lat' dir='ltr'><strong>negligeudo</strong></span> <span class='ocrx_word' id='word_1_409' title='bbox 3437 2645 3570 2698; x_wconf 82' lang='lat' dir='ltr'><strong>pec-</strong></span> 
     </span>
    </p>
   </div>
   <div class='ocr_carea' id='block_1_54' title="bbox 1983 2720 3568 2794">
    <p class='ocr_par' dir='ltr' id='par_1_54' title="bbox 1983 2720 3568 2794">
     <span class='ocr_line' id='line_1_55' title="bbox 1983 2720 3568 2794; baseline 0.002 -21"><span class='ocrx_word' id='word_1_410' title='bbox 1983 2720 2144 2784; x_wconf 85' lang='lat' dir='ltr'><strong>cavit,</strong></span> <span class='ocrx_word' id='word_1_411' title='bbox 2164 2721 2329 2774; x_wconf 88' lang='lat' dir='ltr'><strong>etiam</strong></span> <span class='ocrx_word' id='word_1_412' title='bbox 2350 2722 2650 2787; x_wconf 87' lang='lat' dir='ltr'><strong>erubescit,</strong></span> <span class='ocrx_word' id='word_1_413' title='bbox 2675 2722 2836 2794; x_wconf 74' lang='grc' dir='ltr'><strong>θοι</strong></span> <span class='ocrx_word' id='word_1_414' title='bbox 2856 2731 2910 2777; x_wconf 90' lang='lat' dir='ltr'><strong>et</strong></span> <span class='ocrx_word' id='word_1_415' title='bbox 2929 2723 2994 2777; x_wconf 89' lang='lat' dir='ltr'><strong>ad</strong></span> <span class='ocrx_word' id='word_1_416' title='bbox 3022 2722 3399 2793; x_wconf 64' lang='lat' dir='ltr'><strong>penitentiam</strong></span> <span class='ocrx_word' id='word_1_417' title='bbox 3430 2722 3568 2776; x_wconf 73' lang='lat' dir='ltr'><strong>[orte</strong></span> 
     </span>
    </p>
   </div>
   <div class='ocr_carea' id='block_1_55' title="bbox 1984 2813 3569 2886">
    <p class='ocr_par' dir='ltr' id='par_1_55' title="bbox 1984 2813 3569 2886">
     <span class='ocr_line' id='line_1_56' title="bbox 1984 2813 3569 2886; baseline 0.001 -19"><span class='ocrx_word' id='word_1_418' title='bbox 1984 2822 2359 2868; x_wconf 87' lang='lat' dir='ltr'><strong>convertetur.</strong></span> <span class='ocrx_word' id='word_1_419' title='bbox 2411 2813 2612 2870; x_wconf 86' lang='lat' dir='ltr'><strong>Verum</strong></span> <span class='ocrx_word' id='word_1_420' title='bbox 2645 2817 2735 2884; x_wconf 91' lang='lat' dir='ltr'><strong>qui</strong></span> <span class='ocrx_word' id='word_1_421' title='bbox 2774 2829 2886 2870; x_wconf 87' lang='lat' dir='ltr'><strong>suae</strong></span> <span class='ocrx_word' id='word_1_422' title='bbox 2936 2829 3031 2886; x_wconf 89' lang='lat' dir='ltr'><strong>per</strong></span> <span class='ocrx_word' id='word_1_423' title='bbox 3061 2815 3243 2870; x_wconf 86' lang='lat' dir='ltr'><strong>omnia</strong></span> <span class='ocrx_word' id='word_1_424' title='bbox 3277 2815 3569 2886; x_wconf 67' lang='lat' dir='ltr'><strong>sententiae</strong></span> 
     </span>
    </p>
   </div>
   <div class='ocr_carea' id='block_1_56' title="bbox 1984 2883 3564 2974">
    <p class='ocr_par' dir='ltr' id='par_1_56' title="bbox 1984 2883 3564 2974">
     <span class='ocr_line' id='line_1_57' title="bbox 1984 2883 3564 2974; baseline 0.004 -17"><span class='ocrx_word' id='word_1_425' title='bbox 1984 2903 2287 2974; x_wconf 87' lang='lat' dir='ltr'><strong>acquiescit</strong></span> <span class='ocrx_word' id='word_1_426' title='bbox 2333 2905 2388 2959; x_wconf 92' lang='lat' dir='ltr'><strong>in</strong></span> <span class='ocrx_word' id='word_1_427' title='bbox 2419 2920 2480 2960; x_wconf 88' lang='lat' dir='ltr'><strong>ea</strong></span> <span class='ocrx_word' id='word_1_428' title='bbox 2517 2883 2802 2961; x_wconf 75' lang='lat' dir='ltr'><strong>aﬂectione</strong></span> <span class='ocrx_word' id='word_1_429' title='bbox 2831 2920 2896 2962; x_wconf 87' lang='lat' dir='ltr'><strong>ac</strong></span> <span class='ocrx_word' id='word_1_430' title='bbox 2934 2883 3347 2974; x_wconf 79' lang='lat' dir='ltr'><strong>perturbatione</strong></span> <span class='ocrx_word' id='word_1_431' title='bbox 3373 2883 3564 2963; x_wconf 75' lang='lat' dir='ltr'><strong>animi.</strong></span> 
     </span>
    </p>
   </div>
   <div class='ocr_carea' id='block_1_57' title="bbox 303 2990 1884 3067">
    <p class='ocr_par' dir='ltr' id='par_1_57' title="bbox 303 2990 1884 3065">
     <span class='ocr_line' id='line_1_58' title="bbox 303 2990 1884 3065; baseline -0.001 -18"><span class='ocrx_word' id='word_1_432' title='bbox 303 2993 432 3048; x_wconf 68' lang='grc' dir='ltr'><strong>οὔτε</strong></span> <span class='ocrx_word' id='word_1_433' title='bbox 461 2994 720 3063; x_wconf 79' lang='grc' dir='ltr'><strong>ἀφέξεται</strong></span> <span class='ocrx_word' id='word_1_434' title='bbox 743 2995 843 3065; x_wconf 75' lang='grc' dir='ltr'><strong>τῆς</strong></span> <span class='ocrx_word' id='word_1_435' title='bbox 866 2991 1087 3060; x_wconf 83' lang='grc' dir='ltr'><strong>κακίας,</strong></span> <span class='ocrx_word' id='word_1_436' title='bbox 1115 2991 1238 3046; x_wconf 72' lang='grc' dir='ltr'><strong>οὗτε</strong></span> <span class='ocrx_word' id='word_1_437' title='bbox 1266 2990 1603 3063; x_wconf 79' lang='grc' dir='ltr'><strong>ἐρυθριάσει,</strong></span> <span class='ocrx_word' id='word_1_438' title='bbox 1628 2992 1762 3046; x_wconf 81' lang='grc' dir='ltr'><strong>ἀλλὰ</strong></span> <span class='ocrx_word' id='word_1_439' title='bbox 1791 2991 1884 3045; x_wconf 75' lang='grc' dir='ltr'><strong>καὶ</strong></span> 
     </span>
    </p>
   </div>
   <div class='ocr_carea' id='block_1_58' title="bbox 1985 2990 3570 3067">
    <p class='ocr_par' dir='ltr' id='par_1_58' title="bbox 1989 2995 3570 3067">
     <span class='ocr_line' id='line_1_59' title="bbox 1989 2995 3570 3067; baseline 0.003 -20"><span class='ocrx_word' id='word_1_440' title='bbox 1989 3004 2200 3049; x_wconf 88' lang='lat' dir='ltr'><strong>tantum</strong></span> <span class='ocrx_word' id='word_1_441' title='bbox 2233 2995 2418 3056; x_wconf 88' lang='lat' dir='ltr'><strong>abest.</strong></span> <span class='ocrx_word' id='word_1_442' title='bbox 2452 3005 2509 3050; x_wconf 95' lang='lat' dir='ltr'><strong>ut</strong></span> <span class='ocrx_word' id='word_1_443' title='bbox 2537 2995 2784 3052; x_wconf 88' lang='lat' dir='ltr'><strong>discedat</strong></span> <span class='ocrx_word' id='word_1_444' title='bbox 2811 3011 2840 3050; x_wconf 94' lang='lat' dir='ltr'><strong>a</strong></span> <span class='ocrx_word' id='word_1_445' title='bbox 2876 2996 3038 3064; x_wconf 88' lang='lat' dir='ltr'><strong>malo,</strong></span> <span class='ocrx_word' id='word_1_446' title='bbox 3069 3006 3163 3052; x_wconf 90' lang='lat' dir='ltr'><strong>aut</strong></span> <span class='ocrx_word' id='word_1_447' title='bbox 3201 2995 3332 3052; x_wconf 79' lang='lat' dir='ltr'><strong>facti</strong></span> <span class='ocrx_word' id='word_1_448' title='bbox 3365 2997 3570 3067; x_wconf 84' lang='lat' dir='ltr'><strong>pudore</strong></span> 
     </span>
    </p>
   </div>
   <div class='ocr_carea' id='block_1_59' title="bbox 304 3085 706 3158">
    <p class='ocr_par' dir='ltr' id='par_1_59' title="bbox 304 3085 706 3158">
     <span class='ocr_line' id='line_1_60' title="bbox 304 3085 706 3158; baseline 0 -18"><span class='ocrx_word' id='word_1_449' title='bbox 304 3085 706 3158; x_wconf 75' lang='grc' dir='ltr'><strong>ἐναϐρυνεῖται.</strong></span> 
     </span>
    </p>
   </div>
   <div class='ocr_carea' id='block_1_60' title="bbox 657 3212 1518 3286">
    <p class='ocr_par' dir='ltr' id='par_1_60' title="bbox 657 3212 1518 3286">
     <span class='ocr_line' id='line_1_61' title="bbox 657 3212 1518 3286; baseline -0.007 -12"><span class='ocrx_word' id='word_1_450' title='bbox 657 3215 775 3274; x_wconf 71' lang='grc' dir='ltr'><strong>ΡΞ.</strong></span> <span class='ocrx_word' id='word_1_451' title='bbox 808 3247 880 3259; x_wconf 94' lang='grc'><strong><em>-</em></strong></span> <span class='ocrx_word' id='word_1_452' title='bbox 913 3214 1116 3271; x_wconf 73' lang='lat' dir='ltr'><strong>esum</strong></span> <span class='ocrx_word' id='word_1_453' title='bbox 1151 3212 1518 3286; x_wconf 74' lang='lat' dir='ltr'><strong>sntzxonp.</strong></span> 
     </span>
    </p>
   </div>
   <div class='ocr_carea' id='block_1_61' title="bbox 1992 3085 3425 3160">
    <p class='ocr_par' dir='ltr' id='par_1_61' title="bbox 1992 3085 3425 3160">
     <span class='ocr_line' id='line_1_62' title="bbox 1992 3085 3425 3160; baseline 0.001 -20"><span class='ocrx_word' id='word_1_454' title='bbox 1992 3085 2262 3154; x_wconf 88' lang='lat' dir='ltr'><strong>ducatur;</strong></span> <span class='ocrx_word' id='word_1_455' title='bbox 2299 3096 2357 3142; x_wconf 93' lang='lat' dir='ltr'><strong>ut</strong></span> <span class='ocrx_word' id='word_1_456' title='bbox 2379 3087 2541 3143; x_wconf 91' lang='lat' dir='ltr'><strong>etiam</strong></span> <span class='ocrx_word' id='word_1_457' title='bbox 2569 3088 2622 3143; x_wconf 90' lang='lat' dir='ltr'><strong>in</strong></span> <span class='ocrx_word' id='word_1_458' title='bbox 2650 3103 2716 3144; x_wconf 87' lang='lat' dir='ltr'><strong>eo</strong></span> <span class='ocrx_word' id='word_1_459' title='bbox 2740 3088 3022 3160; x_wconf 77' lang='lat' dir='ltr'><strong>glorietur,</strong></span> <span class='ocrx_word' id='word_1_460' title='bbox 3047 3103 3214 3160; x_wconf 91' lang='lat' dir='ltr'><strong>seque</strong></span> <span class='ocrx_word' id='word_1_461' title='bbox 3235 3087 3425 3159; x_wconf 74' lang='lat' dir='ltr'><strong>iactet.</strong></span> 
     </span>
    </p>
   </div>
   <div class='ocr_carea' id='block_1_62' title="bbox 2311 3216 3257 3276">
    <p class='ocr_par' dir='ltr' id='par_1_62' title="bbox 2311 3216 3257 3276">
     <span class='ocr_line' id='line_1_63' title="bbox 2311 3216 3257 3276; baseline 0 -2"><span class='ocrx_word' id='word_1_462' title='bbox 2311 3217 2469 3274; x_wconf 79' lang='lat' dir='ltr'><strong>CLX.</strong></span> <span class='ocrx_word' id='word_1_463' title='bbox 2496 3249 2567 3262; x_wconf 89' lang='lat'><strong><em>—</em></strong></span> <span class='ocrx_word' id='word_1_464' title='bbox 2608 3217 2863 3276; x_wconf 85' lang='lat' dir='ltr'><strong>THEONI</strong></span> <span class='ocrx_word' id='word_1_465' title='bbox 2903 3216 3257 3274; x_wconf 71' lang='grc' dir='ltr'><strong>ΕΡΙΞΟΟΡΟ.</strong></span> 
     </span>
    </p>
   </div>
   <div class='ocr_carea' id='block_1_63' title="bbox 449 3327 3424 3404">
    <p class='ocr_par' dir='ltr' id='par_1_63' title="bbox 449 3327 3424 3404">
     <span class='ocr_line' id='line_1_64' title="bbox 449 3327 3424 3404; baseline -0.001 -17"><span class='ocrx_word' id='word_1_466' title='bbox 449 3332 555 3401; x_wconf 76' lang='lat' dir='ltr'><strong>Qui</strong></span> <span class='ocrx_word' id='word_1_467' title='bbox 583 3332 718 3387; x_wconf 83' lang='lat' dir='ltr'><strong>alios</strong></span> <span class='ocrx_word' id='word_1_468' title='bbox 743 3349 775 3386; x_wconf 87' lang='lat' dir='ltr'><strong>a</strong></span> <span class='ocrx_word' id='word_1_469' title='bbox 806 3341 1016 3399; x_wconf 85' lang='lat' dir='ltr'><strong>peccato</strong></span> <span class='ocrx_word' id='word_1_470' title='bbox 1047 3345 1226 3383; x_wconf 86' lang='lat' dir='ltr'><strong>arcere</strong></span> <span class='ocrx_word' id='word_1_471' title='bbox 1255 3329 1427 3392; x_wconf 83' lang='lat' dir='ltr'><strong>debet,</strong></span> <span class='ocrx_word' id='word_1_472' title='bbox 1461 3338 1509 3382; x_wconf 87' lang='lat' dir='ltr'><strong>et</strong></span> <span class='ocrx_word' id='word_1_473' title='bbox 1541 3327 1649 3396; x_wconf 86' lang='lat' dir='ltr'><strong>ipse</strong></span> <span class='ocrx_word' id='word_1_474' title='bbox 1681 3337 1877 3397; x_wconf 79' lang='lat' dir='ltr'><strong>peccat,</strong></span> <span class='ocrx_word' id='word_1_475' title='bbox 1919 3331 2120 3398; x_wconf 79' lang='lat' dir='ltr'><strong>maiore</strong></span> <span class='ocrx_word' id='word_1_476' title='bbox 2159 3349 2311 3402; x_wconf 64' lang='lat' dir='ltr'><strong>pana</strong></span> <span class='ocrx_word' id='word_1_477' title='bbox 2355 3332 2565 3402; x_wconf 81' lang='lat' dir='ltr'><strong>dignm.</strong></span> <span class='ocrx_word' id='word_1_478' title='bbox 2599 3332 2835 3404; x_wconf 81' lang='lat' dir='ltr'><strong>(Confer.</strong></span> <span class='ocrx_word' id='word_1_479' title='bbox 2869 3335 3019 3404; x_wconf 85' lang='lat' dir='ltr'><strong>epist.</strong></span> <span class='ocrx_word' id='word_1_480' title='bbox 3059 3333 3160 3389; x_wconf 86' lang='lat' dir='ltr'><strong>l96</strong></span> <span class='ocrx_word' id='word_1_481' title='bbox 3191 3343 3238 3387; x_wconf 84' lang='lat' dir='ltr'><strong>et</strong></span> <span class='ocrx_word' id='word_1_482' title='bbox 3265 3331 3424 3400; x_wconf 75' lang='lat'><strong>250.)</strong></span> 
     </span>
    </p>
   </div>
   <div class='ocr_carea' id='block_1_64' title="bbox 377 3453 1891 3528">
    <p class='ocr_par' dir='ltr' id='par_1_64' title="bbox 377 3453 1891 3528">
     <span class='ocr_line' id='line_1_65' title="bbox 377 3453 1891 3528; baseline -0.007 -11"><span class='ocrx_word' id='word_1_483' title='bbox 377 3463 442 3516; x_wconf 81' lang='lat' dir='ltr'><strong>Ei</strong></span> <span class='ocrx_word' id='word_1_484' title='bbox 468 3461 630 3516; x_wconf 84' lang='grc' dir='ltr'><strong>παντί</strong></span> <span class='ocrx_word' id='word_1_485' title='bbox 663 3477 765 3514; x_wconf 84' lang='grc' dir='ltr'><strong>που</strong></span> <span class='ocrx_word' id='word_1_486' title='bbox 794 3458 952 3528; x_wconf 79' lang='grc' dir='ltr'><strong>δῆλόν</strong></span> <span class='ocrx_word' id='word_1_487' title='bbox 977 3456 1124 3510; x_wconf 84' lang='grc' dir='ltr'><strong>ἐστιν</strong></span> <span class='ocrx_word' id='word_1_488' title='bbox 1141 3495 1155 3519; x_wconf 90' lang='grc'><strong>,</strong></span> <span class='ocrx_word' id='word_1_489' title='bbox 1184 3454 1261 3517; x_wconf 84' lang='grc' dir='ltr'><strong>ὡς</strong></span> <span class='ocrx_word' id='word_1_490' title='bbox 1285 3454 1314 3507; x_wconf 85' lang='grc' dir='ltr'><strong>ό</strong></span> <span class='ocrx_word' id='word_1_491' title='bbox 1341 3453 1610 3523; x_wconf 83' lang='grc' dir='ltr'><strong>κολαστὴς</strong></span> <span class='ocrx_word' id='word_1_492' title='bbox 1637 3453 1745 3506; x_wconf 83' lang='grc' dir='ltr'><strong>τῶν</strong></span> <span class='ocrx_word' id='word_1_493' title='bbox 1776 3454 1891 3508; x_wconf 85' lang='grc' dir='ltr'><strong>ἁδι-</strong></span> 
     </span>
    </p>
   </div>
   <div class='ocr_carea' id='block_1_65' title="bbox 305 3544 1888 3622">
    <p class='ocr_par' dir='ltr' id='par_1_65' title="bbox 305 3544 1888 3622">
     <span class='ocr_line' id='line_1_66' title="bbox 305 3544 1888 3622; baseline -0.007 -15"><span class='ocrx_word' id='word_1_494' title='bbox 305 3553 548 3608; x_wconf 83' lang='grc' dir='ltr'><strong>κούντων</strong></span> <span class='ocrx_word' id='word_1_495' title='bbox 590 3551 810 3622; x_wconf 79' lang='grc' dir='ltr'><strong>μείζονα</strong></span> <span class='ocrx_word' id='word_1_496' title='bbox 848 3550 1007 3618; x_wconf 86' lang='grc' dir='ltr'><strong>δίκην</strong></span> <span class='ocrx_word' id='word_1_497' title='bbox 1045 3546 1273 3609; x_wconf 86' lang='grc' dir='ltr'><strong>είκότως</strong></span> <span class='ocrx_word' id='word_1_498' title='bbox 1318 3544 1434 3614; x_wconf 88' lang='grc' dir='ltr'><strong>δοίη</strong></span> <span class='ocrx_word' id='word_1_499' title='bbox 1477 3545 1578 3608; x_wconf 79' lang='grc' dir='ltr'><strong>ἂν,</strong></span> <span class='ocrx_word' id='word_1_500' title='bbox 1610 3546 1658 3598; x_wconf 88' lang='grc' dir='ltr'><strong>εἰ</strong></span> <span class='ocrx_word' id='word_1_501' title='bbox 1701 3562 1888 3616; x_wconf 74' lang='grc' dir='ltr'><strong>φωρα-</strong></span> 
     </span>
    </p>
   </div>
   <div class='ocr_carea' id='block_1_66' title="bbox 306 3635 1884 3716">
    <p class='ocr_par' dir='ltr' id='par_1_66' title="bbox 306 3635 1884 3716">
     <span class='ocr_line' id='line_1_67' title="bbox 306 3635 1884 3716; baseline -0.006 -18"><span class='ocrx_word' id='word_1_502' title='bbox 306 3645 428 3716; x_wconf 85' lang='grc' dir='ltr'><strong>θείη</strong></span> <span class='ocrx_word' id='word_1_503' title='bbox 473 3643 645 3697; x_wconf 84' lang='grc' dir='ltr'><strong>ταῦτα</strong></span> <span class='ocrx_word' id='word_1_504' title='bbox 683 3641 860 3714; x_wconf 84' lang='grc' dir='ltr'><strong>δρῶν,</strong></span> <span class='ocrx_word' id='word_1_505' title='bbox 915 3640 952 3694; x_wconf 78' lang='grc' dir='ltr'>ἃ</span> <span class='ocrx_word' id='word_1_506' title='bbox 1005 3636 1240 3693; x_wconf 83' lang='grc' dir='ltr'><strong>κωλύειν</strong></span> <span class='ocrx_word' id='word_1_507' title='bbox 1280 3637 1501 3707; x_wconf 88' lang='grc' dir='ltr'><strong>ἐτέρους</strong></span> <span class='ocrx_word' id='word_1_508' title='bbox 1543 3635 1780 3706; x_wconf 79' lang='grc' dir='ltr'><strong>ἐτάχθη·</strong></span> <span class='ocrx_word' id='word_1_509' title='bbox 1834 3637 1884 3689; x_wconf 79' lang='grc' dir='ltr'><strong>τί</strong></span> 
     </span>
    </p>
   </div>
   <div class='ocr_carea' id='block_1_67' title="bbox 308 3726 1886 3802">
    <p class='ocr_par' dir='ltr' id='par_1_67' title="bbox 308 3726 1886 3802">
     <span class='ocr_line' id='line_1_68' title="bbox 308 3726 1886 3802; baseline -0.005 -13"><span class='ocrx_word' id='word_1_510' title='bbox 308 3734 507 3789; x_wconf 81' lang='grc' dir='ltr'><strong>σαυτὸν</strong></span> <span class='ocrx_word' id='word_1_511' title='bbox 555 3733 904 3802; x_wconf 81' lang='grc' dir='ltr'><strong>φενακίζεις,</strong></span> <span class='ocrx_word' id='word_1_512' title='bbox 955 3729 1032 3795; x_wconf 80' lang='grc' dir='ltr'><strong>ὡς</strong></span> <span class='ocrx_word' id='word_1_513' title='bbox 1089 3727 1390 3800; x_wconf 86' lang='grc' dir='ltr'><strong>λησόμενος</strong></span> <span class='ocrx_word' id='word_1_514' title='bbox 1442 3726 1533 3782; x_wconf 72' lang='grc' dir='ltr'><strong>τὸν</strong></span> <span class='ocrx_word' id='word_1_515' title='bbox 1585 3727 1886 3799; x_wconf 70' lang='grc' dir='ltr'><strong>ἀκοίμητον</strong></span> 
     </span>
    </p>
   </div>
   <div class='ocr_carea' id='block_1_68' title="bbox 302 3826 619 3898">
    <p class='ocr_par' dir='ltr' id='par_1_68' title="bbox 302 3826 619 3898">
     <span class='ocr_line' id='line_1_69' title="bbox 302 3826 619 3898; baseline -0.003 -17"><span class='ocrx_word' id='word_1_516' title='bbox 302 3826 588 3898; x_wconf 79' lang='grc' dir='ltr'><strong>ὀφθαλμόν</strong></span> <span class='ocrx_word' id='word_1_517' title='bbox 603 3843 619 3895; x_wconf 92' lang='lat'><strong>;</strong></span> 
     </span>
    </p>
   </div>
   <div class='ocr_carea' id='block_1_69' title="bbox 774 4045 1418 4119">
    <p class='ocr_par' dir='ltr' id='par_1_69' title="bbox 774 4045 1418 4119">
     <span class='ocr_line' id='line_1_70' title="bbox 774 4045 1418 4119; baseline -0.009 -11"><span class='ocrx_word' id='word_1_518' title='bbox 774 4048 937 4108; x_wconf 76' lang='lat' dir='ltr'><strong>PEA&#39;.</strong></span> <span class='ocrx_word' id='word_1_519' title='bbox 974 4081 1043 4093; x_wconf 86' lang='lat'>—</span> <span class='ocrx_word' id='word_1_520' title='bbox 1087 4049 1176 4119; x_wconf 72' lang='lat' dir='ltr'><strong>To</strong></span> <span class='ocrx_word' id='word_1_521' title='bbox 1211 4045 1418 4119; x_wconf 63' lang='lat' dir='ltr'><strong>arm.</strong></span> 
     </span>
    </p>
   </div>
   <div class='ocr_carea' id='block_1_70' title="bbox 2061 3461 3569 3534">
    <p class='ocr_par' dir='ltr' id='par_1_70' title="bbox 2061 3461 3569 3534">
     <span class='ocr_line' id='line_1_71' title="bbox 2061 3461 3569 3534; baseline 0.001 -19"><span class='ocrx_word' id='word_1_522' title='bbox 2061 3461 2141 3525; x_wconf 91' lang='lat' dir='ltr'><strong>Si,</strong></span> <span class='ocrx_word' id='word_1_523' title='bbox 2170 3462 2311 3533; x_wconf 87' lang='lat' dir='ltr'><strong>quod</strong></span> <span class='ocrx_word' id='word_1_524' title='bbox 2339 3463 2592 3518; x_wconf 86' lang='lat' dir='ltr'><strong>omnibus</strong></span> <span class='ocrx_word' id='word_1_525' title='bbox 2629 3474 2714 3519; x_wconf 84' lang='lat' dir='ltr'><strong>est</strong></span> <span class='ocrx_word' id='word_1_526' title='bbox 2735 3472 2942 3529; x_wconf 92' lang='lat' dir='ltr'><strong>notum,</strong></span> <span class='ocrx_word' id='word_1_527' title='bbox 2979 3463 3069 3534; x_wconf 90' lang='lat' dir='ltr'><strong>qui</strong></span> <span class='ocrx_word' id='word_1_528' title='bbox 3104 3463 3296 3519; x_wconf 82' lang='lat' dir='ltr'><strong>debeat</strong></span> <span class='ocrx_word' id='word_1_529' title='bbox 3326 3462 3380 3518; x_wconf 93' lang='lat' dir='ltr'><strong>in</strong></span> <span class='ocrx_word' id='word_1_530' title='bbox 3428 3462 3569 3517; x_wconf 89' lang='lat' dir='ltr'><strong>alio-</strong></span> 
     </span>
    </p>
   </div>
   <div class='ocr_carea' id='block_1_71' title="bbox 1989 3551 3573 3621">
    <p class='ocr_par' dir='ltr' id='par_1_71' title="bbox 1989 3551 3573 3621">
     <span class='ocr_line' id='line_1_72' title="bbox 1989 3551 3573 3621; baseline 0.001 -17"><span class='ocrx_word' id='word_1_531' title='bbox 1989 3565 2108 3604; x_wconf 87' lang='lat' dir='ltr'><strong>rum</strong></span> <span class='ocrx_word' id='word_1_532' title='bbox 2153 3551 2434 3605; x_wconf 81' lang='lat' dir='ltr'><strong>malefacta</strong></span> <span class='ocrx_word' id='word_1_533' title='bbox 2463 3551 2921 3617; x_wconf 83' lang='lat' dir='ltr'><strong>animadvertere,</strong></span> <span class='ocrx_word' id='word_1_534' title='bbox 2956 3553 3399 3608; x_wconf 87' lang='lat' dir='ltr'><strong>malefactoribus</strong></span> <span class='ocrx_word' id='word_1_535' title='bbox 3438 3553 3573 3621; x_wconf 83' lang='lat' dir='ltr'><strong>ipsis</strong></span> 
     </span>
    </p>
   </div>
   <div class='ocr_carea' id='block_1_72' title="bbox 1992 3640 3572 3713">
    <p class='ocr_par' dir='ltr' id='par_1_72' title="bbox 1992 3640 3572 3713">
     <span class='ocr_line' id='line_1_73' title="bbox 1992 3640 3572 3713; baseline -0.001 -19"><span class='ocrx_word' id='word_1_536' title='bbox 1992 3640 2210 3710; x_wconf 78' lang='lat' dir='ltr'><strong>gravius</strong></span> <span class='ocrx_word' id='word_1_537' title='bbox 2267 3642 2572 3711; x_wconf 85' lang='lat' dir='ltr'><strong>puniendus</strong></span> <span class='ocrx_word' id='word_1_538' title='bbox 2603 3653 2711 3706; x_wconf 88' lang='lat' dir='ltr'><strong>est,</strong></span> <span class='ocrx_word' id='word_1_539' title='bbox 2769 3643 2812 3698; x_wconf 88' lang='lat' dir='ltr'><strong>si</strong></span> <span class='ocrx_word' id='word_1_540' title='bbox 2851 3642 3033 3698; x_wconf 86' lang='lat' dir='ltr'><strong>facere</strong></span> <span class='ocrx_word' id='word_1_541' title='bbox 3072 3642 3440 3713; x_wconf 82' lang='lat' dir='ltr'><strong>deprehensus</strong></span> <span class='ocrx_word' id='word_1_542' title='bbox 3479 3643 3572 3709; x_wconf 90' lang='lat' dir='ltr'><strong>sit,</strong></span> 
     </span>
    </p>
   </div>
   <div class='ocr_carea' id='block_1_73' title="bbox 1988 3731 3571 3802">
    <p class='ocr_par' dir='ltr' id='par_1_73' title="bbox 1988 3731 3571 3802">
     <span class='ocr_line' id='line_1_74' title="bbox 1988 3731 3571 3802; baseline 0.002 -19"><span class='ocrx_word' id='word_1_543' title='bbox 1988 3746 2128 3800; x_wconf 66' lang='lat' dir='ltr'><strong>quae,</strong></span> <span class='ocrx_word' id='word_1_544' title='bbox 2167 3746 2234 3785; x_wconf 92' lang='lat' dir='ltr'><strong>ne</strong></span> <span class='ocrx_word' id='word_1_545' title='bbox 2284 3733 2353 3784; x_wconf 90' lang='lat' dir='ltr'><strong>ab</strong></span> <span class='ocrx_word' id='word_1_546' title='bbox 2398 3731 2506 3786; x_wconf 90' lang='lat' dir='ltr'><strong>alio</strong></span> <span class='ocrx_word' id='word_1_547' title='bbox 2560 3733 2775 3798; x_wconf 82' lang='lat' dir='ltr'><strong>fierent,</strong></span> <span class='ocrx_word' id='word_1_548' title='bbox 2839 3734 3130 3802; x_wconf 85' lang='lat' dir='ltr'><strong>prohibere</strong></span> <span class='ocrx_word' id='word_1_549' title='bbox 3181 3733 3402 3799; x_wconf 88' lang='lat' dir='ltr'><strong>debuit;</strong></span> <span class='ocrx_word' id='word_1_550' title='bbox 3451 3749 3571 3795; x_wconf 89' lang='lat' dir='ltr'><strong>cur,</strong></span> 
     </span>
    </p>
   </div>
   <div class='ocr_carea' id='block_1_74' title="bbox 1987 3821 3571 3897">
    <p class='ocr_par' dir='ltr' id='par_1_74' title="bbox 1987 3821 3571 3897">
     <span class='ocr_line' id='line_1_75' title="bbox 1987 3821 3571 3897; baseline 0.002 -22"><span class='ocrx_word' id='word_1_551' title='bbox 1987 3836 2191 3890; x_wconf 61' lang='lat' dir='ltr'><strong>quaeso,</strong></span> <span class='ocrx_word' id='word_1_552' title='bbox 2220 3821 2312 3877; x_wconf 76' lang='lat' dir='ltr'><strong>tibi</strong></span> <span class='ocrx_word' id='word_1_553' title='bbox 2344 3823 2443 3894; x_wconf 85' lang='lat' dir='ltr'><strong>ipsi</strong></span> <span class='ocrx_word' id='word_1_554' title='bbox 2472 3823 2760 3890; x_wconf 88' lang='lat' dir='ltr'><strong>blandiris,</strong></span> <span class='ocrx_word' id='word_1_555' title='bbox 2794 3833 3054 3897; x_wconf 88' lang='lat' dir='ltr'><strong>tanquam</strong></span> <span class='ocrx_word' id='word_1_556' title='bbox 3079 3825 3333 3897; x_wconf 77' lang='lat' dir='ltr'><strong>effugeris</strong></span> <span class='ocrx_word' id='word_1_557' title='bbox 3357 3824 3571 3895; x_wconf 85' lang='lat' dir='ltr'><strong>vigilem</strong></span> 
     </span>
    </p>
   </div>
   <div class='ocr_carea' id='block_1_75' title="bbox 1989 3915 2361 3971">
    <p class='ocr_par' dir='ltr' id='par_1_75' title="bbox 1989 3915 2361 3971">
     <span class='ocr_line' id='line_1_76' title="bbox 1989 3915 2361 3971; baseline 0 -2"><span class='ocrx_word' id='word_1_558' title='bbox 1989 3915 2081 3970; x_wconf 90' lang='lat' dir='ltr'><strong>Dei</strong></span> <span class='ocrx_word' id='word_1_559' title='bbox 2112 3915 2361 3971; x_wconf 80' lang='lat' dir='ltr'><strong>oculum?</strong></span> 
     </span>
    </p>
   </div>
   <div class='ocr_carea' id='block_1_76' title="bbox 2503 4044 3045 4130">
    <p class='ocr_par' dir='ltr' id='par_1_76' title="bbox 2503 4044 3045 4130">
     <span class='ocr_line' id='line_1_77' title="bbox 2503 4044 3045 4130; baseline -0.004 -28"><span class='ocrx_word' id='word_1_560' title='bbox 2503 4044 2684 4102; x_wconf 83' lang='lat' dir='ltr'><strong>CLXI.</strong></span> <span class='ocrx_word' id='word_1_561' title='bbox 2718 4075 2789 4130; x_wconf 48' lang='lat'><strong>.-</strong></span> <span class='ocrx_word' id='word_1_562' title='bbox 2813 4045 3045 4102; x_wconf 77' lang='lat' dir='ltr'><strong>Etosn.</strong></span> 
     </span>
    </p>
   </div>
   <div class='ocr_carea' id='block_1_77' title="bbox 1055 4155 2809 4230">
    <p class='ocr_par' dir='ltr' id='par_1_77' title="bbox 1055 4155 2809 4230">
     <span class='ocr_line' id='line_1_78' title="bbox 1055 4155 2809 4230; baseline 0 -14"><span class='ocrx_word' id='word_1_563' title='bbox 1055 4160 1332 4216; x_wconf 86' lang='lat' dir='ltr'><strong>Privatum</strong></span> <span class='ocrx_word' id='word_1_564' title='bbox 1370 4168 1534 4215; x_wconf 79' lang='lat' dir='ltr'><strong>vivere</strong></span> <span class='ocrx_word' id='word_1_565' title='bbox 1552 4167 1790 4228; x_wconf 68' lang='lat' dir='ltr'><strong>prastat,</strong></span> <span class='ocrx_word' id='word_1_566' title='bbox 1821 4171 1977 4228; x_wconf 82' lang='lat' dir='ltr'><strong>quam</strong></span> <span class='ocrx_word' id='word_1_567' title='bbox 2025 4155 2260 4214; x_wconf 77' lang='lat' dir='ltr'><strong>omnium</strong></span> <span class='ocrx_word' id='word_1_568' title='bbox 2294 4161 2582 4214; x_wconf 83' lang='lat' dir='ltr'><strong>monstrari</strong></span> <span class='ocrx_word' id='word_1_569' title='bbox 2611 4161 2809 4230; x_wconf 75' lang='lat' dir='ltr'><strong>digitis.</strong></span> 
     </span>
    </p>
   </div>
   <div class='ocr_carea' id='block_1_78' title="bbox 381 4288 1890 4369">
    <p class='ocr_par' dir='ltr' id='par_1_78' title="bbox 381 4288 1890 4369">
     <span class='ocr_line' id='line_1_79' title="bbox 381 4288 1890 4369; baseline -0.008 -16"><span class='ocrx_word' id='word_1_570' title='bbox 381 4297 476 4352; x_wconf 72' lang='grc' dir='ltr'><strong>Σοὶ</strong></span> <span class='ocrx_word' id='word_1_571' title='bbox 506 4297 626 4369; x_wconf 78' lang='grc' dir='ltr'><strong>μὲν,</strong></span> <span class='ocrx_word' id='word_1_572' title='bbox 656 4293 731 4360; x_wconf 81' lang='grc' dir='ltr'><strong>ὡς</strong></span> <span class='ocrx_word' id='word_1_573' title='bbox 761 4293 1069 4365; x_wconf 76' lang='grc' dir='ltr'><strong>γέγραφας,</strong></span> <span class='ocrx_word' id='word_1_574' title='bbox 1099 4293 1194 4346; x_wconf 84' lang='grc' dir='ltr'><strong>τοῦ</strong></span> <span class='ocrx_word' id='word_1_575' title='bbox 1237 4290 1442 4362; x_wconf 85' lang='grc' dir='ltr'><strong>μηδένα</strong></span> <span class='ocrx_word' id='word_1_576' title='bbox 1471 4292 1685 4358; x_wconf 85' lang='grc' dir='ltr'><strong>ἀγνοεῖν</strong></span> <span class='ocrx_word' id='word_1_577' title='bbox 1706 4305 1720 4317; x_wconf 92' lang='grc'><strong>·</strong></span> <span class='ocrx_word' id='word_1_578' title='bbox 1746 4288 1890 4360; x_wconf 85' lang='grc' dir='ltr'><strong>άλλῳ</strong></span> 
     </span>
    </p>
   </div>
   <div class='ocr_carea' id='block_1_79' title="bbox 309 4378 1888 4456">
    <p class='ocr_par' dir='ltr' id='par_1_79' title="bbox 309 4378 1888 4456">
     <span class='ocr_line' id='line_1_80' title="bbox 309 4378 1888 4456; baseline -0.01 -10"><span class='ocrx_word' id='word_1_579' title='bbox 309 4391 370 4446; x_wconf 78' lang='grc' dir='ltr'><strong>δέ</strong></span> <span class='ocrx_word' id='word_1_580' title='bbox 407 4390 538 4452; x_wconf 87' lang='grc' dir='ltr'><strong>ῐσως</strong></span> <span class='ocrx_word' id='word_1_581' title='bbox 579 4387 674 4442; x_wconf 85' lang='grc' dir='ltr'><strong>τοῦ</strong></span> <span class='ocrx_word' id='word_1_582' title='bbox 708 4389 814 4440; x_wconf 80' lang='grc' dir='ltr'><strong>ὑπὸ</strong></span> <span class='ocrx_word' id='word_1_583' title='bbox 869 4385 1098 4456; x_wconf 81' lang='grc' dir='ltr'><strong>μηδενὸς</strong></span> <span class='ocrx_word' id='word_1_584' title='bbox 1135 4381 1479 4452; x_wconf 82' lang='grc' dir='ltr'><strong>ἀγνοεῖσθαι·</strong></span> <span class='ocrx_word' id='word_1_585' title='bbox 1516 4380 1638 4450; x_wconf 78' lang='grc' dir='ltr'><strong>ἐμοὶ</strong></span> <span class='ocrx_word' id='word_1_586' title='bbox 1684 4379 1742 4432; x_wconf 85' lang='grc' dir='ltr'><strong>δὲ</strong></span> <span class='ocrx_word' id='word_1_587' title='bbox 1793 4378 1888 4431; x_wconf 89' lang='grc' dir='ltr'><strong>τοῦ</strong></span> 
     </span>
    </p>
   </div>
   <div class='ocr_carea' id='block_1_80' title="bbox 2067 4286 3570 4360">
    <p class='ocr_par' dir='ltr' id='par_1_80' title="bbox 2067 4286 3570 4360">
     <span class='ocr_line' id='line_1_81' title="bbox 2067 4286 3570 4360; baseline 0.004 -19"><span class='ocrx_word' id='word_1_588' title='bbox 2067 4286 2187 4343; x_wconf 86' lang='lat' dir='ltr'><strong>Tibi</strong></span> <span class='ocrx_word' id='word_1_589' title='bbox 2244 4290 2486 4360; x_wconf 85' lang='lat' dir='ltr'><strong>quidem,</strong></span> <span class='ocrx_word' id='word_1_590' title='bbox 2544 4298 2602 4344; x_wconf 91' lang='lat' dir='ltr'><strong>ut</strong></span> <span class='ocrx_word' id='word_1_591' title='bbox 2653 4291 2870 4353; x_wconf 86' lang='lat' dir='ltr'><strong>scribis,</strong></span> <span class='ocrx_word' id='word_1_592' title='bbox 2927 4305 3074 4344; x_wconf 64' lang='lat' dir='ltr'><strong>cura</strong></span> <span class='ocrx_word' id='word_1_593' title='bbox 3127 4291 3229 4345; x_wconf 85' lang='lat' dir='ltr'><strong>fuit</strong></span> <span class='ocrx_word' id='word_1_594' title='bbox 3301 4293 3570 4347; x_wconf 90' lang='lat' dir='ltr'><strong>neminem</strong></span> 
     </span>
    </p>
   </div>
   <div class='ocr_carea' id='block_1_81' title="bbox 1998 4380 3568 4454">
    <p class='ocr_par' dir='ltr' id='par_1_81' title="bbox 1998 4380 3568 4454">
     <span class='ocr_line' id='line_1_82' title="bbox 1998 4380 3568 4454; baseline 0.004 -21"><span class='ocrx_word' id='word_1_595' title='bbox 1998 4380 2270 4450; x_wconf 78' lang='lat' dir='ltr'><strong>ignorare,</strong></span> <span class='ocrx_word' id='word_1_596' title='bbox 2326 4383 2482 4438; x_wconf 87' lang='lat' dir='ltr'><strong>alteri</strong></span> <span class='ocrx_word' id='word_1_597' title='bbox 2519 4399 2647 4438; x_wconf 88' lang='lat' dir='ltr'><strong>vero</strong></span> <span class='ocrx_word' id='word_1_598' title='bbox 2696 4383 2928 4439; x_wconf 83' lang='lat' dir='ltr'><strong>fortasse</strong></span> <span class='ocrx_word' id='word_1_599' title='bbox 2976 4399 3005 4436; x_wconf 90' lang='lat' dir='ltr'><strong>a</strong></span> <span class='ocrx_word' id='word_1_600' title='bbox 3064 4385 3279 4440; x_wconf 86' lang='lat' dir='ltr'><strong>nemine</strong></span> <span class='ocrx_word' id='word_1_601' title='bbox 3309 4387 3568 4454; x_wconf 78' lang='lat' dir='ltr'><strong>ignorari.</strong></span> 
     </span>
    </p>
   </div>
   <div class='ocr_carea' id='block_1_82' title="bbox 315 4471 1884 4556">
    <p class='ocr_par' dir='ltr' id='par_1_82' title="bbox 315 4471 1884 4556">
     <span class='ocr_line' id='line_1_83' title="bbox 315 4471 1884 4556; baseline -0.01 -19"><span class='ocrx_word' id='word_1_602' title='bbox 315 4483 517 4556; x_wconf 78' lang='grc' dir='ltr'><strong>ἀρετῆς</strong></span> <span class='ocrx_word' id='word_1_603' title='bbox 555 4478 898 4550; x_wconf 86' lang='grc' dir='ltr'><strong>ἀντέχεσθαι,</strong></span> <span class='ocrx_word' id='word_1_604' title='bbox 939 4480 988 4531; x_wconf 87' lang='grc' dir='ltr'><strong>εί</strong></span> <span class='ocrx_word' id='word_1_605' title='bbox 1027 4477 1120 4530; x_wconf 80' lang='grc' dir='ltr'><strong>καὶ</strong></span> <span class='ocrx_word' id='word_1_606' title='bbox 1154 4475 1340 4546; x_wconf 76' lang='grc' dir='ltr'><strong>μηδεὶς</strong></span> <span class='ocrx_word' id='word_1_607' title='bbox 1367 4471 1671 4543; x_wconf 73' lang='grc' dir='ltr'><strong>ἀνθρώπιον</strong></span> <span class='ocrx_word' id='word_1_608' title='bbox 1699 4471 1884 4539; x_wconf 84' lang='grc' dir='ltr'><strong>γνοίη¹</strong></span> 
     </span>
    </p>
   </div>
   <div class='ocr_carea' id='block_1_83' title="bbox 1985 4471 3570 4556">
    <p class='ocr_par' dir='ltr' id='par_1_83' title="bbox 1997 4471 3570 4546">
     <span class='ocr_line' id='line_1_84' title="bbox 1997 4471 3570 4546; baseline 0.002 -22"><span class='ocrx_word' id='word_1_609' title='bbox 1997 4471 2123 4526; x_wconf 82' lang='lat' dir='ltr'><strong>Mihi</strong></span> <span class='ocrx_word' id='word_1_610' title='bbox 2188 4487 2315 4528; x_wconf 89' lang='lat' dir='ltr'><strong>vero</strong></span> <span class='ocrx_word' id='word_1_611' title='bbox 2375 4473 2552 4542; x_wconf 78' lang='lat' dir='ltr'><strong>placet</strong></span> <span class='ocrx_word' id='word_1_612' title='bbox 2605 4474 2862 4527; x_wconf 92' lang='lat' dir='ltr'><strong>virtutem</strong></span> <span class='ocrx_word' id='word_1_613' title='bbox 2907 4473 3009 4528; x_wconf 92' lang='lat' dir='ltr'><strong>etsi</strong></span> <span class='ocrx_word' id='word_1_614' title='bbox 3044 4475 3294 4529; x_wconf 88' lang='lat' dir='ltr'><strong>omnibus</strong></span> <span class='ocrx_word' id='word_1_615' title='bbox 3335 4477 3570 4546; x_wconf 79' lang='lat' dir='ltr'><strong>ignotam</strong></span> 
     </span>
    </p>
   </div>
   <div class='ocr_carea' id='block_1_84' title="bbox 317 4560 1892 4645">
    <p class='ocr_par' dir='ltr' id='par_1_84' title="bbox 317 4560 1892 4645">
     <span class='ocr_line' id='line_1_85' title="bbox 317 4560 1892 4645; baseline -0.009 -18"><span class='ocrx_word' id='word_1_616' title='bbox 317 4573 649 4645; x_wconf 85' lang='grc' dir='ltr'><strong>μεμέληκεν.</strong></span> <span class='ocrx_word' id='word_1_617' title='bbox 684 4571 918 4640; x_wconf 82' lang='grc' dir='ltr'><strong>Πότερος</strong></span> <span class='ocrx_word' id='word_1_618' title='bbox 940 4560 1040 4623; x_wconf 68' lang='grc' dir='ltr'><strong>ὀῦν</strong></span> <span class='ocrx_word' id='word_1_619' title='bbox 1081 4567 1238 4638; x_wconf 78' lang='grc' dir='ltr'><strong>ἡμῶν</strong></span> <span class='ocrx_word' id='word_1_620' title='bbox 1265 4565 1390 4619; x_wconf 93' lang='grc' dir='ltr'><strong>νοῦν</strong></span> <span class='ocrx_word' id='word_1_621' title='bbox 1420 4564 1533 4634; x_wconf 74' lang='grc' dir='ltr'><strong>ἔχει</strong></span> <span class='ocrx_word' id='word_1_622' title='bbox 1574 4562 1774 4633; x_wconf 82' lang='grc' dir='ltr'><strong>μᾶλλον</strong></span> <span class='ocrx_word' id='word_1_623' title='bbox 1799 4563 1892 4632; x_wconf 80' lang='grc' dir='ltr'><strong>ἐρ-</strong></span> 
     </span>
    </p>
   </div>
   <div class='ocr_carea' id='block_1_85' title="bbox 314 4653 1888 4737">
    <p class='ocr_par' dir='ltr' id='par_1_85' title="bbox 314 4653 1888 4737">
     <span class='ocr_line' id='line_1_86' title="bbox 314 4653 1888 4737; baseline -0.008 -20"><span class='ocrx_word' id='word_1_624' title='bbox 314 4663 596 4737; x_wconf 72' lang='grc' dir='ltr'><strong>ρωμένον,</strong></span> <span class='ocrx_word' id='word_1_625' title='bbox 648 4664 760 4725; x_wconf 81' lang='grc' dir='ltr'><strong>τοῖς</strong></span> <span class='ocrx_word' id='word_1_626' title='bbox 797 4658 1184 4728; x_wconf 83' lang='grc' dir='ltr'><strong>ἐντυγχάνουσι</strong></span> <span class='ocrx_word' id='word_1_627' title='bbox 1221 4653 1628 4722; x_wconf 79' lang='grc' dir='ltr'><strong>καταλελείφθω</strong></span> <span class='ocrx_word' id='word_1_628' title='bbox 1663 4653 1888 4723; x_wconf 88' lang='grc' dir='ltr'><strong>κρίνειν.</strong></span> 
     </span>
    </p>
   </div>
   <div class='ocr_carea' id='block_1_86' title="bbox 623 4852 1578 4927">
    <p class='ocr_par' dir='ltr' id='par_1_86' title="bbox 623 4852 1578 4927">
     <span class='ocr_line' id='line_1_87' title="bbox 623 4852 1578 4927; baseline -0.014 -9"><span class='ocrx_word' id='word_1_629' title='bbox 623 4863 782 4918; x_wconf 74' lang='grc' dir='ltr'><strong>ΡΖΒν.</strong></span> <span class='ocrx_word' id='word_1_630' title='bbox 816 4891 882 4902; x_wconf 91' lang='grc'><strong><em>-</em></strong></span> <span class='ocrx_word' id='word_1_631' title='bbox 911 4854 1238 4927; x_wconf 53' lang='lat' dir='ltr'><strong>Apuanos</strong></span> <span class='ocrx_word' id='word_1_632' title='bbox 1267 4852 1578 4924; x_wconf 79' lang='grc' dir='ltr'><strong>ΣΟΦΙΣΤῌ.</strong></span> 
     </span>
    </p>
   </div>
   <div class='ocr_carea' id='block_1_87' title="bbox 1998 4564 3571 4632">
    <p class='ocr_par' dir='ltr' id='par_1_87' title="bbox 1998 4564 3571 4632">
     <span class='ocr_line' id='line_1_88' title="bbox 1998 4564 3571 4632; baseline 0.004 -14"><span class='ocrx_word' id='word_1_633' title='bbox 1998 4564 2199 4629; x_wconf 84' lang='lat' dir='ltr'><strong>colere,</strong></span> <span class='ocrx_word' id='word_1_634' title='bbox 2230 4581 2393 4632; x_wconf 88' lang='lat' dir='ltr'><strong>quam</strong></span> <span class='ocrx_word' id='word_1_635' title='bbox 2428 4582 2620 4621; x_wconf 87' lang='lat' dir='ltr'><strong>omnes</strong></span> <span class='ocrx_word' id='word_1_636' title='bbox 2652 4581 2829 4629; x_wconf 86' lang='lat' dir='ltr'><strong>nosse,</strong></span> <span class='ocrx_word' id='word_1_637' title='bbox 2855 4576 2907 4619; x_wconf 89' lang='lat' dir='ltr'><strong>et</strong></span> <span class='ocrx_word' id='word_1_638' title='bbox 2931 4567 3182 4621; x_wconf 91' lang='lat' dir='ltr'><strong>omnibus</strong></span> <span class='ocrx_word' id='word_1_639' title='bbox 3212 4579 3396 4623; x_wconf 89' lang='lat' dir='ltr'><strong>notum</strong></span> <span class='ocrx_word' id='word_1_640' title='bbox 3430 4584 3571 4625; x_wconf 86' lang='lat' dir='ltr'><strong>esse.</strong></span> 
     </span>
    </p>
   </div>
   <div class='ocr_carea' id='block_1_88' title="bbox 2001 4652 3577 4732">
    <p class='ocr_par' dir='ltr' id='par_1_88' title="bbox 2001 4652 3577 4732">
     <span class='ocr_line' id='line_1_89' title="bbox 2001 4652 3577 4732; baseline 0.004 -24"><span class='ocrx_word' id='word_1_641' title='bbox 2001 4652 2132 4708; x_wconf 90' lang='lat' dir='ltr'><strong>Uter</strong></span> <span class='ocrx_word' id='word_1_642' title='bbox 2160 4654 2323 4725; x_wconf 80' lang='lat' dir='ltr'><strong>igitur</strong></span> <span class='ocrx_word' id='word_1_643' title='bbox 2369 4668 2613 4712; x_wconf 88' lang='lat' dir='ltr'><strong>nostrum</strong></span> <span class='ocrx_word' id='word_1_644' title='bbox 2655 4657 2846 4712; x_wconf 89' lang='lat' dir='ltr'><strong>melius</strong></span> <span class='ocrx_word' id='word_1_645' title='bbox 2887 4657 3114 4724; x_wconf 75' lang='lat' dir='ltr'><strong>iudicet,</strong></span> <span class='ocrx_word' id='word_1_646' title='bbox 3152 4658 3327 4716; x_wconf 83' lang='lat' dir='ltr'><strong>cuivis</strong></span> <span class='ocrx_word' id='word_1_647' title='bbox 3376 4659 3577 4732; x_wconf 79' lang='lat' dir='ltr'><strong>dijudi-</strong></span> 
     </span>
    </p>
   </div>
   <div class='ocr_carea' id='block_1_89' title="bbox 1997 4744 2528 4816">
    <p class='ocr_par' dir='ltr' id='par_1_89' title="bbox 1997 4744 2528 4816">
     <span class='ocr_line' id='line_1_90' title="bbox 1997 4744 2528 4816; baseline 0.002 -18"><span class='ocrx_word' id='word_1_648' title='bbox 1997 4744 2227 4799; x_wconf 89' lang='lat' dir='ltr'><strong>candum</strong></span> <span class='ocrx_word' id='word_1_649' title='bbox 2264 4745 2528 4816; x_wconf 86' lang='lat' dir='ltr'><strong>relinquo.</strong></span> 
     </span>
    </p>
   </div>
   <div class='ocr_carea' id='block_1_90' title="bbox 2201 4854 3356 4920">
    <p class='ocr_par' dir='ltr' id='par_1_90' title="bbox 2201 4854 3356 4920">
     <span class='ocr_line' id='line_1_91' title="bbox 2201 4854 3356 4920; baseline 0.009 -10"><span class='ocrx_word' id='word_1_650' title='bbox 2201 4854 2404 4913; x_wconf 77' lang='lat' dir='ltr'><strong>CLXII.</strong></span> <span class='ocrx_word' id='word_1_651' title='bbox 2432 4885 2505 4898; x_wconf 92' lang='lat'><strong>--</strong></span> <span class='ocrx_word' id='word_1_652' title='bbox 2534 4855 2932 4916; x_wconf 65' lang='lat' dir='ltr'><strong>IIARPOCRE</strong></span> <span class='ocrx_word' id='word_1_653' title='bbox 2967 4858 3356 4920; x_wconf 67' lang='lat' dir='ltr'><strong>SOPIIIS’I‘E.</strong></span> 
     </span>
    </p>
   </div>
   <div class='ocr_carea' id='block_1_91' title="bbox 306 4949 3574 5024">
    <p class='ocr_par' dir='ltr' id='par_1_91' title="bbox 306 4949 3574 5024">
     <span class='ocr_line' id='line_1_92' title="bbox 306 4949 3574 5024; baseline -0.002 -6"><span class='ocrx_word' id='word_1_654' title='bbox 306 4961 394 5018; x_wconf 83' lang='lat' dir='ltr'><strong>De</strong></span> <span class='ocrx_word' id='word_1_655' title='bbox 428 4960 595 5014; x_wconf 82' lang='lat' dir='ltr'><strong>tribus</strong></span> <span class='ocrx_word' id='word_1_656' title='bbox 630 4958 750 5010; x_wconf 71' lang='lat' dir='ltr'><strong>vitae</strong></span> <span class='ocrx_word' id='word_1_657' title='bbox 782 4953 1464 5024; x_wconf 56' lang='lat' dir='ltr'><strong>Christianmnecessariis,</strong></span> <span class='ocrx_word' id='word_1_658' title='bbox 1493 4950 1750 5024; x_wconf 69' lang='lat' dir='ltr'><strong>oratione,</strong></span> <span class='ocrx_word' id='word_1_659' title='bbox 1783 4949 1996 5015; x_wconf 84' lang='lat' dir='ltr'><strong>uirtute,</strong></span> <span class='ocrx_word' id='word_1_660' title='bbox 2031 4965 2096 5004; x_wconf 82' lang='lat' dir='ltr'><strong>ac</strong></span> <span class='ocrx_word' id='word_1_661' title='bbox 2121 4950 2244 5024; x_wconf 56' lang='lat' dir='ltr'><strong>ﬁde,</strong></span> <span class='ocrx_word' id='word_1_662' title='bbox 2273 4963 2335 5024; x_wconf 71' lang='lat' dir='ltr'><strong>ut</strong></span> <span class='ocrx_word' id='word_1_663' title='bbox 2357 4969 2514 5019; x_wconf 83' lang='lat' dir='ltr'><strong>opera</strong></span> <span class='ocrx_word' id='word_1_664' title='bbox 2551 4970 2754 5024; x_wconf 67' lang='lat' dir='ltr'><strong>corpus</strong></span> <span class='ocrx_word' id='word_1_665' title='bbox 2776 4965 2930 5011; x_wconf 84' lang='lat' dir='ltr'><strong>sunt:</strong></span> <span class='ocrx_word' id='word_1_666' title='bbox 2960 4956 3112 5024; x_wconf 84' lang='lat' dir='ltr'><strong>ﬁdes,</strong></span> <span class='ocrx_word' id='word_1_667' title='bbox 3149 4957 3366 5020; x_wconf 83' lang='lat' dir='ltr'><strong>animo;</strong></span> <span class='ocrx_word' id='word_1_668' title='bbox 3402 4959 3574 5012; x_wconf 83' lang='lat' dir='ltr'><strong>oratio</strong></span> 
     </span>
    </p>
   </div>
   <div class='ocr_carea' id='block_1_92' title="bbox 388 5012 3568 5095">
    <p class='ocr_par' dir='ltr' id='par_1_92' title="bbox 388 5012 3568 5095">
     <span class='ocr_line' id='line_1_93' title="bbox 388 5012 3568 5095; baseline -0.001 -13"><span class='ocrx_word' id='word_1_669' title='bbox 388 5012 504 5084; x_wconf 77' lang='lat' dir='ltr'><strong>vero</strong></span> <span class='ocrx_word' id='word_1_670' title='bbox 557 5036 796 5080; x_wconf 87' lang='lat' dir='ltr'><strong>ornatus.</strong></span> <span class='ocrx_word' id='word_1_671' title='bbox 825 5024 930 5095; x_wconf 40' lang='lat' dir='ltr'><strong>ait!</strong></span> <span class='ocrx_word' id='word_1_672' title='bbox 957 5021 1255 5095; x_wconf 16' lang='lat' dir='ltr'><strong>d_uog_l&quot;at_tlt&#39;</strong></span> <span class='ocrx_word' id='word_1_673' title='bbox 1291 5024 1452 5095; x_wconf 51' lang='lat' dir='ltr'><strong>loga:</strong></span> <span class='ocrx_word' id='word_1_674' title='bbox 1493 5038 1513 5071; x_wconf 83' lang='grc' dir='ltr'><strong>ι</strong></span> <span class='ocrx_word' id='word_1_675' title='bbox 1547 5020 1679 5095; x_wconf 53' lang='lat' dir='ltr'><strong>[fide</strong></span> <span class='ocrx_word' id='word_1_676' title='bbox 1719 5012 2068 5095; x_wconf 68' lang='lat' dir='ltr'><strong>et__sermoite.</strong></span> <span class='ocrx_word' id='word_1_677' title='bbox 2101 5012 2130 5072; x_wconf 74' lang='grc' dir='ltr'><strong>ι’</strong></span> <span class='ocrx_word' id='word_1_678' title='bbox 2158 5012 2244 5090; x_wconf 79' lang='lat' dir='ltr'><strong>(Il</strong></span> <span class='ocrx_word' id='word_1_679' title='bbox 2296 5012 2423 5095; x_wconf 57' lang='lat' dir='ltr'><strong>Cor.</strong></span> <span class='ocrx_word' id='word_1_680' title='bbox 2468 5039 2561 5088; x_wconf 87' lang='lat' dir='ltr'><strong>vtt,</strong></span> <span class='ocrx_word' id='word_1_681' title='bbox 2604 5012 2682 5095; x_wconf 47' lang='lat'><strong>8_&#39;.)</strong></span> <span class='ocrx_word' id='word_1_682' title='bbox 2731 5020 2799 5095; x_wconf 65' lang='lat' dir='ltr'><strong>Et</strong></span> <span class='ocrx_word' id='word_1_683' title='bbox 2824 5041 2842 5078; x_wconf 93' lang='lat'><em>:</em></span> <span class='ocrx_word' id='word_1_684' title='bbox 2880 5043 2898 5075; x_wconf 83' lang='grc' dir='ltr'><strong>ι</strong></span> <span class='ocrx_word' id='word_1_685' title='bbox 2943 5012 3111 5095; x_wconf 72' lang='grc' dir='ltr'><strong>Ορετέ</strong></span> <span class='ocrx_word' id='word_1_686' title='bbox 3156 5036 3206 5080; x_wconf 85' lang='lat' dir='ltr'><strong>et</strong></span> <span class='ocrx_word' id='word_1_687' title='bbox 3260 5012 3515 5081; x_wconf 67' lang='lat' dir='ltr'><strong>sermone.</strong></span> <span class='ocrx_word' id='word_1_688' title='bbox 3550 5047 3568 5078; x_wconf 77' lang='grc' dir='ltr'><strong>ι</strong></span> 
     </span>
    </p>
   </div>
   <div class='ocr_carea' id='block_1_93' title="bbox 385 5089 3220 5169">
    <p class='ocr_par' dir='ltr' id='par_1_93' title="bbox 385 5089 3220 5169">
     <span class='ocr_line' id='line_1_94' title="bbox 385 5089 3220 5169; baseline 0 -16"><span class='ocrx_word' id='word_1_689' title='bbox 385 5097 472 5169; x_wconf 84' lang='grc' dir='ltr'><strong>(ΙΙ</strong></span> <span class='ocrx_word' id='word_1_690' title='bbox 505 5096 686 5152; x_wconf 85' lang='lat' dir='ltr'><strong>Thess.</strong></span> <span class='ocrx_word' id='word_1_691' title='bbox 721 5111 782 5159; x_wconf 90' lang='lat' dir='ltr'><strong>Il,</strong></span> <span class='ocrx_word' id='word_1_692' title='bbox 817 5093 930 5162; x_wconf 81' lang='lat' dir='ltr'><strong>I7.)</strong></span> <span class='ocrx_word' id='word_1_693' title='bbox 961 5092 1026 5145; x_wconf 86' lang='lat' dir='ltr'><strong>Et</strong></span> <span class='ocrx_word' id='word_1_694' title='bbox 1064 5091 1238 5146; x_wconf 80' lang='lat' dir='ltr'><strong>illud:</strong></span> <span class='ocrx_word' id='word_1_695' title='bbox 1273 5109 1292 5143; x_wconf 83' lang='grc' dir='ltr'><strong>ι</strong></span> <span class='ocrx_word' id='word_1_696' title='bbox 1323 5089 1484 5145; x_wconf 80' lang='lat' dir='ltr'><strong>Fides</strong></span> <span class='ocrx_word' id='word_1_697' title='bbox 1513 5091 1626 5144; x_wconf 86' lang='lat' dir='ltr'><strong>sine</strong></span> <span class='ocrx_word' id='word_1_698' title='bbox 1648 5091 1890 5159; x_wconf 83' lang='lat' dir='ltr'><strong>operibus</strong></span> <span class='ocrx_word' id='word_1_699' title='bbox 1915 5099 2124 5144; x_wconf 84' lang='lat' dir='ltr'><strong>mortua</strong></span> <span class='ocrx_word' id='word_1_700' title='bbox 2152 5089 2250 5146; x_wconf 79' lang='lat' dir='ltr'><strong>est.</strong></span> <span class='ocrx_word' id='word_1_701' title='bbox 2293 5109 2314 5144; x_wconf 69' lang='grc' dir='ltr'><strong>ι</strong></span> <span class='ocrx_word' id='word_1_702' title='bbox 2349 5091 2489 5163; x_wconf 80' lang='lat' dir='ltr'><strong>(Jac.</strong></span> <span class='ocrx_word' id='word_1_703' title='bbox 2524 5109 2585 5156; x_wconf 89' lang='lat' dir='ltr'><strong>tt,</strong></span> <span class='ocrx_word' id='word_1_704' title='bbox 2612 5089 2690 5165; x_wconf 87' lang='lat'><strong>7.)</strong></span> <span class='ocrx_word' id='word_1_705' title='bbox 2723 5093 2881 5164; x_wconf 82' lang='lat' dir='ltr'><strong>Conf.</strong></span> <span class='ocrx_word' id='word_1_706' title='bbox 2912 5089 3064 5163; x_wconf 83' lang='lat' dir='ltr'><strong>epist.</strong></span> <span class='ocrx_word' id='word_1_707' title='bbox 3090 5096 3220 5154; x_wconf 72' lang='lat'><strong>28!.</strong></span> 
     </span>
    </p>
   </div>
   <div class='ocr_carea' id='block_1_94' title="bbox 383 5217 1885 5294">
    <p class='ocr_par' dir='ltr' id='par_1_94' title="bbox 383 5217 1885 5294">
     <span class='ocr_line' id='line_1_95' title="bbox 383 5217 1885 5294; baseline -0.007 -14"><span class='ocrx_word' id='word_1_708' title='bbox 383 5227 536 5280; x_wconf 84' lang='grc' dir='ltr'><strong>Θεῖον</strong></span> <span class='ocrx_word' id='word_1_709' title='bbox 581 5225 682 5294; x_wconf 87' lang='grc' dir='ltr'><strong>μέν</strong></span> <span class='ocrx_word' id='word_1_710' title='bbox 710 5240 790 5276; x_wconf 86' lang='grc' dir='ltr'><strong>τοι</strong></span> <span class='ocrx_word' id='word_1_711' title='bbox 823 5221 1014 5292; x_wconf 79' lang='grc' dir='ltr'><strong>χρῆμα</strong></span> <span class='ocrx_word' id='word_1_712' title='bbox 1041 5221 1071 5272; x_wconf 82' lang='grc' dir='ltr'><strong>ό</strong></span> <span class='ocrx_word' id='word_1_713' title='bbox 1108 5219 1265 5286; x_wconf 85' lang='grc' dir='ltr'><strong>λόγος</strong></span> <span class='ocrx_word' id='word_1_714' title='bbox 1285 5236 1298 5249; x_wconf 78' lang='grc' dir='ltr'><strong>ο</strong></span> <span class='ocrx_word' id='word_1_715' title='bbox 1338 5218 1480 5272; x_wconf 86' lang='grc' dir='ltr'><strong>θεῖον</strong></span> <span class='ocrx_word' id='word_1_716' title='bbox 1510 5219 1618 5290; x_wconf 91' lang='grc' dir='ltr'><strong>γάρ</strong></span> <span class='ocrx_word' id='word_1_717' title='bbox 1646 5221 1760 5272; x_wconf 80' lang='grc' dir='ltr'><strong>ἐστι</strong></span> <span class='ocrx_word' id='word_1_718' title='bbox 1789 5217 1885 5270; x_wconf 82' lang='grc' dir='ltr'><strong>δῶ-</strong></span> 
     </span>
    </p>
   </div>
   <div class='ocr_carea' id='block_1_95' title="bbox 311 5306 1890 5390">
    <p class='ocr_par' dir='ltr' id='par_1_95' title="bbox 311 5306 1890 5390">
     <span class='ocr_line' id='line_1_96' title="bbox 311 5306 1890 5390; baseline -0.008 -19"><span class='ocrx_word' id='word_1_719' title='bbox 311 5334 438 5390; x_wconf 81' lang='grc' dir='ltr'><strong>ρον,</strong></span> <span class='ocrx_word' id='word_1_720' title='bbox 471 5316 565 5369; x_wconf 73' lang='grc' dir='ltr'><strong>καὶ</strong></span> <span class='ocrx_word' id='word_1_721' title='bbox 610 5316 670 5367; x_wconf 82' lang='grc' dir='ltr'><strong>ὲκ</strong></span> <span class='ocrx_word' id='word_1_722' title='bbox 713 5310 938 5379; x_wconf 80' lang='grc' dir='ltr'><strong>λογικῆς</strong></span> <span class='ocrx_word' id='word_1_723' title='bbox 973 5309 1296 5378; x_wconf 82' lang='grc' dir='ltr'><strong>τικτόμενον</strong></span> <span class='ocrx_word' id='word_1_724' title='bbox 1343 5308 1552 5379; x_wconf 68' lang='grc' dir='ltr'><strong>ψυχῆς,</strong></span> <span class='ocrx_word' id='word_1_725' title='bbox 1596 5308 1664 5360; x_wconf 78' lang='grc' dir='ltr'><strong>δι’</strong></span> <span class='ocrx_word' id='word_1_726' title='bbox 1698 5307 1762 5377; x_wconf 76' lang='grc' dir='ltr'><strong>ἣν</strong></span> <span class='ocrx_word' id='word_1_727' title='bbox 1796 5306 1890 5360; x_wconf 77' lang='grc' dir='ltr'><strong>καὶ</strong></span> 
     </span>
    </p>
   </div>
   <div class='ocr_carea' id='block_1_96' title="bbox 305 5398 1892 5476">
    <p class='ocr_par' dir='ltr' id='par_1_96' title="bbox 305 5398 1892 5476">
     <span class='ocr_line' id='line_1_97' title="bbox 305 5398 1892 5476; baseline -0.008 -13"><span class='ocrx_word' id='word_1_728' title='bbox 305 5410 470 5476; x_wconf 84' lang='grc' dir='ltr'><strong>λόγος</strong></span> <span class='ocrx_word' id='word_1_729' title='bbox 514 5405 791 5460; x_wconf 80' lang='grc' dir='ltr'><strong>καλεῖται·</strong></span> <span class='ocrx_word' id='word_1_730' title='bbox 829 5401 1005 5472; x_wconf 75' lang='grc' dir='ltr'><strong>ψυχῆς</strong></span> <span class='ocrx_word' id='word_1_731' title='bbox 1036 5401 1144 5472; x_wconf 82' lang='grc' dir='ltr'><strong>γάρ</strong></span> <span class='ocrx_word' id='word_1_732' title='bbox 1191 5399 1416 5470; x_wconf 83' lang='grc' dir='ltr'><strong>λογικῆς</strong></span> <span class='ocrx_word' id='word_1_733' title='bbox 1463 5402 1578 5452; x_wconf 84' lang='grc' dir='ltr'><strong>ἐστι</strong></span> <span class='ocrx_word' id='word_1_734' title='bbox 1630 5398 1830 5461; x_wconf 80' lang='grc' dir='ltr'><strong>σκοπὸς</strong></span> <span class='ocrx_word' id='word_1_735' title='bbox 1863 5400 1892 5450; x_wconf 85' lang='grc' dir='ltr'>ὁ</span> 
     </span>
    </p>
   </div>
   <div class='ocr_carea' id='block_1_97' title="bbox 303 5485 1891 5564">
    <p class='ocr_par' dir='ltr' id='par_1_97' title="bbox 303 5485 1891 5564">
     <span class='ocr_line' id='line_1_98' title="bbox 303 5485 1891 5564; baseline -0.007 -14"><span class='ocrx_word' id='word_1_736' title='bbox 303 5495 492 5564; x_wconf 81' lang='grc' dir='ltr'><strong>λόγος.</strong></span> <span class='ocrx_word' id='word_1_737' title='bbox 539 5494 630 5546; x_wconf 67' lang='grc' dir='ltr'><strong>Διὸ</strong></span> <span class='ocrx_word' id='word_1_738' title='bbox 662 5492 755 5546; x_wconf 74' lang='grc' dir='ltr'><strong>καὶ</strong></span> <span class='ocrx_word' id='word_1_739' title='bbox 785 5490 894 5543; x_wconf 83' lang='grc' dir='ltr'><strong>τῶν</strong></span> <span class='ocrx_word' id='word_1_740' title='bbox 921 5489 1097 5543; x_wconf 83' lang='grc' dir='ltr'><strong>ἄλλων</strong></span> <span class='ocrx_word' id='word_1_741' title='bbox 1125 5487 1282 5551; x_wconf 80' lang='grc' dir='ltr'><strong>ζώων</strong></span> <span class='ocrx_word' id='word_1_742' title='bbox 1310 5489 1741 5559; x_wconf 83' lang='grc' dir='ltr'><strong>πλεονεκτοῦμεν</strong></span> <span class='ocrx_word' id='word_1_743' title='bbox 1760 5504 1773 5517; x_wconf 80' lang='grc'><strong><em>⁸</em></strong></span> <span class='ocrx_word' id='word_1_744' title='bbox 1816 5485 1891 5552; x_wconf 83' lang='grc' dir='ltr'><strong>ὡς</strong></span> 
     </span>
    </p>
   </div>
   <div class='ocr_carea' id='block_1_98' title="bbox 308 5577 1891 5654">
    <p class='ocr_par' dir='ltr' id='par_1_98' title="bbox 308 5577 1891 5654">
     <span class='ocr_line' id='line_1_99' title="bbox 308 5577 1891 5654; baseline -0.006 -13"><span class='ocrx_word' id='word_1_745' title='bbox 308 5589 423 5650; x_wconf 75' lang='grc' dir='ltr'><strong>τοῖς</strong></span> <span class='ocrx_word' id='word_1_746' title='bbox 450 5602 512 5654; x_wconf 85' lang='grc' dir='ltr'><strong>γε</strong></span> <span class='ocrx_word' id='word_1_747' title='bbox 542 5585 873 5654; x_wconf 76' lang='grc' dir='ltr'><strong>σωματικοῖς</strong></span> <span class='ocrx_word' id='word_1_748' title='bbox 897 5581 1332 5652; x_wconf 72' lang='grc' dir='ltr'><strong>πλεονεκτήμασι</strong></span> <span class='ocrx_word' id='word_1_749' title='bbox 1361 5582 1455 5634; x_wconf 81' lang='grc' dir='ltr'><strong>καὶ</strong></span> <span class='ocrx_word' id='word_1_750' title='bbox 1483 5580 1684 5650; x_wconf 82' lang='grc' dir='ltr'><strong>σφόδρα</strong></span> <span class='ocrx_word' id='word_1_751' title='bbox 1713 5577 1891 5634; x_wconf 77' lang='grc' dir='ltr'><strong>αὐτῶν</strong></span> 
     </span>
    </p>
   </div>
   <div class='ocr_carea' id='block_1_99' title="bbox 309 5672 1893 5748">
    <p class='ocr_par' dir='ltr' id='par_1_99' title="bbox 309 5672 1893 5748">
     <span class='ocr_line' id='line_1_100' title="bbox 309 5672 1893 5748; baseline -0.004 -15"><span class='ocrx_word' id='word_1_752' title='bbox 309 5677 614 5748; x_wconf 74' lang='grc' dir='ltr'><strong>λειπόμεθα</strong></span> <span class='ocrx_word' id='word_1_753' title='bbox 655 5677 747 5730; x_wconf 72' lang='grc' dir='ltr'><strong>καὶ</strong></span> <span class='ocrx_word' id='word_1_754' title='bbox 789 5676 979 5745; x_wconf 83' lang='grc' dir='ltr'><strong>τάχει,</strong></span> <span class='ocrx_word' id='word_1_755' title='bbox 1011 5674 1105 5727; x_wconf 79' lang='grc' dir='ltr'><strong>καὶ</strong></span> <span class='ocrx_word' id='word_1_756' title='bbox 1155 5672 1348 5746; x_wconf 80' lang='grc' dir='ltr'><strong>ῥώμῃ,</strong></span> <span class='ocrx_word' id='word_1_757' title='bbox 1379 5676 1470 5727; x_wconf 73' lang='grc' dir='ltr'><strong>καὶ</strong></span> <span class='ocrx_word' id='word_1_758' title='bbox 1500 5673 1754 5744; x_wconf 80' lang='grc' dir='ltr'><strong>μεγέθει,</strong></span> <span class='ocrx_word' id='word_1_759' title='bbox 1800 5675 1893 5727; x_wconf 79' lang='grc' dir='ltr'><strong>καὶ</strong></span> 
     </span>
    </p>
   </div>
   <div class='ocr_carea' id='block_1_100' title="bbox 640 5768 1428 5831">
    <p class='ocr_par' dir='ltr' id='par_1_100' title="bbox 640 5768 1428 5831">
     <span class='ocr_line' id='line_1_101' title="bbox 640 5768 1428 5831; baseline -0.005 0"><span class='ocrx_word' id='word_1_760' title='bbox 640 5773 908 5831; x_wconf 77' lang='grc' dir='ltr'><strong>ΡΑτιιοι.</strong></span> <span class='ocrx_word' id='word_1_761' title='bbox 943 5768 1062 5828; x_wconf 80' lang='lat' dir='ltr'><strong>Gn.</strong></span> <span class='ocrx_word' id='word_1_762' title='bbox 1101 5769 1428 5829; x_wconf 78' lang='lat' dir='ltr'><strong>LXXVIII.</strong></span> 
     </span>
    </p>
   </div>
   <div class='ocr_carea' id='block_1_101' title="bbox 2069 5222 3573 5294">
    <p class='ocr_par' dir='ltr' id='par_1_101' title="bbox 2069 5222 3573 5294">
     <span class='ocr_line' id='line_1_102' title="bbox 2069 5222 3573 5294; baseline 0.003 -18"><span class='ocrx_word' id='word_1_763' title='bbox 2069 5222 2260 5277; x_wconf 90' lang='lat' dir='ltr'><strong>Divina</strong></span> <span class='ocrx_word' id='word_1_764' title='bbox 2288 5223 2532 5294; x_wconf 65' lang='lat' dir='ltr'><strong>quaedam</strong></span> <span class='ocrx_word' id='word_1_765' title='bbox 2563 5239 2649 5278; x_wconf 91' lang='lat' dir='ltr'><strong>res</strong></span> <span class='ocrx_word' id='word_1_766' title='bbox 2673 5227 2848 5280; x_wconf 87' lang='lat' dir='ltr'><strong>oratio</strong></span> <span class='ocrx_word' id='word_1_767' title='bbox 2875 5235 2957 5281; x_wconf 91' lang='lat' dir='ltr'><strong>est</strong></span> <span class='ocrx_word' id='word_1_768' title='bbox 2992 5245 3006 5282; x_wconf 86' lang='lat'><strong>:</strong></span> <span class='ocrx_word' id='word_1_769' title='bbox 3036 5228 3234 5280; x_wconf 91' lang='lat' dir='ltr'><strong>donum</strong></span> <span class='ocrx_word' id='word_1_770' title='bbox 3258 5228 3400 5282; x_wconf 90' lang='lat' dir='ltr'><strong>enim</strong></span> <span class='ocrx_word' id='word_1_771' title='bbox 3433 5228 3573 5281; x_wconf 78' lang='lat' dir='ltr'><strong>diri-</strong></span> 
     </span>
    </p>
   </div>
   <div class='ocr_carea' id='block_1_102' title="bbox 1992 5318 3569 5389">
    <p class='ocr_par' dir='ltr' id='par_1_102' title="bbox 1992 5318 3569 5389">
     <span class='ocr_line' id='line_1_103' title="bbox 1992 5318 3569 5389; baseline 0.005 -22"><span class='ocrx_word' id='word_1_772' title='bbox 1992 5331 2120 5368; x_wconf 92' lang='lat' dir='ltr'><strong>num</strong></span> <span class='ocrx_word' id='word_1_773' title='bbox 2156 5323 2258 5376; x_wconf 84' lang='lat' dir='ltr'><strong>est,</strong></span> <span class='ocrx_word' id='word_1_774' title='bbox 2311 5326 2366 5369; x_wconf 93' lang='lat' dir='ltr'><strong>et</strong></span> <span class='ocrx_word' id='word_1_775' title='bbox 2427 5330 2492 5370; x_wconf 78' lang='lat' dir='ltr'><strong>ex</strong></span> <span class='ocrx_word' id='word_1_776' title='bbox 2547 5318 2728 5371; x_wconf 86' lang='lat' dir='ltr'><strong>anima</strong></span> <span class='ocrx_word' id='word_1_777' title='bbox 2771 5320 2982 5374; x_wconf 87' lang='lat' dir='ltr'><strong>ratione</strong></span> <span class='ocrx_word' id='word_1_778' title='bbox 3021 5321 3244 5388; x_wconf 63' lang='lat' dir='ltr'><strong>praedita</strong></span> <span class='ocrx_word' id='word_1_779' title='bbox 3293 5321 3569 5389; x_wconf 84' lang='lat' dir='ltr'><strong>genitum;</strong></span> 
     </span>
    </p>
   </div>
   <div class='ocr_carea' id='block_1_103' title="bbox 1992 5403 3568 5472">
    <p class='ocr_par' dir='ltr' id='par_1_103' title="bbox 1992 5403 3568 5472">
     <span class='ocr_line' id='line_1_104' title="bbox 1992 5403 3568 5472; baseline 0.003 -16"><span class='ocrx_word' id='word_1_780' title='bbox 1992 5404 2136 5458; x_wconf 91' lang='lat' dir='ltr'><strong>unde</strong></span> <span class='ocrx_word' id='word_1_781' title='bbox 2168 5411 2222 5458; x_wconf 91' lang='lat' dir='ltr'><strong>et</strong></span> <span class='ocrx_word' id='word_1_782' title='bbox 2261 5403 2421 5472; x_wconf 86' lang='grc' dir='ltr'><strong>λόγος</strong></span> <span class='ocrx_word' id='word_1_783' title='bbox 2447 5405 2606 5460; x_wconf 86' lang='lat' dir='ltr'><strong>dicta.</strong></span> <span class='ocrx_word' id='word_1_784' title='bbox 2639 5404 2774 5460; x_wconf 82' lang='lat' dir='ltr'><strong>Nam</strong></span> <span class='ocrx_word' id='word_1_785' title='bbox 2798 5410 2974 5463; x_wconf 86' lang='lat' dir='ltr'><strong>oratio</strong></span> <span class='ocrx_word' id='word_1_786' title='bbox 2995 5423 3091 5462; x_wconf 86' lang='lat' dir='ltr'><strong>seu</strong></span> <span class='ocrx_word' id='word_1_787' title='bbox 3118 5422 3300 5462; x_wconf 89' lang='lat' dir='ltr'><strong>sermo</strong></span> <span class='ocrx_word' id='word_1_788' title='bbox 3328 5409 3568 5462; x_wconf 80' lang='lat' dir='ltr'><strong>rationa-</strong></span> 
     </span>
    </p>
   </div>
   <div class='ocr_carea' id='block_1_104' title="bbox 1992 5495 3568 5567">
    <p class='ocr_par' dir='ltr' id='par_1_104' title="bbox 1992 5495 3568 5567">
     <span class='ocr_line' id='line_1_105' title="bbox 1992 5495 3568 5567; baseline 0.003 -19"><span class='ocrx_word' id='word_1_789' title='bbox 1992 5495 2058 5550; x_wconf 85' lang='lat' dir='ltr'><strong>lis</strong></span> <span class='ocrx_word' id='word_1_790' title='bbox 2092 5503 2176 5551; x_wconf 85' lang='lat' dir='ltr'><strong>est</strong></span> <span class='ocrx_word' id='word_1_791' title='bbox 2198 5496 2393 5551; x_wconf 71' lang='lat' dir='ltr'><strong>anima:</strong></span> <span class='ocrx_word' id='word_1_792' title='bbox 2438 5497 2770 5567; x_wconf 79' lang='lat' dir='ltr'><strong>explorator.</strong></span> <span class='ocrx_word' id='word_1_793' title='bbox 2801 5499 2976 5565; x_wconf 88' lang='lat' dir='ltr'><strong>Quare</strong></span> <span class='ocrx_word' id='word_1_794' title='bbox 3010 5508 3065 5553; x_wconf 89' lang='lat' dir='ltr'><strong>et</strong></span> <span class='ocrx_word' id='word_1_795' title='bbox 3111 5499 3214 5567; x_wconf 70' lang='lat' dir='ltr'><strong>alia</strong></span> <span class='ocrx_word' id='word_1_796' title='bbox 3273 5499 3568 5555; x_wconf 78' lang='lat' dir='ltr'><strong>animantia</strong></span> 
     </span>
    </p>
   </div>
   <div class='ocr_carea' id='block_1_105' title="bbox 1991 5589 3567 5662">
    <p class='ocr_par' dir='ltr' id='par_1_105' title="bbox 1991 5589 3567 5662">
     <span class='ocr_line' id='line_1_106' title="bbox 1991 5589 3567 5662; baseline 0.001 -21"><span class='ocrx_word' id='word_1_797' title='bbox 1991 5601 2334 5656; x_wconf 86' lang='lat' dir='ltr'><strong>superamus,</strong></span> <span class='ocrx_word' id='word_1_798' title='bbox 2365 5604 2487 5659; x_wconf 78' lang='lat' dir='ltr'><strong>qua:</strong></span> <span class='ocrx_word' id='word_1_799' title='bbox 2517 5597 2573 5645; x_wconf 92' lang='lat' dir='ltr'><strong>et</strong></span> <span class='ocrx_word' id='word_1_800' title='bbox 2605 5594 2850 5662; x_wconf 84' lang='lat' dir='ltr'><strong>corporis</strong></span> <span class='ocrx_word' id='word_1_801' title='bbox 2880 5606 2976 5645; x_wconf 89' lang='lat' dir='ltr'><strong>nos</strong></span> <span class='ocrx_word' id='word_1_802' title='bbox 2994 5592 3216 5646; x_wconf 87' lang='lat' dir='ltr'><strong>vincunt</strong></span> <span class='ocrx_word' id='word_1_803' title='bbox 3235 5589 3567 5654; x_wconf 86' lang='lat' dir='ltr'><strong>conditione,</strong></span> 
     </span>
    </p>
   </div>
   <div class='ocr_carea' id='block_1_106' title="bbox 1994 5679 3569 5756">
    <p class='ocr_par' dir='ltr' id='par_1_106' title="bbox 1994 5679 3569 5756">
     <span class='ocr_line' id='line_1_107' title="bbox 1994 5679 3569 5756; baseline 0.004 -24"><span class='ocrx_word' id='word_1_804' title='bbox 1994 5679 2255 5751; x_wconf 84' lang='lat' dir='ltr'><strong>valdeque</strong></span> <span class='ocrx_word' id='word_1_805' title='bbox 2297 5696 2328 5734; x_wconf 87' lang='lat' dir='ltr'><strong>a</strong></span> <span class='ocrx_word' id='word_1_806' title='bbox 2361 5689 2512 5751; x_wconf 88' lang='lat' dir='ltr'><strong>tergo</strong></span> <span class='ocrx_word' id='word_1_807' title='bbox 2565 5697 2676 5739; x_wconf 73' lang='lat' dir='ltr'><strong>nos</strong></span> <span class='ocrx_word' id='word_1_808' title='bbox 2719 5686 3050 5756; x_wconf 82' lang='lat' dir='ltr'><strong>relinquunt,</strong></span> <span class='ocrx_word' id='word_1_809' title='bbox 3107 5693 3166 5738; x_wconf 76' lang='lat' dir='ltr'><strong>ut.</strong></span> <span class='ocrx_word' id='word_1_810' title='bbox 3200 5682 3464 5753; x_wconf 79' lang='lat' dir='ltr'><strong>agilitate,</strong></span> <span class='ocrx_word' id='word_1_811' title='bbox 3504 5697 3569 5738; x_wconf 82' lang='lat' dir='ltr'><strong>ac</strong></span> 
     </span>
    </p>
   </div>
   <div class='ocr_carea' id='block_1_107' title="bbox 3167 5775 3242 5835">
    <p class='ocr_par' dir='ltr' id='par_1_107' title="bbox 3167 5775 3242 5835">
     <span class='ocr_line' id='line_1_108' title="bbox 3167 5775 3242 5835; baseline 0 0"><span class='ocrx_word' id='word_1_812' title='bbox 3167 5775 3242 5835; x_wconf 77' lang='grc'><strong>45</strong></span> 
     </span>
    </p>
   </div>
  </div>
