4070 6382
535 285 668 352 lil9

1719 293 1780 355 S.
1825 289 2115 352 ISIDORI
2151 286 2584 349 PELUSIOTJE

3613 270 3727 359 nio

534 401 766 467 robore,
816 409 872 456 et
903 402 1082 472 mole,
1132 404 1358 474 aliisque
1411 403 1522 458 lere
1571 403 1784 460 dotibus
1832 403 2094 458 omnibus.

2207 403 2316 464 τοῖς
2345 401 2522 464 ἄλλοις
2556 401 2739 471 σχεδὸν
2774 402 2962 454 ἅπασι.
2996 399 3085 453 Διὸ
3111 402 3203 454 καὶ
3228 400 3332 455 τῶν
3354 404 3572 475 ποιητῶν
3601 409 3626 460 ὁ
3652 427 3727 463 κο-

531 490 892 556 Quamobrem
919 502 971 547 et
1000 503 1280 562 poetarum
1314 494 1564 562 princeps
1591 491 1667 546 ait
1698 509 1712 544 :

673 604 772 659 Nil
799 605 1008 659 homine
1032 605 1084 658 in
1115 604 1267 659 terris
1296 603 1607 658 imbecillius
1631 605 1794 656 omni.

605 719 811 775 Donum
836 733 964 774 vero
983 718 1075 773 Dei
1097 733 1216 773 esse
1234 716 1446 773 dicendi
1467 720 1752 782 rationem,
1787 716 1908 770 audi
1929 716 2102 770 disse-

532 821 739 868 rentem
760 826 882 867 cum
917 811 1025 866 Deo
1045 811 1273 866 .lobum:
1311 828 1330 860 ι
1371 809 1467 865 Vel
1496 820 1550 864 tu
1579 811 1850 880 pulverem
1881 809 1932 862 in
1961 817 2101 862 terra

530 901 747 971 capiens
801 900 1002 954 animal
1051 899 1320 966 formasti,
1370 908 1424 952 ct
1492 899 1796 968 loquentem
1856 898 1907 951 in
1957 909 2100 950 terra

530 992 801 1050 collocasti
839 993 904 1047 ".
963 1010 982 1043 ι
1016 991 1150 1046 lllud
1185 992 1325 1044 enim
1357 990 1608 1060 λαλητὸν,
1631 992 1731 1045 etsi
1767 988 1982 1058 quidam
2006 1003 2102 1058 pro

529 1085 698 1140 vocali
729 1093 1027 1154 exponunt,
1063 1083 1336 1153 signiﬁcat
1385 1094 1562 1136 tamen
1596 1081 1854 1136 rationale
1900 1081 2098 1150 potius,

529 1179 671 1246 quod
702 1176 952 1246 loquendi
989 1175 1039 1228 vi
1089 1175 1406 1245 percipitur.
1445 1173 1548 1240 Qui
1578 1175 1721 1229 enim
1751 1173 1934 1228 vocale
1972 1174 2101 1242 quid

529 1270 641 1336 ﬁet,
673 1269 775 1323 nisi
813 1270 884 1324 sit
906 1268 995 1338 qui
1029 1268 1401 1322 ratiocinando
1428 1282 1583 1322 sensa
1608 1269 1802 1320 mentis
1831 1264 2102 1335 explicet?

528 1362 594 1417 Et
625 1373 846 1418 sanctus
877 1360 1078 1415 Paulus
1118 1375 1386 1414 summum
1440 1359 1582 1413 inter
1621 1359 1953 1412 charismata
1989 1370 2099 1411 cm-

530 1454 682 1510 Iestia
718 1452 997 1523 sapientiae
1023 1450 1322 1506 orationem
1351 1449 1598 1504 collocat.
1654 1448 1760 1504 [les
1809 1451 1988 1518 ilaque
2015 1449 2099 1502 di-

530 1544 650 1596 vina
681 1542 856 1597 oratio
883 1550 985 1604 est,
1020 1549 1075 1594 at
1103 1540 1276 1594 virtus
1307 1540 1541 1595 divinior
1567 1549 1654 1594 est
1695 1557 1709 1593 :
1761 1539 2096 1594 divinissima

528 1644 656 1684 vero
681 1629 834 1684 ﬁdes.
865 1628 1103 1682 Primum
1138 1626 1435 1680 orationem
1467 1624 1682 1695 quidem
1724 1640 1922 1680 censeo
1954 1626 2098 1679 velut

2206 497 2432 566 ρυφαῖος
2468 493 2569 564 ἔφη
2591 511 2602 524 ·

2207 605 2399 660 οὐδὲν
2431 605 2812 674 ἀκιδνότερον
2855 607 2990 676 γαῖα
3028 608 3226 677 τρέφει
3269 610 3580 678 ἀνθρώποιο
3614 613 3730 686 (i8).

2205 719 2326 771 Ὀτι
2373 718 2430 772 δὲ
2475 717 2618 770 θεῖόν
2662 717 2776 771 ἔστι
2820 717 3026 788 δῶρον,
3063 717 3228 772 ἄκουε
3279 717 3370 772 τοῦ
3421 721 3733 793 Δημιουργοῡ

2202 809 2276 880 τῷ
2313 808 2432 862 ’1ὼὸ
2455 808 2836 879 διαλεγομένου
2859 825 2872 838 ο
2905 811 3005 862 «Ἦ
3039 810 3102 861 σὺ
3133 808 3310 862 λαϐὼν
3338 809 3461 878 χοῦν
3501 812 3600 864 ἀπὸ
3626 815 3734 882 γῆς,

2206 898 2448 960 ἔπλασας
2479 897 2640 963 ζῶον,
2660 899 2751 950 καὶ
2771 897 3000 968 λαλητὸν
3027 898 3157 951 αὐτὸ
3187 897 3310 950 ἔθου
3338 900 3426 952 ἐπὶ
3457 901 3548 970 τῆς
3575 903 3688 972 γῆς.
3717 925 3732 956 ι

2203 990 2276 1043 Τὸ
2297 989 2404 1059 γὰρ
2425 989 2654 1060 λαλητὸν
2684 992 2732 1042 εί
2756 990 2846 1043 καί
2871 1007 3014 1052 τινες
3036 990 3237 1042 οἴονται
3264 991 3571 1060 περιϐόητον
3595 979 3738 1058 εἶναι,

2203 1075 2260 1132 εὖ
2289 1078 2479 1149 μηνύει
2512 1079 2711 1149 μᾶλλον
2739 1079 2801 1132 τὸ
2823 1079 3062 1147 λογικὸν,
3087 1079 3150 1131 τὸ
3169 1079 3256 1134 διὰ
3293 1080 3384 1133 τοῦ
3417 1081 3588 1135 λαλεῖν
3615 1100 3738 1152 γνω-

2204 1170 2504 1242 ριζόμενον.
2540 1171 2661 1234 Πῶς
2697 1170 2804 1240 γὰρ
2833 1170 3025 1240 ἔμελλε
3050 1171 3331 1241 διαϐόητον
3363 1169 3519 1238 εἶναι,
3549 1176 3642 1228 οὐκ
3663 1178 3741 1229 6v-

2201 1281 2308 1316 των
2339 1263 2446 1316 τῶν
2476 1262 2564 1316 διὰ
2596 1263 2755 1330 λόγου
2796 1261 3176 1333 κηρυττόντων
3201 1280 3216 1328 ;
3248 1263 3362 1317 Καὶ
3387 1264 3434 1315 ὁ·
3465 1265 3661 1330 Παῦλος
3695 1268 3741 1321 δὲ

2201 1353 2626 1422 κορυφαιότατον
2664 1352 2772 1406 τῶν
2804 1351 3072 1422 οὐρανίων
3104 1353 3456 1424 χαρισμάτων
3490 1355 3576 1407 τὸν
3608 1355 3741 1424 λόγον

2205 1446 2304 1514 τῆς
2339 1445 2530 1515 σοφίας
2572 1445 2828 1514 ὡρίσατο.
2877 1444 3030 1497 Θεῖον
3076 1445 3174 1515 μὲν
3207 1441 3298 1499 οὖν
3330 1463 3383 1498 τι
3410 1447 3591 1516 χρῆμα
3621 1450 3646 1501 ὁ
3667 1448 3742 1501 λόο

2200 1553 2329 1604 γος,
2357 1537 2629 1608 θειότερον
2673 1537 2729 1591 δὲ
2761 1539 2793 1608 ἡ
2827 1537 3026 1608 ἀρετὴ,
3067 1537 3340 1592 θειότατον
3371 1538 3425 1590 δὲ
3470 1541 3503 1608 ἡ
3552 1540 3739 1602 πίστις’

2200 1630 2296 1682 καὶ
2327 1629 2418 1681 τὸν
2449 1629 2548 1698 μὲν
2593 1629 2846 1699 ὁρίζομαι
2877 1622 3017 1680 εἶναι
3048 1628 3124 1690 ὡς
3169 1627 3376 1697 κόσμον
3396 1667 3410 1692 ,
3461 1627 3559 1698 τὴν
3597 1627 3649 1680 δὲ
3682 1628 3744 1688 ὡς

527 1730 775 1777 ornatum
801 1733 921 1774 esse
948 1736 962 1773 :
997 1718 1248 1772 virtutem
1278 1732 1408 1772 vero
1436 1717 1582 1770 velut
1609 1731 1824 1786 corpus,
1856 1726 1910 1770 et
1936 1715 2093 1770 ﬁdem

2201 1719 2391 1789 σῶμα,
2448 1719 2547 1789 τὴν
2601 1720 2657 1771 δὲ
2706 1719 2784 1782 ὡς
2833 1719 3036 1788 ψυχήν.
3098 1713 3168 1789 ’ᾯ
3227 1719 3328 1789 μὲν
3377 1715 3468 1773 οὖν
3520 1719 3584 1772 τὰ
3635 1718 3744 1788 τρία

527 1812 672 1866 velut
705 1810 962 1864 animam.
1003 1809 1168 1877 igitur
1192 1807 1278 1862 cui
1314 1807 1428 1862 haec
1455 1807 1556 1861 tria
1579 1816 1886 1876 suppetunt,
1918 1806 2094 1861 excel-

526 1904 644 1956 lens
678 1901 1056 1969 perfectusque
1088 1906 1171 1954 est
1224 1898 1340 1964 vir;
1397 1898 1486 1966 qui
1517 1912 1646 1952 vero
1680 1898 1860 1967 aliquo
1904 1898 2088 1954 deiici-

527 2001 634 2056 tur,
672 1999 782 2044 tum
818 2003 884 2044 eo
923 1989 1062 2058 quod
1123 1989 1196 2042 sit
1251 1987 1484 2042 maxime
1539 1987 1956 2058 praeferendum,
1987 2003 2094 2043 non

523 2091 605 2136 est
635 2081 874 2136 numeris
915 2080 1198 2134 absolutus
1237 2080 1510 2142 omnibus,
1550 2081 1675 2148 quia
1712 2080 1890 2148 aliquo
1931 2080 2096 2134 desti-

527 2172 724 2239 tuitur;
774 2171 1040 2242 siquidem
1071 2185 1396 2241 magnopere
1439 2169 1712 2226 diﬁ'erunt.
1767 2169 1896 2225 illud
1949 2171 2092 2227 enim

526 2282 806 2338 magnum,
838 2265 1010 2336 majus
1044 2266 1294 2330 alterum,
1333 2265 1550 2319 tertium
1596 2280 1727 2320 vero
1765 2266 2093 2331 maximum;

527 2368 582 2414 at
613 2358 924 2414 necessaria
976 2366 1059 2412 est
1101 2357 1433 2427 coniunctio.
1476 2357 1640 2428 602
1677 2357 1864 2410 Oratio
1893 2357 2093 2412 etenim

525 2450 625 2505 etsi
653 2450 820 2519 magis
840 2465 1001 2518 quam
1027 2457 1239 2504 torrens
1255 2448 1400 2514 ﬁuat,
1421 2449 1690 2518 quomodo
1711 2448 1925 2502 ornabit
1947 2461 2092 2511 eum,

529 2543 622 2610 qui
671 2543 931 2596 virtutem
960 2541 1125 2597 veluti
1171 2556 1366 2610 corpus
1401 2556 1505 2595 non
1553 2540 1824 2610 possidet?
1855 2539 1909 2593 Si
1949 2539 2092 2593 enim

525 2645 634 2688 non
663 2633 753 2697 sit,
785 2633 877 2702 qui
929 2641 1175 2697 ornetur,
1221 2645 1685 2699 supervacaneum
1729 2629 1894 2683 fuerit
1931 2642 2098 2683 orna.

525 2733 791 2779 mentum.
824 2723 1109 2790 Quomodo
1141 2738 1268 2776 vero
1307 2723 1549 2776 auditum
1577 2721 1697 2791 quis
1727 2736 1831 2774 non
1871 2729 2092 2773 contur-

527 2815 616 2869 bet
653 2815 764 2869 sola
823 2829 955 2869 voce
1001 2815 1067 2868 de
1112 2813 1449 2882 philosophia
1491 2811 1904 2866 ratiocinantis?
1949 2810 2093 2865 Prat-

526 2915 636 2959 stat
664 2920 860 2973 corpus
885 2906 1007 2959 sine
1036 2915 1229 2960 ornatu
1263 2905 1482 2967 habere,
1513 2919 1672 2972 quam
1699 2914 1946 2957 ornatum
1975 2904 2093 2959 sine

525 3009 776 3064 corpore.
833 2994 1020 3050 Virtus
1074 3003 1254 3049 autem
1289 2995 1558 3063 quomodo
1593 3003 1800 3047 mortua
1839 3008 1942 3047 non
1978 2994 2088 3046 exi-

2202 1811 2524 1884 πρόσεστιν,
2570 1805 2723 1872 οὗτος
2769 1810 3177 1882 ἀνυπέρϐλητός
3229 1812 3346 1863 ἐστι
3394 1809 3491 1863 καὶ
3537 1810 3744 1871 τέλειος’

2199 1897 2244 1971 ᾧ
2288 1905 2345 1957 δὲ
2392 1903 2652 1974 ὁπότερον
2687 1893 2899 1966 λείπει,
2948 1903 3041 1954 καὶ
3089 1900 3324 1972 μάλιστα
3360 1901 3420 1953 τὸ
3455 1901 3749 1971 προτιμότεο

2205 2014 2330 2068 ρον,
2371 1989 2526 2058 οὗτος
2573 1995 2770 2065 ἀτελής
2821 1996 2938 2046 ἐστι
2981 1995 3100 2046 κατ’
3145 1995 3344 2055 ἐκεῖνο,
3380 1991 3502 2045 καθ’
3533 1992 3560 2044 ό
3608 1992 3754 2044 ἐλλεί-

2201 2101 2312 2136 πει.
2348 2083 2410 2136 Ei
2453 2082 2562 2152 γὰρ
2603 2083 2696 2133 καὶ
2743 2079 2911 2150 πολλή
2947 2082 3092 2132 ἐστιν
3125 2080 3306 2134 αὐτῶν
3347 2081 3380 2149 ἠ
3419 2080 3671 2148 διαφορά·
3699 2079 3754 2130 τδ

2205 2177 2303 2246 μὲν
2330 2175 2437 2244 γάρ
2467 2176 2613 2226 ἐστιν
2642 2171 2822 2224 αὐτῶν
2857 2172 3020 2240 μέγα,
3056 2170 3117 2223 τὸ
3143 2170 3200 2222 δὲ
3237 2169 3449 2239 μεῖξον,
3485 2167 3544 2221 τὸ
3574 2169 3628 2220 δὲ
3669 2167 3756 2237 μέ-

2200 2284 2385 2335 γιστον
2405 2281 2418 2296 '
2449 2265 2564 2318 ἀλλ’
2591 2263 2866 2332 ἀναγκαία
2897 2263 3132 2332 αὑτῶνή
3166 2261 3406 2324 σύνοδος.
3449 2261 3508 2313 '0
3545 2260 3635 2330 μὲν
3660 2260 3756 2326 γὰρ

2201 2359 2378 2427 λόγος,
2417 2357 2518 2411 κᾶν
2547 2356 2685 2426 ὑπὲρ
2714 2357 2840 2417 τοὺς
2875 2354 3152 2422 ποταμοὺς
3193 2353 3294 2424 ῥέῃ
3316 2395 3328 2414 ,
3361 2351 3476 2414 πῶς
3508 2350 3758 2418 κοσμήσει

2199 2449 2290 2501 τὸν
2340 2447 2415 2518 μὴ
2464 2447 2655 2517 ἔχοντα
2691 2445 2925 2516 ἀρετὴν,
2956 2443 3208 2512 καθάπερ
3240 2432 3460 2512 ’σῶμας
3498 2440 3586 2510 Μὴ
3623 2439 3756 2500 ὄντος

2200 2539 2309 2610 γὰρ
2332 2538 2425 2592 τοῦ
2446 2537 2841 2609 κοσμουμένου,
2870 2536 2964 2588 καὶ
2993 2535 3053 2587 τὸ
3073 2533 3315 2605 κοσμοῦν
3345 2533 3618 2606 περιττόν.
3648 2530 3758 2592 Πῶς

2199 2632 2255 2685 δὲ
2286 2633 2386 2684 οὐκ
2435 2631 2645 2700 ἐνοχλεί
2673 2627 2772 2691 τὰς
2817 2627 2987 2687 ἀκοὰς
3015 2628 3101 2680 διὰ
3134 2627 3320 2697 φωνῆς
3366 2626 3534 2696 μόνης
3567 2624 3763 2694 φιλοσοο

2201 2723 2348 2793 φῶνς
2385 2722 2640 2792 ’Δμεινον
2671 2721 2780 2790 γὰρ
2817 2720 2974 2789 σῶμα
3013 2718 3156 2787 ἔχειν
3197 2719 3328 2772 ἄνευ
3359 2719 3588 2789 κόσμου,
3623 2715 3759 2788 ἧκό-

2202 2828 2336 2882 σμον
2367 2813 2494 2866 ἄνευ
2527 2810 2797 2881 σώματος.
2857 2810 2920 2861 Ἦ
2947 2808 2999 2861 δὲ
3028 2808 3196 2879 ἀρετὴ
3227 2808 3346 2871 πῶς
3369 2809 3472 2861 οὐκ
3506 2807 3654 2860 ἐσται
3688 2822 3764 2857 νε-

2199 2904 2342 2973 κρὰ,
2377 2903 2482 2956 ὑπο
2514 2904 2617 2973 τῆς
2671 2903 2906 2965 πίστεως
2953 2901 3207 2970 καθάπερ
3243 2899 3429 2971 ψυχῆς
3475 2899 3548 2971 μὴ
3584 2898 3764 2968 ψυχου-

2203 2998 2368 3068 μένης
2403 2994 2523 3060 Πῶς
2557 2995 2611 3048 δὲ
2652 2997 2686 3066 ή
2712 2995 2891 3057 πίστις
2929 2996 3198 3060 φανεῖται,
3234 2992 3311 3064 μὴ
3341 2993 3544 3063 ἔχουσα
3581 2991 3764 3061 ἀρετὴν

526 3084 799 3148 stimetur,
840 3083 945 3138 nisi
982 3082 1086 3138 ﬁde
1129 3083 1431 3138 animetur?
1481 3065 1876 3138 Fides/rursus
1916 3084 2090 3152 qualis

2199 3065 2257 3141 δι’
2297 3065 2365 3160 ἧς
2409 3089 2729 3158 ἐνεργήσας
2778 3086 3044 3156 Καθάπερ
3081 3083 3188 3153 γὰρ
3240 3083 3506 3157 μουσικός
3559 3083 3760 3151 ἄριστος

527 3184 787 3244 appareat
819 3175 1015 3228 virtute
1061 3175 1340 3237 destituta,
1375 3187 1470 3244 per
1507 3187 1669 3243 quam
1705 3174 2000 3243 cperetur?
2028 3173 2095 3228 Ut

526 3268 670 3320 enim
704 3268 936 3334 optimus
994 3266 1232 3320 musicus
1293 3266 1463 3336 lyram
1501 3279 1608 3318 non
1657 3265 1884 3326 habens,
1924 3278 2097 3334 neque

527 3359 814 3414 scientiam
863 3357 1140 3412 exhibebit
1196 3374 1213 3411 :
1260 3358 1330 3412 ita
1372 3367 1426 3411 et
1461 3357 1631 3427 pietas
1680 3357 1796 3412 sine
1843 3357 2096 3426 operibus

525 3449 668 3521 (qua:
693 3464 895 3514 organa
934 3451 1344 3518 reprasentent)
1369 3458 1578 3502 mortua
1611 3461 1729 3503 esse
1769 3458 1822 3502 et
1852 3446 2094 3502 inelﬁcax

528 3540 742 3595 videtur
772 3555 880 3594 non
913 3550 1155 3594 externae
1189 3541 1351 3594 modo
1383 3540 1622 3594 scientiae
1653 3541 1980 3607 hominibus,
2001 3541 2096 3594 sed

523 3642 577 3686 et
601 3632 772 3686 sacris
793 3632 957 3686 etiam
998 3629 1264 3685 Litteris:
1313 3650 1334 3683 ι
1374 3631 1534 3686 Fides
1585 3633 1756 3696 enim,
1805 3633 1880 3686 ait
1938 3633 2088 3687 Scri-

523 3732 703 3789 ptura,
729 3722 848 3776 sine
873 3721 1130 3789 operibus
1149 3731 1359 3775 mortua
1383 3731 1484 3778 est.
1519 3740 1538 3774 ι
1564 3723 1885 3792 Quicunque
1915 3725 2094 3793 itaque

524 3814 737 3868 dicendi
761 3820 884 3866 sunt
914 3812 1172 3866 facultate
1199 3814 1433 3880 praediti,
1460 3829 1524 3868 ne
1551 3811 1870 3884 glorientur;
1889 3831 2090 3884 quaeso,

531 3905 689 3975 quasi
728 3904 907 3972 adepti
937 3904 1048 3958 sint
1083 3905 1358 3959 universa.
1392 3905 1593 3960 Desunt
1642 3907 1785 3962 enim
1817 3924 1936 3976 qua:
1966 3924 2096 3978 prte-

529 3996 791 4052 stantiora
827 4004 972 4058 sunt,
1006 3995 1177 4050 virtus
1233 4011 1295 4050 ac
1325 3996 1500 4065 pietas
1545 3997 1662 4068 [seu
1699 3998 1873 4070 ﬁdes].
1911 3997 2096 4066 Neque

525 4085 723 4139 virtute
743 4084 972 4152 praediti,
1003 4083 1096 4138 sed
1127 4093 1371 4139 carentes
1407 4085 1616 4139 dicendi
1643 4088 1830 4156 peritia
1870 4103 1933 4142 ac
1972 4089 2090 4153 ﬁde,

533 4191 654 4230 sese
684 4175 931 4242 ell'eraut,
951 4177 1075 4244 quia
1099 4175 1229 4230 ﬁdes
1249 4176 1398 4230 deest
1416 4187 1464 4229 et
1495 4177 1687 4232 oratio.
1708 4176 1892 4247 Neque
1918 4181 2004 4248 qui
2032 4179 2093 4233 li-

525 4271 644 4322 dent
676 4267 1165 4337 habent,operibus
1190 4281 1318 4320 vero
1339 4276 1392 4321 et
1419 4269 1660 4324 oratione
1681 4271 1919 4326 destituti
1943 4279 2092 4337 sunt,

524 4357 657 4414 alios
707 4367 910 4412 temere
969 4359 1352 4412 condemnent.
1407 4359 1890 4429 Deprehendmttur
1948 4361 2092 4415 enim

2196 3180 2364 3250 λύραν
2398 3179 2470 3249 μὴ
2513 3179 2689 3248 ἔχων,
2737 3177 2858 3231 οὐδὲ
2903 3177 3000 3247 τὴν
3048 3177 3366 3247 ἐπιστήμην
3415 3175 3762 3241 ἐπιδείξεται,

2197 3272 2336 3325 οὕτω
2371 3273 2462 3324 καὶ
2491 3273 2522 3342 ἡ
2556 3271 2806 3324 εὐσέϐεια
2839 3270 2912 3341 μὴ
2939 3269 3003 3322 δι’
3040 3269 3217 3338 ἔργων
3251 3270 3512 3340 καθάπερ
3541 3268 3769 3340 ὁργάνων

2197 3359 2544 3429 δεικνυμένη,
2580 3359 2749 3430 νεκρὰ
2785 3360 2880 3412 καὶ
2912 3360 3278 3429 ἀνενέργητος
3330 3355 3475 3412 εἶναι
3519 3359 3682 3419 δοκεῖ,
3713 3355 3768 3408 οὗ

2195 3454 2307 3514 τοῖς
2345 3451 2542 3517 ἔξωθεν
2576 3451 2755 3521 μόνον,
2799 3451 2934 3504 ἀλλὰ
2975 3451 3069 3504 καὶ
3111 3453 3232 3512 ταῖς
3282 3451 3466 3514 θείαις
3504 3449 3768 3522 Γραφαῖς·

2207 3564 2226 3596 ι
2249 3545 2311 3596 'll
2340 3544 2523 3606 πίστις
2550 3542 2678 3614 γὰρ,
2699 3544 2852 3611 φησι,
2871 3542 3040 3612 χωρὶς
3064 3541 3173 3594 τῶν
3194 3542 3382 3610 ἔργων
3399 3543 3573 3613 νεκρά
3604 3543 3728 3592 ἐστι.
3749 3557 3766 3587 ι

2196 3637 2339 3707 Μήτ’
2384 3631 2477 3688 οὖν
2516 3636 2566 3686 οἱ
2604 3635 2760 3702 λόγον
2797 3635 2956 3704 μόνον
2997 3633 3216 3702 ἔχοντες
3252 3633 3774 3705 ἐναϐρυνέσθωσαν,

2195 3728 2270 3791 ὡς
2318 3728 2376 3781 τὸ
2424 3729 2531 3780 πᾶν
2583 3726 3030 3797 κατορθώσαντες
3087 3725 3301 3794 (λείπει
3351 3727 3468 3798 γὰρ
3507 3727 3686 3787 αὐτοῖς
3714 3723 3776 3774 τὰ

2198 3819 2588 3888 προτιμότερα,
2638 3818 2805 3885 ἀρετή
2836 3834 2896 3868 τε
2936 3817 3028 3870 καὶ
3057 3815 3356 3886 εὐσέϐεια)·
3401 3818 3544 3887 μήτε
3579 3816 3630 3868 οἱ
3661 3815 3775 3885 ἀρε·

2197 3908 2293 3976 τὴν
2319 3908 2530 3978 ἔχοντες
2560 3905 2690 3960 ἄνευ
2732 3906 2889 3974 λόγου
2915 3907 3008 3959 καὶ
3042 3906 3281 3969 πίστεως
3327 3905 3774 3976 σεμνυνέσθωσαν

2198 4001 2394 4070 (λείπει
2452 4000 2559 4068 γὰρ
2609 3999 2792 4062 αὐτοῖς
2844 3997 3002 4066 λόγος
3039 3991 3098 4050 τε
3133 3997 3226 4051 καὶ
3273 3999 3493 4070 πίστις)
3518 4017 3532 4031 ο
3565 4000 3698 4070 μήτε
3735 3997 3778 4048 οἱ

2199 4090 2383 4142 πίστιν
2408 4089 2642 4157 ἔχοντες,
2672 4087 2848 4158 ἔργων
2873 4087 2933 4140 es
2962 4087 3055 4142 καὶ
3077 4088 3238 4156 λόγου
3272 4088 3636 4159 χηρεύοντες,
3668 4088 3779 4147 τοὺς

2197 4182 2389 4244 ἄλλους
2424 4179 2907 4248 κατακρινέτωσαν
2944 4177 3282 4249 (ἐλέγχονται
3314 4180 3433 4250 γὰρ
3467 4182 3581 4243 τοῖς
3613 4177 3774 4249 ἔργοις

2196 4272 2400 4342 ταύτην
2426 4272 2768 4343 ἀρνούμενοι)
2791 4288 2804 4301 ·
2841 4271 2976 4323 ἀλλὰ
3005 4270 3066 4323 τὸ
3091 4271 3276 4323 λεῖπον
3318 4271 3555 4324 ἕκαστοι
3591 4271 3778 4337 κτήσα-

2201 4365 2324 4418 σθαι
2355 4363 2836 4427 σπουδαξέτωσανο
2875 4362 2941 4415 ἵν’
2975 4362 3192 4432 ἔχοντες
3224 4362 3325 4433 τὴν
3363 4364 3470 4433 μὲν
3503 4361 3690 4415 πίστιν
3715 4355 3782 4416 ὼς

523 4447 777 4516 operibus
817 4446 976 4501 ﬁdem
1022 4457 1302 4516 negantes.
1363 4449 1467 4503 Sed
1498 4465 1618 4519 quae
1651 4452 1878 4516 desunt,
1908 4465 2094 4505 omnes

2199 4457 2398 4527 ψυχὴν,
2441 4457 2538 4526 τὴν
2583 4457 2639 4509 δὲ
2684 4456 2885 4527 ἀρετὴν
2922 4429 3227 4524 ὼςησῶμα,
3275 4429 3377 4508 ἕεδᾴ
3429 4456 3490 4508 δὲ
3535 4455 3691 4522 λόγον
3717 4449 3783 4510 ὼς

524 4538 749 4607 adipisci
772 4538 1047 4601 studeant,
1073 4549 1130 4592 ut
1149 4539 1304 4592 ﬁdem
1323 4540 1537 4609 quidem
1565 4542 1823 4597 habentes
1844 4553 2096 4611 tanquam

527 4628 792 4690 animam,
823 4628 1076 4682 virtutem
1114 4645 1240 4684 vero
1269 4646 1366 4700 pro
1392 4647 1636 4701 corpore,
1657 4635 1954 4689 orationem
1991 4635 2099 4689 de-

524 4719 686 4788 nique
738 4721 1044 4773 ornamenti
1089 4721 1294 4790 gratia;
1341 4723 1420 4777 sic
1454 4726 1748 4779 venerandi
1786 4727 2097 4798 exsistant,

526 4809 580 4863 in
614 4809 899 4879 pretioque
923 4811 1090 4868 habiti
1121 4829 1184 4868 ac
1214 4817 1457 4870 coronati
1481 4819 1713 4888 denique
1742 4820 2094 4888 triumphent.

598 4959 643 4990 "
679 4957 778 5012 Job
805 4973 1037 5026 xxxvm,
1063 4961 1156 5014 '58.

2194 4548 2626 4618 ὲγκαλλώπισμα
2647 4588 2661 4613 ,
2695 4547 2972 4601 κάνταῦθα
3012 4547 3247 4617 ἀοίδιμοι
3280 4547 3652 4618 τυγχάνοιεν,
3694 4543 3783 4596 κὰ-

2195 4643 2340 4693 κεῖσε
2370 4639 2643 4710 εὐδόκιμοι
2671 4640 2763 4693 καὶ
2795 4641 3114 4706 πεφανίται
3147 4638 3567 4708 πομπεύσειαν.

1613 5093 1846 5150 ἾΑΒΙΛΕ
1889 5094 2270 5153 LECTIONES
2304 5097 2390 5152 ΕΤ
2428 5099 2656 5156 NOTAE.

595 5246 707 5316 (18)
747 5245 969 5320 ﬂomeri
1013 5247 1289 5320 locus_est
1331 5249 1521 5320 Odyss.
1564 5249 1651 5316 vi,
1702 5265 1754 5304 ν.
1792 5249 1915 5304 129.
1959 5251 2090 5306 Vide

521 5317 689 5386 Λείας.
738 5316 912 5372 Homo
951 5318 1116 5372 bulla.
1159 5318 1254 5382 Et,
1309 5316 1509 5382 σκοπὸς
1536 5323 1563 5373 ό
1591 5320 1766 5387 λόγος.
1808 5321 1999 5375 Posset
2037 5331 2090 5375 et

519 5388 678 5458 τόκος
707 5387 810 5458 legi
851 5403 948 5458 pro
975 5400 1154 5457 partu.
1206 5389 1274 5442 Et
1313 5398 1433 5458 post
1473 5389 1648 5457 paulo,
1701 5391 1750 5441 ει
1797 5391 1892 5444 καί
1922 5408 2086 5453 τινες.

522 5457 684 5513 Forte
713 5453 1134 5528 eivat'scriptunt
1157 5469 1288 5512 erat.
1314 5453 1437 5513 ’.Ιοϋί
1465 5453 1550 5512 hic
1579 5453 1852 5528 locusjam
1880 5477 1906 5514 a
1935 5463 2091 5515 nobis

526 5537 771 5594 repertus
792 5537 868 5583 est
899 5529 951 5583 in
979 5527 1144 5593 LXX,
1171 5542 1288 5595 cap.
1327 5542 1552 5593 xxxvru,
1581 5543 1718 5582 vers.
1745 5527 1840 5593 VH,
1871 5547 1998 5594 non,
2033 5541 2090 5584 ut

526 5599 608 5669 ad
630 5612 779 5650 erant
813 5598 985 5669 Graeci
1021 5598 1342 5669 appositum,
1377 5597 1475 5669 10f,
1505 5611 1600 5665 pro
1627 5612 1734 5669 quo
1761 5613 1958 5666 repone
1983 5601 2087 5669 λη’,

526 5665 610 5717 ubi
641 5681 736 5735 pro
761 5667 910 5737 χοῦν,
946 5667 1093 5736 quod
1120 5666 1208 5721 hic
1246 5667 1506 5732 occurrit,
1550 5666 1718 5736 πηλὸν
1750 5665 1945 5725 editur.
1988 5665 2090 5724 Pa-

2197 5252 2391 5328 gninus
2415 5253 2639 5328 equleb.
2670 5273 2683 5308 :
2720 5255 2894 5309 Vertat
2915 5273 2970 5310 se
2995 5265 3134 5328 terra
3157 5259 3293 5311 sicut
3318 5258 3504 5312 {suum
3535 5257 3794 5328 stgilliLet

2198 5323 2410 5398 stabunt
2443 5326 2581 5398 sicut
2615 5328 3005 5398 vestimentum.
3047 5327 3236 5381 Latina
3269 5328 3500 5398 vulgata
3541 5323 3625 5383 sive
3657 5343 3672 5380 :
3700 5324 3787 5398 Rc-

2198 5394 2447 5445 stituetur
2482 5406 2537 5448 ut
2562 5395 2734 5466 lutum
2765 5397 3126 5466 signaculum,
3164 5408 3210 5451 et
3242 5394 3417 5450 stabit
3462 5401 3606 5452 sicut
3645 5394 3786 5466 acsti-

2197 5473 2449 5536 mentum.
2485 5467 2554 5519 At
2589 5464 2844 5536 Septuagl
2869 5483 2934 5521 ex
2969 5467 3126 5522 Rom.
3159 5468 3289 5520 edit.
3327 5468 3513 5521 Flam.
3553 5464 3740 5536 Nobilii
3774 5476 3788 5510 :

2198 5534 2300 5604 ᾼιιι
2331 5543 2385 5584 ιιι
2419 5550 2626 5589 sumens
2671 5534 2866 5588 terram
2912 5537 3082 5591 lutum
3129 5537 3423 5604 plasmasti
3475 5534 3703 5596 animal,
3747 5538 3789 5604 εξ

2198 5601 2441 5725 isdoneum
2468 5606 2536 5658 ad
2564 5605 2876 5674 loquendum
2917 5598 3139 5676 posuisti
3169 5623 3284 5663 eum
3341 5623 3510 5676 super
3563 5598 3789 5662 terram?

2241 5685 2435 5725 cnorr.

2241 5685 2435 5726 CﬂOT'l‘.
