4070 6374
358 350 489 419 1421

568 467 725 525 ΡΞΡ.
764 498 834 512 --
871 470 1028 525 ΤυΙΣ
1063 467 1409 525 ΔΟΜΕΤΙΟΥ
1440 468 1697 527 ΠΑΙΣΙΝ.

1371 353 1906 417 EPISTOLARUM
1943 352 2090 413 LIB.
2130 353 2197 414 Υ.
2238 379 2306 387 -
2335 353 2573 414 EPIST.
2608 355 2852 415 CLXIV.

1956 478 2005 535 Δ

3475 353 3614 421 1432

2351 467 2577 525 CLXIII.
2606 500 2674 510 --
2699 465 2957 525 DOMITII
2999 465 3291 525 LIBERIS.

424 584 499 640 De
524 583 713 656 fratris
751 582 896 638 abitu
935 585 1208 655 redituque
1248 584 1489 664 (ια-εαξη.
1532 582 1930 664 Ραιόρναιτεηι
1957 581 2121 664 illum
2174 581 2755 664 Christiouuutfuisse,
2794 593 2844 639 et
2888 600 3012 642 suos
3059 583 3327 655 religionis
3372 601 3536 642 causa
3625 644 3636 664 θ

1232 653 1524 725 reliquisse,
1553 657 1691 723 quod
1710 652 1843 722 spes
1879 652 2025 706 nulla
2071 655 2399 706 convertendi
2428 653 2724 723 a/fulgeret.

419 763 483 818 El
516 764 610 819 xui.
638 765 669 819 ό
712 764 938 835 ἀδελφὸς
970 765 998 818 ό
1042 763 1311 836 ὑμέτερος
1367 764 1466 835 μὲν
1516 761 1659 818 κατὰ
1711 763 1923 835 σάρκα,

346 852 616 926 ἡμέτερος
669 854 727 908 δὲ
782 853 925 909 κατά
971 852 1224 924 πνεῦμα,
1280 855 1460 925 ἀπῆρε
1525 853 1624 924 μὲν
1676 852 1925 906 ἐντεῦθεν

347 943 559 1015 πρώην,
603 943 681 1008 ὡς
712 945 909 1016 μηκέτι
940 945 1330 1014 ὲπιφοιτήσων,
1364 947 1412 997 εί
1444 944 1519 1015 μὴ
1548 944 1693 1013 ὑμᾶς
1732 942 1929 1015 θηρεύ-

349 1050 492 1087 σειεν
510 1047 526 1063 ·
558 1034 885 1104 ὲπεφοίτησε
911 1034 969 1087 δὲ
1002 1033 1184 1098 πάλιν,
1221 1032 1296 1095 ὡς
1320 1033 1518 1103 μηκέτι
1545 1030 1924 1102 ὑποστρέψων,

346 1125 538 1195 ἑπειδὴ
574 1126 814 1197 ἀπέτυχε
864 1126 963 1195 τῆς
995 1124 1201 1196 θήρας’
1245 1123 1360 1177 ἀλλ’
1397 1123 1501 1176 ὑπὸ
1553 1122 1656 1194 τῆς
1703 1123 1928 1193 ἀγάπης

345 1215 831 1288 ἀναγκαζόμενος,
884 1216 1006 1287 ἣξει
1062 1214 1255 1282 πάλιν,
1317 1212 1601 1286 θηρεύσων
1658 1213 1929 1293 ύμᾶςρεῖς

346 1305 516 1378 ζωήν.

752 1413 910 1469 ΡΞΝ.
955 1443 1023 1454 -
1060 1411 1215 1469 ΤΟΙΣ
1244 1410 1514 1466 ΑΥΤΟῙΣ.

2104 754 2219 810 Etsi
2246 754 2421 810 frater
2460 757 2678 827 quidem
2734 769 2911 814 vester
2935 761 3220 831 sanguine,
3266 771 3453 819 noster
3479 777 3606 820 vero

2033 847 2250 915 spiritu,
2282 846 2497 903 ablatus
2529 848 2658 902 hinc
2688 850 2905 917 quidem
2934 868 3129 922 nuper,
3166 854 3318 922 quasi
3349 869 3457 910 non
3488 870 3606 910 am-

2033 937 2175 1008 plius
2202 939 2499 1007 rediturus,
2550 940 2657 993 nisi
2708 950 2769 994 ut
2807 956 2902 995 vos
2931 951 3175 1010 quaerat;
3205 948 3436 1000 accessit
3476 958 3605 1003 vero

2034 1025 2231 1091 denuo,
2268 1036 2324 1079 ut
2383 1041 2489 1082 non
2525 1027 2759 1096 amplius
2813 1030 3082 1096 abiturus,
3131 1045 3323 1090 nactus
3365 1037 3605 1105 praedam

2026 1128 2122 1171 seu
2148 1126 2453 1186 capturam,
2483 1118 2578 1172 sed
2601 1135 2630 1173 a
2664 1119 2937 1176 charitate
2973 1122 3256 1194 impulsus,
3285 1125 3469 1183 veniet
3500 1127 3603 1184 ite-

2026 1221 2145 1264 rum
2185 1223 2434 1281 quaerens
2460 1225 2555 1266 vos
2583 1210 2651 1266 ad
2681 1212 2870 1267 vitam.

2519 1408 2751 1466 CLXIV.
2779 1439 2851 1451 --
2878 1409 3109 1468 EIDEM.

345 1510 427 1563 Ad
463 1510 705 1563 uirtutem
738 1508 1011 1563 colendam
1050 1508 1277 1578 gentium
1319 1506 1501 1559 invitat
1540 1500 1959 1639 maniplis...”
1997 1498 2351 1640 (ἰὲςὶἶίῖεσιαιιι
2385 1504 2693 1570 respuebant
2728 1503 3046 1573 religionem.
3079 1502 3316 1576 (Confer.
3341 1510 3494 1577 epist.
3534 1509 3606 1566 9!

1961 1608 1999 1633 .,
2079 1608 2107 1621 -
2150 1608 2164 1621 .

414 1688 479 1741 Ei
535 1687 628 1741 καὶ
670 1685 819 1757 δῆλοι
859 1686 993 1738 πᾶσι
1028 1682 1290 1754 γεγόνατε
1342 1683 1438 1736 καὶ
1470 1681 1695 1751 φανεροὶ
1726 1678 1915 1733 ἀποδι-

342 1780 674 1852 δράσκοντες
702 1776 802 1843 τὴν
836 1775 1119 1857 θειοτάτην
1144 1773 1465 1857 θρησκείαν,
1497 1774 1566 1827 δι’
1600 1773 1790 1845 ἕτερον
1823 1772 1922 1843 μὲν

338 1851 494 1926 ούδὲν
524 1868 858 1941 (ὲκθειάξετε
897 1851 1006 1939 γάρ
1036 1868 1229 1936 αὐτὴν,
1250 1851 1341 1929 ’ὡς
1370 1864 1700 1936 ἐπυθόμην),
1738 1864 1829 1918 διὰ
1860 1864 1919 1918 δὲ

342 1964 406 2017 τὸ
452 1963 528 2032 μὴ
562 1958 848 2030 βούλεσθαι
897 1957 1100 2030 ἀρετὴν
1133 1956 1322 2010 ἀσκεῖν
1355 1957 1499 2024 (τοῖς
1533 1953 1641 2024 γὰρ
1690 1970 1922 2024 σωματι-

342 2055 461 2117 κοῖς
490 2051 719 2106 πάθεσιν
751 2048 1204 2119 ὲγκαλινδεῖσθαι,
1234 2046 1311 2112 ὥς
1352 2064 1506 2116 φασι,
1544 2043 1915 2135 προῄρησθε),

340 2141 481 2196 ἀλλά
528 2158 593 2211 γε
651 2139 754 2194 κᾶν
815 2140 913 2210 ὀψέ
974 2155 1103 2192 ποτε
1137 2138 1337 2193 δίκαιοι
1384 2142 1451 2194 ἂν
1501 2139 1652 2210 εἴητε
1692 2136 1920 2200 ἑαυτοὺς

341 2237 569 2299 πεῖσαι,
635 2233 718 2287 ότι
772 2233 805 2301 ή
874 2232 973 2302 μὲν
1028 2230 1199 2285 κακία
1251 2232 1515 2304 αἰσχύνην
1570 2229 1665 2284 καὶ
1719 2227 1921 2290 δνειδος

338 2326 438 2380 καὶ
494 2325 716 2380 κόλασιν
774 2322 915 2394 ἔχει,
969 2322 1003 2394 ἡ
1062 2321 1121 2376 δὲ
1177 2322 1347 2395 ἀρετὴ
1402 2322 1567 2395 τιμὴν
1622 2321 1717 2376 καὶ
1763 2319 1921 2403 κλέος

340 2419 439 2471 καὶ
475 2416 790 2484 στεφάνους.
827 2414 937 2467 Καὶ
985 2413 1035 2466 εί
1075 2413 1183 2482 (l9)
1239 2412 1431 2483 ἡδονὴν
1486 2410 1735 2484 νομίζετε
1776 2410 1920 2482 ἔχειν

336 2508 443 2580 τὴν
482 2507 701 2571 κακίαν,
752 2503 852 2576 τὴν
899 2503 944 2557 δ’
996 2502 1195 2575 ἀρετὴν
1246 2504 1443 2566 πόνους
1492 2504 1590 2556 καὶ
1647 2502 1916 2573 ἱδρῶτας·

336 2596 460 2651 ἀλλ’
494 2596 696 2648 ἐννοεῖν
737 2590 984 2662 ὀφείλετε
1006 2630 1022 2655 ,
1054 2591 1134 2645 ὅτι
1168 2592 1202 2662 ή
1242 2590 1338 2662 μὲν
1376 2588 1536 2660 ἡδονὴ
1569 2588 1700 2661 πρὶν
1732 2589 1918 2659 σχεδὸν

339 2685 579 2755 φανῆναι
632 2682 954 2746 σϐέννυται,
997 2680 1103 2752 ἠδ’
1153 2681 1321 2752 ἀρετὴ
1351 2681 1614 2734 ἀθάνατον
1659 2679 1770 2751 ἔχει
1819 2681 1918 2751 τὴν

338 2772 702 2845 εὐφροσύνην·
734 2772 828 2825 καὶ
870 2772 903 2842 ἡ
935 2771 1034 2842 μὲν
1064 2770 1152 2825 διὰ
1180 2770 1440 2833 πλατείας
1469 2769 1564 2823 καὶ
1605 2769 1915 2841 εύρυχώρου

341 2863 643 2935 βαδίζουσα
668 2862 790 2917 ὁδοῦ
814 2903 829 2928 ,
874 2864 957 2925 εἰς
988 2861 1171 2916 στενὸν
1201 2862 1293 2916 καὶ
1326 2861 1694 2928 ἀδιεξόδευτον
1736 2862 1916 2933 χῶρον

338 2959 573 3029 τελευτᾷ
593 2972 606 2986 ⁶
638 2957 672 3027 ἡ
706 2956 763 3009 δὲ
788 2954 875 3009 διὰ
914 2954 1093 3008 πόνων
1124 2955 1218 3008 καὶ⁵
1259 2951 1497 3023 ἱδρώτων
1522 2951 1801 3017 ὁδεύουσα,
1837 2954 1918 3017 είς

341 3050 613 3121 εὐθυμίαν
660 3048 919 3101 πλατεῖαν
956 3046 1218 3116 καταντᾷ.
1266 3045 1331 3097 Ei
1364 3044 1420 3097 δὲ
1464 3045 1579 3107 τοῖς
1622 3044 1915 3114 ἡμετέροις

340 3143 649 3207 ἀπιστεῖτε,
681 3139 789 3194 ἀπὸ
813 3138 920 3193 τῶν
943 3136 1229 3209 ὑμετέρων
1263 3136 1408 3207 ὑμᾶς
1438 3136 1624 3187 πεῖσαι
1659 3135 1920 3205 πειράσο-

346 3250 470 3304 μαι.
503 3230 729 3285 Πλάτων
762 3228 861 3300 μὲν
884 3227 995 3298 γὰρ
1032 3226 1404 3296 φιλοσοφήσας
1432 3222 1674 3292 ἀοίδιμος
1706 3222 1917 3291 γέγονε,

342 3321 625 3385 Διονύσιος
676 3320 733 3379 δὲ
776 3318 1120 3392 τυραννήσας
1167 3316 1437 3386 ὲσὸἐσθη-
1488 3313 1582 3367 καὶ
1622 3315 1921 3388 Σωκράτης

345 3418 449 3487 μὲν
489 3414 673 3487 ᾄδεται
694 3455 709 3481 ,
764 3412 1055 3483 Ἀρχέλαος
1089 3409 1147 3463 δὲ
1189 3411 1217 3463 ό
1249 3409 1506 3479 βασιλεὺς
1536 3408 1878 3479 σεσιώπηται
1903 3422 1917 3438 ’

343 3507 442 3559 καὶ
468 3504 643 3559 Σόλων
691 3504 789 3575 μὲν
839 3501 1457 3573 ἀωμνεῖταιλίροῖσος
1505 3501 1561 3555 δὲ
1615 3503 1644 3555 ό
1702 3501 1922 3554 πάντων

343 3593 655 3666 ἀνθρώπων
694 3593 923 3663 νομίσας
966 3587 1106 3645 εἶναι
1153 3592 1647 3663 εὐδαιμονέστερος,
1692 3591 1784 3645 καὶ
1814 3590 1922 3655 ζῶν

344 3686 514 3751 ἑάλω,
551 3683 647 3739 καλ¹
692 3684 866 3755 πυρὸς
891 3682 1051 3754 ἔργον
1087 3681 1358 3753 Περσικοῦ
1388 3682 1581 3754 ἔμελλε
1609 3683 1915 3753 γίγνεσθαι.

341 3777 412 3831 Ei
443 3776 502 3829 δὲ
538 3772 760 3837 τούτους
786 3773 1106 3842 φιλοσόφους
1130 3772 1369 3844 ἡγεῖσθε,
1405 3772 1519 3844 ἥξω
1552 3774 1647 3827 καὶ
1677 3774 1770 3827 ἐπὶ
1792 3774 1920 3837 τοὺς

345 3865 863 3938 πολιτευσαμένους,
895 3866 989 3919 καὶ
1021 3866 1505 3936 στρατηγήσαντας
1539 3863 1675 3935 μετά
1707 3866 1923 3935 φιλοσο-

346 3960 502 4030 φίας.
545 3956 956 4028 Ἐπαμινώνδας
981 3958 1009 4010 ὁ
1037 3956 1289 4027 Θηϐαίων
1328 3956 1655 4028 στρατηγὸς,
1682 3959 1710 4011 ό
1742 3958 1922 4011 Λακε-

343 4049 662 4123 δαιμονίους
701 4051 759 4102 ὲν
804 4048 1101 4120 Λεύκτροις
1133 4049 1558 4120 χειρωσάμενος,
1602 4048 1660 4102 ἓν
1710 4050 1921 4119 ἱμάτιον

347 4145 517 4215 ἔχων,
554 4143 648 4197 καλ⁸
679 4140 770 4196 διὰ
801 4141 959 4196 τοῦτο
987 4143 1067 4206 είς
1100 4142 1396 4213 ἐκκλησίαν
1437 4142 1613 4196 ἐλθεῖν
1643 4129 1717 4213 μὴ
1760 4142 1922 4197 δυνά-

351 4253 539 4310 μενος,
584 4235 775 4305 ἐπειδὴ
821 4234 944 4288 κατ’
969 4233 1187 4303 ἐκείνην
1213 4231 1309 4305 τὴν
1341 4233 1554 4304 ἡμέραν
1590 4233 1931 4304 πλυνόμενον.

346 4328 509 4398 ἔτυχε
529 4367 545 4393 ,
591 4327 686 4380 καὶ
729 4326 916 4399 ἕτερον
945 4324 1338 4398 περιϐαλέσθαι
1381 4325 1480 4379 οὐκ
1513 4320 1626 4395 εἶχε
1655 4366 1670 4390 ,
1702 4327 1921 4381 πάντων

2095 1676 2333 1733 Tametsi
2375 1678 2487 1735 noti
2513 1694 2577 1735 ac
2614 1680 2786 1737 notati
2828 1682 2950 1740 sitis
2986 1683 3053 1739 ab
3087 1686 3359 1751 omnibus,
3390 1688 3468 1743 uti
3512 1703 3600 1744 re-

2029 1766 2296 1838 fugientes
2350 1781 2757 1828 sacrosanctam
2793 1774 3131 1843 religionem,
3164 1792 3227 1832 ac
3246 1778 3449 1834 nullam
3483 1781 3605 1851 qui-

2028 1862 2148 1914 dem
2180 1860 2340 1915 aliam
2394 1861 2464 1916 ob
2510 1877 2755 1930 causam,
2796 1875 2975 1919 tamen
3020 1868 3200 1924 colitis
3240 1870 3510 1934 eamdem.
3546 1882 3605 1927 ut

2029 1946 2160 2000 mihi
2194 1949 2511 2017 persuadeo.
2552 1951 2687 2018 Quia
2727 1967 2856 2007 vero
2885 1954 3139 2010 virtutem
3203 1958 3384 2015 colere
3418 1962 3600 2016 detre-

2028 2038 2187 2094 etatis
2224 2039 2505 2110 (corporis
2547 2042 2689 2097 enim
2736 2042 3113 2102 atiectionibus
3157 2048 3376 2114 involvi,
3413 2062 3472 2106 ut
3518 2053 3599 2108 fe-

2028 2142 2175 2196 runt,
2202 2131 2513 2203 elegistis),
2548 2144 2788 2190 attamen
2831 2152 3043 2208 aequum
3067 2140 3140 2195 sit
3181 2142 3336 2197 vobis
3381 2145 3599 2201 tandem

2027 2218 2318 2290 aliquando
2377 2238 2698 2293 persuasum
2741 2240 2890 2291 esse,
2926 2228 3325 2299 improbitatem
3377 2234 3599 2288 vitium-

2026 2325 2132 2379 que
2155 2313 2413 2382 consequi
2451 2314 2709 2383 pudorem
2733 2354 2749 2381 ,
2787 2315 3022 2373 dedecus
3046 2334 3108 2374 ac
3139 2336 3352 2390 pmuam
3379 2339 3394 2377 :
3425 2325 3599 2380 virtu-

2029 2410 2133 2455 tem
2164 2412 2353 2457 contra
2375 2404 2622 2459 comitari
2647 2405 2810 2460 decus
2840 2416 3003 2475 atque
3029 2424 3307 2465 coronam.
3340 2410 3599 2482 Volupta-

2027 2501 2131 2547 tem
2159 2493 2376 2563 quidem
2407 2508 2531 2550 esse
2568 2494 2804 2565 aliquam
2828 2497 2882 2552 in
2916 2511 3136 2567 peccato
3170 2499 3213 2555 si
3251 2501 3595 2571 existimatis,

2023 2595 2215 2640 contra
2255 2586 2469 2642 labores
2512 2588 2566 2642 in
2612 2590 2812 2644 virtute
2841 2604 3009 2662 atque
3050 2594 3298 2650 sudores.
3330 2595 3493 2668 603
3536 2598 3595 2653 In

2024 2677 2266 2733 animum
2320 2688 2503 2734 tamen
2543 2680 2805 2748 inducite,
2856 2683 3269 2740 delectationem
3305 2687 3452 2743 illam
3508 2691 3597 2743 vix

2025 2781 2376 2840 conspectam
2406 2771 2588 2827 statim
2615 2774 2888 2843 exstingui
2934 2792 2948 2829 :
2988 2774 3162 2831 virtus
3195 2791 3321 2831 vero
3356 2778 3596 2834 oblecta~

2028 2861 2227 2917 tionem
2261 2862 2421 2919 habet
2451 2866 2863 2934 sempiternam.
2897 2866 2990 2920 llla
3013 2867 3233 2936 quidem
3256 2869 3340 2923 via
3370 2868 3479 2924 lata
3515 2879 3600 2925 est

2025 2968 2091 3009 ac
2118 2955 2381 3024 spatiosa,
2414 2957 2467 3009 in
2510 2965 2797 3026 angustam
2837 2967 2999 3026 atque
3045 2957 3479 3028 inexplicabilem
3504 2960 3597 3016 de-

2026 3046 2208 3102 sinens
2238 3046 2512 3119 regionem
2545 3065 2560 3102 :
2586 3049 2700 3103 haec
2735 3063 2863 3104 vero
2883 3049 3081 3117 laboris
3108 3064 3171 3106 ac
3195 3053 3409 3109 sudoris
3441 3053 3599 3123 plena

2024 3138 2079 3192 in
2116 3137 2349 3208 amplam
2412 3139 2589 3193 fertur
2620 3139 2789 3196 animi
2839 3142 3314 3211 tranquillitatem.
3363 3145 3515 3212 Quod
3549 3149 3596 3203 si

2024 3229 2225 3283 nostris
2267 3228 2427 3283 fidem
2472 3229 2733 3286 adhibere
2766 3233 3055 3300 recusatis,
3096 3235 3336 3289 conabor
3374 3252 3598 3307 persua-

2023 3319 2151 3372 dere
2191 3317 2242 3371 id
2274 3317 2430 3373 vobis
2466 3318 2777 3373 testimonio
2808 3329 3093 3385 auctorum
3126 3331 3396 3378 veterum.
3442 3320 3597 3376 Plato

2022 3407 2239 3475 quidem
2272 3406 2505 3462 celebris
2537 3422 2567 3461 a
2589 3407 2934 3478 phil050phia
2964 3410 3153 3465 evasit.
3189 3410 3596 3483 ALDionysius

2021 3498 2184 3553 etiam
2225 3514 2392 3568 regno
2421 3496 2804 3555 administrata
2835 3502 3097 3557 memoria
3136 3502 3359 3560 excidit.
3398 3502 3597 3561 Socrao

2024 3598 2103 3645 tes
2129 3590 2346 3660 quidem
2385 3592 2724 3647 decantatur.
2776 3591 3081 3649 Archelaus
3141 3609 3236 3649 rex
3282 3606 3472 3652 contra
3520 3598 3596 3652 si-

2022 3681 2190 3739 lentio
2224 3683 2527 3753 premitur;
2575 3682 2740 3738 Solon
2781 3684 3140 3753 praedicatur;
3187 3684 3413 3744 Croesus
3444 3703 3595 3755 vero,

2023 3775 2112 3844 qui
2140 3788 2222 3829 .se
2253 3763 2494 3829 omnium
2537 3787 2660 3828 esse
2703 3774 3013 3829 mortalium
3060 3774 3430 3832 felicissimum
3481 3781 3597 3849 opi-

2025 3866 2275 3933 nabatur,
2314 3866 2470 3920 vivus
2506 3873 2697 3936 captus
2737 3862 2843 3931 es't,
2875 3874 2929 3921 et
2978 3865 3089 3936 igni
3130 3864 3351 3924 Persico
3388 3877 3595 3925 tantum

2024 3974 2130 4015 non
2157 3962 2470 4014 combustus
2504 3968 2608 4013 est.
2648 3957 2807 4014 Tales
2851 3968 3032 4014 autem
3070 3960 3418 4032 philosophos
3466 3963 3601 4018 dun;

2027 4060 2193 4117 taxat,
2208 4061 2265 4105 ut
2286 4050 2551 4115 asseritis,
2570 4049 2735 4106 fuisse
2758 4051 3005 4121 equidem
3028 4065 3133 4105 non
3156 4052 3343 4107 iverim
3369 4054 3598 4109 inficias.

2024 4143 2130 4199 Sed
2161 4151 2214 4197 et
2243 4142 2635 4209 rempublicam
2671 4143 3157 4211 administrautes;
3187 4153 3241 4199 et
3266 4156 3388 4214 post
3422 4142 3601 4216 philo.

2024 4228 2274 4298 sophiam
2302 4229 2579 4285 exercitus
2602 4229 2866 4286 ducentes
2908 4230 3163 4287 referam.
3202 4232 3601 4305 Epaminondas

2025 4323 2410 4378 Thebanorum
2447 4322 2579 4389 dux,
2609 4323 2701 4401 qui
2753 4321 3195 4381 Lacedaemonios
3234 4343 3410 4399 pugna
3445 4328 3602 4384 Leu-

346 4420 460 4474 τῶν
492 4417 776 4490 Περσικῶν
803 4417 1068 4488 βασιλέων
1089 4417 1485 4488 ἐπισημότερος
1506 4416 1750 4485 γέγονεν.
1780 4417 1918 4488 Ἀρι-

2025 4416 2192 4471 ctrica
2223 4414 2458 4483 subegit,
2493 4428 2599 4469 una
2623 4424 2910 4470 contentus
2940 4426 3120 4479 veste,
3156 4432 3279 4471 cum
3329 4419 3597 4489 quondam

352 4511 569 4582 στείδης
593 4510 651 4564 δὲ
685 4510 921 4580 τοσαύτῃ
956 4508 1116 4579 πενίᾳ
1146 4506 1484 4578 συμϐιώσας,
1516 4506 1592 4570 ὡς
1617 4507 1720 4579 τὴν
1763 4507 1922 4579 Ἀθη-

346 4606 520 4658 ναίων
552 4600 710 4655 πόλιν
750 4599 914 4654 αὐτὸν
967 4599 1066 4669 μὲν
1110 4598 1279 4668 θάψαι
1326 4598 1667 4652 ἀποθανόντα
1691 4638 1706 4663 ,
1734 4598 1834 4663 τὰς
1865 4599 1923 4653 δὲ

343 4693 660 4766 θυγατέρας
705 4691 871 4746 αὐτοῦ
925 4690 1288 4762 προικίσασαν
1334 4689 1592 4763 ἀνδράσιν
1637 4690 1922 4757 ἐκδοῦναι,

341 4790 575 4844 πάντων
611 4785 837 4840 ἐκείνων
871 4782 980 4838 τῶν
1015 4798 1082 4835 πε
1092 4782 1146 4854 ρὶ
1179 4780 1418 4836 Καλλίαν
1459 4781 1551 4835 τὸν
1579 4781 1924 4837 λακκόπλου-

338 4897 438 4933 τον
470 4877 609 4949 (20),
644 4876 741 4932 καὶ
779 4873 1146 4946 Ἀλκιϐιάδην,
1168 4873 1279 4928 τῶν
1304 4875 1400 4928 καὶ
1424 4874 1640 4945 πλούτῳ
1664 4876 1756 4929 καὶ
1773 4875 1921 4944 γένει
1958 4892 1963 4896 ·

342 4970 447 5024 καὶ
463 4968 752 5040 δυναστείᾳ
771 4966 1135 5039 κρατούντων,
1155 4965 1533 5037 λαμπρότερος
1544 4961 1899 5037 ἦν.Αίδεσθέν
1911 4995 1929 5008 ο

341 5081 445 5129 τες
484 5059 667 5116 τοίνυν
694 5058 870 5113 κᾶννά
912 5055 1251 5129 πρεσϐεύετε
1274 5098 1290 5122 ,
1326 5056 1647 5112 ἀσπάσασθε
1672 5056 1770 5129 τὴν
1797 5057 1929 5127 ἀρε-

348 5153 483 5223 τὴν,
515 5152 585 5206 δι’
614 5146 682 5222 ἦς
716 5148 916 5222 ῥᾳδίως
945 5152 1041 5204 καὶ
1074 5148 1165 5203 ἐπὶ
1194 5146 1292 5219 τὴν
1322 5146 1604 5218 θειοτάτην
1635 5147 1929 5221 θρησκείαν

350 5244 650 5318 βαδιεῖσθε.

2020 4509 2074 4563 in
2113 4507 2332 4563 comitia
2367 4508 2553 4562 venire
2600 4521 2708 4562 non
2754 4519 2963 4577 posset,
3007 4508 3147 4579 quod
3193 4508 3281 4564 illa
3326 4510 3603 4568 lavaretur

2020 4598 2287 4669 aliamque
2342 4605 2565 4654 vestem'
2602 4614 2709 4653 non
2756 4598 3012 4665 haberet,
3062 4598 3294 4656 Persicis
3334 4601 3588 4659 omnibus

2021 4691 2243 4763 regibus
2291 4689 2490 4747 clarior
2547 4699 2631 4745 est
2678 4691 2919 4746 habitus.
2969 4690 3238 4747 Aristides
3285 4694 3422 4749 adeo
3463 4710 3600 4765 pau-

2023 4794 2120 4851 per
2151 4781 2307 4844 vixit,
2334 4790 2395 4835 ut
2440 4780 2615 4850 ipsum
2646 4780 2755 4834 vita
2806 4779 3048 4835 functum
3100 4780 3461 4841 Atheniemes
3510 4802 3601 4844 se-

2025 4872 2218 4944 petire,
2256 4871 2500 4941 filiasque
2545 4871 2757 4942 publice
2805 4874 3019 4928 dotatae
3069 4874 3200 4928 viris
3242 4873 3457 4934 elocare
3502 4879 3599 4935 de-

2024 4965 2263 5019 buerint.
2301 4962 2477 5029 Quid?
2537 4962 2738 5018 Callias
2777 4963 3052 5019 thesauris
3101 4964 3482 5036 locupletatus,
3547 4981 3604 5028 et

2023 5053 2337 5110 Alcibiades
2371 5053 2601 5120 divitiis,
2645 5066 2865 5124 genere,
2907 5063 2963 5108 ct
3011 5054 3246 5124 imperio
3290 5058 3602 5125 potentibus

2022 5147 2439 5211 antecellebant.
2493 5144 2677 5213 Quare
2724 5134 2821 5202 vos
2872 5148 3080 5219 pudore
3126 5147 3307 5205 affecti
3355 5165 3600 5219 quaenam

2023 5239 2326 5308 profertis?
2380 5240 2637 5295 virtutem
2684 5240 2871 5311 itaque
2898 5241 3360 5311 complectamini,
3412 5252 3469 5299 et
3521 5246 3589 5299 ad

2024 5331 2263 5386 divinam
2288 5330 2606 5400 religionem
2638 5332 2903 5391 accedite.

1438 5461 1673 5518 VARUE
1716 5461 2095 5519 LECTIONES
2133 5461 2223 5518 ET
2260 5460 2491 5551 nom.

427 5619 541 5697 (lg)
574 5620 679 5676 Pro
707 5619 802 5674 καὶ
824 5620 873 5673 ιι
899 5617 1058 5676 codd.
1095 5618 1218 5676 Vat.
1242 5616 1346 5675 650
1374 5625 1428 5674 et
1449 5617 1559 5697 Alt.
1587 5616 1787 5674 habent
1809 5615 1941 5689 άλλῖ

344 5688 1217 5855 ῆδρθὶἷθλίίῖκόπλουτοιώάηε.
1245 5758 1530 5830 Hesychia,
1551 5769 1601 5817 et
1646 5757 1923 5815 Plutarch.

2032 5617 2539 5697 i‘nAAristideuAtd
2590 5620 2650 5674 τὸ
2702 5624 3012 5693 περιτυχεῖν
3060 5621 3247 5696 χρυσῷ
3290 5624 3371 5688 είς
3420 5623 3597 5697 φρέαρ

2035 5684 2383 5759 βεσλημένῳ.
2400 5688 2577 5746 Seno'r
2585 5706 2638 5745 τ.
