4070 6402
524 307 658 374 1423
1550 327 1583 353 ι

764 421 969 480 Cva.
998 454 1065 464 —
1105 410 1451 485 LAMPETlO
1490 427 1843 487 EPlSCOPO.

1708 291 1778 378 's.
1819 318 2112 383 ISIDORI
2146 319 2583 383 PELUSIOTE

3604 324 3720 397 Lm

2459 433 2624 487 PEE'.
2667 465 2734 475 .-.
2767 432 3122 506 ΛΑΜΗΕἸΊῼ
3156 434 3502 511 ΕΠΙΣΚΟΠῼ.

520 534 636 589 Etsi
677 535 729 589 in
765 533 976 593 Zosimo
1036 539 1364 595 admonendo
1412 556 1624 611 operam
1660 543 1977 682 perdizigrit,
2030 544 2256 668 inferias;
2286 552 2469 683 tairitén)
2510 546 2789 598 mercedem
2843 546 2983 614 apud
3023 543 3191 600 Deum
3259 549 3524 616 repositam
3573 552 3724 607 habet.

1632 668 1636 673 ,
1885 629 2084 683 up.epts
2115 654 2128 667 .
2263 652 2278 679 ,
2430 652 2443 666 .

1885 629 2128 683 up.eptst.
2155 629 2278 679 tuo,
2322 629 2443 667 nu.

593 712 875 781 Quamvis,
897 723 956 769 ut
980 716 1217 784 optimus
1246 718 1492 773 medicus
1522 717 1576 773 in
1604 718 1784 776 alieno
1811 718 1953 774 malo
1988 719 2097 774 vel-

522 815 579 860 ut
613 820 675 860 ex
708 806 924 876 propria
965 807 1283 877 azgritudine
1329 808 1560 863 fructum
1597 810 1919 879 percipiens,
1946 811 2099 866 dolo-

523 913 610 953 res
645 898 710 951 ad
748 899 1122 954 lassitudinem
1174 901 1476 966 desudasti,
1507 899 1703 954 Zosimi
1738 911 1930 956 curatu
1963 917 2095 957 sane

521 991 895 1060 perdifﬁcilem
931 993 1179 1047 morbum
1218 1008 1325 1047 non
1364 992 1523 1048 modo
1564 992 1874 1061 explorans,
1916 993 2011 1048 sed
2041 1001 2095 1047 et

520 1082 629 1153 igni
668 1092 722 1137 et
752 1082 899 1138 ferro
950 1082 1187 1138 adurens
1243 1082 1773 1153 admonitionemque
1801 1084 2089 1148 adhibens.

517 1182 571 1227 et
607 1172 773 1228 multa
813 1173 1033 1244 quidem
1071 1176 1137 1230 ad
1168 1176 1424 1246 pietatem
1454 1176 1764 1247 singulatim
1788 1177 2088 1244 inculcans,

517 1265 683 1319 multa
714 1281 931 1336 quoque
978 1267 1212 1337 benigna
1270 1282 1335 1323 ac
1378 1268 1639 1324 salutaria
1671 1267 1925 1333 suadens,
1962 1268 2097 1323 nihil

516 1368 712 1424 praeter
742 1357 1051 1413 irrisionem
1103 1369 1159 1413 et
1207 1359 1391 1414 odium
1446 1359 1516 1414 ab
1546 1358 1639 1413 illo
1694 1358 1968 1426 retuleris,
2004 1372 2096 1426 ne,

517 1460 721 1514 quaeso,
755 1448 906 1517 parvi
948 1448 1207 1515 aestimes,
1233 1448 1328 1503 sed
1360 1448 1675 1503 memineris
1703 1448 1882 1518 potius
1920 1449 2093 1504 maxi-

520 1552 662 1591 mam
694 1547 745 1592 tc
768 1538 906 1608 apud
938 1537 1110 1594 Deum
1148 1554 1367 1594 manere
1397 1540 1723 1596 mercedem.

726 1650 733 1657 ’
781 1647 1009 1713 CLXVI.
1045 1679 1116 1689 —
1154 1647 1430 1707 lSIDORO
1463 1648 1817 1707 EPISCOPO.

2269 723 2333 775 Εί
2357 723 2453 776 καὶ
2492 721 2570 786 ὡς
2601 723 2822 793 ἄριστος
2874 722 3095 795 ἰατρὸς,
3144 722 3202 776 ἐν
3234 722 3527 796 ἀλλοτρίοις
3563 734 3733 795 κακοίς

2202 813 2337 877 ίδίας
2370 813 2757 886 καρπούμενος
2805 813 3003 880 λύπας,
3039 813 3326 884 ἀπέκαμες
3354 854 3369 879 ,
3417 815 3476 867 τδ
3503 816 3732 873 δυσίατον

2197 906 2448 975 Ζωσίμου
2473 905 2706 975 νόσημα,
2744 904 2819 976 μὴ
2856 904 3012 975 μόνον
3044 904 3321 959 κατανοῶν
3347 904 3629 975 (angam
3653 912 3737 964 καὶ

2197 998 2533 1065 κατακαίων,
2570 997 2705 1068 πυρί
2733 1015 2793 1051 τε
2829 999 2922 1050 καὶ
2956 996 3171 1068 σιδήρῳ
3203 996 3282 1067 τῷ
3314 995 3402 1051 διὰ
3431 998 3594 1066 λόγων
3618 1002 3741 1073 χρώ-

2201 1102 2359 1155 μενος
2379 1104 2392 1116 ·
2424 1088 2520 1140 καὶ⁵
2553 1087 2726 1140 πολλὰ
2761 1087 2863 1156 μὲν
2893 1088 3031 1158 πρὸς
3061 1087 3157 1158 τὴν
3189 1086 3440 1141 ἀσέϐειαν
3483 1089 3743 1160 ἀποτομώ-

2196 1194 2336 1231 τατα
2368 1178 2584 1247 φράσας
2604 1218 2617 1243 ,
2661 1177 2832 1231 πολλὰ
2861 1177 2917 1231 δὲ
2947 1177 3194 1249 προσηνῆ
3212 1178 3322 1231 ’καὶ
3356 1181 3590 1250 σωτήρια
3620 1198 3742 1251 συμ-

2197 1265 2524 1331 ϐουλεύσας,
2558 1265 2712 1319 οὐδὲν
2764 1265 2859 1319 τοῦ
2919 1265 3287 1336 χλευασθῆναι
3335 1268 3429 1320 καὶ
3473 1268 3744 1340 μισηθῆναι

2197 1358 2327 1427 παρ’
2361 1356 2528 1411 αὑτοῦ
2562 1358 2724 1411 πλέον
2750 1357 3052 1427 ἀπηνέγκω
3076 1375 3091 1391 ο
3132 1359 3210 1429 μὴ
3247 1357 3605 1431 ὀλιγωρήσῃς,
3643 1360 3740 1415 ἀλλ’

2198 1447 2309 1502 ίσθι
2340 1448 2494 1521 παρὰ
2513 1447 2608 1502 τοῦ
2636 1447 2772 1502 Θεοῦ
2809 1449 3077 1518 μεγίστας
3104 1448 3241 1516 ἕξων
3277 1450 3379 1514 τὰς
3404 1450 3657 1521 ἀμοιϐάς.

2492 1647 2675 1718 ΡΞςι.
2707 1678 2779 1692 -
2816 1648 3077 1722 ιΣιΔοΡι)
3101 1649 3471 1725 ΕΠΙΣΚΟΠῼ.

1233 1744 1301 1799 In
1342 1755 1634 1816 martyrum
1670 1747 2027 1817 persecutione
2065 1744 2274 1799 irritum
2305 1760 2414 1799 esse
2438 1760 2766 1813 paganorum
2795 1754 3060 1798 conatum.

592 1834 704 1890 Etsi
738 1833 1065 1891 nefariorum
1100 1836 1535 1907 cacodtemonum
1581 1847 1637 1892 et
1683 1837 2092 1893 simulacrorum

2203 1823 2209 1829 ’
2273 1836 2337 1888 Ei
2371 1835 2469 1889 καὶ
2506 1835 2556 1887 oi
2585 1832 2695 1888 τῶν
2748 1834 3020 1903 δαιμόνων
3059 1832 3167 1888 τῶν
3201 1835 3480 1908 πονηρῶν,
3530 1837 3618 1891 καὶ
3657 1837 3757 1891 τῶν

524 1941 719 1983 sensus
743 1926 922 1982 omnis
954 1925 1255 1996 expertium
1305 1925 1540 1982 cultores
1577 1941 1640 1982 ea
1671 1927 1724 1981 in
1748 1927 1897 1983 verbi
1927 1925 2095 1981 divini

522 2032 799 2086 praecones
831 2026 1096 2073 tormenta
1123 2018 1521 2088 excogitarunt,
1550 2034 1669 2089 qua:
1700 2032 1874 2088 neque
1913 2016 2096 2073 verbis

523 2108 752 2178 proferri
783 2118 1005 2178 queant,
1045 2122 1222 2178 neque
1266 2108 1469 2178 reipsa,
1492 2108 1689 2179 quibus
1719 2108 1993 2180 perterriti
2025 2106 2095 2162 ab

522 2200 826 2255 orthodoxa
887 2199 1145 2270 opinione
1201 2198 1574 2265 deﬂecterent,
1627 2200 1737 2255 sint
1783 2198 2094 2267 toleranda;

518 2291 687 2366 605
752 2302 989 2348 attamen
1044 2294 1227 2348 omnia
1277 2292 1393 2347 haec
1446 2303 1777 2363 superarunt
1833 2301 2101 2362 martyres

520 2395 684 2454 atque
706 2392 1033 2449 evaserunt,
1098 2389 1282 2452 utpote
1331 2381 1398 2437 ad
1444 2385 1771 2440 certantium
1818 2380 2098 2435 victoriam

519 2474 878 2532 illustriorem
914 2475 1269 2542 reddendam,
1300 2482 1355 2529 et
1377 2474 1443 2529 ad
1470 2474 1709 2544 ipsorum
1732 2471 2097 2544 torquentium

518 2570 818 2640 perniciem
846 2569 1026 2639 potius
1050 2568 1350 2624 destinata.

728 2657 983 2715 CLXVII.
1006 2688 1076 2700 --
1109 2659 1222 2713 DID
1236 2656 1376 2714 YMO
1400 2655 1883 2722 PRESBYTEBO.

2197 1925 2431 1980 εἰδώλων
2457 1924 2567 1979 τῶν
2586 1926 2857 1996 ἀκινήτων
2883 1927 3275 1997 προσκυνηταὶ,
3302 1926 3428 1982 οὔτε
3450 1928 3589 2000 λόγῳ
3613 1929 3755 2001 ῥητὰ,

2196 2015 2322 2070 οὔτε
2351 2016 2497 2088 ἔργῳ
2537 2017 2781 2088 φορητὰ,
2814 2015 2954 2071 κατά
2985 2017 3094 2072 τῶν
3124 2018 3186 2072 τὸ
3209 2019 3356 2073 θεῖον
3392 2019 3753 2091 κηρυττόντων

2197 2106 2462 2178 κήρυγμα
2486 2105 2786 2174 ἐπενόησαν
2815 2103 3229 2177 βασανιστήρια,
3262 2106 3341 2170 ὼς
3368 2104 3544 2177 ταύτῃ
3578 2104 3758 2167 αὐτοὺς

2198 2195 2673 2266 καταπλήξοντες,
2708 2195 2805 2250 καὶ
2855 2193 2949 2248 τοῦ
2978 2194 3140 2266 ὀρθοῦ
3193 2196 3547 2268 φρονήματος
3579 2195 3761 2264 ὲκστή·

2202 2303 2413 2351 σοντεςο
2440 2287 2578 2341 ἀλλά
2605 2303 2670 2357 γε
2697 2286 2875 2341 πάντα
2906 2288 3092 2351 αὐτοῖς
3126 2288 3293 2354 ὲάλω,
3327 2288 3424 2342 καὶ
3463 2287 3638 2341 πάντα
3666 2286 3761 2339 ὑπ·

2198 2376 2420 2447 έκυψεν,
2447 2374 2638 2447 ὥσπερ
2666 2377 2745 2440 είς
2769 2376 2868 2448 τὴν
2893 2376 3003 2430 τῶν
3038 2376 3466 2448 πολεμηθέντων
3504 2376 3657 2446 νίκην
3684 2374 3763 2427 εὑ-

2199 2468 2529 2540 κλεεστέραν
2555 2509 2571 2535 ,
2632 2469 2727 2522 καὶ
2776 2471 2856 2533 εἱς
2897 2468 2994 2522 τὸν
3043 2468 3154 2522 τῶν
3196 2467 3765 2540 παρασκευασαμένων

2196 2560 2418 2631 ὄλεθρον
2445 2561 2891 2633 εὐτρεπισθέντα.

2447 2655 2614 2708 ΡΞΖ’.
2650 2684 2722 2695 —
2746 2654 3003 2723 ΔΙΔΥΜῼ
3041 2651 3524 2725 ΠΡΕΣΒΥΤΕΡῼ.

521 2749 760 2805 Primum
788 2761 859 2806 est
887 2751 1109 2815 vincere,
1141 2766 1233 2804 nec
1269 2766 1498 2820 unquam
1529 2750 1800 2818 superari;
1826 2747 2278 2820 proximumtetsi
2319 2746 2474 2820 initio
2511 2746 2915 2820 superatus‘sit,
2945 2747 3169 2800 vincere.
3217 2742 3279 2799 Si
3318 2747 3553 2815 primum
3584 2740 3769 2812 assequi

1065 2814 1101 2855 ί
1353 2814 1603 2890 nequeat,
1641 2814 1953 2874 studendum
1978 2816 2274 2885 posteriori.
2308 2814 2546 2886 (Confer.
2588 2816 2739 2886 epist.
2775 2814 2924 2885 554.)

589 2930 844 2995 Praestat,
870 2907 902 2983 o
931 2929 1360 2999 sapientissime,
1386 2942 1575 2999 puram
1607 2942 1638 2983 a
1666 2927 1820 2983 clade
1846 2925 2091 2982 nancisci

519 3020 826 3086 victoriam,
857 3034 1019 3088 quam
1053 3018 1141 3073 ubi
1177 3018 1254 3074 sis
1277 3019 1451 3072 victus
1482 3017 1705 3072 victoria
1736 3016 1920 3087 potiri.
1955 3014 2091 3071 Illud

2267 2922 2456 2994 Πολλῷ
2503 2923 2603 2994 μὲν
2659 2925 2930 2995 κρεῖττον,
2977 2916 3022 2976 ὦ
3068 2922 3387 2993 σοφώτατε,
3433 2923 3498 2977 τὸ
3542 2920 3776 2994 καθαρὰν

2195 3016 2369 3086 ἥττης
2398 3014 2544 3086 ἔχειν
2575 3014 2674 3086 τὴν
2709 3015 2884 3086 νίκην,
2917 3015 3010 3068 τοῦ
3045 3017 3182 3087 μετά
3214 3013 3328 3085 τὴν
3350 3012 3526 3090 ἧτταν
3548 3015 3775 3085 νικῆσαι.

519 3110 664 3168 enim
690 3108 817 3164 licet
850 3108 942 3163 lini
975 3109 1264 3175 cohaereat,
1296 3116 1532 3164 attamen
1567 3108 1894 3178 principium
1927 3107 2092 3162 habet

2195 3106 2271 3160 Τὸ
2303 3106 2402 3178 μὲν
2444 3109 2554 3178 γὰρ
2592 3107 2642 3159 εἰ
2668 3106 2762 3160 καὶ
2794 3106 2873 3178 τῷ
2910 3105 3055 3161 τέλει
3098 3106 3486 3173 συνάπτεται,
3519 3106 3635 3161 ἀλλ’
3676 3105 3780 3175 ἔχει

519 3215 767 3271 ριίεεοηε
801 3200 1059 3269 dignum;
1091 3201 1210 3255 haec
1239 3214 1368 3256 vero
1404 3198 1533 3254 licet
1581 3201 1635 3254 in
1677 3199 1783 3253 line
1823 3198 2090 3268 obtingat,

519 3302 700 3349 tamen
728 3291 883 3346 clade
906 3291 974 3345 ab
1010 3289 1166 3344 initio
1193 3298 1408 3359 accepta
1439 3290 1783 3344 obscuratur.
1811 3285 1970 3343 Prius
1996 3286 2095 3342 ita-

516 3399 622 3455 que
660 3384 790 3439 illud
841 3380 1034 3437 melius
1067 3389 1172 3446 est,
1208 3380 1254 3437 si
1295 3394 1426 3434 vero
1472 3378 1739 3449 effugerit,
1791 3377 2089 3434 secundum

516 3477 588 3531 sit
618 3484 942 3545 maneatque
968 3475 1286 3529 secundum.
1322 3470 1511 3527 Melius
1554 3482 1636 3527 est
1666 3471 1811 3525 enim
1838 3471 2089 3542 prtelium

523 3576 831 3632 maturare,
886 3580 1049 3636 quam
1098 3565 1154 3619 in
1205 3562 1459 3619 conﬂictu
1509 3562 1852 3618 occumbere.
1902 3560 2090 3631 Neque

514 3668 725 3714 tantum
746 3674 774 3713 a
798 3658 980 3728 priore
1007 3655 1266 3719 vincitur,
1282 3665 1542 3723 quantum
1560 3654 1626 3710 ab
1653 3654 1844 3708 ultimo
1862 3668 2092 3724 supera-

521 3762 631 3806 tur.
664 3748 780 3811 Ηοε
811 3749 977 3817 igitur
1024 3746 1184 3810 satis,
1224 3747 1326 3801 etsi
1365 3760 1471 3801 non
1520 3753 1580 3800 ut
1621 3745 1876 3818 primum,
1909 3744 2097 3799 lauda-

520 3850 611 3894 tur
639 3848 849 3895 tamen.
882 3838 976 3892 IIIe
1008 3851 1138 3893 vero
1172 3836 1433 3909 ridiculus
1470 3843 1576 3901 est,
1622 3843 1678 3891 et
1727 3834 1980 3891 omnibus
2009 3849 2096 3889 re-

514 3924 888 3993 prehendendi
920 3939 1040 3980 sese
1072 3924 1355 3979 materiam
1378 3925 1599 3993 praebet.

903 4031 1184 4089 CLXVIII.
1212 4062 1284 4072 --
1309 4031 1687 4089 ’[ΙΜΟΤΗΕΟ.

2196 3197 2292 3251 καὶ
2322 3196 2419 3268 τὴν
2440 3195 2614 3267 ἀρχὴν
2644 3197 3132 3268 ἀνακηρύττουσαν
3155 3213 3167 3225 ·
3198 3196 3258 3250 τὸ
3289 3196 3361 3250 δὲ
3390 3200 3441 3250 εί
3472 3199 3572 3251 καὶ
3600 3195 3675 3267 τῷ
3706 3194 3781 3249 τέ-

2193 3288 2275 3342 λει
2312 3288 2620 3359 συμϐαίνει,
2650 3291 2716 3359 τῇ
2741 3289 2894 3361 παρὰ
2915 3289 3013 3359 τὴν
3038 3288 3213 3360 ἀρχὴν
3242 3289 3612 3362 ἀμαυροῦται
3629 3289 3779 3358 ἥττῃ.

2196 3380 2454 3450 ’Ἄμεινον
2490 3379 2589 3451 μὲν
2610 3376 2705 3433 οὖν
2737 3380 2796 3433 τὸ
2828 3381 3119 3450 πρότερον·
3150 3382 3199 3432 εί
3229 3380 3287 3433 δὲ
3319 3380 3637 3449 διαφεύγοι,
3670 3378 3779 3431 δεύ-

2192 3486 2348 3542 τερον
2378 3469 2519 3524 ἔστω
2543 3471 2605 3524 τὸ
2628 3469 2902 3541 δεύτερον.
2940 3455 3198 3541 ’Ἄμεινον
3226 3470 3344 3537 γὰρ
3378 3472 3480 3526 τοῦ
3520 3474 3697 3543 μεῖναι
3725 3469 3776 3521 ὲν

2192 3565 2261 3634 τῇ
2292 3563 2430 3634 ἧττῖἱ
2465 3562 2521 3616 τδ
2557 3561 3006 3634 ἀναμαχέσασθαι
3034 3562 3261 3633 ταύτην.
3287 3562 3370 3617 Οὐ
3394 3563 3653 3617 τοσοῦτον
3678 3560 3777 3630 γὰρ

2196 3653 2292 3706 τοῦ
2320 3652 2537 3725 πρώτου
2568 3652 2922 3708 ἀπολείπεται
2950 3693 2965 3717 ,
2998 3654 3107 3724 ὅσῳ
3137 3652 3231 3706 τοῦ
3270 3654 3600 3708 τελευταίου
3624 3653 3782 3720 ὑπερ-

2194 3742 2308 3813 έχει
2329 3758 2342 3771 '
2379 3741 2578 3814 μᾶλλον
2610 3742 2667 3796 δὲ
2698 3744 2727 3796 ό
2764 3744 2860 3814 μὲν
2881 3781 2895 3805 ,
2928 3745 2977 3796 εί
3020 3744 3116 3795 καὶ
3166 3741 3242 3813 μὴ
3276 3743 3360 3807 ὡς
3382 3745 3428 3807 ,ὁ
3478 3743 3739 3814 πρότερος
3764 3778 3779 3803 .

2193 3835 2342 3905 ὅμως
2370 3834 2414 3887 δ’
2437 3830 2530 3887 οὖν
2551 3834 2985 3905 ἀνακηρύττεται
3005 3852 3018 3865 ·
3048 3834 3259 3898 ἐκεῖνος
3281 3834 3343 3888 δὲ
3377 3832 3781 3906 καταγέλαστός

2192 3926 2328 3992 ἐστι,
2363 3926 2460 3979 καὶ
2487 3925 2777 3997 κωμῳδίας
2806 3925 2978 3980 ἅπασι
3005 3926 3291 3998 πρόκειται
3334 3927 3629 3990 ὑπόθεσις.

2676 4030 2846 4086 ΡΞΗν.
2877 4063 2944 4072 -
2972 4031 3297 4104 ΤΙΜΟΘΕῼ.

517 4128 651 4197 Qui:
665 4126 890 4197 principi
911 4127 1226 4181 necessaria.
1245 4124 1405 4180 Solon
1421 4125 1646 4193 dicebat,
1664 4126 1864 4180 duobus
1880 4126 2248 4195 rempublicam
2269 4127 2546 4192 contineri,
2569 4128 2785 4195 prazmio
2799 4135 2847 4180 et
2863 4142 3034 4195 paena.
3062 4124 3192 4195 (Cic.
3222 4123 3408 4195 Epist.
3429 4127 3506 4180 ad
3524 4120 3782 4189 Brutum.)

586 4236 946 4306 imperantem
996 4235 1172 4299 decet,
1217 4244 1277 4289 ut
1332 4234 1464 4290 mihi
1520 4235 1735 4304 quidem
1765 4235 2002 4302 videtur,
2028 4245 2085 4291 et

516 4326 804 4383 amabilem
831 4339 954 4381 esse
984 4333 1041 4379 et
1072 4320 1366 4379 terribilem
1399 4342 1415 4380 :
1442 4333 1501 4378 ut
1520 4335 1670 4381 recta
1707 4334 1928 4394 agentes
1950 4339 2084 4380 con-

519 4418 713 4482 ﬁdant,
739 4426 1031 4487 peccantes
1051 4424 1239 4471 contra
1262 4423 1515 4486 paveant.
1537 4415 1780 4471 Alterum
1803 4417 1946 4471 enim
1971 4401 2088 4471 sine

522 4508 697 4564 altero
719 4505 931 4574 imperii
962 4504 1150 4560 verius
1176 4514 1260 4560 est
1279 4506 1544 4570 carentia,
1567 4520 1729 4576 quam
1782 4506 2089 4573 imperium.

517 4600 574 4654 Si
614 4599 834 4669 quidem
861 4611 1051 4654 omnes
1080 4597 1282 4654 subditi
1318 4599 1508 4653 virtuti
1555 4607 1735 4653 essent
1758 4597 1944 4662 dediti,
1977 4596 2094 4652 sola

515 4705 652 4758 opus
683 4700 833 4745 esset
863 4690 1121 4746 comitate
1147 4705 1164 4756 ;
1210 4690 1254 4745 si
1286 4700 1469 4745 autem
1510 4690 1659 4744 vitiis
1695 4688 1917 4755 addicti,
1946 4697 2092 4744 metu

521 4795 712 4835 omnes
745 4788 932 4836 essent
968 4781 1277 4836 coercendi.
1312 4779 1540 4846 Quando
1594 4779 1756 4848 igitur
1789 4779 1914 4834 boni
1965 4787 2095 4833 sunt

517 4880 682 4938 atque
720 4868 846 4923 mali
882 4869 1084 4925 subditi
1118 4884 1219 4925 nec
1274 4869 1666 4940 imperantibus
1701 4877 1915 4938 parent,
1940 4877 2089 4922 utra-

512 4975 621 5029 que
650 4974 728 5023 re,
765 4960 858 5028 qui
892 4960 1141 5030 imperat,
1174 4960 1376 5030 indiget
1406 4976 1585 5015 amore
1612 4974 1675 5016 ac
1713 4960 1898 5013 timore
1928 4975 1946 5013 :
1974 4960 2081 5015 sci-

514 5053 647 5107 licet
687 5060 745 5104 ut
791 5040 1158 5121 temperantes
1197 5066 1262 5106 ac
1303 5051 1566 5106 moderati
1618 5051 1856 5106 bonitate
1884 5052 2087 5106 conﬁr-

514 5152 766 5205 mentur,
817 5141 1036 5212 pessimi
1077 5152 1265 5197 contra
1306 5157 1334 5194 a
1371 5141 1625 5210 peccandi
1670 5140 1893 5213 libidine
1933 5154 2086 5197 coer-

512 5245 754 5290 cuntur.

2264 4233 2369 4288 Τὸν
2412 4235 2691 4304 ἄρχοντα,
2731 4235 2808 4297 ὠς
2842 4234 3027 4305 ἔμοιγε
3072 4235 3248 4299 δοκεῖ,
3288 4234 3407 4307 χρὴ
3443 4236 3550 4290 xa‘t
3597 4232 3782 4304 ἀγαθὸν

2193 4322 2331 4381 εἶναι
2372 4327 2465 4381 καὶ
2496 4324 2724 4398 φοϐερόν
2757 4326 2889 4397 (22).
2922 4326 3018 4380 Ἵν’
3053 4328 3102 4379 oi
3149 4326 3247 4395 μὲν
3275 4325 3343 4382 εὖ
3380 4328 3640 4398 βιοῦντες
3667 4324 3787 4395 θαῤ-

2196 4418 2359 4489 ροἶεν,
2399 4420 2447 4470 οί
2477 4417 2535 4471 δὲ
2565 4417 2971 4488 ἁμαρτάνοντες
3005 4418 3215 4470 ὀκνοϊεν
3239 4433 3253 4447 ·
3284 4416 3539 4489 θάτερον
3571 4417 3684 4488 γὰρ
3708 4413 3789 4468 θα·

2194 4507 2354 4579 τέρου
2402 4509 2572 4579 χωρὶς
2617 4508 2852 4580 ἀναρχία
2887 4507 3088 4579 μᾶλλόν
3113 4509 3263 4560 ἐστιν
3311 4509 3351 4580 ἢ
3386 4509 3570 4581 ἀρχή.
3608 4508 3671 4560 Ei
3701 4503 3791 4576 μὲν

2189 4598 2299 4670 γὰρ
2327 4594 2468 4670 ἦσαν
2497 4599 2699 4662 πάντες
2737 4600 2787 4653 οί
2826 4600 3059 4670 ὑπήκοοι
3091 4599 3412 4669 φιλάρετοι,
3445 4599 3790 4670 ἁγαθότητος

2189 4683 2260 4760 ἦν
2320 4689 2482 4759 χρεία
2534 4688 2730 4759 μόνης·
2777 4691 2827 4743 εί
2875 4689 2935 4743 δὲ
2982 4687 3495 4760 φιλαμαρτήμονες
3523 4730 3541 4753 ,
3606 4688 3785 4758 φόϐου.

2201 4779 2426 4851 Ἐπειδὴ
2457 4779 2514 4832 δὲ
2550 4779 2914 4849 καὶ-ἀγαθοὺς
2946 4781 3042 4834 καὶ
3069 4781 3350 4851 πονηροὺς
3387 4778 3547 4836 εἶναι
3583 4780 3790 4848 ἀνάγκη

2186 4872 2248 4926 ὲν
2300 4873 2415 4934 τοῖς
2463 4872 2791 4942 ἀρχομένοις
2818 4912 2835 4939 ,
2866 4871 3156 4943 ἀμφότερα
3207 4872 3684 4944 μεταχειριστέον
3726 4866 3792 4937 τῷ

2191 4963 2415 5033 ἄρχοντι
2440 4963 2506 5016 ἶν’
2527 4965 2560 5033 ἡ
2589 4964 2691 5034 μὲν
2707 4964 3009 5034 ἀγηθότης
3039 4962 3271 5036 στηρίςῃ
3303 4966 3449 5028 τοὺς
3487 4966 3794 5037 σώφρονας,

2187 5054 2217 5105 ὁ
2260 5051 2319 5106 δὲ
2352 5054 2539 5123 φόϐος
2577 5054 2990 5129 προαναστέλλῃ
3024 5055 3133 5110 τῶν
3187 5055 3494 5111 κακίστων
3540 5056 3614 5110 τὰ
3648 5051 3794 5108 πται·

2189 5160 2390 5212 σματα.

1604 5341 1840 5401 ΥΑΒΗΕ
1881 5345 2269 5405 LECTIONES
2302 5348 2391 5403 ET
2430 5349 2661 5406 NOTAE.

583 5502 696 5573 εει)
726 5500 830 5558 Pro
863 5500 1143 5573 κατανρῶν
1166 5499 1332 5573 _a_mbo
1366 5500 1489 5573 _c_od.
1525 5500 1644 5573 _Vat.
1683 5511 1735 5555 et
1777 5502 1890 5557 Alt.
1922 5504 2078 5558 codd.

510 5566 751 5626 scribunt
798 5567 1122 5627 καταιονῶν.
1166 5568 1335 5639 Vers.
1363 5566 1396 5621 5
1430 5579 1482 5622 et
1514 5570 1567 5623 6.
1616 5585 1702 5637 ep.
1746 5587 1845 5639 pro
1883 5574 2081 5626 ἀποτο-

510 5641 733 5710 μώτατα
764 5642 927 5710 iidem
963 5639 1141 5710 legunt
1171 5638 1265 5710 καὶ
1291 5638 1390 5706 τὴν
1417 5638 1972 5710 ὁμοιότητιΡοεεικ.

580 5713 689 5783 4'32)
722 5713 829 5765 Καὶ
864 5704 1090 5779 ἀγαυὸν
1122 5708 1219 5761 καὶ
1264 5704 1536 5775 φοϐερὸν.
1574 5704 1790 5778 Sttidas,
1821 5713 1911 5782 qui
1941 5714 2077 5767 hanc

2186 5504 2474 5575 epistolam
2518 5503 2767 5575 θῆαι-ιλιι
2830 5501 2999 5560 Ἰωάν.
3046 5507 3274 5575 Ἀντιοχ.
3302 5545 3321 5571 ,

3386 5508 3613 5562 δίκαιον
3658 5503 3794 5561 εἶναι

2189 5572 2301 5628 δεῖ·
2332 5574 2424 5629 sed
2472 5576 2654 5647 verior
2675 5572 2937 5647 AVaticani
2972 5577 3093 5647 cod.
3139 5572 3468 5647 est—lectio,
3523 5594 3647 5633 mea
3681 5577 3793 5647 qui-

2191 5647 2309 5720 dem
2342 5646 2631 5720 sententia.
2671 5642 2926 5714 Sequitur
2974 5646 3117 5701 enim
3171 5642 3540 5720 ἀγαθότητος
3574 5658 3631 5703 et
3657 5642 3793 5717 ἀῖτα-

2190 5712 2369 5786 θότης.
2402 5716 2639 5771 Scuor‘r.
