4070 6384
378 393 516 459 1425

615 504 778 560 esea
819 535 889 546 -
914 506 1312 578 ΑΠΟΛΛΩΝΙῼ
1335 510 1706 580 Εηηιιξοηο.

1257 395 1787 458 EPISTOLARUM
1825 398 1968 457 LIB.
2008 400 2076 462 V.
2119 399 2444 462 —-EPIS’1‘.
2486 402 2705 463 CLXX.

1970 522 2017 579 Α

3484 403 3617 468 13.26

2265 512 2499 570 CLXIX.
2526 545 2597 556 —
2633 512 3019 572 APOLLONIO
3059 512 3410 574 EPISCOPO.

376 620 638 676 Hortatur
665 633 721 676 ut
753 622 933 696 virtuti
962 623 1167 696 studeat
1196 623 1307 696 sine
1323 624 1705 696 ostentatione;
1736 624 2017 696 ostentatio
2043 624 2422 696 cuimodium,
2448 626 2718 681 humilitas
2746 613 2981 696 fauorem
3005 628 3295 696 conciliat;
3328 645 3421 683 nec
3457 630 3622 687 virttis

760 693 884 747 solis
912 693 1082 746 instar
1112 693 1204 746 diu
1230 694 1389 746 latere
1420 702 1608 763 potest.
1638 691 1873 764 (Confer.
1924 692 2143 764 Gregor.
2177 693 2431 764 Nysam,
2469 712 2586 765 cap.
2617 696 2709 761 24,
2746 691 2843 752 lib.
2878 697 2953 752 De
2987 694 3250 768 virginit.)

445 797 510 850 El
540 795 633 850 καί
657 813 800 861 τινες
827 796 937 851 τῶν
967 798 1052 851 σοὶ
1092 797 1585 869 ωνδιατριψάντων
1613 800 1803 855 σϐέσαι
1839 819 1943 873 μου

372 887 474 958 τὴν
503 886 597 940 ἐπὶ
623 886 686 941 τὸ
715 887 1018 941 ἐπιστεῖλαί
1050 905 1132 942 σοι
1159 889 1336 961 ὁρμὴν
1356 889 1687 962 πειρώμενοι
1716 891 1944 962 ἔφασαν,

372 979 450 1044 ὡς
474 982 599 1045 τοὺς
628 980 728 1050 μὲν
763 980 1157 1045 κολακεύοντας
1186 981 1326 1049 ἄγαν
1356 984 1554 1053 τιμᾷς,
1588 983 1697 1036 τῶν
1717 984 1774 1037 δέ
1803 1002 1947 1054 συμ-

374 1069 738 1125 ϐουλευόντων
788 1073 1170 1141 καταφρονεῖς.
1235 1071 1375 1124 Ἀλλ’
1432 1073 1532 1142 ἐμὲ
1587 1073 1686 1126 οὐκ
1742 1074 1806 1129 ἄν
1860 1092 1946 1138 τις

376 1162 639 1227 πείσειεν,
672 1161 747 1226 ώς
779 1157 890 1216 οἷόν
922 1179 982 1216 τε
1015 1161 1127 1234 (25)
1167 1162 1423 1218 τοσοῦτον
1454 1166 1546 1218 καὶ
1576 1167 1642 1236 τῇ
1682 1167 1947 1238 φρονήσει

375 1254 472 1306 καὶ⁵
492 1254 607 1317 τοῖς
631 1252 815 1323 ἔργοις
833 1254 1154 1323 διενεγκεῖν,
1184 1254 1249 1325 ἢν
1280 1257 1353 1326 μή
1383 1272 1467 1319 τις
1499 1254 1610 1309 τῶν
1650 1256 1748 1327 μὲν
1772 1256 1949 1329 μαθη-

373 1343 494 1415 τὴς,
532 1343 642 1397 τῶν
671 1344 730 1399 δὲ
757 1345 1054 1416 ἀκροατὴς,
1084 1345 1196 1399 τῶν
1223 1345 1280 1400 δὲ
1302 1346 1530 1418 εὑρετὴς
1551 1349 1817 1421 τυγχάνῃ.
1851 1351 1949 1404 Διά

374 1435 551 1490 ταῦτα
579 1437 677 1507 μὲν
700 1431 795 1491 οὖν
812 1438 1098 1491 ἐπέστειλα
1119 1456 1131 1468 ·
1156 1441 1204 1492 εί
1231 1438 1287 1491 δέ
1315 1438 1948 1519 παρρησιαστικώτερον,

377 1528 411 1599 ἢ
446 1530 496 1581 oi
526 1527 965 1600 πεπλησιακότες
1014 1530 1125 1601 (ΞΛ)
1160 1547 1241 1584 σοι
1281 1535 1478 1601 γράφω
1503 1572 1517 1597 ,
1555 1530 1630 1602 μὴ
1662 1531 1748 1585 διὰ
1790 1530 1948 1585 τοῦτο

376 1620 687 1692 θορηδηθῇς
706 1637 720 1650 ’
754 1621 892 1675 ἀλλά
917 1621 982 1675 δι’
1012 1622 1143 1676 αὐτό
1174 1639 1239 1693 με
1266 1623 1423 1675 τοῦτο
1451 1622 1709 1686 ἀπόδεξαι
1734 1663 1748 1688 ,
1778 1622 1860 1676 ὅτι
1888 1622 1951 1675 τὸ

378 1712 587 1781 πρέπον
619 1713 741 1784 ἐμοὶ
769 1712 874 1783 πρὸ
896 1713 991 1766 τοῦ
1020 1714 1389 1784 συμφέροντος
1416 1712 1743 1783 είλόμην.”0
1773 1730 1825 1766 τι
1855 1708 1949 1768 οῦν

2124 803 2237 858 Etsi
2287 818 2480 859 eorum
2544 806 2791 875 quidam,
2840 806 2931 876 qui
2996 814 3172 863 tecum
3221 816 3346 863 sunt
3395 808 3621 875 versati,

2051 897 2303 951 dixerunt
2331 899 2507 967 reipsa
2541 896 2681 951 idem
2713 897 2943 967 experti,
2972 898 3236 969 restingui
3261 913 3439 953 meum
3467 900 3534 953 ad
3568 909 3623 954 te

2049 988 2321 1044 scribendi
2345 988 2629 1059 impetum,
2656 990 2798 1058 quod
2829 989 2996 1044 nimio
3017 999 3387 1045 assentatores
3418 990 3623 1045 honore

2050 1077 2279 1145 afﬁcias,
2317 1080 2602 1135 consilium
2645 1095 2774 1135 vero
2802 1095 2989 1135 sanum
3025 1081 3216 1137 dantes
3254 1090 3573 1137 contemnas
3604 1100 3617 1136 :

2050 1181 2210 1222 nemo
2235 1177 2417 1225 tamen
2453 1169 2582 1224 mihi
2632 1168 2793 1224 facile
2836 1170 3166 1239 persuaserit
3195 1171 3316 1227 illos
3346 1186 3505 1239 posse
3537 1170 3621 1227 vel

2049 1254 2333 1325 prudentia
2361 1256 2443 1310 vel
2474 1256 2727 1326 operibus
2754 1263 2966 1311 tantum
2991 1258 3192 1324 valere,
3217 1257 3319 1312 nisi
3352 1256 3435 1310 vel
3459 1256 3622 1311 disci-

2050 1346 2209 1416 pulus
2245 1346 2330 1402 vel
2358 1346 2596 1411 auditor,
2627 1346 2712 1402 vel
2743 1348 2976 1415 denique
3004 1346 3251 1401 inventor
3277 1346 3457 1402 fuerit.
3487 1346 3619 1399 Pro-

2057 1446 2245 1507 pterea
2269 1436 2385 1491 haec
2420 1437 2486 1490 ad
2517 1446 2569 1491 te
2614 1436 2831 1505 scripsi.
2888 1436 3044 1503 Quod
3088 1436 3135 1491 si
3179 1436 3399 1491 liberius
3441 1436 3619 1505 paulo,

2055 1540 2218 1597 quam
2262 1526 2339 1580 tui
2375 1524 2671 1581 familiares
2712 1525 2907 1591 solent,
2945 1528 3013 1580 ad
3072 1534 3125 1582 te
3152 1527 3356 1592 scribo,
3396 1541 3466 1581 ne
3498 1540 3624 1595 pro-

2056 1629 2238 1688 pterea
2262 1618 2519 1682 turberis,
2543 1617 2637 1672 sed
2674 1630 2740 1672 eo
2761 1631 2847 1671 me
2874 1616 3133 1685 approba,
3163 1618 3305 1686 quod
3335 1617 3622 1671 honestum

2055 1722 2150 1764 seu
2183 1708 2441 1763 decorum
2471 1707 2585 1762 utili
2615 1723 2645 1761 a
2669 1722 2756 1763 me
2778 1708 3032 1778 anteponi
3072 1708 3227 1764 solet.
3252 1707 3404 1774 Quod
3445 1708 3624 1777 itaque

380 1800 644 1873 βούλομαι
684 1805 881 1867 εἰπεῖν,
933 1802 1131 1857 αὐτίκα
1181 1802 1326 1874 μάλα
1369 1804 1685 1874 εἰρήσεται·
1734 1804 1794 1857 οὐ
1839 1804 1949 1877 γὰρ

2059 1814 2301 1857 censeam
2336 1800 2644 1865 dicendum,
2673 1799 2822 1855 brevi
2863 1800 3167 1871 expediam.
3191 1797 3308 1855 Non
3335 1801 3477 1855 enim
3506 1816 3626 1856 ver-

379 1893 840 1964 προκατασκευῆς
868 1892 1078 1947 δέονται
1102 1893 1154 1946 οί
1186 1893 1362 1963 σοφοὶ,
1391 1893 1526 1947 ἀλλά
1556 1894 1617 1947 τὸ
1643 1893 1808 1947 καλὸν
1835 1895 1940 1948 ἀτε⁴

378 1981 522 2052 χνῶς
565 1980 905 2053 ἐπιτηδεύειν
933 1981 1209 2037 εἰώθασιν.
1241 1983 1304 2037 Εἰ
1335 1983 1435 2054 τὴν
1473 1984 1674 2056 ἀρετὴν
1722 1984 1913 2048 ἀσκεῖς
1934 2024 1950 2052 ,

382 2074 461 2145 μὴ
495 2072 574 2144 τῷ
620 2073 1025 2127 ἐπιδείκνυσθαι
1069 2073 1354 2145 ἀμαυροῦν
1396 2074 1458 2128 τὸ
1502 2073 1704 2144 ταύτης
1754 2075 1947 2140 κάλλος

379 2165 598 2235 ἀνέχου.
631 2164 791 2232 Μέγα
813 2162 926 2235 ιμέν
959 2164 1068 2235 γὰρ
1111 2164 1306 2235 ἀρετὴ,
1355 2164 1472 2219 ἀλλ’
1501 2165 1631 2219 ὅταν
1659 2167 1826 2237 ἑαυτῇ
1879 2164 1955 2238 μὴ

385 2260 663 2330 μαρτυρῇ,
724 2255 928 2327 μείζων
984 2256 1079 2311 καὶ
1126 2256 1434 2328 ώραιοτέρα
1482 2259 1600 2327 ,τοῖς
1649 2256 1957 2329 ἀνθρώποις

379 2347 656 2401 δείκνυται
687 2346 821 2417 (25).
856 2346 920 2399 El
949 2345 1006 2399 δέ
1033 2345 1273 2415 νομίζεις
1318 2345 1595 2416 λήσεσθαι,
1639 2348 1687 2399 εί
1728 2346 1804 2419 μὴ
1833 2349 1956 2400 ἐπι-

379 2426 584 2504 δείξαιο
605 2480 621 2505 ,
672 2435 980 2492 τούναντίον
1028 2436 1235 2507 νόμιζε,
1274 2437 1354 2491 ὅτι
1381 2436 1502 2491 τότε
1531 2438 1790 2509 λάμψεις,
1824 2440 1955 2495 ὅταν

384 2531 463 2603 μὴ
511 2528 819 2594 ἐπιδείξαιο.
884 2527 1186 2581 Φιλόνεικον
1237 2528 1345 2599 γάρ
1406 2545 1523 2593 πως
1570 2528 1629 2581 τὸ
1680 2528 1788 2582 τῶν
1858 2530 1957 2584 ἀν-

382 2621 619 2695 θρώπων
679 2621 835 2690 γένος
881 2618 1024 2672 ἐστί’
1068 2617 1163 2671 καὶ
1208 2619 1342 2689 πρὸς
1380 2618 1475 2689 μέν
1512 2620 1637 2682 τοὺς
1688 2619 1961 2690 μεγαλαυ-

380 2714 613 2787 χοῦντας
646 2710 1117 2783 ἀντιστρατεύειται
1143 2750 1157 2776 ,
1211 2712 1321 2772 τοῖς
1375 2700 1432 2764 δέ
1486 2709 1773 2763 ταπεινοῦν
1829 2711 1959 2763 ἐαυ-

381 2808 511 2871 τοὺς
568 2803 929 2868 σπουδάζουσι
1008 2800 1125 2872 μεθ’
1182 2800 1376 2872 ἡδονῆς
1451 2802 1718 2872 ἡττᾶται·
1779 2802 1963 2855 κάκεί-

382 2917 497 2965 νοις
556 2899 654 2970 μέν
694 2897 1019 2952 ἀναστέλλον
1067 2896 1246 2952 αὐτῶν
1302 2895 1364 2949 τὸ
1407 2894 1709 2965 φιλότιμον,
1768 2896 1863 2949 καὶ
1893 2895 1962 2951 τὰ

387 2990 466 3064 μὴ
517 2989 788 3062 προσόντα
840 2987 1226 3060 προστρίϐεται
1277 2987 1462 3041 κακά’
1513 2986 1725 3051 τούτοις
1769 2987 1825 3041 δὲ
1869 2988 1962 3043 καὶ

2056 1889 2248 1945 borum
2287 1890 2561 1961 sapientes
2591 1890 2833 1961 indigent
2875 1900 3163 1961 apparatu,
3199 1892 3295 1946 sed
3337 1890 3623 1948 honestum

2058 1981 2179 2037 sine
2216 1980 2344 2036 fuco
2372 1983 2682 2037 consectari
2711 1990 3127 2038 consueverunt.
3171 1980 3333 2053 605
3363 1982 3421 2038 Si
3452 1983 3625 2037 virtu-

2061 2082 2166 2128 tem
2189 2086 2430 2137 exerces,
2458 2087 2525 2127 ne
2546 2073 2661 2143 ejus
2683 2072 2956 2129 obscurari
2977 2072 3426 2143 pulchritudinem
3444 2085 3625 2130 osten-

2060 2164 2262 2220 tatione
2311 2163 2604 2220 sustineas.
2655 2162 2845 2237 Magna
2903 2164 3123 2235 quidem
3152 2179 3244 2220 res
3295 2164 3471 2219 virtus
3516 2175 3622 2230 cst,

2058 2256 2154 2310 sed
2182 2257 2398 2325 quando
2427 2255 2530 2311 sibi
2555 2256 2768 2312 laudem
2807 2268 2915 2311 non
2938 2254 3244 2325 impertitur
3278 2255 3415 2326 ipsa,
3449 2255 3625 2326 major

2064 2355 2120 2400 et
2154 2346 2438 2401 venustior
2494 2355 2719 2416 apparet
2763 2346 3093 2401 hominibus.
3168 2345 3225 2402 Si
3274 2360 3405 2402 vero
3467 2356 3625 2416 putas

2057 2436 2324 2493 occultam
2368 2437 2504 2501 fore,
2538 2434 2642 2491 nisi
2672 2444 2993 2503 ostentetur,
3016 2437 3346 2491 contrarium
3376 2435 3470 2492 tibi
3498 2425 3648 2506 per-3

2058 2528 2247 2593 suade,
2295 2530 2439 2598 quod
2489 2535 2617 2583 tunc
2675 2527 2840 2583 etiam
2905 2527 3234 2598 splendebis,
3280 2542 3399 2584 cum
3433 2542 3540 2583 non
3574 2536 3627 2583 te

2059 2619 2375 2675 ostentabis.
2408 2617 2623 2673 Etenim
2662 2619 2953 2673 humanum
2985 2633 3151 2688 genus
3173 2618 3468 2673 animosius
3492 2633 3626 2674 con-

2062 2711 2456 2780 tentiosiusque
2478 2718 2583 2773 est,
2609 2718 2664 2765 et
2684 2709 3153 2779 arrogantioribus
3182 2711 3397 2780 quidem
3435 2711 3627 2766 adver-

2063 2814 2237 2870 satur,
2263 2818 2323 2859 se
2350 2818 2479 2859 vero
2507 2802 2794 2858 humiliore
2821 2801 3165 2872 cupientibus
3203 2817 3325 2857 cum
3359 2801 3632 2871 voluptate

2063 2893 2225 2949 cedit.
2282 2893 2349 2948 Et
2380 2893 2486 2949 illis
2534 2893 2750 2963 quidem
2793 2892 3171 2963 arrogantibus
3226 2892 3413 2961 objicit
3458 2892 3632 2948 laudis

2064 2984 2302 3040 studium
2338 2984 2587 3050 nimium,
2624 2998 2851 3055 quaeque
2877 2982 3117 3039 nondum
3145 2984 3227 3040 eis
3268 2986 3466 3040 adsunt
3491 2984 3631 3039 mala

382 3084 456 3137 τὰ
497 3084 573 3155 μὴ
609 3082 882 3154 προσόντα
920 3080 1245 3151 ἐπιφημίζει
1298 3080 1459 3135 καλά.
1496 3080 1706 3145 Ἄλλως
1741 3081 1798 3134 δὲ
1835 3080 1955 3135 οὐδὲ

2066 3078 2316 3133 attribuit
2351 3095 2364 3131 :
2413 3077 2710 3132 humilibus
2748 3090 2878 3132 vero
2922 3076 3086 3132 etiam
3142 3090 3261 3147 quae
3295 3091 3401 3131 non
3440 3075 3633 3131 adsunt

385 3139 587 3248 ἀρετὴν
614 3139 727 3228 οέόν
755 3191 817 3227 τε
847 3139 1050 3235 λαθεῖν,
1251 3171 1356 3225 κᾶν
1387 3170 1523 3242 πρὸς
1558 3139 1738 3241 ὀλίγον
1782 3170 1955 3243 φθόνῳ

2067 3171 2229 3236 bona,
2262 3182 2489 3238 quaeque
2523 3167 2815 3223 obscurare
2850 3175 3138 3233 conantur,
3168 3167 3414 3222 celebrat
3442 3182 3457 3220 :
3491 3178 3632 3234 prte-

387 3261 743 3333 ἐπισκιασθῇ,
775 3257 930 3325 αὖθις
958 3260 1307 3331 ἀναλάμπει,
1343 3261 1436 3313 καὶ
1470 3259 1579 3314 τῶν
1613 3261 1966 3315 ἐπισκιασάν-

385 3370 494 3407 των
505 3353 895 3425 κρατεῖ.“Ωσπε
901 3369 933 3423 ρ
949 3351 1056 3423 γὰρ
1070 3351 1131 3405 τὸ
1144 3350 1259 3420 φῶς
1278 3350 1377 3422 οὐχ
1388 3348 1497 3403 οἷόν
1511 3368 1570 3403 τε
1584 3350 1964 3416 λαθεῖν,οῦτως

384 3445 510 3499 οὑδέ
554 3442 652 3515 τὴν
680 3442 884 3514 ἀρετήν
905 3459 919 3473 ·
952 3442 1047 3494 καὶ
1075 3440 1248 3495 ταῦτα
1281 3440 1379 3510 μὲν
1426 3438 1664 3511 λελέχθω
1708 3442 1962 3512 περὶτῆς

384 3538 496 3593 τῶν
526 3536 829 3609 ἀνθρώπων
851 3536 1055 3607 ψήφου.
1104 3535 1169 3588 El
1210 3533 1267 3587 δέ
1304 3533 1399 3587 καὶ
1427 3533 1525 3603 τὴν
1558 3533 1709 3587 θείαν
1759 3533 1964 3598 ἐθέλεις

390 3628 606 3699 μαθεῖν,
639 3627 783 3698 ἔχεις
809 3629 866 3681 ἐν
887 3628 995 3691 τοῖς
1030 3625 1195 3689 θείοις
1220 3624 1577 3694 Εὑαγγελίοις
1597 3625 1666 3679 τὰ
1697 3625 1839 3680 κατὰ
1870 3627 1964 3682 τὸν

385 3721 685 3792 Φαρισαῖον
723 3720 817 3775 καὶ
854 3719 946 3775 τὸν
991 3715 1234 3789 τελώνην
1278 3716 1547 3789 λαμπρῶς
1581 3717 1964 3791 στηλογριαφη-

342 3866 349 3873 ,
388 3811 573 3867 θέντα.

864 4006 989 4060 PU'.
1029 4034 1098 4046 --
1129 4006 1451 4081 'rmoem.

2066 3260 2254 3318 sertim
2277 3276 2398 3316 cum
2425 3261 2598 3316 virtus
2625 3260 2791 3317 latere
2815 3268 3067 3332 nequeat,
3106 3269 3164 3315 et
3185 3260 3407 3327 invidia,
3439 3271 3636 3328 quam-

2066 3353 2148 3408 vis
2173 3354 2241 3409 ad
2273 3363 2512 3422 tempus,
2552 3353 2839 3408 obscurata
2881 3353 3075 3408 iterum
3106 3351 3398 3416 elucescat,
3426 3349 3635 3404 nubila-

2063 3456 2169 3514 que
2229 3442 2475 3511 dissipet.
2521 3439 2985 3508 Quemadmodum
3030 3440 3177 3496 enim
3235 3439 3436 3506 lumen,
3474 3439 3547 3494 ita
3583 3448 3638 3494 et

2063 3534 2317 3588 virtutem
2352 3531 2522 3586 latere
2551 3530 2886 3601 impossibile
2931 3538 3034 3586 est.
3073 3528 3250 3599 Atque
3285 3529 3403 3585 haec
3422 3528 3637 3599 quidem

2062 3624 2131 3682 de
2165 3622 2476 3679 hominibus
2499 3638 2621 3677 cum
2648 3620 2856 3692 judicio
2884 3621 2994 3678 sint
3046 3620 3213 3676 dicta.
3251 3620 3315 3676 Si
3341 3634 3470 3676 vero
3496 3619 3637 3675 divi-

2064 3731 2192 3771 num
2223 3728 2438 3785 quoque
2475 3714 2558 3770 vis
2605 3712 2872 3769 calculum
2909 3719 2965 3769 et
2995 3710 3333 3783 suffragium,
3376 3710 3542 3767 babes
3582 3709 3636 3764 in

2065 3822 2223 3863 sacro
2252 3805 2542 3878 Evangelio
2571 3805 2617 3840 "
2650 3804 2716 3862 de
2751 3804 3027 3861 Pharisaeo
3076 3811 3131 3859 et
3176 3802 3467 3876 publicano
3496 3799 3643 3858 clare

2068 3897 2388 3970 perscripta.

2494 4010 2699 4068 CLXX.
2731 4042 2793 4055 --
2841 4009 3220 4069 ΤΙΜΟΤΠΕΟ.

888 4098 1124 4155 Gloriam
1149 4105 1395 4173 temporis
1425 4103 1703 4174 longitudo
1729 4120 1833 4160 non
1864 4105 2149 4173 imminuit,
2168 4106 2257 4161 sed
2287 4106 2421 4161 venit
2457 4120 2518 4160 ea
2547 4117 2627 4160 sat
2658 4107 2786 4172 cito,
2808 4106 2855 4160 si
2882 4114 2964 4160 sat
2995 4107 3151 4161 bene.

470 4210 704 4274 Ἔοικας
722 4208 1041 4276 δεδοικέναι,
1078 4198 1153 4281 μὴ
1190 4209 1289 4281 τὴν
1304 4210 1462 4276 δόξαν
1488 4213 1585 4267 τοῦ
1610 4214 1969 4286 κατορθώμα-

388 4318 483 4366 τος
511 4300 574 4354 τὺ
602 4301 775 4371 μῆκος
802 4298 1084 4373 ἐλαττώσῃ
1122 4299 1218 4355 τοῦ
1261 4301 1454 4373 χρόνου
1473 4318 1488 4334 ⁸
1525 4304 1661 4359 ἀλλά
1688 4306 1795 4378 χρὴ
1830 4307 1969 4361 ειδέ-

2144 4215 2385 4272 Metuere
2436 4215 2567 4271 mihi
2600 4216 2748 4270 visus
2798 4230 2882 4280 es,
2934 4230 3004 4270 ne
3044 4225 3190 4270 recte
3224 4212 3490 4269 factorum
3527 4213 3645 4284 glo-

2075 4308 2212 4361 riam
2266 4307 2523 4377 temporis
2552 4305 2836 4361 imminuat
2870 4304 3253 4379 longinquitas.
3285 4301 3437 4358 Scito
3463 4303 3646 4371 itaque

390 4409 504 4455 ναι,
536 4392 621 4446 ὅτι
650 4391 745 4446 τοῦ
774 4393 916 4464 μετά
944 4391 1145 4463 τάχους
1176 4392 1482 4466 σφαλεροῦς
1506 4394 1569 4449 τὸ
1606 4397 1747 4467 μετά
1775 4398 1955 4469 βραδυε

2072 4396 2229 4466 longe
2255 4397 2306 4452 id
2334 4410 2454 4453 esse
2483 4396 2689 4461 utilius,
2723 4395 2865 4466 quod
2892 4408 3087 4450 secure
3118 4393 3397 4463 peragitur
3416 4408 3482 4448 ac
3505 4402 3644 4449 tuto.

389 4484 555 4553 τῆτος
580 4483 821 4552 ἀσφαλὲς
863 4483 1328 4556 λυσιτελέστερον.
1359 4487 1472 4556 Οὐχ
1500 4482 1665 4559 ἧττον
1693 4488 1802 4561 γὰρ
1832 4489 1955 4544 ἀλλά

2076 4487 2263 4559 Neque
2290 4488 2468 4544 minus
2492 4486 2624 4543 clari
2661 4494 2806 4549 sunt,
2832 4485 3077 4555 quinimo
3111 4483 3429 4542 illustriores
3459 4487 3645 4554 etiam,

390 4575 490 4629 καὶ
538 4575 738 4645 μᾶλλον
784 4574 1161 4649 εὐκλεέστεροι
1208 4577 1351 4631 κατά
1393 4579 1557 4649 τάχος
1608 4578 1889 4652 λαμπρῶν,
1915 4583 1955 4636 οΙ

2076 4575 2169 4646 qui
2215 4585 2425 4631 mature
2465 4585 2521 4630 et
2566 4573 2713 4630 lente
2756 4574 2954 4630 similia
3002 4587 3167 4642 opera
3194 4574 3558 4643 praestiterunt
3580 4575 3648 4631 iis

392 4665 614 4719 συνέσει
645 4666 738 4722 καὶ
764 4666 1057 4739 βραδυτῆτι
1074 4669 1143 4723 τά
1167 4668 1258 4724 ῐσα
1289 4670 1615 4740 πράξαντες.
1646 4674 1711 4726 Ol
1739 4674 1837 4745 μὲν
1860 4674 1955 4748 γὰρ

2077 4668 2168 4738 qui
2199 4666 2269 4724 ob
2304 4667 2639 4723 celeritatem
2666 4664 3031 4732 celebrantur,
3066 4674 3124 4722 et
3160 4664 3463 4722 lentitudini
3493 4667 3647 4736 paria

391 4757 489 4811 καὶ
521 4754 781 4829 χρήματα
822 4761 921 4814 καὶ
949 4760 1179 4831 σώματα
1207 4761 1581 4828 ἀναλώσαντες
1608 4767 1954 4835 νενικηκέναι

2075 4759 2303 4816 faciunt.
2337 4760 2419 4815 Illi
2463 4760 2683 4829 quidem
2732 4759 2873 4815 bona
2923 4774 3019 4814 sua
3072 4768 3237 4830 atque
3277 4760 3413 4815 adeo
3454 4774 3650 4829 corpus

389 4848 665 4903 δοκοῦσιν
698 4852 747 4904 oi
782 4851 840 4905 δέ
867 4852 997 4907 ἀνευ
1036 4851 1239 4925 ζημίας
1260 4852 1361 4926 τὴν
1391 4855 1549 4927 νίκην
1588 4857 1955 4928 καρποῦνται⁴

2071 4853 2444 4923 impendentes
2473 4852 2670 4908 vicisse
2716 4849 2994 4917 videntur;
3026 4850 3079 4905 hi
3108 4864 3237 4906 vero
3282 4850 3403 4905 sine
3446 4850 3649 4905 damno

390 4940 493 4993 καὶ
518 4941 569 4993 οί
601 4941 701 5011 μὲν
729 4943 829 4996 οὐκ
862 4942 1047 5014 ἔχουσι
1092 4944 1341 5017 καθαρὰν
1386 4946 1623 5017 ἀθυμίας
1656 4947 1873 5022 ἡδονὴν,
1922 4953 1955 5005 ο]

2074 4946 2353 5005 victoriam
2387 4946 2705 5015 decerpunt.
2746 4943 2814 5000 Et
2858 4942 2934 4999 illi
2986 4942 3218 5013 quidem.
3256 4942 3524 5012 impuram
3560 4956 3649 4997 so-

391 5028 457 5083 δέ
485 5027 755 5102 εἰλικρινῆ
785 5031 1126 5103 καρποῦνται
1158 5032 1258 5105 τὴν
1289 5034 1649 5109 εὐφροσύνην.

2073 5035 2273 5091 σοι-ἀίω
2300 5036 2522 5104 capiunt
2541 5034 2869 5104 voluptatem
2888 5048 2913 5100 ι
2928 5032 2983 5089 bi
2999 5033 3416 5091 verosiucerum
3446 5032 3647 5089 laetitia

1606 5162 1613 5167 ε
2077 5130 2297 5201 capiunt
2313 5129 2567 5185 fructum.

425 5278 475 5311 ³³
512 5278 644 5333 Luc.
677 5294 870 5347 xavm,
907 5278 999 5338 10.

1506 5412 1742 5486 Nam
1781 5428 2168 5488 LECTIONES
2205 5432 2296 5489 ET
2336 5433 2569 5493 Nam.

470 5587 595 5661 (25)
635 5588 739 5661 Ιξτο
786 5581 898 5641 οἷόν
926 5603 986 5640 τε
1029 5584 1185 5642 codd.
1234 5586 1352 5642 Viti.
1387 5584 1493 5641 650
1533 5594 1589 5640 et
1622 5584 1730 5640 Αιι.
1782 5585 1983 5642 habent
2080 5587 2446 5661 conjecturam
2481 5592 2548 5646 ad
2579 5592 2964 5648 divinationem
2992 5606 3131 5647 verm
3164 5590 3432 5647 lectionis,
3467 5587 3544 5646 1ο,

394 5657 641 5730 οἴονταιε
662 5659 870 5730 Possm.
1076 5727 1085 5730 _
1216 5726 1248 5730 __
1273 5726 1283 5730 Α
1494 5726 1524 5730 __
1793 5725 1804 5730 Α
1824 5680 1837 5689 ~

2152 5658 2263 5729 (25)
2285 5660 2574 5730 deiuvare:
2598 5664 2767 5719 iidem
2803 5665 2960 5719 ambo
3007 5664 3162 5718 codd.
3201 5670 3412 5717 mutant
3442 5661 3493 5718 in
3526 5661 3652 5730 φαί-

474 5729 585 5799 (24)
612 5727 723 5799 Ρισο
748 5727 1180 5799 πεπλησιακότες
1215 5726 1374 5782 iidem
1399 5726 1643 5799 scribunt
1679 5725 1955 5799 πεπλησια

2079 5725 2252 5784 vam.
2283 5727 2357 5783 In.

402 5796 669 5866 στικότες,
704 5796 930 5859 fortasse
965 5798 1254 5866 mendose,
1282 5801 1377 5854 sed
1411 5796 1552 5867 quod
1597 5803 1758 5866 queat
1786 5796 1978 5866 iuvare
