4070 6374
458 342 590 409 ιιετ

1653 343 1712 402 S.
1755 340 2049 403 ISIDORI
2084 340 2524 402 PELUSIOTKK

451 457 687 516 ιςωιχι.
772 453 1527 531 ιεοατιο-,μιέιψξετιο
1604 456 1693 512 ετ
1777 455 2021 512 ALPHIG

2135 456 2305 512 nox.
2342 487 2414 497 --
2447 455 3190 531 ΛεοΝτιῼΔΑιιιῃετιᾳ,
3247 457 3533 531 Alienis,
3567 457 3711 515 nnt-

1057 524 1425 604 EPlSCQPIS.

2738 526 3053 582 ΣΚΟΠΌΙΣ.

456 638 702 694 Primum
736 638 996 704 consulto,
1023 635 1142 692 dein
1167 636 1310 707 facta
1338 652 1466 707 opus
1488 647 1584 695 est.
1610 637 1899 694 Dementia
1931 648 2007 692 est
2031 637 2166 692 male
2192 638 2486 704 consulere,
2518 639 2766 707 lepitatie,
2794 640 2933 710 quod
2957 649 3158 695 rectum
3179 649 3278 708 est,
3308 657 3410 696 non
3434 642 3709 711 perﬁcere.

518 749 671 833 Quod
697 749 985 819 pulchrum
1025 762 1149 806 esse
1170 752 1446 805 decretum
1468 758 1572 813 est,
1610 750 1661 805 id
1697 750 1809 813 ttat,
1843 753 2021 828 etde-

2201 749 2277 802 Tb
2306 748 2626 820 δεδογμένον
2659 748 2823 804 καλὸν
2851 750 3105 818 γινέσθω,
3136 751 3235 806 καὶ
3270 754 3384 815 τοῖς
3423 750 3715 822 βεϐουλευ-

449 841 742 897 liberantes
780 840 911 896 ﬁdes
942 840 1017 895 rei
1046 851 1213 912 gesta:
1243 842 1535 896 comitetur
1562 849 1796 909 oportet.
1818 840 2021 908 Quibus

2133 837 2315 909 μένοις
2348 840 2381 909 ἡ
2409 838 2498 892 διὰ
2523 837 2633 892 τῶν
2661 837 2838 909 έργων
2874 839 3058 904 πίστις
3087 841 3326 896 ἑπέσθω.
3349 837 3446 906 Οἷς
3473 842 3574 912 μὲν
3597 844 3712 916 γάρ

449 948 578 999 vero
620 931 800 988 luendi
836 942 1016 1003 partes
1046 949 1151 988 non
1197 933 1434 1002 suppetit
1470 931 1720 999 facultas,
1751 932 1805 987 hi
1836 948 2024 988 neces-

446 1024 593 1079 sario
624 1024 675 1078 in
711 1024 976 1081 alterutro
1004 1024 1340 1094 delinquunt,
1379 1024 1465 1079 vel
1492 1025 1879 1089 decernentes,
1906 1039 2025 1093 quae

447 1129 554 1170 non
586 1114 812 1184 liquent,
848 1116 932 1172 vel
959 1131 989 1170 a
1025 1115 1238 1187 placitis
1258 1116 1368 1171 cito
1391 1115 1752 1172 discedentes.
1783 1113 2023 1181 Quorum

392 1244 397 1249 ι
447 1206 579 1262 illud
603 1208 818 1278 quidem
844 1208 1222 1279 imprudentia:
1243 1217 1327 1263 est
1360 1209 1744 1275 intolerandae;
1769 1207 1875 1262 hoc
1897 1223 2025 1264 vero

446 1300 658 1356 veniam
706 1311 981 1371 utcunque
1032 1310 1292 1357 meretur.
1336 1301 1437 1367 Qui
1479 1315 1607 1355 vero
1642 1309 1870 1369 utroque
1896 1314 2029 1370 prte-

446 1398 594 1445 stare
619 1400 868 1461 possunt,
897 1391 1147 1461 adsitque
1193 1407 1314 1446 cum
1348 1392 1598 1447 voluntas
1622 1402 1735 1446 tum
1774 1391 2023 1457 facilitas,

445 1489 508 1536 ut
534 1482 602 1536 ad
629 1482 832 1538 exitum
860 1483 1053 1553 placita
1094 1497 1189 1538 sua
1231 1483 1551 1553 perducant,
1594 1483 1648 1538 hi
1704 1485 1751 1539 si
1794 1482 2023 1539 alterum

450 1570 938 1641 transgrediuntur,
969 1571 1208 1640 graviter
1227 1580 1356 1626 sunt
1380 1572 1830 1641 reprehendendi.

586 1698 754 1771 606
786 1698 1041 1782 CLXXII.
1084 1729 1154 1742 —-
1185 1699 1461 1759 ISIDORO
1518 1701 1875 1760 EPISCOPO.

2130 928 2228 999 οὐχ
2248 928 2441 982 ἕπεται
2468 929 2603 1001 πρὸς
2629 930 2690 983 τὸ
2714 930 3007 1000 φυλάττειν
3035 935 3067 1003 ἡ
3094 932 3344 1002 δύναμις,
3372 924 3521 987 οὗτοι
3544 935 3717 1003 ἀναγ-

2133 1018 2303 1083 καίως
2337 1019 2724 1092 πλημμελοῦσι
2762 1023 2887 1076 καθ’
2915 1023 3198 1095 ἑκάτερον,
3224 1025 3318 1077 καὶ
3342 1024 3716 1095 ψηφιζόμενοι

2132 1109 2398 1179 ἀνέφικτα
2416 1150 2432 1176 ,
2466 1110 2560 1163 καὶ
2584 1110 2805 1175 λύοντες
2829 1107 2987 1176 αὖθις
3017 1113 3087 1167 τά
3115 1113 3344 1177 δόξαντα
3368 1130 3382 1143 ·
3413 1113 3489 1167 ὧν
3518 1115 3581 1169 τὸ
3609 1096 3716 1185 μὲν

2132 1200 2542 1273 ἀνυπέρϐλητον
2563 1202 2770 1269 ἄνοιαν,
2790 1203 2851 1256 τὸ
2876 1202 2935 1257 δὲ
2966 1204 3190 1275 μετρίαν
3219 1204 3548 1277 συγγνώμην
3572 1205 3714 1276 ἔχει.

2132 1287 2229 1357 Οἷς
2265 1293 2312 1346 δ’
2358 1294 2526 1366 ἄμφω
2554 1291 2665 1350 οἷόν
2711 1312 2770 1349 τε
2826 1296 3170 1369 συνδραμεῖν,
3219 1299 3313 1353 καὶ
3350 1298 3413 1352 rb
3460 1298 3715 1371 βουλεύε-

2130 1384 2276 1451 σθαι,
2309 1386 2406 1440 καὶ
2449 1386 2508 1439 τὸ
2532 1374 2793 1441 δύνασθαι
2822 1389 2903 1451 είς
2952 1391 3129 1461 πέρας
3166 1390 3322 1459 ἄγειν
3348 1390 3417 1445 τά
3456 1391 3716 1457 δόξαντα,

2126 1473 2335 1538 τούτοις
2384 1474 2611 1547 θάτερον
2657 1478 3090 1547 παραϐαίνουσιν
3147 1481 3522 1553 ἀπαραίτητος
3564 1499 3707 1535 κατ-

2126 1569 2347 1640 ηγορία.

2426 1699 2591 1756 ΡΟΒ’.
2642 1731 2698 1743 -
2723 1702 2983 1775 ιειΔοΡῃ
3014 1703 3387 1775 ΕΠΙΣΚΟΠῼ.

1691 1816 1862 1871 Amici
1889 1819 2145 1886 quomodo
2174 1830 2464 1888 parentur.

516 1926 620 1996 Qui
656 1941 759 1998 pro
804 1928 997 1984 amicis
1036 1927 1307 1985 sollicitus
1359 1938 1444 1986 est
1494 1938 1659 2001 atque
1721 1940 2023 2001 opportune
2054 1924 2097 1979 Β

443 2019 724 2090 prospicit,
752 2027 808 2075 et
860 2019 1097 2089 ipsorum
1128 2020 1287 2077 bonis
1325 2022 1649 2089 oblectatur,
1681 2031 1736 2082 et
1783 2026 2026 2082 adversis

442 2119 635 2167 contra
669 2126 856 2168 eorum
905 2114 1282 2180 contristatur,
1322 2129 1408 2170 nte
1440 2114 1530 2171 ille
1560 2116 1809 2188 egregius
1852 2117 2027 2173 bono-

443 2218 588 2270 rum,
623 2218 745 2274 quae
789 2212 914 2260 sunt
963 2204 1016 2260 in
1058 2205 1324 2272 amicitia,
1358 2216 1588 2263 venator
1614 2217 1719 2265 est.
1751 2207 1853 2263 Tot
1876 2210 2021 2264 enim

440 2294 544 2352 sibi
571 2294 944 2361 obstrinxerit,
972 2296 1116 2368 quod
1147 2296 1341 2352 viderit
1393 2316 1410 2353 :
1461 2307 1539 2353 tot
1585 2308 1762 2354 autem
1801 2298 2016 2366 viderit,

440 2397 572 2458 quot
606 2387 893 2444 celebritas
919 2388 1076 2445 fama:
1107 2388 1172 2444 ad
1200 2389 1349 2444 illum
1396 2389 1732 2459 perduxerit.
1760 2389 1863 2446 Tot
1890 2404 2019 2445 vero

442 2477 825 2548 perducentur,
856 2489 987 2550 quot
1027 2481 1267 2538 honestae
1313 2480 1438 2536 vitae
1476 2481 1777 2537 institutum
1825 2483 2019 2537 arden-

442 2579 524 2625 ter
550 2570 874 2628 adamarint.
917 2570 1050 2640 Quis
1107 2572 1273 2643 igitur
1317 2570 1420 2627 hoc
1475 2571 1741 2628 celebrior
1774 2573 2018 2638 exsistet,

439 2671 534 2718 aut
560 2660 774 2721 beatior
798 2677 888 2731 eo,
917 2662 1009 2733 qui
1054 2663 1251 2720 talibus
1283 2666 1517 2738 stipatus
1556 2662 1723 2720 fuerit
1754 2663 1987 2720 amicis?

715 2881 727 2889 “
774 2866 1056 2925 CLXXIII.
1084 2896 1153 2909 -
1177 2865 1674 2924 ANDROMACHO.

2207 1932 2267 1986 Ὀ
2304 1931 2601 2003 κηδόμενος
2648 1931 2758 1987 τῶν
2805 1931 3073 1987 συνόντων
3104 1933 3199 1987 καὶ
3244 1931 3558 2005 προπονῶν,
3609 1935 3713 1988 καὶ

2134 2023 2498 2095 συνηδόμενος
2538 2023 2638 2094 μὲν
2680 2024 2775 2078 ἐπὶ
2803 2025 2917 2088 τοῖς
2949 2023 3175 2094 ἀγαθοῖς
3214 2025 3395 2079 αὐτῶν
3420 2042 3433 2056 ·
3464 2025 3712 2096 ἀχθόμε-

2128 2129 2218 2176 νος
2247 2112 2304 2165 δὲ
2335 2111 2429 2166 ἐπὶ
2466 2115 2579 2176 τοῖς
2607 2112 2893 2178 δυσκόλοις
2914 2152 2931 2178 ,
2962 2112 3133 2177 δεινός
3169 2116 3285 2167 ἐστι
3331 2113 3577 2186 θηρατὴς
3604 2113 3709 2168 τοῦ

2126 2201 2224 2272 τῆς
2253 2201 2436 2271 φιλίας
2479 2203 2787 2273 χρήματος.
2817 2202 3120 2266 Τοσούτους
3170 2203 3280 2276 γάρ
3322 2204 3503 2276 έαυτῷ
3535 2222 3714 2276 προσο

2125 2293 2312 2364 δήσει,
2338 2292 2498 2358 ὅσους
2531 2293 2627 2348 καὶ
2667 2292 2916 2348 θεάσοιτο
2938 2311 2953 2326 ·
3001 2293 3291 2359 τοσούτους
3342 2295 3399 2349 δὲ
3432 2293 3714 2361 οεάσοιτο,

2126 2383 2287 2447 ὅσους
2318 2384 2351 2455 ἡ
2396 2382 2626 2455 εὐκλεὴς
2659 2384 2817 2456 φήμη
2848 2376 2989 2457 πρὸς
3035 2385 3200 2439 αὑτὸν
3248 2389 3665 2458 χειραγωγήσει
3688 2405 3703 2418 ο

2126 2475 2372 2530 τοσοῦτοι
2427 2476 2485 2530 δὲ
2532 2475 3148 2550 χειραγωγηθήσονται,
3196 2479 3311 2533 ὅσοι
3363 2478 3472 2532 τῶν
3522 2478 3713 2533 καλῶν

2126 2568 2581 2639 ἐπιτηδευμάτων
2616 2567 2872 2638 διάπυροί
2910 2572 3056 2624 είσιν
3082 2568 3335 2642 ἐρασταί.
3359 2570 3455 2635 Τίς
3485 2566 3582 2625 οὖν
3606 2571 3710 2626 τοῦ

2124 2662 2369 2717 τοιούτου
2393 2660 2845 2734 εὐκλεέστερος,ἢ
2869 2662 2954 2726 τίς
2981 2662 3448 2734 μακαριστότερος
3475 2662 3571 2715 τοῦ
3603 2663 3715 2716 ὑπὸ

2126 2753 2400 2809 τοσούτων
2430 2752 2597 2825 φίλων
2631 2754 2933 2825 δορυφορου
2941 2755 3107 2825 μένου
3133 2771 3149 2821 ;
3686 2750 3693 2755 1

2539 2863 2708 2917 P01".
2733 2891 2805 2902 --
2833 2862 3282 2936 ΔΝΔΡΟΜΑΧῼ.

442 2984 530 3040 Ea:
564 2991 776 3055 aspectu
807 2985 1045 3040 nascitur
1090 3001 1257 3040 amor.
1294 2983 1822 3055 ProindeAvitendus
1844 2982 2132 3055 mulierum
2176 2987 2502 3055 conspectus.
2532 2976 2614 3055 .4_d
2652 2975 3028 3055 illud___llatt_lt.
3056 2993 3109 3040 ν,
3140 2976 3211 3055 28
3241 2996 3256 3032 :
3294 2996 3313 3029 ί
3346 2977 3453 3042 Qui
3497 2977 3707 3047 νειμίοόε

983 3057 1276 3122 mulierem,
1301 3074 1320 3107 ι
1353 3063 1451 3109 etc.
1494 3052 1735 3125 (Confer.
1768 3054 1923 3123 epist.
1950 3052 2035 3115 17,
2065 3048 2157 3115 46,
2182 3057 2232 3102 et
2267 3047 2335 3103 65
2367 3045 2750 3115 Xenophontis,
2782 3047 2875 3101 lib.
2913 3063 2941 3102 v
2964 3047 3160 3116 locus.)

511 3188 609 3246 Vel
643 3189 834 3246 videns
867 3204 935 3246 ne
976 3203 1150 3256 ames,
1193 3187 1278 3243 vel
1333 3201 1525 3243 amans
1579 3202 1648 3242 ne
1702 3185 1909 3241 videas.
1961 3182 2021 3239 Si

440 3282 591 3353 prius
611 3281 741 3338 illud
769 3278 981 3338 diﬂicile
1001 3281 1324 3353 quibusdam
1360 3289 1606 3349 apparet,
1632 3278 1723 3333 alii
1744 3291 1874 3332 vero
1902 3275 2019 3331 ﬁeri

2200 3179 2270 3230 Ἦ
2291 3176 2435 3248 ὁρῶν
2460 3174 2534 3247 μὴ
2565 3175 2688 3249 ἐρα,
2719 3175 2917 3248 ἢὲρῶν
2948 3177 3023 3248 μὴ
3054 3178 3176 3250 ὅρα.
3199 3176 3321 3231 Είδὲ
3349 3175 3410 3230 τὸ
3440 3177 3714 3248 πρότερον
3810 3197 3821 3207 ’

2124 3270 2236 3323 τισὶ
2268 3269 2367 3341 μὲν
2385 3268 2644 3323 δύσκολον
2672 3270 2946 3339 φαίνεται,
2977 3271 3089 3322 τισὶ⁷
3122 3270 3180 3324 δὲ
3202 3269 3485 3343 ἀδύνατον,
3506 3268 3569 3321 τὸ
3594 3268 3711 3322 δεύ-

440 3391 601 3449 posse
653 3383 869 3448 negent,
918 3374 1144 3429 alterum
1195 3387 1326 3429 sane
1379 3370 1665 3425 tenendum
1724 3383 1789 3424 ac
1842 3369 2019 3438 rcipsa

2127 3379 2286 3435 τερον
2325 3362 2628 3431 ἀσκητέοψ
2666 3361 2892 3431 ἄμεινον
2936 3360 3046 3432 γὰρ
3090 3363 3359 3431 ἀσφάλεια
3389 3360 3710 3430 φιλοτιμίας

442 3468 730 3542 agendum.
759 3466 1036 3524 Securitas
1061 3463 1206 3521 enim
1238 3462 1526 3533 cautioque
1551 3469 1775 3533 praestat
1807 3459 2019 3528 impru-

2127 3454 2359 3524 ἀκρίτου
2388 3469 2401 3482 ·
2428 3453 2524 3505 καὶ
2562 3451 2722 3506 τοῦτο
2754 3454 2886 3522 ἡμῖν
2917 3450 3018 3522 μὲν
3047 3450 3192 3515 θεῖος
3216 3450 3549 3521 προστάττει
3570 3467 3713 3522 χρη-

440 3559 591 3617 denti
614 3559 1107 3629 ambitione,idque
1128 3556 1370 3612 divinum
1394 3554 1696 3624 praescribit
1718 3553 2019 3609 oraculum.

438 3655 574 3711 Cum
606 3669 739 3712 vero
761 3652 1003 3723 gentium
1036 3662 1184 3724 gesta
1211 3646 1577 3719 depraedicare
1613 3645 1807 3710 soleas,
1844 3644 1928 3699 vel
1956 3659 2023 3699 ex

442 3746 572 3818 ipsis
597 3744 802 3801 oraculi
830 3743 1114 3800 veritatem
1145 3754 1420 3808 exponere
1448 3737 1542 3794 tibi
1569 3738 1824 3809 conahqr.
1852 3732 2024 3790 Omit-

443 3847 553 3892 tam
584 3836 768 3906 itaque
797 3849 991 3890 causas
1018 3831 1241 3902 Trojani
1272 3831 1396 3886 belli
1427 3838 1483 3885 et
1511 3827 1827 3882 Messeniaci
1865 3845 1878 3880 :
1910 3826 2024 3881 Cir-

441 3928 724 3983 rhensium
767 3939 983 3995 quoque
1025 3938 1148 3978 cum
1186 3922 1442 3992 Argivis;
1476 3919 1863 3972 Thebanorum
1893 3916 2019 3971 item

440 4035 564 4075 cum
589 4017 979 4083 Phocensibus,
1030 4024 1215 4085 utpote
1247 4014 1357 4083 jam
1408 4013 1724 4068 decantatas
1776 4025 1840 4066 ac
1892 4024 2015 4080 pro-

443 4113 599 4169 tritas
628 4110 834 4183 (omnia
858 4110 1003 4166 enim
1034 4109 1149 4164 haec
1183 4106 1319 4163 bella
1350 4115 1405 4161 et
1428 4106 1614 4161 decem
1652 4110 1808 4159 erant
1837 4116 2023 4177 anuo-

442 4217 584 4270 rum,
636 4211 692 4259 et
734 4203 806 4257 ob
858 4198 1091 4255 feminas
1135 4204 1263 4253 sunt
1314 4192 1487 4267 gesta)
1527 4195 1575 4247 A
1613 4190 2022 4262 Xenophonteis

439 4311 593 4362 vero,
617 4309 738 4366 quae
757 4293 951 4350 suntin
976 4290 1244 4355 manibus,
1266 4286 1576 4358 exemplum
1606 4300 1838 4342 sumam.
1868 4282 2021 4340 Scito

440 4386 604 4458 igitur
655 4380 1112 4454 quemadmodum
1163 4376 1338 4450 Cyrus
1398 4391 1576 4447 neque
1631 4375 1816 4455 videre
1876 4372 2019 4428 Pan-

442 4481 644 4538 theiam
688 4472 877 4541 voluit,
932 4472 1148 4529 tametsi
1208 4470 1658 4527 lormosissimam
1702 4465 2016 4534 iudicatam,

442 4585 549 4625 non
574 4568 734 4624 modo
760 4565 983 4622 libidine
1015 4562 1268 4626 invictus,
1302 4560 1411 4614 imo
1447 4556 1803 4624 temperantia
1840 4554 2019 4609 couti-

441 4663 732 4732 nentiaque
761 4660 961 4715 clarus.
993 4656 1232 4725 Araspas
1271 4667 1400 4709 vero
1428 4653 1529 4709 etsi
1560 4657 1706 4706 esset
1746 4651 1798 4705 in
1830 4648 2020 4718 primis

441 4756 841 4825 magnanimus,
880 4752 953 4806 ita
992 4758 1050 4805 ut
1088 4748 1296 4803 videret
1325 4746 1579 4816 quidem,
1618 4759 1727 4798 non
1758 4742 2018 4811 concupi-

2127 3546 2284 3618 σμός.
2330 3543 2550 3615 Ἐπειδὴ
2598 3543 2655 3597 δὲ
2696 3543 2761 3597 σὺ
2792 3543 2861 3597 τά
2904 3541 3172 3619 Ἐλλήνων
3203 3542 3530 3615 πρεσϐεύεις
3555 3585 3569 3608 ,
3600 3544 3707 3597 κά-

2125 3638 2308 3694 κεῖθέν
2345 3655 2428 3692 σοι
2475 3636 2572 3690 τοῦ
2609 3634 2861 3708 χρησμοῦ
2902 3637 3002 3708 τὴν
3040 3636 3303 3708 ἀλήθειαν
3350 3637 3708 3708 παραστῆσαι

2126 3731 2484 3803 πειράσομαι.
2530 3727 2644 3791 Τὰς
2686 3728 2785 3798 μὲν
2841 3723 2937 3782 οὖν
2987 3728 3170 3793 αίτίας
3219 3728 3316 3782 τοῦ
3366 3745 3426 3781 τε
3470 3726 3709 3782 Ἰλιακοῦ

2126 3821 2362 3894 πολέμου
2388 3863 2402 3887 ,
2440 3822 2535 3874 καὶ
2570 3818 3099 3890 τοῦ,Μεσσηνιακοῦ
3124 3859 3139 3884 ,
3179 3818 3275 3873 τοῦ
3314 3832 3376 3873 τε
3415 3820 3712 3891 Κιρραίων

2124 3912 2262 3983 πρὸς
2303 3912 2605 3981 Ἀργείους,
2628 3909 2722 3964 τοῦ
2762 3927 2823 3963 τε
2858 3910 3112 3981 Θηϐαίων
3140 3911 3276 3982 πρὸς
3310 3911 3535 3974 Φωκέας
3566 3927 3715 3982 παρ-

2124 4006 2263 4075 ήσω,
2315 4004 2392 4068 ὠς
2431 4002 2924 4076 κατημαξευμένας
2948 4018 2962 4033 ο
3029 4003 3235 4066 πάντες
3281 4003 3391 4075 γὰρ
3430 3999 3581 4058 οὗτοι
3612 4004 3715 4060 καὶ

2124 4097 2402 4160 δεκαετεῖς
2423 4135 2438 4162 ,
2470 4097 2565 4150 καὶ
2587 4095 2675 4150 διά
2707 4097 2975 4162 γυναῖκας
3013 4095 3282 4164 ἐγένοντο.
3329 4096 3465 4149 Ἀπὸ
3500 4096 3561 4150 δὲ
3595 4097 3713 4151 τῶν

2123 4188 2483 4257 Ξενοφῶντος,
2504 4182 2585 4252 οἷς
2615 4188 2710 4243 καὶ
2734 4187 3086 4259 κεχείρωσαι,
3109 4186 3208 4259 τὴν
3231 4187 3515 4255 ἀπόδειξιν
3541 4191 3710 4262 ποιή-

2104 4297 2308 4351 σομαι.
2339 4279 2477 4333 Ἰσθι
2505 4280 2706 4344 τοίνυν,
2737 4279 2814 4343 ὡς
2854 4281 2882 4334 ὁ
2910 4280 3008 4351 μὲν
3053 4279 3238 4352 Κῦρος
3269 4280 3407 4351 μηδὲ
3441 4281 3573 4343 ίδείν
3601 4282 3710 4353 τὴν

2125 4371 2393 4425 Πάνθειαν
2440 4370 2842 4441 ἀνασχόμενος.
2902 4370 3081 4424 καίτοι
3156 4371 3438 4442 ἀμήχανον
3508 4372 3714 4439 κάλλος

2124 4462 2266 4532 ἔχειν
2323 4462 2798 4533 μαρτυρουμένην,
2850 4462 2912 4515 οὐ
2960 4461 3121 4533 μόνον
3162 4461 3257 4516 τοῦ
3314 4463 3413 4534 τῆς
3450 4463 3718 4534 λαγνείας

2128 4554 2400 4629 χειμῶνος
2443 4555 2544 4607 οὐκ
2588 4553 2855 4625 ἐπειράθη
2880 4591 2897 4617 ,
2944 4553 3083 4609 ἀλλά
3128 4554 3226 4608 καὶ
3270 4555 3598 4628 σωφροσύνῃ
3628 4555 3718 4612 δι⁹

2127 4645 2392 4716 ἔλαμψεν.
2435 4646 2492 4699 Ὀ
2517 4644 2574 4698 δὲ
2621 4645 2906 4716 Ἀράσπας
2929 4685 2943 4710 ,
2975 4644 3180 4715 καίπερ
3216 4645 3713 4717 μεγαλοφρονήσας

2122 4738 2199 4802 ὡς
2223 4737 2318 4792 καὶ
2337 4736 2481 4809 ὁρῶν
2512 4736 2605 4793 καὶ
2633 4737 2709 4809 μὴ
2741 4738 2903 4807 έρῶν,
2938 4738 3018 4800 είς
3045 4735 3321 4806 τοσαύτην
3353 4738 3715 4793 κατέπαυσεν

440 4818 621 4903 sceret
638 4818 1081 4913 tameu,puduris
1103 4839 1317 4893 tandem
1338 4838 1610 4909 iacturam
1631 4835 1755 4891 fecit
1781 4853 1796 4890 :
1825 4844 2017 4903 captus

2127 4829 2411 4901 αἰσχύνην,
2443 4829 2698 4902 ἐρασθεὶς
2729 4829 2922 4901 αὐτῆς,
2963 4829 3061 4883 καὶ
3097 4829 3384 4893 ἱκετεύσας
3410 4869 3425 4893 ,
3467 4831 3566 4885 καὶ
3587 4830 3717 4887 διαε-

442 4936 587 4994 illius
613 4949 801 4990 amore
851 4951 915 4990 ac
964 4934 1184 5004 supplet
1231 4944 1575 5002 peccansque
1615 4927 1907 4988 desiderio,
1960 4934 2019 4979 ut

442 5026 590 5083 mille
612 5024 890 5080 machinas
902 5024 1103 5096 Cyrum
1123 5026 1380 5081 adbibere
1406 5022 1570 5077 fuerit
1584 5033 1829 5082 necesse,
1854 5025 2017 5086 atque

440 5134 580 5191 opus
603 5120 767 5175 interit
813 5118 1064 5181 inventis,
1105 5133 1213 5187 quo
1237 5132 1267 5171 a
1295 5115 1434 5186 turpi
1460 5114 1615 5169 illum
1642 5125 1830 5166 amore
1861 5125 2018 5163 aver-

338 5205 384 5223 “’
444 5221 606 5269 teret.
640 5210 772 5267 Uter
818 5208 986 5278 igitur
1016 5208 1206 5262 melior
1256 5208 1350 5261 tibi
1402 5207 1551 5261 visus
1597 5214 1712 5268 est,
1760 5203 1878 5258 isne
1925 5201 2016 5270 qui

441 5311 560 5360 tuto
605 5290 702 5358 sua
737 5301 1054 5370 disponens,
1086 5307 1141 5353 et
1174 5299 1240 5352 ad
1286 5298 1426 5354 hanc
1466 5299 1608 5353 diem
1646 5294 2017 5364 lempet‘ttnlim

445 5398 663 5451 nomine
686 5393 1012 5464 pradicatus
1036 5406 1052 5455 ;
1073 5399 1166 5442 aut
1196 5391 1285 5459 qui
1314 5389 1692 5459 intempestiva
1720 5389 2016 5444 ambitione

326 5521 351 5537 ..
439 5480 676 5555 teipsnm
716 5483 888 5539 fmdes
938 5494 1002 5535 ac
1043 5478 1347 5535 deformas?
1381 5496 1444 5534 ac
1480 5489 1608 5533 tunc
1636 5480 1853 5550 quidem
1894 5494 2017 5550 pro-

442 5576 615 5646 priam
659 5571 1023 5642 comprimens
1067 5568 1318 5639 loquendi
1349 5568 1800 5632 libertatem,‘sed
1837 5569 2016 5624 omni-

446 5666 547 5718 bus
575 5664 801 5732 posthac
849 5660 1076 5717 victuris
1108 5656 1415 5729 superbiam
1445 5656 1822 5728 duplicemque
1862 5659 2016 5728 igno-

446 5755 665 5810 miniam
720 5755 982 5810 exhibens
1047 5749 1418 5807 deridendam.
1455 5747 1815 5816 Quamobrem
1871 5762 2017 5810 recte

2129 4919 2351 4993 μαρτὼν
2373 4920 2472 4992 τῆς
2504 4919 2801 4991 ἐπιθυμίας
2819 4960 2834 4981 ,
2867 4919 2943 4982 ὡς
2968 4918 3382 4990 ἀναγκασθῆναι
3409 4918 3502 4985 τὸν
3524 4919 3718 4991 Κῦρον

2131 5011 2357 5083 μυρίαις
2395 5014 2666 5082 μηχαναῖς
2715 5012 2810 5065 καὶ
2851 5011 3120 5073 ἐπινοίαις
3172 5009 3515 5082 χρήσασθαι,
3565 5012 3715 5067 ὥστε

2127 5101 2433 5169 ἀπαλλάξαι
2455 5104 2662 5156 ἐκεῖνον
2678 5103 2911 5172 αἰσχρᾶς
2941 5100 3281 5172 ὑπολήψεως.
3308 5102 3406 5166 Τίς
3427 5099 3519 5157 οὗν
3543 5103 3714 5174 ἀμεί-

2126 5213 2234 5249 νων
2269 5194 2423 5267 παρά
2468 5195 2571 5261 σοὶ,
2608 5196 2638 5248 ὁ
2667 5193 2926 5264 ἀσφαλῶς
2959 5193 3031 5247 τὰ
3070 5194 3197 5248 καθ’
3237 5195 3432 5250 ἑαυτὸν
3478 5196 3711 5265 διαθεὶς,

2125 5289 2222 5341 καὶ
2262 5287 2428 5359 μέχρι
2477 5286 2572 5342 νῦν
2613 5287 2707 5339 ἐπὶ
2755 5285 3082 5359 σωφροσύνῃ
3133 5287 3576 5359 ἀνυμνούμενος,
3616 5288 3713 5359 ἢὸ

2125 5379 2410 5452 φιλοτιμίᾳ
2440 5380 2654 5452 ἀκαίρῳ
2688 5380 2879 5433 ἑαυτὸν
2911 5379 3301 5451 καταισχύνας,
3336 5382 3434 5435 καὶ
3455 5383 3580 5434 τότε
3608 5383 3709 5452 μὲν

2123 5470 2221 5541 τὴν
2253 5471 2461 5524 οἰκείαν
2502 5469 2819 5541 παρρησίαν
2855 5468 3076 5534 σϐέσας,
3116 5472 3233 5533 τοίς
3275 5469 3332 5522 δὲ
3362 5470 3502 5539 μετά
3530 5469 3708 5524 ταῦτα

2125 5565 2401 5634 παραδοὺς
2429 5562 2764 5634 κωμῳδῆσαι
2794 5561 2893 5616 καὶ
2917 5560 3017 5630 τὴν
3051 5561 3329 5632 προτέραν
3355 5560 3701 5623 ἀλαζονείαν,

2125 5656 2218 5710 καὶ
2237 5655 2336 5725 τὴν
2367 5654 2628 5725 δευτέραν
2662 5651 2908 5719 ἀδοξίαν;
2953 5650 3256 5722 Τοιγαροῦν
3301 5650 3397 5703 καὶ
3428 5650 3594 5714 αὐτὸς
3633 5648 3700 5702 τὰ

2126 5748 2267 5803 κατά
2296 5746 2522 5803 σεαυτὸν
2550 5743 2730 5809 καλῶς
2761 5740 2993 5809 olivetis,
3029 5742 3123 5796 καὶ
3149 5740 3225 5814 μὴ
3245 5742 3460 5814 ἀκαίρῳ
3496 5741 3701 5812 φιλοτι-

3578 338 3841 410 1428’
