4070 6372
341 385 478 451 H29

333 583 480 659 θρων
510 587 710 643 σαυτὸν
733 589 916 662 φέρων
953 593 1397 664 κατακρήμνιζε.

615 771 780 827 POA'.
813 804 884 813 —
917 774 1152 846 ΠΔΥΛῼ
1193 777 1623 834 ΜΟΝΑΖΟΝἸΊ.

1226 393 1764 457 EPISTOLARUM
1803 395 1951 456 LIB.
1986 396 2053 458 V.
2096 421 2165 431 -
2203 395 2440 458 EPIST.
2481 398 2816 462 CLXXVII.

337 491 438 564 μία
457 493 952 569 ἕκβακχευόμενος,
979 499 1124 554 κατὰ
1159 500 1270 556 τῶν
1299 503 1401 574 τῆς
1427 503 1718 574 ἀσελγείας
1745 503 1921 577 βαρά-

3470 391 3608 458 1430

2025 515 2116 560 tua
2145 519 2291 561 nunc
2321 507 2563 575 institue,
2599 523 2733 566 neve
2780 507 3136 567 immoderato
3171 505 3354 562 furens
3399 505 3607 562 ambitu

2031 595 2084 650 in
2143 595 2460 654 barathrum
2503 598 2738 656 lasciviae
2768 599 2998 670 teipsum
3030 597 3377 668 libidinisque
3418 597 3608 667 [smel-

2065 689 2186 744 ites.

2026 703 2364 852 μωεέον
2391 778 2673 836 εωιχιγ.
2706 809 2775 820 -
2809 779 3040 838 PAULO
3082 777 3439 838 nonanno.

1419 870 1677 926 Fratrum
1711 873 1877 926 trium
1909 879 2153 928 virtutem
2176 872 2531 929 commendat.

401 970 577 1036 Αὐτὸς
637 971 738 1044 μὲν
781 973 932 1042 ἄξιος
977 976 1216 1033 ἐπαίνων
1257 978 1572 1051 τυγχάνεις,
1617 981 1646 1034 ὁ
1686 979 1745 1034 δὲ
1784 997 1922 1052 πρε-

2049 1019 2060 1030 .
2098 981 2297 1052 Dignus
2325 989 2378 1035 tu
2399 981 2620 1050 quidem
2647 980 2827 1044 laude,
2848 981 3078 1051 amplius
3094 995 3228 1037 vero
3247 981 3338 1052 qui
3365 987 3419 1036 te
3443 986 3606 1036 atate

333 1062 600 1136 σδύτερός
651 1081 748 1119 σου
782 1066 1008 1137 ἀδελφὸς
1035 1068 1352 1142 ἀξιώτερος,
1401 1074 1430 1126 ὁ
1455 1072 1513 1126 δὲ
1547 1069 1922 1143 πρεσϐύτατος

2025 1073 2316 1140 antecellit,
2343 1071 2550 1141 frater;
2587 1073 2824 1129 maxime
2867 1088 3018 1141 vero,
3059 1073 3150 1144 qui
3179 1081 3306 1128 natu
3327 1072 3604 1129 maximus

333 1153 657 1222 ἀξιώτατος.
690 1157 823 1222 Ταῖς
853 1159 962 1232 γὰρ
989 1159 1230 1231 ἡλικίαις
1263 1163 1360 1217 καὶ
1381 1165 1415 1235 ή
1441 1163 1541 1235 τῆς
1565 1165 1776 1236 ,ἀρετῆς
1800 1163 1919 1218 ὲπί-

2019 1176 2124 1224 est.
2152 1165 2288 1222 Cum
2314 1176 2477 1223 aetate
2500 1167 2715 1221 virtutis
2741 1180 2955 1236 quoque
2981 1165 3100 1221 fieri
3147 1173 3292 1221 amnt
3335 1166 3604 1220 accessio.

324 1250 478 1312 δοσις
511 1249 886 1322 συνέδραμεν,⁸
943 1251 1070 1308 ὅθεν
1119 1253 1215 1308 καὶ¹
1267 1255 1362 1309 ἐπὶ
1406 1255 1512 1321 σοὶ,
1549 1255 1643 1308 καὶ
1685 1255 1784 1310 ἐπὶ
1839 1254 1918 1326 τῷ

2025 1257 2176 1316 Unde
2201 1267 2255 1314 et
2279 1259 2332 1314 in
2363 1270 2435 1326 te,
2463 1267 2521 1314 et
2545 1256 2754 1328 majore
2777 1265 2907 1312 natu
2934 1255 3104 1312 fratre
3132 1269 3256 1327 spes
3284 1255 3426 1311 bona
3461 1258 3604 1325 vlget

326 1334 696 1414 πρεσϐυτέρῳ
739 1343 952 1416 χρηστὴ
983 1345 1138 1410 ἐλπὶς
1157 1344 1331 1410 ἀνθεῖ,
1361 1347 1438 1411 ώς
1479 1346 1574 1400 τοῦ
1602 1345 1914 1419 πρεσϐυτά-

325 1451 422 1488 του
455 1433 880 1506 προκοπτούσης
921 1435 1022 1504 τῆς
1045 1435 1263 1507 ἡλικίας
1287 1437 1388 1492 οὐκ
1417 1433 1932 1510 ἀπολειφθήσεσθε,

2015 1350 2152 1417 fore,
2183 1358 2241 1404 ut
2267 1349 2551 1406 deﬁciente
2585 1349 2637 1404 in
2671 1349 2888 1405 seniore
2931 1357 3025 1404 tuo
3072 1347 3246 1403 fratre
3293 1354 3473 1412 (etate,
3503 1345 3604 1414 ipsi

2015 1457 2122 1497 non
2152 1441 2511 1512 degeneretis,
2544 1440 2640 1496 sed
2663 1439 2798 1495 clari
2827 1453 3044 1510 semper
3071 1447 3128 1494 et
3150 1451 3249 1494 vos
3281 1436 3604 1493 reddsmini.

325 1523 447 1577 ἀλλ’
476 1525 716 1596 ἀοίδιμοι
768 1525 892 1579 κατ’
921 1527 1132 1581 ἐκεῖνον
1167 1529 1484 1600 γενήσεσθε.
1536 1528 1793 1600 Ἔχοντες
1820 1525 1914 1594 οὖν

2025 1532 2254 1602 Bognata
2293 1531 2458 1602 igitur
2497 1539 2645 1587 recte
2675 1529 2818 1586 facta
2863 1529 3148 1595 habentes,
3175 1528 3234 1583 in
3283 1527 3422 1598 ipsa,
3453 1535 3513 1580 ut
3551 1525 3606 1580 in

327 1616 632 1686 συγγενικά
692 1616 1127 1691 κατορθώματα,
1182 1621 1323 1694 πρὸς
1367 1621 1504 1676 αὐτά
1563 1622 1772 1677 τείνατε
1823 1625 1916 1678 τὸν

2025 1637 2262 1692 scopum,
2295 1621 2582 1677 intendite.

329 1709 560 1764 σκοπόν.

663 1801 831 1856 POE'.
871 1832 940 1842 —
981 1801 1215 1859 lEPAKI
1254 1805 1576 1877 AtAKONn.

1943 1804 1990 1860 B

2289 1806 2547 1866 cnxxv.
2577 1769 2649 1850 -έ
2680 1803 2964 1862 lilEitACl
3003 1803 3328 1862 DlACONO.

789 1893 1114 1964 Improbitas
1138 1905 1188 1950 et
1215 1898 1262 1951 si
1294 1897 1402 1952 tato
1429 1898 1691 1968 principio
1720 1914 1830 1954 esse
1848 1902 2107 1969 adeatur,
2139 1911 2311 1958 tamen
2335 1900 2494 1970 ﬁnem
2524 1901 2906 1970 respiciendum
2931 1907 3127 1954 monet.

400 2001 466 2054 Εί
498 2001 594 2055 καὶ
626 2002 764 2074 πρὸς
805 1997 990 2076 κέρδος
1035 2005 1392 2080 ἀνελεύθερον
1424 2009 1584 2082 ὁρῶν,
1619 2011 1716 2064 καὶ
1763 2010 1913 2080 φιλοο

325 2093 646 2164 χρηματίας
687 2095 850 2166 ὲρῶν,
893 2098 1180 2154 κάλλιστον
1212 2101 1397 2172 σαυτῷ
1428 2105 1538 2175 ἡγῇ
1575 2103 1910 2176 πεπρᾶχθαι,

326 2187 452 2244 ἀλλ’
483 2188 521 2244 ἀ
557 2189 796 2260 μάλιστα
847 2193 947 2264 μὲν
976 2196 1071 2248 καὶ
1112 2196 1276 2262 αὐτὸς
1307 2197 1533 2268 βούλοιο,
1568 2199 1705 2270 πρὸς
1748 2200 1915 2272 τιμὴν

326 2277 428 2331 καὶ
451 2277 609 2344 δόξαν
631 2279 780 2334 ἐστὶν
807 2282 1086 2354 αῖσχιστα.
1113 2286 1176 2339 Εἰ
1195 2286 1252 2340 δὲ
1281 2287 1376 2341 καὶ
1401 2287 1499 2360 τὴν
1531 2289 1707 2360 πάντη
1727 2305 1786 2342 τε
1818 2294 1908 2344 καὶ

327 2367 552 2433 πάντως
586 2369 860 2443 ἑψομένην
888 2377 999 2438 τοῖς
1029 2375 1291 2442 τοιούτοις
1321 2378 1638 2450 τολμήμασι
1670 2380 1914 2449 λογίσαιο

324 2458 510 2530 δίκην,
559 2456 619 2514 εὖ
667 2457 764 2516 οἷδ’
807 2464 891 2518 ὅτι
937 2466 1416 2540 καταθρηνήσειας
1448 2469 1664 2526 σαυτόν.
1712 2473 1912 2526 Σκόπει

325 2545 426 2604 οὖν
461 2550 522 2604 τδ
553 2551 673 2606 δέον
695 2569 711 2587 ο
759 2554 825 2615 τὸ
869 2555 982 2630 γὰρ
1029 2558 1182 2624 τέλος
1217 2561 1279 2614 τὸ
1311 2561 1591 2618 κάνταῦθα
1619 2563 1780 2618 κάκεῖ
1804 2566 1916 2628 τοῖς

327 2640 619 2698 πταίουσιν
645 2645 913 2716 ἑπόμενον
946 2642 1114 2714 οἶδας.

807 2828 991 2897 Ροςν.
1023 2861 1094 2874 -.
1116 2833 1205 2905 Tn
1229 2809 1436 2904 Arm.

2087 2013 2204 2069 Etsi
2246 2015 2312 2068 ad
2358 2011 2675 2069 illiberalem
2717 2019 2980 2084 quaestum
3035 1994 3520 2080 respectn'hahito
3547 2012 3604 2060 et

2018 2104 2258 2160 habendi
2293 2103 2546 2160 incensus
2587 2101 2884 2174 cupiditate
2933 2100 3137 2169 optime
3187 2105 3364 2152 tecum
3394 2093 3598 2150 factum

2015 2196 2320 2264 existimes;
2350 2196 2444 2250 sed
2473 2209 2594 2266 qua:
2619 2193 2959 2264 potissimum
2995 2183 3110 2260 ipse
3151 2197 3390 2260 reputes,
3434 2200 3500 2240 ea
3531 2185 3600 2240 ad

2019 2287 2276 2342 honorem
2317 2284 2648 2356 gloriamque
2687 2291 2814 2340 sunt
2875 2281 3208 2351 turpissima.
3268 2278 3326 2334 Si
3373 2291 3502 2332 vero
3543 2283 3602 2332 et

2019 2378 2260 2448 undique
2312 2385 2476 2447 atque
2511 2377 2732 2432 omnino
2777 2373 2904 2430 talia
2952 2371 3196 2427 facinora
3247 2369 3600 2426 comitantem

2023 2483 2236 2541 poenam
2271 2470 2454 2524 animo
2477 2467 2734 2535 volveris,
2753 2475 2906 2523 certo
2925 2465 3040 2521 scio
3058 2464 3196 2534 fore,
3224 2471 3282 2517 ut
3311 2459 3603 2530 aliquando

2020 2560 2266 2629 deplores
2305 2557 2556 2628 teipsum.
2590 2555 2772 2624 Quare
2833 2555 3154 2620 considera,
3185 2551 3328 2624 quod
3361 2556 3600 2618 oportet.

2020 2649 2175 2707 Nosti
2205 2650 2349 2707 enim
2379 2658 2642 2720 quantum
2680 2647 3009 2718 supplicium
3046 2647 3136 2703 hic
3192 2653 3248 2701 et
3304 2643 3360 2699 in
3403 2641 3602 2714 futura

2023 2751 2238 2798 maneat
2262 2742 2370 2797 vita
2399 2741 2534 2812 legis
2564 2748 3020 2811 transgressores.

2366 2830 2375 2840 ’
2487 2830 2767 2888 CLXXVI.
2795 2858 2868 2873 -—
2898 2827 3125 2886 EIDEM.

621 2913 980 2985 Ἀκόλαστος
1015 2923 1154 2991 quis.
1199 2921 1338 2976 Vitio
1376 2932 1578 2992 careat,
1601 2924 1692 2994 qui
1725 2926 1890 3049 nisum
1917 2923 2275 3048 retpreltendit;
2305 2939 2429 2979 nam
2453 2937 2470 2978 .'
2490 2920 2660 2992 Turpe
2686 2932 2762 2977 est
2793 2921 3018 2988 doctori,
3053 2935 3174 2974 cum
3198 2915 3357 2986 culpa.

1713 3012 1767 3049 re
1809 3012 1956 3049 arant
2013 3009 2206 3049 ipsum.
3218 3042 3220 3046 ,

1713 3009 1979 3066 redarguit
2013 3009 2206 3063 ipsum.

412 3101 476 3156 '0
523 3100 842 3166 ἀκόλαστος,
893 3100 1192 3168 τουτέστιν,
1241 3103 1272 3154 ὁ
1297 3100 1559 3174 ῥᾳθύμως
1601 3102 1772 3174 βιοὺς,
1820 3095 1951 3160 καὶ⁴

2087 3097 2358 3170 Nequam,
2414 3099 2468 3156 id
2529 3107 2638 3164 est,
2700 3097 3034 3169 negligenter
3087 3093 3296 3160 vivens,
3357 3106 3458 3149 nec
3507 3107 3612 3148 sua

325 3192 435 3257 τὰς
465 3193 676 3256 οίκείας
708 3192 784 3264 μὴ
834 3189 1081 3256 κολάζων
1119 3193 1435 3264 ἐπιθυμίας,
1465 3194 1605 3249 ἀλλὰ
1629 3195 1732 3258 τὰς
1759 3196 1917 3267 ἡνίας

327 3285 522 3348 αὐτοῖς
554 3283 792 3348 ἐνδιδοὺς
818 3281 914 3337 τοῦ
959 3283 1094 3338 ὅπου
1143 3282 1419 3354 βούλοιντο
1457 3287 1678 3356 χωρεῖν,
1709 3286 1760 3338 εί
1789 3287 1916 3340 ὲπις

328 3373 548 3446 κειροίη
613 3373 714 3438 τὰς
761 3373 872 3428 τῶν
935 3372 1113 3428 ἄλλων
1177 3369 1450 3442 κολάζειν,
1510 3377 1918 3446 καταγέλαστος

329 3464 490 3519 ἔσται
531 3465 628 3519 καὶ
662 3465 1045 3530 ἐπονείδιστος.
1077 3465 1152 3520 οὐ
1187 3465 1344 3536 μόνον
1380 3467 1489 3540 γὰρ
1511 3467 1666 3522 οὐδὲν
1705 3470 1915 3535 ἀνύσει,

331 3553 474 3610 ἀλλὰ
501 3555 596 3610 καὶ
625 3555 919 3626 κωμῳδίας
948 3554 1202 3620 ὑπόθεσις
1231 3547 1546 3629 γενήσεται,
1570 3558 1918 3628 κατορθῶσαι

334 3648 400 3701 ιν
447 3645 629 3711 ἄλλοις
667 3644 1026 3718 πειρώμενος,
1066 3646 1210 3716 ἅπερ
1245 3648 1406 3712 αὐτὸς
1435 3649 1496 3702 οὐ
1532 3649 1918 3722 κατώρθωσεν.

333 3735 417 3789 οὗ
461 3734 572 3806 γὰρ
623 3733 792 3800 ἔστιν,
836 3735 938 3788 οὐκ
984 3733 1102 3788 ἔστι
1146 3733 1255 3788 τῶν
1313 3735 1612 3809 ἀλλοτρίων
1650 3739 1919 3810 κρατῆσαι

334 3825 554 3894 παθῶν,
591 3825 683 3879 τὸν
722 3825 834 3880 τῶν
875 3827 1092 3880 οίκείων
1137 3826 1224 3898 μὴ·
1248 3829 1696 3900 περιγινόμενονο
1725 3831 1920 3885 ταυτὸν

334 3917 455 3990 γὰρ
487 3919 654 3981 ποιεῖ,
687 3910 800 3972 οἷον
842 3916 912 3977 ἂν
939 3918 992 3972 εί
1015 3935 1100 3982 τις
1129 3920 1435 3992 στρατηγὸς
1458 3921 1558 3994 τὴν
1583 3921 1686 3992 μὲν
1712 3923 1922 3987 οἰκείαν

335 4009 815 4082 πόλινιὲμφύὶκον
843 4010 1073 4082 ἔχουσαν
1105 4011 1364 4083 πόλεμον,
1391 4013 1488 4067 καὶ
1515 4013 1796 4082 νοσοῦσαν,
1827 4016 1922 4070 καὶ

325 4101 750 4168 ,στασιάζουσαν
801 4104 882 4166 είς
937 4101 1190 4170 ὁμόνοιαν
1238 4105 1468 4172 ἀγαγεῖν
1509 4104 1585 4176 μὴ
1640 4105 1920 4180 δυνηθείη,

335 4192 454 4246 τῶν
491 4192 551 4247 δὲ
581 4192 780 4260 ἔξωθεν
831 4192 1086 4263 πολέμων
1123 4193 1474 4264 περιέσεσθαι
1511 4196 1920 4266 ἐπαγγέλλοιτο.

340 4281 491 4354 Πρὸς
557 4283 618 4338 ὃν
679 4301 764 4348 τις
815 4281 1043 4346 εἰκότως
1097 4283 1232 4354 φαίη
1259 4279 1288 4316 ·’
1319 4283 1719 4357 Ἐμϐρόντητε,
1790 4287 1921 4354 ῖσως

339 4373 580 4445 ἀγνοεῖς,
613 4375 697 4430 ὅτι
729 4373 792 4428 οὐ
821 4373 1076 4427 τοσοῦτον
1103 4374 1154 4426 oi
1187 4373 1474 4442 ἀλλόφυλοι
1513 4375 1765 4446 πόλεμοι,
1798 4378 1924 4434 ὅσον

2018 3189 2313 3244 emendans
2353 3186 2481 3242 vitia
2519 3193 2683 3256 atque
2707 3185 3082 3256 cupiditatem,
3123 3181 3221 3238 sed
3265 3180 3506 3236 habenas
3537 3179 3610 3237 iis

2017 3279 2226 3342 laxans,
2260 3293 2366 3348 quo
2405 3276 2518 3334 vult
2545 3277 2767 3342 deferri,
2797 3276 3090 3346 permittit,
3117 3274 3163 3331 si
3193 3271 3604 3344 reprehendere

2015 3377 2266 3434 conatur,
2305 3369 2352 3424 is
2394 3369 2654 3425 ridiculus
2685 3369 2898 3424 tandem
2931 3367 3125 3424 evadet
3169 3375 3333 3436 atque
3363 3363 3610 3421 infamis.

2017 3462 2135 3521 Non
2168 3463 2340 3520 solum
2382 3461 2528 3518 enim
2574 3460 2706 3516 nihil
2739 3459 2976 3529 expedit,
3015 3461 3108 3513 sed
3141 3465 3198 3512 et
3222 3447 3367 3526 vulgi
3413 3457 3474 3512 lit
3521 3455 3606 3511 fa-

2018 3555 2166 3624 bula,
2203 3554 2476 3625 corrigere
2509 3555 2561 3608 in
2591 3553 2716 3609 aliis
2742 3560 2984 3618 tentans,
3013 3549 3078 3604 in.
3112 3564 3221 3619 quo
3271 3549 3388 3619 ipse
3437 3545 3607 3603 delin-

2019 3649 2156 3720 quit.
2187 3647 2374 3719 Neque
2417 3647 2565 3703 enim
2602 3647 2734 3702 mihi
2783 3647 2966 3712 crede,
3006 3644 3236 3699 aliorum
3276 3641 3405 3698 vitia
3443 3654 3606 3699 sana-

2019 3743 2120 3810 bit,
2165 3741 2257 3812 qui
2293 3756 2398 3796 non
2443 3739 2661 3811 propria
2709 3737 3126 3809 expugnaverit.
3151 3735 3297 3792 idem
3330 3734 3476 3792 enim
3503 3732 3604 3804 ipsi
3663 3769 3672 3775 .
3753 3741 3769 3753 '

2025 3833 2296 3897 usuvenit,
2319 3831 2463 3902 quod
2485 3831 2634 3896 duci,
2665 3830 2756 3900 qui
2784 3829 3064 3885 civitatem
3099 3842 3252 3882 suam
3285 3824 3428 3882 bello
3468 3824 3610 3878 inte-
3693 3832 3701 3842 '

2023 3925 2166 3981 stino
2191 3923 2444 3980 aﬂlictam
2475 3923 2944 3992 seditionibusque
2971 3919 3230 3990 agitatam
3269 3917 3336 3973 ad
3373 3930 3606 3972 concor-

2025 4017 2164 4070 diam
2191 4015 2460 4088 adducere
2483 4030 2607 4070 cutn
2631 4029 2737 4070 non
2769 4015 2956 4082 possit,
2981 4009 3223 4089 externis
3253 4007 3449 4064 bellum
3482 4019 3596 4060 mo-

2025 4115 2168 4163 veat.
2199 4107 2298 4162 Cui
2329 4105 2682 4176 meritoqnis
2727 4104 2967 4160 dixerit:
3000 4103 3194 4166 Stulte,
3246 4115 3314 4156 an
3365 4101 3606 4171 ignoras,

2027 4215 2132 4255 non
2158 4199 2382 4269 perinde
2410 4199 2597 4254 hostes
2621 4203 2875 4252 externos
2901 4207 3100 4250 nocere
3133 4201 3296 4263 atque
3321 4189 3610 4246 interno”

2025 4271 2183 4347 Prius
2205 4291 2386 4360 itaque
2415 4287 2574 4344 civile
2606 4287 2806 4344 bellum
2825 4294 2912 4342 est
2933 4281 3386 4354 componendum,
3410 4278 3608 4336 deinde

2026 4382 2236 4438 externi
2267 4379 2615 4454 aggrediendi
2638 4386 2764 4434 sunt
2785 4377 2987 4432 hostes.

341 4467 397 4524 οί
451 4467 706 4541 ἐμφύλιοι
763 4467 1172 4538 διαφθείρουσις
1221 4467 1347 4540 Χρὴ
1397 4465 1492 4524 οὗν
1547 4469 1765 4541 πρῶτον
1825 4473 1918 4528 τὸν
1975 4475 2124 4532 ἔνδον
2171 4475 2363 4530 σϐέσαι
2395 4473 2654 4544 πόλεμον,
2707 4469 2821 4526 καὶ·
2865 4468 2988 4523 τότε
3021 4468 3132 4532 τοῖς
3197 4464 3302 4530 ἔξω
3333 4460 3611 4535 πολεμίοις

345 4559 642 4635 μάχεσθαι.

803 4654 972 4708 POZ'.
1012 4685 1083 4698 --
1119 4655 1463 4730 ΕΠΙΦΑΝΙῼ.

1956 4661 2006 4718 D

2384 4650 2689 4710 CLXXVII.
2731 4680 2803 4692 —
2869 4644 3263 4706 ΕΡΙΡΗΑΝΙΟ.

1398 4769 1474 4826 De
1505 4772 1568 4826 iis
1596 4787 1820 4844 quorum
1847 4773 1950 4827 vita
1975 4770 2228 4826 doctrina:
2266 4781 2372 4822 non
2393 4764 2654 4819 convenit.

434 4841 676 4930 Ἐπειδῆ
704 4858 1008 4932 θαυμάζειν
1038 4860 1194 4933 ἔφης,
1225 4862 1372 4926 ὅπως
1409 4863 1460 4918 οῖ
1496 4841 1760 4936 μὲν-θεῖοι
1789 4883 1927 4938 χρη·
2007 4858 2028 4883 ⁹

345 4950 484 5022 σμοὶ
537 4951 770 5021 ἡσυχίαν
827 4953 982 5023 ἡμᾶς
1037 4953 1194 5020 ἄγειν
1233 4954 1379 5024 ,φασὶ
1415 4954 1635 5026 χρῆναι,
1693 4955 1795 5010 κᾶν
1845 4972 1931 5020 τις

345 5042 503 5113 ἡμᾶς
547 5039 733 5114 ἀδικῇ,
773 5043 824 5097 οῑ
853 5043 911 5098 δὲ
941 5041 1148 5098 τούτων
1175 5044 1514 5116 ἑρμηνευταὶ
1554 5046 1616 5100 οὐ
1649 5045 1929 5118 βούλονται

347 5131 592 5203 ἡσυχίαν
626 5131 804 5202 ἄγειν,
837 5133 1054 5198 οὐδενὸς
1085 5135 1287 5200 αὐτοὺς
1317 5135 1652 5202 ἀδικοῦντος.
1688 5137 1809 5193 Κάν
1847 5153 1931 5202 τις

351 5222 556 5289 αὐτοὺς
597 5223 842 5295 ἐλέγχειν
885 5227 1218 5298 ἐπιχειροίη,
1249 5227 1606 5302 λοιδορεῖσθαι
1638 5229 1931 5299 φάσκουσι,

352 5315 454 5371 καὶ
479 5315 555 5381 ὡς
581 5315 675 5370 ἐπὶ
707 5314 1036 5372 καθοσιώσει
1061 5319 1260 5375 ἁλόντα
1288 5319 1455 5388 δίκας,
1473 5321 1770 5390 πράττουσι
1795 5319 1930 5394 (26).

434 5428 480 5461 ι’
517 5425 712 5498 Matth.
752 5441 807 5494 ν,
843 5426 936 5484 29.

2105 4856 2553 4929 Quandoquidem
2582 4853 2765 4910 mirari
2801 4862 2854 4909 te
2879 4855 2960 4908 ais
2983 4864 3172 4908 sacras
3201 4849 3435 4908 Litteras
3464 4860 3614 4908 trau-

2027 4953 2198 5026 quillo
2231 4962 2290 5006 ut
2317 4950 2488 5006 simus
2511 4946 2835 5026 placidoque
2863 4943 3050 4998 animo
3079 4943 3369 5012 imperare,
3397 4942 3613 4998 etiamsi

2029 5020 2152 5120 quis
2199 5042 2358 5100 laedat
2385 5020 2690 5109 iniuriaque
2733 5035 2930 5116 alliciat
2965 5035 3050 5102 ";
3089 5035 3182 5105 qui
3227 5047 3357 5089 vero
3385 5031 3504 5103 ejus
3529 5031 3612 5088 in-

2034 5145 2300 5209 terpretes
2323 5133 2622 5203 Scriptura
2647 5129 2922 5186 exsistunt
2947 5128 3230 5196 quiescere
3258 5123 3471 5184 nolunt,
3509 5124 3612 5180 etsi

2031 5244 2062 5284 a
2120 5228 2336 5284 nemine
2385 5225 2683 5290 laedantur;
2715 5230 2770 5277 et
2803 5221 2850 5277 si
2881 5220 3006 5290 quis
3046 5219 3192 5290 ipsos
3221 5215 3618 5289 reprehendere

2031 5329 2282 5386 conetur,
2311 5317 2471 5374 irrisu
2511 5314 2878 5384 conviciisque
2913 5310 3134 5370 onerari
3188 5324 3263 5367 se-
3289 5318 3614 5380 queruntur,

1455 5514 1688 5572 VARIIE
1720 5515 2106 5574 LECTIONES
2142 5517 2230 5574 ET
2268 5515 2503 5572 NOTE.

433 5651 548 5723 (26)
575 5652 685 5723 Kal
712 5653 793 5718 ὠς
823 5651 921 5706 ἐπί
953 5650 1308 5723 καθοσιώσει
1335 5649 1542 5723 ἁλόντι
1565 5649 1738 5723 δίκας
1759 5651 1936 5720 πράτ-

360 5720 596 5778 τουσιν.
647 5722 894 5792 Reddidi.
942 5722 1078 5777 velut
1129 5722 1514 5792 in_:sacrilegio
1559 5720 1934 5792 deprehensum

361 5793 546 5865 puniri
567 5793 762 5850 volunt.
790 5791 942 5849 Alter
965 5801 1123 5849 antea
1151 5811 1164 5849 :
1191 5789 1389 5849 Verum
1421 5789 1563 5848 enim
1595 5791 1935 5862 sacrilegium

2045 5656 2126 5704 est
2156 5647 2402 5704 homines
2439 5647 2556 5717 pios
2601 5654 2672 5717 et
2697 5645 2807 5702 Deo
2845 5649 3194 5717 consecratos
3244 5639 3528 5717 traducere
3561 5649 3617 5717 et

2045 5718 2385 5784 calumniari,
2418 5712 2561 5788 quod
2585 5727 2636 5772 et
2663 5715 2824 5788 larvas
2847 5714 3155 5785 huiusmodi
3193 5712 3532 5788 greatendunt
3567 5714 3612 5788 si

2047 5789 2112 5846 de
2159 5780 2398 5861 peccatis
2437 5780 2698 5858 'vitiisque
2737 5780 3153 5844 adtnoneantur.
3201 5780 3278 5839 De
3326 5794 3455 5839 voce
3493 5780 3618 5836 me.
