4070 6384
535 402 660 467 1431
1749 413 1809 473 S.
1851 411 2144 475 ISIDORI
2181 411 2620 474 PELUSIOTIE
3622 412 3740 481 H39.

538 525 593 569 et
645 515 806 570 veluti
834 515 887 570 iu
928 516 1211 586 sacrilegio
1260 517 1653 588 deprehensum
1697 522 1876 590 puniri
1903 521 2108 576 volunt.

2229 521 2399 575 Γαῠτα
2428 509 2752 591 δὲ’δρῶντες
2801 517 3268 589 δυσχεραίνουσιν,
3293 516 3371 571 δτι
3412 519 3535 590 παρ’
3576 519 3741 597 Ἐλλή-

529 605 696 678 608
734 605 1168 674 Ejusmodivero
1195 617 1496 677 patrantes,
1528 609 1672 678 quod
1701 624 1730 663 ιι
1759 611 2014 681 gentibus
2043 625 2108 666 ac

2229 632 2320 668 νων
2353 631 2412 666 τε
2443 613 2538 667 καὶ
2579 610 2851 666 Ἰουδαίων
2880 607 3290 681 κωμῳδοῦνται.
3327 608 3501 679 Σὲμὲν
3529 612 3743 686 ἐλέγχειν

530 696 728 751 Iudaeis
758 697 1179 762 subsannentur,
1210 699 1452 765 graviter
1491 699 1856 769 indignantur.
1887 700 1965 756 Te
1995 702 2110 770 qui-

2229 705 2288 768 b;
2329 703 2619 772 λογοποιδν
2643 703 2744 756 οὐκ
2769 699 2902 772 ἔχω’
2927 700 3098 772 ήδέως
3123 699 3177 753 δὲ
3199 697 3325 762 τοὺς
3343 697 3507 751 ταῦτα
3533 700 3742 770 δρῶντας

535 790 657 844 dem
696 798 753 844 ut
782 788 1138 846 faliulatorem
1185 794 1584 863 reprehendere
1613 811 1718 850 non
1758 812 2002 866 possum;
2037 795 2104 850 li-

2229 795 2368 863 Ῐούδὲ
2396 794 2504 866 γὰρ
2536 793 2678 848 κατὰ
2709 793 2928 847 πάντων
2959 791 3059 862 τήν
3088 789 3269 861 ψῆφον
3301 789 3570 859 ὲνεκτέον)
3619 791 3744 862 ἐροί-

533 879 722 934 benter
760 894 888 935 vero
919 896 1034 947 eos,
1064 882 1154 952 qui
1203 882 1328 935 talia
1360 885 1702 940 committunt
1733 886 1929 957 (neque
1962 887 2106 942 enim

2229 903 2319 956 ιην
2343 902 2358 917 ο
2402 885 2469 937 Τί
2495 884 2559 954 δή
2596 901 2725 937 ποτε
2775 882 3035 936 τάναντία
3082 874 3158 934 ὧν
3189 897 3324 949 φατε
3353 879 3742 949 διαπράττεσθες

529 972 594 1024 de
623 971 879 1028 omnibus
925 971 1005 1027 I'as
1039 983 1124 1028 est
1153 973 1227 1026 ita
1259 973 1526 1042 judicare)
1559 975 1973 1046 interrogarem,
2004 991 2105 1031 cur

2229 973 2279 1027 Γί
2305 974 2440 1028 ἄλλα
2467 974 2568 1045 μὲν
2613 973 2910 1038 διδάσκειν,
2936 970 3073 1026 ἄλλα
3115 969 3175 1023 δὲ
3210 971 3382 1022 ποιεῖν
3412 970 3744 1040 ὲπιχειρεῖτε;

527 1072 715 1117 eontra
748 1073 912 1134 atque
935 1066 1133 1132 dicitis,
1162 1065 1275 1120 haec
1300 1066 1482 1122 tacitis
1502 1068 1526 1121 ?
1546 1067 1683 1134 Quid
1712 1069 1856 1124 aliud
1887 1070 2102 1137 docere,

2229 1066 2274 1118 Γί
2317 1064 2586 1135 Ἐλλήνων
2619 1081 2679 1118 τε
2702 1065 2796 1118 καὶ
2833 1063 3096 1116 Ἰουδαίων
3129 1061 3226 1134 τὴν
3256 1059 3496 1128 γλῶτταν
3526 1060 3746 1125 ἀκονᾶτε,

443 1167 446 1171 ·
532 1151 683 1206 aliud
734 1151 912 1208 facere
964 1153 1249 1208 instituitis
1274 1154 1632 1210 “iGentium
1686 1173 1748 1211 ac
1799 1156 2105 1212 Judaeorum

2229 1156 2303 1210 ιαὶ
2331 1157 2474 1210 κατὰ
2518 1158 2618 1226 τῆς
2664 1156 2950 1225 θειοτάτης
2984 1155 3284 1226 θρησκείας
3314 1151 3618 1214 ὁπλίζεσθαι
3658 1171 3749 1208 πα-

530 1239 764 1310 linguant
830 1244 1183 1310 quamobrem
1231 1245 1446 1311 acuitis,
1495 1255 1548 1300 et
1591 1248 1647 1301 in
1696 1259 2102 1303 sacrosanctam

2229 1245 2599 1314 paaxeuéCste,
2657 1243 2751 1308 οὒς
2812 1245 2983 1315 ἀρετῇ
3036 1242 3168 1314 χρὴ,
3224 1237 3339 1294 ἀλλ’
3378 1239 3437 1292 ού
3493 1237 3750 1308 δυναστείᾳ

531 1331 842 1400 religionem
885 1348 989 1388 vos
1017 1336 1266 1400 armatis,
1303 1351 1425 1390 cum
1477 1339 1674 1394 virtute
1717 1340 1894 1408 potius
1942 1354 2104 1410 quam

2229 1338 2570 1409 (etpmeﬁvat;
2611 1338 2681 1390 Ἦ
2715 1331 2810 1390 οὖν
2839 1335 3112 1388 παυστέον
3144 1331 3351 1385 τούτων
3371 1328 3478 1382 τῶν
3506 1328 3748 1395 πράξεων,

530 1425 772 1493 potentia
817 1427 1009 1481 deceat
1058 1431 1426 1485 antecelleret
1454 1431 1786 1486 Cessandum
1823 1432 2003 1502 itaque
2036 1434 2104 1487 ab

2229 1428 2241 1499 ἱ
2299 1428 2510 1500 μηδένα
2556 1427 2811 1482 τοσοῦτον
2862 1425 3137 1480 αἰτιατέον
3184 1421 3280 1476 τοῦ
3333 1420 3508 1474 πάντα
3564 1417 3753 1487 φαύλως

532 1517 636 1582 his,
680 1527 735 1572 et
769 1519 832 1573 de
869 1519 1173 1577 malefactis
1215 1539 1312 1578 nos
1346 1524 1495 1594 prius
1527 1539 1688 1594 quam
1734 1525 1867 1580 alios
1913 1539 2100 1594 repre-

2229 1518 2373 1590 ἱχειν,
2407 1519 2440 1589 ἢ
2471 1521 2618 1590 ἡμᾶς
2648 1517 2870 1581 αὐτούς.

532 1608 851 1663 hendamus.

793 1699 1115 1758 CLXXVIII.
1145 1733 1215 1743 —
1248 1703 1475 1760 HELIAS
1525 1705 1840 1763 DIACONO.

2576 1698 2748 1754 PUH'.
2791 1728 2864 1739 -
2895 1696 3065 1768 mus
3112 1693 3436 1763 ΔΙΑΚΟΝῼ.

540 1789 644 1853 Qui
673 1791 850 1858 palam
879 1806 1094 1861 peccare
1139 1794 1314 1860 audet,
1347 1795 1389 1848 is
1415 1811 1506 1849 nec
1537 1798 1777 1866 privatim
1829 1803 1943 1852 sine
1989 1806 2117 1852 teste
2145 1809 2360 1861 peccare
2400 1792 2701 1866 uerebitur:
2755 1800 2804 1845 et
2849 1790 2939 1856 qui
2976 1805 3009 1842 a
3048 1786 3340 1841 minoribus
3385 1798 3492 1838 non
3540 1778 3760 1849 tempera!

851 1880 858 1888 '
1538 1863 1547 1866 ⁷
1739 1869 1988 1937 peccatis,
2017 1883 2108 1922 nec
2136 1867 2341 1935 majora
2371 1863 2572 1918 vitabit.

605 1967 860 2037 Quisquis
903 1970 1186 2026 manifesta
1207 1946 1396 2041 palam
1431 1972 1568 2028 mala
1596 1975 1906 2042 committit,
1937 1991 2112 2046 neque

2293 1974 2354 2028 '0
2388 1972 2458 2026 τὰ
2491 1971 2733 2044 πρόδηλα
2763 1967 2908 2024 κακὰ
2939 1965 3193 2038 φανερῶς
3227 1963 3396 2035 δρῶν,
3429 1960 3526 2015 καὶ
3553 1958 3622 2030 μή
3653 1957 3764 2029 ἔρυ-

533 2061 809 2116 oruhcscit
869 2061 1128 2128 proiecto,
1180 2078 1298 2132 qua:
1334 2064 1471 2119 clam
1527 2067 1642 2122 fore
1687 2077 1891 2136 sperat,
1933 2084 2106 2139 neque

2229 2065 2404 2138 lptth,
2454 2057 2613 2127 οὗτος
2657 2061 2817 2133 δῆλον
2849 2062 2932 2114 δτι
2979 2058 3260 2113 λανθάνων
3293 2053 3450 2107 οὐδὲν
3479 2050 3582 2105 τῶν
3611 2051 3768 2118 ἀπορο

536 2148 1099 2218 evulgauda-audebil
1161 2164 1400 2220 patrare,
1447 2156 1763 2226 maioraque
1824 2173 2112 2229 aggressus

2229 2159 2388 2228 Sirch
2409 2155 2690 2226 ἄπρακτον
2715 2154 2886 2208 ἐάσει·
2917 2153 3012 2206 καὶ
3040 2153 3152 2214 τοῖς
3183 2149 3464 2220 μεγίστοις
3494 2141 3764 2214 ἐγχειρῶν,

543 2242 751 2296 minora
779 2241 1006 2312 impigre
1032 2243 1328 2313 delinquet.
1349 2247 1417 2300 At
1436 2249 1528 2320 qui
1555 2264 1719 2318 parva
1742 2260 1943 2317 servat,
1972 2249 2112 2308 veri-

2229 2249 2308 2302 ιὺκ
2342 2247 2408 2300 ἂν
2445 2246 2614 2317 δήπου
2665 2245 2794 2315 περὶ
2822 2244 2892 2298 τὰ
2923 2241 3282 2312 εὐτελέστερα
3313 2235 3563 2308 ὀκνηρῶς
3584 2230 3771 2320 διακείσ-

538 2329 718 2386 simile
750 2339 833 2387 est
859 2342 914 2386 et
943 2333 1179 2389 maxima
1211 2319 1467 2407 religiose
1488 2347 1847 2394 servaturum.

2229 2355 2396 2392 ιεται·
2433 2340 2462 2390 ὁ
2499 2337 2556 2390 δὲ
2607 2336 2676 2390 τὰ
2719 2335 2890 2407 μικρὰ
2940 2332 3368 2403 φυλαττόμενος,
3422 2327 3517 2382 καὶ
3561 2323 3628 2379 τὰ
3683 2319 3772 2392 μέ·-

2208 2449 2393 2505 γιστα,
2429 2430 2504 2494 ὡς
2532 2431 2702 2494 εἰκὸς,
2743 2427 3062 2498 φυλάξεται.

782 2527 1066 2587 CLXXIX.
1104 2561 1176 2572 —
1202 2532 1476 2592 ISIDORO
1512 2534 1862 2592 EPISCOPO.

2519 2541 2685 2596 PUO'.
2723 2569 2794 2579 —
2824 2537 3086 2608 ΙΣΙΔΩΡῼ
3123 2535 3504 2605 ΕΠΙΣΚΟΠῼ.

983 2623 1058 2678 De
1084 2628 1494 2691 resurrectione;
1525 2645 1745 2700 quisque
1779 2631 1972 2684 anima:
2005 2633 2071 2686 sit
2111 2647 2253 2688 mors
2283 2642 2335 2696 et,
2361 2634 2692 2687 resurrectio.
2730 2629 2969 2699 (Confer.
3003 2628 3160 2699 epist.
3193 2627 3351 2696 550.)

610 2730 819 2785 Animas
862 2730 914 2784 in
950 2731 1185 2800 peccatis
1221 2743 1448 2788 mortua:
1474 2737 1802 2791 resurrectio
1841 2737 1967 2792 inde
1994 2739 2118 2807 qui-

2301 2744 2367 2796 'H
2423 2743 2523 2813 μὲν
2585 2743 2706 2804 ταῖς
2771 2739 3072 2812 ἁμαρτίαις
3145 2735 3565 2808 νενεκρωμένης
3620 2729 3780 2800 ψυχῆς

541 2822 660 2876 item
697 2820 993 2891 perﬁcitur,
1029 2836 1150 2876 eum
1193 2825 1260 2878 ad
1292 2825 1456 2878 vitam
1493 2825 1719 2893 iustitiae
1750 2829 2003 2896 operibus
2033 2846 2120 2886 re-

2229 2835 2522 2898 ἀνάστασις
2560 2832 2795 2887 ἐνταῦθα
2830 2833 3087 2896 τελεῖται,
3119 2831 3246 2884 ὅταν
3281 2831 3408 2892 ταῖς
3455 2825 3555 2895 τῆς
3597 2823 3781 2875 δικαιο-

541 2921 786 2968 vocatur.
831 2911 978 2968 ﬂors
1008 2915 1150 2969 enim
1186 2915 1379 2970 anima:
1424 2917 1779 2973 existimanda
1819 2931 1902 2974 est
1929 2922 2122 2990 iniqui-

2229 2924 2395 2994 σύνης
2433 2924 2694 2996 πράξεσιν
2733 2925 2814 2986 είς
2841 2921 2987 2992 ζωὴν
3021 2917 3481 2989 ἁναστοιχειωθῇ.
3520 2914 3782 2983 Νέκρωσιν

545 3013 649 3069 tas,
703 3018 806 3058 non
853 3015 1034 3059 tamen
1075 3006 1118 3060 si
1165 3021 1285 3062 esse
1328 3008 1558 3077 desinat.
1596 3009 1775 3075 Quare
1814 3021 1867 3066 et
1904 3012 1970 3067 de
2011 3013 2120 3068 ﬁlio

2229 3017 2284 3071 δὲ
2313 3016 2419 3087 χρὴ
2451 3018 2592 3071 νοεῖν
2623 3013 2800 3084 ψυχῆς
2822 3014 2922 3082 τὴν
2961 3010 3373 3082 κακοπραγίαν,
3414 3008 3476 3062 οὐ
3509 3007 3599 3059 τὸν
3633 3005 3706 3065 είς
3730 3000 3783 3053 τδ

543 3095 768 3164 prodigo
801 3095 977 3151 adhuc
1005 3099 1245 3166 spirante
1277 3099 1476 3153 dictum
1505 3117 1520 3152 :
1561 3120 1580 3152 ι
1617 3100 1860 3157 Mortuus
1898 3113 2039 3171 erat,
2067 3113 2123 3159 et

2230 3109 2306 3180 μὴ
2337 3104 2476 3162 εἶναι
2504 3107 2833 3177 ἀφανισμόν.
2861 3105 2952 3158 Διὸ
2978 3107 3072 3158 καὶ
3107 3105 3236 3173 napi.
3257 3101 3355 3156 τοῦ
3385 3100 3595 3155 ἀσώτου
3617 3093 3786 3156 παιδὸς

547 3185 748 3240 revixit
778 3184 849 3240 “.
879 3205 898 3240 ι
926 3185 992 3241 Ει
1031 3189 1096 3244 de
1147 3199 1371 3259 pet-cato
1413 3201 1627 3247 mortuo
1677 3209 1740 3248 ac
1781 3195 1988 3264 sepulto
2044 3198 2124 3252 di-

2229 3201 2309 3253 ἐτι
2345 3200 2543 3265 ζῶντος
2568 3199 2799 3270 ὲῤῥέθη·
2838 3217 2856 3250 ι
2879 3198 3091 3267 Νεκρδς
3127 3193 3195 3269 ἦν
3222 3198 3322 3250 uati.
3357 3196 3613 3283 ἀνέζησε.
3644 3210 3661 3242 ι
3687 3187 3786 3283 litt!

542 3277 687 3331 citur
712 3277 779 3332 ab
800 3278 1055 3348 Apostolo
1083 3295 1099 3335 :
1136 3299 1154 3331 ι
1191 3278 1363 3350 Surge
1407 3283 1499 3352 qui
1556 3284 1780 3348 dormis,
1810 3295 1866 3340 et
1895 3301 2125 3354 exsurge

2229 3292 2306 3362 τῷ
2357 3291 2462 3346 ὑπὸ
2494 3291 2596 3360 τῆς
2648 3290 2846 3352 κακίας
2907 3287 3252 3358 νεκρωθέντι,
3313 3287 3413 3340 καὶ
3460 3281 3679 3351 ταφέντι
3709 3277 3790 3348 iap-

542 3384 572 3422 a
604 3371 852 3436 mortuis,
873 3378 926 3423 et
951 3369 1275 3426 illuminabit
1310 3385 1364 3427 te
1386 3372 1636 3430 Christus
1676 3376 1741 3431 ”.
1774 3395 1794 3429 ι
1830 3376 1930 3445 Qui
1959 3363 2120 3434 .eniut

2231 3379 2392 3453 ῥέθη⁶
2432 3378 2714 3449 «Ἔγειραι
2741 3380 2770 3430 ὁ
2805 3376 3102 3439 καθεύδων,
3124 3376 3218 3429 καὶ
3247 3375 3463 3429 ἀνάστα
3494 3375 3558 3424 ὲκ
3586 3368 3688 3423 τῶν
3717 3380 3790 3419 νε-

547 3470 770 3528 peccato
805 3461 1107 3516 exstinctus
1135 3464 1450 3532 paenitentia
1479 3479 1776 3522 concussus
1803 3479 1906 3535 est,
1938 3486 2122 3525 verum

2230 3471 2402 3542 κρῶν,
2449 3472 2544 3524 καὶ
2571 3469 2863 3539 ἐπιφαύσει
2900 3485 2981 3521 σοι
3033 3470 3062 3522 ὁ
3095 3467 3332 3538 Χριστός
3357 3485 3404 3521 ,ι
3445 3464 3539 3534 Τῷ
3580 3462 3683 3532 γὰρ
3709 3458 3791 3513 τὸν

547 3550 594 3602 is
641 3550 829 3619 recipit
871 3551 1073 3609 lumen.
1127 3555 1383 3625 Corporis
1436 3571 1565 3613 vero
1613 3564 1944 3616 resurrectio
2016 3563 2128 3618 illic

2232 3561 2461 3615 θάνατον
2489 3561 2586 3630 τῆς
2636 3559 2910 3631 ἁμαρτίας
2937 3557 3025 3611 διὰ
3059 3557 3354 3627 μετανοίας
3392 3549 3791 3622 ἀποσεισαμένῳ

547 3651 837 3710 peragetur
865 3644 1106 3700 omnium
1131 3647 1348 3714 quidem
1375 3649 1674 3718 aequaliter,
1701 3652 1878 3721 quoad
1902 3653 2126 3708 immor-

2229 3652 2278 3705 τδ
2311 3652 2429 3722 φῶς
2470 3652 2532 3703 τὺ
2581 3648 2834 3716 ἀληθινὸν
2887 3646 3174 3703 ἀνατελεί·
3228 3648 3262 3716 ή
3306 3646 3366 3699 δὲ
3423 3644 3520 3698 τοῦ
3558 3640 3790 3706 σώματος

369 3740 391 3756 '
473 3771 478 3776 .
551 3729 840 3795 talitatem,
885 3748 992 3788 non
1041 3749 1169 3790 vero
1215 3737 1390 3803 quoad
1448 3739 1698 3807 gloriam.
1744 3741 1927 3796 Gloria
1982 3744 2126 3797 enim

2229 3745 2398 3797 ἐκεῖσε
2449 3739 2856 3808 τελεσθήσεται,
2913 3739 3130 3792 πάντων
3177 3736 3277 3807 μὲν
3324 3734 3535 3805 ὁμοίως
3583 3731 3668 3783 διὰ
3696 3727 3784 3796 τήν

551 3837 619 3876 ex
658 3825 1012 3892 proportione
1049 3836 1323 3895 gestorum
1371 3829 1423 3883 in
1458 3830 1572 3884 vita
1606 3831 1896 3902 unicuique
1930 3835 2129 3890 tribue-

2229 3829 2538 3894 ἀθανασίαν,
2573 3828 2636 3881 οὐ
2682 3828 2899 3882 πάντων
2939 3826 2997 3879 δὲ
3042 3824 3248 3896 ὁμοίως
3276 3823 3369 3876 διὰ
3410 3821 3512 3893 τὴν
3538 3817 3790 3873 εὔκλειαν.

546 3922 666 3979 tur,
693 3923 752 3968 ut
775 3929 898 3970 vere
914 3930 1067 3971 sacra
1095 3924 1322 3972 testatur
1362 3917 1646 3990 Scriptura
1677 3921 1743 3974 ⁸³.

2232 3921 2298 3974 Ἦ
2339 3921 2444 3992 γὰρ
2488 3917 2614 3984 δόξα
2652 3918 2929 3987 ἀναλόγως
2961 3918 3073 3979 τοῖς
3110 3913 3351 3969 ἐνταῦθα
3389 3909 3788 3983 πεπραγμένοις

2229 4014 2441 4082 ἑκάστῳ
2463 4011 2984 4082 πρυτανευθήσεται,
3006 4006 3191 4070 καθὼς
3216 4005 3288 4060 τὰ
3308 4004 3525 4077 ἀψευδῆ
3549 4003 3650 4074 τῆς
3679 4000 3800 4069 Γραο

2233 4106 2340 4177 φῆς
2366 4106 2611 4176 περιέχει
2641 4105 2816 4173 λόγια.

792 4195 1050 4265 ctxxx.
1077 4237 1145 4251 -
1183 4210 1484 4270 LEONTlO
1521 4211 1873 4272 EPISCOPO.

2540 4213 2667 4268 Pﬂ'.
2692 4245 2763 4254 —
2794 4212 3093 4284 ΛΕΟΝΤΙῼ
3124 4211 3506 4283 ΕΠΙΣΚΟΠῼ.

1278 4303 1475 4369 Deira,
1506 4322 1623 4376 qua:
1649 4306 2051 4368 voluntaria‘est
2086 4305 2320 4368 insania,
2367 4305 2606 4358 oratione
2635 4304 2780 4358 molli
2813 4305 3067 4359 sedanda.

622 4408 902 4469 Moderato
923 4426 986 4467 ac
1007 4414 1252 4470 suasibili
1279 4429 1528 4470 sermone
1560 4430 1792 4484 arguere
1821 4425 1911 4470 aut
1941 4416 2123 4486 potius

2296 4416 2510 4486 Εὐηνίῳ
2543 4415 2639 4470 καὶ
2679 4415 2890 4486 πιθανῷ
2918 4415 3063 4487 λόγῳ
3118 4415 3373 4481 κολάσαι,
3414 4413 3622 4486 μᾶλλον
3653 4412 3703 4465 δὲ
3728 4409 3798 4463 δι-

554 4505 748 4560 docere
771 4505 1026 4560 convenit
1063 4519 1156 4561 eos
1191 4507 1280 4574 qui
1316 4506 1644 4577 implacabili
1693 4517 1821 4561 sunt
1863 4509 1967 4574 ira,
2000 4517 2056 4561 ut
2093 4523 2122 4560 a

2229 4479 2407 4570 δάξαί
2593 4507 2721 4570 τοὺς
2755 4479 3070 4576 ,ἀμειλίκτιρ
3113 4506 3250 4577 ὀργῇ
3302 4479 3656 4576 χρωμένους.
3711 4497 3797 4564 τῆς

555 4595 856 4650 voluntaria
880 4598 1086 4651 insania
1113 4598 1398 4654 absistant.
1427 4598 1763 4655 Tumesceus
1783 4600 1926 4653 enim
1959 4601 2040 4655 ira
2073 4599 2123 4653 in

2232 4597 2478 4649 ἑκουσίου
2523 4597 2716 4668 μανίας
2747 4596 3189 4652 ἁποπαύσασθαι.
3230 4596 3556 4650 Ἀνοιδοῦσα
3603 4595 3708 4664 γὰρ
3734 4590 3801 4650 είς

558 4685 905 4740 homicidium
930 4688 1152 4746 desinit.
1438 4679 1453 4689 '

2233 4691 2586 4761 ἀνδροφονίαν
2613 4691 2861 4763 τελευτᾷ.

673 4789 956 4848 CLXXXI.
994 4826 1067 4837 —
1099 4795 1399 4854 HYPA'I'IO
1435 4798 1640 4854 REMP.
1681 4797 2001 4853 GERENTI.
2125 4853 2135 4874 ,

2411 4759 2608 4854 ήΡΠΑν.
2644 4832 2712 4841 -
2740 4759 2994 4874 ΥῐίΑΤΙῼ
3030 4801 3610 4869 ΠΟΛΙΤΕΥΟΜΕΝῼ.

559 4880 811 4936 Avaritia:
839 4887 1044 4939 morbus
1073 4889 1337 4942 curandus
1392 4890 1651 4943 remediis.
1696 4890 1776 4940 Ad
1828 4888 1958 4942 illud
1999 4887 2166 5010 Ecclj.
2332 4891 2413 5029 )5?)
2443 4908 2454 4943 :
2490 4910 2507 4942 ι
2545 4889 2888 4962 Eleeiiiosyna
2937 4893 3218 4960 exstinguit
3255 4903 3561 4980 peccatum.
3599 4906 3617 4938 ι
3665 4881 3802 4951 (νίάϐ

2015 4975 2121 5026 epis
2157 5001 2170 5014 .
2274 4975 2290 4988 τ
2313 4999 2325 5012 .

2015 4975 2170 5026 epist.
2206 4975 2350 5026 142.)
3255 4975 3262 4980 “

631 5062 732 5128 Qui
763 5064 1109 5134 exstinguere
1135 5067 1318 5121 volunt
1349 5069 1549 5140 ignem,
1581 5084 1688 5123 non
1723 5069 1928 5122 aridam
1963 5068 2128 5140 609

2307 5067 2370 5119 υἱ
2406 5066 2515 5137 πῦρ
2550 5068 2738 5122 σϐέσαι
2771 5068 3106 5139 βουλόμενοι,
3149 5068 3247 5137 οὐχ
3286 5066 3426 5137 ὓλην
3463 5063 3802 5128 εὐκατάπρη-

561 5155 850 5220 quamdam
882 5158 1162 5210 materiam
1187 5162 1488 5226 imponunt,
1521 5177 1694 5232 neque
1741 5161 1884 5215 aliud
1922 5160 2129 5215 fomen-

2239 5177 2361 5212 στον
2391 5159 2797 5230 προστιθέασιν,
2843 5159 2962 5213 ούδὲ
3009 5158 3214 5230 τροφὴν
3260 5156 3435 5228 ἄλλην
3491 5153 3803 5225 παρέχουσιν

565 5255 673 5298 ιιιιιι
703 5245 963 5316 prmbeut,
995 5263 1102 5321 quo
1138 5251 1278 5321 ignis
1319 5263 1593 5323 augescat,
1640 5253 1838 5324 ﬁatque
1880 5253 2128 5308 indoma-

2237 5255 2404 5325 αύτῷ,
2431 5254 2494 5307 δι’
2527 5249 2590 5326 ἧς
2619 5253 2838 5318 αὔξεταί
2869 5270 2928 5306 τε
2971 5252 3067 5306 καὶ
3096 5249 3395 5322 ἀχείρωτον
3426 5248 3662 5318 γίνεται,
3688 5236 3808 5294 ἀλλ-ἴ

634 5401 678 5432 ³⁸
709 5400 895 5455 Matth.
926 5419 1079 5470 xxiii,
1110 5405 1164 5459 ’5.
1241 5403 1282 5436 ³¹
1319 5406 1448 5460 Luc.
1479 5420 1569 5472 xv,
1608 5408 1700 5462 24.
1777 5408 1822 5440 ³³
1863 5408 2059 5478 Ephes.
2103 5423 2134 5460 ν

2234 5407 2286 5460 4.
2363 5409 2408 5439 ³³
2445 5409 2629 5461 Matth.
2677 5423 2790 5472 κγι,
2829 5409 2911 5462 I7.

1652 5562 1886 5619 VARUE
1924 5562 2309 5620 LECTIONES
2351 5563 2436 5618 ET
2476 5561 2706 5620 NOTAE.

569 5709 786 5780 οσιώσει
813 5709 879 5780 II.
909 5712 1218 5780 Stephanus
1249 5711 1298 5763 iit
1339 5709 1602 5764 Thesauro
1636 5711 1704 5765 L.
1727 5713 1822 5767 Gr.
1853 5725 1907 5769 et
1938 5716 2140 5780 Diony-
2247 5734 2386 5773 sum.
2432 5717 2668 5772 Scuun‘.

543 5783 680 5830 estus
705 5779 952 5834 Petavius
982 5776 1046 5834 ad
1081 5782 1430 5849 leipliauiuui
1464 5780 1651 5836 Latine
1675 5800 1885 5853 quique
1911 5776 2135 5840 conn-r-
