4070 6378
598 408 736 475 1435

1789 404 1852 465 S.
1894 399 2187 463 ISIDORI
2220 395 2663 458 PELUSIOTrE

3682 399 3793 468 H36

595 524 841 571 assuetos
883 512 1023 568 haud
1085 510 1241 567 facile
1290 509 1357 566 ad
1382 519 1674 583 generosos
1718 507 1938 563 virtutis
1990 519 2163 561 more!

2272 499 2483 565 παῖδες,
2530 499 2590 552 οὐ
2624 497 2820 571 ῥᾳδίως
2856 498 2971 567 μετ’
3004 496 3217 583 ἀρετῆς
3248 498 3328 562 είς
3354 499 3563 575 ἀνδρίαν
3591 505 3692 576 (51)
3717 514 3797 567 ὲκ.

594 618 904 676 assurgere,
930 605 1045 675 ipse
1074 605 1239 669 nosti,
1271 613 1532 673 quantum
1556 617 1588 658 e
1619 602 1724 657 tuis
1756 602 1822 656 ad
1853 615 1938 655 me
1970 601 2173 655 litteris

596 698 780 755 didici.
808 694 882 749 Ita
917 709 1046 751 vero
1069 710 1182 750 rem
1217 710 1279 750 se
1328 695 1550 757 habere,
1587 709 1732 748 nunc
1780 693 2028 761 pluribus
2048 693 2173 761 'ipse

595 789 898 846 ostendam.
929 786 1364 855 'l'emperaotiam
1383 787 1527 840 enim
1552 784 1841 856 juvenibus
1859 784 2016 852 eripit
2048 798 2171 837 cum

594 879 897 936 libidinosis
917 877 1281 934 familiaritas.
1307 877 1654 932 Prudentiam
1680 892 1808 931 vero
1826 877 1946 946 fuga
1973 874 2172 929 laboris

596 973 651 1026 iu
684 971 751 1027 iis
807 955 1067 1043 legendis,
1113 985 1234 1040 qme
1284 970 1478 1025 decent
1513 989 1526 1024 :
1564 968 1933 1024 fortitudinem
1988 976 2169 1022 autem

594 1060 774 1118 aufert
821 1063 1075 1119 mollities
1134 1060 1777 1131 bistrionum,justitiam
1810 1056 2170 1128 doniqueadi-

600 1164 758 1211 munt
784 1156 1071 1210 mimorum
1097 1153 1357 1223 periuria.
1391 1152 1523 1217 Quis
1554 1152 1735 1219 itaque
1765 1167 1870 1204 non
1889 1149 2173 1207 condoleat

606 1254 1080 1301 commoveaturve
1113 1244 1325 1300 decoris
1358 1253 1501 1298 statu
1535 1243 1742 1296 minuto
1779 1257 1940 1311 quem
1988 1255 2173 1295 neces-

595 1334 742 1389 sario
787 1335 1142 1403 consequitur
1181 1343 1274 1387 aut
1308 1332 1521 1388 irrideri
1554 1341 1648 1387 aut
1688 1331 1934 1385 turbari?
1965 1329 2166 1383 Horum

595 1422 724 1477 illud
756 1423 970 1491 quidem
1007 1436 1206 1489 scenae,
1238 1421 1341 1477 hoc
1370 1436 1499 1476 vero
1525 1420 1862 1476 Circensium
1893 1420 2166 1487 ludorum,

595 1512 686 1567 ubi
715 1514 872 1582 equis
921 1514 1288 1576 concurritur,
1320 1511 1600 1582 proprium
1651 1521 1753 1566 est.
1780 1509 1948 1565 Batus
1990 1510 2171 1581 itaque

592 1620 760 1675 grave
792 1620 911 1661 esse
950 1606 1175 1672 juvenes
1209 1604 1300 1660 tali
1348 1604 1468 1673 capi
1489 1603 1821 1672 spectaculo,
1855 1601 2169 1657 interdieito

594 1697 724 1762 illis,
756 1696 937 1751 verbis
990 1696 1360 1766 potissimum,
1388 1703 1446 1749 et
1494 1694 1595 1749 nisi
1641 1703 1868 1762 pareant
1917 1694 2168 1762 dictoque

2275 591 2551 663 δήσονται,
2577 591 2669 648 καὶ
2697 593 2731 661 ή
2760 590 2827 661 σὴ
2856 589 3159 653 σύνεσις.δι’
3183 582 3259 645 ὧν
3276 589 3522 662 ἔγραψεν,
3544 595 3796 667 ἐδήλωσεν.

2276 681 2399 734 Ὅτι
2439 680 2498 736 δὲ
2549 679 2640 733 καὶ
2681 679 2855 743 οὕτως
2903 679 3016 749 ἔχει
3054 680 3115 733 τὸ
3157 681 3405 750 πρᾶγμα,
3449 683 3634 739 αὐτίκα
3678 688 3797 757 μάλα

2273 775 2573 845 εἰρήσεται.
2605 772 2714 843 Τὴν
2765 772 2864 842 μὲν
2899 774 3008 845 γὰρ
3038 772 3391 845 σωφροσύνην
3426 776 3598 840 αὐτοῖς
3623 795 3797 850 παραι.

2273 868 2446 937 ρεῖται
2486 865 2546 918 τὸ
2588 867 2701 927 τοῖς
2749 864 3131 931 ἀσελγαίνουσι
3183 863 3597 937 συνδιατρίϐειν·
3628 869 3712 939 τὴν
3752 873 3798 927 δὲ

2273 956 2531 1027 φρόνησιν
2570 957 2629 1009 τὸ
2655 956 2782 1019 τοὺς
2809 957 2868 1008 ἐν
2898 958 3011 1019 τοῖς
3035 956 3398 1026 προσήκουσιν
3423 958 3799 1030 ἀναγνώσμασιν

2275 1047 2502 1119 ἱδρῶτας
2527 1047 2974 1117 ἀποδιδράσκειν·
3008 1046 3106 1117 τὴν
3142 1045 3199 1099 δὲ
3221 1046 3441 1117 ἀνδρίαν
3471 1049 3503 1118 ἡ
3536 1048 3636 1102 τῶν
3663 1051 3800 1123 ὀρχη-

2273 1137 2414 1191 στῶν
2459 1137 2751 1208 ἀνανδρία·
2795 1138 2895 1206 τὴν
2937 1137 2996 1191 δέ
3039 1136 3383 1208 δικαιοσύνην
3425 1138 3458 1208 ή
3506 1137 3607 1191 τῶν
3652 1140 3797 1209 μίμων

2271 1230 2548 1301 ἐπιορκία.
2600 1231 2717 1283 Τίνι
2751 1228 2796 1283 δ’
2828 1230 2894 1283 ἂν
2931 1230 2963 1301 ἦ
3007 1230 3417 1300 συναχθεσθεῑεν
3448 1229 3480 1300 ἢ
3528 1232 3793 1301 συνησθείεν

2272 1323 2413 1394 μετά
2442 1325 2540 1394 τῆς
2566 1322 2879 1394 πρεπούσης
2911 1323 3320 1389 καταςῖτάσεως,
3351 1318 3432 1385 οἷς
3453 1321 3592 1376 δυοῖν
3620 1314 3795 1395 ἀνάγκῆ

2272 1414 2516 1486 θάτερον,
2566 1414 2600 1485 ἢ
2656 1414 2907 1484 γελᾷν,ἢ
2958 1412 3328 1484 τεταράχθαι;
3374 1407 3473 1466 ’Ὧν
3507 1412 3568 1466 τὸ
3611 1414 3700 1484 μὲν
3723 1416 3797 1485 τῆς

2272 1507 2498 1577 σκηνῆς,
2527 1506 2588 1560 τὸ
2635 1506 2693 1560 δὲ
2737 1507 2831 1560 τού
2866 1506 3200 1577 ἱπποδρόμου
3232 1504 3404 1578 δῶρόν
3449 1508 3612 1560 ἐστιν.
3656 1506 3795 1560 Δεινδν

2271 1599 2571 1669 ἡγούμενος
2613 1599 2674 1653 τὸ
2708 1601 2774 1669 τῇ
2815 1598 2915 1671 θέᾳ.
2962 1598 3262 1653 ἑαλωκέναι
3304 1597 3430 1662 τοὺς
3468 1597 3632 1662 νέους,
3682 1592 3801 1669 εἶργε

2268 1689 2513 1755 τούτους,
2568 1690 2806 1762 μάλιστα
2856 1689 2958 1761 μὲν
3006 1690 3172 1760 λόγῳ,
3225 1690 3275 1743 εί
3318 1689 3376 1743 δὲ
3420 1688 3496 1760 μὴ
3549 1687 3802 1752 πείθοιντο,

593 1790 706 1844 sint
748 1787 1051 1853 audientes,
1076 1795 1222 1841 metu
1273 1785 1439 1840 etiam
1496 1793 1749 1841 coerceto
1784 1803 1797 1838 :
1835 1784 1908 1838 ita
1960 1784 2072 1851 (iet,
2111 1791 2163 1837 ut

2271 1782 2442 1852 φόὅῳ.
2500 1782 2705 1853 Ῥᾷστα
2747 1782 2858 1852 γὰρ
2897 1780 2963 1835 ἂν
3002 1780 3177 1844 οὕτως
3226 1781 3482 1851 ἀρίστους
3525 1779 3706 1851 ἄνδρας
3733 1779 3807 1833 καὶ
3878 1782 3883 1789 ’

590 1877 749 1935 facile
778 1878 973 1950 probos
1005 1879 1150 1935 viros
1186 1888 1541 1947 oratoresque
1570 1878 1814 1949 egregios
1850 1877 2077 1932 formes.
2097 1876 2163 1931 At

2268 1846 2473 1937 δεινοὺς
2503 1846 2739 1945 ῥήτορας
2760 1846 3218 1946 δημιουργήσας.
3248 1846 3313 1925 lii
3335 1872 3412 1935 δὲ,
3440 1870 3513 1935 ώς
3539 1846 3806 1941 γέγραφας,

591 1969 661 2035 si,
701 1978 760 2024 ut
787 1970 1000 2033 scribis,
1028 1983 1193 2040 grave
1234 1969 1364 2034 illis,
1399 1970 1797 2043 molestumque
1827 1968 2026 2024 accidit
2057 1968 2167 2036 pri-

592 2063 709 2118 vari
744 2063 1268 2133 voluptatibus,qu:e
1295 2062 1611 2117 Sirenarum
1642 2062 1824 2117 cautui
1854 2076 2170 2131 comparan-

593 2163 701 2219 tur,
727 2154 882 2222 cujus
914 2155 1187 2209 silentium
1207 2155 1513 2210 hominibus
1535 2154 1720 2209 utilius
1749 2162 1829 2209 est
1859 2172 1873 2209 :
1901 2153 2165 2223 siquidem

590 2254 907 2301 assevereut
959 2245 1101 2299 illam
1146 2244 1464 2310 invaluisse,
1496 2255 1552 2299 et
1583 2245 1791 2316 legibus
1842 2246 2164 2315 permissam

588 2351 732 2403 esse,
768 2336 872 2391 hoc
897 2335 1129 2401 discunt,
1154 2341 1299 2406 quod
1327 2334 1561 2391 fortasse
1611 2344 1670 2390 ut
1714 2336 1817 2390 alia
1853 2336 2019 2389 multa
2052 2334 2168 2403 pul-

587 2429 717 2485 chra
750 2429 1026 2499 ignorant,
1059 2429 1297 2498 perverti
1352 2444 1450 2498 per
1476 2426 1648 2494 illam,
1673 2437 1727 2482 et
1754 2428 1821 2484 ad
1852 2427 2051 2482 malum
2080 2427 2170 2481 ln-

588 2520 812 2575 formari
844 2520 1206 2589 juventutem.
1227 2518 1490 2584 Quoniam
1532 2518 1624 2587 qui
1658 2520 1757 2573 sub
1793 2518 1893 2574 hac
1921 2518 2158 2574 delecta-

591 2611 739 2668 tione
765 2609 1102 2665 mortiferam
1132 2607 1463 2678 voluptatem
1502 2610 1554 2664 in
1618 2608 1865 2663 civitates
1907 2608 1976 2663 ab
2010 2609 2165 2662 initio

589 2703 933 2768 iuvexerunt,
973 2717 1038 2757 ac
1085 2716 1348 2756 venenum
1394 2701 1498 2756 hoc
1548 2715 1616 2756 ex
1668 2701 1893 2759 humani
1948 2703 2164 2771 generis

588 2796 763 2852 hostis
790 2803 912 2848 voto
942 2793 1071 2865 (qui
1102 2803 1154 2848 et
1180 2792 1479 2848 incidentes
1516 2792 1835 2848 occasiones
1864 2792 1932 2848 ad
1966 2791 2163 2847 interi-

589 2898 701 2944 tum
740 2885 1099 2956 spectantium
1131 2885 1437 2955 convertit)
1469 2884 1883 2939 commiscentes
1914 2898 2017 2940 non
2045 2900 2152 2959 una

587 2978 801 3034 ratione
862 2977 968 3032 huc
1020 2984 1401 3045 pervenerunt.
1454 2974 1667 3037 Etenim
1728 2975 1873 3045 leges
1927 2984 2168 3030 externae

586 3085 696 3127 non
744 3069 1155 3141 prohibuerint;
1198 3076 1253 3122 at
1284 3067 1498 3141 scilicet
1545 3067 1601 3122 id
1651 3066 1934 3137 probabile
1974 3067 2077 3135 hac
2102 3069 2166 3121 de

587 3140 776 3221 causa.
804 3161 1125 3232 Conspectis
1181 3160 1326 3215 enim
1356 3140 1708 3228 lxercitibus,
1743 3160 1836 3230 qui
1866 3174 1898 3215 a
1928 3159 2161 3215 Ctesari-
2192 3186 2233 3243 ε

585 3255 686 3311 bus
714 3253 1040 3324 regibusque
1059 3250 1384 3321 penderent,
1404 3260 1458 3307 et
1492 3251 1606 3304 bene
1636 3266 1729 3320 per
1756 3266 1972 3306 omnem
1996 3251 2162 3307 vitam

584 3344 987 3416 praastantibus,
1020 3342 1232 3412 populis
1255 3356 1383 3397 vero
1424 3341 1556 3396 visis
1579 3342 1795 3397 urbium
1830 3342 2044 3408 incolis,
2069 3343 2162 3413 qui

582 3436 945 3507 periculorum
965 3435 1172 3491 nullum
1202 3434 1253 3489 in
1273 3433 1442 3489 armis
1466 3432 1666 3489 habent
1685 3435 2117 3504 experimentum
2144 3451 2159 3501 ;

583 3529 806 3599 insuper
842 3542 956 3593 eos,
990 3528 1082 3597 qui
1134 3528 1186 3582 in
1240 3527 1330 3582 tali
1393 3518 1766 3583 relaxamento
1814 3537 2164 3583 versarentur

583 3619 793 3690 (neque
820 3618 962 3673 enim
993 3631 1183 3672 omnes
1211 3618 1396 3683 quiete
1435 3617 1503 3672 ad
1534 3616 1732 3673 bonum
1768 3618 2026 3687 utuntur)
2056 3634 2160 3674 sae-

583 3724 881 3777 penumero
921 3709 1161 3780 juvenile
1215 3709 1472 3779 quiddam
1533 3711 1862 3780 cogitantes,
1899 3725 2159 3765 resecan-

582 3802 709 3856 dam
741 3801 1025 3869 opinantes
1056 3808 1249 3869 sponte
1286 3808 1465 3854 natam
1497 3800 1850 3855 rebellionum
1878 3801 2157 3858 radicem:

584 3906 758 3960 neque
822 3890 1019 3958 duplex
1077 3889 1381 3945 rectoribus
1430 3890 1739 3960 reipublicie
1781 3890 1980 3946 bellum
2041 3908 2162 3949 esse

582 3981 1026 4053 permittendum,
1045 3980 1241 4050 partim
1289 3989 1595 4048 externum,
1614 3982 1809 4052 partim
1846 3983 2158 4039 intestinum

581 4087 675 4130 seu
697 4072 873 4137 civile,
910 4073 1049 4128 hanc
1076 4073 1487 4140 occupationem
1523 4083 1865 4143 repererunt,
1888 4089 1952 4129 ac
1986 4079 2159 4145 quod-

579 4165 666 4221 vis
694 4162 902 4219 facinus
930 4163 1296 4235 imprudenter
1325 4162 1524 4239 audere
1579 4166 1861 4220 consuetis
1920 4168 2159 4223 tradide-

580 4262 727 4320 runt,
766 4255 1003 4324 ipsisque
1030 4253 1391 4309 contentionis
1414 4255 1753 4310 occasionem
1786 4257 2155 4325 praebuerunt.

580 4345 712 4415 Quae
738 4346 951 4416 quidem
992 4360 1105 4400 rem
1129 4354 1330 4400 tantam
1363 4347 1625 4415 perficere
1664 4363 1771 4403 non
1805 4348 2036 4416 valebat,
2065 4355 2157 4406 sed

580 4449 764 4490 aerem
797 4435 976 4504 potius
1015 4435 1254 4489 animum
1296 4436 1399 4491 hac
1451 4437 1843 4493 exercitatione
1869 4454 2157 4495 consume-

2269 1961 2440 2015 δεινὸν
2474 1961 2737 2033 ἡγοῦνται
2772 1962 2834 2016 τὸ
2878 1962 2978 2032 τῆς
3010 1960 3256 2032 τέρψεως
3291 1961 3505 2031 ἐκείνης
3537 1960 3807 2031 εἴργεσθαι,

2267 2052 2390 2123 ἥτις
2425 2053 2666 2121 ἀτεχνῶς
2689 2052 2834 2106 ἔοικε
2865 2056 2931 2124 τῇ
2967 2053 3075 2107 τῶν
3105 2053 3382 2124 Σειρήνων
3411 2052 3541 2124 ᾠδῇ,
3566 2047 3677 2121 ἦςή
3706 2050 3815 2119 σιγὴ

2268 2143 2659 2214 χρησιμωτέρα
2702 2146 2817 2208 τοῖς
2870 2143 3202 2215 ἀνθρώποις.
3232 2144 3340 2196 Ἢν
3372 2139 3739 2213 ίσχυρίζωνταί
3765 2156 3812 2191 τε

2268 2235 2584 2304 νενομίσθαι
2622 2234 2826 2303 ταύτην
2854 2234 2951 2288 καὶ
2976 2233 3458 2305 συγκεχωρῆσθαι,
3493 2234 3661 2285 ἐκεῖνο
3699 2246 3811 2301 μαν-

2269 2327 2582 2382 θανέτωσαν
2607 2366 2623 2391 ,
2675 2329 2812 2398 ὅπερ
2871 2328 3000 2391 ῐσως
3060 2327 3199 2397 μετά
3258 2326 3370 2380 τῶν
3430 2324 3602 2379 ἄλλων
3659 2320 3813 2376 καλῶν

2267 2418 2614 2488 ἀγνοοῦντες,
2660 2419 2963 2473 ἀδικεῖσθαι
2992 2419 3193 2473 οἴονται
3223 2417 3325 2490 τὴν
3355 2418 3579 2489 νεότητα
3607 2416 3694 2469 καὶ
3726 2431 3815 2466 πα-

2270 2510 2619 2582 ρανομεῖσθαι
2638 2528 2651 2542 ·
2679 2512 2759 2565 ὄτι
2792 2512 2842 2564 οἱ
2879 2513 2976 2581 τὴν
3003 2509 3110 2564 ἀπὸ
3137 2510 3234 2579 τῆς
3260 2508 3504 2581 τέρψεως
3524 2506 3712 2575 ταύτης
3736 2503 3812 2558 θα·

2269 2602 2576 2674 νατηφὸρον
2614 2602 2808 2674 ήδονὴν
2837 2602 2895 2669 ἐξ
2926 2601 3102 2673 ἀρχῆς
3151 2603 3231 2664 είς
3261 2601 3360 2665 τὰς
3412 2600 3592 2662 πόλεις
3632 2598 3816 2663 εἰσαγα-

2266 2693 2475 2761 γόντες,
2524 2694 2616 2746 καὶ
2659 2692 2720 2746 τὺ
2769 2691 3095 2763 δηλητήριον
3153 2691 3299 2746 κατά
3347 2689 3573 2762 γνώμην
3616 2687 3704 2742 τοῦ
3735 2687 3816 2755 τῆς

2268 2785 2686 2856 ἀνθρωπότητος
2728 2783 2924 2856 ἐχθροῦ
2988 2784 3115 2856 (τοῦ
3167 2784 3262 2838 καὶ
3305 2785 3409 2849 τὰς
3473 2778 3816 2853 ἐμπιπτούσας

2268 2876 2567 2946 προφάσεις
2597 2877 2675 2940 είς
2711 2876 2988 2931 ἀπώλειαν
3019 2876 3319 2948 τρέποντος
3352 2879 3478 2939 ταῖς
3509 2874 3699 2946 ψυχαῖς
3728 2867 3817 2922 τῶν

2268 2964 2586 3034 θεωμένων)
2640 2964 2992 3033 κεράσαντες,
3035 2966 3137 3018 οὐκ
3185 2965 3252 3018 ἂν
3306 2963 3497 3028 ἁπλῶς
3543 2959 3698 3034 ἦλθον
3741 2957 3819 3011 ἐπὶ

2265 3054 2424 3107 τοῦτο
2472 3051 2537 3126 (ἦ
2585 3055 2691 3127 γὰρ
2732 3055 2797 3108 ἂν
2828 3055 2948 3108 οὐδὲ
2976 3056 3026 3109 oi
3057 3054 3255 3121 ἔξωθεν
3284 3056 3447 3127 νόμοι
3482 3051 3766 3123 ἐπέτρεψαν
3785 3050 3818 3117 )ι

2266 3145 2402 3200 ἀλλὰ
2435 3146 2552 3216 μετ’
2581 3146 2802 3215 εὐλόγου
2826 3146 2984 3218 δῆθεν
3015 3146 3213 3209 αἰτίας.
3253 3146 3529 3219 ὐρῶντες
3557 3143 3660 3214 γάρ
3682 3156 3821 3212 στρα-

2264 3236 2461 3290 τόπεδα
2507 3238 2607 3308 μὲν
2650 3242 2761 3301 τοῖς
2803 3238 3113 3310 βασιλεῦσιν
3150 3239 3522 3311 ἐξηρτυμένα,
3566 3237 3655 3297 καὶ
3690 3232 3821 3286 ταῦτ’

2265 3328 2631 3394 ἐξασκοῦντας
2675 3330 2763 3384 διὰ
2811 3329 2904 3385 τοῦ
2949 3329 3100 3400 βίου,
3140 3331 3266 3395 τοὺς
3317 3330 3363 3384 δ’
3393 3333 3453 3385 ἐν
3496 3330 3616 3390 ταῖς
3661 3325 3823 3379 πόλεσι

2264 3419 2468 3491 δήμους
2507 3421 2757 3475 ἀτέλειαν
2798 3421 3021 3493 ἔχοντας
3051 3422 3159 3477 τῶν
3190 3424 3247 3475 ἐν
3288 3424 3406 3484 τοῖς
3455 3422 3638 3485 ὅπλοις
3667 3414 3822 3473 κινδὺσ·

2264 3527 2391 3577 νων,
2415 3513 2509 3565 καὶ
2537 3512 2733 3583 πολλὴν
2758 3514 2987 3583 ἄγοντας
3018 3515 3118 3584 τὴν
3142 3513 3344 3586 σχολήν
3362 3530 3376 3544 ·
3405 3509 3751 3583 γινώσκοντες
3772 3522 3823 3560 τε

2262 3612 2388 3676 τοὺς
2425 3614 2485 3668 ἐν
2520 3614 2745 3686 τοιαύτῃ
2778 3614 3030 3687 ῥᾳστώνῃ
3071 3615 3229 3679 ὄντας
3264 3598 3365 3688 (ὀύ
3400 3615 3512 3688 γὰρ
3552 3614 3741 3675 πάντες
3764 3610 3822 3680 τῇ

2265 3706 2428 3779 σχολῇ
2472 3708 2564 3761 ἐπὶ
2609 3708 2758 3780 καλῷ
2811 3707 3103 3782 χρῶνται),
3163 3708 3430 3774 πολλάκις
3479 3706 3734 3779 νεώτερόν
3778 3720 3824 3756 τι

2266 3797 2645 3868 βουλεύοντας·
2703 3801 2936 3871 ἐκκόψαι
2984 3802 3093 3865 δεῖν
3141 3803 3427 3873 οἰηθέντες
3474 3802 3822 3872 αὐτόπρεμνον

2261 3889 2368 3944 τῶν
2401 3893 2823 3947 ἐπαναστάσεων
2856 3893 2952 3965 τὴν
2983 3891 3158 3964 ῥίζαν,
3186 3896 3281 3947 καὶ
3318 3895 3396 3966 μὴ
3422 3893 3646 3949 διπλοῦν
3688 3891 3843 3944 ἐᾶσαι·

2262 3984 2374 4044 τοῖς
2403 3983 2724 4053 ἡγουμένοις
2754 3984 2844 4038 τὸν
2870 3985 3126 4055 πόλεμον,
3158 3984 3249 4038 τὸν
3281 3986 3384 4055 μὲν
3419 3985 3644 4051 ἔξωθεν,
3674 3982 3755 4035 τὸν
3776 3975 3824 4032 δὲ

2258 4071 2497 4137 ἔνδοθεν,
2525 4074 2778 4144 ἀσχολίαν
2806 4076 2927 4129 τινὰ
2966 4077 3170 4149 ταύτην
3208 4078 3542 4151 ἑξηύραντο,
3591 4077 3682 4131 καὶ
3711 4086 3820 4125 κατ-

2260 4162 2560 4217 εσκεύασαν
2587 4168 2699 4229 τοῖς
2732 4167 3152 4239 ἀπερισκέπτως
3173 4170 3356 4225 ὁτιοῦν
3379 4170 3592 4243 τολμᾷν
3612 4163 3812 4221 εἰωθόσι·

2261 4253 2353 4307 καὶ
2386 4253 2681 4309 δεδώκασιν
2712 4258 2894 4321 αὐτοῖς
2925 4260 3005 4323 είς
3034 4259 3370 4329 φιλονεικίαν
3407 4261 3686 4332 ἀφορμὴν,
3712 4269 3815 4309 τοσ-

2259 4346 2414 4401 οῦτον
2446 4347 2544 4417 μὲν
2576 4348 2729 4400 οὐδὲν
2765 4348 2961 4404 ὰνῦσαι
2995 4349 3303 4420 ἰσχύουσαν,
3343 4352 3533 4423 δεινὴν
3558 4351 3614 4404 δέ
3638 4348 3720 4403 τὸν
3748 4344 3824 4397 θυι

2261 4437 2360 4507 μὸν
2396 4438 2701 4510 δαπανῆσαι
2746 4441 2874 4512 περὶ
2923 4442 3092 4512 αὐτήν
3119 4458 3132 4472 ·
3170 4442 3319 4497 τοῦτ’
3351 4432 3515 4497 ἔστιν’
3549 4445 3581 4513 ή
3613 4441 3714 4496 τῶν
3754 4436 3824 4489 τπ-

579 4526 690 4582 bat.
750 4525 956 4582 Similis
1012 4535 1096 4581 est
1156 4528 1415 4581 continua
1466 4542 1729 4598 equorum
1772 4531 2054 4586 contentio
2098 4542 2154 4587 et

2263 4542 2373 4579 πων
2395 4527 2622 4598 συνεχὴς
2644 4527 2866 4598 ἅμιλλα,
2895 4529 3142 4603 πολιτική
3165 4550 3248 4597 τις
3269 4533 3414 4604 ἔρις,
3441 4531 3824 4603 ἐπιστρέφουσα

579 4617 800 4688 politica
859 4618 1104 4689 quaedam
1144 4620 1479 4674 concertatio
1507 4620 1667 4691 611
1720 4622 1787 4676 ad
1840 4622 1941 4677 hoc
1972 4631 2149 4678 certa-

579 4724 704 4765 men
758 4710 999 4766 invitans
1040 4725 1152 4778 eos,
1218 4713 1309 4782 qui
1364 4711 1497 4766 nihil
1550 4714 1894 4768 commodum
1929 4723 1984 4768 et
2024 4714 2155 4770 utile

581 4816 741 4870 agere
791 4802 994 4868 volunt,
1023 4815 1080 4858 et
1132 4805 1197 4859 ad
1244 4805 1415 4859 otium
1469 4799 1699 4859 fortasse
1748 4814 1804 4859 et
1847 4805 2150 4860 socordiam

582 4892 839 4960 aspirant.
881 4892 1027 4949 Talis
1060 4895 1148 4950 ille
1180 4910 1357 4952 scenae
1404 4905 1695 4966 apparatus
1726 4904 1864 4962 erat,
1889 4897 2152 4951 varietate

581 4980 799 5052 quidem
844 4993 1150 5052 spectantes
1198 4998 1450 5056 pascens,
1487 4985 1796 5059 auditorum
1832 4999 1959 5043 vero
2004 4985 2155 5041 auri-

2257 4620 2394 4691 πρὸς
2421 4624 2632 4675 τουτονὶ
2658 4623 2750 4677 τὸν
2781 4624 2971 4694 ἀγῶνα
2998 4627 3127 4691 τοὺς
3158 4628 3264 4681 ὑπὸ
3285 4629 3385 4683 τοῦ
3419 4630 3593 4701 μηδὲν
3619 4620 3824 4699 χρηστδν

2257 4710 2464 4767 ἐθέλειν
2501 4716 2695 4780 ποιεῖν,
2746 4715 2878 4780 ἴσως
2920 4717 2986 4772 ἄν
3020 4734 3072 4771 τι
3119 4719 3541 4792 ἀργαλεώτερον
3571 4718 3825 4786 ἐννοήσον·

2257 4819 2354 4867 τας
2374 4820 2389 4835 ‘
2420 4802 2566 4858 τοῦθ’
2597 4807 2630 4877 ή
2660 4808 2787 4879 περὶ
2818 4807 2915 4880 τὴν
2943 4809 3258 4883 ὀρχήστραν
3280 4813 3538 4866 ποικιλία
3558 4830 3572 4843 ·
3597 4812 3719 4872 τοὺς
3744 4805 3822 4873 μὲν

2257 4896 2365 4965 γὰρ
2397 4895 2663 4966 θεάμασιν
2683 4900 2941 4965 ἑστιῶσα,
2974 4903 3084 4956 τῶν
3113 4903 3171 4957 δὲ
3205 4904 3527 4975 ἀκούσμασι
3557 4904 3655 4976 τὴν
3676 4896 3821 4966 ἀκοὴν

2255 4986 2611 5057 γοητεύουσα,
2662 4989 2829 5058 ἔδοξε,
2864 4992 3042 5046 καίτοι
3093 4995 3363 5067 πονηρίας
3393 4997 3669 5067 γέμουσα,
3709 5004 3821 5044 στα·

1674 5158 1909 5215 VARUS
1949 5158 2333 5218 LECTIONES
2369 5161 2458 5217 ET
2498 5163 2733 5221 NOTAE.

578 5333 816 5405 lsldorus
830 5346 1049 5405 rursum
1069 5346 1160 5405 ep.
1180 5331 1311 5399 517;
1332 5333 1659 5405 Thucydidis
1687 5344 1865 5391 autem
1891 5336 2041 5394 locus
2063 5347 2148 5393 est

579 5404 672 5458 lib.
722 5418 779 5456 ut
820 5402 897 5456 De
942 5401 1073 5456 bello
1104 5400 1584 5467 Peloponnesiaco,
1634 5407 1686 5459 in
1728 5406 1946 5461 Cleonis
1995 5419 2133 5464 erat.

582 5471 794 5537 Utiiior,
827 5472 1264 5543 inquit,inscitia
1294 5472 1718 5543 cum‘modeslia,
1746 5491 1904 5543 quam
1936 5477 2153 5533 callidi-

577 5552 658 5612 αρε
681 5557 799 5595 cum
827 5542 1170 5595 immanitate.
1206 5540 1375 5612 Siqet
1404 5540 1608 5612 Statius
1642 5540 1895 5612 Papinius
1921 5564 1934 5602 :

583 5607 858 5681 Ingenium
882 5612 1115 5679 probitas
1143 5609 1412 5678 animique
1440 5611 1700 5665 industria
1717 5607 1912 5669 'vincil.

2256 5340 2481 5417 Q‘civer,
2511 5345 2665 5411 cities,
2692 5348 2975 5415 qurerenda
3001 5350 3223 5417 pecunia
3262 5352 3499 5417 primum
3531 5362 3630 5413 est.

2264 5410 2438 5467 Virtus
2467 5424 2580 5482 post
2607 5410 2917 5473 nummos...

2250 5520 2423 5595 Locus
2447 5506 2575 5578 vero
2609 5523 2861 5581 Isocratis
2902 5527 3097 5585 allatus
3124 5569 3138 5595 ,
3175 5539 3260 5586 est
3306 5528 3477 5587 initio
3523 5524 3822 5585 Ρανιεηειίεί

2251 5592 2321 5644 ad
2358 5592 2716 5647 Demonicum.
2751 5597 2989 5653 Scnovr.

2323 5661 2678 5735 (Nipmﬁls
2705 5666 2927 5735 ἀνδρίαν
2960 5671 3117 5729 codd.
3153 5670 3273 5729 Vat.
3321 5670 3434 5727 650
3489 5680 3545 5729 ct
3584 5668 3688 5727 Alt.
3733 5666 3821 5722 ha-

581 5710 702 5806 Ἇοξ
733 5714 831 5806 hos
852 5714 1096 5806 Ιιεὶιίοειιε
1124 5717 1473 5806 reprehendit
1517 5718 1670 5789 quasi
1717 5717 1972 5778 virtutem
2003 5728 2152 5795 fuge-

2263 5710 2486 5795 νεὸῖέιξ
2512 5710 2973 5806 ἄνδᾘᾶςῖῑιὶζέἶκξ

583 5789 725 5847 rent,
759 5793 817 5837 ut
851 5784 1103 5842 Horatius
1134 5784 1361 5843 Flaccus
1395 5805 1408 5840 :
