4070 6374
236 359 370 426 1437

233 562 538 620 ὶλαττόνων
569 563 676 636 (ὡς
721 565 1017 639 ᾠήθησαν)
1052 565 1354 639 ὠνούμενοι
1391 569 1460 622 τὰ
1505 569 1696 640 μείζω,
1725 569 1824 640 τὴν

231 656 467 730 ἡσυχίαν
487 655 587 728 τὴν
609 657 928 726 ἀσφάλειαν·
948 660 1100 724 νέους
1115 659 1173 714 δὲ
1196 660 1568 732 τρεφομένους
1587 662 1667 726 είς
1690 662 1822 733 ἀρε-

232 747 356 819 τὴν,
392 747 488 802 καὶ
509 747 607 820 τὴν
641 749 934 821 καλλίστην
957 752 1226 825 ἁρμονίαν
1257 753 1700 825 ἁρμοττομένους
1718 793 1734 818 ,
1759 754 1821 806 οὐ

232 839 392 910 θέμις
421 840 516 894 ἐπὶ
536 840 634 913 τὴν
666 843 959 912 μετουσίαν
987 843 1190 898 τούτων
1223 844 1378 904 ἰέναι.
1403 844 1512 898 οὐδ’
1542 845 1740 916 ἄνδρας
1766 844 1823 898 δὲ

228 929 340 984 τῶν
353 931 571 985 οἰκείων
584 932 770 1004 ψυχῶν
795 935 1276 1006 ἐπιμελουμένουςο
1296 935 1494 990 οὐκοῦν
1512 934 1620 990 οὐδ’
1643 936 1821 1010 ἀπέρ·

230 1039 419 1094 χονται
450 1024 788 1094 μεθέξοντες,
825 1027 942 1082 ἀλλ’
961 1029 1218 1100 ἀμείνους
1249 1028 1403 1102 παρᾶ
1433 1027 1650 1084 πάντων
1682 1026 1822 1084 εἶναι

229 1114 534 1184 κέκρινται,
571 1117 852 1188 κρείττους
877 1118 1030 1184 ὅντες
1058 1120 1157 1192 τῆς
1187 1119 1430 1192 ὀλεθρίου
1456 1120 1662 1192 ταύτης
1693 1120 1820 1192 τέρ-

230 1201 380 1272 ψεως
412 1203 508 1258 καὶ
537 1205 754 1276 μάλισθ’
787 1208 869 1261 ὅτι
899 1209 994 1262 καί⁵
1031 1208 1238 1272 πόλεώς
1265 1212 1314 1264 τ’
1344 1212 1394 1264 εί
1421 1211 1517 1266 καὶ
1543 1211 1743 1276 πάντες
1771 1212 1820 1266 ot

231 1295 596 1367 συρφετώδεις
621 1300 713 1352 καὶ
741 1301 991 1372 ἀγοραῖοι
1017 1303 1534 1376 γνωσιμαχήσαντες
1561 1302 1659 1368 τάς
1688 1304 1822 1374 ἡσυ-

229 1385 354 1460 χίας
368 1383 524 1460 ἦγον.
553 1391 650 1444 καὶ
669 1391 986 1464 φιλοσοφίαν
1011 1393 1341 1466 ἠσπάζοντο,
1372 1395 1684 1450 ὲκέκλειστο
1719 1396 1820 1468 μὲν

226 1477 297 1534 ἀν
325 1479 396 1534 τὰ
423 1479 674 1556 θέατραή
702 1485 797 1538 καὶ
816 1485 1144 1557 ἀνοιγόμενα
1172 1487 1361 1542 οὐδένα
1381 1489 1646 1559 ἐπήγετο·
1664 1487 1818 1543 ἀπώ-

228 1569 353 1624 λετο
367 1571 415 1625 δ’
431 1572 500 1628 ἂν
515 1574 610 1628 καὶ
619 1576 778 1648 ήτῶν
793 1577 976 1644 αὐτοῖς
996 1577 1186 1643 κακῶς
1201 1577 1620 1650 ἀγωνιζομένων
1631 1579 1816 1651 τέχνη,

232 1663 438 1743 μᾶλλον
469 1665 528 1720 δὲ
568 1671 927 1742 κακοτεχνίαν
960 1673 1056 1727 καὶ
1093 1672 1223 1744 τρία
1256 1671 1324 1726 τὰ
1347 1672 1579 1745 μέγιστα
1599 1672 1816 1746 κατώρ-

229 1754 374 1809 θωτο
399 1756 486 1824 ἂν,
511 1759 547 1831 ή
575 1777 635 1814 τε
663 1761 774 1816 τῶν
794 1761 987 1834 ψυχῶν
1019 1764 1286 1836 σωτηρία,
1318 1764 1354 1835 ἢ
1383 1781 1442 1818 τε
1475 1762 1586 1816 τῶν
1607 1763 1816 1818 πόλεων

1085 365 1622 426 EPISTOLARUM
1659 365 1806 426 LIB.
1848 366 1917 428 ν.
1947 389 2016 398 --
2043 363 2282 424 EPIST.
2324 364 2676 427 CLXXXVI.

236 470 461 539 σιῶδους
493 472 689 545 βουλῆς
719 469 1052 548 ἐμπόδισμα.
1077 475 1263 531 Ταῦτα
1293 477 1680 551 συνεχώρησαν
1709 477 1817 532 τῶν

1924 475 2026 533 bus
2077 477 2328 534 illudens.
2375 476 2615 532 Tametsi
2675 475 2792 531 haec
2846 471 3161 546 spectacula
3215 487 3392 544 neque
3431 478 3552 529 vlo.

3381 357 3520 425 H33

1928 569 2160 625 deantur
2193 564 2348 638 plena
2384 568 2657 623 seditiosae
2701 564 3126 622 machinationis
3155 563 3516 636 impedimen-

1926 669 2064 727 tum,
2097 668 2355 730 tanquam
2391 657 2572 713 minus
2637 657 2840 713 malum
2894 659 3010 714 haec
3073 657 3513 714 condonarunta

1924 751 2246 818 majoribus,
2274 761 2333 805 ut
2365 750 2583 820 quidem
2642 750 2888 804 arbitrati
2923 758 3052 805 sunt
3087 769 3102 806 :
3140 750 3192 804 id
3222 749 3366 820 quod
3401 763 3512 804 ma-

1917 841 2010 914 jus
2037 853 2144 908 est,
2179 854 2423 899 ementes
2476 841 2716 912 quietem
2759 849 2811 897 et
2867 843 3242 898 securitatem.
3272 839 3514 898 Iuvenes

1921 949 2050 988 vero
2077 935 2142 988 ad
2175 936 2429 989 virtutem
2457 934 2759 998 institutos,
2793 941 2848 987 et
2901 933 3259 1003 pulcherrima
3310 948 3510 990 conve-

1923 1026 2134 1081 nieutes
2197 1025 2483 1080 harmonia
2525 1025 2817 1080 interressc
2849 1023 2916 1078 iis
2953 1038 3058 1078 non
3108 1027 3417 1095 oportebat,
3449 1038 3512 1080 ac

1923 1133 1992 1174 ne
2013 1133 2144 1173 voce
2173 1117 2389 1188 quidem
2418 1118 2616 1187 quibus
2634 1117 2829 1172 animm
2849 1115 2995 1172 salus
3023 1117 3171 1172 cordi
3204 1125 3367 1171 esset.
3393 1113 3511 1170 Non

1923 1209 2108 1280 itaque
2169 1209 2540 1281 frequentant,
2572 1213 2666 1266 sed
2713 1209 2994 1280 probiores
3027 1209 3334 1278 habentur;
3368 1209 3513 1280 quod

1921 1301 2139 1357 noxiam
2198 1302 2345 1356 illaut
2407 1303 2688 1372 spectandi
2742 1311 3095 1358 contemnant
3144 1301 3509 1370 Voluntatcm;

1921 1397 2223 1465 praesertim
2248 1409 2372 1468 cum
2421 1395 2658 1465 plurimi,
2695 1393 2806 1448 imo
2839 1408 3031 1450 omnes
3093 1393 3258 1446 etiam
3311 1392 3512 1464 plebeii

1921 1489 2305 1559 resipiscentes
2341 1503 2371 1542 a
2411 1486 2740 1559 spectaculis
2783 1495 2839 1542 et
2895 1485 3288 1541 certaminibus
3344 1484 3516 1539 absti-

1922 1558 2160 1646 nuerint,
2195 1558 2593 1651 philosophiam
2639 1580 2785 1634 serio
2814 1576 3070 1648 amplexi.
3095 1574 3294 1632 Clausa
3329 1575 3518 1648 itaque

1919 1681 2047 1728 sunt
2079 1672 2312 1738 theatra,
2353 1683 2408 1726 et
2438 1687 2559 1743 qua:
2589 1681 2776 1740 aperta
2831 1677 3010 1734 erant,
3039 1685 3070 1724 a
3123 1667 3343 1722 nemine
3394 1662 3510 1721 fre-

1920 1764 2347 1832 quentabantur.
2386 1762 2553 1818 Periit
2605 1777 2732 1817 vero
2786 1775 3079 1832 pravorum
3141 1758 3513 1828 agonistarum

227 1847 592 1914 κατάστασις,
643 1853 678 1924 ἥ
719 1870 778 1907 τε
813 1853 923 1908 τῶν
970 1855 1250 1929 ἀρχόντων
1289 1855 1580 1926 ἀσφάλεια.
1630 1855 1818 1910 Ταῦτα

1924 1871 2034 1924 ars,
2065 1871 2158 1912 seu
2187 1857 2368 1928 potius
2402 1871 2658 1926 perversa
2703 1869 2815 1918 ars,
2850 1853 3068 1924 triaque
3117 1850 3339 1906 maximi
3397 1864 3507 1904 mo-

229 1937 334 2018 μὲν
391 1936 486 1994 οὗν
535 1941 848 1999 ἀκουόντων
913 1945 1067 2017 παρὰ
1135 1949 1235 2018 τῆς
1297 1947 1398 2017 σῆς
1453 1944 1814 2008 παιδεύσεως.

238 2031 464 2106 Ἐπειδὴ
487 2033 545 2088 δὲ
567 2035 664 2090 καὶ
684 2036 784 2108 τὴν
802 2037 944 2109 ὲμήν
964 2038 1185 2108 κινῆσαι
1208 2038 1456 2108 γλῶτταν
1479 2037 1590 2091 δεῖν
1609 2037 1818 2110 ᾠήθης,

221 2120 306 2186 ὡς
350 2125 564 2194 μεγάλα
603 2129 726 2182 τινά
759 2130 929 2202 (ὅπερ
975 2131 1075 2184 οὐκ
1116 2125 1309 2202 οἶμαι)
1354 2129 1682 2198 ἀνύσουσαν,
1731 2131 1818 2185 ἵνα

225 2213 306 2287 μή
337 2213 476 2283 δόξω
507 2234 567 2272 σε
587 2219 802 2287 λυπεῖν,
835 2221 1090 2296 καὶπρὸς
1116 2223 1316 2286 αὐτοὺς
1347 2222 1620 2293 γέγραφα.

1925 1948 2094 2004 menti
2159 1948 2298 2004 bona
2378 1957 2508 2004 sunt
2570 1945 3250 2004 consecutazanimorum
3305 1943 3515 2000 scilicet

1917 2040 2088 2106 salus,
2136 2048 2284 2096 recta
2325 2039 2638 2110 reipublicae
2687 2038 2978 2105 institutio,
3034 2037 3268 2107 denique
3321 2049 3511 2092 eorum

1919 2131 2010 2200 qui
2071 2139 2332 2201 praesunt,
2379 2131 2668 2186 securitas.
2705 2129 2866 2184 .Hmc
2924 2129 3112 2200 itaque
3171 2127 3512 2182 auditoribus

1917 2223 2220 2300 disciplima
2269 2233 2374 2279 tute
2419 2221 2747 2298 commissis.
2777 2221 3006 2288 Quando
3035 2234 3165 2275 vero
3193 2220 3310 2274 hac
3341 2216 3509 2273 etiam

222 2323 256 2362 ε
289 2322 380 2364 me
406 2309 857 2368 disserendaesse
880 2315 1124 2381 duxeris,
1142 2313 1530 2386 velutimagna
1548 2311 1818 2382 quaedam,
1891 2313 1988 2370 sed
2046 2315 2236 2372 nescio
2296 2331 2364 2370 an
2420 2313 2728 2386 profutura,
2783 2329 2850 2370 ne
2937 2321 2992 2369 te
3059 2312 3246 2368 videar
3301 2307 3510 2368 contri-

227 2412 403 2470 stare,
461 2404 532 2460 ad
607 2404 728 2462 illos
802 2408 968 2463 etiam
1057 2407 1341 2480 sequentia
1421 2405 1821 2478 praescribenda
1858 2407 2008 2464 duxi.

519 2516 711 2586 an'.
758 2547 832 2559 --
880 2518 1216 2574 ΕΛΔΗΝΩΝ
1251 2519 1507 2574 ΠΑιΣιΝ.

2137 2519 2547 2589 CLXXXVI.—
2566 2517 2976 2576 GRECOBUM
3005 2514 3296 2572 LIBERIS.
3356 2468 3364 2475 ν

232 2605 306 2662 De
344 2609 530 2664 eadem
561 2624 619 2664 re
665 2611 1037 2680 aspectaculis
1069 2623 1116 2668 et
1156 2612 1298 2666 ludis
1335 2627 1526 2680 pueros
1562 2619 1791 2665 revocat.
1832 2609 2092 2666 Virtutem
2125 2613 2190 2667 iis
2245 2613 2595 2678 commendat,
2649 2613 2845 2666 divitiis
2874 2609 3183 2681 prarferens,
3206 2615 3260 2662 et
3298 2607 3370 2663 ad
3393 2625 3512 2666 eam

799 2681 1074 2737 colendam
1103 2683 1314 2752 prolixa
1345 2681 1672 2752 elegantique
1696 2681 1796 2736 hac
1830 2683 1987 2751 epist.
2017 2685 2284 2737 hortatur.
2318 2681 2556 2754 (Confer.
2589 2684 2742 2751 epist.
2787 2683 2938 2751 109.)

298 2783 374 2860 Ὦ
395 2791 662 2865 μειράκια
691 2791 822 2866 (χρὴ
865 2792 974 2868 γὰρ
1008 2795 1139 2868 ὑμῖν
1193 2795 1523 2868 ἀρχομένοις
1563 2793 1658 2849 τοῦ
1698 2794 1818 2866 βίου

1993 2778 2386 2836 Adulescentes
2424 2779 2622 2852 (decet
2669 2779 2814 2833 enim
2873 2779 3039 2832 vitam
3067 2777 3220 2834 vobis
3253 2759 3516 2848 ingressis

230 2883 404 2956 μηδὲν
442 2885 751 2958 παράλογον
793 2867 1024 2960 φράσαι,
1064 2889 1206 2944 ἀλλὰ
1243 2867 1348 2962 τὴν
1395 2890 1657 2962 ἀλήθειαν
1710 2891 1821 2944 ἀπο

1925 2868 2062 2923 nihil
2095 2869 2270 2924 otiose
2315 2870 2521 2932 dicere,
2557 2869 2653 2924 sed
2691 2867 2979 2923 veritatem
3019 2868 3160 2922 unde
3203 2867 3514 2940 eaplicare)

227 2977 558 3048 αμφιάσαι),
599 2979 820 3034 πάντων
840 2959 973 3034 τῶν
1001 2980 1171 3034 όντων
1209 2981 1242 3054 ἢ
1271 2959 1572 3039 δοκούντων
1601 2981 1821 3052 ἀγαθῶν

1924 2962 2186 3024 omnium,
2217 2976 2340 3031 qua:
2355 2970 2482 3016 sunt
2507 2969 2601 3014 aut
2629 2959 2880 3014 videntur
2913 2959 3180 3014 honorum
3214 2959 3514 3015 maximum

231 3067 498 3138 μέγιστόν
526 3087 581 3123 τε
606 3071 705 3124 καὶ
725 3070 1012 3124 κάλλιστόν
1039 3071 1188 3124 ἐστιν
1298 3071 1468 3143 ἀρετή
1491 3086 1505 3101 ·
1544 3074 1639 3126 καὶ
1684 3089 1818 3126 ταυ-

1924 3065 2089 3125 atque
2146 3053 2574 3125 pulcherrimum
2615 3053 2786 3109 virtus
2845 3061 2930 3108 est
2965 3071 2979 3107 :
3021 3053 3326 3122 eodemque
3354 3053 3516 3109 modo

227 3159 328 3216 τόν
361 3161 501 3215 εἰσιν
523 3163 574 3216 oi
611 3162 789 3238 ταρτῃ
825 3163 1186 3234 συμϐιοῦντες
1211 3165 1348 3236 πρὸς
1377 3166 1502 3229 τοὺς
1525 3165 1822 3238 ἀμοιροῦν-

229 3267 368 3317 ctu,-
389 3252 528 3324 ὅπερ
544 3255 744 3308 ἐκεῖνοι
766 3254 868 3326 μὲν
893 3256 1027 3326 πρὸς
1038 3255 1109 3309 τὰ
1129 3255 1294 3327 θηρία
1312 3272 1325 3286 ⁸
1345 3256 1567 3326 ἄγγελοι
1600 3256 1658 3310 δὲ
1684 3256 1823 3328 πρὸς

231 3346 366 3406 τοὺς
415 3343 777 3416 ἀνθρώπους·
841 3347 1118 3416 βαδίζουσι
1163 3347 1295 3415 γοῦν
1337 3347 1428 3402 διά
1475 3349 1576 3419 τῆς
1616 3350 1824 3420 ἀγορᾶς

233 3433 493 3502 ἀγγέλοις
521 3436 779 3501 ἐοικότες.
803 3438 976 3491 Ὠσπε
985 3455 1017 3510 ρ
1043 3437 1152 3507 γὰρ
1177 3438 1503 3510 λαμπτῆρες
1537 3441 1596 3492 ὲν
1647 3439 1825 3510 σκότῳ

233 3525 502 3597 ἐξαίφνης
551 3529 815 3601 ἀρθέντες
861 3531 1250 3602 ἐπιστρέφουσι
1295 3531 1433 3601 πρὸς
1467 3510 1697 3596 ἑαυτοὺς
1724 3531 1824 3596 τὰς

232 3620 346 3674 τῶν
377 3619 553 3675 ἄλλων
579 3622 752 3692 ὄψεις,
777 3622 922 3677 οῦτω
973 3622 1070 3677 καὶ
1127 3615 1274 3678 οὗτοι
1303 3624 1430 3686 τοὺς
1483 3621 1679 3686 ἀλλους
1729 3623 1825 3678 καὶ

231 3709 610 3783 ἐκπλήττουσι
634 3712 728 3766 καὶ
744 3711 1092 3782 φωτίζουσιν.
1122 3713 1186 3766 Οἱ
1210 3712 1268 3766 δὲ
1293 3712 1525 3782 ἀφέντες
1554 3715 1622 3766 τά
1651 3715 1825 3768 οἰκεῖα

229 3802 464 3858 ἕπονται
496 3803 634 3875 πρὸς
667 3804 767 3874 τὴν
788 3806 972 3876 φωνὴν
997 3803 1356 3876 ἀγαλλόμενοι
1379 3823 1392 3836 ·
1424 3805 1516 3858 καὶ
1542 3804 1823 3874 γίγνονται

231 3895 378 3965 πρὸς
407 3894 673 3960 ἐκείνους,
725 3895 754 3949 ὃ
793 3895 858 3968 δὴ
907 3897 1045 3968 πρὸς
1081 3897 1208 3961 τοὺς
1258 3896 1521 3967 ποιμένας
1565 3896 1634 3949 τὰ
1682 3895 1820 3967 πρό-

230 3985 401 4048 ϐατα,
434 3986 849 4058 συγχωροῦντες
895 3987 1052 4057 ἄγειν
1103 3987 1302 4052 αὐτοὺς
1351 3983 1518 4060 ὃπῃῇ
1568 3986 1777 4058 βέλτιον
1805 4003 1820 4020 ·

228 4080 284 4132 ot
321 4077 384 4132 δὲ
420 4079 832 4151 παραλαϐόντες
861 4080 1196 4152 πειθηνίους,
1217 4081 1537 4152 ἐξηγοῦνται
1563 4080 1822 4151 καθάπερ

229 4173 518 4243 προφῆται
545 4171 615 4226 τά
657 4172 946 4246 μέλλοντα.
981 4171 1200 4244 Ἐπειδὴ
1233 4171 1342 4244 γάρ
1371 4171 1556 4226 πολλοὶ
1588 4168 1694 4224 τῶν
1757 4169 1822 4224 οὐ

228 4262 408 4318 πολὺν
436 4263 538 4332 τῆς
593 4263 798 4334 ἀρετῆς
853 4263 1195 4334 ποιουμένων
1245 4261 1424 4334 λόγον,
1483 4260 1613 4332 παρ’
1669 4254 1752 4324 οἷς
1781 4259 1816 4330 ή

229 4352 554 4422 παραυτίκα
614 4353 776 4425 ἡδονὴ
828 4353 924 4408 καὶ
966 4351 1223 4426 ῥᾳστώνη
1277 4351 1460 4424 μεῖζον
1503 4350 1676 4423 ίσχύει
1723 4349 1820 4404 τοῦ

1928 3163 1988 3204 se
2023 3148 2248 3214 habent,
2299 3146 2390 3217 qui
2446 3160 2569 3201 cum
2624 3145 2828 3201 virtute
2869 3145 3035 3199 vitam
3097 3144 3412 3214 instituunt,
3443 3145 3510 3202 ad

1929 3241 2068 3305 illos,
2089 3240 2178 3310 qui
2198 3257 2262 3295 ea
2291 3249 2505 3303 carent,
2531 3248 2588 3293 ut
2634 3239 2849 3294 ratione
2897 3237 3111 3308 praediti
3163 3236 3412 3292 homines
3442 3239 3512 3292 ad

1927 3331 2072 3388 feras
2113 3331 2328 3399 noxias,
2355 3341 2410 3386 et
2439 3331 2616 3402 angeli
2644 3345 2770 3386 cum
2799 3329 3115 3384 hominibus
3142 3329 3352 3383 collati.
3380 3329 3512 3383 Am-

1925 3423 2116 3480 bulant
2155 3422 2301 3479 enim
2329 3436 2426 3492 per
2467 3419 2699 3488 compita
2759 3415 2860 3474 hac
2921 3418 3156 3488 praediti,
3195 3417 3511 3489 angelorum

1925 3515 2150 3571 similes.
2203 3511 2272 3569 Ut
2313 3512 2455 3567 enim
2513 3510 2660 3565 faces
2691 3509 2744 3562 in
2800 3509 3041 3564 tenebris
3089 3510 3380 3579 derepente
3421 3508 3512 3563 in-

1925 3619 2100 3660 censae
2125 3601 2362 3656 omnium
2387 3599 2442 3652 in
2479 3592 2539 3653 se
2565 3596 2752 3652 oculos
2801 3604 3154 3660 convertunt,
3185 3597 3258 3650 ita
3293 3597 3346 3650 hi
3371 3609 3508 3666 quo-

1925 3713 2029 3768 que
2052 3694 2399 3751 admirationi
2431 3691 2554 3746 aliis
2597 3690 2887 3746 exsistunt.
2937 3687 3167 3754 Quidam
3205 3687 3350 3742 enim
3378 3703 3512 3759 pro-

1926 3791 2062 3863 priis
2092 3787 2296 3844 relictis
2326 3786 2532 3840 :cdibus
2563 3797 2747 3838 vocem
2785 3795 2975 3836 eorum
3006 3780 3191 3834 animo
3221 3778 3509 3835 exsultan-

1927 3895 2008 3940 tes
2034 3889 2356 3950 seqnuntur,
2383 3876 2624 3944 ﬁuntque
2654 3873 2760 3930 illis
2787 3871 2932 3954 quod
2961 3880 3098 3931 sunt
3123 3871 3330 3942 pastori
3361 3886 3512 3937 oves,

1927 3973 2305 4046 permittentes
2343 3982 2402 4023 se
2427 3967 2495 4021 ab
2527 3965 2633 4019 illis
2659 3961 3016 4026 circumduci,
3045 3976 3154 4031 quo
3181 3969 3268 4017 est
3296 3960 3513 4018 melius.

1926 4063 2006 4122 Illi
2027 4079 2156 4120 vero
2205 4059 2566 4130 suscipientes
2599 4055 2722 4110 illos
2757 4061 2815 4108 ut
2867 4054 3232 4122 obsequentes
3263 4052 3517 4123 dictoque

1927 4160 2211 4214 audientes
2264 4153 2451 4208 futura
2510 4157 2813 4220 exponunt,
2845 4155 2905 4201 ut
2936 4146 3214 4216 prOphetae
3265 4144 3396 4199 olim
3428 4160 3516 4201 so.

1926 4250 2058 4307 lent.
2090 4249 2226 4306 Cum
2253 4261 2384 4301 vero
2409 4241 2649 4316 plurimi,
2683 4240 2900 4296 virtutis
2935 4239 3080 4294 nullo
3116 4238 3304 4292 habito
3331 4252 3514 4306 respe-

1928 4351 2041 4410 ctu,
2069 4341 2264 4412 quibus
2323 4337 2525 4393 caduca
2580 4333 2833 4403 voluptas
2885 4329 3162 4400 animique
3223 4327 3516 4384 delectatio

233 4418 362 4497 ποθ’
386 4443 614 4518 ὕστερον
635 4418 996 4508 συνοίσοντοςί.
1017 4418 1221 4516 Ὀἳοδιά-
1237 4418 1336 4516 μέν
1381 4418 1689 4514 ἀπληστίαν
1727 4442 1823 4496 καὶ

1931 4435 2051 4506 plus
2094 4433 2440 4501 valet,quam
2496 4427 2642 4499 quod
2678 4435 2864 4496 postea
2925 4419 3166 4474 futurum
3215 4426 3304 4504 est
3357 4418 3509 4474 utile.

227 4534 454 4592 ἀδικίαν
499 4536 570 4592 τά
616 4536 862 4609 παρόντα
922 4536 1202 4606 ἀγαπῶσι,
1260 4535 1350 4590 διά
1408 4535 1465 4589 δὲ
1523 4533 1823 4606 σκαιότητα

224 4627 458 4701 τρόπων
485 4626 597 4682 τῶν
617 4629 756 4700 μετά
781 4627 956 4683 ταῦτα
979 4628 1133 4683 οὐδὲν
1165 4627 1467 4700 προορῶσι,
1491 4626 1600 4681 τῶν
1622 4629 1680 4680 ὲν
1706 4643 1823 4698 χει-

229 4721 355 4793 ροῖν
385 4719 544 4789 μόνον
570 4719 828 4796 φροντίδα
845 4719 1118 4792 τιθέμενοι
1149 4719 1440 4794 φράζουσιο
1475 4738 1494 4771 ι
1541 4719 1615 4772 Τὸ
1642 4717 1822 4792 παρὸν

223 4807 296 4868 εὖ
329 4811 518 4866 τίθειοο
542 4831 562 4864 ι
593 4814 792 4868 ἐκεῖνοι
823 4815 894 4867 τά
929 4812 1196 4885 μέλλοντα
1231 4810 1568 4877 σκοποῦντες
1601 4827 1822 4884 προμη-

225 4902 444 4970 νύουσι,
498 4906 594 4958 καὶ
633 4903 743 4958 τῶν
795 4906 1140 4978 πραγμάτων
1170 4904 1449 4960 ἐκϐάντων
1497 4903 1644 4960 κατά
1693 4905 1822 4969 τοὺς

227 4993 432 5065 λόγους
495 4993 885 5066 στεφανοῦνται
939 4998 1036 5051 καὶ⁹
1101 4995 1590 5069 ἀνακηρύττονται.
1657 4988 1820 5050 Οὗτοι

227 5085 444 5152 ζῶντες
503 5085 604 5160 μὲν
622 5088 724 5151 τὰς
761 5079 1092 5161 κεκλιμένας
1153 5088 1254 5160 μὲν
1320 5087 1572 5160 όρθοῦσι,
1621 5089 1720 5151 τὰς
1773 5087 1820 5141 δ’

229 5177 497 5242 ἑστώσας
523 5177 794 5248 κοσμοῦσι
844 5179 1052 5246 πόλεις,
1091 5179 1518 5250 τελευτήσαντες
1559 5177 1618 5234 δὲ
1650 5180 1820 5247 ἐγκα-

223 5267 558 5324 ταλείπουσι
609 5269 836 5342 κέντρον
889 5270 985 5325 τοῦ
1035 5272 1242 5326 πόθου·
1290 5269 1552 5342 ἐπίσημοι
1606 5269 1716 5341 γὰρ
1771 5269 1822 5324 οἱ

1927 4525 2093 4600 612
2124 4523 2203 4578 illi
2226 4521 2536 4592 ineXplebili
2574 4519 2886 4588 iniustaque
2937 4512 3242 4582 cupiditate
3277 4523 3512 4580 praesen-

1921 4624 1994 4678 tia
2020 4623 2292 4682 adamant,
2323 4627 2487 4686 atque
2512 4613 2581 4668 ob
2606 4623 2840 4667 scaevam
2881 4619 3095 4662 morum
3146 4601 3506 4659 consuetudi-
3581 4600 3586 4604 ’

1919 4729 2070 4778 nem,
2106 4725 2227 4782 qum
2290 4708 2653 4762 subsecutura
2689 4707 2842 4767 sunt,
2862 4697 3085 4752 minime
3119 4694 3510 4768 provident,iis

1921 4807 2222 4867 duntaxat,
2253 4815 2374 4870 qua:
2407 4799 2463 4853 in
2523 4793 2776 4852 manibus
2830 4799 2976 4856 sunt,
3019 4786 3238 4851 intenti,
3281 4787 3509 4841 dicunt:

1926 4915 1947 4950 ι
1991 4893 2286 4950 Praaseutia
2347 4901 2628 4948 curemus.
2689 4903 2710 4939 ι
2760 4882 2866 4938 Alii
2941 4890 3132 4938 contra
3197 4877 3507 4933 futurorum

1928 4997 2238 5054 satagentes
2303 4980 2695 5056 praenuntiant,
2751 4985 2807 5032 et
2857 4973 2930 5030 ob
2967 4973 3108 5028 bene
3171 4969 3391 5035 merita,
3454 4977 3514 5022 ut

1927 5080 2208 5151 Scriptura
2269 5075 2556 5145 pollicetur
2581 5072 2650 5141 ³³,
2681 5082 2942 5127 coronam
3011 5062 3288 5134 accipiunt
3349 5068 3512 5151 atque

1927 5149 2238 5234 laudantur.
2263 5169 2330 5224 Hi
2365 5167 2610 5222 viventes
2665 5161 2887 5235 quidem
2933 5170 3022 5212 res
3062 5153 3352 5210 inclinatas
3398 5149 3505 5205 eri-

1929 5269 2314 5332 gunt,-rcsque
2344 5253 2586 5327 publicas
2623 5251 2948 5308 constitutas
2969 5253 3190 5311 ornant,
3225 5248 3512 5332 morteque

224 5361 423 5431 τάφοι,
459 5363 517 5416 ὲν
570 5364 703 5434 τιμῇ
743 5329 806 5418 δὲ
853 5362 924 5417 τὰ
974 5363 1132 5436 γένη,
1181 5329 1513 5436 διηνεκὴςδὲ
1555 5363 1589 5431 ἡ
1617 5329 1826 5433 ’μνήμη

1924 5329 2120 5408 sublati
2164 5345 2495 5404 desiderium
2522 5343 2604 5398 sui
2656 5339 2996 5408 relinquunt.
3025 5334 3171 5392 Clari
3218 5329 3365 5388 enim
3409 5337 3500 5381 tu-

221 5451 484 5506 δικαίων.
530 5451 760 5525 Ἀρετῆς
807 5454 919 5526 γὰρ
966 5456 1266 5525 ἐκτήσαντο
1311 5451 1495 5523 φύσιν,
1525 5445 1594 5523 ἧς
1622 5451 1685 5504 οὐ
1724 5450 1824 5504 πέ-

1927 5443 2194 5498 mulorum
2249 5434 2640 5499 monumentis,
2699 5432 2868 5501 stirps
2927 5439 3146 5500 quoque
3207 5423 3261 5476 in
3303 5422 3511 5474 honore

229 5558 410 5612 φυκεν
435 5511 994 5618 ἅπτεσθαιυτελεῦτή.
1029 5511 1152 5600 Τῶν
1205 5511 1449 5617 μέν’γὰρ
1481 5511 1827 5614 γσῶματικῶν

1926 5547 2030 5606 est,
2063 5544 2118 5610 et
2164 5534 2326 5602 longa
2365 5529 2489 5600 jure
2543 5527 2752 5597 Optimo
2797 5522 3058 5580 memoria
3101 5524 3206 5573 est.
3236 5511 3508 5567 Virtutem

225 5631 739 5706 πλεονεκτημάτων
762 5639 962 5710 ῥᾳδίως
1005 5638 1238 5693 ἕκαστον
1283 5635 1702 5703 ἀποσϐέννυται,
1734 5635 1828 5692 καὶ

1927 5609 2073 5689 enim
2133 5625 2438 5698 possident,
2488 5635 2612 5693 qua:
2664 5634 2770 5676 non
2813 5611 3022 5673 interit.
3062 5609 3322 5678 Corporis
3382 5615 3512 5658 vero

310 5792 360 5827 ³⁸
389 5794 584 5852 Matth.
629 5811 741 5862 xw,
778 5795 865 5852 l7.
