4070 6382
588 413 615 479 1
630 414 726 478 £39

1786 405 1846 465 S.
1887 400 2181 465 ISlDORI
2217 396 2657 460 PELUSIOT/E

3679 395 3697 453 1
3708 395 3790 459 440

588 533 854 583 bonorum
885 522 1040 579 facile
1062 518 1276 593 quidvis
1303 516 1463 584 perit,
1488 517 1826 587 gratiamque
1856 518 1922 572 ad
1954 525 2167 586 tempus
2194 552 2203 574 Α

2310 513 2611 584 ηρόσκαιρον
2644 510 2759 582 ἔχει
2807 508 2905 579 τὴν
2946 508 3127 580 χάριν,
3192 502 3303 559 οἷον
3362 503 3577 569 κάλλος,
3635 507 3795 576 τάχος,

589 619 912 673 duraturam
948 612 1301 674 nauciscitur,
1325 620 1453 680 puta
1506 608 1991 679 pulchritudinem,
2016 607 2168 663 velo-

2273 602 2456 677 ῥὼμη.
2501 603 2609 657 Τοῦ
2649 600 2903 674 σώματος
2931 601 3039 672 γὰρ
3092 596 3468 669 φθειρομένου,
3518 598 3793 665 ἀναγκαίως

592 710 816 763 citatem
873 721 940 762 ac
988 704 1178 760 robur.
1221 702 1492 768 Corrupto
1549 701 1694 755 enim
1728 700 1946 763 robore,
1981 707 2039 755 et
2075 697 2171 754 illa

2311 699 2502 751 ἀκεῖνα
2552 695 2756 768 φροῦδα
2798 694 3037 766 οἴχεται·
3074 690 3276 763 ἀρετῆς
3320 689 3377 742 δὲ
3414 688 3572 760 μόνης
3623 688 3707 742 ἀτε
3750 690 3798 741 ὲν

591 805 947 862 evanescant,
967 808 1196 850 necesse
1249 802 1353 849 est.
1388 789 1620 845 Virtutis
1679 791 1822 845 enim
1847 790 2019 845 solius
2071 789 2173 844 im-

594 889 807 944 mortali
840 885 1093 941 inanima
1141 887 1403 945 educatae,
1437 883 1580 937 nulla
1628 882 1875 936 mutatio.
1908 880 2175 935 Omnibus

595 982 758 1049 igitur
794 979 1002 1034 viribus
1033 978 1338 1034 exercenda
1379 976 1553 1030 virtus
1577 986 1691 1041 est;
1727 988 1834 1029 non
1872 972 2173 1027 curandum

596 1083 777 1127 tamen
811 1080 915 1135 est,
954 1081 1292 1125 utexercere
1323 1070 1579 1124 virtutem
1640 1074 1852 1121 tantum
1912 1064 2173 1119 videaris.

595 1160 798 1217 Verum
834 1175 901 1239 ne
924 1160 1131 1215 divitiis
1165 1160 1381 1228 quidem
1437 1156 1653 1210 inhians
1680 1164 2026 1207 contemnere
2056 1166 2177 1205 eam

597 1254 778 1318 debet,
800 1268 908 1323 pne
930 1268 1033 1323 qua
1066 1251 1285 1307 caducae
1315 1249 1418 1303 illic
1446 1257 1593 1301 sunt.
1622 1245 1858 1300 Divitias
1888 1246 2035 1301 enim
2065 1246 2179 1303 cito

598 1347 722 1416 quis
756 1346 1025 1411 amiserit,
1062 1354 1156 1397 aut
1184 1342 1348 1407 furto,
1386 1349 1477 1395 aut
1503 1340 1555 1395 vi
1602 1339 1821 1393 militari
1857 1357 1869 1392 :
1898 1348 1953 1392 at
1981 1338 2181 1392 virtute

602 1451 764 1492 nemo
798 1445 852 1491 te
904 1436 1172 1507 spoliarit,
1206 1448 1273 1489 ne
1337 1448 1566 1502 corpore
1625 1432 1841 1501 quidem
1881 1431 2178 1486 exstincto.

602 1524 874 1584 Virtutem
936 1538 1119 1583 autem
1181 1529 1269 1583 hic
1321 1542 1456 1582 voco
1493 1528 1600 1596 (ne
1655 1525 1805 1582 vocis
1844 1540 1938 1581 vos
1992 1524 2185 1581 fallere

605 1623 957 1693 ambiguitate
986 1619 1214 1691 videar)
1253 1636 1359 1675 non
1389 1620 1640 1676 bellicam
1696 1619 1869 1683 illam,
1911 1633 2007 1675 seu
2070 1617 2187 1674 for-

609 1715 918 1778 titudinem,
951 1729 1070 1784 quae
1099 1713 1363 1784 improbis
1417 1713 1572 1784 juxta
1605 1727 1671 1767 ac
1702 1711 1887 1783 probis
1932 1726 2184 1782 saepenu-

609 1820 762 1861 mero
788 1805 942 1860 adest
975 1824 989 1861 :
1026 1820 1201 1876 neque
1231 1805 1440 1875 accipio
1472 1819 1616 1869 eam,
1651 1820 1776 1875 qua:
1806 1804 1859 1859 in
1888 1802 2187 1875 Olympicis

610 1905 901 1953 exercetur
926 1896 1091 1963 ludis,
1115 1897 1427 1964 victoriam,
1466 1912 1588 1968 quae
1640 1912 1771 1953 casu
1825 1912 1968 1968 saepe
2013 1899 2189 1955 obtin-

612 1991 689 2063 git
723 2004 827 2046 :ac
858 2004 926 2045 ne
952 2005 1072 2045 eam
1107 1990 1323 2059 quidem
1364 1988 1609 2058 intelligo
1636 1989 1770 2055 vim,
1800 2005 1921 2059 qua:
1969 1993 2022 2045 in
2058 1992 2191 2048 elo-

613 2082 829 2153 quendo
864 2090 947 2137 est
1007 2083 1203 2152 posita.
1242 2079 1413 2137 Recte
1463 2082 1609 2136 enim
1660 2083 1737 2136 ait
1788 2081 2188 2153 Thucydides:

620 2195 640 2227 ι
678 2174 951 2243 lmperitia
1008 2174 1331 2230 modestiam
1384 2175 1610 2239 habens,
1668 2174 1855 2229 utilior
1902 2184 1986 2231 est
2028 2190 2190 2246 quam

617 2265 882 2320 industria
938 2280 1059 2321 cum
1094 2266 1313 2321 levitate
1365 2271 1678 2337 conjuncta.
1726 2285 1747 2320 ι
1799 2266 1913 2324 Nec
1969 2269 2190 2324 tandem

616 2355 818 2428 aliquid
852 2371 1039 2412 eorum
1067 2355 1264 2430 [virtus
1288 2356 1394 2430 est]
1425 2374 1546 2429 quze
1577 2359 1740 2415 simul
1789 2376 1911 2417 cum
1944 2361 2056 2416 vita
2089 2362 2192 2416 ista

618 2458 869 2520 pereunt,
906 2448 1004 2504 sed
1032 2462 1151 2503 eam
1183 2464 1347 2518 quam
1384 2451 1747 2520 temperantia
1786 2466 1850 2508 ac
1875 2452 2187 2522 prudentia,

613 2542 825 2613 justitia
857 2558 921 2597 ac
964 2541 1304 2609 fortitudine,
1334 2543 1627 2610 modestia,
1653 2544 2111 2616 philosophiaque
2143 2553 2199 2600 et

622 2632 823 2687 talibus
852 2633 1177 2688 instructam
1211 2641 1373 2704 atque
1419 2643 1668 2690 ornatam
1710 2636 1913 2692 videas.
1934 2635 2201 2705 Objicitur

620 2738 753 2780 vero
814 2725 1020 2781 multos
1071 2734 1271 2797 printer
1323 2731 1579 2784 meritum
1642 2728 1785 2784 belle
1860 2727 2202 2802 feliciterque

622 2829 807 2885 agere,
841 2830 905 2871 ac
935 2817 1052 2871 sine
1069 2816 1217 2871 omni
1250 2819 1453 2874 v-irtute
1491 2819 1778 2876 ditescere.
1802 2819 1919 2875 Non
1947 2821 2199 2891 equidem

624 2910 856 2976 inlicior,
883 2926 1071 2966 verum
1111 2927 1142 2966 a
1180 2913 1381 2969 vir-tute
1424 2930 1522 2970 cur
1580 2929 1681 2970 nos
1724 2916 1777 2970 id
1834 2924 2085 2971 avertere
2108 2916 2204 2971 de-

623 3001 773 3069 beat,
811 3017 917 3057 non
949 3002 1127 3058 video.
1160 3000 1218 3057 Si
1272 3003 1394 3074 quis
1440 3005 1586 3060 enim
1640 3005 1790 3061 clare
1845 3006 2202 3075 demonstret,

625 3090 746 3163 lege
771 3101 981 3148 natura:
1015 3094 1123 3150 duo
1152 3095 1265 3151 hac
1299 3095 1463 3151 simul
1494 3112 1616 3152 esse
1662 3112 1770 3153 non
1812 3112 1995 3168 posse,
2035 3102 2206 3156 virtu-

627 3194 759 3250 tem,
798 3185 1109 3254 inquam,et
1141 3188 1598 3257 divitias,rationi
1630 3199 1808 3245 tamen
1855 3208 2204 3265 nequaquam
2233 3222 2277 3287 ο

625 3275 709 3330 sic
736 3285 1169 3332 consentaneum
1194 3277 1359 3334 fuerit
1382 3279 1571 3334 virtuti
1591 3280 1812 3337 divitias
1833 3294 2201 3353 anteponere;

627 3369 673 3423 si
705 3369 798 3439 qui
842 3379 1024 3426 tamen
1063 3386 1211 3427 mera
1239 3372 1445 3427 incuria
1500 3372 1553 3428 id
1594 3388 1701 3429 non
1755 3375 2207 3441 consideraverit,

627 3461 786 3516 venia
820 3457 1055 3517 fortasse
1092 3463 1285 3532 dignus
1321 3463 1589 3519 videatur.

698 3549 834 3606 Cum
868 3566 999 3608 vero
1027 3552 1176 3623 ipsos
1216 3554 1439 3608 eosdem
1473 3553 1718 3625 reperias
1754 3564 1811 3611 et
1848 3555 2055 3611 virtute
2085 3555 2209 3612 ani-

632 3642 706 3696 mi
774 3644 1050 3712 praaditos,
1108 3652 1166 3699 et
1223 3643 1456 3700 fortuna:
1530 3647 1687 3703 bonis
1763 3648 2097 3718 splendidos,
2156 3649 2211 3704 in

632 3735 739 3789 hac
795 3734 907 3791 vita
957 3737 1089 3806 quid
1149 3735 1405 3792 virtutem
1478 3737 1667 3808 fugitis
1723 3756 1737 3793 :
1794 3741 1948 3809 quasi
1994 3741 2215 3799 divitias

632 3837 731 3894 per
761 3824 941 3879 omnia
974 3826 1339 3890 consecuturi,
1375 3829 1420 3882 si
1457 3827 1631 3897 ipsam
1660 3844 1769 3884 non
1816 3832 2216 3900 possideretis?

632 3912 750 3968 Non
783 3915 928 3970 enim
962 3916 1157 3984 privati
1188 3917 1389 3971 virtute
1442 3918 1663 3974 divitias
1713 3918 1921 3993 idcirco
1963 3924 2214 3994 acquire-

636 4006 726 4060 tis.
755 4005 893 4071 Quin
927 4017 979 4059 et
1026 4006 1213 4062 virtuti
1244 4009 1508 4065 accedunt
1553 4025 1937 4081 Saepenumero
1984 4015 2214 4085 divitiae,

633 4098 797 4170 613
816 4092 993 4152 divina
1014 4097 1359 4156 Providentia
1386 4102 1470 4158 bis
1494 4118 1591 4172 pro
1612 4106 1819 4161 meritis
1841 4107 2218 4177 distribuente,

634 4190 866 4245 aliorum
898 4191 1114 4247 interim
1147 4200 1446 4263 egestatem
1478 4196 1851 4253 misericordia
1880 4200 2216 4258 sublevante.

636 4282 773 4338 Cum
814 4285 957 4339 enim
990 4283 1133 4339 veris
1162 4285 1339 4348 bonis,
1367 4285 1702 4355 coelestibus,
1738 4290 1981 4360 inquam,
2009 4292 2221 4363 seipsos

639 4374 950 4443 spoliarint,
992 4383 1343 4444 temporanea
1389 4377 1494 4432 illis
1537 4375 1769 4449 largitur
1802 4381 1963 4448 bona,
2012 4384 2224 4456 hacque

641 4464 853 4519 ratione
893 4479 1109 4520 omnem
1164 4465 1270 4520 illis
1321 4470 1693 4525 excusationis
1745 4487 1999 4529 resecans
2046 4486 2221 4532 mate-

643 4556 803 4613 riam.
826 4554 1006 4612 Nolite
1038 4559 1383 4615 considerare
1423 4562 1684 4629 quosdam
1715 4563 1912 4619 virtute
1945 4580 2046 4640 qon
2068 4552 2220 4636 prae—

641 4647 787 4702 ditos
810 4647 1043 4702 feliciter
1065 4661 1244 4717 agere,
1275 4646 1368 4703 sed
1394 4649 1655 4717 quosdam
1678 4648 1840 4704 etiam
1870 4652 2065 4707 virtute
2086 4668 2224 4724 pra:-

644 4738 786 4794 ditos
831 4753 1087 4810 prospera
1135 4754 1263 4794 usos
1305 4739 1543 4794 fortuna.
1592 4739 1660 4794 Et
1708 4742 1753 4796 si
1807 4752 2059 4799 accurate
2103 4747 2225 4815 quis

645 4831 936 4901 exquirere
971 4833 1135 4897 volet,
1178 4832 1417 4897 tametsi,
1465 4832 1608 4902 quod
1652 4834 1851 4900 dicam,
1887 4835 2223 4906 inopinatum

646 4923 940 4987 videbitur,
982 4924 1269 4979 dicendum
1300 4933 1499 4979 tamen.
1527 4922 1793 4981 Omnibus
1829 4926 2045 4982 sarculis
2080 4943 2229 4998 repe-

651 5015 755 5070 riet
786 5017 1004 5085 probos,
1040 5033 1144 5072 non
1194 5027 1376 5073 autem
1410 5018 1687 5088 improbos
1725 5018 1778 5072 in
1825 5033 1951 5073 vera
1990 5022 2227 5092 viguisse

648 5106 928 5162 felicitate.
984 5107 1126 5163 Voeo
1164 5118 1344 5163 autem
1399 5109 1842 5180 prosperitatem,
1892 5110 2036 5179 quod
2091 5112 2228 5167 satis

649 5209 755 5266 est,
796 5198 1019 5254 habere.
1060 5198 1310 5254 Imminet
1342 5200 1484 5255 enim
1530 5201 1680 5255 luxui
1732 5200 1920 5272 ingens
1962 5201 2225 5257 bonorum

650 5287 884 5345 fortunre
925 5288 1101 5359 copia.
1135 5290 1232 5346 Cui
1272 5292 1348 5346 rei
1381 5292 1541 5348 ﬁdem
1595 5309 1699 5348 non
1744 5295 2010 5364 negabitis
2050 5304 2229 5351 mente

654 5391 899 5438 tenentes
931 5381 1186 5438 Isocratis
1223 5385 1458 5440 oratoris
1496 5385 1637 5440 hanc
1662 5386 2089 5441 admonitionem
2122 5401 2224 5440 non

2273 788 2526 859 ἀθανάτῳ
2573 787 2719 858 ψυχῇ
2769 785 3131 858 τρεφομένης,
3193 782 3254 834 οὐ
3300 779 3535 851 πέφυκεν
3572 778 3800 834 ἀπτεσθαι

2279 879 2573 950 μεταϐολή.
2651 879 2862 933 Οὐκοῦν
2955 880 3121 932 παντὶ
3175 873 3351 930 σθένει
3412 873 3664 943 προσήκει
3720 870 3801 941 τὴν

2276 970 2475 1041 ἀρετὴν
2526 971 2736 1035 ἀσκεῖν,
2791 969 2909 1023 ἀλλ’
2958 969 3058 1039 οὐχ
3106 964 3359 1038 ἡγεῖσθαι
3418 961 3588 1016 δοκεῖν
3623 962 3799 1014 ἀσκεῖν.

2289 1062 2451 1118 Ἀλλὰ
2517 1062 2641 1134 μηδ’
2696 1064 2775 1126 εἰς
2839 1059 3068 1115 πλοῦτον
3130 1055 3422 1128 κεχηνότες
3490 1049 3803 1119 καταμελεῖτε

2276 1154 2502 1226 ταύτης.
2539 1155 2695 1208 Ἐστι
2738 1153 2846 1225 γὰρ
2881 1154 3084 1215 ἐκεῖνος
3121 1147 3282 1220 τῆσδὲ
3327 1143 3709 1213 εὐτελέστερος·
3733 1139 3803 1192 τὸν

2283 1247 2383 1319 μὲν
2406 1248 2515 1318 γὰρ
2557 1245 2753 1318 ῥᾳδίως
2790 1244 2855 1299 ἄν
2883 1261 2969 1307 τις
3003 1241 3258 1312 ἀφέλοιτο
3278 1254 3292 1268 °
3325 1236 3482 1291 τοῦτο
3522 1235 3613 1306 μὲν
3642 1229 3799 1319 λαθὼν,

2281 1318 2436 1391 τοῦτο
2462 1336 2520 1389 δὲ
2552 1336 2739 1407 μεῖζον
2768 1333 2992 1405 ίσχύων.
3030 1330 3142 1400 Τῆς
3166 1329 3221 1382 δὲ
3268 1327 3372 1380 οὐκ
3424 1323 3488 1378 ἂν
3541 1318 3803 1387 ἀποστερή-

2286 1446 2451 1494 σειεν,
2503 1428 2626 1482 οὐδὲ
2667 1429 2714 1481 εί
2742 1427 2836 1481 τοῦ
2876 1425 3130 1495 σώματος
3168 1419 3482 1493 χωρίσειας-
3537 1408 3805 1483 ’Ᾱρετὴνδέ

2285 1534 2429 1593 φημι
2467 1521 2567 1593 (μὴ
2592 1520 2699 1590 γὰρ
2732 1520 2797 1589 δὴ
2828 1520 2861 1590 ἡ
2896 1515 3192 1586 ὁμωνυμία
3230 1513 3376 1584 ὑμᾶς
3429 1503 3727 1578 σφαλλέτω),
3759 1500 3807 1553 ού

2284 1614 2383 1685 τὴν
2413 1616 2471 1667 ὲν
2510 1612 2768 1683 πολέμοις
2803 1609 3045 1680 ἀνδρίαν,
3074 1601 3141 1678 ἦς
3169 1603 3433 1665 πολλάκις
3465 1598 3524 1651 τδ
3563 1594 3811 1685 πλέοντοῖς

2288 1681 2565 1775 πονηροῖς,
2602 1681 2771 1774 ἢήτοῖς
2804 1698 3028 1770 ἀγαθοῖς
3061 1696 3339 1768 μέτεστινδ
3378 1689 3498 1775 οὐδὲ
3528 1686 3619 1775 τὴν
3657 1681 3817 1750 Ὀλυμ-

2292 1772 2447 1848 πιάάέ
2495 1772 2673 1864 νίκην,
2727 1791 2761 1862 ἢ
2813 1791 2908 1845 καὶ
2949 1789 3062 1852 τοῖς
3114 1772 3464 1855 ἐπιτυχοῦσιν
3534 1774 3817 1864 ἐφίπταται·

2293 1886 2407 1939 ἀλλ’
2457 1883 2578 1937 οὐδὲ
2607 1857 2838 1953 ’τὴν-ὲν
2884 1881 2999 1943 τοῖς
3048 1876 3228 1946 λόγοις
3280 1870 3595 1940 δεινότητα·
3633 1857 3686 1915 εὖ
3736 1858 3825 1953 γᾴρ

2295 1978 2464 2049 ἔφησε
2522 1951 2873 2044 Θουκνδῐδηςο
2915 1989 2935 2025 ι
2979 1972 3103 2023 ’Ότι
3150 1964 3365 2038 ἀμαθία
3422 1959 3558 2035 μετὰ
3583 1951 3829 2049 σωφροσύ·

2437 2065 2894 2138 ὠφελιμώτερον,
2936 2063 2971 2133 ἢ
3008 2059 3256 2128 δεξιότης
3316 2053 3457 2128 μετά
3501 2047 3824 2141 ἀκολασίας.»

2296 2137 2420 2217 Οὐδ’
2447 2160 2575 2214 ἄλλο
2601 2137 2754 2213 οὐδὲν
2779 2156 2887 2210 τῶν
2942 2154 3025 2226 τῷ
3069 2153 3305 2222 παρόντι
3342 2137 3830 2217 συγκαταλυομένων

2300 2254 2437 2325 βίῳ·
2499 2251 2636 2306 ἀλλά
2687 2251 2787 2322 τὴν
2839 2248 2927 2302 διὰ
2993 2246 3353 2318 σωφροσύνης
3405 2237 3498 2291 καὶ
3537 2231 3830 2325 φρονήσεωςς

2296 2318 2645 2415 διιιαιοσύνης
2694 2318 2756 2395 τε
2830 2339 2926 2394 καὶ
2984 2337 3231 2407 ἀνδρίας,
3295 2327 3622 2424 πραδτητόςῌ
3659 2338 3713 2374 τε
3760 2318 3835 2424 καὶ

2298 2434 2619 2498 ἐπιεικείας,
2662 2431 2979 2502 φιλοσοφίας
3003 2446 3064 2483 τε
3093 2428 3188 2483 καὶ
3213 2425 3326 2481 τῶν
3359 2422 3534 2479 ἄλλων
3560 2416 3660 2472 τῶν
3690 2416 3834 2502 motit-

2298 2544 2407 2582 των
2457 2500 2938 2598 συγκροτουμένην
2986 2521 3080 2576 καὶ
3133 2512 3657 2590 συμπληρουμένην.
3711 2500 3837 2598 ᾏλλέι

2301 2621 2507 2687 πολλοὶ,
2544 2596 2699 2689 φασὶ,
2733 2616 2885 2689 παρά
2916 2615 3014 2687 τὴν
3033 2612 3192 2680 ἀξίαν
3226 2605 3585 2683 εὐημεροῦσι,
3614 2600 3702 2697 διαὶ
3739 2596 3839 2697 ἀξεο

2300 2717 2400 2786 τῆς
2427 2715 2598 2786 χωρὶς
2632 2709 2977 2765 πλουτοῦσιν.
3023 2703 3313 2777 Ὁμολογῶ
3361 2701 3459 2771 μὲν
3511 2693 3688 2788 κάγὼι·
3717 2693 3838 2788 τοῦτο

2303 2804 2361 2859 δὲ
2381 2806 2496 2868 πῶς
2508 2802 2574 2857 ἂν
2592 2801 2818 2864 είκὸτως
2841 2797 3172 2869 ἀποτρέψειε
3188 2793 3294 2864 τῆς
3322 2788 3548 2863 ἀρετῆς,
3566 2786 3621 2840 οὐ
3648 2786 3839 2849 συνορῶ.

2305 2898 2370 2952 Εί
2403 2898 2497 2968 μὲν
2526 2894 2635 2966 γὰρ
2656 2890 2772 2964 εἶχέ
2810 2909 2896 2956 τις
2926 2888 3114 2959 σαφῶς
3149 2883 3462 2949 ἀποδεῖξαι,
3496 2880 3644 2950 νόμῳ
3668 2872 3842 2968 φύσεως

2305 2965 2661 3057 κεκωλυμένα
2685 2982 2860 3038 ταῦτα
2889 2980 3175 3052 ἀμφότερα
3206 2975 3518 3037 συνελθεῖν,
3566 2965 3845 3057 ἀρετήνῄτε,

2309 3081 2488 3152 φημὶ,
2517 3051 2612 3132 ίιαῖ
2637 3074 2963 3147 εὐημερίαν,
3000 3070 3235 3144 μάλιστα
3275 3068 3378 3139 μὲν
3407 3065 3516 3120 οὐδ’
3537 3061 3696 3120 οὕτως
3729 3051 3849 3152 εὐλοξ

2308 3145 2406 3241 ᾖον
2454 3166 2521 3240 ἦν
2571 3169 2665 3221 τὸν
2723 3145 2952 3220 πλοῦτον
2989 3162 3094 3235 πρὸ
3120 3162 3220 3232 τῆς
3280 3160 3490 3233 ἀρετῆς
3541 3152 3760 3246 ἑλέσθαι,
3802 3145 3855 3214 τῇ

2312 3259 2556 3335 ῥᾳθυμίᾳ
2578 3260 2624 3314 δ’
2645 3257 2710 3313 ἀν
2751 3257 2885 3318 ἴσως
2909 3254 3070 3309 τοῦτο
3104 3252 3470 3325 σκηπτομένῃ
3502 3246 3714 3317 παρεῖχε
3748 3252 3856 3303 συγ-

2310 3353 2556 3425 γνώμην.

2398 3537 2617 3608 Ἐπειδὴ
2636 3536 2694 3591 δὲ
2725 3534 2852 3598 τοὺς
2877 3530 3075 3594 αὐτοὺς
3104 3528 3257 3600 εὕροι
3284 3543 3373 3591 τις
3402 3525 3470 3580 ἂν
3505 3520 3600 3577 καὶ
3631 3518 3719 3590 τὴν
3739 3511 3858 3608 γνώο

2318 3650 2426 3706 μην
2451 3606 2728 3704 ἀρίστους,
2756 3626 2852 3681 καὶ
2879 3621 3172 3695 λαμπροὺς
3201 3619 3299 3674 καὶ
3330 3619 3425 3673 τὸν
3471 3613 3723 3710 παρόνταΔ
3750 3606 3859 3710 βίον,

2313 3703 2391 3780 iet
2415 3703 2647 3796 φεύγετε
2707 3719 2805 3793 τὴν
2855 3717 3055 3789 ἀρετὴν
3112 3713 3190 3779 ὡς
3246 3713 3475 3777 πάντως
3525 3709 3614 3763 τὸν
3674 3703 3863 3796 πλοῦτρν

2315 3793 2549 3888 ἕξοντες,
2580 3816 2628 3869 εί
2652 3816 2727 3886 μὴ
2756 3811 2962 3880 ταύτην
2989 3808 3305 3880 κτήσησθε;
3350 3807 3427 3860 Οὐ
3464 3802 3574 3875 γὰρ
3604 3801 3659 3853 ἐν
3683 3794 3751 3867 τῷ
3785 3793 3861 3859 τῆς

2318 3911 2519 3983 ἀρετῆς
2548 3904 2877 3978 ἐστερῆσθαι
2898 3903 2960 3956 τὸ
3000 3899 3306 3971 κεκτῆσθαι
3340 3898 3435 3952 τὸν
3477 3892 3699 3950 πλοῦτόν
3728 3890 3859 3985 ἐστιν.

2330 4002 2494 4058 Ἀλλά
2545 4001 2638 4055 καὶ
2702 3998 2869 4069 ἀρετῇ
2922 3994 3267 4069 προσγένοιτ’
3322 3990 3392 4046 ἂν
3447 3986 3724 4047 πολλάκις,
3754 3989 3856 4069 -της

2321 4093 2473 4158 θείας
2527 4067 2783 4163 προνοίας
2838 4067 3098 4155 τοῖςγμὲν
3150 4083 3211 4136 τὸ
3241 4081 3383 4153 πρὸς
3416 4079 3576 4145 ἀξίαν
3616 4067 3860 4163 νεμούσης,

2321 4188 2430 4243 τῶν
2454 4154 2516 4239 δὲ
2543 4154 2641 4255 την
2666 4176 3046 4251 ταλαιπωρίαν
3082 4172 3490 4245 οἰκτειρούσης.
3550 4161 3754 4260 Ἐπειδὴ
3777 4154 3855 4260 τάξρ

2321 4277 2431 4332 τῶν
2466 4275 2636 4337 ὅντως
2683 4268 2930 4341 ἀγαθῶν,
2982 4265 3092 4321 τῶν
3136 4265 3412 4338 οὐρανίων
3458 4260 3634 4332 φημὶ,
3683 4257 3859 4341 ἑαυτοὺς

2324 4368 2649 4442 ἐστέρησαν,
2700 4337 2769 4418 τά
2811 4361 3128 4435 πρόσκαιρα
3189 4337 3379 4422 αὐτοῖς
3446 4353 3754 4442 χαρίζεται,
3792 4337 3862 4442 att-t1

2325 4432 2521 4536 ταύτῃ·
2559 4432 2871 4513 ἐκκόπτων
2910 4454 3094 4508 αὐτῶν
3159 4451 3261 4522 τὴν
3322 4448 3651 4518 ἀπολογίαν.
3697 4432 3866 4536 Σκοτξῆς

2252 4585 2297 4642 D
2329 4520 2576 4624 σετεξξὸἓ)
2601 4549 2665 4621 δὴ
2712 4546 2891 4611 τοῦτο,
2923 4547 3006 4600 ὃτι
3043 4520 3245 4642 ἀρετῇς
3275 4541 3553 4642 ἀπούσης.

2323 4622 2486 4712 τινες,
2519 4644 2656 4699 ἀλλά
2687 4657 2833 4705 τινες
2890 4639 2956 4696 ἄν
3005 4654 3136 4692 ποτε
3176 4632 3319 4709 ἦσαν
3372 4636 3432 4689 ὲν
3484 4632 3564 4703 τῷ
3591 4622 3863 4712 εὐημερεῖν,

2320 4741 2421 4811 τῆς
2446 4705 2653 4810 έρετῆς
2681 4730 3011 4804 προσούσης.
3044 4729 3155 4783 Καὶ
3347 4726 3402 4779 εῐ
3444 4741 3532 4786 τις
3572 4705 3864 4811 ἐθέλοιμετξ

2328 4794 2856 4905 ἀπριὸιείαςνζητεῖν
2888 4794 2959 4897 (εί
3007 4822 3117 4894 γὰρ
3167 4794 3273 4875 καὶ-
3321 4794 3863 4913 παράδοξον-δόξει

2323 4890 2748 4996 λεέθησόμενονπ,
2774 4890 3442 4987 ἀλλ’δμωςλελέξεται),
3475 4912 3538 4963 ἐκ
3576 4905 3678 4998 τοῦγ
3716 4890 3862 4998 πανῇ

2335 5015 2530 5079 αἰῶνος
2563 5015 2701 5084 μετά
2733 5012 2841 5065 τῶν
2864 5007 3272 5082 εὐφρανούντων
3293 5047 3308 5071 ,
3340 5005 3376 5077 ἦ
3412 5003 3526 5058 τῶν
3563 4982 3868 5090 φαύλων

2335 5108 2486 5180 εὖροι
2517 5107 2616 5178 τὴν
2651 5105 2828 5175 ἀληθῆ
2853 5101 3153 5172 εὐημερίαν
3175 5098 3561 5168 γεγενημένην
3584 5111 3597 5124 ·
3622 5086 3870 5180 εὑημερίῆν

2336 5167 2513 5270 ἔγῖυγε
2541 5167 2794 5270 δθίξομέιι
2941 5167 3313 5265 αὐτάρκειαν·
3350 5167 3641 5259 ὀλισθηρὸν
3689 5178 3783 5248 γὰρ

2335 5256 2708 5359 auuol-asto.qu
2754 5256 3159 5358 tﬁg'xop'qviu;
3210 5256 3784 5351 ἑτοιμότηςίΠάντως

2337 5385 2493 5455 ὑμεῖς
2522 5384 2625 5437 οὐκ
2653 5381 3009 5451 ἀπιστήσετε,
3036 5376 3256 5432 ἔναυλον
3286 5374 3511 5446 ἔχοντες
3538 5370 3632 5441 τὴν
3682 5350 3884 5425 Ἰσοκρά-

1747 5541 1983 5596 νΑιιιίΕ
2025 5539 2412 5596 LECTtONES
2442 5537 2530 5593 ET
2570 5534 2804 5593 NOTIE.

723 5678 834 5819 (3:3
866 5679 971 5735 Pro
1022 5679 1326 5802 ῗκοπήσετε
1370 5679 1529 5735 ambo
1579 5680 1738 5735 iidem
1788 5682 1946 5737 codd.
1986 5681 2234 5737 scribunt

723 5766 753 5801 ο
837 5767 987 5803 σατε.
1047 5765 1100 5805 ι).
1480 5802 1483 5807 ,

656 5749 987 5805 σκοπήσατε.
1026 5749 1100 5805 ID.

728 5802 841 5888 (33')
881 5802 942 5873 in
975 5802 1162 5876 Graeco
1197 5829 1290 5876 aut
1331 5802 1483 5877 deest
1530 5820 1753 5890 μᾶλλον.
1795 5820 1876 5877 vel
1927 5821 2106 5892 p0tius
2163 5822 2234 5878 Iov

2344 5676 2573 5748 gendum
2608 5677 2670 5729 οὐ
2700 5671 3081 5751 τῶν-φαύλων.
3111 5669 3224 5751 Hoc
3266 5668 3643 5751 erni_m.pr‘obat

2340 5716 2582 5800 ἶᾷἒὶὃῖἱὶὲ
2610 5716 3224 5815 Tt:th'ttii,"€'c'£sf'§
3254 5716 3829 5815 g."_;-s‘"+{'a‘eowepta
3858 5716 3884 5784 ἡ

2345 5816 2552 5888 ἀληθὴς
2577 5819 2689 5880 τοῖς
2707 5810 3031 5877 ’σπουδαίοις
3061 5810 3365 5867 ἀκολουθεῖ.
