4070 6400
310 293 446 360 1441

1096 301 1633 365 EPISTOLARUM
1671 304 1818 366 LIB.
1859 306 1926 366 V.
1964 250 2295 372 -‘EPlST.
2333 313 2685 379 CLXXXVI.

3421 325 3557 391 1442

302 428 436 475 τους
473 408 818 482 παραίνεσιν,
843 414 943 484 οὐχ
977 414 1163 480 ἁπλῶς
1188 415 1506 487 εἰρημένην,
1532 417 1654 471 οὐδὲ
1684 416 1883 489 ῥᾳδίως

1985 420 2306 490 simpliciter
2353 426 2640 494 prolatam,
2694 441 2868 497 neque
2906 429 2973 484 ad
3027 430 3376 492 refellendum
3430 440 3570 496 fact-

305 503 704 574 ἐλεγχομένην,
741 503 877 558 ἀλλὰ
909 508 973 577 τῇ
1010 506 1237 578 ἀληθείᾳ
1282 506 1673 579 ὠχυρωμένην.
1708 507 1879 561 Πλοῦ-

302 610 395 656 τος
448 593 530 671 se
555 594 753 659 κακίας
812 596 1014 667 μᾶλλον
1057 596 1090 668 ἢ
1135 596 1536 667 καλοκαγαθίας
1602 598 1882 670 ὑπηρέτης

301 683 488 738 ἐστίν’
547 684 796 749 ἐξουσίαν
848 686 949 755 μὲν
998 689 1065 758 τῇ
1126 687 1369 759 ῥᾳθυμίᾳ
1418 689 1878 758 παρασκευάζων,

300 773 399 828 hri.
440 774 500 828 δὲ
528 775 629 839 τὰς
670 776 863 848 ἡδονὰς
906 778 1033 842 τοὺς
1083 778 1237 841 νέους
1283 778 1637 847 παρακαλῶν·
1667 797 1685 831 ι
1725 777 1788 831 Εἰ
1823 779 1883 831 δὲ

298 869 418 930 τοῖς
440 867 658 931 πολλοῖς
676 869 989 923 τούναντίον
1017 869 1185 935 δοκεῖ,
1222 868 1310 923 διὰ
1354 868 1416 923 τὸ
1464 872 1565 941 τὴν
1617 870 1879 925 δοκοῦσαν

301 956 399 1009 καὶ
429 956 490 1009 οὐ
518 956 616 1027 τὴν
654 952 820 1011 οὖσαν
873 959 1180 1027 εὐπραγίαν
1233 958 1718 1029 περιεργάζεσθαι,
1750 959 1878 1014 θαυ-

302 1045 512 1115 μαστὸν
546 1046 720 1099 οὐδέν.
757 1045 825 1099 Οἵ
846 1064 909 1100 τε
941 1048 1050 1118 γὰρ
1078 1046 1230 1116 παρά
1253 1047 1352 1118 τὴν
1387 1047 1549 1112 ἀξίαν
1583 1048 1878 1103 πλουτοῦνο

297 1152 415 1199 τες,
471 1135 622 1207 αὐτῷ
674 1137 848 1208 τούτῳ
904 1137 982 1209 τῷ
1049 1139 1181 1209 παρ’
1244 1137 1403 1203 ἀξίαν
1469 1139 1876 1212 γνωριμώτεροι

306 1225 706 1281 καθίστανται·
740 1229 789 1280 οἰ
821 1227 878 1281 δὲ
907 1228 1133 1302 εἰκότως
1159 1230 1581 1301 εὐημεροῦντες,
1620 1231 1767 1303 αὐτῷ
1800 1232 1876 1302 τῷ

298 1319 529 1383 εἰκότως
552 1319 847 1391 εὐημερεῖν
884 1321 945 1374 οὐ
976 1323 1283 1393 παρέχουσι
1312 1340 1419 1375 τινι
1449 1321 1770 1392 θαυμάζειν.
1802 1324 1877 1377 Τὸ

297 1410 411 1480 γὰρ
442 1409 766 1481 παράδοξον,
799 1411 966 1465 πλείω
992 1415 1139 1466 ποιεῖ
1166 1413 1258 1467 τὸν
1301 1414 1441 1484 ὑπὲρ
1469 1413 1666 1468 ἑαυτοῦ
1694 1413 1872 1482 λόγον.

297 1498 402 1551 Διά
453 1497 597 1554 τοῦτ’
634 1499 765 1563 ἴσως
811 1499 1066 1565 ἐλάττους
1097 1502 1248 1566 ὄντες
1285 1504 1334 1555 οἰ
1382 1503 1532 1573 παρά
1577 1502 1676 1575 τὴν
1719 1502 1875 1570 ἀξίαν

296 1593 674 1666 εὐφερόμενοι,
711 1596 813 1667 τὴν
835 1595 929 1650 τοῦ
960 1597 1204 1662 πλείονος
1249 1593 1389 1653 εἶναι
1421 1598 1581 1667 δόξαν
1627 1598 1876 1671 ἀπηνέγ-

296 1703 486 1741 καντο.
541 1687 735 1756 Θῶμεν
788 1687 967 1741 τοίνυν
1034 1688 1162 1760 (χρὴ
1199 1689 1307 1761 γὰρ
1357 1690 1451 1743 καὶ
1491 1688 1600 1742 ἀπὸ
1652 1688 1877 1759 συγκρί-

297 1795 439 1843 σεως
485 1778 548 1832 τὸ
591 1778 710 1833 δέον
764 1777 1079 1850 σκοπῆσαι)
1126 1779 1274 1845 ίσους
1324 1781 1523 1845 αὐτοὺς
1547 1775 1686 1835 εἶναι
1713 1796 1728 1811 ’
1781 1781 1877 1834 καὶ

295 1869 649 1941 σκεψώμεθα,
674 1872 904 1942 πότερον
929 1872 1151 1941 ἄμεινον
1184 1874 1299 1942 μετ’
1341 1873 1542 1945 ἀρετῆς
1568 1873 1597 1924 ὁ
1621 1871 1871 1937 πλοῦτος,

293 1960 332 2030 ἦ
363 1961 486 2015 καθ’
516 1961 728 2016 ἑαυτόν.
785 1962 895 2016 Καὶ
940 1963 1047 2033 μὴν
1086 1964 1115 2016 ό
1147 1963 1245 2033 μὲν
1276 1962 1376 2032 τῆς
1414 1963 1717 2035 εὐημερίας
1749 1964 1873 2017 ὲπι-

294 2052 612 2125 λειπούσης,
672 2052 751 2123 τῷ
784 2053 1023 2124 κτήματι
1060 2054 1159 2123 τῆς
1200 2053 1405 2125 ἀρετῆς
1448 2052 1562 2125 ἔχει
1603 2054 1830 2125 θαρρεῖν
1855 2071 1869 2084 ·

292 2143 389 2195 τὸν
442 2143 500 2197 δὲ
563 2143 853 2215 οἰχομένης
901 2144 1000 2214 τῆς
1052 2144 1355 2217 εὐπραγίας
1411 2144 1607 2215 ἄτιμον
1654 2145 1869 2215 ἀνάγκη

291 2233 534 2290 κεῖσθαι.
572 2233 933 2305 ’Υποθώμεθα
956 2234 1014 2289 δὲ
1042 2235 1224 2288 πᾶσαν
1257 2233 1529 2306 ῥᾳθυμίας
1550 2234 1668 2288 ὁδὸν
1707 2234 1867 2288 ἐκκό-

291 2340 542 2388 πτοντες,
580 2324 673 2378 καί
702 2323 1034 2397 κεχωρίσθαι
1068 2323 1243 2379 ταῦτα
1278 2327 1345 2397 τῇ
1379 2322 1560 2394 φύσει,
1612 2325 1708 2378 καὶ
1752 2327 1871 2389 τοῖς

292 2417 399 2488 μὲν
428 2417 526 2489 τὴν
550 2416 770 2489 ἀρετὴν,
803 2420 917 2481 τοῖς
951 2418 1009 2472 δὲ
1048 2417 1142 2471 τὸν
1175 2416 1403 2470 πλοῦτον
1449 2416 1871 2488 μεμερισμένως

290 2508 694 2580 περιγίνεσθαι,
744 2508 838 2562 καὶ
889 2508 963 2579 μὴ
991 2509 1354 2580 μεταπίπτειν
1396 2508 1496 2578 τὴν
1543 2507 1866 2579 εὐημερίαν,

289 2599 488 2669 ῶσπερ
518 2598 618 2670 τὴν
652 2599 910 2669 Κροίσου.
946 2598 1041 2661 Τίς
1069 2593 1161 2651 οὖν
1202 2601 1303 2653 οὐκ
1345 2599 1411 2652 ἂν
1446 2598 1620 2669 είλετο
1666 2598 1868 2668 μᾶλλον

288 2689 475 2744 Σόλων
504 2685 645 2743 εἶναι
676 2689 710 2760 ἢ
744 2692 978 2760 Κροῖσος
996 2706 1012 2763 _;
1047 2691 1142 2754 Τίς
1173 2690 1229 2743 δὲ
1259 2690 1381 2761 οὐχὶ
1412 2690 1657 2755 Πλάτων,
1685 2690 1719 2761 ἢ
1751 2692 1869 2743 Διο-

290 2782 520 2846 νύσιος;
569 2779 655 2845 τίς
701 2781 758 2834 δὲ
786 2782 846 2834 οὐ
884 2782 1181 2852 Σωκράτης
1208 2781 1429 2851 μᾶλλον,
1462 2781 1496 2853 ἢ
1542 2781 1867 2853 Ἀρχέλαος;

290 2873 392 2928 καὶ
429 2873 483 2926 τί
504 2871 586 2927 δεί
612 2872 837 2939 πολλοὺς
867 2872 1189 2943 φιλοσόφους
1219 2873 1563 2943 καταλέγειν,
1614 2874 1708 2929 ita).
1741 2889 1871 2942 συγ-

290 2965 504 3035 κρίνειν
530 2967 831 3035 τυράννοις,
864 2958 939 3021 ὦν
973 2967 1069 3022 καί⁹
1113 2967 1148 3037 ἡ
1204 2968 1393 3039 μνήμη
1424 2966 1492 3021 ἂν
1532 2966 1788 3038 ἐσϐέσθη,
1819 2967 1869 3018 εἰ

293 3056 378 3129 μὴ
413 3057 501 3111 διὰ
520 3056 619 3129 τὴν
651 3058 875 3113 ἐκείνων
923 3058 1127 3130 ἀρετήν
1161 3075 1220 3111 τε
1253 3058 1348 3112 καὶ
1382 3059 1612 3148 σοφίαν;
1664 3058 1744 3113 διὸ
1773 3058 1870 3111 καὶ
1897 3087 1943 3148 C

288 3148 518 3213 τούτους
546 3148 764 3221 παρεὶς,
793 3148 887 3203 ἐπὶ
921 3149 1012 3202 τὸν
1038 3141 1498 3221 συμϐουλευτικὸν
1538 3150 1739 3222 τρόπον
1777 3151 1870 3203 τὸν

288 3240 455 3308 λόγον
487 3238 775 3310 τρέψαιμι.
800 3238 861 3292 Εἰ
886 3238 1067 3293 τοίνυν
1096 3239 1270 3312 ἀρετὴ
1312 3239 1411 3310 μὲν
1439 3240 1702 3312 κρείττων
1731 3258 1869 3311 χρη-

292 3333 507 3404 μάτων.
534 3334 567 3402 ή
611 3332 669 3386 δὲ
721 3331 994 3403 εὐημερία
1040 3332 1074 3401 ἡ
1115 3330 1322 3401 ἀληθὴς
1366 3333 1480 3395 τοῖς
1549 3331 1866 3399 σπουδαίοις

287 3422 599 3485 ἀκολουθεῖ,
646 3423 799 3493 κανή
840 3421 1072 3476 δοκοῦσα
1104 3422 1163 3475 δὲ
1207 3411 1393 3484 αὐτοῖς
1418 3421 1649 3475 ἕπεται·
1690 3423 1740 3476 εἰ
1774 3424 1871 3477 καὶ

285 3513 382 3567 διὰ
406 3512 469 3565 τὸ
489 3511 714 3574 εἰκότως
751 3511 1059 3581 εὐδοκιμεῖν
1096 3510 1159 3564 οὐ
1206 3510 1504 3581 παρέχουσι
1543 3510 1866 3580 θαυμάζειν,

285 3605 403 3658 τῶν
433 3603 652 3672 φαύλων
684 3602 775 3656 διά
801 3603 863 3656 τὸ
888 3604 1018 3673 παρ’
1054 3601 1211 3667 ἀξίαν
1236 3602 1485 3655 πλουτεῖν
1518 3604 1871 3674 γνωριμωτέ-

289 3712 406 3768 ρων
447 3694 842 3759 καθεστώτων,
894 3694 992 3747 καί
1038 3693 1300 3747 πλειόνων
1342 3693 1662 3748 δοκούντων.
1715 3695 1777 3747 Εἰ
1811 3695 1868 3749 δὲ

285 3785 390 3840 καὶ
416 3786 523 3839 ῐσοι
556 3782 666 3839 εἷεν
686 3784 764 3856 τῷ
813 3783 1055 3855 ἀριθμῷ,
1103 3783 1361 3854 ἀμείνους
1405 3784 1455 3837 οἰ
1507 3783 1624 3854 μετ’
1667 3784 1869 3855 ἀρετῆς

284 3877 713 3949 εὐημεροῦντες.
738 3879 802 3931 Εἰ
830 3878 887 3931 δὲ
919 3878 1014 3931 καὶ
1051 3875 1355 3948 κεχώριστο
1381 3875 1555 3931 ταῦτα
1586 3879 1653 3949 τῇ
1684 3877 1867 3946 φύσει,

283 3970 393 4040 τὴν
451 3968 652 4040 ἀρετὴν
701 3968 809 4041 πρὸ
856 3969 957 4039 τῆς
1005 3969 1306 4040 εὐημερίας
1354 3968 1634 4039 αἱρετέον·
1670 3968 1724 4022 τί
1772 3987 1871 4023 καο

281 4059 757 4131 ταῤῥᾳθυμοῦμεν
800 4059 892 4113 τὸν
944 4059 1046 4130 τῆς
1092 4061 1295 4132 ἀρετῆς
1354 4060 1696 4131 προδιδόντες
1751 4062 1871 4117 στέ-

286 4168 495 4223 φανον;
522 4151 740 4207 Τούτων
778 4152 876 4222 μὲν
908 4146 1006 4205 οὐν
1031 4152 1124 4205 καὶ
1146 4151 1322 4206 ἄλλων
1351 4152 1564 4206 πολλῶν
1589 4153 1792 4221 ἕνεκεν,
1825 4148 1871 4207 ῶ

287 4244 488 4305 παῖδες
520 4245 585 4298 ἐκ
606 4244 733 4308 νέας
761 4244 980 4314 ἡλικίας
1014 4243 1122 4315 χρή
1152 4244 1253 4314 τὴν
1279 4244 1482 4316 ἀρετὴν
1512 4245 1733 4299 ἀσκεῖν
1769 4247 1870 4317 οὐχ

286 4335 499 4405 ἥκιστα
522 4333 600 4398 δὲ,
645 4333 780 4388 ἀλλά
826 4334 923 4387 καὶ
964 4332 1201 4403 μάλιστα
1241 4330 1337 4386 τοῦ
1389 4333 1762 4404 ῥηθησομένου
1787 4351 1800 4365 ·
1842 4337 1870 4388 ό

1984 508 2112 574 lem,
2161 512 2256 565 sed
2301 512 2525 567 veritate
2572 514 2832 569 munitam
2864 533 2879 573 :
2915 534 2935 568 ι
2963 514 3196 587 Divitiae,
3233 522 3429 594 inquit,
3472 528 3559 583 νίς

1970 596 2185 657 ,ιὶοι-ιιω
2217 601 2399 670 potius
2421 616 2584 673 quam
2621 604 2837 661 virtutis
2871 607 3283 681 honestatisque
3313 624 3436 670 sunt
3464 620 3560 674 ad-

1984 692 2267 750 ministrat.
2317 695 2396 749 Ad
2440 698 2743 751 socordiam
2789 701 2933 756 enim
2980 702 3122 758 viam
3152 714 3428 774 sternunt,
3463 708 3557 777 ju-

1983 796 2257 853 venesque
2289 787 2354 839 ad
2384 786 2712 855 voluptatem
2748 790 3000 847 invitant.
3032 812 3051 845 ι
3089 796 3241 863 Quod
3283 800 3329 853 si
3367 800 3559 868 pleris~

1982 889 2089 943 que
2118 886 2306 931 contra
2345 877 2613 944 videatur,
2648 881 2737 950 qui
2776 883 2846 938 ob
2889 900 2992 939 non
3024 900 3150 941 vere
3178 890 3556 958 exsistentem,

1981 966 2077 1020 sed
2117 978 2465 1036 apparentem
2514 972 2923 1040 prosperitatem
2965 975 3280 1044 elaborent,
3331 981 3556 1038 minime

1982 1055 2309 1111 mirandum.
2360 1057 2463 1123 Qui
2513 1073 2644 1114 vero
2698 1059 2969 1115 immerito
3023 1062 3220 1129 dilati,
3273 1066 3376 1120 hoc
3436 1068 3557 1136 ipso

1982 1147 2126 1216 quod
2151 1148 2260 1203 sint
2285 1148 2480 1204 divites
2507 1159 2705 1219 praeter
2739 1152 2995 1206 meritum
3018 1154 3359 1211 admirationi
3392 1168 3552 1223 sunt;

1980 1243 2035 1289 at
2063 1237 2152 1305 qui
2172 1234 2618 1315 justeosecundos
2644 1239 2846 1292 habent
2866 1254 3172 1308 successus,
3197 1244 3339 1312 quod
3361 1247 3555 1301 merito

1978 1325 2215 1382 feliciter
2240 1339 2425 1397 agant,
2461 1344 2619 1385 nemo
2646 1331 2947 1386 admiratur
2975 1350 2988 1385 :
3015 1334 3157 1403 quod
3198 1336 3341 1397 enim
3376 1338 3556 1408 inopi-

1979 1428 2166 1475 natum
2198 1428 2300 1486 est,
2331 1420 2399 1474 de
2427 1436 2494 1476 eo
2534 1421 2764 1491 amplius
2793 1421 2906 1478 fere
2933 1424 3227 1495 loquimur.
3264 1426 3553 1498 Propterea

1977 1508 2209 1566 fortasse
2249 1522 2439 1581 putant
2483 1511 2574 1567 isti
2622 1513 2893 1579 homines,
2931 1517 3024 1586 qui
3072 1527 3270 1584 praeter
3302 1521 3554 1577 meritum

1976 1612 2236 1668 prospera
2275 1598 2611 1653 extolluntur
2641 1599 2880 1669 fortuna,
2912 1604 3055 1672 quod
3093 1603 3351 1672 majorem
3388 1622 3556 1676 quant

1979 1690 2131 1760 probi
2179 1688 2279 1743 viri
2323 1688 2552 1760 gloriam
2600 1692 2855 1760 consequi
2899 1693 3168 1750 videntur.
3204 1694 3403 1752 Demus
3448 1700 3556 1752 ita-

1908 1760 1951 1816 Β
1981 1792 2087 1849 que
2118 1778 2290 1850 (paria
2320 1779 2467 1834 enim
2497 1782 2862 1849 comparando
2899 1793 3026 1836 sunt
3053 1785 3366 1855 spectanda)
3395 1800 3557 1855 pares

1982 1869 2211 1925 invicem
2266 1885 2408 1938 esse,
2457 1879 2512 1925 et
2561 1879 2739 1924 utrum
2794 1880 3070 1941 praestent,
3123 1876 3552 1942 consideremus,

1979 1976 2103 2016 cum
2139 1961 2338 2016 virtute
2361 1945 2584 2028 divitiae,
2609 1977 2675 2016 an
2704 1976 2799 2030 per
2821 1977 2903 2017 se.
2928 1963 3019 2017 Ille
3046 1964 3311 2031 siquidem
3334 1965 3551 2022 fortuna

1975 2061 2029 2105 et
2059 2053 2402 2120 possessione
2431 2052 2718 2108 deficiente
2750 2054 2930 2121 habet,
2963 2055 3050 2109 cui
3082 2057 3232 2120 ﬁdat,
3257 2058 3549 2124 virtutem;
3666 2064 3671 2069 ‘

1976 2144 2064 2203 hic
2080 2159 2209 2199 vero
2235 2143 2516 2201 deficiente
2537 2160 2791 2216 prospero
2813 2160 3067 2201 successu
3092 2147 3353 2217 inglorius
3379 2149 3550 2213 vivat,

1976 2250 2195 2291 necesse
2230 2244 2332 2291 est.
2365 2234 2639 2291 Ponamus
2666 2237 2887 2306 itaque;
2924 2236 3185 2306 praeclusa
3214 2237 3553 2310 negligentiae

1975 2327 2081 2392 via,
2112 2327 2188 2382 rei
2215 2337 2405 2381 natura
2427 2327 2693 2389 accidere.
2720 2338 2779 2381 ut
2811 2327 2933 2383 aliis
2963 2327 3179 2398 quidem
3212 2329 3404 2395 virtus,
3430 2330 3553 2387 aliis

1974 2433 2103 2473 vero
2134 2419 2332 2474 divitiae
2371 2427 2517 2474 sorte
2555 2419 2858 2488 obtingant,
2904 2435 3004 2475 nec
3039 2420 3292 2478 recedere
3329 2436 3553 2492 prospe-

1974 2524 2085 2564 ram
2113 2510 2380 2564 fortunam
2413 2528 2428 2565 :
2461 2521 2519 2564 ut
2547 2509 2739 2566 (Σιωεο
2767 2510 2984 2566 accidit.
3018 2510 3215 2581 Ecquis
3255 2513 3418 2580 igitur
3440 2529 3549 2568 non

1972 2598 2126 2653 malit
2162 2584 2325 2653 Solon
2356 2601 2536 2669 potius
2568 2614 2694 2656 esse
2719 2616 2881 2670 quam
2914 2602 3170 2656 Crtesus?
3198 2601 3351 2657 Plato
3372 2604 3551 2674 potius

1972 2704 2134 2759 quam
2169 2680 2494 2760 Dionysius?
2523 2700 2579 2746 et
2604 2690 2862 2746 Socrates
2895 2707 3059 2762 quam
3096 2694 3552 2751 Archelauslsed

1973 2780 2099 2851 quid
2131 2780 2312 2851 plures
2351 2772 2790 2837 commemorare
2832 2783 3180 2852 philosophos
3223 2784 3457 2840 attinet?
3487 2801 3552 2841 ac

1973 2887 2128 2943 reges
2160 2888 2487 2943 componere
2519 2874 2649 2943 quid
2677 2874 2945 2930 necesse?
2983 2874 3223 2942 Quorum
3254 2875 3399 2931 fama
3441 2879 3554 2948 qui-

1972 2966 2092 3019 dem
2135 2966 2409 3021 exstincta
2450 2974 2556 3030 est,
2595 2981 2700 3019 non
2748 2980 2960 3030 eorum,
2991 2965 3081 3035 qui
3117 2967 3317 3022 virtute
3363 2977 3418 3022 et
3463 2983 3554 3023 sa—

1975 3058 2176 3127 pientia
2209 3057 2542 3111 claruerunt.
2581 3055 2944 3122 Quamobrem
2981 3058 3100 3113 istis
3147 3059 3326 3115 valere
3362 3061 3550 3131 jussis,

1973 3163 2280 3203 sernmnem
2330 3149 2397 3203 ad
2453 3149 2735 3203 consilium
2788 3148 3133 3204 transferam.
3180 3150 3313 3205 Cum
3367 3154 3553 3222 itaque

1973 3240 2147 3295 virtus
2182 3240 2389 3295 divitiis
2414 3241 2487 3296 sit
2514 3240 2711 3309 potior,
2747 3255 2873 3296 vera
2905 3241 3136 3298 felicitas
3172 3245 3317 3299 viros
3352 3246 3551 3315 probos

1972 3330 2236 3398 sequitur,
2264 3344 2529 3400 apparens
2545 3333 2722 3385 autem
2750 3331 3023 3401 improbos
3043 3334 3336 3405 comitatur
3367 3355 3380 3390 :
3411 3351 3551 3392 tam-

1971 3416 2074 3470 etsi
2137 3415 2267 3471 illud
2314 3419 2454 3486 quod
2507 3420 2703 3473 merito
2760 3420 2915 3489 probi
2961 3422 3264 3478 habeantur
3302 3426 3547 3483 admira-

1971 3510 2173 3568 tionem
2217 3524 2322 3564 non
2371 3511 2566 3579 pariat,
2610 3525 2732 3566 cum
2781 3513 3031 3582 improbi,
3086 3515 3231 3583 quod
3277 3517 3548 3575 immerito

1971 3600 2230 3667 ditentur,
2257 3601 2424 3675 614
2445 3602 2682 3658 notiores
2718 3602 2850 3658 flant
2882 3604 3158 3675 plurisque
3186 3608 3549 3667 aestimentur.

1970 3691 2125 3757 Quod
2149 3692 2194 3746 si
2227 3708 2384 3759 pares
2414 3708 2637 3749 numero
2661 3693 2884 3759 fuerint,
2917 3697 3170 3752 meliores
3202 3699 3388 3769 utique
3413 3702 3543 3767 sint,

1971 3781 2061 3850 qui
2092 3797 2214 3836 cum
2255 3783 2453 3838 virtute
2481 3784 2747 3838 secundos
2784 3785 3089 3841 sortiantur
3116 3797 3365 3845 eventus.
3391 3791 3545 3859 Quod

1970 3874 2016 3929 si
2067 3883 2261 3928 natura
2310 3874 2426 3929 haec
2484 3886 2837 3943 concurrant,
2893 3879 3068 3934 virtus
3122 3894 3256 3936 sane
3302 3880 3545 3938 felicitati

1970 3981 2132 4035 opum
2174 3969 2570 4036 anteponenda.
2598 3968 2738 4036 Quid
2782 3968 2964 4040 itaque
3005 3972 3222 4028 virtutis
3254 3975 3546 4043 prodentes

1970 4072 2230 4113 coronam
2263 4074 2360 4129 per
2387 4060 2649 4114 incuriam
2691 4061 3032 4118 amittimus?
3069 4061 3270 4119 Horum
3299 4065 3461 4135 igitur
3490 4076 3546 4122 et

1971 4148 2199 4203 aliarum
2244 4165 2421 4204 rerum
2449 4149 2682 4219 plurium
2724 4165 2908 4217 causa,
2939 4167 2973 4206 ο
2999 4150 3252 4220 juvenes,
3280 4168 3310 4208 a
3341 4156 3542 4210 teneris

1969 4239 2143 4295 virtus
2172 4247 2255 4294 est
2294 4241 2617 4305 exercenda,
2655 4256 2760 4296 non
2816 4241 3015 4308 minus,
3052 4244 3161 4299 imo
3201 4258 3332 4299 vero
3375 4247 3544 4315 magis

1969 4331 2039 4388 ob
2061 4346 2146 4397 ea,
2175 4345 2296 4400 qua:
2322 4347 2443 4387 mox
2477 4332 2892 4388 declarabimus.
2920 4333 3022 4401 Qui
3052 4335 3196 4389 enim
3228 4350 3390 4391 senex
3426 4337 3540 4406 jam

294 4426 400 4495 μὲν
433 4425 542 4495 γὰρ
587 4426 646 4478 ὲν
677 4426 828 4497 γήρᾳ
881 4423 1086 4495 ταύτην
1138 4424 1547 4494 ἀσπασάμενος,
1588 4424 1709 4479 ὅλον
1736 4426 1870 4479 ἀνα-

1975 4421 2227 4476 virtutem
2265 4421 2660 4493 complectitur,
2710 4436 2871 4477 omne
2903 4425 3169 4493 reliquum
3207 4428 3545 4497 consumpsit

289 4516 473 4573 λίσκει
495 4517 587 4570 τὸν
622 4516 902 4570 ἐπίλοιπον
933 4515 1144 4586 χρόνον,
1171 4515 1258 4569 ἵνα
1283 4515 1484 4589 δυνηθῇ
1522 4516 1591 4571 τὰ
1616 4517 1870 4589 ἀμαρτη-

285 4608 458 4664 θέντα
513 4607 663 4679 αὐτῷ
703 4608 844 4663 κατά
891 4609 991 4679 τὴν
1040 4606 1266 4679 πρώτην
1320 4609 1418 4662 καὶ
1468 4607 1728 4680 δευτέραν
1776 4609 1871 4662 καὶ

283 4696 488 4770 τρίτην
540 4698 763 4770 ἡλικίαν
807 4697 1236 4768 ἀποτρίψασθαι,
1296 4699 1389 4752 καὶ
1446 4700 1596 4752 πᾶσα
1648 4698 1797 4770 αὐτῷ
1834 4701 1868 4771 ἡ

284 4787 501 4857 σπουδὴ
530 4789 610 4851 εἰς
643 4787 803 4843 τοῦτο
838 4789 1168 4842 δαπανᾶται.
1205 4787 1318 4841 Καὶ
1357 4789 1467 4842 οὐδ’
1501 4786 1643 4843 οὕτω
1671 4788 1870 4843 πολλά-

281 4894 382 4959 κες
429 4880 621 4949 ἀρκεῖ’
679 4878 796 4947 εἴγε
848 4879 1211 4949 ἀσύγγνωστα
1243 4878 1349 4949 εῖη.
1402 4881 1497 4934 καὶ
1540 4879 1751 4951 μεγάλα
1800 4879 1870 4934 τά

278 4968 657 5039 ἐπταισμένα,
703 4968 818 5024 ἀλλ’
870 4969 1231 5024 ἀπελεύσεται
1277 4969 1414 5041 πρὸς
1449 4972 1541 5025 τὸν
1573 4971 1868 5026 ἀδέκαστον

280 5059 509 5131 κριτὴν,
526 5058 763 5139 λείψανα
790 5059 900 5139 τῶν
922 5061 1252 5133 τραυμάτων
1279 5061 1692 5132 ἐπιφερόμενος.
1727 5062 1787 5115 '0
1812 5062 1868 5116 δὲ

282 5152 355 5203 ὲκ
390 5131 782 5220 νέαξήλικίας
823 5131 922 5224 τὴν
961 5131 1164 5224 ἀρετὴν
1208 5131 1679 5225 περιπτυξάμενος
1704 5196 1721 5222 ,
1764 5156 1866 5210 οὐκ

282 5247 371 5308 εἰς
386 5242 549 5298 τοῦτο
564 5244 842 5298 ἀναλίσκει
859 5246 951 5299 τὸν
975 5247 1190 5318 χρόνον,
1209 5246 1337 5318 οὐδὲ.
1348 5246 1586 5318 κάθηται
1608 5247 1758 5302 ὥσπε
1765 5266 1796 5321 ρ
1808 5251 1865 5303 ὲν

284 5335 537 5407 ἰατρείῳ,
555 5335 779 5391 δυσίατα
803 5336 937 5410 ἕλκη
962 5336 1302 5410 θεραπεύων,
1316 5339 1413 5392 καί
1433 5340 1585 5413 παρὰ
1602 5340 1710 5395 τῶν
1727 5358 1868 5413 παρ-

282 5426 583 5481 οδευόντων
596 5426 778 5492 ἄθλιος
794 5423 933 5482 εἶναι
954 5428 1329 5501 νομιζόμενος·
1350 5431 1465 5485 ἀλλ’
1483 5434 1548 5487 ἐκ
1564 5434 1863 5506 προοιμίων

280 5520 519 5589 λαμπρά
542 5518 760 5590 δέχεται
792 5518 861 5573 τὰ
893 5519 1122 5592 βραδεῖα
1144 5540 1155 5551 ·
1192 5523 1446 5589 κάκεῖνος
1488 5525 1587 5596 μὲν
1621 5528 1860 5598 στέργει,

279 5614 379 5664 καὶ
406 5609 692 5680 ἀγαπητὸν
721 5611 959 5681 ἡγεῖται,
992 5609 1059 5681 ἢν
1092 5609 1191 5674 τὰς
1215 5610 1386 5682 ἦττας
1408 5614 1863 5684 ἀναμαχέσασθαι

281 5700 469 5766 πάσας
490 5699 714 5774 δυνηθῇ.
748 5693 916 5767 Οὗτος
937 5701 995 5757 δὲ
1024 5702 1089 5756 ἒκ
1114 5701 1365 5773 βαλόίδος
1390 5703 1556 5774 αὐτῆς
1579 5706 1861 5773 τροπαίοις

1971 4512 2213 4582 elapsum
2263 4520 2503 4582 tempus,
2556 4528 2666 4583 quo
2714 4514 2885 4583 possit
2925 4514 2978 4568 in
3040 4516 3255 4584 prima,
3304 4518 3540 4571 secunda

1971 4606 2239 4676 tertiaque
2278 4615 2438 4660 aelate
2485 4606 2553 4659 ab
2598 4605 2715 4675 ipso
2758 4592 3047 4661 commissa
3096 4608 3287 4662 delicta
3335 4609 3543 4665 abster-

1970 4698 2143 4767 gendo
2170 4697 2398 4761 diluere,
2451 4705 2615 4765 atque
2661 4711 2821 4753 omne
2869 4699 3105 4753 studium
3151 4699 3204 4753 in
3240 4714 3305 4754 eo
3342 4714 3542 4787 consu-

1970 4790 2169 4845 mendo
2210 4790 2415 4860 posuit,
2446 4805 2510 4845 ac
2545 4805 2613 4845 ne
2643 4789 2696 4845 id
2738 4790 2955 4861 quidem
3006 4805 3381 4862 saepenumero
3408 4794 3545 4850 satis

1968 4892 2072 4939 est.
2104 4882 2254 4949 Quod
2281 4884 2327 4938 si
2359 4884 2544 4955 gravia
2583 4884 2714 4950 sint,
2745 4891 2796 4938 et
2835 4883 3032 4953 quibus
3061 4885 3265 4955 ignosci
3301 4902 3410 4952 non
3447 4887 3545 4943 de-

1968 4976 2118 5040 beat,
2161 4972 2358 5029 delicta
2383 5012 2400 5039 ,
2433 4974 2660 5030 sistetur
2685 4984 2863 5032 tamen
2890 4976 3203 5047 incorrupto
3224 4976 3418 5049 judiei,
3449 4979 3542 5049 qui

1967 5062 2255 5119 vulnerum
2309 5072 2489 5132 gestat
2539 5064 2845 5119 cicatrices.
2904 5064 3007 5131 Qui
3054 5080 3184 5125 vero
3242 5069 3312 5124 ab
3362 5067 3545 5124 adole.

1968 5151 2179 5206 scentia
2213 5150 2467 5205 virtutem
2496 5151 2570 5206 sit
2596 5153 2929 5223 complexus,
2963 5169 3071 5209 non
3100 5155 3172 5210 ita
3204 5158 3382 5226 perdit
3407 5168 3544 5213 tem-

1966 5256 2097 5312 pus,
2154 5254 2333 5311 neque
2374 5241 2649 5297 decumbit
2703 5243 2871 5299 veluti
2939 5245 2993 5299 in
3046 5247 3242 5301 medici
3290 5245 3539 5313 officina,

1968 5340 2163 5387 curatu
2216 5330 2524 5388 difﬁcilibus
2565 5334 2889 5390 medicinam
2938 5337 3203 5392 adhibens
3249 5338 3540 5403 ulceribus,

1968 5435 2023 5481 et
2048 5439 2077 5479 a
2104 5426 2560 5495 pratereuntibus
2592 5426 2761 5482 miser
2780 5428 3134 5483 aestimandus
3161 5445 3176 5483 :
3204 5431 3332 5498 quin
3363 5432 3542 5500 potius

1966 5535 1998 5574 a
2039 5520 2164 5573 vita:
2211 5518 2435 5574 exordio
2496 5516 2726 5572 illustria
2778 5518 2975 5587 accipit
3014 5518 3261 5589 praemia,
3298 5528 3354 5574 et
3397 5530 3544 5575 amat

1966 5613 2186 5684 quidem
2217 5611 2332 5677 ille,
2360 5610 2699 5680 charumque
2739 5607 2911 5674 ducit,
2939 5609 2984 5665 si
3023 5608 3360 5666 calamitates
3390 5625 3545 5666 aver-

1969 5719 2201 5763 runcare
2240 5713 2406 5775 queat
2439 5704 2741 5761 universas.
2782 5702 2874 5758 llic
2922 5717 2953 5757 a
2985 5717 3180 5758 cursus
3232 5703 3390 5759 initio
3430 5714 3543 5760 tro-
