4070 6374
591 301 726 366 1443
1793 305 1854 366 S.
1893 303 2190 365 ISIDORI
2229 297 2669 362 PELUSIOTM
3688 307 3801 374 litt

590 416 721 482 pa-is
763 428 826 469 ac
865 414 1152 484 prmconiis
1181 413 1441 481 exsultat,
1478 415 1842 486 victoriasque
1860 418 2041 488 jungit
2087 417 2172 471 vi-

2201 412 2367 477 Ακαὶ
2416 412 2786 484 ἀναῤῥήσεσιν
2841 406 3174 480 ἀγάλλεται,
3224 411 3317 466 καὶ
3379 413 3523 480 νίκας
3578 400 3800 484 συνάπτει

591 505 805 560 ctoriis.
879 504 948 559 Et
994 504 1142 561 velut
1186 519 1216 559 a
1271 505 1413 561 linea
1463 505 1836 578 Olympionica
1891 508 2066 562 victor
2119 508 2184 562 ad

2286 503 2462 566 νίκαις
2487 519 2502 534 ·
2535 503 2629 555 καὶ
2659 501 2906 573 καθάπερ
2937 501 3358 575 Ὀλυμπιονίκης
3379 505 3481 559 ἀπὸ
3497 514 3733 586 γραμμῆς
3750 517 3804 573 δι·

592 596 879 667 praemium
908 610 1030 649 cum
1053 595 1216 653 laude
1241 599 1522 654 contendit
1552 616 1564 652 :
1591 599 1664 653 ita
1691 601 1756 652 ad
1783 600 2183 659 munerarium,

2285 593 2642 664 ἀναρρήσεων
2671 593 2765 646 ἐπὶ
2798 593 2858 646 τὸ
2887 593 3056 664 γέρας
3085 593 3302 660 ὁδεύων,
3351 596 3518 662 οὕτως
3543 602 3807 661 ἀπελεύσε-

593 689 686 758 qui
741 687 1080 742 certantibus
1135 691 1354 758 pra'mia
1409 691 1660 761 largitur,
1710 693 1972 760 sedetque
2017 691 2184 760 judex

2285 700 2376 736 ται
2410 683 2546 754 πρὸς
2591 684 2682 736 τὸν
2705 684 3048 755 ἀγωνοθέτην
3088 687 3184 741 καὶ
3220 687 3410 758 κριτὴν
3450 690 3553 744 τῶν
3593 695 3809 752 τοιούτων

592 779 783 833 talium
808 781 1166 834 certaminum
1183 821 1199 846 ,
1228 783 1498 851 perveniet
1526 783 1692 837 variis
1715 783 1988 852 clarisque
2010 790 2175 850 caput

2287 775 2704 846 παλαισμάτων,
2757 775 2973 841 πολλοῖς
3017 777 3113 831 καὶ
3151 777 3422 850 λαμπροῖς
3467 783 3563 852 τὴν
3604 787 3811 860 κεφαλὴν

589 872 811 927 corollis
853 874 1159 928 redimitus.
1201 873 1332 928 Esse
1368 885 1503 926 vero
1540 883 1663 942 post
1703 874 1845 930 hanc
1881 877 2007 928 vitae
2040 873 2184 927 viam

2286 869 2695 940 ἀναδησάμενος
2741 870 3048 939 στεφάνοις.
3085 869 3208 923 Ὀτι
3261 871 3370 942 γὰρ
3395 871 3536 926 ἔστιν
3582 877 3708 943 μετὰ
3734 879 3813 950 τὴν

590 961 832 1016 divinum
881 962 1122 1016 tribunal
1170 977 1276 1016 non
1340 979 1428 1018 res
1470 964 1632 1016 modo
1686 974 1868 1032 gestas
1917 972 1973 1018 et
2021 963 2188 1019 verba

2287 961 2538 1014 ἐντεῦθεν
2587 961 2899 1032 ἀποδημίαν
2947 961 3091 1015 θεῖον
3146 961 3509 1034 δικαστήριον,
3567 966 3622 1018 οὐ
3683 969 3814 1038 μόνον

588 1053 876 1121 cujusque,
911 1053 1006 1107 sed
1042 1062 1096 1108 et
1141 1054 1507 1124 cogitationes
1543 1063 1800 1108 accurate
1841 1055 2186 1131 examinans,

2291 1053 2650 1124 πραγμάτων,
2688 1053 2808 1106 ούδέ
2853 1055 3149 1124 ῥημάτων,
3197 1054 3332 1110 ἀλλὰ
3374 1058 3468 1108 καὶ
3514 1057 3714 1112 ἐννοιῶν
3750 1061 3814 1127 ἐξ·

591 1143 860 1210 spondent
894 1152 1268 1212 testanturque
1289 1145 1454 1198 etiam
1485 1145 1815 1214 philosophi,
1844 1144 2186 1199 fabularum-

2289 1146 2596 1211 εταστικὸν,
2622 1146 2717 1198 καὶ
2740 1145 3040 1214 φιλόσοφοι,
3062 1145 3157 1200 καὶ
3187 1145 3479 1214 λογοποιοὶ,
3501 1149 3589 1202 καὶ
3607 1151 3808 1222 ῥήτορες,

595 1249 702 1304 que
760 1236 1081 1305 scriptores,
1113 1246 1306 1304 poetae,
1380 1246 1625 1290 oratores
1681 1245 1846 1304 atque
1901 1236 2173 1303 historici,

2289 1239 2383 1291 καὶ
2415 1238 2672 1308 ποιηταὶ,
2706 1239 2801 1290 καὶ
2825 1240 3162 1310 συγγραφεῖς
3185 1239 3509 1307 ἐγγυῶνται.
3532 1233 3628 1292 Ὧν
3647 1243 3810 1307 καὶτὰς

594 1339 828 1394 quorum
861 1326 1002 1379 dicta
1029 1339 1093 1379 ac
1129 1326 1434 1379 testimonia
1467 1326 1593 1380 huic
1623 1325 1863 1392 adjicere
1885 1327 2185 1394 potuissem

2292 1327 2484 1396 ῥήσεις
2531 1327 2853 1397 παρεθέμην
2903 1327 2970 1380 ἂν
3021 1327 3150 1397 τῇδε
3180 1329 3244 1398 τῇ
3297 1329 3630 1398 παραινέσει,
3673 1331 3714 1382 εί
3758 1332 3813 1402 μὴ

598 1416 940 1482 hortatioui,
1011 1416 1114 1470 nisi
1179 1425 1394 1486 turpem
1455 1416 1746 1471 oblivionis
1803 1427 1986 1471 notam
2035 1417 2190 1473 vobis

2289 1415 2511 1486 λεληθὸς
2539 1416 2742 1480 ὄνειδος
2796 1417 2953 1488 ᾣμην
3003 1417 3133 1486 ὑμῖν
3175 1416 3621 1488 προστρίϐεσθαι,
3657 1419 3813 1474 ἔναυλα

598 1507 740 1559 inuri
776 1515 1021 1575 putarem
1075 1523 1260 1562 earum
1312 1508 1689 1572 scientiarum,
1745 1523 1882 1577 quas
1921 1511 2186 1564 memoria

2291 1506 2476 1577 έχουσι
2502 1506 2569 1560 τά
2595 1506 2915 1577 μαθήματα.
2941 1507 3003 1560 Εί
3031 1507 3086 1560 δὲ
3119 1508 3304 1578 κρίσις
3337 1509 3506 1574 ἐστὶν,
3557 1508 3724 1578 ῶσπερ
3744 1506 3812 1564 οὖν

600 1599 819 1652 tenetis.
859 1599 916 1653 Si
951 1609 1132 1654 autem
1172 1600 1441 1670 judicium
1490 1610 1574 1656 est
1613 1602 1878 1666 futurum,
1913 1611 1974 1657 ut
2005 1618 2189 1658 verum

2292 1599 2388 1653 καὶ
2419 1598 2555 1665 ἔστι,
2579 1599 2678 1670 τὴν
2702 1599 2906 1670 ἀρετὴν
2929 1593 3196 1669 ἀσκητέον
3216 1615 3231 1630 ο
3257 1601 3304 1651 εί
3335 1600 3392 1652 δὲ
3412 1600 3505 1653 καί
3534 1617 3666 1654 τισιν
3704 1597 3816 1655 εἶναι

599 1698 704 1754 est,
734 1690 908 1746 virtus
938 1706 1068 1760 ergo
1107 1695 1428 1746 exercenda.
1463 1692 1616 1758 Quod
1657 1694 1703 1748 si
1740 1693 2016 1749 nonnullis
2049 1691 2188 1746 ditii-

2291 1691 2558 1762 δυσχερὴς
2619 1691 2784 1757 δοκεῖ,
2841 1692 2999 1762 ῥᾳδία
3047 1691 3176 1762 ὑμῖν
3220 1690 3397 1756 ἔσται,
3443 1692 3492 1744 εί
3539 1691 3739 1762 φύγοιτε
3769 1693 3824 1746 τά

601 1781 705 1838 cile
743 1798 804 1836 ac
843 1783 1132 1838 molestum
1166 1784 1458 1850 videbitur,
1496 1785 1649 1840 vobis
1683 1801 1814 1839 sane
1851 1785 2014 1841 facile
2051 1787 2178 1852 erit,

2220 1767 2259 1822 Β
2289 1782 2493 1852 θέατρα
2529 1781 2771 1846 καὶτοὺς
2793 1782 3186 1854 ἱπποδρόμους,
3220 1784 3324 1854 τὴν
3351 1783 3534 1855 κοινὴν
3567 1783 3659 1855 τῆς
3679 1785 3827 1838 οἰκου-

602 1873 650 1927 si
703 1873 907 1928 theatra
967 1885 1129 1944 atque
1177 1876 1587 1945 hippodromus,
1634 1876 1960 1946 curulesque
2013 1877 2186 1943 ludos,

2292 1873 2460 1943 μένης
2489 1873 2701 1945 λύμην·
2732 1873 2933 1944 μᾶλλον
2990 1873 3048 1927 δὲ
3091 1874 3154 1927 οὐ
3205 1877 3308 1944 τῆς
3338 1875 3675 1945 οἰκουμένης,
3717 1875 3828 1929 ἀλλὰ

606 1967 709 2020 hoc
742 1975 846 2032 est,
883 1980 1227 2022 communem
1270 1968 1511 2022 universi
1556 1968 1722 2023 totius
1767 1977 1970 2038 pestem
2013 1967 2188 2038 fugie-

2287 1963 2397 2017 τῶν
2426 1963 2637 2017 πόλεων
2665 1965 2774 2017 τῶν
2808 1964 3047 2035 ἐχουσῶν
3070 1964 3388 2018 τὰτοιαῦτα
3425 1966 3663 2036 θεάματα
3682 1982 3694 1996 ο
3721 1966 3831 2038 μᾶλ-

603 2055 671 2108 tis
704 2055 920 2110 :dicam
979 2056 1249 2124 amplius,
1305 2072 1410 2111 non
1461 2059 1700 2113 universi
1752 2060 1939 2124 modo,
1986 2059 2080 2113 sed
2136 2067 2190 2112 et

2289 2057 2379 2110 λον
2406 2057 2464 2110 δὲ
2492 2057 2613 2109 οὐδὲ
2640 2056 2754 2109 τῶν
2782 2057 3013 2120 πόλεων,
3044 2056 3180 2109 ἀλλά
3203 2056 3316 2110 τῶν
3361 2057 3704 2127 βουλομένων,
3751 2058 3827 2110 καὶ

601 2147 840 2214 urbium,
865 2149 916 2202 iu
950 2148 1146 2218 quibus
1173 2163 1235 2202 ea
1263 2149 1592 2204 exhibentur
1615 2151 1922 2220 spectacula
1951 2168 1964 2204 :
1991 2166 2052 2205 ac
2083 2166 2188 2204 non

2291 2148 2874 2218 ὑποκατακλινομένων
2902 2150 3014 2212 τοῖς
3034 2147 3300 2213 τοιούτοις
3332 2152 3540 2212 κακοῖς.
3571 2150 3728 2202 Παντὶ
3744 2149 3833 2202 τοί-

605 2250 813 2295 tantum
847 2243 1061 2295 urbium
1091 2241 1395 2306 interitum,
1433 2242 1527 2298 sed
1560 2243 1740 2311 potius
1789 2244 1855 2298 iis
1886 2244 2188 2298 deditorum

2290 2257 2383 2292 νυν
2401 2237 2556 2309 θυμῷ
2587 2239 2721 2310 πρὸς
2745 2239 2872 2302 τοὺς
2899 2238 2998 2309 τῆς
3024 2238 3224 2308 ἀρετῆς
3247 2237 3449 2301 ἄθλους
3483 2238 3831 2292 ἀποδυτέονόΙ

602 2335 668 2385 ad
704 2332 808 2386 hoc
848 2333 1046 2387 malum
1094 2333 1378 2388 hominum
1414 2334 1606 2404 gignit.
1634 2334 1862 2390 Cunctis
1896 2349 2026 2405 ergo
2058 2335 2190 2388 viri-

2295 2331 2394 2401 μὲν
2427 2331 2491 2383 ἐκ
2514 2329 2784 2401 λαμπρῶν
2805 2329 3009 2397 γονέων
3033 2328 3344 2400 τεχθέντες,
3388 2330 3464 2400 μὴ
3491 2329 3833 2400 καταισχύνον-

603 2421 702 2474 bus
745 2421 809 2475 ad
862 2422 1080 2476 virtutis
1135 2429 1220 2476 est
1253 2430 1529 2476 certamen
1580 2425 2039 2477 contendendum.
2087 2422 2190 2490 Qui

2291 2440 2382 2486 τες
2411 2423 2472 2475 τὸ
2505 2422 2661 2490 γένος
2684 2437 2698 2450 ·
2745 2423 2795 2474 οἱ
2825 2421 2882 2474 δέ
2911 2423 2976 2474 ἐκ
3020 2421 3298 2474 ταπεινῶν
3348 2421 3566 2491 φύντες,
3613 2420 3831 2492 λαμπρύ-

600 2513 767 2568 claris
795 2514 899 2568 orti
934 2516 1256 2582 parentibus
1279 2514 1528 2568 dedecori
1556 2529 1624 2570 ne
1651 2514 1760 2568 sint
1792 2515 1945 2584 stirpi
1974 2514 2191 2583 generis

2292 2531 2474 2578 νοντες
2497 2514 2624 2577 τοὺς
2653 2513 2915 2576 τεκόντας
2940 2529 2953 2543 ’
2986 2514 3036 2565 οί
3061 2513 3160 2585 μὲν
3187 2513 3440 2568 πλούσιοι
3476 2514 3693 2583 κόσμον,
3728 2515 3768 2566 οἱ
3790 2512 3833 2565 δέ

602 2605 708 2658 sui.
744 2604 845 2671 Qui
891 2619 1021 2659 vero
1063 2605 1253 2658 humili
1292 2613 1420 2658 sunt
1453 2604 1576 2659 loco
1604 2605 1740 2668 nati,
1770 2614 2026 2673 parentes
2063 2618 2194 2659 suos

2293 2609 2528 2678 πένητες
2588 2607 2756 2678 ὅρμον
2805 2605 3316 2671 κατασκευάζοντες
3377 2609 3604 2682 ἑαυτοῖς
3673 2606 3717 2658 οἱ
3761 2604 3833 2670 μὲν

613 2697 910 2751 illustrcnt.
965 2695 1173 2750 Divites
1223 2695 1440 2765 quidem
1499 2698 1758 2750 mundum
1808 2704 2192 2764 ornatumque,

2295 2698 2550 2770 ὑμέτεροι
2589 2697 2825 2768 πατέρες
2877 2698 3022 2768 ὑμᾶς
3050 2696 3454 2750 αἰδείσθωσαν·
3499 2697 3548 2749 οἱ
3586 2695 3640 2749 δὲ
3677 2695 3834 2764 ἑτέρω·

604 2787 799 2856 inopes
825 2800 956 2839 vero
1001 2795 1217 2855 portum
1264 2781 1676 2855 perfugiumque
1721 2785 1925 2840 virtute
1974 2799 2196 2854 compa-

2295 2792 2386 2844 θεν
2406 2791 2634 2860 ἥκοντες
2657 2789 2865 2854 παῖδες,
2892 2788 3138 2861 πατέρας
3157 2790 3305 2859 ὑμᾶς
3326 2788 3688 2860 ⁴ἡγείσθωσαν.
3710 2786 3835 2839 Οὕτω

607 2882 811 2932 rantes.
861 2873 955 2930 Sic
998 2875 1111 2939 ﬂet,
1161 2887 1218 2928 ut
1254 2886 1508 2944 parentes
1550 2891 1646 2931 vos
1693 2877 1994 2932 honoretis.
2028 2875 2192 2948 615

2296 2883 2405 2954 γὰρ
2433 2884 2563 2954 ὑμῖν
2619 2882 3081 2953 πολιτευομένοις,
3130 2882 3224 2935 καὶ
3276 2881 3545 2953 λαμπρὰν
3583 2881 3841 2935 ἀνάπτουσι

606 2968 708 3036 Qui
739 2982 867 3024 vero
902 2979 1202 3037 sequentur
1243 2967 1424 3032 liberi,
1467 2979 1753 3037 parentum
1798 2983 1894 3022 vos
1927 2968 2047 3024 loco
2082 2971 2194 3023 sint

2294 2974 2396 3044 τῆς
2427 2974 2628 3046 ἀρετῆς
2651 2973 2747 3044 τὴν
2779 2973 3062 3044 λαμπάδα,
3116 2975 3210 3027 καὶ
3269 2975 3333 3027 τὸ
3365 2975 3510 3027 θεῖον
3542 2973 3664 3042 ὑμῖν
3704 2969 3837 3037 ούρα-

608 3059 868 3123 habituri,
930 3073 993 3114 ac
1051 3059 1294 3113 divinum
1343 3059 1496 3114 vobis
1546 3058 1763 3114 ctelitus
1815 3057 1943 3114 Jesu
1993 3059 2194 3114 Christi

2233 3114 2265 3144 Γ,
2298 3062 2452 3114 νόθεν
2499 3061 2594 3115 τοῦ
2662 3062 2904 3134 Χριστοῦ
2953 3065 3305 3133 ἐπιφανεῖται
3355 3065 3454 3117 καὶ
3517 3059 3840 3116 ἐπισπάσεται

607 3151 788 3205 lumen
826 3149 1120 3219 aﬂ'ulgebit.
1179 3149 1271 3204 Sic
1323 3149 1472 3204 enim
1529 3149 1682 3202 vobis
1734 3163 1846 3202 rem
1881 3147 2195 3218 gerentibus

2238 3114 2265 3172 Β
2302 3152 2439 3224 πρὸς
2469 3114 2629 3206 ἑαυτὸ
2663 3114 3302 3218 σέλας,
3635 3153 3724 3223 τὴν
3759 3147 3845 3200 τῶν

607 3242 808 3298 claram
839 3243 1052 3296 virtutis
1075 3241 1322 3311 lampada
1346 3241 1644 3295 accendent
1676 3239 1729 3296 in
1766 3238 1973 3294 coelcsti
2005 3253 2192 3309 regno,

2299 3244 2546 3316 οὐρανῶν
2599 3245 2897 3315 βασιλείαν,
2959 3247 3055 3302 καὶ⁸
3103 3247 3206 3318 τὴν
3263 3248 3327 3300 ἐν
3371 3247 3517 3317 αὐτῇ
3566 3243 3672 3300 τῶν
3707 3239 3847 3311 ἁγίων

609 3346 663 3393 et
693 3350 964 3390 summam
995 3335 1047 3389 in
1081 3349 1145 3390 eo
1183 3333 1468 3388 beatorum
1509 3330 1849 3401 maiestatem
1894 3345 2198 3399 conseque--

1291 3342 1468 3388 torum
1509 3330 1849 3401 maiestatem
1894 3345 2198 3399 conseque--
2303 3335 2697 3408 ὑπέρλαμπρον
2719 3334 2895 3402 ἀξίαν.

610 3446 762 3483 1111111.
834 3456 841 3464 “

607 3537 960 3593 eLxxxvu.
1000 3533 1424 3616 τ-ίξεγρτο
1461 3533 1940 3616 ΡΙὶΕὸβΫΤίίῐίΟ.
1995 3532 2196 3600 (Forte

2038 3532 2196 3590 Forte
2514 3543 2684 3596 PHZ'.
2729 3573 2798 3581 —
2825 3543 3128 3616 ΑΙΓΥΠἹᾨ
3168 3543 3645 3614 ΠΡΕΣΒΥΤΕΡῼ.

997 3604 1270 3671 ALYPIO,
1309 3607 1396 3661 cui
1431 3621 1572 3674 sazpe
1608 3606 1808 3675 alias.)

1025 3715 1104 3770 De
1134 3725 1326 3769 natura
1357 3717 1550 3770 anima:
1580 3717 1885 3787 quwsitum,
1923 3712 2188 3782 quomodo
2227 3712 2408 3766 divina
2435 3713 2661 3767 essentia
2695 3713 2923 3766 dicatur.
2959 3713 3111 3783 (Mox
3135 3715 3289 3784 epist.
3322 3715 3478 3787 I9I.)
3587 3693 3592 3696 ⁸

683 3826 932 3880 Divinam
965 3825 1214 3893 equidem
1237 3839 1358 3880 esse
1395 3826 1556 3879 credo
1586 3824 1846 3888 animam,
1876 3838 1983 3877 non
2016 3831 2197 3877 tamen

2377 3823 2540 3877 Θείαν
2573 3823 2671 3891 μὲν
2695 3822 2982 3895 ἡγούμεθα
3012 3818 3153 3878 εἴναι
3192 3825 3295 3896 τὴν
3322 3825 3534 3897 ψυχὴν,
3565 3823 3628 3879 οὗ
3662 3820 3756 3895 μὴν
3779 3818 3853 3887 τῆς

613 3917 920 3973 divinitatis
967 3915 1234 3985 regiarque
1288 3925 1494 3985 partem
1540 3926 1786 3984 natura;
1834 3913 2196 3970 immortalem

2306 3915 2592 3984 θειοτάτης
2635 3916 2730 3969 καὶ
2778 3914 3214 3988 βασιλικωτάτης
3263 3919 3492 3987 φύσεως
3533 3918 3753 3989 μοῖραν·
3779 3909 3852 3964 καὶ

614 4023 854 4077 quoque,
889 4022 1078 4061 verum
1111 4007 1380 4076 principio
1423 4023 1530 4062 non
1580 4015 1855 4060 carentem
1889 4005 2202 4074 ejusdemve

2301 4005 2592 4072 ἀθάνατον,
2621 4005 2736 4060 ἀλλ’
2756 4007 2818 4060 οὐ
2845 4006 2948 4076 τῆς
2971 4007 3210 4079 ἀνάρχου
3237 4008 3331 4062 καὶ
3357 4007 3657 4081 ποιητικῆς
3679 4003 3854 4074 φύσεως

615 4111 740 4150 cum
785 4096 1095 4150 Conditoris
1143 4104 1336 4150 natura
1391 4097 1742 4152 substantiae.
1791 4095 1847 4150 Si
1905 4096 2051 4150 enim
2101 4093 2200 4149 Dei

2243 4083 2254 4092 ’
2300 4097 2611 4168 ὁμοούσιον.
2659 4099 2723 4151 Εἰ
2752 4100 2861 4170 γὰρ
2893 4099 3111 4169 ἐκείνης
3163 4099 3265 4169 τῆς
3300 4101 3554 4172 ἀρρήτου
3599 4095 3667 4173 ἦν
3701 4095 3845 4167 μέρος,

617 4186 906 4242 ineffabilis
946 4187 1089 4242 foret
1147 4203 1297 4256 pars,
1345 4201 1620 4257 nunquam
1673 4197 1951 4257 peccasset
1995 4187 2200 4254 anima,

2301 4192 2402 4244 οὐκ
2440 4189 2507 4244 ἂν
2533 4191 2802 4263 ἥμαρτεν,
2847 4191 2969 4244 οὐδὲ
2999 4191 3192 4264 ἐκρίθη
3218 4207 3231 4221 ο
3277 4193 3327 4244 εί
3358 4192 3419 4246 δὲ
3441 4191 3621 4246 ταῦτα
3658 4189 3845 4254 πάσχει,

615 4297 679 4335 ac
725 4295 790 4334 ne
816 4281 1067 4350 judicata
1101 4289 1246 4335 esset
1299 4295 1556 4348 unquam.
1597 4281 1752 4348 Quod
1785 4296 1908 4336 cum
1956 4281 2031 4336 illi
2069 4297 2204 4359 con-

2302 4281 2402 4351 τῆς
2433 4280 2697 4334 ἀνωτάτω
2723 4280 2910 4344 οὐσίας
2940 4281 3153 4351 ποίημα
3185 4280 3420 4346 δικαίως
3449 4281 3519 4336 ἂν
3554 4272 3850 4351 πιστευθείης

614 4374 812 4443 ,ϋςοτίι-
839 4373 1212 4436 condemnari,
1257 4373 1453 4428 divina:
1494 4389 1833 4445 summaque
1882 4374 2204 4430 substantia:

2244 4395 2280 4450 ι)
2309 4373 2372 4426 οὐ
2415 4373 2612 4444 μέροςο
2666 4373 2754 4428 ἵνα
2796 4375 2870 4445 μὴ
2915 4373 3114 4445 ἑαυτὴν
3146 4376 3179 4444 ὴ
3210 4373 3348 4443 ἰθεῖα
3400 4375 3569 4444 φύσις
3615 4372 3851 4446 κρίνουσα,

613 4481 750 4536 opus
790 4481 895 4520 non
937 4478 1064 4532 pars
1097 4477 1221 4518 esse
1269 4463 1464 4520 merito
1516 4465 1888 4520 credendum:
1927 4480 1994 4520 ne
2021 4466 2204 4521 divina

1778 4481 1846 4519 Im
1875 4483 1888 4519 :
1927 4480 1994 4520 ne
2021 4466 2204 4521 divina
2314 4465 2517 4536 μᾶλλον
2548 4464 2604 4518 δὲ
2640 4465 3046 4538 κατακρίνουσα
3076 4464 3385 4537 φωραθείη.

619 4558 702 4612 vis
748 4557 1025 4628 judicasse
1079 4556 1314 4624 seipsam
1371 4555 1829 4626 deprehendatur,
1885 4559 1969 4612 vel
2023 4560 2202 4629 potius

617 4650 1011 4706 condemnasse
1040 4647 1310 4702 videatur.

617 4757 989 4817 CLXXXVIII.
1041 4788 1112 4799 —
1174 4757 1564 4815 EVANGELIO
1627 4759 1944 4817 DIACONO.
2007 4760 2204 4830 (Lego

1056 4827 1449 4894 EVANGIL'LO,
1478 4846 1536 4885 ut
1565 4833 1714 4887 alibi.
1745 4832 1763 4899 )

2060 4760 2204 4830 Lego
2580 4762 2759 4816 PIIH'.
2796 4789 2864 4800 —-
2898 4760 3279 4832 ΕΥΑΓΓΕΛΙῼ
3323 4759 3653 4830 ΔιΑκοΝο.

629 4922 890 4977 Virtutem
914 4923 970 4976 in
1004 4922 1368 4979 mediocritate
1391 4926 1694 4981 consistere.
1743 4923 1923 4981 Virtus
1951 4935 2026 4981 est
2074 4925 2305 4979 medium
2325 4925 2602 5061 .oit)iorum,
2649 4934 2755 4979 etc.
2790 4920 3056 4991 (Hortat.,
3083 4921 3174 4977 lib.
3211 4937 3226 4976 t
3264 4922 3419 4989 epist.
3461 4923 3548 4986 18,
3582 4937 3646 4974 α
3677 4916 3855 4973 Aristot-

2114 5005 2390 5049 sententia.

2114 5005 2390 5049 sententia.

691 5099 766 5156 Ut
801 5101 1246 5170 praestantissimi
1293 5102 1544 5158 statuarii
1589 5103 1656 5156 ad
1701 5103 1961 5158 amussim
1999 5103 2208 5159 exami-

2387 5101 2603 5173 Ὂσπερ
2629 5102 2678 5154 οἱ
2717 5103 2930 5173 ἄριστοι
2957 5099 3066 5154 τῶν
3101 5100 3571 5171 ἀγαλματοποιῶν
3615 5093 3859 5167 σταθμῶνο

624 5196 758 5241 nant
794 5188 980 5256 operis
1015 5191 1438 5260 proportionem,
1476 5195 1529 5246 in
1570 5207 1676 5250 uua
1726 5193 1922 5249 artifex
1966 5209 2206 5255 svmme—

2315 5211 2405 5248 ται
2435 5193 2532 5264 τὴν
2577 5194 2946 5266 συμμετρίαν,
2993 5194 3078 5262 ἐφ’
3106 5187 3174 5264 ἧς
3205 5195 3238 5263 ἡ
3267 5192 3610 5264 δημιουργία
3638 5191 3731 5258 τὴν
3759 5200 3864 5251 συμ-

628 5279 784 5334 triam
817 5295 922 5335 non
956 5285 1191 5349 excedit,
1230 5285 1303 5340 ita
1334 5293 1390 5339 et
1426 5285 1616 5340 virtuti
1654 5286 1821 5342 dediti
1853 5286 2206 5344 mediocrita-

2318 5289 2546 5360 μετρίαν
2592 5288 2702 5359 (54)
2757 5287 3023 5342 διαϐαίνει
3050 5304 3061 5316 ο
3121 5286 3262 5340 οὕτω
3299 5286 3396 5339 καὶ
3457 5288 3510 5340 oi
3551 5287 3648 5356 τῆς
3695 5274 3862 5350 ἀρετῆς

1726 5458 1961 5516 VARUE
2001 5458 2393 5518 LECTIONES
2430 5461 2516 5516 ET
2557 5459 2794 5518 NOTAE.

698 5607 812 5678 (δι)
838 5609 947 5691 Illa.
981 5614 1156 5691 verba
1187 5610 1295 5691 τὴνΔ
1317 5612 1657 5691 συμμετρίαν
1703 5616 2208 5691 absunt__ab'utro-

2317 5619 2495 5676 hiatus
2519 5620 2851 5691 δημιουργία
2893 5622 3240 5678 continuatur
3273 5637 3396 5678 cum
3445 5619 3726 5674 διαΰαίνιι.
3750 5608 3861 5666 Pos-

629 5691 735 5748 que
755 5680 871 5736 cod.
905 5680 1022 5736 Vat.
1056 5682 1162 5735 650
1193 5680 1250 5737 et
1269 5680 1458 5738 AltJin
1482 5680 1678 5751 quibus
1716 5686 1834 5742 sine
1865 5687 1971 5742 ullo
2004 5688 2203 5745 indicio
2313 5703 2416 5745 sui.
