4070 6392
355 398 473 465 1649

1229 397 1758 460 EPISTGLARUM
1797 397 1943 458 LIB.
1983 397 2052 457 V.
2081 421 2148 432 -
2187 395 2420 457 EPIST.
2461 394 2733 458 CXCVII.

3446 385 3582 452 1450

351 507 579 579 τοσούτῳ
604 505 942 578 πειράσομαι
982 506 1108 572 τοὺς
1137 507 1356 572 λοιποὺς
1385 508 1571 582 εὐνοίᾳ
1609 507 1721 581 (36)
1757 524 1899 579 παρ-ς

2009 507 2198 575 (ιιῐρςε
2231 505 2444 562 caeteris
2490 509 2542 560 in
2575 515 2626 560 te
2676 501 2902 558 colendo
2951 497 3278 556 antecellere
3318 501 3579 555 conabor.

347 597 597 667 ινεγκετν.
634 594 744 650 Καὶ
770 595 880 666 γάρ
905 595 1130 663 ἄτοπον,
1149 597 1256 668 πρὸ
1287 597 1388 668 μὲν
1412 599 1523 654 τῶν
1543 597 1718 652 ἄλλων
1745 595 1900 664 παρὰ

348 687 418 742 σοὶ
453 685 747 757 τετάχθαι,
781 685 920 757 μετὰ
949 686 1008 740 δὲ
1033 686 1142 741 τῶν
1177 689 1278 760 οὐχ
1305 687 1448 744 οὕτω
1491 687 1818 761 τιμωμένων
1846 689 1906 740 ὲν

345 780 442 840 τοῖς
475 778 588 840 σοῖς
617 777 912 849 σιωπῆσαι.
949 777 1103 832 Ἐπεὶ⁹
1124 778 1306 833 τοίνυν
1341 779 1650 852 γέγραφας,
1681 777 1758 842 ὡς
1793 777 1900 831 Εὐ-

345 866 507 930 σὲσιος
539 865 570 918 ὁ
597 865 895 930 ἐπίσκοπος
923 865 1019 920 τοῦ
1061 867 1364 938 Πηλουσίου
1395 867 1490 922 καὶ
1538 867 1676 940 πρὸς
1726 866 1904 938 ὁρμήν

343 959 479 1012 ἐστιν
509 956 812 1031 ὀξύρροπος
833 997 850 1024 ,
881 959 976 1012 καὶ
1009 959 1148 1031 πρὸς
1186 957 1442 1031 ἁρπαγὴν
1469 958 1580 1012 τῶν
1611 956 1905 1028 ἀλλοτρίων

341 1049 567 1121 ἕτοιμος,
597 1049 690 1104 καὶ
717 1050 856 1122 πρὸς
881 1049 944 1105 τὸ
984 1049 1388 1124 παροξυνθῆναι
1421 1049 1612 1121 ταχὺς,
1643 1048 1740 1104 καὶ
1767 1047 1906 1120 πρὸς

341 1140 428 1206 τὰς
468 1139 708 1212 ἀμοιϐὰς
738 1139 848 1195 τῶν
894 1140 1124 1195 δεόντων
1178 1141 1382 1212 βραδύς
1405 1156 1420 1171 °
1451 1140 1546 1194 καὶ
1600 1139 1903 1210 συλλήϐδην

341 1234 526 1298 εἰπεῖν,
551 1232 770 1286 πάντων
799 1230 909 1286 τῶν
943 1231 1318 1304 ἀνελευθέρων
1352 1231 1544 1285 παθῶν
1564 1229 1808 1301 ἀκρατής
1842 1246 1902 1282 τε

337 1323 422 1376 καὶ
453 1321 570 1374 ἔστι
597 1322 692 1376 καὶ
724 1321 1024 1393 νομίζεται·
1057 1323 1218 1386 αὐτὸς
1250 1322 1364 1390 εἴγε
1387 1321 1741 1392 εὐδοκιμῆσαι
1774 1320 1902 1390 βού-

334 1411 428 1474 λει,
456 1411 567 1466 τῶν
593 1411 850 1465 τοιούτων
875 1412 1100 1467 ὀνειδῶν
1125 1411 1392 1485 ἄχραντον
1413 1412 1611 1467 σαυτὸν
1639 1411 1904 1483 διατήρη-

336 1521 442 1558 σον.
471 1505 706 1558 ’Δτοπον
737 1503 846 1574 γάρ
877 1520 936 1558 σε
976 1503 1182 1558 ἁλῶναι
1210 1507 1322 1569 τοῖς
1359 1499 1682 1569 αὐτοῖς,-οἷς
1713 1502 1903 1574 ἕτερον

332 1594 785 1668 περιπεπτωκότα
812 1595 964 1668 αἰτιᾷ
981 1611 994 1626 ο
1025 1595 1121 1650 καὶ
1143 1595 1328 1668 ίατρδν
1356 1595 1467 1669 (57)
1489 1595 1650 1650 άλλου
1697 1593 1904 1648 ἐθέλειν

329 1683 466 1741 εῖναι
497 1686 592 1742 τὸν
647 1686 856 1742 ἕλκεσι
901 1687 1192 1758 ,ϐρύονταο
1228 1688 1324 1743 καὶ⁸
1375 1689 1640 1760 πράττειν
1671 1685 1858 1741 ἐκεῖνα
1884 1723 1902 1752 ,

330 1771 406 1833 ὧν
435 1777 632 1851 πικρὸς
663 1779 955 1851 τυγχάνεις
987 1780 1310 1851 κατήγορος.

658 1981 815 2048 Ριιῑν.
851 2012 923 2025 -
955 1981 1215 2052 ῙΣΙΔΩΡῼ
1241 1979 1566 2053 ΔΙΑΚΟΝῼ.

2009 597 2319 652 Absurdum
2350 597 2496 652 enim
2529 595 2690 650 fuerit
2715 609 2797 650 me
2827 593 2924 649 abs
2952 601 3004 649 te
3043 591 3264 649 caeteris
3299 593 3583 656 anteferri,

2001 703 2128 744 cum
2172 688 2238 742 iis
2262 698 2464 748 tamen,
2489 687 2586 756 qui
2620 701 2723 740 non
2760 684 2984 756 perinde
3035 684 3376 740 cohonestati
3429 693 3579 748 sunt,

2003 779 2071 834 de
2096 787 2146 834 te
2179 779 2390 848 tuisque
2417 778 2578 833 rebus
2608 777 2788 832 silere.
2831 775 2966 830 Cum
3014 776 3198 846 itaque
3223 775 3288 829 ad
3326 789 3412 830 me
3445 775 3582 830 seri-

2004 869 2102 927 bas
2141 870 2437 928 Eusebium
2467 869 2777 938 episcnpum
2805 867 3002 923 Pelusii
3049 868 3162 922 suis
3201 866 3580 922 aII'ectionibus

2005 961 2114 1016 cito
2164 973 2286 1017 esse
2363 959 2717 1024 mutabilem,
2768 957 2942 1014 aliena
2996 973 3185 1029 rapere
3245 968 3576 1028 promptum,

2004 1052 2184 1108 animo
2220 1053 2450 1108 celerem
2487 1049 2837 1118 exacerbata,
2876 1049 3080 1106 lentum
3115 1061 3302 1105 contra
3343 1051 3580 1106 tardum-

2001 1160 2108 1214 que
2139 1145 2191 1200 in
2219 1144 2416 1202 debitis
2450 1143 2790 1200 exsolvendis
2827 1157 2841 1193 :
2901 1150 2958 1196 ut
2997 1141 3184 1212 paucis
3227 1141 3576 1211 complectar.

2001 1245 2056 1292 et
2095 1250 2218 1291 esse
2267 1243 2324 1289 et
2369 1234 2558 1290 haberi
2609 1233 2959 1303 impotentem
3008 1230 3076 1286 ad
3141 1230 3580 1302 perturbationes

2004 1325 2175 1381 maias
2214 1324 2547 1396 servilesque
2575 1323 2925 1380 edomandas.
2958 1320 3142 1390 Quare
3167 1323 3212 1376 si
3243 1321 3442 1392 probus
3479 1323 3577 1374 ha-

2005 1417 2118 1472 beri
2149 1417 2324 1486 cupis,
2355 1415 2424 1470 ab
2444 1415 2532 1470 his
2555 1413 2782 1469 maculis
2811 1427 3006 1484 purum
3045 1423 3096 1468 te
3127 1411 3246 1481 ipse
3267 1426 3578 1467 conserves.

2001 1505 2170 1578 618
2215 1505 2518 1560 Absurdum
2566 1505 2716 1560 enim
2783 1503 2928 1558 vitiis
2981 1501 3276 1558 obnoxium
3312 1516 3435 1558 esse
3482 1501 3584 1554 ali-

2001 1612 2188 1667 quem,
2226 1610 2456 1667 quorum
2489 1603 2706 1650 accuset
2733 1593 2898 1649 alium
2935 1609 2950 1647 :
2983 1609 3050 1648 ac
3101 1593 3396 1658 medicum,
3433 1594 3578 1661 quod

2001 1687 2176 1750 aiunt,
2213 1699 2336 1741 esse
2381 1685 2638 1750 aliorum,
2685 1685 2776 1753 qui
2827 1683 3090 1738 ulceribus
3139 1691 3357 1747 scatent,
3400 1680 3578 1736 Velle:

2003 1793 2066 1833 ea
2105 1778 2338 1848 denique
2391 1777 2734 1832 committere
2779 1785 2956 1846 turpe,
2997 1788 3121 1847 quae
3160 1775 3352 1830 acerbe
3399 1788 3584 1843 repre—

1929 1882 1972 1938 Β
1997 1869 2218 1923 hendat.

2297 1973 2384 2031 CX
2395 1973 2548 2030 CVII.
2586 2002 2658 2016 —-
2679 1971 2952 2030 ISIDORO
2983 1970 3295 2030 DIACONO.

325 2071 603 2138 Quomodo
627 2079 678 2126 et
702 2089 868 2144 quare
889 2071 1070 2129 Judwi
1093 2072 1196 2143 ﬁlii
1218 2073 1272 2128 in
1301 2071 1586 2142 Scriptura
1617 2058 1966 2140 appellentur.
2009 2067 2088 2192 οὗ
2109 2066 2390 2137 adoptione
2419 2079 2601 2122 nostra
2643 2081 2739 2136 per
2769 2065 3059 2134 Christum,
3087 2075 3136 2120 et
3169 2074 3367 2136 quanto
3405 2067 3580 2122 studio

783 2188 788 2192 ,
1768 2155 2050 2192 conserva»
2091 2156 2144 2190 α.

1768 2155 2121 2195 conservanda
2129 2176 2144 2190 .

407 2247 626 2320 Ἐπειδὴ
656 2247 902 2322 γέγραφέ
931 2265 1028 2304 σου
1051 2250 1088 2321 ἡ
1133 2249 1378 2314 σύνεσις,
1419 2250 1502 2304 ὅτι
1547 2249 1642 2306 καὶ
1665 2250 1714 2304 οἱ
1759 2249 1895 2304 Ἴου·

312 2339 460 2395 δαῖοι
487 2335 635 2410 εἶχον
657 2337 722 2392 τὸ
741 2338 844 2409 τῆς
868 2337 1141 2403 υἱοθεσίας
1160 2339 1376 2412 ἀξίωμα
1405 2339 1738 2413 (γέγραπται
1763 2339 1892 2412 γάρ·

2073 2246 2358 2304 Scribente
2401 2255 2490 2302 tua
2531 2245 2854 2319 prudentia,
2915 2247 3222 2318 adoptionis
3253 2247 3576 2319 dignitatem

2008 2335 2209 2394 Iudaeis
2243 2337 2407 2394 etiam
2441 2337 2752 2404 obvenisse,
2773 2339 2898 2410 quia
2932 2339 3194 2410 scriptum
3216 2339 3288 2396 sit
3318 2357 3334 2396 :
3367 2357 3386 2392 ι
3410 2337 3582 2394 Filios

316 2449 343 2482 ι
387 2430 551 2493 Υἱοὺς
585 2428 853 2501 ἐγέννησα
882 2429 977 2482 καὶ
1016 2428 1211 2500 ὖψωσα
1238 2469 1253 2493 ,
1287 2430 1445 2484 αὐτοὶ
1480 2431 1538 2485 δέ
1574 2448 1644 2502 με
1693 2429 1898 2502 ἠθέτη-

2009 2429 2241 2486 enutrivi
2273 2437 2330 2486 et
2357 2429 2612 2496 exaltavi,
2646 2429 2750 2501 ipsi
2781 2440 2962 2488 autem
2991 2439 3312 2503 spreverunt
3350 2431 3514 2487 me".
3551 2449 3576 2484 τ

313 2537 444 2578 σανο
482 2539 502 2573 ι
531 2520 648 2584 καὶ,
689 2538 709 2572 ι
729 2518 864 2574 Θεὸν
889 2519 982 2574 τὸν
1010 2521 1348 2592 γεννήσαντά
1368 2537 1426 2574 σε
1449 2521 1806 2592 ἐγκατέλιπες
1822 2519 1898 2593 ι).

2012 2519 2082 2576 Et
2113 2521 2239 2577 alibi
2274 2535 2289 2574 :
2336 2538 2357 2573 ι
2413 2519 2604 2588 Deum,
2637 2520 2729 2592 qui
2770 2528 2830 2577 te
2855 2523 3058 2592 genuit,
3085 2521 3521 2593 dereliquisti";
3549 2539 3574 2575 ο

309 2613 486 2684 φημὶ,
519 2611 607 2666 ὅτι
625 2611 723 2683 οὐχ
751 2611 994 2682 εὑρίσκω
1018 2611 1156 2677 ὅλως
1180 2612 1240 2680 ἐξ
1269 2605 1346 2668 ὧν
1377 2614 1725 2686 προήνεγκας
1759 2629 1899 2684 μαρ-

2007 2611 2134 2668 dico
2187 2626 2294 2668 non
2343 2611 2586 2682 reperire
2638 2626 2725 2668 me
2767 2614 2992 2670 omnino
3040 2627 3108 2669 ex
3141 2615 3230 2678 iis,
3274 2628 3394 2682 «lure
3437 2620 3583 2667 attu-

309 2703 524 2775 τυριῶν
547 2701 971 2775 ἀπολελυμένην,
1003 2703 1126 2757 οὐδὲ
1153 2703 1399 2776 καθαρὰν
1416 2706 1516 2776 τὴν
1555 2703 1744 2777 τιμὴν,
1767 2703 1899 2760 ἀλλὰ

2003 2703 2132 2766 listi,
2161 2703 2489 2759 testimoniis
2522 2702 2830 2759 absolutum
2863 2711 3026 2774 atque
3071 2718 3266 2775 purum
3293 2703 3577 2768 honorem,

321 2795 396 2864 τῇ
437 2791 746 2864 κατηγορίᾳ
785 2793 1308 2866 συμπεπλεγμένην.
1357 2795 1520 2849 ’Ὥστε
1548 2797 1598 2850 εἰ
1650 2795 1728 2868 μὴ
1771 2813 1899 2850 κατ·

2002 2797 2095 2852 sed
2144 2795 2558 2865 reprehensioni
2613 2795 2870 2860 niistum,
2921 2796 2996 2851 ita
3057 2803 3118 2852 ut
3175 2795 3278 2852 nisi
3333 2794 3578 2866 prolapsi

317 2885 602 2956 ηγορῆσαι
632 2884 811 2940 αὐτῶν
838 2885 1125 2958 ἠθέλησεν,
1157 2886 1259 2938 οὐκ
1287 2885 1352 2941 ἂν
1379 2886 1447 2958 ἢν
1484 2887 1590 2958 φὴς
1617 2887 1782 2960 τιμὴν
1806 2888 1899 2942 άν-

2002 2887 2168 2944 Ιιιιιιεί
2190 2898 2392 2954 essent,
2435 2887 2582 2957 ipsos
2601 2887 2898 2944 honorifice
2919 2901 3028 2943 non
3057 2885 3459 2956 compellasset,
3483 2885 3578 2942 sed

311 2977 616 3050 εκήρυξεν.
647 2979 712 3033 El
745 2979 820 3050 μὴ
842 2979 1128 3046 ἔπταισαν,
1165 2979 1264 3034 οὐκ
1296 2979 1363 3036 ἂν
1391 2978 1587 3050 ἔτυχον
1631 2982 1764 3046 ἴσως
1801 2981 1899 3052 τῆς

2002 2982 2053 3038 in
2109 2980 2335 3052 majoris
2395 2981 2840 3052 reprehensionis
2884 2989 3260 3052 argumentum
3319 2981 3580 3036 honorem

308 3057 732 3172 προσηγορίας·
761 3069 880 3124 ἀλλ’
911 3070 1276 3172 είςιμείζονος
1315 3071 1655 3146 κατηγορίας
1699 3072 1899 3128 ὑπόθε-

2002 3073 2344 3130 οοηιιιιηοιίιε
2376 3072 2677 3142 conjunxit.
2710 3071 2969 3141 Tangeris
3004 3073 3152 3128 enim
3186 3072 3329 3139 illos,
3361 3081 3417 3126 et
3475 3071 3578 3126 du-

309 3172 407 3209 σιν
427 3155 528 3226 τὴν
565 3155 732 3228 τιμὴν
760 3159 827 3230 τῇ
872 3157 1080 3229 μέμψει
1121 3159 1442 3228 συνέζευξε·
1481 3160 1896 3230 καθαπτόμενος

2002 3167 2186 3222 ritiarn
2213 3166 2336 3222 aliis
2374 3166 2686 3236 patefacere
2735 3165 2982 3234 cupiens,
3032 3161 3366 3220 accusationi
3409 3161 3583 3217 hono-

307 3247 431 3318 γὰρ
463 3246 642 3300 αὐτῶν
673 3247 770 3302 καὶ
798 3247 1181 3320 ἐκπομπεῦσαι
1219 3251 1318 3322 τὴν
1352 3251 1715 3322 ἀναισθησίαν
1771 3250 1897 3311 βου-

305 3337 570 3408 λόμενος,
603 3340 671 3410 τῇ
705 3338 946 3394 αἰτιάσει
971 3332 1072 3412 τὴν
1099 3340 1266 3414 τιμὴν
1303 3341 1616 3413 παρέπλεξε
1641 3359 1656 3374 ο
1697 3341 1898 3414 μᾶλλον

303 3429 376 3482 δὲ
397 3431 468 3483 ὲκ
499 3430 600 3500 τῆς
628 3429 795 3501 τιμῆς
823 3429 922 3502 τὴν
951 3431 1291 3504 κατηγορίαν
1320 3433 1544 3502 μείζονα
1567 3432 1900 3503 συγγνώμης

307 3521 594 3591 ἀπέφηνε,
618 3539 686 3575 πε
695 3523 749 3593 ρ).
777 3521 834 3576 δὲ
862 3523 972 3576 τῶν
990 3524 1048 3578 ὲν
1069 3527 1136 3594 τῇ
1165 3524 1349 3595 χάριτι
1373 3523 1470 3596 βοᾷ
1491 3525 1520 3578 ὁ
1547 3525 1648 3594 τῆς
1671 3524 1902 3596 βροντῆς

305 3609 438 3672 υἱός
467 3625 482 3640 ⁸
522 3627 542 3660 ι
594 3612 746 3664 Ὅσοι
790 3611 847 3665 δὲ
879 3612 1070 3667 ἔλαϐον
1091 3613 1274 3676 αὑτὸν,
1307 3613 1506 3668 ἔδωκεν
1532 3615 1720 3678 αὐτοῖς
1752 3611 1904 3679 ἐξου-

310 3700 449 3754 σίαν
486 3701 651 3754 τέκνα
679 3701 816 3760 Θεοῦ
847 3703 1128 3772 γενέσθαι.
1166 3723 1184 3756 ι
1239 3705 1370 3760 Ἰδοὺ
1401 3705 1531 3760 ἄνευ
1565 3707 1904 3777 κατηγορίας

309 3793 484 3864 τιμήο
517 3792 634 3846 ίδοὺ
655 3793 755 3864 τῆς
795 3793 1070 3860 υἱοθεσίας
1102 3795 1162 3850 τὸ
1189 3796 1408 3868 ἀξίωμα
1431 3813 1444 3829 ·
1469 3799 1578 3852 ίδοὺ
1609 3799 1708 3868 τῆς
1735 3798 1904 3867 ὑπερ-

307 3883 556 3954 κοσμίου
607 3884 912 3955 συγκλήτου
945 3887 1006 3940 τδ
1039 3885 1308 3959 σύνθημα.
1349 3889 1417 3940 "U
1467 3887 1579 3942 ἄνω
1605 3890 1700 3942 καὶ
1752 3887 1905 3941 κάτω

311 3975 623 4048 προφέρων
649 3979 679 4032 ὁ
709 3977 900 4050 Σωτὴρ
939 3977 1146 4048 ἔλεγενο
1184 3998 1203 4030 ι
1243 3979 1435 4044 ’Ὅπως
1463 3980 1697 4051 γένησθε
1727 3980 1904 4051 ὅμοιοι

303 4067 417 4123 τοῦ
444 4067 656 4138 Πατρδς
675 4068 830 4140 ὑμῶν
858 4069 952 4122 τοῦ
981 4071 1040 4123 ὲν
1065 4071 1174 4132 τοῖς
1205 4071 1507 4142 οὐρανοῖςοι
1540 4073 1656 4138 καὶ,
1694 4089 1715 4122 ι
1747 4065 1904 4126 Οἶδεν

306 4159 346 4210 ὁ
390 4155 582 4228 Πατὴρ
617 4155 771 4226 ὑμῶν
799 4157 828 4209 ὀ
857 4158 1126 4229 οὐράνιος,
1149 4151 1223 4211 ὧν
1254 4159 1444 4229 χρείαν
1472 4158 1646 4230 ἔχετε,
1669 4159 1777 4230 πρὸ
1808 4158 1904 4213 τοῦ

306 4247 654 4318 αἰτήσασθαι
699 4247 883 4303 αὐτόν.
933 4248 1105 4310 Αὐτὸς
1139 4249 1239 4318 μὲν
1281 4245 1378 4302 οὖν
1420 4252 1448 4303 ὁ
1495 4251 1594 4320 τῆς
1631 4250 1904 4315 υἱοθεσίας

308 4337 500 4401 αἴτιος
531 4338 594 4392 τὺ
629 4337 848 4410 ἀξίωμα
893 4338 1174 4410 πανταχοῦ
1213 4338 1600 4410 ἀνακηρύττει.
1644 4341 1703 4394 '0
1746 4341 1804 4394 δὲ
1845 4341 1904 4406 ἐξ

1999 3272 2115 3313 rem
2155 3256 2478 3321 admiscuit,
2526 3265 2621 3312 aut
2655 3255 2838 3312 verius
2880 3255 3086 3311 honore
3135 3253 3322 3309 habito
3359 3266 3582 3308 accusa-

2003 3347 2204 3400 tionem
2237 3345 2392 3402 venia
2418 3345 2698 3416 indignam
2735 3358 2854 3399 esse
2885 3343 3143 3399 ostendit.
3174 3343 3249 3396 De
3294 3342 3361 3396 iis
3404 3341 3576 3406 enim,

2003 3435 2094 3504 qui
2131 3435 2182 3488 in
2205 3434 2378 3504 gratia
2412 3442 2538 3488 sunt
2574 3433 2690 3498 Dei,
2725 3432 2926 3488 clamat
2966 3433 3191 3487 tonitrui
3234 3430 3381 3485 ﬁlius
3413 3429 3579 3485 Joan-

2001 3539 2100 3580 nes
2132 3541 2148 3578 :
2183 3542 2202 3576 ι
2237 3522 2513 3593 Quotquot
2539 3532 2718 3577 autem
2759 3531 3078 3590 receperunt
3123 3535 3272 3585 eum,
3319 3519 3459 3574 dedit
3499 3519 3580 3574 eis

2005 3625 2324 3687 potestatem
2359 3614 2499 3669 ﬁlios
2539 3614 2632 3670 Dei
2666 3613 2872 3668 ﬁeri”.
2917 3631 2937 3666 ι
2985 3612 3126 3668 Ecce
3156 3613 3361 3680 absque
3411 3611 3580 3666 casti-

2005 3707 2220 3777 gatione
2270 3707 2526 3762 honorem
2577 3705 2749 3760 :vide
2801 3705 3106 3774 atIOptionis
3167 3705 3332 3760 decus
3388 3721 3402 3757 :
3455 3704 3580 3757 vide

2005 3799 2245 3856 ctelestis
2269 3799 2512 3854 ordinem
2540 3795 2876 3852 vocationis?
2913 3793 3066 3862 Quod
3085 3792 3252 3850 semel
3274 3795 3582 3860 iterumque

2010 3894 2272 3947 Servator
2301 3889 2588 3960 proferens
2620 3888 2695 3944 ait
2722 3905 2737 3942 :
2773 3906 2793 3940 ι
2823 3887 2896 3944 Ut
2921 3887 3040 3942 sitis
3068 3883 3160 3941 (iiii
3186 3885 3363 3941 Patris
3390 3883 3579 3948 vestri,

2006 3984 2182 4052 quiin
2224 3982 2380 4036 caelis
2424 3988 2509 4036 est
2530 3978 2599 4036 “.
2637 3997 2656 4032 ι
2691 3977 2757 4033 Ει
2801 3987 2926 4050 post
2955 3993 3062 4034 non
3114 3979 3274 4048 longe
3329 3995 3346 4032 :
3409 3993 3430 4029 ι
3467 3973 3584 4031 Scit

2006 4073 2165 4128 Pater
2191 4079 2371 4126 vester
2405 4069 2645 4125 caelestis
2678 4069 2882 4139 quibus
2923 4067 3232 4139 indigentis,
3285 4075 3579 4136 antequam

2007 4163 2204 4234 petatis
2223 4161 2290 4218 “.
2325 4180 2345 4214 ι
2383 4161 2504 4230 Ipse
2549 4161 2715 4231 igitur
2762 4159 3069 4228 adoptionis
3120 4167 3314 4213 auctor
3346 4157 3576 4226 dignitao

2009 4263 2112 4308 tem
2142 4258 2262 4324 ejus
2304 4253 2506 4322 ubique
2559 4250 2902 4322 depraed-icat.
2936 4249 3039 4316 Qui
3085 4264 3212 4304 vero
3237 4264 3304 4303 ex
3347 4247 3581 4306 Iudaico

2009 4343 2222 4414 fastigio
2271 4341 2548 4409 Evangelii
2595 4341 2772 4396 Iactus
2803 4349 2889 4396 est
2931 4354 3048 4404 vas,
3077 4338 3579 4400 ostendens-hono-

324 4429 638 4500 Ἰουδαϊκῆς
680 4428 954 4493 ὲπάλξεως
997 4429 1352 4498 εὐαγγελικὸν
1396 4431 1696 4503 μηχάνημα
1742 4447 1902 4501 γεγο-

310 4517 450 4585 νὼς,
479 4518 693 4583 δεικνὺς
730 4519 831 4592 τὴν
859 4519 1023 4590 τιμὴν
1051 4519 1256 4590 ταύτην
1295 4519 1442 4592 ἔργῳ
1485 4520 1900 4590 βεὸαιωθεϊσαν,

304 4611 426 4681 ἔφη
459 4625 474 4640 ο
513 4627 532 4661 ι
569 4611 644 4664 Οὺ
674 4611 784 4679 γὰρ
840 4610 1064 4664 ἐλάϐετε
1111 4611 1331 4682 πνεῦμα
1359 4612 1602 4676 δουλείας
1634 4613 1798 4668 πάλιν
1825 4615 1899 4678 είς

2005 4611 2288 4681 accepistis
2341 4611 2588 4683 spiritum
2637 4611 2961 4681 adoptionis,
3008 4611 3063 4664 in
3113 4624 3224 4680 quo
3249 4609 3572 4676 clamamus,

302 4701 508 4769 φόϐον,
537 4699 676 4754 ἀλλὰ
695 4699 916 4770 πνεῦμα
935 4699 1227 4767 υἱοθεσίας,
1259 4703 1317 4754 ὲν
1338 4694 1382 4769 ᾧ
1402 4701 1698 4774 κράζομεν,
1731 4702 1899 4756 Ἀϐϐᾶ

2007 4703 2182 4770 Abba,
2223 4699 2405 4756 Pater.
2436 4701 2555 4771 Ipse
2590 4699 2825 4772 Spiritus
2849 4700 3213 4755 testimonium
3243 4700 3416 4756 reddit
3463 4702 3578 4771 spi-

301 4794 339 4846 ὁ
375 4793 572 4863 Πατήρ
599 4807 613 4823 ⁸
644 4791 774 4846 αὐτὸ
805 4791 869 4847 τδ
923 4791 1142 4862 πνεῦμα
1185 4800 1571 4864 συμμαρτυρεῖ
1607 4792 1688 4864 τῷ
1735 4793 1899 4848 πνεύ-

2002 4793 2126 4848 ritui
2157 4786 2366 4858 nostro,
2407 4792 2550 4862 quod
2587 4808 2772 4847 sumus
2796 4791 2890 4846 lilii
2917 4791 3030 4847 Dei.
3065 4791 3120 4846 Si
3151 4800 3333 4848 autem
3366 4791 3484 4860 lilii,
3520 4805 3576 4848 et

301 4900 462 4954 ματι
492 4882 674 4953 ἡμῶν,
719 4884 803 4937 ὅτι
833 4885 1003 4956 ἐσμὲν
1034 4885 1202 4939 τέκνα
1230 4884 1367 4938 Θεοῦ
1395 4901 1408 4914 ·
1445 4887 1494 4939 εί
1521 4885 1580 4939 δὲ
1605 4886 1770 4940 τέκνα
1806 4885 1899 4938 καὶ

2003 4885 2244 4939 basi-cdes
2293 4885 2584 4939 :baeredes
2606 4883 2822 4954 quidem
2875 4882 2990 4946 Dei,
3034 4883 3343 4939 colizeredes
3393 4895 3573 4940 autem

295 4973 680 5042 κληρονόμοι⁹
725 4973 1052 5044 κληρονόμοι
1095 4977 1196 5046 μὲν
1241 4975 1378 5030 Θεοῦ
1402 5016 1416 5040 ,
1469 4975 1899 5048 συγκληρονόμοι

2002 4977 2292 5033 Christi“.
2330 4995 2350 5030 ι
2381 4975 2429 5032 0
2469 4977 2738 5046 ingentem
2775 4975 3068 5030 honorem!
3113 4975 3285 5042 Quam
3311 4976 3418 5030 alte
3455 4990 3581 5031 ere-

297 5065 374 5118 δὲ
411 5065 674 5132 Χριστοῦ.
712 5085 732 5120 ι
756 5067 929 5122 Ilaec).
957 5067 1059 5138 τῆς
1082 5067 1286 5139 τιμῆςι
1323 5067 1448 5132 Πῶς
1491 5067 1606 5139 (58)
1648 5068 1760 5122 ἅνω
1801 5069 1899 5122 ἁν-

2002 5070 2078 5123 xit
2100 5067 2246 5122 humi
2276 5067 2614 5136 prostratos!
2655 5065 2854 5122 Eadem
2884 5069 3030 5122 enim
3055 5082 3218 5139 opera
3271 5079 3328 5124 et
3363 5067 3578 5123 Juumo-

1935 4464 1978 4519 ο
2010 4451 2120 4489 rem
2180 4434 2324 4488 hunc
2353 4447 2516 4503 Opere
2554 4433 2959 4496 conﬁrmatum,
3009 4430 3187 4519 dicit:
3243 4447 3263 4482 ι
3327 4429 3442 4485 Non
3495 4445 3581 4484 aco

2009 4523 2227 4592 cepistis
2247 4523 2498 4591 spiritum
2551 4521 2831 4576 servitutis
2879 4520 3072 4576 iterum
3116 4518 3168 4573 in
3212 4520 3426 4586 timore,
3483 4519 3578 4576 sed

387 5221 436 5255 ²⁴¹
469 5220 576 5279 Isa.
613 5239 654 5284 ι.
683 5222 742 5279 2.
818 5223 864 5256 ³⁸
890 5223 1050 5280 Deut.
1081 5239 1258 5291 xxx",
1289 5227 1376 5280 18.
1452 5227 1499 5256 δ’
1519 5236 1680 5280 Joan.
1705 5237 1746 5290 ι,
1766 5221 1854 5276 I2.
1930 5221 1976 5302 ξ·
2014 5220 2208 5278 Matth.
2235 5221 2397 5290 V,‘5.
2473 5221 2515 5254 “
2535 5220 2726 5277 Matth.
2748 5236 2822 5286 vr,
2853 5222 2908 5278 8.
2979 5221 3026 5257 "
3054 5222 3212 5279 Rom.
3236 5238 3352 5290 vtn,
3379 5221 3566 5279 15o”.

1429 5358 1664 5416 VARle
1703 5357 2094 5415 LECTIONES
2129 5358 2217 5414 ET
2250 5356 2484 5415 ΝΟΤιΕ.

2007 5489 2144 5543 Aliis
2179 5490 2413 5554 medens,
2449 5498 2504 5542 at
2543 5488 2709 5560 ipsius
2743 5493 3004 5546 muribus
3031 5501 3257 5545 scatens.

2004 5580 2190 5653 Uti_tur
2217 5589 2272 5634 et
2293 5577 2586 5653 Gregorius
2613 5579 2918 5653 Theologus
2941 5581 3195 5649 Apologia
3223 5581 3288 5634 de
3305 5596 3403 5653 suo
3418 5580 3570 5653 fuga,

1997 5659 2054 5721 et
2083 5648 2327 5703 Plutarc.
2375 5649 2469 5705 lib.
2519 5649 2593 5706 De
2642 5648 2870 5707 utilitat'o
2913 5667 2980 5706 ea:
3025 5652 3254 5705 inimicis
3291 5648 3583 5721 (rapienda.

391 5493 507 5568 (56)
537 5493 979 5568 Ebvolamutant
1011 5495 1064 5568 in
1106 5495 1318 5568 εῦνοίας
1359 5494 1518 5568 ambo
1549 5493 1708 5568 iid_em
1736 5489 1898 5546 codd.

291 5575 365 5620 et
403 5563 780 5636 verende],
809 5581 906 5632 pro
930 5565 1106 5636 ὁρμὴν
1145 5565 1330 5636 legunt
1367 5565 1566 5635 ὁρμήν.
1606 5563 1821 5636 Possm.

390 5633 506 5705 (57)
557 5633 912 5690 Proverbialis
953 5633 1036 5690 est
1063 5633 1112 5688 ‘e
1167 5633 1350 5690 vetere
1400 5633 1672 5704 tragoedia
1742 5643 1898 5686 sena-

335 5719 436 5758 ms
466 5719 484 5758 :

293 5721 532 5852 ἷΑλλων
563 5795 771 5866 ίατρθδς,
799 5795 960 5860 αὐτὸς
985 5795 1167 5850 ἕλκεσι
1199 5794 1406 5868 βρύων,

2002 5717 2434 5860 δϐἱῗξῖὶιυιεηι
2464 5789 2626 5848 iidem
2657 5789 2772 5856 πῶς
2802 5791 2854 5846 in
2886 5789 3010 5848 ποῦ.
3041 5789 3253 5847 Possm.

637 5885 909 5949 PATBOL.
955 5891 1068 5950 Gn.
1119 5889 1430 5950 LXXVIII.
3141 5883 3212 5946 46
