4070 6382
563 394 695 462 1451

1786 385 1846 445 S.
1890 384 2184 444 ISlDORI
2230 384 2660 444 PELUSIOT/E

3663 397 3777 464 1452

563 522 682 561 rum
746 500 1140 576 ignobilitatem
1206 498 1493 566 Apostolus
1550 496 1620 550 ob
1680 493 1867 547 oculos
1927 492 2133 561 ponit:

2253 497 2427 565 ήγαγε
2440 492 2563 581 τοὺς
2585 491 2760 560 χαμαὶ
2805 491 3134 561 κειμένους;
3180 490 3342 562 Ὀμοῠ
3374 512 3429 548 τε
3461 498 3561 572 γὰρ
3582 504 3666 558 καὶ
3694 512 3778 581 τὴν

564 597 903 653 nobilitatem
933 602 1122 648 contra
1151 590 1608 649 Cltristiauormn,
1641 599 1806 654 quam
1857 583 2006 636 omni
2036 594 2139 648 ope

2261 580 2530 634 Ἰουδαίων
2555 581 2994 653 μικροπρέπειαν
3021 581 3296 636 δείκνυσιν
3315 587 3342 639 ὁ
3371 585 3688 662 Ἀπόστολος,
3704 604 3782 655 καὶ

562 701 781 742 servare
798 687 1003 756 justum
1037 684 1219 745 fuerit,
1259 697 1327 736 ne
1355 683 1555 736 honore
1576 677 1893 732 excidentes
1928 675 2142 744 gravius

2250 670 2345 742 τὴν
2379 670 2722 740 Χριστιανῶν
2782 670 3261 743 μεγαλοπρέπειαν
3289 690 3302 704 ⁸
3355 676 3418 748 ἢν
3447 683 3599 737 παντὶ
3634 687 3782 745 σθένει

561 781 909 848 castigentur,
937 781 1123 845 utpote
1153 780 1302 827 tanto
1333 770 1537 841 indigni
1567 769 1792 823 honore.

715 1069 991 1128 CXCVIII.
1033 1099 1101 1109 ——
1149 1062 1549 1122 HARPOCRE
1600 1057 1987 1118 SOPHISTE.

2246 766 2446 821 δίκαιοι
2481 767 2548 821 ἂν
2602 768 2795 838 εἴημεν
2840 767 3075 837 φυλάξαι
3099 785 3115 801 ο
3169 769 3255 823 ἵνα
3288 770 3362 843 μὴ
3395 774 3489 844 τῆς
3538 776 3684 847 ἀξίας
3707 782 3780 836 ἐκ.

2249 857 2545 961 πεσόντες,
2578 858 2994 971 ἁργξιλεώτερον
3033 860 3409 933 κολασθῶμεν,
3454 864 3526 931 ώς
3571 869 3692 941 μηδὲ
3732 860 3814 971 τῇι

2245 946 2484 1020 τοσαύτῃ
2518 949 2650 1018 τιμῇ
2678 946 3087 1017 βελτιωθέντες.

2521 1056 2710 1125 run.
2740 1088 2811 1100 -
2838 1058 3171 1130 ΑΡΠΟΚΡᾼ
3210 1059 3517 1135 Σοφιετξι.

1743 1152 2011 1225 Graphica
2043 1152 2380 1223 hypolgposis
2427 1150 2667 1205 laudata.

638 1276 703 1333 Ut
739 1288 1063 1346 generosum
1112 1285 1309 1339 equum
1356 1275 1531 1338 pictor
1587 1266 1826 1334 optimus
1870 1265 2014 1319 elata
2055 1263 2143 1319 de-

568 1370 798 1440 pingt-ns
824 1363 1037 1417 cervice
1055 1362 1347 1435 spirantem
1372 1369 1539 1427 prope
1558 1353 1725 1427 619
1754 1362 2143 1423 repracsentare

565 1460 792 1512 studens
819 1466 870 1508 ct
902 1471 1023 1508 cum
1081 1452 1193 1520 ipsa
1247 1463 1496 1518 pugnans
1530 1456 1721 1501 natura
1779 1442 2013 1515 imponit
2041 1442 2141 1510 ipsi

2323 1260 2537 1330 Ὥσπερ
2554 1258 2774 1331 ἀριστος
2802 1258 3096 1330 ζωγράφος
3120 1259 3288 1315 ἵππον
3316 1260 3521 1334 γαῦρον
3536 1266 3625 1321 καὶ
3647 1268 3790 1339 ὑψαύ.

2248 1365 2379 1421 χενα
2443 1348 2709 1418 γράφων,
2764 1349 3047 1418 μονονουχὶ
3099 1346 3340 1419 ἔμπνουν
3398 1352 3556 1407 αὐτὸν
3606 1358 3790 1429 ποιῆσαι

2249 1439 2736 1512 φιλοτιμούμενος,
2782 1441 2877 1494 καὶ
2912 1440 3051 1513 πρὸς
3088 1440 3188 1513 τὴν
3217 1441 3380 1512 φύσιν
3423 1444 3786 1518 ἁμιλλώμενος,

563 1566 686 1603 cum
748 1548 904 1601 freno
958 1545 1327 1614 prudentiam,
1379 1540 1524 1594 sistit
1578 1538 1774 1608 ipsum,
1828 1550 1937 1605 quo
1999 1543 2142 1588 stare

2250 1533 2499 1606 ἐμϐάλλει
2551 1534 2649 1606 μὲν
2701 1532 2853 1604 αὐτῷ
2919 1533 3059 1604 μετὰ
3113 1534 3211 1588 τοῦ
3276 1536 3497 1609 χαλινοῦ
3557 1540 3791 1611 φρόνημα,

564 1641 677 1695 vult
706 1641 859 1696 loco:
897 1638 973 1690 sic
1000 1644 1055 1690 et
1103 1646 1192 1689 tua
1246 1633 1484 1689 eruditio
1534 1645 1633 1687 suo
1690 1643 1945 1685 sermone
1997 1625 2143 1681 clare

566 1730 720 1785 nobis
743 1726 1085 1798 prudentium
1118 1724 1260 1779 illius
1309 1723 1407 1777 viri
1438 1719 1734 1791 impressit,
1772 1729 1831 1774 ut
1865 1717 2014 1772 illum
2063 1715 2142 1771 vi-

564 1824 691 1875 dere
715 1820 890 1890 potius
917 1832 1080 1887 quam
1116 1816 1330 1870 litteras
1369 1814 1603 1883 scriptas
1645 1811 1831 1883 legens
1871 1809 2140 1866 videatur.

1055 2106 1287 2164 CXCIX.
1308 2135 1376 2146 ——
1409 2102 1642 2160 EIDEM.

2248 1626 2429 1698 ἵστησι
2461 1625 2517 1680 δὲ
2561 1625 2724 1683 αὐτὸν
2767 1627 2825 1678 ἐν
2862 1625 3014 1697 αὐτῷ
3047 1625 3127 1697 τῷ
3177 1626 3358 1681 θέλειν
3394 1628 3611 1685 ἑστάναι
3638 1648 3649 1661 ·
3683 1633 3798 1687 οὕτω

2263 1716 2423 1788 καὶὴ
2467 1718 2535 1789 σὴ
2579 1716 2862 1782 παίδευσις
2900 1716 2990 1771 διὰ
3033 1716 3129 1771 τοῦ
3170 1717 3332 1790 λόγου
3385 1719 3569 1789 σαφῶς
3606 1724 3724 1793 ἡμῖν
3750 1724 3801 1776 τὸ

2265 1807 2521 1880 φρόνημα
2576 1808 2800 1879 τάνδρὸς
2846 1808 3177 1881 ἐνεχάραξεν
3201 1852 3217 1877 ,
3281 1810 3360 1875 ὡς
3429 1812 3588 1865 αὑτὸν
3628 1814 3803 1868 ἐκεῖνον

2267 1901 2401 1972 ὁρᾷν
2451 1901 2578 1964 τοὺς
2635 1898 3113 1971 ἀναγινώσκοντας
3181 1902 3387 1973 μᾶλλον
3439 1904 3473 1976 ἢ
3536 1903 3600 1960 τά
3653 1906 3807 1978 γράμ-

2181 2005 2223 2059 B
2254 2008 2424 2064 ματα.

2734 2104 2897 2173 mea
2932 2133 3003 2147 -
3032 2105 3120 2177 To
3153 2106 3362 2179 ΔΥΤῼ.

774 2205 860 2260 Ea:
896 2205 1039 2260 vultu
1067 2202 1282 2273 conjicit
1313 2202 1376 2256 de
1405 2201 1607 2266 animo,
1648 2196 1855 2253 Zosimi
1878 2197 2086 2267 opinor,
2132 2198 2220 2250 cui
2254 2198 2457 2254 litteras
2503 2200 2819 2255 tradiderat.
2858 2198 3090 2270 (Similis
3128 2203 3287 2270 epist.
3328 2201 3455 2268 156,
3500 2200 3642 2273 I99.)

634 2315 809 2373 Simul
838 2326 1005 2384 atque
1050 2321 1154 2367 tute
1182 2309 1471 2381 probitatis
1516 2308 1730 2365 litteras
1774 2306 1868 2363 ille
1906 2307 2138 2376 accepit,

563 2424 726 2479 quem
763 2406 1049 2462 nominare
1098 2403 1223 2458 nolo
1258 2403 1388 2472 (non
1442 2400 1590 2457 enim
1614 2400 1822 2469 scripto
1855 2398 2143 2452 memoria-

563 2513 669 2569 que
696 2494 1022 2566 cstdiguus)
1069 2492 1432 2564 perniciosum
1489 2491 1621 2560 quid
1650 2505 1718 2546 ac
1776 2491 1917 2544 rictu
1961 2490 2144 2543 minax

564 2590 773 2656 arrisit,
823 2596 883 2642 ut
941 2586 1180 2650 assolet,
1235 2582 1451 2653 quoties
1494 2581 1574 2637 ira
1615 2582 1810 2653 plenus
1861 2579 2142 2649 turgescit.

564 2685 853 2740 Certamen
885 2688 1068 2734 autem
1116 2677 1399 2732 horridum
1445 2687 1737 2746 aggressus
1769 2680 1873 2740 est,
1920 2681 1977 2726 et
2010 2670 2147 2725 forte

565 2771 813 2844 perfecit,
852 2770 960 2825 nisi
989 2770 1102 2837 ipse
1129 2766 1525 2824 ecclesiasticis
1553 2764 1933 2821 sanctionibus
1965 2760 2144 2818 iactus

565 2865 637 2919 sit
671 2862 991 2920 certaminis
1018 2859 1257 2915 occasio.

851 2967 957 3024 CC.
975 2998 1047 3009 —
1064 2964 1361 3023 OPIlELIO
1387 2961 1880 3021 SCHOLASTICO.

2326 2310 2418 2374 Ὠς
2458 2306 2676 2373 ἐδέξατο
2705 2310 2807 2379 τῆς
2841 2308 2940 2379 σῆς
2974 2306 3389 2379 καλοκάγαθίας
3433 2312 3503 2365 τὰ
3534 2312 3807 2386 γράμματα

2245 2402 2476 2463 ἐκεῖνος,
2507 2400 2566 2454 ὃν
2596 2400 2655 2453 οὐ
2686 2399 2948 2470 βούλομαι
2975 2399 3155 2469 λέγειν
3196 2403 3215 2471 (
3238 2401 3319 2474 μὴ
3352 2402 3461 2474 γὰρ
3495 2402 3579 2475 εἴη
3618 2407 3807 2474 γραφῆς

2253 2494 2349 2546 καὶ
2367 2494 2588 2562 μνήμης
2615 2491 2810 2562 ἄξιος),
2840 2492 3084 2564 ὀλέθριον
3111 2494 3208 2565 μέν
3230 2512 3284 2547 τι
3301 2495 3397 2549 καὶ
3420 2495 3643 2566 σεσηρὸς
3663 2512 3811 2567 προσ-

2248 2582 2579 2652 εμειδίασεψ
2621 2576 2735 2636 οἷον
2773 2583 2993 2649 εἰώθει,
3023 2585 3207 2638 εἴποτε
3250 2586 3428 2657 ὀργῆς
3467 2586 3805 2657 ὲμπλησθείηυ

2248 2673 2411 2728 ἄθλου
2441 2674 2497 2727 δὲ
2532 2674 2709 2745 ἥψατο
2752 2675 3098 2747 φρικώδους,
3139 2678 3236 2731 καὶ
3289 2678 3733 2742 ἀποτελεσθέντπ
3755 2678 3807 2731 ἂν

2252 2768 2416 2832 ἴσως,
2447 2768 2497 2821 si
2542 2766 2618 2839 μὴ
2665 2768 2829 2832 αὐτὸς
2866 2770 3085 2839 ἐγένετο
3111 2764 3278 2835 ἆθλος
3310 2770 3423 2842 (40)
3473 2774 3587 2836 τοῖς
3637 2772 3811 2839 ἐκκλη-

2253 2859 2553 2920 σιαστικοῖς
2584 2857 2826 2927 θεσμοῖς.

2564 2964 2637 3021 Συ.
2679 2995 2751 3006 -
2793 2966 3040 3040 ΟΦΕΛΙῼ
3069 2970 3537 3043 ΣΧΟΛΑΣΤΙΚῼ.

987 3056 1188 3114 Contra
1222 3058 1445 3111 nimium
1474 3055 1751 3108 mulierum
1783 3063 2046 3108 ornatum.
2081 3053 2261 3126 (Conf.
2299 3058 2452 3125 epist.
2488 3058 2575 3123 66,
2610 3058 2702 3112 lib.
2750 3074 2833 3124 ιιι,
2865 3068 2915 3113 et
2952 3077 3070 3129 sup.
3108 3064 3264 3132 epist.
3297 3062 3419 3135 25.)

636 3170 863 3226 Miriﬁce
928 3169 1181 3239 equidem
1238 3167 1401 3221 laudo
1450 3176 1689 3220 veterem
1743 3165 2138 3234 Spartanomm

2314 3163 2449 3217 Δίαν
2482 3164 2696 3236 ἄγαμαι
2742 3164 2842 3237 τὴν
2888 3166 3129 3222 παλαιὰν
3166 3170 3599 3243 Λακεδαίμονα,
3624 3174 3819 3242 κοσμεῖ-

566 3261 755 3317 urbem
788 3259 1034 3315 honestis
1086 3258 1353 3312 matronis
1402 3266 1657 3311 ornatum
1701 3254 2145 3319 interdicentem,

558 3367 725 3425 quem
749 3351 946 3409 scortis
988 3349 1322 3420 impurisque
1360 3345 1578 3402 feminis
1617 3346 1790 3416 magis
1829 3344 2145 3412 convenire,

558 3462 686 3517 qua:
742 3446 965 3514 laqueos
1006 3457 1068 3497 ac
1111 3441 1246 3495 retia
1286 3437 1724 3494 adolescentibus
1776 3436 1986 3490 luxuria
2026 3450 2149 3490 cor-

556 3540 741 3611 ruptis
777 3538 1020 3601 tendant,
1049 3535 1416 3589 existimabat.
1449 3529 1581 3596 Quae
1614 3528 1760 3582 enim
1810 3541 1933 3581 sese
1974 3538 2135 3580 ornet

568 3635 866 3706 pudicaque
897 3639 1175 3703 appareat,
1201 3636 1397 3683 ornatu
1426 3626 1597 3680 nimio
1629 3624 1877 3679 morbum
1909 3630 2149 3677 ostentat

564 3742 749 3785 suum.
804 3724 959 3792 Quod
1029 3736 1188 3777 sacra
1244 3717 1576 3773 denuntians
1630 3715 1910 3783 Scriptura
1956 3713 2150 3767 suadet

560 3834 675 3874 non
717 3828 772 3872 et
828 3813 1165 3883 margaritis,
1215 3810 1299 3866 vel
1347 3809 1581 3881 pretiosa
1633 3818 1804 3873 veste,
1839 3807 1933 3861 sed
1989 3804 2149 3860 bonis

552 3910 822 3979 operibus
847 3907 1100 3975 pietatem
1136 3902 1378 3958 colentes
1404 3898 1659 3957 exornari
1679 3898 1746 3950 “.
1785 3897 1842 3951 Id
1870 3896 1917 3951 si
1953 3909 2049 3965 per
2087 3910 2147 3951 se

556 3999 908 4067 ιὶιιερίρίιιαιιιτ,
939 3992 1080 4061 dico,
1111 3992 1358 4058 monilia,
1384 3991 1620 4060 lapidum
1652 3986 1935 4058 fulgorem,
1979 3996 2034 4040 et
2060 3987 2147 4040 iu-

571 4104 750 4153 aures,
790 4104 911 4142 cum
940 4087 1169 4141 deformi
1210 4083 1422 4139 mulieri
1482 4092 1593 4136 tum
1648 4080 1889 4150 pulchrae
1930 4080 2143 4133 obesse.

558 4182 718 4235 .lllam
752 4180 895 4234 enim
940 4178 1366 4248 reprehendunt,
1429 4173 1497 4227 ab
1555 4172 1657 4225 hac
1688 4185 1818 4224 vero
1872 4177 2145 4223 avertunt.

559 4272 995 4341 ‘Bnprchendunt
1059 4271 1305 4339 quidem,
1388 4266 1690 4333 turpiorem
1772 4262 2143 4327 ostendendo;

563 4365 846 4419 abducunt
870 4378 1000 4417 vero
1025 4378 1052 4414 a
1077 4359 1343 4429 pulchris,
1366 4372 1490 4413 cum
1520 4359 1584 4410 de
1618 4356 1723 4408 illis
1743 4354 1886 4422 loqui
1918 4354 2143 4421 nollent,

563 4460 634 4511 de
674 4466 872 4511 ornatu
905 4455 1074 4510 nimio
1105 4462 1287 4507 tamen
1321 4453 1484 4507 verba
1520 4449 1744 4505 faciunt.

848 4650 981 4708 CCI.
1028 4681 1099 4694 —
1154 4648 1453 4706 ELAPIIIO
1511 4646 1861 4706 EPISCOPO.

2252 3255 2375 3310 σθαι
2417 3257 2881 3329 ἀπαγορεύσασαν
2934 3262 3056 3323 ταῖς
3096 3260 3348 3332 σώφροσι
3393 3262 3504 3317 τῶν
3545 3260 3816 3330 γυναικῶν*

2250 3348 2497 3421 ἑταίραις
2526 3349 2635 3419 γὰρ
2670 3349 2907 3418 πρέπειν
2926 3350 3069 3404 τοῦτ’
3102 3352 3349 3423 ἐνόμισε,
3381 3357 3505 3418 ταῖς
3534 3354 3626 3407 καὶ
3662 3353 3818 3421 πάγας

2249 3442 2345 3495 καὶ
2371 3441 2562 3496 δίκτυα
2600 3444 2694 3496 ἐπὶ
2731 3443 2875 3515 θήρᾳ
2921 3443 3032 3497 τῶν
3076 3444 3398 3500 ἀκολάστων
3434 3447 3570 3500 νέων
3602 3446 3822 3500 ἐπινοού-

2252 3549 2397 3599 σαις.
2442 3534 2509 3587 Ἥ
2536 3534 2646 3605 γάρ
2680 3534 2880 3606 κοσμία
2914 3536 3008 3588 καὶ
3039 3537 3275 3608 σώφρων
3305 3534 3452 3591 εἶναι
3483 3538 3707 3592 δοκοῦσα
3729 3579 3743 3603 ,
3776 3538 3817 3588 εἰ

2249 3623 2408 3678 τοῦτο
2436 3623 2675 3695 δράσειε,
2707 3623 2806 3695 τὴν
2835 3624 3044 3679 οἰκείαν
3074 3626 3428 3697 ἐκπομπεύει
3456 3629 3631 3682 νόσον.
3659 3627 3818 3696 ’Δπερ

2250 3715 2708 3786 ἀποκηρύττουσα
2748 3717 2783 3786 ἡ
2831 3714 2952 3769 θεία
2984 3716 3175 3789 Γραφὴ
3207 3722 3508 3790 παραινεῖ,
3550 3720 3623 3791 μὴ
3652 3715 3815 3790 χρυσῷ

2250 3808 2346 3861 καὶ
2378 3808 2783 3880 μαργαρίταις,
2831 3809 2865 3881 ἢ
2911 3810 3101 3882 ἐσθῆτι
3140 3811 3455 3877 πολυτελεῖ,
3505 3814 3620 3869 ἀλλ’
3662 3813 3822 3886 ἔργοις

2252 3894 2480 3964 ἀγαθοῖς
2503 3896 2829 3965 κοσμεῖσθαι
2859 3897 2958 3963 τὰς
2978 3899 3078 3971 τῆς
3104 3899 3422 3967 θεοσεϐείας
3449 3903 3750 3974 ἐφιεμένας.
3777 3901 3825 3952 Ill

2248 3987 2307 4041 δὲ
2345 3988 2453 4060 χρὴ
2499 3988 2597 4041 xa‘t
2628 3988 2761 4041 αὐτὸ
2799 3990 2861 4043 τὸ
2897 3993 3128 4062 πρᾶγμα
3172 3993 3296 4046 καθ’
3340 3995 3510 4049 ἑαυτὸ
3554 3993 3823 4065 σκοπῆσαι,

2251 4079 2396 4148 φημὶ
2424 4078 2563 4148 (LI),
2601 4079 2685 4132 ὅτι
2723 4079 2885 4151 ὅρμοι
2909 4122 2925 4148 ,
2972 4080 3069 4135 καὶ
3112 4082 3282 4151 αὐγαὶ
3332 4083 3529 4152 λίθων,
3567 4085 3663 4138 καὶ
3691 4098 3819 4153 asp:-

2248 4168 2475 4242 δέρῤαια
2504 4170 2599 4224 καὶ
2636 4173 2757 4236 ταῖς
2788 4172 3091 4238 δυσειδέσι,
3128 4174 3223 4228 καὶ
3269 4178 3399 4241 ταῖς
3445 4177 3589 4246 ἄγαν
3617 4175 3817 4248 ώραίαις

2249 4260 2693 4329 ἀντιπράττουσι·
2726 4261 2824 4326 τὰς
2849 4262 2948 4333 μὲν
2983 4263 3092 4336 γὰρ
3122 4263 3439 4336 ἐλέγχουσι,
3488 4267 3601 4321 τῶν
3652 4266 3706 4320 δὲ
3740 4266 3821 4317 ὰπ-

2249 4353 2463 4420 άγουσιο
2482 4351 2581 4416 τὰς
2602 4352 2702 4422 μὲν
2717 4353 3035 4425 ἐλέγχουσι,
3060 4356 3324 4422 κακίονας
3346 4356 3788 4430 ὲπιδεικνυμένας
3803 4369 3815 4384 ⁸

2248 4445 2359 4499 τῶν
2404 4444 2462 4498 δὲ
2508 4446 2834 4515 ἀπάγουσιν.
2883 4446 3173 4518 Ἀφέμενοι
3208 4449 3319 4521 γὰρ
3362 4450 3462 4504 τοῦ
3506 4451 3637 4522 περὶ
3669 4444 3824 4503 αὐτῶν

2253 4537 2491 4609 φράσαι,
2522 4538 2652 4609 περ)⁸
2685 4537 2792 4591 τῶν
2820 4539 3064 4609 κοσμίων
3095 4540 3469 4610 διαλέγονται.

2570 4647 2691 4701 ΣΛἏ
2735 4675 2804 4686 ——
2843 4649 3090 4723 ΕΛΑΦΙῼ
3130 4652 3518 4727 ΕΠΙΣΚΟΠῼ.

569 4761 748 4829 Ofﬁcii
783 4763 863 4815 sui
893 4763 1255 4842 admonendos
1286 4775 1400 4841 esse
1434 4762 1853 4842 concinnatores,
1884 4758 2113 4842 eleganti
2153 4759 2341 4840 suadet
2366 4759 2521 4840 epist.
2564 4774 2789 4842 quorttm
2828 4760 3140 4842 prwdicatip
3172 4773 3227 4816 ut
3257 4781 3277 4815 ι
3310 4764 3370 4818 in
3405 4762 3825 4835 persuasibilibus

995 4833 1244 4886 humana:
1275 4831 1549 4899 sapientia:
1572 4830 1886 4899 verbis,non
1912 4828 1969 4881 in
2008 4828 2303 4884 ostensione
2329 4828 2550 4897 spiritus
2580 4837 2628 4881 et
2663 4828 2893 4884 virtutis.
2936 4849 2956 4881 ι
3001 4829 3053 4901 (1
3087 4829 3211 4887 Cor.
3240 4849 3299 4900 ιι,
3335 4828 3424 4905 4.)

665 4937 971 4995 Vehemens
1032 4940 1246 4995 dicendi
1298 4938 1535 4995 studium
1595 4945 1807 4994 mentes
1862 4937 2143 4993 hominum

570 5031 704 5086 inire
760 5032 860 5085 hoc
928 5030 1126 5085 sacculo
1199 5030 1418 5098 invasit,
1486 5028 1834 5097 Semnonum,
1900 5027 2141 5099 inquam,

566 5123 825 5188 studium,
861 5137 968 5176 non
995 5122 1087 5189 qui
1126 5121 1194 5175 ad
1235 5122 1604 5191 prudentiam,
1640 5120 1734 5178 sed
1771 5121 1835 5175 ad
1886 5120 2135 5188 volupta-

641 5278 686 5312 “
709 5278 730 5331 1
754 5277 895 5333 Tim.
936 5291 998 5341 ιι,
1033 5276 1085 5332 9.

2327 4935 2513 5000 Δεινὸς
2543 4935 2717 5003 λόγων
2744 4936 2883 5009 ἔρως
2913 4942 3036 5003 ταῖς
3059 4940 3171 4995 τῶν
3198 4943 3513 5013 ἀνθρώπων
3542 4945 3736 5017 ψυχαῖς
3762 4943 3826 5005 είς

2250 5026 2440 5080 τοῦτον
2476 5026 2567 5081 τὸν
2596 5028 2786 5099 καιρὸν
2819 5029 3147 5102 ἐπεκώμασε
3172 5051 3186 5065 ο
3224 5034 3404 5103 λόγων
3434 5037 3495 5091 δὲ
3515 5075 3531 5101 ,
3568 5037 3708 5109 φημὶ
3727 5075 3741 5100 ,
3778 5034 3826 5085 οὐ

2243 5120 2352 5174 τῶν
2389 5120 2768 5190 σωφρονίζειν,
2809 5123 2945 5178 ἀλλά
2987 5125 3095 5180 τῶν
3123 5126 3350 5198 τέρπειν
3390 5130 3522 5195 τοὺς
3550 5128 3826 5187 ἀκούοντας

1658 5380 1896 5437 νΑιιιιλΕ
1941 5379 2324 5438 LECTIONES
2361 5382 2450 5438 ET
2491 5384 2722 5445 NOT/E.

644 5525 759 5597 (40)
779 5521 1002 5597 'AOJoc
1023 5519 1284 5591 ἐγένετο.
1305 5516 1566 5597 suspicor
1588 5517 1697 5597 leg.
1710 5516 1889 5597 satos,
1912 5518 2142 5597 inept-ite,

570 5586 778 5650 ne'vo’x
810 5586 993 5648 denuo
1011 5586 1307 5660 repetatur,
1334 5586 1603 5660 dicatque,
1629 5588 1744 5660 nisi
1774 5586 2142 5660 ecclesiasticis

571 5664 936 5719 sanctionibus
981 5654 1136 5714 ludos
1194 5658 1398 5730 fecerit.
1453 5654 1573 5717 Vel,
1620 5655 1802 5730 ἆθλος,
1848 5658 2141 5730 privandus

571 5733 775 5786 scilicet
833 5732 1003 5799 gradu
1065 5725 1413 5800 presbyterii,
1461 5733 1553 5779 aut
1593 5725 2073 5800 sgggisptjcendus
2120 5746 2133 5781 :

574 5812 629 5851 ut
660 5802 724 5853 de
770 5793 982 5853 Zo'simo
1010 5793 1093 5863 ep.
1130 5799 1192 5852 I2
1228 5793 1439 5862 131.569,
1471 5811 1589 5864 pag.
1615 5793 1739 5847 985.
1776 5795 1912 5859 Quid
1943 5797 1985 5849 si
2022 5800 2137 5852 5.02-

2246 5525 2569 5650 ἓῖξωζθέαε,
2614 5528 2666 5583 id
2713 5537 2830 5593 est,
2882 5532 3067 5591 irritus
3091 5575 3107 5604 ,
3161 5537 3494 5610 abrogatas,
3550 5535 3825 5593 abdicatus.

2316 5663 2429 5735 ιιι)
2457 5666 2569 5742 ,Pro
2612 5672 2756 5741 φημὶ
2799 5673 2954 5731 codd.
3004 5677 3121 5732 Vat.
3168 5678 3274 5733 650
3311 5688 3370 5733 et
3422 5679 3538 5735 an.
3591 5675 3821 5734 scribunt

2244 5733 2482 5804 φήσαιμί
2514 5747 2567 5791 et
2597 5733 2740 5795 vers.
2773 5759 2888 5814 seq.
2935 5762 3033 5817 pro
3060 5746 3291 5819 ὡραίας,
3322 5733 3817 5818 ὡραίαιςζροεεικ.
