4070 6370
379 387 518 456 1453

367 588 772 658 ἁποστολικῶν,
807 593 947 650 ἀλλὰ
985 599 1424 670 Δημοσθενικῶν·
1460 609 1522 662 οὐ
1568 617 1943 685 προφητικῶν,

365 677 479 732 ἀλλ’
507 680 819 751 ἐριστικῶν
850 685 912 739 ού
937 687 1046 741 τῶν
1071 688 1172 760 τὴν
1207 689 1388 764 ψυχὴν
1419 677 1945 774 είκρριῖναι-δυναμέ-ἰ

365 785 490 836 νων,
515 771 655 826 ἀλλὰ
682 773 792 828 τῶν
817 775 916 848 τὴν
962 778 1134 851 ἀκοὴν
1165 780 1381 852 θέλγειν
1409 787 1700 846 εἰωθότων·
1731 793 1794 847 οὐ
1833 771 1944 851 τῶν

363 858 450 913 διὰ
484 861 580 915 τοῦ
611 864 939 934 ἐμπνεῖσθαι
987 869 1093 924 ὑπὸ
1115 861 1228 927 τῶν
1270 873 1524 945 πράξεων
1555 880 1651 934 τοῦ
1689 881 1942 952 λέγοντος

361 950 598 1022 ζώντων,
632 955 769 1010 ἀλλὰ
797 957 906 1014 τῶν
935 959 1024 1014 διὰ
1056 961 1156 1035 τὴν
1187 965 1522 1036 εὐγλωττίαν
1550 972 1632 1036 εἰς
1660 950 1832 1042 ἀκοὰς
1857 997 1942 1034 νε-

361 1041 496 1112 κρὰς
515 1045 914 1117 ὲνηχουμένων.
947 1049 1012 1102 Τί
1037 1046 1130 1106 οὖν
1151 1055 1404 1126 ποιητέον
1427 1075 1442 1124 ;
1485 1041 1822 1135 σιωπητέον,
1844 1068 1940 1121 καὶ

356 1131 510 1186 οὐδὲν
562 1132 820 1204 ).εκτέον;
879 1138 997 1194 ἀλλ’
1049 1141 1413 1202 ἐπικίνδυνον.
1485 1131 1663 1206 Ἀλλὰ-
1703 1155 1935 1226 ρητέον;

351 1221 465 1276 ἀλλ’
503 1224 604 1278 οὐκ
632 1229 713 1289 εἰς
751 1227 1022 1298 ὠφέλειαν
1061 1233 1090 1287 ό
1131 1233 1290 1304 λόγος
1323 1238 1416 1292 καὶ
1449 1239 1628 1311 ἔργων
1653 1221 1934 1315 ἐπίδειξιν,

350 1313 466 1368 ἀλλ’
511 1319 592 1381 εἰς
645 1319 843 1390 κρότον
878 1321 1043 1392 μόνον
1087 1325 1360 1400 τελευτᾷ·
1391 1330 1509 1385 ἀλλ’
1554 1333 1602 1386 εἰ
1649 1336 1746 1389 καὶ
1791 1313 1936 1393 οὕτω

349 1405 520 1460 ταῦτα
548 1407 663 1480 ἔχει
683 1449 698 1476 ,
726 1411 969 1482 ἄμεινον,
1001 1415 1078 1481 ὡς
1101 1413 1278 1490 οἶμαι,
1309 1422 1535 1478 εἰπόντα
1561 1425 1637 1498 μὴ
1663 1427 1934 1502 ἀκουσθῆ-

343 1513 462 1564 ναι,
502 1498 535 1571 ἢ
575 1501 651 1572 μὴ
701 1503 926 1560 εἰπόντα
964 1507 1331 1582 ἑγκληθῆναι·
1372 1532 1392 1566 ι
1439 1517 1596 1571 Διατί
1647 1518 1710 1572 τὺ
1759 1498 1934 1592 ἀργύ-

345 1588 462 1658 ριόν
491 1609 598 1661 μου
635 1593 696 1646 οὐ
745 1596 1051 1662 κατέόαλες
1091 1601 1186 1655 ἐπὶ
1215 1603 1344 1669 τοὺς
1379 1605 1738 1676 τραπεζίτας,
1777 1588 1934 1681 κάγὼ

343 1681 515 1738 ἐλθὼν
543 1685 806 1758 ἀπῄτησα
825 1689 891 1744 ἂν
908 1691 1042 1750 αὐτὸ
1067 1693 1165 1748 σὺν
1187 1694 1268 1767 τῷ
1303 1697 1448 1770 τόκῳ
1471 1713 1486 1764 ;
1511 1717 1530 1750 ι
1559 1700 1784 1770 Λεγέτω
1819 1721 1932 1758 τοι-

340 1771 548 1843 γαροῦν
577 1776 606 1828 ὁ
635 1775 957 1849 δυνάμενος,
1007 1781 1096 1836 ῖνα
1123 1784 1264 1856 πρὸς
1294 1787 1422 1852 τοὺς
1456 1788 1757 1856 ἀκούοντας
1852 1795 1930 1867 τῷ

337 1867 502 1937 κριτῇ
535 1866 564 1919 ό
594 1865 772 1937 λόγος.

747 2071 864 2128 Σειν.
890 2103 963 2114 -
1003 2075 1513 2154 οΛΥΜΠΙΟΔΩΡῼ.

1309 403 1846 476 EPISTOLARUM
1885 420 2033 482 LIB.
2075 423 2142 485 V.
2183 451 2252 461 -
2290 427 2526 491 EPIST.
2565 431 2736 496 CCII.

370 496 706 570 δυναμένων,
750 499 811 555 οὐ
843 507 1255 576 πνευματικῶν,
1303 510 1442 568 ἀλλὰ
1469 520 1822 586 σοφιστικῶνο
1847 525 1949 580 οὐκ

3490 448 3626 517 1454

1979 535 2022 591 Α
2058 536 2164 584 tem
2214 532 2742 610 delectationemque
2795 541 3136 604 auditoribus
3199 548 3625 622 ingenerandam

2053 621 2274 680 ralem:
2333 641 2436 680 non
2473 629 2538 682 de
2571 628 2731 686 rebus
2771 632 3140 702 spiritualibus
3187 621 3378 710 habiti,
3425 649 3520 704 sed
3561 651 3632 708 de

2048 710 2364 784 fallacibus;
2417 733 2523 772 non
2565 719 2632 773 de
2659 723 2992 792 apostolicis,
3028 728 3122 783 sed
3155 729 3624 807 Detnosthenicis;

2048 818 2153 858 non
2202 807 2560 876 propheticis,
2621 813 2716 866 sed
2781 821 3167 886 eontetttiosis;
3233 839 3338 879 nou
3401 828 3469 884 de
3505 835 3626 887 ani-

2050 909 2197 948 mum
2274 898 2752 969 exhilarantibus,
2823 909 2918 962 sed
2976 912 3218 967 auditum
3311 917 3624 978 demulcere

2043 985 2252 1055 solitis;
2307 1004 2412 1045 non
2459 993 2550 1062 qui
2603 993 2781 1050 vivida
2831 997 3060 1056 dicentis
3115 1018 3280 1073 opera
3335 1008 3620 1081 inspirant,

2042 1076 2136 1132 sed
2204 1081 2298 1148 qui
2357 1093 2582 1153 prapter
2637 1085 3004 1157 eloquentiam
3076 1095 3221 1152 nudo
3279 1113 3344 1153 ac
3410 1076 3624 1159 mortuo

2041 1169 2232 1224 auditu
2273 1173 2638 1244 excipiuntur.
2675 1177 2817 1244 Quid
2849 1180 3014 1250 igitur
3051 1182 3400 1244 faciendum?
3432 1202 3620 1250 tacen-

2041 1257 2280 1316 dumne?
2305 1265 2396 1320 sed
2425 1265 2528 1320 hoc
2550 1268 2913 1337 periculosum
2943 1283 3046 1330 est.
3083 1275 3164 1332 An
3221 1294 3352 1348 ergo
3397 1283 3622 1354 loquen-

2041 1347 2206 1403 dum?
2247 1360 2306 1407 at
2326 1354 2378 1407 id
2411 1357 2555 1425 quod
2575 1357 2796 1426 dicitur,
2832 1361 3000 1434 620
3039 1380 3217 1436 neque
3265 1347 3498 1428 fructum
3525 1393 3625 1431 nec

2038 1453 2262 1509 operum
2329 1445 2583 1502 eﬂ'eetum
2633 1451 2881 1520 sortitur,
2933 1461 3026 1512 sed
3083 1459 3136 1513 in
3183 1461 3435 1530 plausum
3481 1466 3616 1524 abit.

2040 1528 2145 1586 Sed
2175 1534 2278 1588 etsi
2315 1537 2386 1590 ita
2437 1553 2528 1593 res
2559 1540 2747 1622 habet,
2799 1544 3083 1603 dicendum
3117 1528 3469 1612 nihilominus
3510 1570 3615 1622 est,

2037 1633 2386 1697 praestatque,
2415 1638 2472 1684 ut
2503 1619 2718 1702 opinor,
2757 1635 3030 1694 dicentem
3080 1657 3185 1696 non
3213 1646 3416 1712 audiri,
3454 1661 3617 1717 quam

2037 1727 2144 1768 non
2171 1714 2442 1772 dicentem
2491 1733 2522 1774 a
2554 1719 2783 1779 Domino
2809 1730 3129 1794 reprehendi
3165 1749 3180 1788 :
3222 1751 3242 1785 ι
3277 1714 3486 1802 (ξύει-ε’
3511 1753 3616 1792 non

2036 1801 2230 1860 dedisti
2263 1809 2546 1888 pecuniam
2575 1827 2751 1867 meam
2780 1817 2850 1871 ad
2880 1833 3146 1891 mensam,
3176 1833 3232 1879 et
3257 1839 3356 1897 ego
3395 1828 3618 1885 veniens

1961 1895 2000 1954 Β
2030 1894 2098 1948 ad
2128 1911 2346 1952 usuram
2377 1903 2679 1972 exegissem
2711 1904 2860 1962 illam
2881 1902 2954 1958 ἰδῖ
2988 1929 3007 1962 ι
3059 1894 3310 1970 Peroret'
3332 1917 3500 1988 igitur
3523 1919 3616 1990 qui

2036 1996 2237 2055 potest,
2269 2005 2335 2045 ne
2365 1992 2432 2046 ad
2467 1993 2744 2053 auditores
2767 1998 2837 2053 sit
2853 1998 3021 2068 iudici
3046 2016 3244 2062 sermo.

2393 2101 2548 2162 CCII.
2603 2136 2676 2148 -ο
2734 2106 3250 2174 OLYMPIODORO.

334 2174 698 2248 Xenophontis
719 2180 784 2235 de
817 2180 1040 2240 Socrate
1058 2185 1268 2257 judicio
1293 2199 1344 2246 et
1373 2193 1610 2265 exemplo
1634 2195 1916 2323 hortaltur,
1932 2213 1990 2259 ut
2019 2209 2220 2333 1:13;!“
2243 2215 2426 2271 otiosis
2452 2227 2503 2272 et
2523 2219 2774 2278 inanibus
2807 2227 3332 2299 contemplationibus
3358 2246 3610 2296 virtutum

1709 2285 1772 2322 ac
1800 2287 1912 2327 ιοηι
1941 2291 1998 2330 88
2063 2295 2092 2333 ε
2131 2292 2207 2333 al.

1709 2285 1912 2327 actioni
1941 2291 1998 2330 se
2027 2285 2207 2338 dedat.

415 2353 753 2428 ’Λφέμενος,
794 2352 840 2414 ὦ
891 2361 1062 2432 σοφὲ,
1109 2363 1222 2420 τῶν
1269 2371 1780 2444 μεταρσιολεσχῶν,
1828 2379 1926 2433 καὶ

329 2447 874 2518 μετεωροσοφιστῶν,
915 2452 1010 2506 καὶ
1053 2452 1376 2527 λεξιθήρων,
1409 2459 1522 2512 τῶν
1551 2461 1718 2517 πλέον
1746 2464 1922 2536 λόγων

325 2535 565 2608 ἐχόντων
616 2538 806 2608 μηδὲν,
855 2541 936 2606 εἰς
987 2543 1086 2616 τὴν
1127 2547 1436 2620 πρακτικὴν
1470 2551 1674 2626 ἀρετὴν
1722 2535 1920 2612 σαυτὸν

326 2627 629 2693 σύντεινον,
661 2630 760 2702 τὴν
808 2635 1114 2706 μακαρίους
1144 2637 1558 2707 ἅποφαίνουσαν
1603 2645 1731 2711 τοὺς
1782 2648 1916 2724 ἐρα-

327 2718 494 2784 στάς·
546 2722 595 2774 εἰ
649 2721 708 2776 δὲ
759 2723 861 2776 οἴει
906 2729 1027 2790 ταῖς
1069 2727 1178 2782 τῶν
1227 2729 1472 2802 ἀρχαίων
1521 2735 1772 2808 γνώμαις
1816 2718 1918 2794 -δί-

325 2826 486 2864 καιον
537 2805 680 2866 εἶναι
749 2814 952 2884 μᾶλλον
995 2817 1330 2887 ἀκολουθεῖν,
1353 2824 1479 2888 τοὺς
1535 2805 1733 2892 ἄλλους
1781 2831 1920 2898 τέως

325 2902 552 2974 παρεὶς,
591 2903 757 2960 αὐτὸν
799 2905 892 2962 τὸν
931 2910 1062 2978 παρ’
1093 2910 1271 2966 αὐτῶν
1317 2915 1632 2986 σοφώτατον
1659 2920 1919 2978 ἁπάντων

325 2993 635 3065 ἀνθρώπων
702 2999 1132 3069 κηρυττόμενον,
1185 3004 1461 3078 ἐγγυητὴν
1517 3008 1626 3064 τῶν
1675 3013 1914 3084 ἐμαυτοῦ

327 3087 505 3155 λόγων
557 3087 887 3162 παρέξομαι.
923 3091 990 3144 Τί
1029 3090 1122 3148 οὖν
1157 3112 1289 3168 φησι
1343 3098 1595 3169 Ξενοφῶν
1651 3104 1783 3176 περί
1812 3105 1907 3159 αὑ-

327 3175 426 3231 τοῦ
473 3179 623 3250 (42);
672 3197 692 3232 ι
723 3181 915 3246 Οὐδεὶς
951 3181 1170 3240 πώποτε
1212 3188 1536 3260 Σωκράτους
1593 3192 1746 3288 οὐδὲν
1785 3196 1915 3250 ἀσε-

2023 3175 2584 3284 éocrateltnﬂinlpitim
2614 3175 2754 3288 vqruid
2815 3175 2910 3276 aut
2968 3223 3128 3280 nefan

325 3266 448 3334 ϐὲς,
511 3269 666 3322 οὐδὲν
721 3269 956 3340 ἀνόσιον,
1014 3272 1140 3327 οὔτε
1191 3275 1524 3348 πράττοντος
1573 3275 1734 3349 εἴδεν,
1787 3283 1912 3340 οὔτε

2022 3299 2176 3360 vidit,
2237 3311 2331 3354 aut
2387 3266 2575 3360 dircere
2627 3266 2863 3364 sudirit.
2916 3309 3030 3368 Nec
3091 3329 3123 3370 e

322 3359 582 3430 λέγοντος
629 3361 883 3432 ἧκουσεν.
938 3365 1075 3418 Οὐδὲ
1121 3367 1229 3439 γὰρ
1282 3371 1410 3442 περὶ
1465 3372 1566 3443 τῆς
1612 3373 1724 3428 τῶν
1776 3377 1915 3431 πάν·

323 3466 438 3505 των
471 3451 708 3520 φύσεως,
740 3453 885 3523 ἅπερ
909 3454 1020 3508 τῶν
1045 3457 1220 3512 ἄλλων
1245 3461 1296 3512 οἰ
1321 3461 1560 3518 πλεῖστοι
1585 3465 1910 3536 διελέγοντο,

326 3541 554 3598 σκοπῶν
576 3545 727 3608 ὅπως
745 3546 778 3599 ὁ
798 3545 1134 3620 καλούμενος
1159 3550 1265 3604 ὑπὸ
1277 3552 1388 3606 τῶν
1409 3557 1680 3625 σοφιστῶν
1707 3559 1912 3632 κόσμος

316 3635 466 3707 ἔχει,
495 3638 593 3691 καὶ
618 3638 762 3693 τίσιν
807 3640 1080 3711 ἀνάγκαις
1105 3643 1314 3700 ἕκαστα
1349 3647 1560 3716 γίνεται
1592 3651 1701 3706 τῶν
1737 3654 1907 3726 οὐρα-

323 3728 485 3795 νίων,
515 3729 654 3784 ἀλλὰ
685 3731 782 3786 καὶ
813 3731 940 3796 τοὺς
971 3735 1354 3806 φροντίζοντας
1385 3743 1644 3808 τοιαῦτα,
1699 3747 1908 3818 μωραί-

315 3837 517 3886 νοντας
538 3821 876 3879 ὲπεδείκνυε.
906 3826 1017 3880 Καὶ
1047 3826 1264 3898 πρῶτον
1297 3831 1415 3902 μετ’
1445 3833 1627 3888 αὐτῶν
1656 3836 1904 3910 ἐσκόπει,

323 3911 562 3984 πότερόν
603 3929 736 3968 ποτε
781 3917 1104 3986 νομίσαντες
1149 3921 1354 3988 ἱκανῶς
1407 3924 1510 3997 ήδη
1556 3927 1906 4000 τάνθρώπινα

311 4003 552 4072 εἰδέναι,
582 4005 835 4080 ἔρχονται
875 4009 970 4064 ἐπὶ
1004 4010 1068 4064 τὸ
1108 4013 1372 4070 τοιούτων
1405 4015 1734 4090 φροντίζειν·
1763 4019 1797 4092 ἢ
1835 4021 1906 4076 τὰ

309 4093 428 4164 μὲν
447 4094 768 4168 ἀνθρώπινα
795 4101 1084 4172 παρέντες,
1107 4103 1176 4157 τὰ
1202 4103 1458 4177 δαιμόνια
1485 4108 1546 4162 δὲ
1571 4111 1904 4178 σκοποῦντες

309 4185 582 4256 ⁴ἡγοῦνται
611 4188 680 4244 τὰ
712 4191 1062 4263 προσήκοντα
1088 4194 1385 4266 πράττεινο
1419 4199 1698 4270 ἐθαύμαζε
1728 4202 1786 4257 δὲ
1805 4247 1821 4271 ,
1852 4207 1902 4260 εἰ

307 4279 398 4349 μὴ
426 4282 662 4352 φανερόν
706 4283 855 4338 ἐστιν
889 4285 1107 4351 αὐτοῖς,
1141 4289 1224 4342 ὄτι
1253 4289 1430 4346 ταῦτα
1457 4294 1518 4346 ού
1555 4293 1780 4350 δυνατὸν
1804 4299 1900 4352 ἀν-

307 4367 561 4438 θρώποις
586 4371 787 4443 εὑρεῖν.
826 4373 981 4430 Ἐπεὶ
1008 4377 1101 4431 καὶ
1123 4379 1250 4442 τοὺς
1283 4381 1542 4452 μέγιστον
1564 4386 1899 4456 φρονοῦντας

306 4459 410 4514 ἐπὶ
450 4461 528 4532 τῷ
568 4463 700 4536 περὶ
735 4465 942 4522 τούτων
989 4469 1206 4540 λέγειν,
1243 4473 1307 4526 οὐ
1348 4473 1418 4527 τὰ
1463 4475 1603 4532 αὐτὰ
1653 4479 1899 4546 δοξάζειν

2101 2389 2361 2462 Omissis,
2399 2410 2434 2453 o
2460 2399 2700 2470 sapiens,
2758 2403 2981 2460 sublimi
3011 2408 3312 2481 loquentis,
3364 2428 3634 2475 memoro-

2029 2482 2353 2554 sophistica,
2401 2501 2464 2544 ae
2489 2491 2781 2548 verborum
2813 2493 3188 2568 inquisitione,
3231 2519 3352 2572 qua
3405 2513 3596 2576 verba,

2027 2585 2291 2644 prieterea
2347 2583 2521 2650 nihil,
2580 2586 2854 2655 continet,
2887 2595 3154 2649 contende
3188 2609 3297 2665 qna
3329 2609 3484 2667 potes
3537 2604 3606 2655 ait

2026 2665 2306 2734 virtutem,
2332 2685 2455 2740 quae
2475 2673 2526 2727 in
2554 2677 2768 2730 actione
2801 2688 2884 2734 est
2913 2681 3109 2749 posita,
3145 2699 3210 2738 ac
3241 2665 3606 2746 Sttlﬁttlllaltles

2023 2754 2214 2814 beatos
2248 2762 2444 2818 reddit.
2477 2765 2609 2820 Atsi
2661 2779 2904 2822 reteruni
2941 2773 3120 2839 potius
3148 2777 3436 2834 sententiis
3481 2782 3604 2837 duci

2023 2844 2254 2914 placeat,
2287 2863 2408 2905 cum
2442 2853 2565 2909 aliis
2593 2855 2857 2913 hactenus
2891 2860 3205 2931 adhaeseris,
3259 2882 3405 2934 eum,
3443 2885 3603 2940 quem

2023 2938 2337 2994 mortalium
2371 2944 2614 2998 omnium
2650 2946 3117 3016 sapientissimum
3141 2951 3242 3023 ipsi
3281 2938 3604 3026 pronuntia-

2022 3035 2172 3096 runt,
2225 3043 2506 3089 auctorem
2579 3037 2684 3092 mei
2732 3039 2893 3111 hujus
2949 3042 3079 3098 dicti
3125 3043 3308 3099 laudo.
3363 3048 3438 3104 De
3495 3067 3604 3122 quo

2019 3119 2188 3188 quid,
2229 3136 2435 3192 quasso,
2491 3125 2791 3198 Xenophon
2841 3131 3042 3188 refert?
3093 3153 3112 3188 ι
3162 3134 3355 3206 Nemo,
3407 3119 3602 3214 inquit,

3135 3229 3261 3285 dum
3315 3232 3602 3301 designare

3127 3316 3237 3372 nim
3286 3318 3359 3374 de
3417 3336 3598 3377 rerum

2018 3392 2261 3444 omnium
2297 3402 2492 3450 natura
2535 3396 2614 3452 sic
2665 3399 2989 3472 disserebat,
3051 3407 3127 3461 uti
3165 3410 3476 3480 complures
3505 3414 3596 3470 alii

2017 3481 2319 3552 philosophi
2375 3486 2688 3544 :nimirum
2745 3493 3121 3562 considerans,
3177 3513 3285 3570 quo
3344 3513 3505 3571 pacto
3552 3505 3599 3560 is

2017 3572 2108 3640 qui
2144 3589 2172 3627 a
2211 3575 2614 3642 professoribus
2667 3581 2952 3650 sapientia:
2999 3590 3232 3646 mundus
3273 3594 3597 3666 appellatur,

2015 3673 2169 3722 ortus
2195 3667 2289 3730 sit,
2315 3669 2624 3741 quibusque
2657 3674 2722 3728 de
2767 3676 2948 3740 causis
2993 3683 3322 3740 necessariis
3369 3687 3598 3757 singula:

2015 3768 2104 3811 res
2138 3755 2387 3814 ctelestes
2407 3759 2693 3817 liantJmo
2731 3779 2844 3831 eos,
2883 3766 3102 3834 qni~his
3143 3769 3305 3826 rebus
3356 3755 3586 3845 occupa-

2013 3857 2226 3915 rentur,
2243 3848 2422 3908 fatuos
2451 3866 2573 3910 esse
2591 3855 3024 3914 demonstrabat.
3058 3859 3136 3916 Ac
3167 3861 3400 3932 primum
3428 3865 3495 3922 de
3527 3867 3594 3922 iis

2013 3939 2118 3996 boc
2169 3941 2574 4009 considerabat,
2621 3962 2688 4000 an
2742 3949 2884 4018 quod
2934 3950 3037 4006 rati
3087 3966 3146 4007 se
3203 3953 3440 4010 humana
3479 3955 3590 4026 jam

2010 4033 2146 4090 satis
2182 4033 2490 4105 intelligere
2545 4037 2612 4090 ad
2663 4051 2728 4092 ea
2771 4043 3054 4096 tractanda
3111 4045 3455 4113 accederent,
3519 4064 3587 4104 an

2012 4122 2217 4178 relictis
2300 4125 2462 4179 rebus
2538 4125 2792 4182 humanis
2847 4129 3058 4185 divinas
3130 4135 3584 4204 contemplantes,

2009 4225 2128 4281 quae
2159 4213 2241 4268 sui
2276 4223 2462 4269 essent
2485 4214 2670 4280 otllcii,
2723 4230 2783 4270 se
2833 4216 3014 4273 facere
3045 4229 3322 4288 putarent.
3353 4223 3588 4279 Miraba-

2013 4312 2102 4356 tur
2123 4304 2287 4356 etiam
2337 4319 2442 4359 non
2487 4319 2582 4362 eos
2619 4305 2923 4364 clarissime
2966 4309 3296 4380 perspicere,
3333 4313 3582 4370 homines

2000 4391 2381 4448 hascinvenire
2399 4410 2502 4450 non
2535 4409 2714 4464 posse.
2740 4395 2850 4452 Nec
2864 4399 3006 4453 enim
3030 4414 3141 4466 eos,
3167 4401 3259 4470 qui
3288 4403 3578 4474 plurimum

2005 4491 2261 4554 arrogant
2293 4484 2415 4549 sibi,
2447 4487 2588 4554 quod
2613 4487 2679 4541 de
2715 4488 2800 4542 his
2831 4489 3102 4545 disserere
3127 4491 3330 4559 norint,
3360 4494 3580 4550 easdem

305 4549 604 4622 ἀλλήλοις.
641 4553 778 4608 ἀλλὰ
824 4559 937 4621 τοῖς
982 4560 1334 4632 μαινομένοις
1369 4565 1571 4636 ὁμοίως
1595 4567 1901 4626 διακεῖσθαι

2021 4549 2159 4628 ωιθῖ
2191 4587 2252 4628 se
2303 4575 2590 4645 Opiniones
2635 4577 2840 4645 fovere,
2899 4581 2994 4634 sed
3030 4579 3361 4638 furiosorum
3403 4586 3580 4640 instar

309 4641 458 4711 πρὸς
499 4641 786 4713 ἀλλήλους.
821 4663 840 4697 ι
876 4646 1062 4702 Ταῦτα
1092 4649 1190 4721 μὲν
1231 4647 1326 4706 οὖν
1353 4651 1603 4731 Ξενοφῶν
1627 4657 1898 4732 ἔγραψενο

299 4732 409 4786 καὶ
449 4733 677 4790 Πλάτων
696 4735 754 4790 δὲ
779 4737 810 4790 ὁ
836 4737 946 4793 τῶν
971 4739 1148 4807 ἄλλων
1167 4741 1426 4800 ἁπάντων
1447 4745 1896 4824 ἐλλογιμώτερος,

301 4821 410 4875 καὶ
439 4821 678 4892 μάλιστα
711 4824 930 4884 πάντων
964 4831 1054 4885 τὸν
1078 4833 1375 4908 Σωκράτην
1404 4837 1800 4910 ἐπιστάμενος,
1831 4843 1900 4897 τὰ

291 4911 454 4967 αὐτὰ
483 4911 563 4984 τῷ
603 4913 909 4986 Ξενοφῶντι
945 4920 1035 4975 διὰ
1077 4923 1295 4980 πάντων
1332 4927 1526 4982 ἑαυτοῦ
1559 4931 1746 5003 σχεδὸν
1787 4933 1897 4988 τῶν

291 5003 576 5075 διαλόγων
619 5009 1042 5068 κατεσκεύασεν.
1071 5015 1136 5070 Εἰ
1161 5017 1340 5074 τοίνυν
1369 5021 1623 5088 κάκεῖνος
1643 5065 1659 5092 ,
1695 5024 1896 5096 μᾶλλον

229 5161 242 5178 ’
289 5095 366 5150 δὲ
395 5097 658 5166 κάκεῖνοι,
685 5099 780 5156 καὶ
795 5101 1144 5178 ἐπετήδευον,
1161 5108 1256 5164 καὶ
1283 5107 1490 5182 ἔλεγον,
1509 5113 1605 5168 καί⁷
1631 5095 1892 5189 ἔγραφον,

381 5247 429 5282 ⁸⁸
455 5249 649 5309 Matth.
673 5270 798 5323 xxv,
821 5255 913 5314 27.

2004 4661 2146 4716 inter
2169 4676 2229 4718 se
2254 4657 2597 4731 comparatos
2626 4679 2801 4722 esse.»
2826 4667 2892 4722 Et
2919 4668 3261 4740 itaacquidem
3275 4671 3574 4744 Xenophon

2001 4753 2206 4822 scripta
2261 4753 2500 4824 reliquit.
2551 4754 2708 4812 Plato
2761 4771 2980 4830 quoque
3043 4762 3262 4818 caeteris
3321 4765 3576 4822 omnibus

2003 4843 2184 4911 magis
2255 4845 2491 4902 disertus
2553 4839 2620 4903 in
2670 4850 2924 4906 omnibus
2975 4865 3116 4922 pene
3171 4853 3402 4928 dialogis
3437 4857 3578 4916 ξύει

2006 4935 2245 4991 tradidit.
2265 4935 2434 5006 Igitur
2469 4937 2515 4994 si
2558 4939 2661 4995 iste
2707 4941 2793 4997 vel
2837 4941 2911 4998 illi
2949 4945 3134 5014 potius
3175 4957 3230 5004 et
3273 4957 3577 5007 statuerunt

2002 5032 2056 5080 et
2105 5026 2397 5094 dixerunt,
2445 5028 2894 5103 scripseruntque
2960 5036 3216 5094 virtutem
3265 5039 3324 5094 in
3363 5040 3580 5096 actione

2001 5119 2231 5190 positam
2265 5123 2624 5180 exercendam
2665 5136 2809 5182 esse.
2835 5124 2956 5197 Ipsa
2977 5127 3122 5185 enim
3149 5171 3166 5198 ,
3195 5139 3254 5188 ut
3287 5139 3344 5187 et
3362 5129 3577 5189 Platani

1417 5376 1654 5434 VARUS
1695 5379 2081 5440 LECTIONES
2121 5383 2209 5440 ET
2238 5387 2468 5444 NOTAE.

383 5521 500 5597 με)
685 5523 759 5580 De
789 5527 944 5580 dictis
983 5536 1033 5581 et
1079 5526 1236 5596 [actis
1283 5529 1548 5597 Socratis,
1601 5535 1719 5588 init.
1750 5535 1891 5590 Tra-

1992 5541 2188 5619 mnlta_s
2221 5541 2404 5619 fuerit,
2436 5543 2682 5619 disputat
2712 5546 2953 5619 Asellius
2982 5547 3054 5601 lib
3090 5561 3177 5619 xw
3201 5545 3568 5619 Noct._dttic.,

291 5593 445 5649 didit
466 5593 522 5649 et
543 5593 737 5649 Cicero
767 5597 834 5650 de
865 5597 1018 5652 Socr.
1061 5593 1456 5676 phﬂosophiant
1483 5617 1514 5656 e
1536 5593 1678 5657 caelo
1706 5605 1758 5658 in
1787 5615 1892 5660 ter—
1989 5593 2349 5676 cap.773‘;7sed
2370 5593 2682 5668 i-eréiiii'iii
2707 5593 3123 5671 KBII'i'tLEéius
3167 5617 3259 5672 lib.
3289 5631 3319 5670 ν
3356 5593 3568 5676 Verior:

295 5679 400 5720 ras
443 5665 740 5736 domosque
784 5665 1086 5736 revocasse.
1133 5667 1347 5726 Tuscut.
1407 5670 1499 5724 lib.
1543 5687 1596 5736 ν,
1636 5676 1886 5730 Academ.

293 5734 402 5790 lib.
443 5749 484 5796 I,
509 5743 568 5809 e_t
605 5749 618 5787 t
656 5734 749 5809 lib.
786 5735 868 5809 De
912 5749 1042 5809 nat._
1083 5740 1323 5809 deorum.
1373 5734 1748 5809 Xenophontis
1792 5761 1890 5798 att-

295 5814 415 5859 tetn
443 5813 499 5858 et
531 5800 790 5869 Platonis,
837 5807 1076 5861 Socratis
1104 5807 1432 5874 auditorum,
1470 5800 1542 5867 aii
1583 5812 1763 5878 aliqua
1811 5815 1887 5868 si-

1987 5677 2131 5746 lua,
2159 5694 2281 5748 cap.
2322 5679 2410 5748 14,
2449 5691 2504 5737 et
2528 5682 2820 5738 Athenaeus
2867 5683 2963 5740 lib.
2999 5685 3286 5744 undecimo
3323 5687 3572 5743 Δειπνο-

1985 5763 2132 5818 cogo.
2163 5756 2217 5806 et
2243 5749 2494 5809 Laertius
2529 5753 2580 5808 in
2608 5751 2854 5809 Platone.
2885 5753 3123 5811 Sotion.
