4070 6412
409 483 421 515 ι
470 425 608 487 1455

1673 409 1730 469 S.
1773 404 2065 467 ISIDORI
2097 399 2535 463 PELUSIOTIE

3590 386 3698 448 1456

417 506 421 532 ἲ
466 534 687 605 placuit,
736 531 820 585 via
853 536 933 583 est
969 526 1170 596 optima
1211 525 1274 578 ad
1309 525 1563 592 pietatem
1622 521 1844 582 ducens,
1897 527 1950 572 et
1991 517 2042 568 in

2162 511 2245 582 τὴν
2277 509 2588 580 πρακτικὴν
2612 507 2819 560 ἀσκεῖν·
2847 501 2987 572 αὕτη
3010 501 3139 572 γὰρ,
3163 499 3238 561 ὡς
3256 499 3348 552 καὶ
3374 499 3448 567 τῷ
3474 499 3700 554 Πλάτωνι

464 622 892 680 ιιιιωιιὶεεὶιιιυηι
932 619 1182 672 desinens
1225 630 1495 684 campum.

923 814 1104 871 CCIII.
1135 844 1201 855 —
1233 811 1587 884 cassum.

2151 604 2317 664 δοκεῖ,
2346 599 2606 668 καλλίστη
2638 597 2786 651 ἐστὶν
2806 595 2942 659 ὁδὸς,
2961 593 3053 645 ἐπὶ
3069 591 3170 661 τὴν
3198 589 3472 642 εὐσέϐειαν
3491 591 3700 658 ἄγουσα,

2160 694 2252 746 καὶ
2279 693 2358 754 εἰς
2387 690 2646 744 πλατεῖαν
2676 685 3022 757 εὐρυχωρίαν
3051 680 3375 735 τελευτῶσα.

2634 795 2749 848 ΣΓν.
2783 823 2849 833 -
2880 788 3247 858 ΚΑΣΣΙΑΝῼ.

1516 903 1656 970 Quid
1688 902 1958 970 (ii/ferant,
1991 894 2218 958 ἄϐουλος
2246 893 2339 946 καὶ
2367 889 2684 952 ἀϐούλητος.

534 1025 654 1080 Non
683 1023 820 1078 idem
856 1030 940 1076 est
962 1018 1324 1089 imprudentia
1352 1026 1405 1070 et
1437 1013 1862 1070 involuntarium
1894 1010 2051 1065 ἀϐου-

467 1117 556 1169 λον
616 1114 708 1166 καὶ
770 1109 1090 1178 ἀϐούλητον.
1141 1107 1270 1162 Illud
1329 1106 1471 1158 enim
1510 1101 2046 1165 iIIconsiderantiaIn,

471 1205 572 1257 hoc
621 1216 750 1255 vero
807 1201 1030 1252 invitum
1063 1207 1116 1250 et
1155 1212 1259 1251 non
1302 1197 1570 1249 volentem
1603 1190 1875 1260 signiﬁcat
1920 1205 1933 1242 :
1995 1197 2050 1241 et

469 1294 600 1347 illud
631 1292 680 1345 in
709 1290 943 1360 agendo,
975 1289 1076 1342 hoc
1100 1288 1150 1340 in
1177 1285 1425 1354 patiendo
1447 1281 1609 1354 621
1633 1279 1888 1334 cernitur.
1917 1275 2047 1329 Nam

472 1386 601 1438 illud
652 1384 795 1437 actio
857 1391 939 1435 est
981 1379 1412 1441 inconsiderata,
1479 1376 1580 1427 hoc
1663 1385 1795 1425 vero
1849 1377 2037 1423 coacta

469 1478 666 1547 passio.

938 1579 1113 1635 CCIV.
1151 1609 1221 1618 —
1261 1574 1584 1633 AUSONIO.

2217 1005 2292 1056 Ού
2344 1002 2540 1055 ταυτὸν
2581 1002 2642 1053 τὸ
2685 997 2933 1064 ἄϐουλον,
2967 995 3063 1049 καὶ
3094 993 3155 1048 τὺ
3184 991 3497 1062 ἀϐούλητον·
3529 988 3589 1044 τδ
3625 990 3722 1061 μὲιξ

2157 1094 2265 1164 γὰρ
2289 1093 2348 1145 τὸ
2377 1090 2804 1162 ἀπερίσκεπτον,
2827 1088 2890 1140 τὸ
2922 1063 2982 1140 δὲ
3008 1085 3070 1138 τὸ
3099 1082 3350 1138 ἀκούσιον
3394 1081 3600 1152 μηνύει·
3629 1063 3724 1132 καὶἶ

2153 1153 2214 1238 τὸ
2236 1153 2338 1256 μὲν
2368 1187 2447 1247 εἰς
2479 1153 2538 1236 τὸ
2569 1182 2850 1253 πράττειν,
2881 1179 2942 1232 τὸ
2969 1179 3026 1232 δὲ
3056 1178 3138 1240 εἰς
3175 1175 3234 1228 τὸ
3267 1175 3494 1243 πάσχειν
3525 1153 3729 1243 βλέπει..

2157 1279 2230 1331 Τὸ
2269 1277 2366 1346 μὲν
2401 1277 2510 1348 γάρ
2543 1277 2690 1328 ἐστιν
2718 1273 2993 1335 ἄσκεπτος
3027 1267 3256 1339 πρᾶξις,
3289 1265 3350 1318 τὸ
3382 1265 3438 1318 δὲ
3462 1278 3713 1333 κατηναγ-

2158 1369 2434 1437 κασμένον
2466 1364 2655 1428 πάθος.
3739 1347 3753 1370 ⁸

2643 1568 2758 1622 ΣΔι.
2796 1595 2864 1608 -
2907 1561 3224 1630 amoma.

1033 1672 1305 1737 Quomodo
1340 1679 1475 1722 recte
1492 1665 1756 1737 judicium
1787 1663 2208 1718 administretur.
2241 1660 2472 1715 Pulchra
2500 1660 2576 1714 rei
2613 1659 2861 1719 iudicata:
2895 1653 3161 1727 gradatio.

542 1784 734 1840 Omnis
758 1778 1126 1836 controversia
1173 1774 1374 1842 judicio
1406 1772 1690 1827 dirimatur
1719 1788 1732 1824 :
1781 1768 2039 1837 judicium

2229 1771 2294 1822 Ἦ
2325 1769 2423 1838 μὲν
2454 1767 2865 1837 ἀμφισϐήτησις
2893 1766 3072 1834 κρίσει
3095 1755 3443 1829 ἀναρτάσθω·
3467 1755 3499 1824 ἠ
3521 1753 3576 1807 δὲ
3605 1753 3713 1823 κρί-

471 1896 598 1934 veI-o
622 1871 1282 1931 accusatoresexalninet;
1315 1880 1541 1920 examen
1572 1877 1783 1932 acquum
1809 1860 2048 1926 definiat,

2162 1877 2238 1922 τις
2263 1860 2386 1921 τοὺς
2425 1857 2682 1926 ἐλέγχους
2711 1851 3068 1924 βασανιζέτω·
3105 1850 3138 1921 ή
3167 1849 3222 1902 δὲ
3255 1847 3490 1918 βάσανος
3523 1844 3584 1898 τὸ
3611 1843 3716 1895 δέον

472 1971 700 2040 ejusque
731 1965 996 2022 sententia
1029 1955 1576 2024 scribatur.-Scripta
1609 1968 1737 2009 vero
1766 1951 2052 2007 confirme-

475 2076 582 2129 tur,
614 2060 930 2117 confirmata
962 2056 1134 2125 reipsa
1166 2050 1494 2106 stabiliatur.
1538 2045 1728 2101 Omnis
1759 2059 1888 2100 vero
1923 2057 2052 2096 oon-

472 2157 642 2210 tentio
676 2152 848 2215 absit,
889 2157 944 2202 et
973 2144 1208 2201 amicitia
1241 2143 1529 2204 succedat,
1561 2137 1648 2192 cui
1679 2135 1808 2190 nihil
1843 2149 1940 2203 par
1968 2141 2053 2188 est

470 2256 523 2300 et
558 2242 854 2299 secundum
886 2276 902 2302 ,
959 2252 1079 2292 cum
1126 2233 1192 2288 ad
1219 2233 1472 2287 virtutem
1505 2269 1519 2294 ,
1559 2237 1669 2281 tum
1703 2227 1770 2280 ad
1818 2225 2044 2295 gloriam

470 2333 924 2406 consequendam,
956 2345 1020 2385 ac
1051 2326 1280 2395 denique
1306 2323 1370 2379 ad
1407 2322 1730 2376 hilaritatem
1763 2327 1924 2386 atque
1954 2315 2052 2371 lae-

469 2431 670 2486 titiam.

917 2507 1071 2566 CCV.
1116 2536 1178 2547 —
1215 2501 1610 2560 PIIILETRIO.

2151 1951 2414 2022 ὁριζὲτω·
2462 1951 2491 2002 ὁ
2520 1949 2577 2001 δὲ
2611 1949 2740 2018 ὅρος
2778 1942 3096 2015 γεγράφθω*
3140 1941 3208 1994 τὰ
3255 1939 3314 1992 δὲ
3366 1934 3713 2008 γεγραμμένα

2155 2039 2465 2112 κυρούσθω·
2495 2039 2564 2093 τά
2589 2038 2644 2091 δὲ
2676 2036 2994 2108 κυρωθέντα
3031 2029 3371 2104 βεϐαιούσθω
3391 2031 3504 2092 τοῖς
3534 2026 3717 2112 έργοςο

2155 2109 2306 2186 πᾶσά
2329 2147 2390 2184 τε
2418 2128 2694 2200 ἀψιμαχία
2738 2126 2992 2198 οἰχέσθω,
3021 2124 3117 2178 καὶ
3154 2121 3313 2192 φιλία
3341 2117 3628 2191 χορευέτω⁸
3660 2109 3719 2187 ἦς

2154 2225 2271 2278 ῐσον
2300 2223 2470 2276 οὐδέν’
2501 2221 2595 2274 καὶ
2639 2220 2720 2283 είς
2757 2217 2959 2290 ἀρετῆς
2979 2256 2994 2280 ,
3043 2213 3141 2268 καὶ
3169 2209 3577 2282 εύδοκιμήσεως
3595 2247 3610 2274 ,
3635 2205 3720 2258 καὶ

2157 2315 2238 2376 εις
2271 2314 2616 2386 εὐφροσύνης
2641 2311 2799 2381 λόγον

2653 2495 2770 2548 ΣΕ’.
2809 2521 2878 2536 --
2913 2488 3259 2558 ΦΙΛΗΤΡΙῼ.

1160 2599 1421 2652 Amicitia:
1450 2598 1545 2651 vis.
1574 2595 1653 2648 Ad
1684 2607 1869 2647 nomen
1899 2590 2094 2645 alludit
2126 2589 2394 2644 Philetrii.
2427 2587 2666 2657 (Confer.
2690 2585 2846 2655 epist.
2883 2582 3029 2653 145.)

546 2717 683 2784 Ergo
703 2711 954 2766 amicitite
983 2721 1273 2776 amoreque
1293 2705 1432 2775 capti
1468 2719 1660 2758 nomen
1695 2717 1890 2770 gerens
1917 2699 2050 2755 alios

474 2811 632 2862 etiam
666 2805 852 2861 eodem
883 2799 1157 2869 impellis?
1200 2799 1337 2852 Ecce
1366 2797 1510 2850 enim
1559 2810 1657 2849 nos
1687 2797 1848 2849 etiam
1897 2793 2052 2862 longe

475 2901 692 2955 dissitos
714 2937 729 2961 ,
763 2895 1032 2962 nullisque
1071 2892 1168 2945 abs
1198 2900 1248 2943 te
1283 2888 1476 2942 litteris
1524 2899 1762 2956 unquam
1793 2884 2050 2952 acceptis,

477 2992 553 3046 tui
612 3002 796 3044 amore
843 2984 1074 3039 mirifice
1122 2981 1394 3042 incendis,
1449 2979 1689 3046 adeoque
1742 2975 2052 3037 vulnerasti,

477 3093 537 3138 ut
573 3097 642 3137 ne
675 3087 945 3136 momento
979 3075 1193 3145 quidem
1247 3071 1504 3143 temporis
1536 3071 1611 3126 tui
1639 3068 1882 3125 oblivisci
1931 3081 2056 3137 pos-

477 3174 668 3231 simus.

718 3359 894 3418 CC‘VI.
930 3388 997 3402 —
1013 3363 1016 3366 ’
1031 3355 1291 3413 DIDYMO
1323 3349 1818 3410 SCIIOLAS'I‘ICO.

2235 2696 2498 2767 Ἔμελλες
2526 2695 2654 2766 ἄρα,
2690 2693 2724 2764 ἦ
2757 2693 2938 2761 φιλίας
2957 2732 2972 2757 ,
2999 2690 3032 2759 ἢ
3057 2687 3153 2741 τοῦ
3180 2683 3493 2756 τετρῶσθαι
3525 2679 3626 2735 ὑπὸ
3651 2695 3728 2749 cpt-

2160 2790 2278 2852 λίας
2304 2787 2590 2857 ἐπώνυμος
2627 2785 2702 2838 ὢν
2732 2784 2826 2838 καὶ
2852 2783 3046 2845 ἄλλους
3089 2782 3168 2844 εἰς
3196 2777 3414 2848 ταύτην
3451 2772 3730 2845 ἐμϐαίνειν.

2175 2881 2306 2935 Ἰδοὺ
2343 2881 2446 2952 γὰρ
2484 2879 2579 2933 καὶ
2609 2879 2755 2948 ἡμᾶς
2790 2876 2979 2948 πόρρω
3015 2871 3430 2942 τυγχάνοντας,
3464 2867 3555 2918 καὶ
3585 2861 3730 2952 μηδε-

2161 2971 2381 3024 πώποτε
2421 2950 2900 3038 ίσυντετυχηκότας
2955 2964 3044 3018 διὰ
3100 2961 3481 3032 γραμμάτων,
3529 2955 3605 3018 εἰς
3647 2950 3732 3021 τὴν

2169 3059 2370 3114 σαυτοῦ
2419 3060 2641 3128 ἀγάπην
2703 3055 3108 3125 ὲξεϐάκχευσας
3163 3052 3257 3106 καὶ
3303 3048 3567 3104 τοσοῦτον
3615 3059 3730 3098 κατ·

2163 3152 2431 3221 έτρωσας,
2466 3149 2542 3212 ὡς
2585 3148 2720 3220 μηδὲ
2766 3145 2902 3217 πρὸς
2946 3145 3005 3199 τὸ
3035 3143 3241 3215 ἀκαρὲς
3284 3138 3552 3194 δύνασθαι
3581 3136 3726 3204 ἀμνη·

2083 3236 2126 3292 C
2164 3244 2364 3312 μονείν.

2441 3351 2572 3416 Σςν.
2608 3377 2678 3389 --
2717 3347 2972 3418 ΔῙΔΥΜῼ
3005 3343 3468 3413 ΣΧΟΛΑΣΤΙΚῼ.

1155 3447 1419 3500 Hortatur
1443 3455 1500 3498 ut
1531 3447 1665 3498 inter
1693 3443 1834 3512 ﬁlios
1861 3457 1982 3494 suos
2021 3441 2315 3496 reconciliet
2360 3441 2697 3494 concordiam
2726 3451 2773 3494 et
2815 3454 3068 3492 amorem.

556 3564 749 3620 Filium
787 3572 931 3613 tuum
964 3557 1254 3611 IIIaxitIIuIII
1288 3569 1316 3607 a
1353 3562 1483 3608 natu
1521 3552 1741 3606 minimo
1759 3550 1916 3604 valde
1948 3549 2065 3603 dis-

485 3658 682 3718 sidere,
722 3663 878 3722 teque
909 3652 1025 3718 ejns
1059 3649 1133 3703 rei
1181 3646 1357 3700 lerunt
1387 3643 1664 3698 conscium
1691 3683 1706 3709 ,
1750 3641 1952 3712 lingere
1985 3649 2067 3694 ta-

486 3763 641 3811 men,
676 3744 828 3814 quasi
861 3741 1092 3796 nescias.
1137 3737 1385 3805 Deposita
1423 3737 1605 3804 itaque
1645 3743 1944 3804 spontaneo
1975 3731 2066 3785 illa

485 3835 808 3908 ignorantia,
841 3840 1060 3893 conare,
1092 3843 1292 3899 quasso,
1331 3827 1448 3881 illos
1473 3826 1538 3879 ad
1575 3835 1816 3879 mutuum
1847 3823 2065 3890 adigere

485 3941 723 3981 :morem
756 3963 772 3988 ,
821 3937 887 3977 nc
943 3920 1332 3974 immedicabile
1399 3919 1523 3972 hinc
1573 3915 1772 3969 malum
1817 3915 2064 3969 exsistat.

489 4017 762 4073 Discordia
799 4014 942 4068 enim
974 4012 1097 4066 boni
1131 4010 1262 4065 nihil
1295 4009 1486 4080 gignit.
1528 4006 1620 4062 Sic
1655 4007 1765 4070 lict,
1794 4016 1850 4060 ut
1879 4021 2067 4076 quem-

485 4108 771 4163 admodum
807 4105 925 4159 illos
969 4118 1164 4174 parens
1197 4100 1426 4172 genuisti
1457 4141 1471 4164 ,
1505 4100 1585 4154 sic
1617 4109 1670 4152 et
1712 4097 1848 4153 bene
1874 4096 1977 4152 illis
2007 4105 2066 4151 ut

486 4200 580 4262 sit,
607 4196 824 4255 efﬁcias.

1001 4277 1199 4334 CCVII.
1235 4307 1291 4317 -
1340 4275 1567 4332 EIDEM.

2237 3549 2342 3600 Τὸν
2372 3547 2750 3619 πρεσϐύτατόν
2779 3563 2875 3598 σου
2898 3545 3005 3599 τῶν
3031 3545 3237 3598 παίδων
3264 3544 3405 3616 πρὸς
3431 3542 3522 3596 τὸν
3545 3537 3727 3593 νεώτα-

2161 3653 2252 3690 τον
2279 3637 2632 3709 διαφέρεσθαί
2658 3635 2800 3698 τινές
2828 3653 2982 3705 φασι,
3003 3638 3097 3690 καὶ
3124 3635 3184 3688 σὲ
3215 3636 3314 3704 μὲν
3339 3633 3560 3693 ειδέναι,
3581 3645 3727 3701 προσ·

2162 3729 2436 3782 ποιεῖσθαι
2484 3730 2542 3782 δὲ
2575 3730 2650 3799 μὴ
2695 3728 2925 3783 ειδέναιο
2965 3727 3161 3780 θᾶττον
3193 3728 3372 3779 τοίνυν
3413 3721 3734 3791 ἀποθέμενος

2163 3820 2538 3892 τὴνιὲκούσιον
2579 3821 2824 3889 ἄγνοιαν,
2867 3818 3160 3890 πειράθητι
3201 3818 3406 3879 αὐτοὺς
3444 3817 3522 3878 είς
3569 3811 3733 3882 φιλίαν

2167 3912 2533 3979 συναλλάξαι,
2571 3912 2644 3982 μή
2679 3911 2810 3964 ποτέ
2851 3928 2904 3964 τι
2951 3911 3253 3980 ἀνήκεστον
3288 3907 3509 3978 τεχθείη
3553 3901 3730 3957 κακόν·

2187 4008 2248 4060 οὐ
2283 4007 2392 4077 γάρ
2423 4023 2476 4058 τι
2517 4003 2753 4074 χρηστὸν
2796 4005 2830 4074 ἡ
2871 4002 3170 4072 φιλονεικία
3195 4002 3407 4054 ὠδίνε-ιο
3449 4000 3517 4053 ἶν’
3563 3996 3735 4061 ὥσπερ

2161 4098 2256 4152 τοῦ
2287 4093 2428 4150 εἶναι
2459 4097 2596 4167 μετὰ
2617 4096 2715 4165 τὴν
2743 4095 3000 4167 πρόνοιαν
3030 4095 3216 4156 αὐτοῖς
3245 4092 3520 4163 κατέστης
3555 4089 3732 4151 αἴτιος,

2162 4189 2306 4244 οὕτω
2343 4189 2436 4243 καὶ
2467 4187 2561 4241 τοῦ
2589 4183 2649 4240 εὖ
2683 4183 2822 4242 εἶναι
2853 4187 3209 4256 κατασταίης.

2652 4277 2766 4330 ΣΖι.
2799 4305 2869 4317 -
2913 4276 3002 4348 Ta
3045 4275 3247 4346 ΑΥΤῼ.

1852 4366 1939 4421 Vis
1970 4371 2166 4425 amoris
2198 4371 2382 4424 mutui.

559 4485 628 4543 Ut
657 4488 836 4541 odium
886 4482 1174 4554 aliquando
1204 4479 1506 4536 convicium
1550 4493 1616 4532 ex
1662 4479 1814 4532 hoste
1863 4476 2065 4546 plausi-
2099 4470 2140 4526 D

487 4581 594 4634 bile
627 4581 802 4650 parit,
837 4577 909 4631 ita
943 4585 1133 4630 contra
1169 4570 1405 4626 amicitia
1441 4568 1618 4640 rejicit
1660 4582 1725 4624 ac
1751 4567 1899 4624 velut
1935 4583 2063 4638 pro-

489 4670 615 4724 telat
641 4668 896 4742 jurginm.
1205 4665 1208 4669 ’

959 4771 1183 4828 CCVIII.
1221 4793 1290 4810 -
1325 4765 1584 4827 ORIONI.

2242 4481 2457 4550 Ὥσπερ
2501 4480 2534 4550 ὴ
2569 4478 2841 4548 ἀπέχθεια
2875 4473 3280 4547 εύπαράδεκτόν
3323 4489 3448 4536 πως
3482 4471 3580 4534 τὴν
3607 4465 3739 4537 παρά

2171 4571 2279 4625 τῶν
2317 4570 2528 4642 ἐχθρῶν
2553 4571 2846 4641 ἐργάζεται
2874 4569 3165 4639 λοιδορίαν,
3194 4563 3369 4630 οὕτως
3395 4565 3432 4637 ἠ
3457 4561 3608 4634 φιλία
3636 4558 3741 4612 δια-

2173 4662 2429 4733 κρούεται
2457 4661 2664 4733 ταύτην
2693 4663 2788 4716 καὶ
2817 4659 3091 4723 ἀκοντίζει
3123 4659 3258 4732 (43).

2709 4769 2831 4823 ΣΙΡ.
2868 4796 2939 4807 -
2975 4765 3223 4820 ΩΡιΩΝι.

1544 4858 1861 4916 Gratulatur
1888 4858 1957 4912 ad
1989 4858 2177 4913 bonam
2215 4879 2419 4919 reverso
2452 4863 2678 4934 frugem.

559 4975 953 5033 Incredibiliter
993 4989 1109 5028 sum
1150 4973 1368 5026 "limatus
1395 5015 1409 5036 ,
1461 4969 1674 5038 cognito
1701 4967 1866 5020 vitam
1907 4975 1959 5020 te
1995 4951 2059 5019 in

493 5070 680 5123 melius
727 5075 1121 5126 commutasse,
1184 5064 1423 5134 mihique
1481 5062 1782 5132 persuadeo
1835 5057 1951 5113 fore
2009 5067 2066 5111 ut

492 5158 840 5229 ignominiam
878 5170 943 5210 ex
991 5155 1129 5207 male
1165 5163 1415 5207 anteacta
1449 5155 1557 5206 vita
1591 5158 1923 5207 contractam
1973 5149 2065 5203 de-

492 5251 630 5309 leas,
667 5245 991 5313 virtutisque
1021 5254 1400 5297 ornamentum
1445 5243 1592 5297 brevi
1644 5242 1894 5310 acquiras
1937 5255 2068 5294 con-

489 5340 746 5406 ciliesque
774 5337 939 5390 decus
972 5336 1358 5404 sempiternum
1389 5351 1403 5398 ;
1453 5333 1540 5388 hic
1574 5333 1788 5402 quidem
1824 5333 1875 5385 in
1909 5332 2066 5386 terris

489 5448 517 5484 a
549 5430 760 5485 cunctis
795 5427 1126 5492 laudandus,
1181 5426 1233 5480 in
1271 5425 1436 5481 altera
1469 5440 1596 5480 vero
1626 5427 1730 5478 vita
1783 5440 1810 5478 a
1856 5437 2067 5479 smnmo

483 5523 663 5590 judice
695 5518 1056 5574 coronandus.

2241 4972 2453 5044 ’Ἢσθην
2503 4969 2820 5040 ὑπερφυῶς,
2872 4967 3060 5040 μαθών
3101 4985 3194 5021 σου
3237 4966 3336 5038 τὴν
3386 4964 3619 5036 ἀρίστην
3660 4975 3747 5029 με·

2175 5063 2433 5133 ταϐολήψ
2468 5065 2562 5116 καὶ
2594 5061 2852 5126 πιστεύω,
2900 5059 2974 5124 ὡς
3001 5059 3276 5133 ἀποτρίψῃ
3305 5058 3407 5128 μὲν
3432 5058 3508 5120 ὡς
3533 5055 3744 5124 τάχιστα

2168 5154 2267 5224 τὴν
2297 5151 2535 5216 ἀδοξίαν,
2567 5153 2666 5223 τὴν
2699 5153 2762 5203 ἐκ
2803 5152 2904 5220 τῆς
2928 5149 3130 5213 κακίας
3155 5148 3348 5219 πρώην
3383 5139 3746 5218 προσγενομέ-

2167 5257 2297 5309 νην·
2342 5239 2592 5311 ἀναλήψῃ
2639 5238 2696 5291 δὲ
2724 5238 2816 5291 τὸν
2856 5237 2957 5308 τῆς
2993 5236 3198 5308 ἀρετῆς
3226 5235 3438 5306 κόσμον
3466 5233 3563 5286 καὶ
3605 5227 3746 5284 κλέος

2169 5333 2412 5403 ἀοίδιμον
2443 5331 2607 5398 ἕξεις,
2634 5329 2868 5383 ἐνταῦθα
2900 5327 2999 5399 μὲν
3022 5327 3173 5398 παρά
3200 5325 3424 5379 πάντων
3452 5325 3744 5390 ἀνακηρυτο

2167 5425 2416 5495 τόμενος,
2446 5425 2626 5476 ἐκεῖσε
2658 5422 2713 5475 δὲ
2745 5420 2893 5492 παρά
2923 5419 3016 5474 τοῦ
3040 5416 3231 5492 κριτοῦ
3258 5414 3701 5488 στεφανούμενος.
3771 5432 3774 5434 ν

1573 5665 1808 5722 νΑιῖΙᾹί
1850 5665 2235 5723 LECTIONES
2270 5666 2357 5721 ET
2393 5667 2621 5724 NOTAE.

563 5815 695 5873 (Εὖ)
741 5812 908 5864 Ambo
960 5812 1118 5866 codd.
1174 5807 1448 5869 ἀκοντίζει
1510 5815 1704 5874 augent

1775 5805 2065 5870 pra‘posito
2107 5807 2185 5870 ἐξ.
2221 5806 2429 5862 Possm.
