4070 6388
405 381 540 448 1457
1297 383 1835 448 EPISTULARUM
1871 383 2014 445 LIB.
2057 382 2125 443 ν.
2167 409 2235 418 -
2266 383 2502 443 EPIST.
2539 381 2764 443 CCXII.
3554 375 3690 446 1458

683 495 800 550 ΣΘ⁹.
855 528 922 537 —
962 497 1187 570 ΠΕΤΡῼ
1234 497 1697 568 ΣΧΟΛΑΣΤΙΚῼ.

2333 495 2518 550 CCIX.
2558 526 2629 537 --
2674 493 2904 552 PE'I‘RO
2943 491 3450 550 SCHOLASTICO.

1553 611 1677 666 Non
1711 619 1904 664 temere
1931 608 1996 662 de
2035 608 2144 661 alio
2178 606 2553 677 judicandum.

476 721 618 790 Ἐγὼ
658 723 720 777 ού
766 723 1259 797 καταψηφιοῧμαι,
1311 724 1438 779 οὔτε
1478 719 1975 792 καταποφανούμαι

2169 719 2428 789 Equidem
2491 737 2666 792 neque
2714 725 3038 779 sententiam
3090 723 3240 788 fero,
3291 737 3466 792 neque
3517 723 3681 794 622

391 813 604 883 ἀνδρὸς,
632 809 696 869 οὗ
729 817 866 887 μήτε
899 817 1176 888 ἀκροατὴς
1208 817 1496 887 ἐγενόμην,
1527 815 1665 886 μήτε
1697 811 1981 881 δικαστής⁶

2091 822 2280 867 contra
2309 815 2505 880 virum,
2526 830 2685 884 quem
2715 832 2816 870 non
2847 818 3133 880 audierim,
3169 816 3477 886 pronuntio,
3506 831 3680 883 neque

392 905 442 958 εί
482 904 539 958 δὲ
570 906 889 978 κρινόμενος
933 906 1086 980 ἁλοίη
1105 948 1121 974 ,
1152 909 1216 963 τὸ
1241 907 1545 980 τηνικαῦτα
1586 907 1620 978 ἡ
1651 906 1774 960 κατ’
1805 899 1976 957 αὐτοῦ

2087 904 2250 958 sedeo
2287 905 2402 973 ejus
2431 904 2620 974 judex.
2662 905 2718 961 Si
2753 923 2889 962 vero
2921 908 3188 962 sententia
3218 907 3320 958 lata
3352 907 3684 962 cmulenne-

393 995 803 1069 ἐξενεχθήσεται
843 999 1040 1069 ψῆφος.

2086 1003 2196 1057 tur,
2226 1005 2414 1049 contra
2444 996 2595 1050 illum
2629 1006 2757 1052 tunc
2781 996 3046 1066 judicium
3084 997 3311 1072 feretur.

671 1110 772 1164 ειν.
813 1137 886 1152 -
919 1111 1172 1183 zoxmo
1209 1110 1688 1183 ΠΡΕΣΒΥΤΕΡῼ.

2341 1105 2500 1164 CCX.
2541 1138 2612 1150 —
2647 1106 2903 1164 ZOSI.\l0
2938 1106 3418 1163 PRESBYTERO.

391 1199 662 1266 Quantum
681 1201 851 1256 scelus
866 1205 1500 1272 pauperuminteruertere
1516 1204 1888 1272 eleernosynas,
1911 1205 1955 1250 et
1971 1209 2064 1264 per
2079 1193 2351 1254 luxuriam
2367 1217 2455 1256 eas
2481 1201 2708 1272 abliguri
2715 1218 2788 1256 re.
2814 1201 3050 1274 (Confer.
3070 1204 3221 1272 epist.
3239 1202 3362 1264 185,
3383 1202 3509 1267 501,
3530 1201 3677 1277 169.)

459 1307 523 1360 Ei
563 1307 624 1360 ού
677 1306 860 1378 βούλει
897 1308 1229 1381 θεραπεύειν
1269 1329 1358 1378 τι,
1397 1313 1493 1366 καὶ
1532 1311 1826 1374 ἐπιτείνεις
1857 1308 1980 1362 ’τῶν

2153 1313 2211 1368 Si
2246 1297 2388 1368 l‘érre
2415 1311 2716 1381 aliisopem
2748 1326 2853 1366 non
2873 1311 2976 1376 vis,
3005 1311 3135 1381 quin
3167 1311 3344 1380 potius
3369 1326 3667 1378 pauperum

389 1399 639 1468 πενήτων
662 1398 732 1452 τὰ
771 1399 1100 1471 τραύματα,
1137 1403 1190 1456 τί
1227 1406 1341 1468 τοῖς
1380 1403 1710 1476 μαχομένοις
1753 1401 1830 1470 τῷ
1855 1400 1980 1454 δυσ-

2080 1409 2318 1478 adauges
2345 1405 2598 1471 vulnera,
2621 1404 2752 1474 quid
2783 1419 2904 1457 cum
2935 1402 3142 1474 ingenti
3171 1409 3332 1472 alque
3368 1413 3672 1471 expugnato

389 1488 700 1561 νουθετήτῳ
735 1491 829 1543 καὶ
865 1491 1128 1563 δυσμάχῳ
1152 1493 1250 1563 τῆς
1287 1494 1560 1565 πτωχείας
1606 1491 1781 1564 θηρίῳ
1818 1491 1980 1562 χαλε-

2086 1501 2284 1558 diliicili
2318 1498 2429 1553 fera
2454 1495 2800 1552 mendicitate
2830 1508 3064 1564 pugnam
3090 1492 3268 1546 reddis
3290 1491 3669 1555 difﬁciliorem,

389 1579 638 1652 πῶτερον
677 1583 1109 1648 κατασκευάζεις
1139 1584 1230 1638 τὸν
1273 1585 1496 1654 ἀγῶνα,
1537 1585 1630 1649 τὸν
1673 1583 1826 1654 παρά
1868 1581 1978 1636 τῶν

2085 1593 2210 1648 dum
2243 1606 2363 1662 qua:
2395 1603 2425 1643 a
2459 1588 2562 1659 piis
2590 1586 2900 1642 hominibus
2931 1585 2983 1638 in
3017 1583 3332 1638 alimoniam
3371 1599 3661 1651 pauperum

389 1669 702 1740 ὲλεημόνων
746 1673 930 1735 αὐτοῖς
971 1675 1053 1736 είς
1097 1673 1304 1745 τροφήν
1367 1675 1741 1746 παρεχόμενον
1787 1673 1979 1744 ἔρανον

2085 1692 2212 1740 sunt
2251 1681 2472 1744 relicta,
2503 1692 2570 1734 ea
2615 1674 2946 1732 assumendo
2993 1683 3142 1727 tuum
3204 1673 3258 1727 in
3289 1673 3504 1742 epulum
3537 1688 3669 1726 con-

391 1761 884 1834 σφετεριζόμενος;
934 1764 999 1818 Τί
1039 1765 1104 1818 ὲκ
1148 1763 1406 1820 τοιούτων
1453 1765 1661 1837 κερδῶν
1694 1765 1794 1838 τὴν
1843 1765 1975 1820 ἀκό-

2080 1774 2241 1842 ιιοὶεῗ
2276 1771 2416 1841 Quid
2445 1765 2710 1838 ejusmodi
2745 1764 2912 1820 lucris
2946 1762 3322 1832 inexplebilem
3357 1771 3506 1814 tuum
3541 1778 3670 1813 ven-

391 1867 590 1922 ρεστον
641 1852 842 1908 σαυτοῦ
885 1856 1180 1926 ἐμπιπλῶν
1220 1857 1498 1929 γαστέρα,
1549 1856 1788 1930 νομίζεις
1837 1859 1972 1912 ἀπο-

2079 1885 2218 1933 trem
2253 1863 2520 1935 explendo
2549 1858 2882 1928 voluptatem
2913 1855 3097 1924 capis?
3135 1853 3432 1909 Considera
3479 1852 3668 1922 paulu-

384 1944 611 2012 λαύειν;
643 1945 943 2016 Διάὸλεψον
988 1949 1183 2019 μικρὸν
1217 1949 1528 2019 ἀνενεγκὼν
1564 1950 1628 2004 ὲκ
1655 1949 1756 2020 τῆς
1786 1948 1972 2004 τοιαύ-

2079 1967 2188 2021 lum
2225 1971 2278 2017 te
2313 1959 2427 2028 ipse
2460 1953 2721 2022 colligens
2751 1949 2822 2004 ab
2845 1947 2936 2002 illa
2965 1945 3183 2002 vesania
3207 1984 3224 2010 ,
3263 1953 3436 2000 tecum
3469 1944 3547 1998 sic
3589 1963 3664 1997 ra.

383 2052 486 2105 της
507 2034 919 2108 παραπληξίας.
962 2037 1102 2091 Εἰπὲ
1127 2039 1266 2110 πρὸς
1291 2038 1484 2092 ἑαυτόν
1510 2053 1526 2070 ·
1555 2041 1610 2094 εί
1635 2041 1665 2093 6
1705 2041 1774 2095 τὰ
1798 2041 1974 2094 οίκεῖα

2081 2051 2427 2112 tiocinando:
2483 2045 2542 2099 Si
2593 2042 2683 2112 qui
2737 2055 2830 2096 sua
2881 2037 3104 2110 pauperi
3153 2051 3258 2092 non
3290 2036 3568 2092 distribuit
3607 2037 3659 2090 in

383 2126 466 2190 είς
507 2125 878 2197 ἐλεημοσύνην
923 2125 1000 2199 μὴ
1043 2128 1410 2199 προϊέμενος,
1478 2131 1561 2194 είς
1599 2132 1691 2185 τὸν
1728 2130 1972 2201 ποταμὸν

2079 2147 2509 2212 eleemosynam,
2543 2135 2598 2190 in
2631 2132 2836 2204 ignium
2863 2139 3132 2184 torrentes
3156 2127 3510 2183 intolerandis
3541 2128 3666 2181 mit-

385 2217 666 2288 πέμπεται
705 2217 800 2271 τοῦ
841 2218 1051 2290 πυρὸς,
1091 2219 1358 2292 ἀφόρητατ
1399 2220 1968 2292 βασανισθησόμενος·

2080 2237 2213 2294 titur
2251 2227 2649 2290 excruciandus
2683 2223 2844 2294 epulo
2886 2220 3230 2291 evangelicus
3279 2219 3556 2290 suppliciis
3579 2219 3662 2284 “;

381 2308 415 2358 6
453 2306 548 2358 καὶ
577 2304 645 2359 τὰ
673 2305 783 2360 τῶν
821 2308 1071 2378 πενήτων
1102 2308 1560 2380 ίδιοποιούμενος,
1591 2311 1644 2364 τί
1683 2309 1969 2379 πείσεται;

2079 2331 2170 2402 qui
2200 2341 2320 2396 qure
2349 2329 2476 2378 sunt
2510 2331 2804 2390 pauperum
2837 2313 2947 2370 sibi
2975 2328 3069 2382 per
3099 2311 3253 2368 nefas
3285 2319 3541 2382 usurpat,
3573 2328 3664 2366 ec-

384 2396 449 2449 El
475 2397 505 2448 6
527 2395 594 2449 τὰ
631 2396 826 2451 ἑαυτοῦ
857 2397 933 2468 μὴ
955 2398 1134 2464 διδοὺς
1175 2401 1238 2454 οὐ
1273 2402 1758 2474 συγγνωσθήσεται
1780 2442 1796 2467 ,
1827 2403 1856 2456 6
1878 2403 1972 2456 καὶ

2079 2395 2530 2492 quidpatietur?
2611 2408 2666 2463 Si
2703 2407 2794 2476 qui
2840 2421 2937 2461 sua
2984 2421 3090 2460 non
3143 2403 3404 2474 largitur,
3454 2403 3504 2458 ei
3557 2419 3661 2457 non

379 2485 455 2540 τά
477 2486 732 2558 διδόμενα
755 2485 1045 2544 ἀποσυλῶν
1066 2490 1169 2545 ποῦ
1193 2493 1473 2564 χωρήσει;
1506 2493 1568 2546 Εἰ
1600 2493 1699 2564 μὲν
1725 2493 1834 2566 γὰρ
1867 2493 1972 2549 ὑπὸ

2079 2485 2397 2581 ignoscitur,
2439 2517 2546 2574 quo
2577 2499 2792 2556 tandem
2828 2495 3028 2562 abibit,
3057 2495 3148 2566 qui
3198 2495 3264 2550 ab
3295 2495 3415 2550 aliis
3437 2494 3566 2548 data
3610 2494 3660 2547 in

384 2579 582 2643 πενίας
609 2581 1054 2654 ἀναγκαζόμενος
1092 2584 1192 2656 τὴν
1228 2585 1420 2657 καινὴν
1455 2585 1660 2658 ταύτην
1692 2586 1969 2658 λῃστείαν,

2079 2579 2475 2672 eleemosynam
2503 2590 2815 2664 exspoliat?
2853 2589 2912 2645 Si
2939 2588 3084 2644 enim
3113 2587 3290 2658 inopia
3321 2587 3546 2644 adactus
3575 2602 3664 2642 no-

385 2671 591 2741 μᾶλλον
631 2672 691 2727 δὲ
743 2673 1133 2747 τυμϐωρυχίας
1187 2677 1408 2750 χείρονα
1467 2679 1806 2751 κακουργίαν
1866 2679 1968 2734 ἑπ-

2079 2709 2204 2749 vum
2238 2671 2340 2747 hoc
2384 2687 2731 2744 latrocinium
2764 2681 2847 2740 vel
2883 2681 3062 2753 potius
3093 2679 3462 2752 sepulcrorum
3494 2679 3662 2736 viola-

381 2763 636 2836 ενόησας,
670 2761 739 2838 ἦν
762 2767 828 2823 ἄν
854 2785 938 2823 σοι
965 2769 1062 2823 καὶ¹
1090 2769 1235 2841 ἴχνος
1269 2771 1629 2843 ἀναισχύντου
1652 2773 1970 2844 ἀπολογίας.

2081 2784 2232 2840 tione
2277 2779 2456 2836 scelus
2509 2773 2754 2832 deterius
2810 2771 3160 2836 inclioasses,
3213 2779 3359 2825 esset
3407 2769 3658 2825 omnibus

395 2855 619 2929 Ἐπειδὴ
649 2857 709 2912 δὲ
736 2859 960 2930 τρυφῶν
988 2861 1084 2915 καὶ
1109 2863 1368 2932 σκιρτῶν,
1396 2864 1496 2928 τὰς
1523 2865 1811 2937 ἀλλοτρίας
1835 2884 1974 2939 συμ-

2079 2875 2242 2931 etiam
2263 2875 2638 2941 argumentum
2661 2861 2993 2932 impudentis
3017 2857 3348 2916 defensio-nis
3371 2859 3659 2931 reliquum.

358 2949 559 3019 ,φορὰς
605 2949 724 3005 δέον
769 2952 1168 3023 ἐπικουφίζειν,
1209 2955 1546 3026 ὲπιτρίόεις,
1589 2959 1718 3018 ποία
1761 2976 1842 3012 σοι
1885 2959 1974 3012 λε-

2079 2967 2215 3023 Cum
2242 2980 2370 3020 vero
2395 2959 2543 3016 luxui
2571 2955 2854 3026 indulgens
2897 2962 3060 3024 atque
3090 2951 3423 3007 insolescens
3454 2953 3662 3008 alienas

382 3039 629 3108 λείψεται
688 3040 986 3112 ἀπολογίας
1051 3045 1150 3108 Τίς
1207 3045 1396 3112 ἐλεοςς
1457 3049 1585 3102 ποία
1639 3049 1968 3122 συγγνώμης

2079 3057 2416 3114 calamitates
2475 3067 2612 3122 quas
2670 3048 2960 3104 sublevare
3011 3044 3238 3100 deberes
3295 3047 3510 3099 easdem
3570 3062 3662 3115 ag»

384 3132 572 3187 Ταῦτα
601 3132 834 3206 δάκρυσι
856 3136 1043 3206 σχεδὸν
1087 3138 1331 3210 κεράσας
1350 3139 1412 3192 τὸ
1439 3141 1630 3210 μέλαν,
1651 3141 1979 3202 ἀπέστειλα,

2079 3165 2289 3225 graves,
2323 3161 2492 3217 ecqua
2517 3143 2610 3200 tibi
2639 3142 2830 3197 relicta
2853 3135 3130 3194 defensio?
3157 3151 3276 3206 quae
3298 3139 3659 3204 exspectanda

383 3223 541 3296 Τάχα
568 3241 686 3290 πως
732 3227 930 3281 σαυτὸν
965 3229 1066 3299 μὲν
1096 3228 1283 3300 γνοίης
1308 3269 1323 3294 ,
1351 3231 1480 3294 τοὺς
1511 3231 1570 3284 δὲ
1597 3231 1838 3304 πένητας
1862 3234 1975 3287 ἀδι-

2079 3223 2499 3296 misericordia?
2545 3249 2667 3304 quas
2711 3231 2946 3298 denique
2983 3226 3186 3282 venia?
3233 3225 3360 3280 llaec
3405 3227 3663 3297 lacrymis

385 3315 501 3369 κῶν
545 3317 878 3389 ἀποσταίης,
911 3321 1002 3373 τδν
1034 3320 1093 3374 δὲ
1135 3320 1331 3392 κριτὴν
1373 3321 1682 3390 ὲξιλάσαισ,
1735 3327 1884 3394 ἡμᾶς
1915 3344 1974 3379 τε

2079 3329 2469 3404 propemodum
2505 3325 2742 3380 miscens
2769 3327 3134 3375 atramentum
3164 3319 3232 3371 ad
3264 3326 3316 3371 te
3340 3317 3658 3388 conscripsi.

381 3405 478 3460 ἐπὶ
506 3409 574 3480 τῇ
609 3407 808 3462 σαυτοῦ
851 3408 1110 3482 μετανοίᾳ
1148 3408 1490 3481 εὐφροσύνης
1521 3409 1812 3482 ἐμπλήσας
1838 3411 1972 3483 (44).

2079 3433 2137 3477 ιιι
2165 3421 2384 3476 tandem
2415 3417 2644 3488 teipsum
2675 3411 2918 3474 noveris,
2945 3417 3002 3464 et
3021 3410 3086 3462 ab
3110 3407 3304 3474 injuria
3333 3409 3662 3476 pauperibus

2079 3509 2360 3568 inferenda
2383 3521 2585 3572 cesses,
2601 3519 2665 3561 ac
2685 3502 2924 3574 iudicem
2950 3500 3116 3555 Deum
3137 3498 3409 3569 placatum
3435 3500 3655 3564 reddas,

2075 3617 2287 3674 nosque
2317 3611 2410 3657 tua
2444 3594 2822 3669 resipiscentia
2855 3591 3052 3664 gaudio
3081 3590 3372 3659 compleas.

628 3702 771 3760 xw.
803 3733 874 3748 -
901 3705 1230 3781 ΘΕΟΔΟΣΙῼ
1260 3707 1733 3783 ΠΡΕΣΒΥΤΕΡῼ.

2250 3710 2434 3770 CCXI.
2471 3737 2545 3751 -
2583 3699 2978 3763 THEODOSIO
3008 3697 3496 3756 PRESBYTERU.

1005 3795 1186 3856 Virum
1218 3799 1522 3872 religiosum
1549 3803 1968 3873 peregrinantem
1995 3807 2349 3872 commendat,
2385 3813 2440 3858 ut
2474 3801 2698 3870 hospitio
2734 3797 3050 3869 excipiatur.

467 3902 634 3974 ’Δνήρ
676 3901 1044 3977 διαφερόντως
1068 3909 1137 3980 τῇ
1179 3907 1434 3983 θειοτάτῃ
1466 3908 1730 3984 θρησκείᾳ
1757 3911 1978 3972 ἀνακεί-

2151 3911 2250 3970 Hic
2277 3913 2362 3968 vir
2391 3911 2584 3968 divina:
2614 3908 2928 3979 religionis,
2971 3918 3031 3965 ut
3079 3910 3286 3966 incidat
3333 3907 3387 3964 in
3409 3922 3538 3974 eos,
3569 3909 3661 3978 qni

386 4013 570 4068 μενος,
594 3997 690 4050 καὶ
714 3997 826 4060 τοῖς
847 3997 918 4052 τὰ
939 3997 1080 4052 αὐτά
1103 3998 1252 4072 αὑτῷ
1279 4000 1556 4072 μετιοῦσιν
1577 4004 1820 4074 ἐντυχεῖν
1849 4005 1981 4077 περὶ⁸

2079 4009 2326 4064 eamdem
2355 4011 2572 4068 tenent,
2621 4001 2686 4056 ad
2735 4017 2831 4057 vos
2874 4001 3260 4072 proﬁciscitur.
3314 4001 3448 4057 Esto
3480 4000 3663 4070 itaque

383 4085 587 4142 πολλοῦ
618 4087 963 4160 ποιούμενος,
997 4091 1225 4148 κάκεῖσε
1257 4093 1506 4164 ἀφῖκται.
1536 4094 1772 4164 Ξεναγδς
1800 4096 1979 4151 τοίνυν

2081 4102 2256 4155 bonus
2283 4099 2355 4152 illi
2380 4112 2445 4151 ac
2471 4094 2735 4165 benignus
2759 4095 2980 4163 hospes,
3007 4105 3068 4151 ut
3095 4102 3147 4150 te
3175 4103 3406 4164 tuasque
3435 4092 3662 4152 intuitus

384 4179 593 4249 ἀγαθὸς
636 4179 788 4252 αύτῷ
824 4181 1009 4252 γενοῦ·
1043 4182 1130 4238 ἵνα
1177 4185 1239 4237 σέ
1279 4201 1340 4238 τε
1390 4186 1485 4242 καὶ
1527 4185 1628 4250 τὰς
1673 4186 1841 4252 ἄλλας
1876 4189 1976 4259 τῆς

2081 4181 2312 4248 virtutes
2345 4202 2530 4244 amore
2560 4185 2984 4258 complectatur.

383 4272 590 4345 ἀρετῆς
634 4272 972 4346 θεασάμενος
1001 4275 1217 4340 είκόνας
1240 4317 1256 4344 ,
1311 4277 1570 4350 ἐμπλήσῃ
1629 4279 1722 4335 τὸν
1777 4281 1981 4338 οίκετον

383 4364 587 4436 ἔρωτα.

633 4475 775 4531 ZIB'.
811 4505 882 4517 —
906 4477 1208 4549 ΑΥΣΟΝῙῼ
1232 4478 1700 4534 ΚΟΡΡΗΚΤΩΡΙ.

2301 4475 2503 4534 CCXII.
2543 4507 2611 4516 —
2650 4474 2950 4531 AUSOMO
2980 4474 3445 4531 CORRECTORI'.

879 4569 1078 4624 Rustici
1105 4586 1327 4626 causam
1358 4573 1708 4640 commendat,
1730 4589 1885 4645 quem
1915 4571 2101 4626 rabula
2130 4571 2348 4641 quidam
2381 4585 2505 4624 rure
2533 4570 2602 4622 ad
2625 4567 2800 4636 [orum
2838 4578 3169 4626 extraxerat.

471 4693 690 4766 Ἐπειδὴ
728 4694 872 4766 ἀνήρ
899 4711 986 4759 τις
1032 4695 1286 4765 ἀγοραῖος
1321 4696 1434 4768 (45)
1457 4736 1474 4762 ,
1502 4696 1806 4770 πράγματα
1845 4696 1969 4770 βου-

2147 4695 2373 4763 Quando
2416 4693 2724 4750 causidicus
2770 4691 2994 4760 quidam
3045 4691 3323 4762 negotium
3385 4691 3661 4749 favescere

384 4783 611 4856 λόμενος
642 4787 946 4857 παρασχεῖν
972 4784 1248 4858 ἀνθρώπῳ
1279 4787 1682 4862 ἀπραγμοσύνῃ
1713 4787 1967 4855 συζῶντι,

2079 4787 2306 4841 studens
2329 4785 2512 4856 quiete
2543 4797 2607 4839 ac
2637 4781 2929 4852 tranquille
2951 4781 3171 4851 degenti
3217 4782 3269 4837 in
3291 4781 3382 4849 jus
3407 4797 3530 4838 cum
3557 4797 3660 4838 ex-

385 4875 639 4930 ε’ὓικυσεν
670 4877 834 4932 αύτδν
867 4879 948 4942 είς
985 4877 1356 4950 δικαστήριον·
1387 4869 1748 4946 καταξίωσον,
1779 4879 1974 4934 θᾶττον

2079 4878 2348 4945 traxerit,
2403 4876 2643 4949 digneris
2693 4889 2856 4946 quam
2914 4874 3151 4942 primum
3205 4873 3378 4944 ipsius
3434 4873 3660 4944 injurias

387 4964 496 5035 μὲν
541 4965 782 5022 κωλύσαι
813 4966 1004 5023 τοῦτον
1029 4967 1305 5040 ἀδικῆσαν
1341 4972 1507 5042 χαριῇ
1541 4970 1647 5042 γὰρ
1674 4969 1842 5041 αὐτῷ’
1883 4970 1975 5024 τὸν

2079 4985 2346 5029 coercere.
2388 4968 2616 5026 Gratum
2663 4967 2715 5023 id
2743 4966 2889 5023 enim
2945 4965 3022 5020 illi
3055 4968 3287 5024 accidet.
3348 4967 3500 5024 llunc
3530 4983 3661 5022 vero

383 5055 446 5110 δὲ
481 5057 562 5122 είς
593 5057 694 5130 τήν
733 5059 1024 5132 ἀγροικίαν
1063 5060 1298 5132 πέμψαι,
1345 5063 1446 5134 τῆς
1496 5062 1657 5134 φίλης
1703 5061 1976 5138 γεωργίας

2079 5080 2170 5121 rus
2195 5064 2379 5129 mitte,
2429 5071 2598 5134 gratae
2634 5060 2738 5132 ipsi
2759 5058 3108 5132 agriculturae
3160 5061 3658 5118 remunerationem

385 5147 491 5218 τὴν
528 5149 798 5207 ἀντίδοσιν
825 5152 1231 5226 ἀσπασόμενον.

2079 5164 2446 5227 accepturum.

466 5327 515 5358 "
539 5325 672 5383 Luc.
709 5343 824 5395 ιη,
846 5328 946 5388 25..

1496 5441 1730 5496 VARUS
1774 5441 2159 5498 LECTIONES
2197 5441 2281 5497 ΕΤ
2317 5442 2554 5502 NOTAE.

470 5598 584 5668 (44)
620 5597 726 5653 Pro
785 5597 1074 5670 ιμπλήσας
1124 5597 1286 5654 iidem
1331 5599 1546 5672 legunt,
1609 5599 1970 5672 ἐμπλήσειας.

2082 5601 2205 5675 quis
2246 5601 2395 5675 alius
2422 5610 2614 5675 auctor
2642 5615 2726 5658 est
2757 5623 2770 5658 :
2817 5603 3098 5675 ’ᾼγόραιος
3142 5604 3396 5674 σημαίνει
3426 5601 3532 5675 τὸν,
3560 5621 3662 5657 πο-

253 5639 289 5694 ]
470 5639 584 5668 ,τη
620 5639 724 5653 ..ν
785 5639 1072 5670 -,.....,,....,
1124 5639 1286 5654 παν...
1331 5639 1546 5672 .ι,,.....,
1609 5639 1970 5672 -,.......,.......,.
2083 5639 2202 5670 .,...σ
2246 5639 2383 5657 ...ωε
2422 5639 2604 5656 συν...
2642 5639 2726 5658 σοι
2757 5646 2770 5658 .
2831 5639 3095 5675 morm...
3142 5639 3396 5674 ...ιμυηηι
3435 5639 3514 5658 ..νυ
3567 5639 3661 5686 ,ιγ-

395 5667 652 5747 Poss3§._
722 5739 755 5747 __
873 5741 885 5747 _
948 5738 961 5747 .
1509 5741 1540 5747 __
1717 5739 1748 5747 _
1857 5743 1869 5747 _
2083 5671 2258 5747 νηρὺν
2283 5672 2342 5726 ὲν
2371 5671 2550 5747 ἀγορᾷ
2576 5673 2958 5747 κεςχαμμένον
2989 5673 3098 5747 (2)}
3123 5676 3380 5747 ἀγόραιος
3399 5675 3458 5729 δὲ
3486 5673 3578 5728 τὸν
3605 5691 3664 5727 εν

475 5737 588 5816 μδ)
618 5738 809 5816 _Scribu
842 5738 1142 5816 ﬁydpaioc,
1169 5755 1299 5816 _non
1353 5751 1412 5796 ut
1457 5741 1658 5816 editum
1709 5739 1805 5816 Gr.
1845 5743 1977 5816 ἀγο-

2082 5737 2262 5812 ἀγδρᾳ
2282 5737 2612 5816 τιμώμενον.
2634 5737 2822 5816 seti-id
2847 5758 2964 5816 non
2987 5737 3201 5816 videtur
3224 5737 3428 5816 servari
3457 5756 3660 5816 usque-

405 5809 575 5882 ρλὶος.
610 5811 924 5868 Λιιιιιιοιιὶυε
970 5809 1116 5866 enim
1150 5811 1214 5867 de
1246 5826 1435 5868 vocum
1483 5810 1817 5878 differentiis,
1861 5815 1976 5868 sive
2083 5809 2318 5882 quoque.
2342 5809 2411 5866 ἰιι
2431 5809 2592 5886 epist.
2628 5813 2747 5881 185,
2793 5829 2911 5885 pag.
2942 5814 3027 5879 96,
3065 5830 3116 5868 v.
3145 5817 3226 5871 15.
3262 5814 3498 5874 Scuu'rr.
