4070 6332
384 324 452 394 14

454 331 525 396 59
1549 335 1609 395 S.
1651 333 1849 394 ISIDO

486 436 652 509 623
717 434 944 493 CCXIII.
975 470 1046 479 —-
1082 435 1336 494 ZOSHIO
1371 436 1849 495 PRESBYTERO.

1549 335 1609 395 S.
1651 333 1941 394 lSIDORI
1978 332 2423 396 PELUSIOTzE.

3540 316 3646 381 460

2333 333 2350 359 π
2420 378 2423 381 ,
3507 315 3609 387 146

2333 332 2473 491 ἕξιν.
2514 464 2582 475 --
2616 432 2868 505 znxtMo
2901 404 3367 501 caesariem.

1008 550 1279 622 Exemplis
1311 553 1483 623 potius
1513 569 1671 623 quam
1706 553 1871 607 verbis
1899 551 2248 608 suadendum.
2285 550 2524 623 (Confer.
2560 551 2712 619 epist.
2737 547 2870 611 235,
2901 544 3053 611 508.)

457 661 576 719 Non
603 664 800 728 verbis,
825 663 965 719 bone
990 665 1093 732 vir,
1120 664 1398 720 inescandi
1425 666 1720 726 auditores.
1750 667 1844 721 sed
1870 680 1957 720 re-

387 754 504 822 ipsa
537 762 590 808 et
631 752 922 823 exemplis,
947 753 1039 823 qui
1072 769 1171 810 uos
1197 762 1429 810 cernunt
1471 756 1744 811 trahendi.
1787 755 1962 811 Mores

387 845 535 899 extim
578 846 950 913 persuadentis
972 847 1265 902 venerandi
1302 858 1465 914 sunt,
1502 863 1609 904 non
1639 848 1835 903 oratio.
1879 848 1963 903 Illi

386 937 529 989 enim
558 944 864 1006 speclantes
885 936 1130 1004 flectunt,
1160 938 1274 993 haec
1296 952 1426 993 vero
1451 938 1724 994 auditores
1753 938 1959 1008 fatigat.

298 1068 307 1100 λ
386 1025 579 1094 Igitur,
614 1026 759 1094 quod
804 1026 988 1083 dicere
1029 1027 1270 1083 volebam
1297 1067 1315 1094 ,
1364 1043 1508 1083 nunc
1550 1027 1796 1087 eﬂeram.
1866 1027 1962 1083 Vir

386 1115 606 1181 quidam
633 1115 832 1171 virtute
855 1126 1078 1174 ornatus
1110 1117 1266 1171 valde
1300 1118 1391 1173 tibi
1438 1119 1767 1188 indignatur,
1793 1119 1960 1174 multa

386 1207 604 1276 quidem
648 1208 891 1265 referens
912 1248 927 1273 ,
970 1225 1135 1264 unum
1163 1225 1289 1265 vero
1316 1210 1595 1264 admirans
1615 1248 1630 1274 ,
1664 1211 1959 1278 quomodo,

386 1313 507 1351 cum
530 1296 786 1353 Ecclesia:
812 1298 886 1352 sis
927 1300 1181 1367 probrum
1210 1338 1225 1362 ,
1249 1298 1417 1352 vitam
1462 1298 1867 1353 immaculatam
1891 1315 1959 1355 ex

386 1389 727 1444 nratiouibus
753 1389 1009 1444 aestimari
1058 1387 1350 1444 sustineas.
1421 1389 1476 1443 Si
1515 1390 1657 1443 enim
1700 1405 1821 1460 qua:
1866 1405 1962 1445 sua

387 1489 555 1547 sunt,
582 1481 790 1551 inquit,
814 1479 1026 1535 confert
1051 1520 1066 1545 ,
1095 1488 1243 1549 petat
1271 1495 1286 1547 ;
1320 1482 1363 1536 si
1392 1494 1518 1535 vero
1543 1489 1598 1534 et
1621 1482 1756 1536 alios
1783 1480 1965 1551 inqui-

388 1588 519 1629 nare
567 1587 632 1627 ex
683 1571 928 1640 turpibus
963 1571 1077 1626 suis
1123 1577 1297 1640 potest
1343 1569 1652 1627 actionibus
1679 1610 1694 1632 ,
1741 1584 1850 1639 qua
1898 1572 1966 1627 de

2136 664 2211 719 υύ
2251 666 2319 735 τῇ
2354 662 2555 734 φράσει
2600 659 2742 733 χρὴ,
2789 652 2836 711 ὧ
2883 654 3156 727 βέλτιστε,
3211 647 3649 717 καταγοητεύειν

2064 757 2190 821 τοὺς
2223 754 2641 826 ἀκροωμένους,
2672 750 2809 805 ἀλλὰ
2836 750 2905 820 τῇ
2938 744 3137 818 πράξει
3164 739 3484 815 χειροῦσθαι
3516 739 3649 802 τοὺς

2066 847 2403 918 θεωμένους·
2429 847 2459 899 ὁ
2498 843 2700 916 τρόπος
2725 841 2836 912 γάρ
2861 841 2978 894 ἐστι
3004 835 3100 891 τοῦ
3127 834 3405 896 πείθοντος
3434 833 3465 885 ὁ
3496 829 3649 884 αίδέ-

2067 955 2255 1009 σιμος,
2297 937 2395 1008 οὐχ
2427 938 2455 989 ὁ
2487 934 2667 1003 λόγος.
2715 931 2776 987 '0
2807 930 2905 1002 μὲν
2932 928 3042 999 7&9
3070 925 3342 988 δυσωπεῖ,
3380 921 3410 975 ὁ
3451 920 3509 974 δὲ
3561 919 3649 971 ὲν-

2062 1029 2232 1100 οχλεῖ.
2262 1028 2328 1081 Τί
2356 1026 2537 1081 τοίνυν
2572 1023 2833 1098 βούλομαι
2870 1021 3068 1083 εἰπεῖν,
3097 1016 3312 1088 φράσω·
3361 1012 3528 1082 Ἀνήρ
3561 1026 3648 1072 τις

2059 1121 2167 1175 τῶν
2205 1120 2376 1191 ἀρετῇ
2412 1114 2879 1188 κεκοσμημένων,
2922 1110 3088 1172 πολὺς
3125 1106 3276 1179 έρῥει
3327 1101 3472 1158 κατὰ
3510 1100 3647 1164 σοῦ,

2061 1210 2231 1266 πολλὰ
2277 1210 2392 1281 μὲν
2423 1207 2683 1280 φράζων,
2738 1205 2795 1259 ἓν
2844 1203 2902 1257 δὲ
2936 1198 3271 1271 θαυμάζων,
3324 1192 3444 1257 πῶς
3485 1191 3649 1262 κηλὶς

2068 1301 2143 1355 ῶν
2179 1300 2281 1370 τῆς
2325 1298 2673 1369 Ἐκκλησίας,
2705 1293 3039 1367 άκηλίδωτον
3074 1287 3191 1359 βίον
3222 1287 3280 1338 ὲν
3308 1285 3428 1346 ταῖς
3457 1282 3647 1351 εὐχαῖς

2060 1391 2248 1445 λαϐεῖν
2301 1390 2494 1457 ἀξιοῖς.
2524 1388 2589 1443 El
2646 1387 2745 1459 μὲν
2776 1386 2886 1456 7&9
2934 1383 3003 1436 τά
3039 1380 3171 1451 παρ’
3212 1374 3432 1437 ἑαυτοῦ,
3457 1371 3647 1442 φησὶν,

2062 1484 2344 1555 εἰσφέρει,
2395 1480 2645 1535 αἰτείτω·
2698 1477 2806 1532 εἰδὲ
2842 1476 2936 1530 καὶ
2964 1472 3161 1534 ἄλλους
3202 1469 3389 1540 μιᾶναι
3424 1466 3492 1518 ὲκ
3537 1463 3648 1555 τῶν

2062 1554 2356 1645 αἰσχίστων
2386 1570 2553 1626 αὑτοῦ
2586 1569 2844 1642 πράξεων
2868 1561 2980 1629 οἷός
3006 1565 3068 1618 τέ
3103 1565 3221 1616 ἐστι
3242 1601 3257 1623 ,
3282 1559 3349 1613 δι’
3372 1560 3441 1628 ἢν
3467 1554 3650 1645 αἰτίαν

387 1677 550 1717 causa
578 1662 630 1717 id
653 1639 805 1732 optat
832 1639 1135 1731 consequi,
1156 1660 1298 1731 quod
1336 1661 1537 1716 habere
1565 1661 1747 1716 nolit?
1788 1663 1959 1733 Equi-

2070 1639 2220 1720 τοῦτο
2251 1662 2468 1742 εὔχεται
2496 1639 2703 1724 λαϐεῖν,
2736 1658 2764 1712 ὃ
2793 1657 2938 1728 ἔχειν
2968 1654 3030 1707 οὐ
3054 1650 3230 1736 θέλει;
3254 1647 3406 1749 ΣΕγὼ
3435 1644 3535 1749 μὲν
3556 1639 3651 1749 οἶν

389 1757 508 1806 dem
557 1752 753 1807 rubore
794 1749 1144 1806 suﬂ‘undebar
1171 1751 1400 1806 audiens
1425 1791 1440 1816 ,
1473 1759 1787 1821 terramque
1819 1752 1965 1823 aspi-

387 1844 593 1899 eiebam
613 1884 628 1909 ,
653 1858 717 1899 ac
755 1857 820 1899 ne
840 1858 901 1898 os
933 1842 1149 1912 quidem
1188 1843 1400 1912 aperire
1426 1851 1692 1911 poteram.
1735 1842 1962 1912 Verum,

386 1938 479 2003 qui
525 1935 975 2003 aderant,claris
1018 1934 1167 1989 illum
1206 1934 1555 2005 applausibus
1599 1934 1962 2001 honorabant,

386 2042 553 2083 unum
580 2027 788 2084 causati
808 2066 822 2094 ,
849 2041 955 2082 non
992 2026 1233 2098 potuisse
1254 2026 1528 2082 inscitiam
1554 2033 1698 2080 tuam
1726 2040 1824 2096 pro
1850 2040 1964 2081 me-

386 2123 494 2175 rito
548 2119 958 2190 depraedicare:
1016 2126 1073 2174 tu
1118 2118 1302 2190 itaque
1341 2118 1554 2186 videto,
1597 2132 1705 2188 qua
1752 2118 1963 2174 ratione

387 2213 527 2267 hanc
560 2211 1040 2282 reprehensionem
1076 2210 1333 2280 depellas.

612 2317 839 2375 CCXIV.
872 2348 944 2359 -—
974 2317 1208 2375 PAULO
1242 2315 1726 2373 PRESBYTERO.

2069 1732 2364 1826 ἠρυθρίων
2385 1751 2598 1807 ἀκούων
2619 1789 2634 1814 ,
2666 1749 2763 1803 καὶ
2788 1747 3078 1819 προσεῖχον
3098 1732 3188 1804 ἐίς
3214 1738 3322 1809 γῆν
3345 1779 3361 1803 ,
3395 1737 3488 1790 καὶ
3525 1733 3650 1788 οὐδὲ

2062 1848 2248 1919 διᾶραι
2266 1845 2329 1900 τὸ
2352 1846 2524 1918 στόμα
2552 1844 2735 1914 ῐσχυον
2758 1855 2773 1871 ⁸
2798 1840 2847 1894 οἰ
2869 1839 2928 1892 δὲ
2954 1834 3223 1908 παρόντες
3253 1829 3467 1901 κρότοις
3502 1826 3650 1919 kxst

2060 1916 2167 1995 νον*
2186 1916 2513 2009 ἐστεφάνουν
2558 1936 2862 2008 λαμπροῖς,
2900 1931 2959 1985 ἓν
2997 1930 3159 2001 μόνον
3206 1922 3559 1992 αἰτιώμενοι,
3587 1916 3655 1972 τὸ

2068 2032 2145 2104 μὴ
2184 2030 2504 2103 δεδυνῆσθαι
2538 2027 2780 2092 ἐπαξίως
2823 2026 2925 2097 τῆς
2967 2022 3067 2093 σῆς
3107 2015 3468 2078 ἀπαιδευσίας
3506 2010 3653 2083 φρά-

2067 2140 2159 2179 σαι
2181 2140 2196 2155 ο
2229 2122 2401 2186 Αὐτὸς
2432 2116 2526 2176 οὖν
2559 2119 2791 2183 σκόπει,
2822 2117 2973 2179 ὅπως
3000 2112 3205 2183 ταύτην
3232 2106 3514 2179 άποτρίψῃ
3549 2104 3653 2176 τὴν

2067 2213 2383 2287 κωμῳδίαν.

2347 2321 2487 2377 m'.
2523 2351 2595 2361 -
2629 2319 2865 2390 mmo
2899 2310 3360 2382 ΠΡΕΣΒΥΤΕΡῼ.

388 2408 512 2465 Non
540 2409 604 2466 de
632 2410 828 2465 levibus
859 2407 1209 2480 [alitibusque
1255 2411 1408 2464 rebus
1452 2409 1727 2464 conciones
1763 2407 2037 2535 habendi?
2065 2413 2247 2554 (Csinf.
2272 2415 2428 2484 epist.
2463 2411 2589 2477 119,
2629 2407 2733 2466 SOI
2762 2417 2809 2463 et
2853 2406 2980 2463 255.
3010 2404 3079 2461 In
3124 2404 3380 2475 loquendo
3408 2398 3654 2455 conside-

1884 2495 1982 2535 ran
2026 2499 2134 2539 um.

1884 2495 2134 2539 randum.

455 2586 600 2643 Cave
643 2585 804 2643 exilia
842 2583 1106 2655 falsaque,
1144 2585 1239 2640 sed
1275 2584 1451 2655 potius
1477 2599 1599 2655 quae
1627 2583 1774 2640 dictu
1798 2583 1962 2655 digna

387 2689 552 2747 sunt,
595 2678 799 2748 passim
837 2690 1048 2732 narres.
1089 2673 1341 2746 Plerique
1366 2677 1511 2731 enim
1545 2676 1735 2746 nugari
1779 2685 1833 2731 te
1859 2691 1962 2746 pu-

390 2781 598 2836 tantes,
642 2779 701 2825 et
736 2769 848 2825 cito
874 2771 1118 2834 abeunt,
1155 2778 1212 2822 et
1254 2766 1410 2824 facile
1436 2767 1700 2837 culpant,
1746 2766 1964 2838 citoque

390 2861 745 2929 persuadent.

597 2963 804 3023 CCXV.
835 2994 903 3007 ——
942 2960 1219 3019 DANIELI
1260 2961 1749 3019 PRESBYTERO.

2141 2588 2235 2661 Μὴ
2271 2587 2402 2661 περί
2442 2585 2658 2660 μικρῶν
2691 2585 2787 2640 καὶ
2827 2584 3082 2654 φαύλων,
3116 2581 3254 2637 ἀλλὰ
3284 2578 3412 2650 περὶ
3450 2569 3525 2631 ὧν
3561 2574 3656 2628 λέ-

2073 2694 2192 2748 γειν
2230 2679 2378 2746 ἄξιον
2414 2681 2530 2743 τοῖς
2562 2676 2953 2747 ἐντυγχάνουσι
3002 2673 3200 2746 φράζε.
3247 2669 3513 2741 Φλυαρεῖν
3543 2664 3657 2738 γάρ

2076 2784 2136 2822 σε
2174 2769 2488 2840 νομίζοντες
2529 2768 2745 2835 πολλοὶ,
2785 2768 2881 2822 καὶ
2908 2764 3245 2835 άποφοιτῶσι
3273 2763 3516 2834 ταχέως,
3560 2756 3657 2812 καὶ

2074 2859 2355 2915 αἰτιῶνται
2389 2860 2608 2931 ῥᾳδίως,
2639 2860 2736 2914 καὶ
2764 2857 3043 2913 πείθουσιν
3076 2855 3267 2924 ὀξέως.

2324 2969 2465 3025 ΣΙΕ’,
2506 2997 2578 3007 -
2613 2967 2877 3021 ΔΑΝΙΗΛ
2923 2963 3391 3036 ΠΡΕΣΒΥΤΕΡῼ.

391 3081 475 3138 Ne
507 3078 763 3136 malorum
794 3079 1045 3149 felicitate
1076 3079 1131 3134 in
1170 3079 1268 3135 hoc
1300 3081 1494 3134 sacculo
1526 3079 1846 3150 ofendatur,
1874 3080 1965 3206 ἧς

2072 3100 2139 3208 tit;
2159 3084 2528 3224 gertitudinem
2559 3084 2781 3139 extremi
2815 3079 3013 3150 judicii
3041 3080 3242 3135 credat.
3291 3074 3469 3150 (σοιτί.
3494 3075 3654 3145 epist.

460 3257 540 3316 Ne
566 3267 618 3315 te
647 3273 679 3314 a
715 3268 893 3329 coepto
919 3257 1138 3314 virtutis
1161 3298 1175 3320 .
1204 3273 1238 3314 ο
1268 3260 1409 3314 bone
1445 3258 1550 3323 vir,
1590 3269 1804 3315 avertat
1854 3268 1965 3315 tra-

2143 3263 2237 3335 Μή
2283 3280 2417 3330 σου,
2461 3258 2507 3318 ὧ
2561 3262 2835 3335 μακάριε,
2886 3261 2979 3316 τὸν
3020 3263 3101 3325 εἰς
3140 3258 3239 3332 τὴν
3291 3255 3492 3329 ἀρετὴν
3530 3253 3659 3327 δρό-

391 3355 557 3418 mite,
598 3352 743 3421 quod
787 3350 1041 3407 Zosimus
1085 3351 1331 3421 impurus
1367 3351 1585 3422 Deoque
1629 3353 1865 3422 invisus,
1910 3362 1968 3409 ut

389 3441 623 3508 scribis,
654 3441 830 3497 sacris
876 3440 1079 3496 initiari
1123 3455 1291 3496 ausus
1317 3438 1512 3507 fuerit,
1543 3442 1628 3498 vel
1653 3443 1968 3500 sacriﬁcare

391 3534 622 3589 audeat:
666 3534 798 3604 quin
841 3533 1018 3604 potius
1063 3535 1164 3590 hoc
1184 3534 1253 3588 ad
1286 3535 1714 3591 confirmandum
1746 3536 1848 3593 fide
1876 3551 1971 3592 va-

393 3626 501 3681 leat
523 3623 762 3681 futurum
789 3627 1010 3681 omnino
1029 3625 1314 3694 judicium,
1342 3640 1450 3697 quo
1474 3625 1773 3681 secundum
1802 3639 1968 3695 Opera

391 3718 592 3789 cuique
617 3718 890 3774 reddetur.
940 3720 996 3773 Si
1022 3720 1166 3774 enim
1205 3719 1294 3775 hic
1316 3734 1506 3776 omnes
1556 3720 1851 3790 promerita
1878 3733 1970 3775 ac-

393 3811 672 3879 cipereut,
716 3810 865 3879 impii
893 3811 1110 3880 quidem
1153 3825 1375 3880 ptenas,
1422 3811 1555 3880 justi
1594 3825 1723 3865 vero
1747 3810 1967 3880 praemia

391 3898 633 3967 virtutis,
663 3914 1120 3969 supervacaneum
1146 3912 1290 3957 esset
1326 3901 1611 3970 judicium.
1659 3901 1715 3956 Si
1752 3901 1967 3971 quidem

394 3988 550 4043 multi
593 3988 721 4044 mali
769 3989 823 4045 in
872 3990 978 4046 hoc
1010 3991 1208 4046 mundo
1232 4001 1397 4061 agunt
1444 3990 1673 4046 feliciter
1718 4009 1732 4047 :
1780 4000 1968 4046 contra

394 4095 527 4137 vero
552 4080 687 4152 justi
727 4097 869 4154 saepe
903 4083 1147 4138 adversis
1176 4081 1578 4139 conﬂictantur.
1628 4082 1687 4137 Id
1734 4082 1865 4152 ipsis
1894 4090 1972 4136 tn-

397 4172 623 4227 multum
651 4174 907 4241 concitat,
933 4175 1077 4244 quod
1109 4174 1320 4229 turbam
1359 4174 1755 4243 tumnltmnque
1782 4173 1970 4227 tollere

396 4264 617 4319 deberet
639 4264 851 4330 merito,
878 4265 1018 4332 quod
1044 4278 1142 4334 pro
1167 4263 1364 4318 merito
1386 4263 1581 4332 cuique
1603 4261 1968 4317 distribuitur.

393 4357 585 4429 Neque
608 4358 751 4414 enim
794 4359 974 4428 justus
996 4357 1137 4414 foret
1176 4359 1337 4423 Deus,
1362 4359 1453 4428 qui
1492 4359 1604 4412 haec
1626 4356 1807 4412 futura
1844 4373 1971 4427 pro-

397 4446 623 4512 viderit,
670 4447 772 4503 nisi
796 4448 1119 4514 verborum,
1150 4450 1453 4514 actionum,
1489 4458 1652 4518 atque
1686 4449 1972 4519 cogitatio-

395 4550 522 4590 num
571 4536 837 4591 rationem
882 4546 1070 4605 postea
1110 4537 1491 4602 redderemus,
1527 4545 1583 4591 et
1629 4537 1713 4592 his
1751 4537 1966 4603 quidem

395 4627 648 4696 praemia,
681 4627 787 4684 illis
819 4642 949 4683 vero
980 4643 1170 4699 pinnas
1201 4628 1538 4683 decerneret.

606 4735 841 4793 CCXVI.
873 4765 944 4778 -—
977 4734 1369 4792 STRA'I‘EGIO
1401 4732 1753 4791 MONACIIO.

2076 3372 2178 3427 μον
2203 3355 2315 3427 (46)
2343 3355 2406 3409 τὸ
2430 3354 2626 3427 μιαρὸν
2659 3355 2752 3409 καὶ
2786 3354 3054 3426 θεομισῆ..
3087 3353 3163 3416 ὡς
3185 3350 3470 3420 γέγραφας
3490 3389 3505 3411 ,
3541 3344 3656 3400 Ζώ-

2076 3464 2234 3520 σιμον
2267 3446 2519 3519 ἱερᾶσθαι
2547 3447 2754 3518 τολμᾷν
2775 3460 2789 3475 ’
2820 3444 2938 3500 ἀλλ’
2978 3443 3111 3498 αὐτὸ
3141 3441 3299 3496 τοῦτό
3347 3456 3408 3494 σε
3453 3437 3656 3508 μᾶλλον

2075 3538 2332 3610 ῥωννύτω
2358 3540 2440 3605 εἰς
2466 3540 2527 3594 τὸ
2558 3537 2832 3592 πιστεύειν
2868 3535 3086 3599 πάντως
3116 3530 3253 3587 εἶναι
3284 3531 3497 3603 κρίσιν,
3527 3529 3587 3582 ἐν

2075 3630 2291 3701 ἑκάστῳ
2324 3629 2386 3685 τὸ
2412 3630 2721 3703 πρόσφορον
2746 3626 3245 3699 άπονεμηθήσεται.
3279 3624 3340 3677 Εἰ
3372 3622 3483 3692 7&9
3516 3620 3659 3674 πάν-

2073 3737 2164 3785 τες
2209 3719 2443 3774 ἐνταῦθα
2488 3719 2871 3791 ἀπελάμϐανον
2924 3717 2993 3772 τά
3043 3716 3421 3788 προσήκοντα,
3469 3714 3519 3765 οἱ
3557 3712 3660 3783 μὲν

2074 3809 2174 3872 τὰς
2221 3808 2489 3878 ἀμοιϐὰς,
2533 3812 2582 3864 οί
2626 3810 2683 3863 δὲ
2729 3809 3059 3880 τάπίχειρα,
3092 3806 3344 3878 περιττὸς
3374 3800 3443 3876 ἦν
3481 3807 3509 3857 ὁ
3556 3804 3658 3873 τῆς
3713 3802 3721 3808 ’

2075 3901 2310 3972 κρίσεως
2337 3901 2515 3970 λόγος.
2559 3900 2775 3972 Ἐπειδὴ
2807 3901 2862 3954 δὲ
2889 3899 3070 3954 πολλοὶ
3103 3898 3200 3969 μὲν
3224 3897 3418 3966 φαῦλοι
3449 3895 3659 3963 εὐημε-

2078 3991 2267 4063 ροῦσι,
2307 3991 2495 4045 πολλοί
2533 3992 2589 4045 δὲ
2624 3991 2902 4045 σπουδαῖοι
2942 3987 3490 4062 παρευημεροῠνται,
3522 3985 3661 4039 αὐτὸ

2076 4083 2234 4136 τοῦτο
2253 4082 2282 4135 ὃ
2303 4083 2396 4136 τὸν
2426 4083 2651 4153 θόρυϐον
2671 4085 2833 4147 ποιεῖ,
2860 4084 2955 4137 τοῦ
2980 4080 3208 4154 θορύϐου
3243 4080 3335 4133 καί
3361 4079 3459 4149 τῆς
3484 4095 3659 4149 ταρα-

2076 4175 2177 4245 κῆς
2207 4174 2411 4245 ὀφείλει
2441 4170 2579 4228 εἶναι
2630 4174 3007 4246 ἀναιρετικὸν,
3045 4176 3129 4228 ὅτι
3169 4173 3383 4242 ἑκάστῳ
3409 4171 3471 4223 τὸ
3519 4169 3660 4241 πρέ.

2076 4283 2178 4319 πον
2219 4265 2636 4337 ἀποδοθήσεται.
2682 4267 2757 4321 Οὐ
2810 4267 2916 4339 γὰρ
2965 4266 3032 4320 ἂν
3074 4265 3283 4324 δίκαιος
3329 4263 3404 4317 ὣν
3450 4265 3478 4315 ὁ
3524 4261 3663 4324 Θεὸς

2075 4356 2247 4409 ταῦτα
2281 4356 2518 4425 περιεῖδε
2565 4357 2857 4427 γινόμενα,
2905 4357 2957 4410 εἰ
2992 4357 3067 4427 μὴ
3108 4354 3300 4427 ἔμελλε
3352 4353 3449 4407 καὶ
3482 4352 3662 4420 λόγων

2077 4445 2172 4499 καὶ
2227 4444 2480 4516 πράξεων
2542 4445 2639 4499 καὶ
2699 4444 2919 4499 ἐννοιῶν
2980 4445 3118 4516 μετὰ
3168 4441 3346 4496 ταῦτα
3404 4442 3662 4495 ἀπαιτεῖν

2077 4538 2307 4602 εὐθύνας
2326 4554 2341 4568 ο
2376 4537 2608 4602 καὶτοῖς
2639 4538 2738 4609 μὲν
2769 4540 2938 4610 τιμάς
2957 4579 2972 4604 ,
3009 4541 3126 4601 τοῖς
3153 4537 3208 4592 δὲ
3234 4538 3509 4608 τιμωρίας
3540 4538 3661 4609 69i-

1998 4646 2047 4706 ι)
2074 4632 2208 4696 ζειν.

2289 4740 2447 4806 Σιφ.
2481 4768 2554 4779 -
2587 4738 2970 4812 ΣΤΡΛΤΗΓΙῼ
3000 4740 3427 4824 MONAZONTI.

1073 4825 1345 4881 Promittit
1374 4842 1429 4881 se
1451 4827 1739 4880 itwisurum
1771 4826 1967 4880 amicos
1993 4827 2050 4881 in
2081 4832 2416 4885 monasterio.
2450 4829 2616 4901 (qur.
2643 4834 2795 4899 epist.
2830 4830 2983 4904 494.)

465 4937 586 4995 Jam
608 4953 717 5003 me,
745 4954 866 4993 cum
895 4941 1039 4994 bono
1063 4939 1171 4994 Deo
1191 4940 1365 4994 (licam
1388 4983 1400 5003 ,
1430 4940 1482 4993 iu
1512 4940 1840 4994 ntonasterio
1869 4955 1966 4993 ex-

397 5039 603 5099 specta.
658 5029 927 5085 Accedam
953 5032 1096 5086 enim
1118 5068 1134 5095 ,
1173 5041 1230 5085 ιιι
1258 5041 1416 5086 antea
1440 5047 1654 5087 omnem
1684 5030 1849 5103 624
1878 5032 1969 5086 Dei

401 5121 600 5175 cultum
637 5120 959 5190 inspiciam,
984 5132 1040 5178 et
1068 5136 1164 5190 per
1189 5124 1370 5178 omnia
1393 5123 1769 5178 admirandum
1794 5123 1974 5179 Theo-

400 5213 610 5267 dosium
635 5212 746 5282 jam
769 5212 975 5282 pridem
1004 5213 1235 5269 amicum
1258 5212 1483 5280 factum,
1505 5216 1715 5271 honore
1736 5218 1974 5271 maximo

401 5304 802 5374 complexurus.

2149 4942 2287 5013 Ἤδη
2333 4959 2400 5012 με
2421 4982 2435 5007 ,
2471 4942 2568 4997 σὺν
2600 4944 2719 5014 Θεῷ
2758 4944 2817 4998 δὲ
2866 4943 3108 5015 εἰρήσθω
3129 4986 3145 5008 ,
3193 4943 3569 5015 προσδόκησον
3602 4947 3662 4998 ἐν

2076 5033 2155 5105 τῷ
2189 5035 2535 5107 μοναστηρίῳ
2561 5051 2575 5065 ο
2616 5036 2733 5108 ἥξω
2773 5035 2884 5107 γὰρ
2911 5037 3009 5108 τὴν
3056 5035 3154 5107 σὴν
3194 5036 3301 5108 πρό
3330 5051 3395 5103 γε
3438 5036 3662 5090 πάντων

2076 5122 2342 5194 ὀψόμενος
2370 5125 2712 5189 θεοσέϐειαν,
2743 5126 2840 5179 καὶ
2875 5124 2968 5178 τὸν
2998 5125 3087 5178 διὰ
3125 5124 3308 5179 πάντα
3352 5124 3661 5195 θαυμάσιον

2075 5216 2388 5284 Θεοδόσιον,
2422 5217 2511 5270 διὰ
2538 5216 2754 5289 μακροῦ
2791 5216 2904 5287 (47)
2948 5216 3101 5285 φίλον
3127 5216 3289 5282 ὄντα,
3326 5218 3424 5272 καὶ
3451 5216 3659 5288 σφόδρα

2076 5309 2208 5379 ἡμῖν
2237 5307 2604 5383 τετιμημένον
2622 5349 2636 5374 ,
2672 5326 2739 5361 πε
2750 5308 3161 5380 ριπτυξόμενος.

1499 5477 1733 5538 VARUE
1773 5483 2152 5541 LECTIONES
2189 5483 2278 5538 ET
2317 5482 2550 5541 NOTAE.

478 5631 588 5705 (ιο)
614 5632 758 5705 Iuth
787 5632 983 5705 δρόμον
1023 5645 1078 5694 et
1109 5635 1170 5690 τὸ
1202 5635 1444 5693 inserunt
1484 5636 1643 5693 ambo
1681 5638 1836 5695 codd.
1870 5641 1963 5696 ἐκ·

409 5702 674 5755 κοπτέτω.
705 5702 910 5760 Possm.

2147 5638 2275 5721 (47).
2290 5637 2395 5721 Ιξιδο
2428 5639 2516 5694 διὰ
2540 5640 2764 5721 μακροῦ
2797 5642 2955 5700 codd.
2996 5641 3120 5701 Vat.
3156 5641 3260 5700 650
3291 5650 3348 5700 et
3373 5641 3483 5702 Alt.
3517 5642 3656 5701 scri-

2077 5708 2213 5766 bunt
2238 5708 2333 5764 διὰ
2370 5708 2587 5781 μικροῦ.
2624 5708 2700 5767 Ιιὶ.
