4070 6382
463 324 600 389 1463

1633 331 1694 387 S.
1732 327 2025 388 ISIDORI
2063 322 2504 388 I’ELUSIO'I’AB

3601 327 3738 392 15.64

462 448 568 492 tem
596 436 1121 504 passiouumCltristi
1149 437 1359 492 Domini
1383 439 1588 509 possim
1602 454 1720 494 esse
1736 449 2032 510 particeps.

2153 442 2244 492 κᾶν
2291 440 2353 492 ἐκ
2399 440 2600 510 μέρους
2623 444 2738 506 τοῖς
2773 443 3132 508 Δεσποτικοίς
3168 441 3364 497 πάθεσι
3399 457 3735 509 κεκοινωνη-

778 642 934 698 CCX.
959 675 1027 687 —
1059 640 1364 698 EUTONIO
1401 640 1719 697 DIACONO.

2151 534 2326 587 κέναι.

2464 643 2590 698 Σκν.
2625 673 2696 685 --
2741 647 3039 711 εΥΤοΝιο
3075 647 3396 719 ΔιΑιςοΝο.

531 757 608 812 De
639 755 838 812 Zosimi
876 767 922 811 et
961 757 1199 811 Maronis
1221 757 1360 810 vitiis
1389 758 1598 820 iterum,
1630 765 1679 810 et
1705 758 1770 810 de
1801 755 2034 810 Juttaica
2063 760 2308 826 perﬁdia.
2347 759 2509 832 (Vide
2541 777 2658 830 sup.
2684 773 2730 816 et
2763 763 2916 828 epist.
2941 763 3032 828 20,
3068 763 3140 816 De
3169 762 3315 818 Judu
3341 760 3660 823 proditore.)

532 866 585 920 Si
621 865 846 935 quodvis
895 865 1158 935 supplicio
1194 865 1414 936 dignum
1459 863 1637 921 scelus
1663 867 2038 930 Committuut,

462 967 515 1011 et
567 959 773 1027 impura
836 971 1062 1026 quaeque
1124 956 1285 1012 verba
1355 955 1638 1026 proferunt
1692 955 1936 1009 Zosituus
1987 963 2042 1010 et

467 1050 672 1117 Maron,
735 1057 897 1119 atque
965 1049 1017 1103 in
1062 1048 1324 1118 optimum
1382 1061 1653 1116 quemque
1711 1047 2038 1100 incurrunt:

464 1156 580 1206 qua:
611 1155 784 1208 neque
803 1138 1048 1205 dicenda,
1075 1154 1249 1208 neque
1279 1153 1336 1193 re
1360 1139 1468 1193 sint
1492 1139 1833 1208 exsequenda
1870 1139 2046 1190 dicon-

465 1245 545 1286 tes
575 1233 778 1300 pariter
823 1239 878 1284 et
915 1239 1138 1300 agentes
1171 1247 1186 1284 :
1217 1230 1320 1284 noli
1361 1229 1677 1283 existimare
1723 1228 1982 1282 ultionem
2016 1243 2044 1281 a

469 1327 576 1378 Deo
623 1324 842 1393 ltt'gligi.
884 1324 1082 1376 mirare
1140 1323 1318 1391 potius
1366 1321 1826 1390 longanimitatem
1878 1321 2046 1374 divini

466 1415 704 1469 numinis
743 1415 808 1468 ad
839 1411 1209 1482 pmnitentiatn
1243 1413 1387 1480 ipsos
1422 1412 1758 1476 invitantem,
1795 1420 1848 1463 et
1882 1425 2044 1465 excu-

466 1507 731 1560 sationem
773 1504 1076 1575 przecisam,
1117 1517 1302 1558 verum
1345 1502 1625 1557 enimvero
1670 1511 1790 1570 post
1821 1517 1926 1555 nou
1958 1501 2044 1554 diu

467 1598 548 1653 vel
581 1599 634 1651 in
668 1599 767 1651 hac
798 1597 928 1662 vita,
958 1596 1038 1650 vel
1079 1597 1130 1651 in
1179 1595 1345 1650 altera
1376 1596 1524 1667 gravi
1553 1610 1648 1649 eos
1675 1595 1938 1663 SUpplit-io
1972 1594 2048 1646 itt-

469 1703 807 1762 scquentctn.
859 1689 915 1746 Si
974 1691 1118 1745 cn‘nt
1171 1691 1262 1760 qui
1333 1701 1458 1745 ante
1506 1689 1766 1744 diluvium
1817 1689 2044 1742 nefanda

470 1781 834 1851 patr-antes“,
863 1783 944 1836 vel
994 1783 1047 1835 in
1083 1779 1331 1834 Sodomis
1386 1780 1617 1834 immane
1671 1786 1956 1848 peccantes
1983 1777 2048 1842 δ’,

469 1886 559 1929 aut
588 1876 630 1929 si
661 1876 713 1928 itt
762 1873 1044 1928 Dominum
1076 1872 1407 1926 insanientes
1440 1870 1585 1924 rabie
1608 1869 1775 1925 Judaei
1805 1869 2050 1939 ttnpuniti

466 1967 715 2024 abierunt
753 2006 766 2028 ,
847 1964 1072 2019 abibunt
1132 1972 1182 2016 et
1235 1962 1339 2016 isti.
1394 1961 1451 2016 Si
1505 1977 1632 2016 vero
1696 1961 1908 2015 illorum
1962 1960 2050 2014 alii

467 2066 592 2110 sunt
650 2054 902 2109 ﬂuctibus
947 2053 1168 2118 obruti,
1219 2052 1307 2105 alii
1361 2052 1466 2121 igni
1514 2067 1576 2106 ac
1620 2051 1764 2106 bello
1796 2049 2050 2105 exstincti

469 2148 764 2215 perierunt,
803 2155 1058 2200 utomnes
1086 2159 1205 2199 cum
1235 2144 1446 2214 priores
1471 2153 1579 2198 tum
1606 2142 1816 2198 futuras
1843 2152 2047 2213 tragoe-

467 2239 581 2294 ttias
608 2237 975 2303 obscurarint,
1007 2237 1170 2291 etiam
1224 2237 1311 2290 hic
1360 2234 1580 2290 ultimas
1623 2236 1721 2290 has
1748 2235 2046 2304 patientur.

469 2342 678 2396 ptenas.
705 2327 814 2382 Cur
835 2326 1000 2396 igitur
1021 2327 1154 2381 nihil
1176 2326 1226 2380 id
1267 2326 1422 2391 iacis,
1448 2326 1604 2396 qttasi
1627 2325 1733 2380 sint
1760 2327 2053 2396 iutpuniti?

467 2421 544 2473 lbi
561 2419 707 2474 enim
731 2433 922 2490 pmuas
947 2419 1172 2473 daturos
1206 2425 1415 2484 notum,
1445 2420 1672 2472 veritate
1700 2419 1770 2472 ita
1804 2435 2050 2489 pronun-

467 2513 677 2566 tiante:
735 2527 754 2561 ι
799 2509 1160 2564 Tolerabilius
1224 2511 1331 2564 erit
1384 2519 1542 2564 terra:
1588 2507 1942 2564 Sodomorum
1997 2519 2054 2564 ct

464 2603 939 2659 Gomorrltteorum
973 2602 1024 2656 in
1058 2602 1146 2656 die
1167 2601 1355 2671 judicii
1377 2640 1392 2664 ,
1426 2617 1586 2670 quam
1620 2602 1826 2656 civitati
1859 2602 1933 2656 illi
1957 2601 2003 2636 “
2033 2619 2046 2656 :

467 2697 595 2764 quia
647 2694 948 2750 Jerusalem
992 2705 1284 2763 persecuta.
1315 2703 1399 2748 est
1441 2694 1688 2748 veritatis
1750 2708 2046 2762 pracones.

467 2786 730 2841 llzecideo
759 2784 939 2852 retuli,
977 2795 1234 2854 tanquam
1265 2783 1376 2839 sint
1417 2784 1488 2838 illi
1523 2786 1738 2853 gravius
1769 2785 2047 2853 puniendi,

471 2877 764 2934 Sodomita:
783 2890 914 2931 vero
950 2875 1232 2930 remissius
1257 2889 1320 2928 ac
1352 2875 1556 2937 mitius,
1588 2889 1696 2927 non
1727 2875 1884 2928 modo
1925 2875 2049 2942 quia

470 2971 522 3022 in
549 2969 649 3024 ltac
677 2968 784 3022 vita
817 2981 1010 3038 ptenas
1060 2965 1472 3036 pependerunt,
1503 2964 1598 3018 sed
1619 2975 1671 3017 et
1703 2965 1830 3033 quia
1859 2973 2048 3018 contra

2219 869 2282 921 Ei
2327 868 2494 940 μηδὲν
2542 871 2661 940 μετ’
2715 869 3008 933 ἀκολασίας
3059 867 3168 939 (ί9)
3209 866 3370 938 ἔργον
3411 866 3736 935 ἄπρακτον,

2153 961 2288 1031 μήτε
2307 960 2465 1028 λόγον
2486 961 2710 1031 αἰσχρὸν
2733 962 2990 1032 ἄρρητον,
3015 959 3089 1023 ὼς
3114 959 3242 1028 φὴς,
3271 956 3741 1028 παραλελοιπότες

2151 1046 2400 1116 Ζώσιμός
2432 1065 2489 1100 τε
2521 1050 2617 1100 καὶ
2658 1049 2894 1121 Μάρων,
2934 1050 3013 1100 ἐτι
3043 1049 3136 1101 καὶ
3181 1047 3325 1101 κατά
3356 1045 3462 1099 τῶν
3494 1044 3741 1114 ἀρίστων

2154 1138 2509 1207 ἐπιφύονται,
2548 1138 2582 1192 ἃ
2615 1144 2754 1211 μήτε
2784 1139 2929 1209 λόγῳ
2962 1139 3100 1210 ρητά
3121 1178 3134 1202 ,
3179 1140 3317 1208 μήτε
3343 1136 3490 1206 ἔργῳ
3523 1133 3744 1205 φορητά

2153 1234 2249 1287 καὶ
2280 1233 2581 1304 φράζοντες
2609 1234 2702 1286 καὶ
2739 1233 3102 1304 πράττοντεςο
3144 1231 3218 1302 μὴ
3257 1231 3356 1300 τῆς
3397 1229 3546 1292 θείας
3579 1228 3742 1297 δίκης

2152 1326 2414 1397 ἀμέλειαν
2440 1326 2818 1398 καταψηφίσῃ,
2863 1327 3001 1379 ἀλλά
3035 1323 3284 1395 θαύμαζε
3310 1324 3480 1394 αὐτῆς
3505 1322 3605 1394 τὴν
3632 1341 3741 1392 μα-

2153 1419 2482 1490 κροθυμίαν,
2511 1419 2606 1490 τὴν
2633 1419 2726 1472 νῦν
2755 1420 2854 1489 μὲν
2885 1421 2965 1482 είς
2995 1419 3287 1489 μετάνοιαν
3315 1416 3513 1478 αὐτοὺς
3542 1413 3739 1468 καλοῦ-

2155 1529 2289 1576 σαν,
2329 1511 2421 1564 καὶ
2455 1510 2553 1580 τὴν
2583 1511 2879 1579 ἀπολογίαν
2917 1508 3368 1580 ἀποτεμνομένην
3389 1548 3403 1572 ,
3451 1505 3649 1577 μικρὸν
3682 1505 3736 1558 δέ

2155 1605 2383 1676 ὕστερον
2413 1607 2446 1678 ἧ
2492 1604 2745 1664 ἐνταῦθα,
2782 1605 2815 1676 ἢ
2851 1606 2966 1657 ἐκεῖ
3007 1603 3227 1657 κολάσει
3264 1598 3604 1670 σφοδροτάτῃ
3636 1597 3740 1650 αὺ-

2152 1697 2278 1759 τοῦς
2325 1695 2814 1766 μετελευσομένην.
2847 1696 2907 1748 Ei
2935 1695 3035 1765 μὲν
3064 1694 3174 1763 γάρ
3218 1694 3268 1746 oi
3298 1692 3404 1762 πρὸ
3433 1690 3528 1744 τοῦ
3565 1707 3742 1742 κατα-

2155 1785 2400 1858 κλυσμοῦ
2429 1785 2465 1840 ἀ
2500 1786 2574 1857 μὴ
2607 1785 2763 1856 θέμις
2789 1784 3166 1859 δράσαντες,ἦ
3196 1785 3255 1836 ἐν
3284 1783 3543 1853 Σοδόμοις
3567 1783 3742 1850 ὑπερο

2152 1881 2280 1950 όρια
2318 1879 2678 1942 πταίσαντες,
2714 1878 2746 1950 ἥ
2784 1880 2833 1933 oi
2865 1878 3009 1933 κατὰ
3051 1878 3145 1931 τοῦ
3195 1879 3468 1931 Δεσπότου
3514 1875 3741 1928 ἐπιλυτ-

2151 1971 2218 2039 τή
2231 1986 2420 2031 σαντες
2447 1968 2691 2022 Ἰουδαῖοι
2709 1969 3048 2040 ἀτιμώρητοι
3064 1968 3343 2037 διέφυγον,
3357 1965 3742 2034 διαφεύξονται

2154 2058 2247 2110 καὶ
2271 2052 2439 2112 οὗτοι.
2467 2057 2528 2111 Εἰ
2558 2058 2614 2112 δέ
2644 2057 2867 2112 ἐκείνων
2893 2056 3128 2111 ἐνταῦθα
3156 2058 3208 2110 οε
3242 2057 3340 2127 μὲν
3363 2053 3741 2124 κατεκλύσθη-

2156 2164 2254 2199 σαν
2278 2186 2292 2209 ,
2327 2149 2376 2200 οἱ
2408 2147 2466 2200 δὲ
2501 2147 2675 2218 πυρὸς
2700 2187 2715 2212 ,
2747 2149 2797 2200 οί
2824 2146 2882 2200 δὲ
2914 2147 3155 2218 πολέμου
3185 2145 3347 2216 ἔργον
3376 2146 3736 2215 γεγένηνται,

2151 2239 2228 2302 ὡς
2268 2239 2451 2304 πάσας
2490 2241 2584 2294 καὶ
2619 2241 2719 2303 τὰς
2759 2240 3070 2312 ἔμπροσθεν
3092 2281 3106 2306 ,
3137 2242 3232 2294 καὶ
3261 2239 3360 2302 τὰς
3393 2238 3532 2311 μετά
3560 2237 3738 2292 ταῦτα

2153 2331 2470 2402 ἀποκρύψαι
2506 2331 2837 2402 τραγῳδίας,
2869 2333 3094 2384 κάκεῖσε
3124 2331 3180 2384 δὲ
3219 2329 3320 2392 τὰς
3352 2330 3585 2399 ἐσχάτας
3613 2329 3736 2381 πείο

2155 2441 2336 2477 σονται
2373 2425 2644 2494 τιμωρίας
2667 2439 2678 2452 °
2727 2424 2795 2476 δι’
2826 2423 2893 2495 ἠν
2932 2423 3113 2477 αἰτίαν
3143 2423 3461 2490 ὀλιγωρεῖς,
3505 2421 3583 2484 ὡς
3613 2423 3736 2474 ἀτι-

2155 2520 2428 2587 μωρήτων
2472 2517 2679 2572 τούτων
2721 2517 2926 2583 δντων;
2968 2517 3095 2570 Ὅτι.
3140 2516 3252 2586 γὰρ
3300 2514 3463 2569 κάκεῖ
3501 2513 3737 2566 δώσουσι

2150 2615 2344 2682 δίκην,
2402 2613 2596 2684 δῆλον,
2654 2613 2720 2666 ἐκ
2781 2611 2876 2665 τοῦ
2935 2611 3036 2682 τὴν
3101 2610 3362 2681 ἀλήθειαν
3419 2607 3732 2677 εἰρηκέναι.

2158 2726 2176 2757 ι
2227 2706 2605 2777 Ἀνεκτότερον
2641 2705 2793 2758 ἔσται
2837 2707 2911 2775 γῇ
2943 2703 3192 2773 Σόδομων
3224 2701 3318 2754 καὶ
3349 2700 3668 2770 Γομόρρων,
3700 2696 3736 2766 ἣ

2150 2800 2216 2868 τῇ
2259 2797 2410 2851 πόλει
2455 2795 2669 2868 ἐκείνῃ,
2721 2815 2739 2846 s
2793 2797 2860 2865 τῇ
2894 2793 3136 2863 διωξάσῃ
3178 2791 3422 2862 δηλονότι
3465 2790 3592 2852 τοὺς
3634 2788 3736 2856 τῆς

2151 2888 2411 2960 ἀληθείας
2448 2889 2695 2958 κήρυκας
2714 2901 2729 2916 ·
2767 2886 2929 2939 τοῦτο
2955 2886 3011 2938 δὲ
3039 2881 3224 2948 εἶπεν,
3268 2882 3344 2946 ὡς
3379 2882 3606 2934 ἐκείνων
3636 2879 3736 2949 μὲν

2152 2977 2574 3049 ἀργαλεωτέραν
2600 2975 2882 3030 δωσόντων
2916 2976 3076 3044 δίκην
3097 3016 3112 3039 ,
3153 2971 3460 3041 Σοδομιτῶν
3503 2970 3560 3023 δὲ
3592 2971 3736 3039 ἡμεο

471 3071 718 3114 uatnram
754 3059 878 3114 vino
921 3073 987 3113 ac
1041 3057 1264 3112 libidine
1308 3065 1434 3111 sunt
1484 3055 1824 3109 dt-baeeltati.
1874 3053 2043 3109 Judaei

2153 3069 2420 3143 ρωτέραν,
2453 3068 2513 3120 οὐ
2547 3066 2708 3137 μόνον
2733 3065 2820 3119 διά
2847 3064 2909 3118 τὸ
2942 3063 3222 3120 κάνταῦθα
3247 3061 3563 3121 δεδωκέναι,
3599 3057 3743 3111 ἀλλὰ

471 3166 600 3208 vero
629 3151 892 3208 adversus
911 3159 1116 3207 naturae
1140 3148 1426 3204 Dominum
1454 3148 1817 3217 deliquerunt.

968 3454 1200 3512 CCXXI.
1235 3483 1304 3499 ο·-
1331 3452 1562 3511 ΕΙῡΕΜ.

2152 3163 2247 3216 καὶ
2298 3161 2386 3214 διὰ
2416 3159 2477 3213 τὸ
2521 3159 2649 3222 τοῦς
2695 3158 2795 3229 μὲν
2832 3157 2975 3211 κατὰ
3004 3155 3107 3225 τῆς
3149 3154 3364 3224 φύσεως
3401 3167 3733 3221 πεπαρῳνη-

2154 3255 2331 3319 κέναι,
2352 3252 2479 3316 τοὺς
2502 3252 2558 3306 δὲ
2587 3251 2730 3305 κατά
2756 3249 2850 3304 τοῦ
2875 3249 3150 3302 Δεσπότου
3176 3247 3278 3318 τῆς
3301 3245 3517 3316 φύσεως
3547 3242 3732 3295 λελυτ-

2152 3345 2398 3417 τηκέναι.

2613 3454 2786 3507 xxx.
2825 3483 2896 3496 --
2934 3453 3023 3522 To
3062 3450 3266 3520 arm.

784 3570 860 3626 De
887 3587 1040 3642 pana
1068 3571 1226 3641 hujus
1255 3580 1303 3626 et
1339 3570 1560 3624 alterius
1586 3570 1721 3624 vitta.
1755 3569 1865 3637 (Ex.
1900 3571 1998 3625 hac
2032 3582 2078 3626 et
2113 3575 2382 3643 superiore
2407 3574 2556 3644 epist.
2598 3571 2827 3641 conﬂata
2851 3571 3002 3641 epist.
3035 3568 3164 3638 ‘203,
3195 3568 3288 3622 lib.
3324 3567 3432 3638 ιιι.)

542 3694 713 3760 Scito,
750 3696 890 3750 bone
919 3695 1022 3758 vir,
1048 3697 1194 3764 quod
1215 3695 1259 3750 si
1288 3693 1478 3750 leviter
1501 3709 1568 3750 ac
1597 3695 1859 3751 tolerabili
1889 3697 2046 3752 modo

2232 3701 2396 3762 Ἰσθι,
2447 3696 2492 3755 ὦ
2538 3700 2747 3770 ἀγαθὲ,
2801 3700 2888 3754 ὅτι
2939 3700 2989 3752 εί
3036 3699 3192 3752 οίστά
3233 3697 3330 3752 καὶ
3381 3693 3594 3766 φορητά
3647 3695 3744 3747 καὶ

470 3798 775 3856 curatoque
814 3785 974 3840 facile
1014 3786 1375 3855 peccavimus,
1407 3787 1636 3857 ideoque
1668 3789 1883 3843 adversi
1921 3790 2046 3856 quid

2156 3795 2346 3849 εὐΐατα
2380 3794 2707 3864 πταίσοιμεν
2726 3833 2741 3859 ,
2769 3792 2863 3846 καὶ
2893 3790 3164 3860 πάθοιμέν
3193 3807 3246 3842 τι
3277 3788 3515 3843 ἐνταῦθα
3543 3787 3743 3851 δεινὸν,

473 3878 743 3948 patimur,
793 3888 921 3931 tunc
970 3875 1199 3933 crimina
1256 3876 1606 3947 detergimus.
1671 3876 1868 3932 Gravia
1919 3894 2046 3934 vero

2155 3881 2568 3954 ἀποτριϐόμεθα
2597 3879 2666 3934 τὰ
2704 3880 3026 3949 πταίσματα
3049 3897 3063 3910 ·
3097 3880 3146 3931 εί
3173 3879 3230 3932 δὲ
3269 3875 3619 3947 ἀπάνθρωπα
3645 3875 3745 3928 καὶ

473 3979 635 4038 atque
692 3968 979 4022 immodica
1035 3977 1333 4037 patrantes,
1382 3968 1437 4022 in
1490 3969 1664 4023 altera
1723 3970 1885 4023 etiam
1941 3970 2046 4022 vita

2153 3975 2342 4040 δεινὰ,
2376 3975 2599 4028 κάκεῖσε
2643 3969 3180 4044 τιμωρηθησόμεθα,
3223 3969 3556 4040 κουφότερον
3615 3969 3742 4038 μὲν,

473 4062 702 4116 luemus.
732 4060 900 4132 626
930 4058 1128 4115 Levius
1178 4069 1358 4116 tamen
1390 4074 1456 4115 ac
1481 4061 1687 4126 mitius,
1727 4060 1772 4114 si
1799 4060 1929 4129 qttid
1965 4061 2046 4115 ltic

2153 4069 2198 4121 εί
2223 4048 2505 4122 κάνταῦθά
2547 4082 2599 4118 τι
2637 4063 2908 4135 πάθοιμεν
2930 4104 2945 4128 ,
2979 4063 3283 4135 βαρύτερον
3310 4064 3388 4128 δὲ,
3426 4064 3477 4116 εί
3503 4063 3741 4127 ἀπαθεῖς

472 4154 708 4224 patimur
750 4152 998 4218 adversi;
1043 4152 1262 4219 gravius
1302 4167 1466 4220 vero,
1515 4152 1561 4207 si
1605 4152 1740 4206 nihil
1775 4153 1864 4207 hic
1907 4153 2046 4221 passi

2153 4155 2478 4225 ἀπέλθοιμεν
2500 4171 2513 4184 ·
2547 4154 2662 4210 ἀλλ’
2696 4155 2783 4208 ἵνα
2813 4155 2888 4226 μὴ
2927 4154 3105 4222 λέγειν
3133 4154 3277 4224 ἔχοις
3317 4153 3392 4216 ὡς
3424 4152 3566 4225 αὕτη
3604 4155 3742 4208 ἀπό-

469 4243 578 4297 vita
609 4243 941 4298 decedimus.
971 4239 1168 4296 Verum
1204 4256 1272 4297 ne
1313 4257 1398 4298 me
1427 4241 1579 4297 dicas
1613 4242 1777 4297 veluti
1801 4257 2046 4309 narrare,

2153 4248 2314 4318 φασίς
2347 4249 2466 4300 ἐστι
2509 4248 2605 4300 καὶ
2631 4247 2733 4300 οὐκ
2770 4246 3065 4311 ἀπόδειξις,
3097 4246 3187 4300 διὰ
3227 4245 3544 4316 μαρτυριῶν
3596 4245 3740 4309 ἀξιο-

471 4351 535 4391 ac
556 4350 660 4390 non
701 4337 1101 4399 demonstrare,
1137 4336 1362 4390 testibus
1392 4336 1648 4390 utendum
1679 4345 1763 4391 est
1797 4350 2046 4391 necessa-

2153 4340 2329 4411 χρέων
2362 4338 2625 4409 βαδιεῖται
2656 4341 2684 4393 ό
2714 4339 2906 4408 λόγος.
2937 4339 3071 4409 Περὶ
3092 4333 3184 4392 οὖν
3214 4338 3320 4392 τῶν
3347 4336 3586 4392 ἐνταῦθα
3617 4337 3751 4390 ἁπο-

473 4428 594 4482 riis.
636 4427 861 4483 Divinus
905 4428 1085 4496 itaque
1129 4426 1326 4482 Paulus
1362 4427 1428 4480 de
1474 4427 1562 4493 iis,
1589 4426 1680 4497 qui
1718 4428 1805 4482 hic
1851 4428 2046 4483 delicta

2153 4429 2487 4502 τριϐομένων
2543 4428 2614 4482 τά
2678 4431 3020 4499 πταίσματα,
3088 4428 3298 4499 μάρτυς
3359 4427 3739 4496 παραγραφὴν

472 4519 648 4585 luunt,
671 4519 824 4575 testis
842 4520 986 4574 omni
1011 4517 1332 4588 exceptione
1359 4518 1552 4587 major,
1579 4518 1910 4586 redarguens
1935 4535 2046 4584 eos,

2153 4524 2228 4596 μὴ
2271 4523 2656 4593 ἐπιδεχόμενος
2683 4525 2711 4576 ὁ
2751 4522 3037 4586 θεσπέσιος
3085 4521 3334 4584 Παῦλος,
3377 4521 3555 4589 λέγων
3610 4521 3746 4590 περὶ

473 4612 566 4681 qui
594 4612 814 4682 indigne
845 4622 1184 4666 sacramenta
1216 4619 1606 4679 perceperant:
1633 4626 1652 4660 ι
1681 4608 1820 4674 Ideo,
1854 4609 2046 4677 inquit,

2153 4615 2257 4667 τῶν
2303 4613 2539 4677 ἀναξίως
2585 4613 2696 4666 τῶν
2739 4612 3054 4682 μυστηρίων
3086 4611 3523 4682 μετειληφότων·
3569 4627 3589 4662 s
3641 4609 3750 4662 Διὰ

474 4705 615 4759 inter
639 4719 737 4760 vos
775 4703 928 4758 multi
964 4703 1162 4758 inllrmi
1208 4713 1263 4758 et
1305 4702 1599 4757 imbecilles
1623 4742 1639 4767 ,
1685 4710 1739 4756 et
1779 4702 2046 4756 dormiunt

2153 4705 2308 4759 τοῦτο
2339 4707 2396 4760 ἐν
2438 4705 2566 4776 ὑμῖν
2615 4704 2800 4758 πολλοὶ
2843 4705 3090 4768 ἀσθενεῖς
3136 4705 3233 4757 καὶ
3288 4703 3602 4774 ἄρρωστοι,
3647 4702 3750 4754 καὶ

479 4795 656 4849 multi.
705 4795 857 4862 Quod
919 4796 964 4851 si
1013 4795 1376 4863 nosmetipsos
1427 4793 1890 4862 diiudicaremus,
1946 4807 2046 4845 non

2153 4798 2452 4869 κοιμῶνται
2521 4797 2730 4852 ἱκανοί·
2786 4797 2836 4850 εί
2897 4797 3008 4868 γὰρ
3064 4796 3294 4860 ἑαυτοὺς
3346 4794 3740 4866 διεκρίνομεν,

479 4887 660 4954 utique
671 4886 1058 4954 iudicaremur.
1081 4885 1212 4940 Dum
1229 4885 1752 4955 judicamurautem,
1776 4899 1804 4937 a
1825 4881 2046 4936 Domino

2153 4889 2255 4942 οὐκ
2306 4887 2374 4942 ἃν
2427 4887 2794 4960 ἐκρινόμεθα·
2854 4889 3166 4958 κρινόμενοι
3218 4887 3306 4952 δὲ,
3362 4885 3467 4938 ὑπὸ
3525 4885 3744 4956 Κυρίου

478 4977 824 5045 corripimur,
858 4988 916 5031 ut
944 4994 1046 5031 non
1071 4993 1193 5032 cum
1222 4979 1324 5032 hoc
1350 4976 1552 5030 mundo
1589 4975 1912 5031 damnentur
1936 4976 2040 5029 ⁸³.»

2155 4980 2556 5050 παιδευόμεθα,
2607 4981 2695 5033 ἵνα
2751 4979 2827 5051 μὴ
2881 4981 2979 5033 σὺν
3025 4978 3102 5049 τῷ
3148 4978 3337 5048 κόσμῳ
3385 4976 3744 5045 κατακριθῶ-

481 5065 612 5121 Illud
641 5066 804 5121 etiam
853 5067 959 5136 igni
1005 5066 1316 5122 excruciata
1357 5065 1508 5121 diviti
1543 5067 1747 5120 dictum
1777 5067 1842 5119 al)
1874 5066 2046 5120 Abra-

2157 5088 2275 5141 μεν.
2309 5090 2324 5121 ι
2362 5071 2472 5122 Καὶ
2495 5069 2553 5121 τὸ
2583 5068 2872 5140 εἰρημένον
2899 5069 2957 5122 δὲ
2998 5069 3136 5140 πρὸς
3174 5067 3265 5122 τὸν
3292 5066 3702 5136 ’Δποτηγανιζό

483 5160 645 5215 hamo
661 5160 850 5215 eodem
875 5161 1105 5228 pertinet
1139 5177 1152 5214 :
1187 5177 1205 5210 s
1229 5158 1355 5224 Fili,
1379 5160 1664 5215 recordare
1687 5159 1813 5228 quia
1842 5158 2046 5226 recepit

2161 5174 2324 5228 μενον
2355 5155 2632 5221 πλούσιον,
2659 5158 2860 5229 ταύτης
2882 5156 3000 5210 ἐστὶ
3029 5157 3128 5227 τῆς
3169 5156 3401 5220 ἐννοίας,
3442 5156 3526 5210 ὅτι
3557 5173 3575 5206 ι
3603 5157 3740 5207 Ἀπ-

481 5253 549 5308 sti
585 5252 722 5309 bona
769 5253 821 5307 in
869 5253 975 5307 vita
1024 5262 1134 5308 tua.
1170 5252 1410 5308 Lazarus
1457 5253 1709 5306 similiter
1757 5251 1896 5306 mala
1927 5251 1994 5304 ⁸ο.
2030 5269 2046 5301 ι

2160 5247 2349 5312 έλαῦες
2386 5249 2454 5302 τὰ
2483 5247 2664 5316 ἀγαθά
2691 5265 2786 5301 σου
2821 5250 2878 5302 ἐν
2919 5249 2985 5320 τῇ
3015 5247 3128 5319 ζωῇ
3160 5263 3252 5300 σου
3275 5285 3290 5312 ,
3325 5243 3530 5316 ὁμοίως
3559 5243 3620 5298 δέ
3649 5244 3742 5296 καὶ

558 5424 604 5456 “
626 5423 760 5478 Gen.
790 5441 860 5488 vt,
890 5427 910 5479 l
940 5441 1093 5494 seqq.
1173 5425 1213 5456 "7
1253 5424 1387 5480 Gen.
1417 5439 1528 5488 XIX,
1573 5428 1591 5480 l
1623 5441 1738 5496 seq.
1815 5426 1859 5457 ⁸³
1891 5423 2082 5487 Matth,
2126 5440 2177 5487 χ,
2209 5423 2291 5477 15.
2371 5425 2456 5477 “l
2497 5425 2625 5479 Cor.
2670 5439 2745 5487 xl,
2778 5421 2972 5480 50-32.
3050 5422 3095 5454 '°
3136 5419 3266 5477 Luc.
3304 5435 3392 5474 xvt
3419 5460 3433 5483 ,
3465 5418 3552 5475 Ξὸι

1584 5575 1818 5630 vanu;
1855 5572 2236 5630 LECTIONES
2274 5543 2362 5630 ET
2403 5573 2634 5631 sonu.

570 5729 672 5800 (49)
709 5729 813 5785 l'ro
844 5734 956 5800 μετ’
990 5729 1140 5784 ἀκολ.
1177 5731 1328 5788 codd.
1362 5729 1476 5784 Vat.
1512 5729 1614 5784 650
1648 5741 1694 5786 et
1733 5733 1836 5788 Alt.
1862 5731 2046 5790 habent

2153 5733 2229 5803 ἦτ’
2264 5734 2349 5787 ax.
2378 5731 2588 5788 Possm.
