4070 6392
488 348 628 417 ιιδτ
1698 348 1740 399 S
1801 348 1873 397 ιδ

698 461 990 520 CCXXIII.
1010 488 1078 500 -—
1111 452 1508 512 HARPOCIUE
1540 450 1873 507 RHETORI.

1698 340 1740 399 S
1800 334 2096 397 ISIDORI
2135 327 2574 397 PELUSIOTIE

3599 327 3722 391 1468

2465 440 2634 494 ΣΚΓθ.
2690 469 2757 482 -—
2804 436 3136 508 ΔΡΠΟΚΡᾼ
3165 436 3463 509 ΣΟΦΙΣΤῌ.

496 575 758 632 Virtutem
780 575 955 643 potius
981 587 1095 627 cum
1123 567 1558 633 adversitatibus,
1594 582 1755 638 quam
1789 564 1915 619 vilia
1935 557 2465 698 ἑὸιῖιϐἶιὲῗὲιῗὶεαιε,
2493 552 2731 609 colenda.
2765 551 3003 625 (Confer.
3031 553 3185 621 epist.
3224 551 3314 615 i8,
3340 550 3427 618 68,
3462 552 3581 619 229,
3604 552 3722 619 284,

561 776 689 834 Scio
728 775 858 831 mihi
902 772 1097 844 partim
1146 772 1411 827 creditum
1448 784 1555 824 non
1611 769 1709 834 iri,
1765 767 2072 836 partimque

490 864 783 939 hyperbole
824 863 1052 918 videbor
1083 862 1181 927 uti,
1216 860 1319 914 nisi
1364 874 1542 913 meum
1572 858 1787 913 noveris
1821 870 2024 911 morem
2052 872 2067 910 :

489 958 712 1013 alterius
743 956 974 1011 fortasse
1002 970 1107 1008 non
1140 953 1355 1008 dixero.
1384 949 1519 1005 Novi
1546 950 1746 1006 etenim
1782 949 2070 1019 plerosque

489 1064 587 1120 per
617 1063 675 1104 se
697 1048 764 1103 de
788 1047 909 1103 aliis
946 1044 1089 1101 ferre
1117 1044 1296 1100 solere
1332 1041 1618 1111 judicium.
1659 1039 1789 1095 Dico
1814 1039 2070 1094 libentius

490 1153 577 1193 me
605 1140 805 1193 bonum
840 1137 1051 1207 agendo
1079 1134 1306 1188 adversa
1338 1132 1471 1202 pati,
1506 1148 1668 1202 quam
1695 1130 1833 1185 male
1865 1129 2071 1201 agendo

488 1230 762 1286 coronari.
821 1229 894 1285 Ut
941 1229 1084 1282 enim
1140 1238 1408 1282 transeam
1465 1223 1652 1280 virtuti
1697 1238 1952 1278 coronam
2013 1223 2066 1276 in

487 1322 657 1375 altera
711 1321 821 1374 vita
879 1319 1214 1387 repositam,
1269 1332 1484 1388 pinnam
1551 1330 1682 1371 vero
1736 1313 2071 1385 improbitati

487 1420 873 1481 prmparatam,
918 1411 1089 1465 virtus
1121 1410 1350 1479 ipsamet
1378 1422 1580 1463 corona
1609 1422 1671 1462 ac
1695 1421 1907 1461 merces
1938 1404 2067 1459 mihi

489 1516 612 1557 esse
640 1500 887 1568 videtur,
927 1510 984 1556 et
1027 1501 1215 1556 vitium
1261 1515 1384 1555 esse
1432 1498 1779 1569 supplicium.
1836 1494 1903 1550 Et
1961 1511 2068 1551 nou

424 1630 429 1639 ν
491 1592 897 1662 praeelegerim,
954 1593 1000 1647 si
1065 1593 1319 1646 virtutem
1369 1591 1585 1660 quidem
1621 1580 2067 1654 calu'mniantur;

428 1735 436 1747 ,
491 1684 678 1737 vitium
728 1698 857 1738 vero
900 1682 1163 1739 extollunt
1192 1700 1205 1737 :
1234 1692 1291 1737 et
1352 1681 1497 1736 illam
1544 1680 1759 1751 quidem
1797 1679 2069 1744 deserere,

2247 753 2378 810 Οἶδα
2423 755 2503 808 ὅτι
2555 753 2706 825 παρά
2752 768 2914 805 τινων
2963 750 3061 822 μὲν
3092 750 3550 823 ἀπιστηθήσομαι,
3594 756 3733 824 παρά

2177 864 2340 900 τινων
2372 846 2429 900 δὲ
2467 843 2740 915 ὑπερϐολῇ
2791 842 3097 913 κεχρῆσθαι
3141 840 3569 913 νομισθήσομαιο
3607 845 3733 915 πλὴν

2178 939 2295 993 ἀλλ’
2349 938 2650 1008 ἐπειδήπερ
2705 931 2862 990 οῖσθά
2896 952 3000 1004 μου
3058 934 3148 987 τὸν
3176 933 3374 1003 τρόπον
3435 933 3594 1005 (ἄλλο
3638 935 3734 1007 γὰρ

2180 1024 2308 1089 ἴσως
2357 1025 2457 1079 οὑκ
2488 1024 2555 1078 ἂν
2610 1021 2763 1078 εἷπον
2788 1040 2803 1057 ο
2840 1020 2956 1076 οῖδα
2997 1022 3107 1094 γὰρ
3136 1022 3363 1085 πολλοὺς
3404 1023 3467 1076 ὲκ
3497 1021 3600 1076 τῶν
3625 1022 3736 1077 καθ’

2177 1117 2406 1181 ἑαυτοὺς
2436 1118 2531 1170 καὶ
2559 1117 2659 1181 τὰς
2700 1114 2959 1187 περὶτῶν
2998 1114 3173 1169 ἄλλων
3200 1114 3464 1186 φέροντας
3494 1114 3734 1185 ψήφους),

2178 1210 2341 1279 φημὶ,
2372 1209 2456 1263 ὅτι
2485 1208 2887 1278 ἀσμενέστερον
2919 1206 3031 1277 (51)
3079 1207 3284 1278 ἀρετὴν
3316 1206 3497 1260 ἀσκῶν
3529 1206 3739 1260 ἐνταῦθα

2179 1300 2373 1371 πάσχω
2423 1298 2690 1371 κακῶς,ῆ
2740 1298 2943 1353 κακίαν
2978 1297 3179 1368 μετιὼν
3218 1296 3605 1367 στεφανοῦμαι.
3634 1297 3737 1350 Ἵνα

2177 1391 2285 1462 γάρ
2313 1391 2472 1462 παρῶ
2494 1391 2583 1445 τὸν
2620 1390 2885 1462 στέφανον
2934 1392 3025 1445 τὸν
3049 1392 3116 1463 τῇ
3151 1390 3320 1463 ἀρετῇ
3366 1391 3539 1443 ἐκεῖσε
3567 1388 3737 1460 εὑτρε-

2176 1481 2458 1549 πισθέντα,
2494 1482 2589 1537 καὶ
2640 1481 2739 1553 τὴν
2787 1482 3013 1536 κόλασιν
3065 1480 3165 1553 τὴν
3215 1482 3284 1552 τῇ
3317 1478 3485 1551 κακίᾳ
3539 1480 3733 1548 ἑτοιμα-

2186 1573 2426 1639 σθεῖσαν,
2483 1572 2620 1644 αὑτὴ
2666 1573 2701 1644 ή
2750 1573 2921 1644 ἀρετὴ
2956 1572 3219 1641 στέφανος
3260 1564 3405 1623 εἷναί
3461 1584 3549 1640 μοι
3584 1566 3735 1630 δοκεῖ,

2177 1664 2271 1719 καὶ
2300 1666 2334 1735 ή
2366 1663 2534 1718 κακία
2587 1664 2832 1727 κόλασις.
2884 1664 2996 1718 Καὶ
3036 1663 3138 1717 οὐκ
3172 1662 3239 1716 ἂν
3285 1661 3532 1732 ἑλοίμην,
3568 1662 3613 1714 εί
3651 1661 3736 1731 τὴν

492 1774 595 1828 hnc
644 1789 777 1829 vero
821 1774 1097 1844 amplecti.
1142 1774 1622 1829 Verumenimvero
1670 1771 1808 1826 hanc
1859 1770 2075 1840 quidem

2184 1754 2284 1825 μὲν
2318 1754 2521 1826 ἀρετὴν
2571 1752 2842 1825 ὑϐρίζοιέν
2884 1770 3050 1820 τινες,
3098 1752 3199 1824 τὴν
3233 1750 3291 1805 δὲ
3321 1750 3519 1807 κακίαν
3562 1766 3739 1818 στεφα-

492 1864 686 1933 iujuria
716 1863 842 1919 licet
871 1864 1119 1918 atfectam
1139 1862 1440 1932 amplector
1464 1874 1520 1916 et
1554 1876 1697 1927 amo,
1716 1860 1904 1915 vitium
1924 1873 2072 1926 vero,

493 1956 711 2010 tametsi
741 1963 1086 2021 coronatum,
1119 1970 1378 2009 exsecror
1399 1963 1562 2023 atque
1585 1952 1692 2008 odi.

596 2153 875 2211 CCXXIV.
916 2183 987 2196 —-
1029 2152 1337 2210 HYPATIO
1376 2151 1963 2210 IIEMPUBUBLICAM

997 2224 1571 2281 ADMlNleRAN'I‘l.

2181 1847 2344 1913 νοῖεν,
2372 1846 2472 1916 τῆς
2515 1844 2616 1915 μὲν
2657 1845 3049 1916 ἀποφοιτῆσαι,
3097 1844 3198 1916 τῆς
3228 1843 3289 1898 δὲ
3338 1840 3738 1897 ἀντιλαϐέσθαι·

2179 1934 2317 1992 ἀλλά
2343 1935 2444 2005 τὴν
2477 1935 2576 2005 μὲν
2603 1934 2697 1988 καὶ
2732 1934 3093 2008 ὑϐριζομένην
3121 1935 3443 2005 ἀσπάζομαι
3474 1933 3564 1987 καὶ
3594 1930 3740 2002 φιλῶ,

2180 2028 2280 2101 τὴν
2311 2026 2368 2081 δὲ
2398 2026 2492 2081 καὶ
2538 2026 2983 2099 στεφανουμένην
3015 2026 3379 2098 βδελύττομαι
3407 2024 3498 2080 καὶ
3537 2022 3695 2096 μισῶ.

2392 2137 2561 2191 sum.
2592 2166 2664 2176 —
2690 2134 2952 2207 rnA'rto
2978 2134 3540 2207 ΠΟΛΙΤΕΥΟΜΕΝῼ.

1293 2338 1587 2393 Avaritiam
1624 2335 1951 2407 fugiendam.
1986 2335 2225 2409 (Confer.
2264 2336 2412 2406 epist.
2449 2336 2506 2397 8,
2552 2336 2643 2401 55,
2672 2336 2763 2402 67,
2812 2335 2960 2405 142.)

560 2472 1007 2544 Quandoquidem
1053 2472 1291 2537 dilﬁcile,
1353 2475 1457 2528 hoc
1509 2481 1614 2537 est,
1659 2469 1946 2525 molestum
1979 2468 2068 2532 sit,

488 2565 578 2634 qui
613 2565 925 2621 divitiarum
956 2576 1148 2636 captus
1177 2580 1366 2621 amore
1401 2574 1507 2631 est,
1553 2566 1876 2634 resipiscere
1909 2561 2073 2633 (aegre

488 2661 635 2716 enim
682 2659 967 2716 emendari
1014 2668 1213 2729 potest,
1251 2673 1319 2714 ne
1368 2658 1570 2725 dicam,
1619 2654 2068 2711 inemendabilem

488 2748 791 2817 hujusmodi
837 2747 1007 2819 esse),
1037 2748 1171 2803 nihil
1204 2763 1312 2803 non
1349 2747 1647 2817 agendum,
1695 2760 1761 2801 ue
1802 2747 1904 2800 hoc
1927 2745 2071 2800 malo

486 2840 743 2909 capiaris.
777 2838 1017 2895 Facilius
1040 2839 1185 2894 enim
1240 2848 1323 2894 cet
1372 2855 1479 2893 non
1523 2837 1664 2908 capi,
1694 2852 1857 2907 quam
1903 2834 2073 2892 semel

486 2939 704 3000 captum
735 2930 801 2985 ab
829 2944 894 2985 eo
924 2929 1115 2985 morbo
1136 2928 1381 2984 liberari.

734 3057 990 3115 CCXXV.
1026 3087 1097 3100 --
1122 3056 1464 3114 PALLADIO
1494 3054 1817 3112 DIACONO.

2258 2460 2488 2536 Ἐπειδὴ
2519 2464 2778 2536 χαλεπὸν,
2811 2463 3056 2519 τουτέστι
3087 2465 3377 2530 δύσκολον,
3408 2463 3497 2518 τὸν
3529 2462 3603 2528 εἰς
3627 2461 3748 2534 ἔρω-

2180 2575 2251 2612 τα
2298 2556 2601 2628 χρημάτων
2647 2556 2961 2627 ἐμπεσόντα
3014 2553 3310 2611 ἀνανεῦσαι
3367 2552 3749 2627 (δυσδιόρθωτος

2179 2650 2311 2722 γὰρ,
2346 2649 2435 2703 ἵνα
2465 2648 2540 2720 μὴ
2574 2647 2715 2701 εἴπω
2739 2646 3094 2720 ἀδιόρθωτος,
3131 2650 3160 2703 ό
3187 2647 3443 2711 τοιοῦτος
3486 2643 3742 2717 γίνεται),

2177 2740 2358 2793 πάντα
2402 2738 2505 2811 χρὴ
2554 2738 2852 2809 πράττειν,
2915 2738 3059 2795 ὥστε
3110 2738 3187 2810 μὴ
3217 2737 3437 2793 ἁλῶναι
3488 2736 3562 2809 τῷ
3586 2734 3747 2806 δεινῷ.

2180 2828 2461 2884 Εὑκολώτε
2467 2845 2560 2901 ρον
2582 2827 2689 2900 γὰρ
2719 2827 2795 2900 μὴ
2818 2828 3045 2894 ἁλῶναι,
3071 2828 3323 2901 ἢάλόντα
3364 2824 3749 2901 ἀνακτήσασθαι

2180 2919 2395 2976 ἑαυτόν.

2462 3053 2634 3108 ΣΚΕο.
2664 3084 2736 3095 -
2767 3054 3116 3127 ΠΔΛΛΔΔΙῼ
3155 3055 3494 3127 ΔΙΔΚΟΝῼ.

489 3173 592 3241 Qui
616 3172 739 3226 bene
765 3168 1018 3242 paruerit,
1051 3172 1097 3226 is
1124 3179 1261 3226 recte
1305 3171 1600 3240 imperabit.
1643 3168 1818 3250 (!_’Iu_t.
1869 3166 2177 3250 Aristotzet
2207 3166 2357 3250 alii;
2395 3167 2555 3250 quia
2586 3169 2739 3239 epist.
2770 3169 2899 3239 455,
2925 3182 2973 3227 et
3009 3171 3083 3227 ibi
3131 3183 3314 3228 notata
3379 3173 3524 3247 σχολ.
3567 3170 3751 3228 Similis

1685 3239 1810 3292 huic
1852 3238 1922 3292 ad
1961 3238 2198 3292 eumdem
2228 3238 2378 3308 epist.
2409 3238 2562 3310 275.)

558 3373 615 3428 Si
659 3372 869 3444 legibus
900 3413 916 3439 ,
978 3372 1176 3443 quibus
1230 3370 1542 3442 respublica
1603 3346 2098 3434 administratur,‘

2240 3368 2304 3422 El
2333 3367 2466 3430 τοὺς
2489 3368 2765 3441 ὑπηκόους
2792 3368 2901 3423 τῶν
2939 3369 3143 3440 νόμων,
3176 3372 3301 3425 καθ’
3331 3365 3426 3428 ὧν
3452 3371 3743 3427 πολιτεύον·

485 3465 654 3538 628
685 3466 958 3534 subjectos
986 3464 1213 3520 minime
1253 3464 1512 3519 convenit
1544 3461 1900 3518 refractarios
1925 3475 2070 3526 esse,

485 3558 657 3613 multo
721 3557 898 3612 minus
947 3556 1039 3627 qui
1094 3557 1387 3626 imperant.
1464 3558 1580 3624 Qua
1649 3556 1795 3611 enim
1860 3554 2076 3610 ratione

485 3647 718 3702 subditis
767 3647 915 3717 leges
969 3656 1297 3717 proponeut,
1358 3645 1440 3701 vel
1493 3646 1705 3714 justum
1755 3645 1823 3701 ab
1870 3644 2076 3715 injusto

486 3740 822 3802 discernent,
873 3740 965 3807 qui
1002 3739 1273 3807 imperare
1305 3737 1591 3792 nesciant?
1641 3736 1845 3793 Horum
1894 3736 2077 3806 itaque

485 3830 650 3885 rudes
680 3839 735 3884 et
782 3830 980 3897 ignari,
1010 3831 1211 3899 quique
1242 3830 1375 3884 nihil
1428 3837 1573 3883 recte
1606 3831 1877 3898 imperare
1912 3828 2074 3896 (quod

483 3934 618 3975 sane
648 3935 843 3974 munus
889 3935 996 3975 non
1041 3931 1125 3976 est
1154 3920 1428 3991 exiguum)
1463 3920 1770 3984 didicerint,
1822 3920 2078 3974 mandare

487 4010 535 4063 si
574 4009 988 4078 aggrediantur,
1019 4009 1160 4064 idem
1192 4009 1300 4064 illis
1333 4007 1763 4077 usuvenit,quod
1788 4007 2073 4077 aurigandi

485 4100 781 4170 imperitis,
807 4114 1001 4156 currus
1034 4100 1402 4155 conscendere
1422 4099 1594 4164 ausis,
1627 4101 1721 4170 qui
1747 4115 1805 4155 se
1825 4108 1878 4155 et
1908 4113 2077 4169 equos

485 4193 759 4262 perditum
787 4200 915 4246 eant
945 4208 960 4248 :
990 4192 1074 4246 vel
1120 4192 1412 4262 navigandi
1460 4192 1692 4247 rudibus
1756 4191 1811 4245 in
1868 4200 2074 4245 tantam

484 4281 894 4352 erumpentibus
958 4283 1284 4338 dementiam
1318 4322 1334 4349 ,
1393 4291 1466 4338 'ut
1526 4283 1800 4354 ingentem
1883 4297 2075 4336 navem

484 4362 851 4444 gubernaculo
896 4389 1088 4445 regere
1139 4375 1267 4429 dum
1325 4382 1576 4437 tentant,
1636 4376 1693 4429 in
1750 4373 2074 4445 profundum

483 4465 659 4535 pelagi
690 4464 857 4520 simul
894 4464 1303 4534 demergantur.
1348 4464 1607 4535 Quisquis
1631 4466 1813 4535 itaque
1842 4464 2076 4520 salutem

487 4568 634 4611 amat
668 4572 848 4621 suam,
879 4557 1056 4627 primo
1082 4572 1143 4612 se
1176 4557 1469 4612 multorum
1489 4557 1826 4612 subditorqu
1852 4570 2078 4612 numero

2176 3477 2302 3524 ται,
2348 3460 2612 3528 ἀνηκόους
2654 3456 2791 3514 εἶναι
2843 3460 2905 3514 οὺ
2962 3461 3091 3531 χρὴ,
3144 3461 3327 3533 πολλῷ
3397 3463 3596 3535 μᾶλλον
3638 3461 3753 3525 τοὺς

2177 3552 2370 3625 ἄρχειν
2400 3553 2667 3623 λαχόντας
2685 3569 2701 3584 ο
2742 3552 2862 3616 πῶς
2899 3552 3009 3624 γὰρ
3039 3552 3106 3607 ἂν
3146 3555 3262 3618 τοῖς
3289 3555 3623 3629 ἀρχομένοις
3651 3554 3772 3625 διαμ,

2178 3643 2443 3717 λεχθεῖεν,
2472 3644 2589 3716 ἦτδ
2626 3644 2840 3698 δίκαιον
2863 3645 2928 3698 ὲκ
2961 3642 3055 3698 τοῦ
3102 3644 3289 3699 ἀδίκου
3320 3646 3680 3721 διακρίνοιεν,
3709 3643 3753 3697 ol

2183 3734 2320 3805 μηδὲ
2380 3734 2529 3796 ὅπως
2581 3733 2688 3805 χρὴ
2745 3734 2935 3804 ἄρχειν
2985 3732 3392 3805 ὲπιστάμενοις
3464 3738 3613 3792 Ὅσοι
3670 3729 3754 3787 οὑν

2181 3825 2388 3879 τούτων
2431 3824 2652 3896 ἄπειροι
2708 3823 2894 3889 ὄντες,
2941 3824 3037 3878 καὶ
3086 3824 3209 3879 οὑδὲ
3260 3828 3448 3894 καλῶς
3504 3825 3754 3899 ἄρχεσθαι

2183 3914 2594 3988 μεμαθηκότες*
2624 3915 2739 3986 (καὶ
2790 3916 2951 3970 τοῦτο
2996 3915 3106 3988 γὰρ
3151 3917 3214 3970 οὑ
3271 3920 3514 3990 μικρὸν),
3580 3918 3753 3990 ἄρχειν

2180 4008 2568 4078 ἐπεχείρησαν,
2616 4006 2812 4061 ταυτὸν
2852 4007 3155 4062 πεπόνθασι
3196 4010 3316 4074 τοῖς
3369 4010 3618 4083 ἀπείροις
3667 4006 3755 4080 μέν

2178 4116 2283 4153 που
2318 4098 2526 4171 (52·55)
2551 4098 2806 4169 ἠνιοχεῖν,
2833 4097 3088 4169 ἐπιϐῆναι
3116 4100 3173 4153 δὲ
3194 4103 3310 4164 τοῖς
3338 4101 3550 4173 δίφροις
3569 4099 3758 4170 τολμή-

2180 4207 2330 4255 σασι,
2362 4188 2457 4243 καὶ
2479 4189 2708 4253 ἑαυτοὺς
2738 4189 2978 4254 καὶτοὺς
3004 4189 3206 4255 ἵππους
3239 4191 3752 4261 προσαπολέσασιν·

2177 4281 2346 4354 ἦτοῖς
2371 4281 2857 4353 ἀπειροθαλάττοις
2888 4281 3008 4352 μὲν,
3033 4283 3115 4346 είς
3160 4283 3437 4354 τοσαύτην
3480 4282 3538 4336 δὲ
3571 4280 3755 4352 μανίαν

2178 4371 2539 4438 ὲξοκείλασιν,
2582 4373 2659 4437 ὡς
2710 4373 2805 4426 καὶ
2859 4373 3212 4444 μυριαγωγὸν
3260 4373 3468 4429 ὁλκάδα
3524 4371 3756 4427 οἰακίσαι

2179 4465 2551 4536 ἐπιχειρῆσαι,
2617 4464 2738 4536 μεθ’
2783 4459 2853 4536 ἦς
2882 4465 2962 4530 είς
2994 4463 3086 4518 τὸν
3134 4463 3297 4535 βυθὸν
3344 4466 3449 4536 τῆς
3500 4465 3755 4532 θαλάττης

2180 4556 2486 4627 ἐχώρησαν.
2525 4555 2583 4610 Ὀ
2601 4553 2782 4608 τοίνυν
2803 4555 2903 4623 τῆς
2936 4554 3212 4624 σωτηρίας
3233 4553 3430 4608 ἑαυτοῦ
3460 4550 3759 4608 ἀντιποιοὺ-

487 4658 766 4720 aggreget.
801 4648 956 4715 Quod
996 4650 1043 4704 si
1088 4648 1290 4705 nimius
1332 4649 1509 4719 ipsum
1566 4649 1867 4720 imperandi
1925 4663 2080 4702 amor

2184 4664 2365 4717 μενος,
2402 4645 2637 4716 μάλιστα
2676 4644 2777 4717 μὲν
2810 4646 2890 4708 είς
2928 4645 3025 4715 τὴν
3069 4644 3180 4699 τῶν
3219 4645 3547 4717 ἀρχομένων
3579 4639 3758 4697 ἑαυτὸν

488 4735 769 4804 invaserit,
816 4738 966 4793 illum
995 4754 1025 4793 a
1061 4752 1120 4793 se
1161 4737 1430 4809 repellat:
1465 4746 1558 4792 aut
1592 4735 1879 4807 imperium
1923 4743 2072 4792 recte

488 4826 716 4882 ferendo
768 4843 934 4898 posse
990 4837 1141 4883 recte
1202 4827 1475 4898 imperare
1527 4828 1736 4895 discat;
1784 4838 1840 4882 et
1890 4843 1957 4883 ne
2009 4842 2070 4883 se

490 4918 708 4989 negotio
756 4919 986 4986 ingerat.
1024 4919 1119 4973 Sin
1148 4922 1217 4975 ad
1242 4922 1312 4987 id
1347 4928 1571 4977 vocatus
1608 4920 1789 4985 fuerit,
1830 4928 2068 4982 recuset,

490 5007 535 5064 si
563 5007 677 5062 ﬁeri
701 5010 891 5078 possit,
924 5011 1096 5067 satius
1116 5012 1258 5066 enim
1282 5029 1297 5080 ;
1322 5012 1404 5068 siu
1420 5028 1548 5069 vero
1585 5013 1687 5069 etsi
1719 5014 1821 5069 sub
1843 5012 2072 5084 legibus,

491 5097 763 5167 imperans
791 5098 1026 5155 obcdiet.

2179 4734 2566 4789 καταταττέτω
2592 4732 2802 4804 πληθύν
2824 4749 2839 4763 ’
2872 4735 2921 4786 εί
2937 4733 2993 4787 δὲ
3016 4732 3218 4797 ἄτοπος
3246 4734 3428 4804 ἀρχῆς
3457 4732 3598 4803 ἔρως
3623 4725 3759 4798 αὑτῷ

2179 4826 2465 4897 ὲπιπταίη,
2499 4824 2835 4890 ὲξελαυνέτω
2864 4823 3056 4878 τοῦτον
3094 4826 3190 4892 ἀφ’
3224 4823 3444 4885 ἑαυτοῦ,
3482 4824 3515 4896 ῆ
3546 4822 3634 4876 διὰ
3669 4817 3755 4872 τοῦ

2179 4917 2360 4982 καλῶς
2390 4915 2656 4988 ἄρχεσθαι
2685 4914 2749 4968 τὸ
2789 4912 3049 4968 δύνασθαι
3090 4913 3274 4978 καλῶς
3300 4914 3465 4986 ἄρξαι
3515 4909 3755 4967 παιδευέ-

2183 5007 2329 5062 σθω’
2384 5008 2479 5062 καὶ
2531 5007 2606 5079 μὴ
2660 5005 3034 5078 ὲπιρῤιπτέτω
3099 5006 3199 5078 μὲν
3240 5007 3437 5061 ἑαυτὸν
3498 5004 3581 5076 τῷ
3624 5000 3755 5073 πρά·

2183 5115 2392 5172 γματιο
2455 5102 2503 5154 εἰ
2558 5101 2617 5154 δὲ
2669 5099 2918 5171 κληθείη,
2977 5098 3369 5169 παραιτείσθω,
3422 5100 3471 5152 εί
3511 5091 3623 5150 οἶόν
3667 5106 3751 5145 τε·

2181 5191 2403 5260 ἄμεινον
2432 5190 2540 5262 γάρ
2560 5205 2573 5220 ⁸
2628 5190 2677 5243 εἰ
2703 5189 2760 5243 δὲ
2798 5188 2892 5261 μὴ,
2920 5188 3027 5244 κᾶν
3058 5189 3166 5244 ὑπὸ
3217 5189 3323 5245 τῶν
3375 5189 3580 5261 νόμων,
3608 5184 3752 5258 βασι-

2180 5282 2472 5352 λευόμενος
2497 5281 2729 5352 ἀρχέτω.

1512 5438 1521 5447 ’
1596 5462 1827 5517 νΑιιιΑε
1870 5457 2257 5517 LECTIONES
2295 5458 2383 5514 ET
2418 5457 2655 5514 morm.

572 5629 687 5700 (5|)
749 5634 1187 5708 ’Aopevéstspov
1230 5633 1389 5689 iidem
1424 5645 1633 5693 mutant
1659 5638 1711 5693 iu
1738 5639 2074 5708 ἀσμενέστα-

492 5717 583 5765 τα,
614 5712 667 5754 et
694 5717 834 5759 vers.
863 5724 974 5775 seq.
999 5704 1095 5777 pro
1120 5704 1313 5772 πάσχω
1337 5708 1577 5765 scribunt
1596 5704 1834 5780 πάσχων]
1871 5708 2082 5768 Possm.

2196 5709 2211 5765 Ι
2257 5636 2467 5708 (52-55)
2510 5637 2612 5694 Pro
2641 5635 2743 5692 ποῦ
2759 5634 2960 5693 habent
2991 5634 3082 5691 τοῦ
3107 5636 3264 5694 codd.
3292 5634 3409 5692 Vat.
3441 5632 3545 5688 650
3570 5640 3622 5687 et
3645 5625 3747 5684 Alt.

2219 5725 2272 5765 υ.
