4070 6384
322 334 460 401 1469
1154 336 1692 399 EPISTOLARUM
1725 337 1874 399 LIB.
1908 338 1976 399 V.
2009 362 2077 373 -
2113 337 2352 398 EPIST.
2395 334 2717 421 CCXXVII.

608 448 796 516 εκεῖ.
830 476 903 490 -
934 446 1236 519 οΥΡΑΝιο
1291 446 1614 517 ΔΙΑΚΟΝῼ.

2280 443 2559 502 CCXXVI.
2585 474 2656 485 —
2685 438 2976 501 URBANO
3009 439 3327 500 DIACONO.

322 562 400 617 De
428 561 562 616 bona
597 562 972 619 tentationum.
1001 560 1067 617 Et
1098 562 1153 616 in
1185 560 1319 621 illud
1358 560 1601 618 Christi:
1630 578 1650 615 ι
1687 563 1948 687 ΟέιὲιεἸέιι
1976 559 2347 687 ιιέἷηυὶριηιὶε
2389 558 2448 612 in
2487 558 2824 613 mutationem
2859 556 2929 612 ⁸³.
2964 572 2984 608 ι
3022 553 3264 627 (Confer.
3307 555 3460 624 epist.
3495 555 3589 624 59,

1810 669 1827 698 ,
1860 646 1949 700 ιο,
1976 646 2070 686 ua.
2098 646 2159 687 tt.
2163 646 2177 703 ,I

393 738 458 792 Τί
476 740 559 803 εἰς
589 738 816 803 πολλοὺς
851 739 1241 810 καταφεύγεις,
1271 738 1393 805 ἐξὸν
1422 741 1501 805 είς
1530 740 1659 809 Eva;
1690 739 1745 795 τί
1772 740 1907 795 πολ-

2083 741 2226 808 Quid
2255 740 2506 810 confugis
2547 737 2615 795 ad
2665 737 2866 809 plures,
2913 737 2982 791 ad
3017 751 3184 792 unum
3219 750 3342 791 cum
3371 737 3551 801 possis
3572 736 3595 782 ἲ

318 831 448 894 λοὺς
516 830 865 898 κολακεύεις,
912 834 1089 904 παρὸν
1142 834 1241 888 ἕνα
1285 834 1620 901 ἁντιὸολεῖν;
1658 834 1723 890 Τί
1776 835 1906 900 τοὺς

2027 833 2147 905 ιιιίᾶ
2182 832 2382 891 mullos
2402 831 2728 895 assectaris,
2774 844 2941 883 unum
2996 843 3191 898 rogare
3240 842 3365 882 cum
3399 826 3595 881 liceat?

320 919 571 985 ἀσθενεῖς
608 922 701 975 ἐπὶ
749 923 1069 994 συμμαχίαν
1122 924 1331 991 καλεῖς,
1354 925 1473 979 δέον
1507 926 1602 979 ἐπὶ
1628 926 1730 997 τὴν
1769 926 1904 997 ἀήτ-

2027 926 2122 984 Sur
2161 924 2459 983 imbecilles
2512 922 2565 978 iu
2615 920 2745 977 belli
2790 920 3024 976 arcessis
3059 920 3415 981 societatem,
3465 933 3590 973 cum

324 1028 486 1081 τητον
515 1011 697 1076 δεξιὰν
748 1014 1141 1083 καταφεύγειν,
1193 1015 1289 1069 καὶ
1323 1016 1525 1080 παντὸς
1555 1015 1905 1089 ἀπηλλάχθαι

2027 1020 2211 1075 lebeas
2236 1018 2303 1073 ad
2331 1011 2806 1086 inexpugnabilem
2827 1011 2922 1065 Dei
2950 1010 3239 1067 dexteram
3273 1009 3591 1079 confugere,

326 1103 668 1174 πειρασμοῦς
713 1106 1022 1178 Πειρασμδς
1053 1109 1160 1180 γάρ
1193 1110 1363 1169 ἐστιν.
1411 1111 1471 1164 ού
1499 1110 1560 1164 τὺ
1592 1114 1909 1181 περιπεσεῖν

2027 1121 2061 1167 ιι
2085 1109 2383 1165 tentatione
2409 1109 2555 1162 omni
2584 1116 2637 1160 te
2679 1101 2980 1173 expedire?
3013 1101 3237 1157 Tentari
3273 1109 3377 1166 est,
3405 1115 3509 1154 nou
3535 1109 3595 1155 ut

326 1192 640 1293 πειρασμῷ,
659 1194 753 1293 ῶς
777 1197 907 1267 ἡγῇ,
935 1196 1086 1293 am
1126 1199 1187 1252 τὸ
1210 1199 1508 1270 ἡττηθῆναι
1541 1201 1711 1272 αὐτῷ·
1744 1202 1827 1256 ὅτι
1849 1201 1906 1255 δὲ

2027 1202 2268 1270 ιρίιιειίε,
2294 1199 2534 1257 incidere
2558 1201 2612 1252 in
2638 1197 3014 1259 tentatiouem,
3035 1193 3129 1248 sed
3157 1193 3226 1247 ab
3239 1207 3301 1246 ea
3324 1192 3593 1262 superari.

326 1284 503 1349 τοῦτο,
517 1285 566 1338 εί
588 1285 680 1339 καὶ
701 1287 849 1341 δοκεῖ
863 1288 1075 1353 πολλοῖς
1098 1291 1325 1345 ἄπιστόν
1343 1287 1501 1352 εἶναι,
1519 1292 1720 1365 ἀληθές
1733 1294 1904 1357 ἐστιν,

2031 1294 2064 1347 d
2096 1307 2219 1363 ego,
2255 1293 2356 1347 etsi
2390 1291 2665 1362 plerisque
2717 1289 2969 1343 videatur
3008 1284 3346 1349 incredibile,
3407 1299 3596 1337 verum

3450 332 3589 400 1470

327 1374 483 1442 ὀλίγα
516 1377 639 1431 τινὰ
666 1378 732 1432 ὲκ
762 1379 873 1434 τῶν
900 1381 1061 1452 ἱερῶν
1095 1384 1616 1454 μεταχειρισάμενος
1645 1383 1901 1457 Γραφῶν,

326 1465 487 1535 δῆλον
516 1470 747 1540 ποιήσω.
792 1469 866 1524 Τὸ
897 1471 995 1542 μὲν
1022 1468 1115 1526 οὖν
1142 1474 1294 1545 παρὰ
1318 1474 1411 1527 τοῦ
1443 1474 1655 1529 Παύλου
1685 1475 1854 1545 ῥηθὲν
1886 1512 1903 1540 ,

337 1576 357 1607 ι
394 1556 580 1622 Οὐδεὶς
639 1561 1030 1629 στεφανοῦται,
1075 1564 1125 1617 εί
1184 1564 1259 1636 μὴ
1311 1566 1556 1636 νομίμως
1605 1565 1843 1638 ἀθλήσῃ,
1878 1584 1899 1618 s

328 1647 630 1720 ἐπειδήπερ
692 1652 802 1706 τισὶ
833 1652 984 1707 δοκεῖ
1009 1655 1201 1724 μόνους
1233 1656 1358 1720 τοὺς
1384 1658 1485 1727 τῆς
1509 1656 1710 1727 ἀρετῆς
1732 1656 1906 1711 αἰνίτ-

2015 1399 2135 1440 esse
2161 1384 2350 1454 paucis
2380 1398 2410 1438 ε
2442 1397 2598 1439 sacra
2629 1381 2914 1451 Scriptura
2947 1377 3156 1432 clarum
3181 1375 3410 1430 reddere
3441 1389 3602 1429 cona-

2015 1477 2134 1533 bor.
2158 1474 2372 1532 Dictum
2396 1475 2542 1532 enim
2575 1490 2602 1528 ιι
2630 1481 2819 1529 sancto
2853 1469 3022 1524 Paulo
3049 1484 3064 1522 :
3104 1486 3123 1519 ι
3156 1463 3328 1520 Nemo
3367 1477 3599 1533 corona-l

2018 1579 2126 1636 tur,
2178 1567 2285 1624 nisi
2332 1568 2425 1638 qui
2480 1566 2720 1637 legitime
2775 1559 3071 1619 certaverit
3094 1558 3164 1612 ⁸³.
3199 1576 3218 1610 ι
3279 1555 3416 1623 Quia
3469 1522 3608 1609 vero‘

2020 1659 2295 1717 nonnullis
2346 1659 2562 1713 videtur
2609 1655 2755 1712 solos
2802 1652 3028 1708 virtutis
3076 1650 3293 1705 labores
3346 1648 3599 1710 innuere,

329 1739 521 1794 τεσθαι
550 1741 766 1811 πόνους,
820 1746 1143 1818 παραλείψω
1167 1787 1182 1811 ,
1219 1751 1303 1818 ἐφ’
1334 1751 1527 1823 ἑτέραν
1567 1751 1625 1805 δὲ
1666 1750 1782 1821 ἥξω
1810 1752 1908 1824 ῥῆ-

2027 1756 2232 1806 .ranseo
2271 1749 2337 1804 ad
2374 1747 2515 1803 aliud
2560 1742 2960 1801 testimonium.
3003 1740 3095 1795 Ait
3139 1736 3242 1793 Job
3271 1736 3602 1793 fortissimus

335 1845 442 1885 σιν.
500 1827 668 1887 Εἶπεν
719 1836 748 1889 ό
814 1836 1192 1909 ἀνδρειότατος
1283 1840 1423 1895 Ἰὡόο
1502 1860 1521 1895 ι
1572 1843 1906 1914 Πιρατήριόν

329 1920 481 1975 ἐστιν
513 1923 543 1975 ό
591 1922 704 1993 βίος
754 1926 1043 1998 ἀνθρώπου
1091 1931 1184 1984 ἐπὶ
1221 1932 1322 2002 τῆς
1376 1933 1479 2003 γῆς
1505 1974 1519 1988 .
1566 1952 1585 1985 ι
1624 1935 1690 1988 Εἰ
1728 1934 1908 1989 τοίνυν

331 2011 503 2075 αὐτὸς
535 2014 564 2066 ό
598 2012 713 2083 βίος
765 2019 1122 2089 πειρατήριόν
1161 2022 1299 2085 ἐστι,
1355 2021 1472 2087 πῶς
1501 2018 1614 2076 οἷόν
1643 2040 1703 2076 τε
1731 2024 1822 2078 τὸν
1852 2026 1910 2078 ὲν

328 2102 412 2172 τῷ
446 2106 737 2178 πειρασμῷ
788 2107 938 2176 ὄντα,
981 2112 1276 2185 πειρασμῷ
1313 2114 1389 2185 μὴ
1447 2118 1803 2187 περιπεσεῖν;
1838 2115 1912 2170 Τὸ

328 2195 444 2265 γὰρ
504 2197 657 2266 παρὰ
709 2199 811 2268 τῆς
870 2201 1152 2271 Ἀληθείας
1211 2203 1416 2276 λεχθὲν,
1481 2224 1500 2257 ι
1534 2206 1912 2277 Προσεύχεσθε

335 2286 412 2354 μὴ
455 2285 714 2341 εἰσελθεῖν
744 2291 825 2350 είς
864 2294 1205 2364 πειρασμὸν’,
1232 2313 1250 2347 ι
1293 2295 1533 2351 τοιοῦτόν
1562 2299 1697 2352 ἐστι·
1736 2300 1914 2370 Προσ-

330 2374 596 2446 εύχεσθε,
636 2378 724 2433 ἵνα
775 2379 848 2451 μὴ
900 2383 1171 2454 ἡττηθῆτε
1219 2386 1298 2456 τῷ
1332 2388 1645 2460 πειρασμῷ.
1680 2390 1755 2442 Ού
1803 2390 1914 2461 γὰρ

331 2462 507 2533 εἶπεν,
535 2469 622 2539 μὴ
652 2471 958 2540 ἐμπεσεῖν,
1000 2474 1137 2529 ἀλλὰ
1168 2476 1255 2546 μὴ
1289 2479 1607 2544 εἰσελθεῖν,
1645 2480 1912 2546 τουτέστι,

335 2558 413 2629 μὴ
442 2560 814 2632 καταποθῆναι
858 2563 949 2617 ὑπ’
1002 2566 1187 2621 αὑτοῦ.
1222 2568 1314 2639 Μὴ
1341 2571 1602 2640 ἐμπεσεῖν
1651 2571 1751 2642 μὲν
1780 2572 1912 2644 γὰρ,

330 2650 436 2720 οὐχ
459 2644 572 2704 οἷόν
626 2668 710 2717 τε,
763 2652 1081 2722 ἐμπεσόντα
1131 2654 1188 2710 δὲ
1238 2657 1627 2729 ἁνευρίσασθαι
1662 2660 1776 2732 (54)
1821 2661 1918 2715 καὶ

339 2741 759 2813 στεφανωθῆναι
787 2739 901 2799 οἷόν
927 2762 1008 2799 τε.
1042 2747 1154 2801 Καὶ
1187 2748 1237 2801 εί
1284 2747 1493 2818 βούλει,
1540 2750 1628 2805 διὰ
1655 2752 1917 2822 παραδείο

334 2845 548 2899 γματος
572 2834 990 2903 συντομωτάτου
1023 2835 1183 2911 τοῦτο
1216 2840 1433 2911 ποιήσω
1462 2841 1655 2911 σαφές.
1688 2843 1921 2899 Δυνατδν

340 2920 444 2991 μιν
489 2920 600 2996 γὰρ
653 2924 965 2995 ἐμπεσόντα
1014 2926 1139 2982 τινὰ
1173 2929 1255 2993 είς
1289 2929 1479 2986 λέοντα
1521 2930 1920 3007 διασωθῆναιῆ

341 3011 527 3086 ῥώμῃ,
554 3015 588 3084 ἢ
614 3015 778 3090 τέχνῃ
796 3032 810 3047 ⁸
840 3016 936 3071 καὶ
962 3017 1016 3071 τί
1055 3017 1201 3088 λέγω
1228 3021 1594 3093 διασωθῆναι;
1620 3025 1775 3090 Τινὲς
1813 3026 1922 3099 γὰρ

337 3103 437 3156 καὶ
456 3104 821 3175 ἐχειρώσαντο
853 3106 1128 3173 τοιούτους
1160 3108 1356 3181 θῆρας.
1394 3111 1501 3165 Τὸν
1539 3112 1595 3167 δὲ
1633 3115 1927 3187 καταϐρω-

339 3194 506 3251 θέντα
547 3198 643 3250 καὶ
665 3200 747 3261 είς
784 3198 884 3269 τὴν
936 3199 1143 3255 κοιλίαν
1187 3202 1283 3256 τοῦ
1334 3202 1499 3275 θηρὸς
1536 3208 1926 3278 γεγενημένον,

339 3282 463 3347 πῶς
489 3282 666 3338 ἔνεστι
689 3284 975 3356 διαφυγεῖν
997 3303 1012 3353 ;
1055 3288 1227 3342 Τοῦτο
1255 3290 1436 3345 τοίνυν
1454 3291 1572 3344 ἐστὶ
1594 3292 1657 3346 τὸ
1689 3292 1794 3346 ὑπὸ
1835 3292 1931 3348 τοῦ

338 3375 581 3446 Χριστοῦ
620 3377 786 3447 ῥηθέν
809 3393 827 3410 ο
859 3378 941 3430 ὅτι
976 3378 1236 3433 ἀδύνατον
1271 3382 1369 3452 μέν
1426 3382 1548 3434 ἐστι
1592 3382 1666 3454 μὴ
1697 3400 1929 3455 περιπε-

344 3468 462 3519 σεῖν
485 3467 798 3539 πειρασμῷ,
829 3468 1054 3540 δυνατὸν
1105 3469 1162 3525 δὲ
1201 3472 1621 3543 περιγενέσθαι*
1672 3474 1768 3528 καὶ
1801 3475 1933 3528 ἑκαο

340 3557 504 3628 τέρου
537 3557 742 3613 τούτων
797 3560 892 3613 καὶ
933 3561 1201 3632 ἐγγυηταὶ
1238 3563 1333 3616 καὶ
1384 3562 1663 3636 μάρτυρες
1704 3565 1756 3619 οί
1785 3564 1931 3635 ἂγιοι

344 3648 569 3713 πάντες,
622 3647 717 3713 οὓς
750 3650 1010 3705 τοσαῦται
1050 3653 1271 3721 νιφάδες
1327 3653 1656 3725 πειρασμῶν
1707 3656 1931 3710 κατετόο

346 3738 568 3807 ξευσαν,
600 3740 678 3804 ὡς
739 3741 858 3794 ὅλον
914 3741 1099 3812 σχεδὸν
1146 3742 1238 3795 τὸν
1281 3742 1409 3815 τῇδε
1452 3742 1567 3813 βίον
1617 3743 1926 3816 διαθλῆσαι.

345 3833 541 3898 Οὐδεὶς
580 3829 676 3890 οὖν
714 3835 893 3889 αὐτῶν
923 3835 1290 3908 εἰσηκούσθη,
1334 3839 1466 3908 φαίη
1526 3856 1615 3904 τις
1673 3839 1760 3894 ἄν’
1796 3841 1927 3894 Eia-

346 3924 705 3997 ηκούσθησαν
733 3927 831 3998 μὲν
856 3922 951 3982 οὖν
981 3943 996 3959 ·
1022 3928 1083 3981 τὸ
1105 3928 1162 3982 δὲ
1194 3930 1619 4002 εἰσακουσθῆναι
1652 3930 1813 3986 τοῦτο
1840 3927 1932 4004 ἦν,

346 4014 410 4068 οὐ
458 4013 519 4067 τὸ
566 4015 642 4087 μὴ
698 4018 960 4087 ἐμπεσεῖν
1013 4018 1095 4082 είς
1141 4019 1469 4092 πειρασμόνο
1501 4020 1764 4078 ἀδύνατον
1795 4023 1928 4096 γάρ’

347 4103 489 4160 ἀλλὰ
515 4105 580 4159 τὸ
617 4107 930 4178 ἐμπεσόντα
952 4148 968 4176 ,
1025 4109 1100 4180 μὴ
1133 4109 1294 4175 μόνον
1341 4110 1630 4180 ἀϐλαϐῶς,
1665 4113 1804 4169 ἀλλὰ
1832 4115 1928 4170 καὶ

2012 1839 2102 1895 ille
2149 1838 2351 1894 athleta
2384 1855 2399 1893 :
2429 1856 2448 1889 ι
2507 1834 2761 1890 Tentatio
2807 1842 2891 1887 est
2943 1829 3051 1885 vita
3102 1827 3385 1883 hominum
3439 1839 3605 1893 super

2013 1941 2210 1998 terram
2250 1928 2318 1985 ⁸⁵.
2375 1948 2395 1982 ι
2448 1928 2629 1994 Quare
2680 1925 2724 1981 si
2771 1922 2883 1979 vita
2944 1918 3254 1976 mortalium
3319 1914 3603 1972 teutationi

2010 2024 2267 2091 obnoxia,
2310 2020 2577 2092 quomodo
2618 2016 2734 2073 fieri
2777 2014 2972 2087 possit,
3005 2021 3067 2067 ut
3094 2009 3186 2081 qui
3214 2011 3269 2063 in
3302 2008 3603 2063 tentatione

2012 2116 2104 2185 sit,
2164 2116 2216 2170 in
2271 2112 2623 2169 tentationem
2674 2123 2780 2164 non
2828 2104 3053 2161 incidat.
3101 2101 3249 2156 Dixit
3281 2098 3430 2153 enim
3483 2099 3601 2168 ipsa

2013 2206 2225 2264 Veritas
2256 2219 2271 2259 :
2304 2223 2323 2257 ι
2359 2200 2546 2267 Orate,
2586 2210 2774 2256 utnon
2807 2194 3021 2253 intretis
3048 2195 3103 2251 in
3148 2192 3544 2255 tentationem;
3578 2207 3598 2241 ι

2013 2299 2118 2356 hoc
2150 2305 2255 2365 est,
2282 2303 2433 2351 orate
2463 2308 2531 2348 ne
2552 2288 2885 2361 superemini
2916 2303 2948 2345 a
2968 2286 3287 2343 tentatione.
3314 2280 3433 2339 Non
3458 2280 3602 2336 enim

2016 2390 2112 2455 ait,
2174 2402 2238 2443 ne
2298 2383 2586 2449 incidatis,
2642 2381 2768 2445 sed.
2824 2396 2889 2435 ne
2940 2379 3192 2444 intretis,
3249 2377 3353 2431 hoc
3404 2381 3489 2429 est
3537 2385 3606 2425 ne

2017 2475 2419 2535 absorbeamini
2459 2476 2526 2529 ab
2567 2472 2677 2528 illa.
2730 2471 2878 2527 Fieri
2904 2470 3051 2527 enim
3083 2482 3190 2523 non
3228 2471 3440 2537 potest,
3471 2461 3604 2532 quin

2018 2569 2343 2632 incidamus,
2392 2566 2724 2621 incidentem
2760 2576 2889 2617 vero
2930 2559 3194 2616 victorem
3224 2555 3497 2612 exsistere
3541 2566 3608 2608 ac

2018 2659 2295 2718 coronari.
2345 2658 2432 2722 Et,
2495 2656 2542 2711 si
2598 2655 2810 2725 placet,
2874 2649 3199 2707 brevissimo
3252 2643 3506 2715 exemplo
3551 2642 3607 2698 id

2019 2749 2321 2806 ostendam.
2356 2745 2542 2801 Potest
2587 2744 2733 2799 enim
2790 2742 2914 2811 quis
2963 2741 3020 2796 in
3072 2739 3280 2795 leonem
3334 2735 3605 2799 incidens,

2021 2838 2251 2902 scrvari,
2314 2836 2479 2906 idque
2504 2834 2587 2890 vel
2617 2833 2839 2897 robore,
2889 2831 2973 2886 vel
3002 2839 3142 2885 arte.
3195 2826 3301 2883 Sed
3330 2826 3458 2896 quid
3489 2824 3612 2880 dico

2024 2929 2278 2986 servari?
2323 2927 2554 2996 Quidam
2587 2928 2733 2982 enim
2774 2928 2874 2980 bas
2917 2922 3063 2978 feras
3110 2921 3499 2978 dilacerarunt.
3541 2916 3614 2970 At

2027 3024 2320 3077 devoratus
2368 3030 2424 3076 et
2464 3020 2518 3075 in
2557 3019 2687 3074 ferae
2731 3026 2977 3074 ventrem
3006 3015 3300 3077 demissus,
3330 3008 3614 3082 .quomodo

2036 3108 2297 3180 effugiat?
2324 3107 2494 3180 629
2531 3106 2643 3162 Hoc
2683 3107 2941 3161 nimirum
2978 3103 3232 3159 Christus
3278 3100 3356 3155 ait
3400 3098 3615 3168 impos~

2034 3203 2193 3258 sibile
2221 3201 2439 3271 quidem
2466 3214 2588 3255 esse
2608 3209 2793 3254 utnon
2824 3190 3127 3253 incidamus
3155 3194 3211 3248 in
3236 3182 3615 3267 tentationem,

2034 3292 2148 3347 ﬁeri
2180 3306 2311 3346 vero
2354 3305 2516 3360 posse
2562 3299 2622 3344 ut
2666 3302 3005 3358 superemus.
3058 3284 3266 3341 Horum
3318 3290 3617 3351 utrumun

2034 3388 2306 3436 testantur
2347 3393 2541 3433 omnes
2586 3378 2752 3432 etiam
2790 3376 2962 3431 sancti
3006 3384 3295 3444 martyres,
3325 3386 3464 3440 quos
3492 3376 3618 3424 tené

2035 3474 2301 3526 tutionum
2374 3468 2627 3540 procellas
2685 3476 3110 3538 Oppugnarunt,
3177 3475 3235 3520 ut
3314 3463 3426 3517 fere
3504 3468 3620 3527 tota

2033 3562 2366 3619 decertarint
2397 3564 2533 3617 vita.
2564 3560 2774 3616 Dixerit
2802 3559 2926 3629 quis
2958 3576 2972 3613 :
3020 3555 3192 3613 Nemo
3229 3556 3397 3627 igitur
3423 3540 3622 3629 εοιιιιιί

2033 3662 2116 3711 est
2134 3654 2444 3710 exauditus.
2471 3651 2654 3707 Auditi
2680 3622 2902 3721 quidam
2924 3657 3074 3714 sunt,
3097 3654 3191 3704 sed
3223 3622 3328 3701 non
3356 3646 3410 3700 in
3438 3660 3524 3710 eo,
3560 3622 3623 3717 ui

2033 3747 2088 3803 in
2114 3746 2468 3801 tentationem
2499 3758 2603 3799 non
2628 3743 2953 3808 inciderent,
2982 3741 3126 3812 quod
3150 3739 3265 3796 ﬁeri
3287 3754 3391 3793 non
3420 3746 3620 3806 potest,

2033 3840 2128 3896 sed
2179 3853 2302 3893 cum
2351 3836 2709 3901 incidissent,
2778 3850 2884 3891 non
2950 3835 3108 3890 modo
3168 3833 3363 3897 illaesi,
3425 3845 3620 3886 verum

2035 3928 2279 3985 coronati
2309 3943 2339 3983 c
2362 3927 2541 3983 stadio
2564 3925 2802 3981 exirent.
2826 3925 3007 3991 Quare
3035 3938 3140 3978 non
3170 3932 3255 3979 est
3281 3923 3610 3993 optandum,

2034 4036 2140 4076 non
2175 4020 2415 4076 incidere
2445 4018 2501 4074 in
2536 4017 2919 4084 tentatiouem,
2948 4017 3043 4075 sed
3074 4031 3198 4073 cum
3244 4013 3618 4079 inciderimus,

2035 4123 2093 4168 ut
2114 4112 2373 4169 clariores
2397 4111 2715 4167 evadamus.

352 4198 496 4270 μετὰ
532 4198 812 4267 στεφάνων
849 4200 915 4254 ἐκ
948 4200 1042 4254 τοῦ
1067 4201 1285 4256 σταδίου
1315 4201 1573 4267 ἐξελθεῖν.
1628 4205 1722 4278 Μὴ
1752 4207 1930 4262 τοίνυν
1969 4203 2128 4261 τοῦτο
2147 4203 2424 4277 ζητῶμεν,
2450 4203 2514 4258 τδ
2564 4202 2642 4276 μὴ
2708 4202 3039 4273 πειρασμοῖς
3081 4198 3455 4272 περιπίπτειν,
3487 4197 3624 4254 ἀλλὰ

348 4292 415 4350 τὸ
441 4296 830 4366 περιπεσόντες
856 4295 1228 4369 λαμπρότεροι
1253 4299 1659 4371 ἀποφανθῆναι.

667 4405 838 4460 ΣΚΖ’.
882 4434 952 4446 —-
985 4405 1191 4461 ΘΕΩΝΙ
1239 4407 1612 4480 ΕΠΙΣΚΟΠῼ.

2277 4404 2583 4463 CCXXVII.
2616 4441 2688 4455 ..-
2713 4400 2977 4459 THEONI
3010 4399 3369 4458 EPISCOPO.

845 4499 987 4557 [ιπεὶ
1014 4510 1222 4557 nostras
1253 4502 1484 4572 injurias
1517 4504 1868 4571 vindicamus,
1903 4503 2002 4559 Dei
2045 4518 2162 4559 vero
2208 4501 2541 4573 negligimus.
2578 4498 2756 4569 (Cani.
2789 4499 2940 4568 epist.
2974 4497 3129 4569 248.)

425 4608 590 4677 Ἶσθι,
619 4601 665 4665 ὦ
688 4608 955 4681 βέλτιστε,
984 4608 1061 4673 ὼς
1087 4608 1202 4681 (55)
1225 4610 1328 4664 κάν
1354 4608 1531 4681 τούτῳ
1554 4608 1843 4680 πταίομεν,
1867 4610 1939 4663 τὰ

2117 4608 2289 4677 Scito,
2321 4609 2527 4681 optime
2557 4608 2661 4675 vir,
2717 4607 2769 4662 iu
2806 4607 2910 4661 hoc
2959 4619 2990 4659 a
3037 4602 3194 4658 nobis
3224 4601 3461 4671 peccari,
3499 4601 3627 4655 dum

352 4698 460 4773 Im
497 4701 578 4762 είς
625 4700 851 4764 ἑαυτοὺς
891 4699 1148 4773 δρώμενα
1196 4697 1562 4765 ἐκδικοῦντες,
1618 4699 1690 4754 τὰ
1745 4700 1803 4754 δὲ
1859 4700 1924 4765 είς

2046 4716 2169 4773 qua
2198 4702 2251 4758 in
2279 4716 2384 4757 nos
2408 4701 2708 4758 commissa
2743 4707 2892 4763 sunt,
2926 4696 3269 4752 vindicamus
3296 4709 3312 4761 ;
3344 4707 3466 4762 quae
3500 4707 3630 4746 vero

347 4791 445 4849 τὸν
478 4791 612 4847 Θεὸν
643 4790 1013 4868 παρορῶντες.
1034 4791 1206 4846 Ὅταν
1250 4791 1351 4865 μὲν
1397 4791 1507 4865 γὰρ
1538 4792 1700 4864 ἡμεῖς
1736 4791 1940 4846 ἀδικώ-

426 4972 474 5005 ⁸³
503 4968 695 5026 Matth.
730 4982 878 5032 xxvi,
919 4968 1007 5022 41.
1078 4967 1125 4999 ⁸³
1161 4964 1202 5020 ΙΙ
1232 4966 1373 5022 Tim.
1415 4982 1473 5031 ιι,
1503 4966 1558 5021 5.
1625 4967 1673 4999 εδ
1712 4964 1814 5021 Job
1841 4966 1988 5030 vn,l

2050 4793 2103 4869 in
2134 4790 2330 4859 Deum,
2366 4790 2709 4864 negligimus.
2732 4788 2869 4845 Cum
2902 4789 3045 4844 enim
3090 4782 3288 4843 iniuria
3320 4797 3420 4837 nos
3456 4780 3595 4837 allici

1457 5080 1692 5138 VARUE
1723 5077 2113 5136 LECTIONES
2150 5075 2239 5131 ΕΤ
2279 5073 2515 5131 NOTAE.

434 5240 545 5320 (Si)
590 5241 980 5320 ’Eguso'drza
1131 5238 1592 5320 ἀτευρίᾳασθᾳι.
1632 5236 1816 5292 Nodus
1856 5236 1924 5316 hit

2055 5226 2854 5320 1"“?-i'3,§‘t‘!i'£?i}’2°f’ff£;
2886 5225 3094 5320 “uti:
3122 5231 3630 5320 saansaan:-

347 5304 691 5385 in‘eléganti
745 5313 850 5385 bac
896 5308 1127 5385 epistola
1176 5304 1371 5385 [sideri
1417 5310 1553 5385 περι
1603 5304 1938 5385 πειρασμοῦ.

356 5377 741 5456 ConjeEeram_
763 5383 890 5456 leg._
907 5377 1014 5456 pro
1038 5377 1503 5456 Αάνευρίσασθαι,
1528 5377 1939 5456 ἀγωνίσασθαιὲ

360 5446 492 5525 post
513 5456 678 5511 etiam
718 5446 1146 5525 ἀναρρίψασθαι,
1184 5446 1243 5502 ut
1290 5446 1646 5525 ἀναρρίπτειν
1681 5446 1861 5517 μάχην
1906 5446 1934 5517 ἢ

358 5516 629 5588 κίνδυνον,
654 5516 1085 5591 ειιύὶνέριιρηαηι
1112 5526 1205 5591 aut
1232 5516 1546 5591 periculum.
1572 5516 1727 5591 Nunc
1747 5516 1937 5591 essen;

362 5597 472 5652 tior
525 5583 643 5652 viro
687 5583 865 5649 docto'
900 5583 1180 5658 réponeuti
1232 5583 1505 5658 aveaaea;
1539 5587 1609 5643 ab
1662 5583 1929 5658 ἀνευάζω,

363 5665 508 5735 quod
552 5672 655 5730 est,
704 5654 1097 5735 pictorem'_ant
1129 5669 1381 5735 ovantem
1431 5656 1714 5735 celebrare.
1755 5654 1928 5735 Supra
1961 5654 1967 5660 ’

365 5726 525 5804 paulo
551 5726 736 5805 εειμὴ
769 5729 1058 5787 εἰσελθεῖν·
1097 5729 1177 5785 sic
1207 5730 1407 5786 dictum
1453 5727 1704 5795 fortasse,
1737 5735 1791 5782 ut
1822 5726 1924 5783 La-

2049 5302 2104 5356 in
2138 5317 2349 5356 scenam
2377 5292 2607 5367 prodire.
2634 5296 2875 5353 Scuo'r'r.
2900 5327 2972 5367 —_
2990 5293 3097 5350 Pro
3120 5292 3504 5367 ἀνευρίσασθαι
3534 5305 3627 5367 so-

2050 5370 2135 5426 lus
2174 5374 2295 5426 cod.
2325 5361 2437 5425 Ait.
2471 5369 2629 5424 habet
2662 5365 3046 5438 ἀναρίσασθαι,
3093 5365 3235 5418 unde
3257 5361 3400 5438 forte
3425 5361 3627 5438 gradus

2052 5440 2167 5496 fleri
2194 5439 2259 5494 ad
2282 5438 2661 5509 primigeniam
2693 5431 2980 5509 lectionem
3005 5432 3401 5509 assequendaur
3424 5431 3619 5509 possit,

2044 5525 2208 5582 quam
2246 5498 2495 5582 suspicor
2522 5507 2688 5563 fuisse
2711 5498 3164 5582 ἀναρρήσασθαιλ
3190 5502 3294 5582 hoc
3314 5498 3461 5555 enim
3485 5498 3623 5555 satis

2043 5570 2169 5636 cum
2202 5570 2451 5670 sequenti
2482 5570 2894 5649 στεφανωθῆναι
2912 5570 3186 5629 convenit.
3219 5570 3431 5625 Possm.

2113 5649 2223 5670 tum
2301 5649 2373 5670 η-
2408 5657 2613 5670 ...μμ-η
2665 5649 2714 5670 ι..
2762 5647 2837 5670 ει...
2893 5644 3024 5670 -..ΔΑ
3097 5641 3192 5670 υ...
3267 5639 3374 5670 tam
3413 5654 3431 5670 ι·

2036 5632 2620 5778 galbanus:
2665 5649 2719 5704 ln
2760 5632 2840 5702 ὅττι
2890 5644 3046 5702 codd.
3097 5641 3217 5698 Vat.
3267 5639 3374 5696 650
3412 5649 3473 5696 et
3507 5632 3623 5692 Alt.

2117 5738 2250 5778 SSIN.
