4070 6382
529 341 658 408 1471
1690 343 1750 418 S.
1798 343 2092 405 ISIDORI
2131 344 2574 406 PELUSIOTE
3637 346 3752 408 liii

531 467 676 518 mur,
711 449 1003 506 utilissima
1033 459 1117 507 est
1151 453 1511 508 mansuetudo
1543 469 1605 509 ac
1636 454 1855 510 lenitas.
1887 455 1956 510 At
1983 472 2105 511 cum
2135 510 2138 518 ,

2146 464 2181 519 Α
2215 459 2378 524 μεθα,
2406 459 2439 527 ἡ
2471 458 2716 528 πραότης
2761 437 3159 528 χρησιμωτάτη
3185 472 3198 484 ·
3249 455 3374 511 ὅταν
3411 458 3464 512 δὲ
3509 459 3566 514 τὸ
3599 461 3753 529 Θεῖον,

531 543 676 598 Deus
704 541 940 607 Imditur,
961 552 1017 596 ut
1052 543 1131 609 tit,
1163 559 1191 598 a
1217 545 1344 599 vino
1374 543 1705 616 lssciviaquo
1732 546 1985 613 iniuriam
2021 548 2104 602 in-

2208 549 2335 615 τόγε
2369 549 2479 601 τῶν
2508 547 2912 619 παροινούντων
2958 547 3124 620 μέρος
3162 548 3406 619 (οὐδεμία
3432 551 3537 621 γὰρ
3563 553 3637 617 είς
3671 557 3757 626 τὴν

531 633 831 690 ferentibus
853 634 978 705 (nec
999 634 1145 689 enim
1179 651 1346 690 unum
1383 636 1436 690 in
1460 645 1722 691 aeternum
1755 637 1924 692 Deum
1955 653 2110 692 noxae

2211 640 2489 710 ἀκήρατον
2516 639 2733 711 ἐκείνην
2761 640 2922 709 φύσιν
2950 640 3219 695 διαϐαίνει
3247 639 3462 710 βλάϐη),
3493 645 3587 713 τῆς
3608 645 3761 699 ὲπιει⁴

531 726 894 780 committitur
927 729 1121 797 genus)
1160 727 1321 783 irasci
1351 727 1551 798 iustius
1588 729 1693 795 sit,
1722 744 1883 799 quam
1921 729 2112 784 conni-

2213 732 2368 796 κείας
2410 731 2440 784 ὁ
2503 732 2676 801 θυμὸς
2724 734 3090 805 ὡραιότερος·
3137 734 3298 804 ἡμεῖς
3347 733 3404 786 δὲ
3473 735 3762 790 τούναντίον

533 831 679 872 vere.
725 814 838 870 Nos
888 827 1080 872 contra
1138 817 1386 880 facimus,
1436 817 1528 888 qui
1581 817 1817 873 inimicis
1857 819 2112 875 nolumus

2211 822 2450 895 δρῶμεν,
2497 824 2610 888 τοῖς
2653 824 2750 894 μὲν
2796 825 3089 897 ἡμετέροις
3137 824 3351 894 ἐχθροῖς
3395 824 3764 892 ἀσύγγνωστοι,

533 907 818 975 ignoscere
850 924 863 960 :
909 907 980 959 iis
1005 921 1137 960 vero
1170 907 1261 976 qui
1300 907 1352 958 in
1385 905 1550 960 Deum
1586 905 1822 976 linguam
1853 916 2110 972 exerunt,

2212 917 2327 977 τοῖς
2358 914 2415 967 δὲ
2449 913 2592 967 κατά
2617 915 2711 968 τοῦ
2750 915 2886 969 Θεοῦ
2935 915 3219 980 ὀπλίζουσι
3257 915 3356 983 τὴν
3383 914 3622 983 γλῶτταν
3644 916 3767 985 ἦμε-

533 998 690 1050 niites
725 1011 914 1051 sumus
941 1005 1105 1064 atque
1134 995 1376 1064 benigni.
1404 994 1720 1067 Indignatus
1740 1007 1824 1052 est
1857 997 2110 1066 aliquan-

2217 1022 2302 1076 ροι
2348 1005 2501 1070 ὄντες
2562 1006 2659 1061 καὶ
2727 1006 3122 1078 φιλάνθρωποι.
3197 1006 3573 1075 Ἦγανάκτησέ
3655 1024 3768 1061 ποτε

532 1087 599 1141 do
637 1088 960 1142 mitissimus
1000 1085 1178 1140 Moses
1205 1084 1486 1151 Israelitis,
1519 1089 1610 1156 qui
1648 1088 1873 1142 vitulum
1906 1089 2115 1144 conﬂa-

2215 1098 2455 1167 Μωῡσῆς
2499 1099 2528 1150 ὁ
2579 1098 2890 1170 πραότατος
2934 1097 3078 1152 κατά
3117 1097 3227 1150 τῶν
3277 1099 3769 1166 μοσχοποιησάντων

533 1188 730 1234 verant
760 1180 808 1211 ⁸⁵
837 1196 852 1246 ;
883 1194 1004 1248 quas
1030 1178 1111 1232 ira
1136 1179 1284 1233 omni
1312 1179 1506 1233 melior
1532 1179 1631 1233 l'uit
1668 1182 2106 1238 mansuetudine.

2216 1189 2590 1259 ἀγανάκτησιν
2669 1189 2851 1259 πάσης
2921 1189 3228 1260 πραότητος
3295 1186 3618 1258 κρείττονα,
3693 1189 3772 1240 καὶ

534 1273 682 1326 Elias
708 1271 1018 1326 idololatris
1049 1271 1118 1336 ⁸⁸,
1143 1281 1195 1326 et
1222 1269 1460 1327 Joannes
1481 1272 1723 1342 Baptista
1749 1272 1944 1328 Herodi
1965 1275 2033 1340 ",
2063 1285 2118 1330 et

2217 1280 2407 1344 Ἠλίας
2438 1280 2582 1335 κατά
2610 1281 2720 1334 τῶν
2767 1280 3172 1352 εἰδωλολατρῶν
3206 1321 3220 1346 ,
3252 1281 3348 1332 καὶ
3393 1279 3642 1348 Ἰωάννης
3669 1279 3772 1331 καθ’

535 1364 735 1418 Paulus
766 1363 973 1434 Elymte
1018 1364 1216 1428 iratus,
1262 1379 1370 1418 non
1421 1379 1602 1428 suam,
1643 1366 1739 1420 sed
1780 1365 2118 1422 vindicantes

2231 1370 2512 1441 Ἡρώδου,
2583 1371 2678 1427 καὶ
2732 1372 2944 1436 Παῦλος
3004 1372 3146 1426 κατά
3224 1371 3321 1424 τοῦ
3403 1370 3640 1439 Ἐλύμα·
3692 1371 3772 1439 οὐχ

537 1455 708 1508 divini
750 1455 993 1510 numinis
1023 1455 1278 1524 iniuriam
1304 1455 1350 1488 ⁸⁸
1384 1473 1397 1510 :
1426 1457 1568 1525 quod
1589 1456 1694 1511 etsi
1727 1457 1829 1512 sibi
1860 1457 2116 1521 sulliciat,

2220 1461 2468 1525 ἑαυτοὺς,
2527 1462 2662 1516 ἀλλά
2722 1462 2785 1516 τὸ
2835 1463 2989 1516 Θεῖον
3044 1461 3410 1526 ἐκδικοῦντες,
3460 1459 3656 1532 ἀρκοῦν
3695 1462 3771 1530 μὲν

535 1547 802 1600 honorum
842 1555 1021 1602 tamen
1055 1547 1109 1601 in
1139 1547 1268 1601 vitia
1299 1546 1484 1602 odium
1534 1549 1938 1618 complectitur,
1981 1551 2121 1618 inju—

2222 1552 2425 1623 ἑαυτῷ,
2477 1551 2578 1624 τὴν
2612 1552 2670 1606 δὲ
2716 1553 2825 1606 τῶν
2859 1553 3168 1623 φιλαρέτων
3220 1552 3620 1623 μισοπονηρίαν
3662 1552 3774 1604 ἁπο-

537 1639 648 1692 ι·ἰιιε
683 1653 813 1693 vero
843 1638 944 1693 sibi
986 1638 1166 1692 illatas
1193 1641 1542 1707 spernebant.
1581 1637 1735 1695 Hanc
1767 1641 1914 1694 enim
1946 1639 2116 1693 virtu.

2219 1643 2511 1714 δεχόμενον
2536 1643 2670 1715 (56)°
2701 1645 2799 1708 τὰς
2819 1645 2876 1698 δὲ
2905 1647 2984 1708 είς
3008 1644 3235 1706 ἑαυτοὺς
3263 1643 3456 1713 ὕϐρεις
3479 1639 3775 1712 παρεώρωνι

541 1741 649 1785 tem
685 1746 750 1783 ac
779 1729 1179 1799 philosophiam
1219 1746 1408 1786 veram
1445 1731 1855 1787 existimabant.

2222 1735 2428 1808 ταύτην
2460 1737 2568 1808 γὰρ
2597 1739 2802 1808 ἀρετὴν
2833 1734 2974 1792 εἶναι
3001 1737 3251 1806 ἐνόμιζον
3291 1736 3387 1789 καὶ
3412 1733 3731 1804 φιλοσοφίαν.

683 1838 1008 1896 CCXXVII].
1044 1871 1112 1880 —
1153 1839 1462 1897 AUSONIO
1499 1840 1968 1896 CORRECTORI.
2149 1841 2190 1895 Β

2149 1841 2190 1895 Β
2453 1847 2629 1902 ΣΚΗ’.
2672 1877 2744 1886 —-
2776 1846 3075 1921 ΑΥΣΟΝΙῼ
3106 1844 3579 1898 ΚΟΡΡΗΚΤΩΡῙ.

1696 1937 1776 1989 Ad
1805 1936 2072 2006 justitiam
2098 1935 2407 2004 utjudicem
2441 1939 2651 1995 invitat.
3368 1922 3377 1930 ’

612 2043 1008 2099 Fortitudinem
1046 2053 1191 2104 tuam
1223 2043 1398 2114 legum
1433 2046 1630 2100 robore
1663 2055 1932 2100 armatam
1965 2047 2123 2101 decet

2303 2047 2513 2116 Πρέπει
2537 2050 2604 2120 τῇ
2637 2050 2703 2118 σῇ
2748 2048 2963 2120 ἀνδρίᾳ,
2995 2051 3062 2120 τῇ
3119 2048 3229 2101 τῶν
3263 2047 3449 2117 νόμων
3497 2042 3793 2114 ὡπλισμένῃ

539 2151 757 2204 cogere,
790 2147 850 2190 ut
879 2135 947 2190 ab
977 2136 1174 2206 injuria
1222 2136 1295 2190 illi
1329 2137 1640 2191 abstineant
1685 2148 1962 2192 armantes
1994 2141 2127 2193 dex-

2231 2136 2377 2208 ίσχύῖ
2411 2137 2547 2209 (57),
2589 2139 2924 2206 ἀναγκάζειν
2948 2137 3251 2207 ἀπέχεσθαι
3283 2135 3379 2189 τοῦ
3417 2135 3651 2196 ἀδικεῖν,
3683 2129 3795 2192 τοὺς

542 2237 715 2281 teram
759 2241 914 2281 suam
957 2237 1145 2281 contra
1194 2227 1620 2292 imbecilliores,
1665 2228 1793 2283 dum
1833 2231 1975 2285 unde
2012 2246 2117 2286 non

2225 2225 2349 2278 ὅθεν
2403 2227 2464 2279 οὐ
2515 2227 2619 2298 χρὴ
2680 2227 2988 2298 κερδαίνειν
3045 2227 3470 2295 ἐπιχειροῦντας
3521 2224 3658 2276 κατά
3699 2219 3796 2272 τῶν

539 2327 777 2388 oportet,
810 2317 1018 2372 lucrum
1060 2318 1241 2375 facere
1269 2329 1558 2375 conantur.

2225 2315 2631 2390 ἀσθενεστέρων
2662 2317 2986 2383 ὀπλίζοντας
3030 2318 3129 2390 τὴν
3169 2317 3384 2384 δεξιάν.

811 2426 1093 2486 CCXXIX.
1124 2458 1188 2468 —
1219 2427 1480 2484 JACOBO
1520 2428 1840 2486 LECTORI.

2465 2433 2639 2488 xm.
2701 2462 2773 2473 —
2833 2433 3086 2502 ΙΑΚΩΒῼ
3135 2429 3587 2500 ΑΝΑΓΝΩΣΤῌ.

1295 2520 1500 2587 Virtus‘,
1527 2524 1624 2577 etsi
1657 2523 1942 2588 laboriosa,
1966 2525 2082 2595 ipsa
2116 2533 2291 2579 tamen
2329 2526 2428 2580 sibi
2452 2541 2663 2582 merces.
2703 2523 2885 2595 (Supr.
2925 2524 3078 2598 225.)

621 2632 733 2689 Etsi
791 2632 1085 2689 laboriosa'
1119 2633 1254 2687 mihi
1313 2633 1488 2689 virtus
1547 2642 1671 2699 est,
1729 2635 1904 2703 ipsum
1947 2645 2127 2691 tamen

2313 2637 2470 2708 Ἐμοὶ
2515 2639 2562 2690 εί
2613 2638 2708 2692 καὶ
2753 2635 3013 2701 έπίπονὸς
3070 2637 3221 2689 ἔστιν
3291 2636 3325 2704 ἡ
3376 2631 3567 2704 ἀρετὴ,
3601 2627 3806 2695 ἀλλάγι

542 2725 716 2796 ipsius
743 2742 900 2796 opus,
935 2727 1081 2796 quod
1108 2739 1316 2782 merces
1339 2726 1590 2796 sequitur
1617 2766 1633 2792 ,
1664 2726 1898 2782 alterum
1927 2727 2127 2782 donum

2233 2729 2327 2783 καὶ
2359 2729 2491 2783 αὐτὸ
2511 2729 2572 2783 τὺ
2592 2729 2753 2801 ἔργον
2789 2729 2981 2799 αὐτῆς,
3015 2721 3058 2796 ᾧ
3086 2731 3115 2782 ὁ
3153 2726 3358 2799 μισθὸς
3392 2726 3606 2784 ἕπεται,
3637 2722 3803 2791 ἕτερον

541 2831 666 2872 esse
709 2819 947 2872 videtur.
1011 2818 1266 2873 Admiror
1329 2817 1519 2873 adhaac
1563 2833 1891 2889 magnopere
1934 2819 2131 2874 divina:

2229 2820 2401 2891 δῶρον
2429 2817 2572 2874 εῖναι
2596 2821 2762 2876 δοκεῖ.
2813 2820 2922 2873 Καὶ
2944 2820 3067 2874 λίαν
3093 2817 3374 2890 θαυμάζω
3399 2817 3500 2887 τῆς
3530 2815 3674 2876 Θείας
3724 2829 3807 2880 με’

543 2908 816 2978 largitatis
852 2908 1215 2977 maiestatem,
1252 2909 1693 2980 quandoquidem
1717 2925 1939 2965 corona:
1968 2925 2128 2966 coro-

2230 2909 2579 2980 γαλοδωρεᾶς
2632 2908 2732 2980 τὴν
2765 2909 3100 2980 φιλοτιμίαν,
3142 2909 3224 2962 ὅτι
3269 2909 3550 2976 στέφανον
3581 2903 3807 2971 στεφάνῳ

547 3013 674 3054 nam
697 2999 1042 3067 gratificandi
1079 2999 1388 3054 accumulat
1439 2999 1601 3068 Deus,
1657 3015 1841 3056 veram
1874 3001 2128 3056 virtutem

2230 3000 2541 3072 χαρίζεται,
2593 2998 2696 3070 τὴν
2741 2998 3031 3071 ἀκίϐδηλον
3067 2998 3268 3071 ἀρετὴν
3317 3001 3399 3069 τῇ
3452 2996 3560 3050 τῶν
3589 2988 3810 3064 οὐρανῶν

545 3089 756 3146 caelesti
795 3105 1069 3146 exornans
1101 3106 1289 3162 regno.

1212 3106 1289 3148 to.
2158 3126 2200 3184 ο
2236 3091 2484 3162 βασιλείᾳ.
2513 3090 2819 3162 κοσμοῦσα.

921 3199 1086 3270 330
1113 3198 1373 3254 ccxxx.
1408 3227 1478 3242 -ε
1503 3199 1739 3256 EIDEM.

1727 3240 1739 3254 .
2727 3201 2850 3254 ΣΛν.
2904 3227 2972 3240 --
3003 3200 3092 3272 Τῼ
3133 3199 3334 3269 arm.

547 3293 724 3351 Bonos
754 3292 949 3364 o/fendi
996 3309 1100 3349 non
1129 3294 1274 3348 decet
1325 3292 1590 3349 malorum
1639 3294 1910 3360 felicitate.
1948 3293 2554 3435 (Dggttséggl)l’elmii
2595 3293 2824 3360 episcop.
2867 3291 3011 3360 conf.
3047 3292 3200 3361 epist.
3248 3291 3338 3354 16,
3389 3287 3663 3356 “0,147,
3711 3284 3817 3348 I96,

619 3474 764 3532 Cave
793 3485 983 3530 contra
1010 3474 1181 3530 Deum
1221 3476 1395 3530 malos
1430 3475 1754 3530 tolerantem
1809 3474 2130 3531 vocifereris

2308 3479 2403 3548 Μὴ
2461 3474 2709 3531 καταϐόα
2779 3475 2880 3545 τῆς
2958 3473 3109 3538 θείας
3169 3473 3544 3539 ἀνεξικακίας
3604 3470 3688 3527 διὰ
3735 3468 3821 3538 τὴν

545 3577 772 3642 propter
797 3567 1017 3624 Eusebii
1051 3568 1282 3638 eiusque
1309 3568 1644 3622 asseclarum
1681 3581 1768 3621 res
1815 3570 2085 3622 secundas
2113 3584 2126 3620 :

2237 3568 2502 3624 Εὐσεϐίου
2547 3567 2778 3622 καὶτῶν
2823 3566 2954 3638 παρ’
2995 3564 3163 3621 αὑτοῦ
3209 3563 3708 3638 συγκροτουμένων
3741 3560 3818 3612 εὑ-

545 3661 644 3731 qui
679 3660 868 3715 virtuti
901 3660 1118 3729 quidem
1144 3659 1377 3725 inimici,
1410 3657 1814 3728 improbitatem
1839 3659 2126 3723 extollunt,

2237 3661 2476 3735 ημερίαν
2495 3679 2509 3694 ο
2539 3662 2736 3726 οἵτινες
2765 3661 2866 3734 τὴν
2903 3661 3002 3732 μὲν
3027 3657 3230 3732 ἀρετὴν
3260 3658 3615 3730 ὑϐρίζοντες,
3654 3656 3747 3726 τὴν
3771 3651 3819 3706 δὲ

549 3766 720 3822 eaque
753 3766 812 3805 se
844 3749 1093 3824 iactant:
1133 3765 1322 3806 verum
1375 3750 1648 3805 admirare
1677 3752 1855 3820 potius
1903 3751 2132 3805 immen-

2238 3755 2440 3810 κακίαν
2472 3754 2864 3825 στεφανοῦντες
2905 3755 2999 3807 καὶ
3042 3753 3468 3824 ἐναϐρύνονταιι
3513 3749 3652 3806 ἀλλὰ
3698 3745 3816 3799 θαύ-

549 3858 668 3898 satn
701 3841 844 3896 illam
886 3843 976 3896 Dei
1019 3843 1416 3913 benignitatem
1461 3844 1527 3896 ad
1557 3843 1934 3910 pmnitentiam
1983 3843 2130 3913 ipsos

2241 3847 2381 3918 μαζε
2416 3846 2608 3916 αὐτὴν,
2637 3845 2735 3916 τὴν
2769 3845 2835 3899 δι’
2876 3843 3330 3915 ὑπερϐάλλουσαν
3365 3842 3717 3913 χρηστότητα
3746 3838 3816 3898 εἰς

550 3944 859 3998 vocantem,
889 3942 1052 4002 utque
1085 3949 1144 3988 se
1193 3935 1295 4006 ipsi
1326 3945 1646 4004 agnoscant,
1677 3949 1926 4005 precare,
1972 3944 2028 3988 ut
2075 3944 2132 3990 tu

2242 3937 2533 4010 μετάνοιαν
2579 3937 2780 4000 αὐτοὺς
2817 3936 3090 3990 καλοῦσαν
3121 3952 3134 3965 '
3195 3936 3291 3990 καὶ
3316 3935 3477 4002 εὖξαί
3537 3951 3602 4002 γε
3645 3929 3821 3990 αὐτοὺς

551 4026 888 4081 οίΐοηιίὶοιιιο
916 4026 1192 4091 libereris,
1234 4027 1335 4098 ipsi
1368 4043 1496 4082 vero
1528 4028 1812 4098 supplicio,
1846 4030 2132 4099 cultusque

2240 4026 2622 4097 μεταγνῶναιο
2670 4027 2759 4080 ἵνα
2810 4028 2876 4080 σὺ
2913 4027 3011 4097 μὲν
3060 4026 3364 4081 σκανδάλου
3421 4022 3811 4093 ἀπαλλαγείης,

553 4121 770 4174 divinus
801 4121 1089 4175 dedecore.
1125 4119 1278 4188 Quod
1309 4123 1360 4175 ni
1387 4121 1499 4186 ﬁat,
1527 4121 1592 4175 ad
1624 4131 1926 4177 extremum
1956 4136 2124 4190 usque

2229 4120 2381 4172 αὐτοὶ
2411 4117 2466 4169 δὲ
2502 4118 2792 4188 τιμωρίας,
2829 4117 2944 4189 ηδε
2970 4117 3260 4188 θρησκεία,
3300 4116 3610 4187 κωμῳδίας
3635 4128 3649 4142 ·
3686 4113 3732 4164 εί
3757 4110 3818 4166 δὲ.

553 4210 904 4281 improbitate
941 4211 1447 4276 debacchabuntur,
1483 4221 1538 4267 et
1566 4211 1747 4266 furore
1773 4227 1837 4266 ac
1866 4213 2018 4267 rabie
2053 4212 2133 4265 la-

2244 4207 2272 4259 ὃ
2303 4207 2376 4276 μὴ
2397 4207 2626 4276 γένοιτο,
2655 4208 2761 4271 ἕως
2789 4209 2978 4270 τέλους
3026 4207 3130 4260 ὑπὸ
3156 4208 3258 4278 τῆς
3290 4208 3505 4270 κακίας
3540 4205 3825 4272 ἐκϐακχευ-

551 4301 848 4370 borabunt,
895 4303 965 4358 ob
1009 4319 1131 4372 qua:
1159 4303 1213 4357 in
1247 4302 1415 4356 altera
1455 4303 1562 4356 vita
1603 4305 1914 4372 patientur,
1964 4317 2137 4370 agno-

2246 4299 2406 4363 θῶσι,
2440 4300 2534 4352 καὶ
2562 4299 2763 4370 οἴστρῳ
2783 4300 2877 4353 καὶ
2903 4298 3072 4370 μανία
3094 4299 3432 4370 λυττήσωσι,
3457 4299 3527 4351 δι’
3560 4291 3636 4350 ὧν
3668 4297 3827 4348 ἐκεῖσε

551 4405 706 4449 scent
756 4396 1040 4450 moderate
1104 4396 1265 4448 vitam
1322 4395 1609 4450 instituere
1656 4402 2138 4464 temperanterqne

2200 4414 2215 4464 ι
2245 4391 2547 4458 πείσονται,
2576 4391 2901 4462 γνώσονται,
2927 4392 3010 4446 ὅτι
3039 4391 3265 4462 ἄμεινον
3284 4388 3354 4462 ἦν
3388 4393 3457 4446 τὸ
3494 4390 3807 4463 σωφρονεῖν.

557 4489 738 4542 sit-ere
775 4497 980 4558 quanto
1005 4488 1075 4543 sit
1111 4486 1498 4557 praestabilius.

753 4595 1038 4652 CCXXXI.
1068 4627 1138 4636 —
1165 4593 1418 4650 ZOSIMO
1455 4591 1931 4648 PRESBYTERO.

2483 4591 2652 4647 EAA'.
2691 4615 2758 4630 ο
2787 4587 3040 4660 ΖΩΣΙΜῼ
3085 4589 3578 4660 ΠΡΕΣΒΥΤΕΡῼ.

803 4686 977 4740 Monet
1012 4695 1068 4739 ut
1099 4701 1368 4740 senescens
1399 4686 1610 4739 tandem
1644 4684 1921 4753 resipiscat
1958 4684 2020 4737 ob
2056 4682 2412 4737 imminentem
2455 4682 2572 4735 ritw
2602 4683 2905 4735 terminum.
2951 4677 3116 4750 (Vide
3155 4681 3312 4750 epist.
3338 4677 3415 4734 22
3439 4693 3489 4733 et
3521 4680 3613 4736 99.
3619 4695 3638 4748 )

622 4794 861 4852 Iuvenes
893 4797 1108 4868 quidem
1140 4797 1383 4866 ignotum
1414 4796 1615 4852 habent
1648 4799 1774 4851 vitae
1803 4797 2130 4863 terminum;

2312 4796 2374 4848 Ei
2409 4793 2505 4848 καὶ
2529 4796 2577 4847 oi
2607 4793 2715 4846 νέοι
2747 4791 2943 4863 ἄδηλον
2967 4790 3152 4861 έχουσι
3194 4792 3255 4845 τὸ
3282 4793 3490 4865 πέρας,
3519 4790 3664 4846 ἀλλά
3696 4807 3756 4858 γε
3790 4788 3830 4840 oi

559 4903 716 4944 senes
747 4904 875 4944 vero
903 4891 1274 4946 manifestum.
1307 4890 1384 4944 Illi
1419 4891 1589 4956 enim,
1629 4892 1843 4945 tametsi
1875 4906 2021 4945 mors
2053 4906 2136 4944 re-

2249 4887 2624 4959 γεγηρακότες
2668 4885 2954 4958 πρόδηλον.
2986 4885 3051 4938 Οί
3103 4885 3201 4954 μὲν
3245 4886 3376 4958 γάρ,
3415 4889 3468 4940 εί
3520 4888 3619 4941 καὶ
3663 4882 3838 4938 οὐδένα

564 4989 821 5036 vereatur
851 4982 1122 5035 neminem
1160 4981 1460 5052 (grassatur
1486 4983 1630 5038 enim
1658 4998 1755 5051 per
1772 4998 1960 5037 omnes
2005 4992 2138 5036 teta-

2245 4981 2474 5034 αίδεῖται
2500 4981 2528 5032 ὁ
2559 4979 2788 5043 θάνατος
2818 4977 2997 5050 (κατά
3019 4977 3201 5047 πάσης
3225 4979 3334 5050 γὰρ
3365 4979 3469 5033 καὶ
3493 4979 3718 5051 ἡλικίας
3751 4975 3834 5027 καὶ

570 5082 651 5134 tcs
677 5079 838 5136 atque
860 5070 1125 5140 ordines),
1145 5083 1366 5140 sperant
1398 5090 1456 5128 se
1492 5075 1559 5128 ad
1587 5085 1864 5130 senectam
1906 5088 2134 5144 pervcn-

2243 5071 2400 5138 ἀξίας
2433 5071 2668 5143 χωρεῖ),
2705 5071 2820 5125 ἀλλ’
2867 5066 2961 5125 οὖν
3007 5088 3070 5140 γε
3110 5071 3304 5126 ἐλπίδα
3351 5071 3489 5127 τινὰ
3543 5070 3732 5143 έχουσι
3767 5066 3837 5126 εἰς

633 5227 681 5259 ⁸⁸
721 5226 891 5282 Exod.
918 5242 1087 5293 xxvii,
1127 5229 1150 5282 I
1187 5243 1336 5299 seqq.
1415 5229 1460 5261 ⁸⁸
1488 5229 1555 5284 IV
1588 5229 1717 5300 Reg.
1751 5245 1787 5289 ι,
1822 5230 1844 5283 I
1882 5245 2038 5300 seqq.
2106 5230 2151 5262 "
2185 5229 2376 5284 Matth.
2414 5245 2523 5291 xw,
2560 5227 2712 5284 I-I2.
2792 5227 2839 5259 ⁸⁸
2875 5229 2996 5284 Act.
3030 5245 3152 5294 xui,
3190 5228 3246 5284 8.

1672 5389 1906 5444 VARI/IS
1949 5387 2332 5446 LECTIONES
2373 5389 2457 5443 ET
2499 5388 2732 5443 NOTAE.

783 5545 952 5616 Idem,
977 5545 1394 5616 ἀποδεχόμενος.
1418 5544 1665 5616 Possm._

1113 5545 1394 5616 ἱεχόμενος.
1418 5544 1665 5616 Possm._
2247 5556 2382 5602 tum.
2417 5565 2435 5597 ι
2479 5544 2720 5616 Scuorr.

639 5611 1046 5686 (57)_Nittiirtttn
1078 5611 1287 5686 lioc’est
1311 5613 1450 5686 quod
1479 5615 1605 5684 imp.
1637 5613 1971 5671 Justinianus
2001 5618 2143 5686 prin-
2329 5616 2439 5685 (58)
2469 5614 2650 5683 Ipsum
2679 5628 2875 5686 tamen.
2900 5613 2958 5667 Id
3009 5620 3116 5677 est,
3151 5611 3202 5666 in
3251 5611 3478 5686 virtutis
3526 5626 3690 5678 npvre
3738 5623 3833 5686 nun

570 5677 1171 5749 ripio'lnstitntionum
1212 5677 1353 5749 juris
1405 5685 1510 5748 ait,
1556 5677 1578 5737 ἒ
1620 5701 1722 5739 non
1765 5686 1936 5740 solum
1979 5677 2146 5742 armis
2256 5677 2463 5740 tantum
2499 5677 2706 5738 inerccs
2758 5684 2894 5751 ipsa,
2945 5699 3105 5747 quam
3157 5681 3426 5746 recepturi
3478 5677 3702 5743 sumus,
3750 5677 3836 5730 sed

573 5755 906 5818 det-oratum,
953 5756 1044 5809 sed
1099 5754 1262 5808 etiam
1322 5753 1523 5825 legibus
1567 5763 1779 5826 oportet
1805 5770 1923 5812 esse
1966 5774 2146 5813 aruta-
2254 5758 2427 5828 ipsum
2460 5770 2593 5824 Opus
2628 5754 2754 5809 mihi
2795 5770 2892 5824 pro
2930 5755 3072 5807 dono
3101 5762 3200 5806 est.
3238 5755 3482 5806 Scitu'rr.
