4070 6390
317 352 450 427 1473
1161 378 1699 443 EPISTOLARUM
1739 381 1892 444 LIB.
1945 382 2013 443 ν.
2054 406 2127 417 -
2164 382 2404 444 EPIST.
2446 384 2799 445 CCXXXIV.
3463 389 3597 453 1ft"

312 476 498 566 γήρας
529 475 684 546 ἥξειν
706 493 719 508 ·
741 477 797 533 οἱ
836 479 894 534 δὲ
939 481 1093 538 οὐδὲν
1121 484 1330 558 ¹ἕτερον,
1364 487 1397 559 ἢ
1443 488 1506 542 τὸ
1540 491 1611 560 γῆ
1653 488 1878 558 γενέσθα

2016 498 2183 545 turos.
2212 488 2383 548 Senes
2407 507 2536 547 vero
2563 492 2691 549 illud
2711 501 2919 548 tantum
2951 504 3296 566 exspecmnt,
3318 499 3370 552 iu
3393 507 3596 557 terram

316 565 581 662 lucage
614 569 777 641 σῶμα
809 573 918 662 γάρ
953 574 1121 649 φημι)
1163 579 1526 649 προσδοκῶσι.
1563 580 1637 633 Τὸ
1660 581 1770 651 γὰρ
1803 578 1877 650 γῆ

2013 593 2095 643 se,
2155 594 2420 650 corpore,
2463 583 2705 651 inquam,
2752 565 3065 654 depositus
3093 587 3362 643 abituros.
3408 590 3595 662 Γῆρας

319 671 426 749 ρας
450 655 670 729 εἴρηται
707 661 859 732 παρὰ
900 662 962 715 τὸ
990 669 1095 735 γῆς
1124 666 1277 736 ερᾷν.
1330 666 1423 720 Διὸ
1448 667 1545 719 καὶ
1580 667 1630 718 οἱ
1666 683 1878 738 γεγηρα

2012 670 2159 724 enim
2206 680 2446 727 senectus
2492 673 2646 746 παρὰ
2687 674 2750 728 τὸ
2783 675 2889 745 γῆς
2922 677 3055 748 ὲρᾷν
3100 676 3307 734 Graecis
3349 655 3551 736 dicitur
3576 722 3594 749 ,

310 746 475 812 κότες
502 749 708 821 τρόπον
734 753 859 806 τινὰ
890 755 1216 826 κυρτοῦνται
1264 756 1360 811 καὶ
1410 757 1824 830 κυρτοὸατοῦσι,
1847 776 1877 812 τ

2009 762 2166 830 quasi
2218 772 2417 818 terram
2467 776 2664 820 ament.
2705 765 2842 822 lliuc
2887 746 3135 825 etsenes
3171 786 3405 841 corpore
3452 746 3597 829 ﬂexo

305 840 532 934 sic—733v
586 843 929 934 ,ἐπείγεσθαι
1005 848 1526 921 διαιῖαρτυρόμενοι.
1604 851 1669 904 Εἰ
1726 851 1878 904 τοίνυη

2010 852 2397 925 incurventur,
2430 858 2787 913 testificantes
2813 874 2872 914 se
2903 869 3103 915 terram
3134 840 3400 934 repetere.
3435 864 3594 931 Quod

304 932 489 987 ταῦτα
537 933 713 1000 οὕτως
747 936 886 1009 ἔχει,
926 939 993 993 δι’
1042 942 1108 1012 ἢν
1160 942 1343 997 αἰτίαν
1387 943 1481 997 ἐπὶ
1535 943 1725 1015 γήρως
1763 943 1878 1014 οὐδῤ

2006 961 2132 1001 cum
2170 947 2243 1003 ita
2272 948 2365 1012 sit,
2402 963 2566 1018 quam
2605 949 2675 1004 ob
2723 964 2941 1005 causam
2984 951 3036 1006 in
3076 932 3374 1010 senectutis
3404 938 3593 1009 limine
3642 942 3665 964 “

304 1028 658 1100 νεωτερίζεις
675 1033 791 1095 τοῖς
820 1031 1154 1104 ἀδικήμασιν
1183 1033 1326 1107 (59):

2003 1040 2301 1099 maleﬁciis
2328 1040 2643 1109 juvenescis
2667 1041 2692 1095 ?

546 1137 711 1195 ZAB'.
735 1166 808 1178 —
856 1138 1163 1212 ΘΕΟΔΩΡῼ
1192 1141 1649 1214 ΣΧΟΛΑΣΤΙΚῼ.

2115 1148 2422 1206 CCXXXII.
2460 1182 2531 1192 —
2568 1148 2943 1209 THEODORO
2988 1152 3483 1214 SCHOLASTICO.

794 1228 1012 1299 Injuria
1055 1233 1361 1302 efﬁcientem
1394 1250 1543 1303 (aqua
1571 1233 1711 1303 {erat
1738 1241 2003 1293 moderate
2049 1244 2227 1296 animo
2260 1260 2280 1299 :
2309 1245 2413 1298 sive
2442 1245 2508 1297 de
2538 1244 2856 1299 vindicanda
2885 1246 3108 1315 injuria.

382 1339 456 1392 Τὸ
482 1340 581 1410 μὲν
600 1340 926 1413 ἀδικηθέντα
958 1344 1033 1415 μὴ
1074 1343 1412 1415 ἀμύνασθαι,
1448 1344 1594 1399 θεῖον
1629 1347 1895 1417 ἡγοῦμαι*

303 1429 373 1483 re
398 1432 458 1486 δὲ
487 1431 801 1502 ἀμύνασθαι
829 1434 1089 1505 μετρίως,
1122 1436 1355 1507 νόμιμον
1381 1438 1477 1491 καὶ
1510 1436 1854 1508 ἀνθρώπινον
1878 1453 1892 1467 ο

302 1522 448 1576 τὸδὲ
478 1524 757 1595 ἀμέτρως,
784 1526 1105 1607 παράνομον
1131 1530 1227 1581 καὶ
1259 1529 1561 1601 ἀλιτήριον,
1595 1530 1796 1601 μᾶλλον
1836 1529 1897 1583 δὲ

300 1613 632 1667 διαϐολικόν.
665 1614 905 1681 Πολλοὺς
940 1617 1052 1689 (60)
1106 1621 1216 1687 γὰρ
1255 1619 1418 1690 ἄρξαι
1450 1621 1652 1691 χειρῶν
1696 1621 1878 1675 ἀδίκωτ

2008 1626 2228 1692 ulcisci,
2270 1626 2323 1681 id
2350 1627 2568 1682 demum
2601 1627 2755 1682 nefas
2786 1628 2851 1684 ac
2883 1628 3079 1684 sceleri
3118 1612 3303 1694 amne.
3349 1632 3457 1687 imo
3479 1632 3593 1687 dia-

306 1703 385 1774 μὴ
415 1703 630 1768 πείσας,
666 1704 745 1775 τῷ
793 1705 960 1778 δήλην
1011 1700 1153 1761 εἶναι
1192 1708 1289 1779 τὴν
1326 1709 1622 1780 ἁμαρτίαν,
1669 1708 1760 1763 διὰ
1803 1709 1878 1763 τοῐ

2006 1712 2265 1770 bolicum.
2298 1713 2448 1770 Multi
2479 1716 2624 1770 enim
2657 1718 2801 1787 quod
2828 1718 3013 1786 pravis
3040 1731 3200 1788 atque
3232 1720 3453 1791 injustis
3481 1720 3586 1776 im-

302 1793 562 1863 ἀμέτρως
596 1795 871 1862 ἐπεξιέναι
889 1800 971 1862 είς
992 1798 1054 1854 τὸ
1084 1799 1197 1853 τῶν
1224 1800 1617 1872 καταρξάντων
1643 1799 1878 1872 ἔγκλημα

2007 1808 2277 1875 perarint,
2308 1807 2362 1860 iu
2396 1805 2743 1869 manifestum
2781 1807 3087 1863 inciderunt
3117 1821 3421 1879 peccatum,
3456 1812 3587 1881 quia

306 1888 699 1959 περιέστησεν.
744 1889 803 1942 '0
835 1890 944 1961 γὰρ
980 1892 1250 1947 ἐκϐαίνων
1292 1893 1403 1948 τῶν
1443 1893 1803 1966 ἀδικημάτων
1833 1894 1878 1949 τί

2008 1898 2297 1953 immodice
2319 1898 2659 1955 subditorum
2683 1899 2892 1955 crimen
2920 1899 3292 1955 vindicarunt.
3312 1901 3414 1969 Qui
3438 1903 3586 1957 enim

304 1980 531 2051 μέτρον,
566 1982 660 2035 καὶ
692 1980 919 2051 μείζους
949 1983 1057 2037 τῶν
1092 1984 1471 2041 πταισθέντων
1513 1985 1767 2041 ἀπαιτῶν
1795 1985 1878 2050 τὰς

2007 1988 2227 2042 modum
2260 1988 2474 2044 excedit
2493 1987 2749 2058 justitia,
2777 1997 2833 2045 et
2860 1991 3142 2060 graviores
3179 2006 3210 2046 a
3241 1992 3585 2062 delinquen-

295 2072 495 2139 δίκας,
527 2074 577 2126 εί
608 2074 704 2129 καὶ
730 2075 883 2130 δοκεῖ
923 2076 1151 2143 δικαίως
1173 2079 1558 2150 πεποιηκέναι,
1597 2081 1677 2142 είς
1706 2079 1769 2133 τὸ
1798 2077 1878 2133 “rei

2005 2079 2150 2134 tibus
2174 2094 2363 2149 ptenas
2396 2080 2589 2151 exigit,
2624 2081 2839 2136 tametsi
2881 2080 3031 2153 juste
3078 2079 3273 2137 fecisse
3313 2081 3582 2150 videatur,

296 2164 363 2231 ἐξ
389 2164 570 2236 ἀρχῆς
613 2166 975 2239 ἀδικήσαντος
1023 2166 1095 2238 (εί
1127 2169 1225 2222 καὶ
1249 2168 1556 2240 παράδοξον
1580 2166 1723 2224 εἶναι
1750 2167 1869 2235 δὸξε

2005 2169 2058 2224 in
2085 2167 2224 2239 ejus,
2255 2170 2347 2239 qui
2376 2169 2530 2225 initio
2564 2170 2687 2241 (etsi
2713 2169 2874 2226 fidem
2898 2171 3186 2235 excedere,
3210 2171 3353 2241 quod
3382 2172 3582 2239 dicam,

294 2256 365 2310 τὸ
412 2256 862 2329 λεχθησόμενον),
915 2260 1269 2331 περιίσταται
1301 2259 1557 2333 ἔγκλημα
1577 2277 1592 2293 ο
1637 2260 1878 2333 δεύτερος

2001 2258 2274 2323 videatur)
2305 2257 2522 2331 culpam
2548 2259 2759 2327 incidit,
2790 2260 3039 2316 secundo
3063 2259 3321 2330 injuriam
3357 2261 3508 2318 facit.

293 2346 411 2419 γὰρ
437 2348 600 2419 ἄρχει
623 2348 790 2404 πάλιν
817 2349 953 2420 (61).
1410 2372 1415 2373 ί

468 2459 633 2514 ΣΛΡ.
680 2488 754 2503 --
778 2458 1208 2534 ΘΕΟΠΕΜΠΤῼ
1236 2460 1713 2535 ΠΡΕΣΒΥΤΕΡῼ.

2067 2460 2401 2521 CCXXXIII.
2435 2491 2509 2503 —
2554 2459 2981 2520 THEOPOMPO
3025 2460 3505 2519 PRESBYTERO.

1057 2552 1203 2625 Opus
1230 2571 1390 2625 quam
1423 2557 1600 2611 oratio
1638 2556 1807 2627 magis
1863 2564 2048 2611 movet.
2084 2554 2269 2625 (Conf.
2300 2571 2450 2625 supr.
2489 2557 2644 2626 epist.
2678 2555 2834 2628 215.)
2938 2586 2943 2589 -
3082 2582 3087 2587 ι

369 2659 545 2714 Ὅταν
581 2661 682 2732 μὲν
704 2661 861 2731 λόγος
885 2660 1051 2735 ἔργου
1081 2661 1313 2737 χηρεύῃ,
1336 2664 1399 2716 οὐ
1425 2663 1587 2735 μόνον
1610 2664 1714 2717 οὐκ
1747 2664 1878 2734 ὠφε‹

2077 2663 2308 2731 Quando
2333 2678 2498 2735 opere
2526 2673 2679 2719 caret
2699 2652 2900 2730 oratio,
2925 2677 3031 2719 non
3063 2664 3225 2720 modo
3252 2664 3386 2720 nihil
3411 2665 3574 2735 prod-

290 2753 400 2821 λεῖ,
429 2751 563 2806 ἀλλὰ
590 2753 682 2806 καὶ
728 2754 971 2824 ἐνοχλεῖν
1014 2754 1173 2808 εἴωθε
1222 2757 1350 2820 τοὺς
1381 2754 1713 2818 (Ξιιιούοντσις⁸
1759 2755 1878 2809 δται

1999 2763 2105 2823 est,
2131 2755 2227 2811 sed
2273 2763 2330 2811 et
2374 2755 2706 2810 conturbare
2740 2769 2804 2810 ac
2838 2754 3072 2826 fatigare
3118 2756 3394 2812 auditores
3440 2770 3574 2812 con-

289 2843 352 2897 δὲ
384 2842 547 2915 ἔργον
572 2842 734 2913 λόγου
779 2844 988 2916 ἔρημον
1040 2845 1152 2918 εἴη,
1199 2846 1471 2903 δυσωπεῖν
1518 2847 1730 2917 πέφυκε
1760 2850 1878 2913 τοὺς

1999 2846 2200 2900 suevit.
2232 2844 2372 2901 Cum
2406 2861 2539 2901 vero
2564 2860 2702 2916 opus
2730 2847 2985 2902 oratione
3026 2856 3185 2901 vacat
3232 2845 3450 2901 ﬂectere
3479 2861 3579 2917 pu-

295 2934 640 3006 θεωμένους.
689 2937 754 2989 El
805 2936 862 2989 δὲ
899 2936 996 2990 καὶ
1026 2938 1194 3007 ἄμφω
1216 2938 1483 3010 συμϐαίη,
1536 2941 1631 2994 καὶ
1679 2940 1878 3009 ὁλόγος

1994 2939 2295 3007 doremque
2321 2938 2460 2993 solet
2480 2938 2730 2994 incutere
2752 2939 3156 3010 spectantibus.
3182 2939 3239 2994 Si
3266 2939 3427 2995 ambo
3446 2954 3580 2994 con-

293 3028 406 3082 ὐπδ
454 3028 553 3100 τῆς
604 3029 865 3105 πράξεως
906 3031 1234 3103 κοσμηθείη,
1264 3032 1326 3087 τὸ
1366 3032 1670 3105 τηνικαῦτα
1717 3032 1878 3101 πολλὶ

1993 3038 2240 3096 currant,
2285 3040 2343 3086 et
2366 3031 2546 3086 oratio
2580 3031 2651 3087 ab
2674 3036 2893 3088 actione
2915 3041 3168 3098 ornetur,
3208 3040 3338 3087 tunc
3380 3046 3576 3103 magna

292 3119 546 3184 ιπίδοσις
574 3100 731 3176 ἔσται
753 3100 866 3186 τοίς
887 3100 1211 3194 φοιτηταῖς,
1232 3124 1282 3177 εί
1308 3100 1655 3196 εὐγνώμονες
1679 3120 1810 3180 εἶεν.

1994 3122 2055 3176 fit
2086 3123 2503 3190 accedentibus,
2540 3122 2587 3177 si
2613 3123 2773 3179 modo
2807 3121 2945 3193 arqui
2982 3121 3207 3190 fuerint,
3236 3136 3303 3179 ac
3328 3100 3573 3194 benigni,

1996 3212 2241 3269 accessio
2272 3228 2339 3269 ac
2361 3212 2597 3269 lucrum.

2088 1353 2189 1420 Qui
2226 1355 2388 1409 laesus
2419 1355 2619 1422 injuria
2639 1355 2733 1419 sit,
2761 1369 2880 1410 eam
2914 1371 3020 1412 non
3071 1355 3260 1413 ulcisci
3289 1397 3305 1423 ,
3340 1359 3585 1416 divinum

2007 1445 2059 1500 id
2105 1460 2243 1515 opus
2303 1448 2607 1503 existimo:
2651 1448 2932 1504 moderate
2979 1462 3111 1503 vero
3141 1449 3445 1515 vindicare,
3493 1450 3588 1519 jus

2007 1535 2201 1608 fasque
2257 1547 2344 1594 est
2373 1548 2535 1608 atque
2572 1539 2891 1595 humanum.
2923 1538 3195 1595 Caeterum
3230 1542 3592 1598 immoderate

804 3328 968 3383 2AA'.
999 3356 1070 3370 —
1096 3326 1376 3399 ΔΛΥΠΙῼ.

2310 3323 2472 3395 331
2505 3320 2941 3378 ccxxx1v.—
2976 3322 3253 3380 ALYPIO.

582 3421 649 3476 In
673 3420 896 3476 ulterius
929 3420 1121 3475 erratis
1179 3419 1658 3474 animadvertendis
1687 3419 1859 3492 lynrei
1888 3434 2094 3482 sumus,
2121 3418 2178 3471 in
2208 3417 2409 3471 nostris
2445 3417 2626 3485 lalptB.
2657 3413 2860 3471 Contra
2894 3416 2950 3469 in
2970 3416 3284 3495 uirtutibus.

364 3548 507 3604 Δίαν
541 3545 829 3620 θαυμάζω,
871 3546 989 3611 πῶς
1023 3546 1133 3601 τῶν
1167 3546 1269 3618 μὲν
1295 3545 1505 3618 ἑτέροις
1547 3547 1878 3619 πεπλημμε-

2059 3545 2389 3617 Magnopere
2416 3543 2664 3615 equidem
2697 3543 2962 3609 admiror,
2992 3559 3091 3602 cur
3121 3545 3172 3600 in
3218 3545 3449 3600 aliorum
3481 3559 3570 3601 er-

289 3641 550 3712 λημένων
577 3641 673 3695 καὶ
722 3639 1195 3711 ἁμαρτανομένων
1231 3639 1424 3710 πικροὶ
1466 3638 1759 3711 καθήμεθα
1801 3640 1878 3695 δι-

1988 3650 2103 3696 rata
2130 3638 2438 3708 delictaque
2462 3638 2638 3694 severi
2658 3635 2872 3705 judices
2892 3639 3198 3705 sedeamus,
3224 3648 3407 3693 nostra
3437 3652 3570 3694 vero

293 3733 518 3799 κασταὶ,
549 3732 620 3787 τὰ
660 3732 719 3785 δὲ
759 3730 968 3786 ἑαυτῶν
1012 3730 1354 3800 πταίσματα,
1387 3731 1723 3804 συγγνώμης
1762 3732 1878 3788 ὄντα

1985 3739 2233 3802 peccata,
2256 3730 2464 3798 majora
2500 3742 2898 3798 saepenumero,
2929 3743 3091 3799 quam
3121 3739 3178 3784 ut
3211 3731 3422 3785 veniam
3454 3746 3572 3784 me-

291 3825 565 3887 πολλάκις
590 3822 839 3894 μείζονα,
876 3823 1241 3894 παρορῶμεν·
1287 3823 1383 3877 καὶ
1420 3823 1548 3897 περὶ
1576 3823 1677 3895 μὲν
1713 3824 1783 3879 τὰ
1809 3826 1878 3880 oi.

1989 3832 2235 3889 reantur,
2273 3822 2630 3893 uegligamus.
2669 3819 2738 3875 Et
2768 3821 2835 3877 ad
2872 3832 3061 3878 nostra
3090 3823 3305 3892 quidem
3345 3823 3570 3878 caecuti-

288 3920 420 3973 κεῐα
440 3915 852 3986 τυφλώττομεν,
896 3913 967 3969 τὰ
998 3914 1054 3968 δὲ
1084 3913 1195 3967 τῶν
1230 3912 1406 3979 πέλας
1432 3912 1603 3979 ὀξέως
1631 3897 1878 3987 ὁρῶμεν·

1988 3929 2109 3970 mus
2140 3913 2296 3981 vitia,
2328 3914 2396 3969 ad
2430 3912 2663 3968 aliorum
2692 3926 2825 3968 vero
2872 3926 2960 3968 res
3002 3922 3220 3967 acutum
3256 3914 3559 3968 cernimus.

299 4009 402 4062 ἐπὶ
432 4008 488 4061 δὲ
516 4007 625 4061 τῶν
657 4005 1106 4078 κατορθωμάτων
1131 4005 1446 4060 τούναντίον
1481 4006 1791 4077 πάσχομεν,
1821 4004 1888 4059 τὰ

290 4100 397 4174 μὲν
438 4101 550 4171 γὰρ
602 4102 804 4164 οἰκεῖα,
848 4097 953 4152 κᾶν
990 4097 1166 4169 μικρὰ
1212 4092 1372 4170 ᾗκαὶ
1404 4098 1620 4168 εὐτελῆ,
1668 4096 1881 4170 μεγάλα

292 4191 582 4262 φαίνεταιο
634 4192 701 4246 τὰ
728 4191 787 4246 δὲ
839 4188 950 4243 τῶν
996 4188 1247 4261 πλησίον,
1290 4187 1397 4244 κᾶν
1442 4190 1655 4262 μεγάλα
1785 4191 1883 4245 καὶ

290 4282 616 4354 θαυμαστὰ,
666 4282 841 4354 μικρὰ
884 4280 979 4336 καὶ
1027 4279 1229 4351 φαῦλα.
1262 4274 1430 4350 Οἶμαι
1479 4281 1682 4346 τοίνυν,
1731 4281 1813 4334 ὅτι
1843 4283 1878 4353 ἡ

291 4374 554 4444 φιλαυτία
577 4374 786 4430 τούτων
809 4374 959 4431 αἰτία
986 4373 1348 4443 καθέστηκεν,
1379 4374 1413 4444 ἡ
1443 4372 1544 4443 τὴν
1573 4371 1739 4446 ὀρθὴν
1765 4373 1878 4444 (62)

1987 4005 2190 4063 Contra
2227 4019 2363 4060 vero
2410 4004 2464 4058 in
2510 4013 2658 4059 recte
2705 4001 2867 4059 factis
2916 4005 3073 4060 nobis
3117 4006 3318 4062 evenit.
3368 4004 3567 4061 Nostra

1986 4099 2159 4165 enim,
2189 4096 2292 4153 etsi
2338 4109 2505 4165 parva
2537 4096 2650 4150 sint
2689 4105 2745 4149 et
2789 4096 2951 4152 exilia
2976 4135 2993 4162 ,
3039 4096 3265 4165 grandia
3301 4097 3458 4151 nobis
3490 4096 3572 4151 vi-

1989 4192 2224 4257 dentur;
2248 4188 2481 4260 proximi
2514 4202 2647 4243 vero
2678 4186 2844 4251 bona,
2876 4188 3130 4258 quamvis
3158 4202 3350 4259 magna
3387 4196 3442 4242 et
3465 4185 3570 4238 ad-

1989 4282 2260 4345 miranda,
2298 4295 2463 4351 parva
2498 4289 2552 4334 et
2580 4278 2788 4333 exilia:
2836 4293 2993 4332 amor
3039 4279 3183 4333 enim
3233 4277 3313 4332 sui
3353 4285 3563 4331 rectum

1987 4371 2284 4427 labefactat
2334 4368 2749 4437 corrumpitque
2796 4366 3083 4436 judicium,
3144 4378 3309 4437 atque
3366 4367 3563 4421 iisdem

1403 4528 1635 4586 VARIAL‘
1673 4527 2069 4585 LECTIONES
2105 4526 2197 4584 ET
2233 4526 2472 4585 ΝΟΤᾸΞ.

374 4683 479 4759 (59)
502 4686 592 4759 γΔι⁹
614 4685 701 4759 ἢν
730 4686 928 4759 alsia}-
958 4686 1058 4742 ἐπὶ
1095 4685 1287 4759 γήρως
1328 4684 1487 4751 οὸδῷ
1514 4683 1872 4759 ιέωτερίζξτις

284 4756 419 4823 toi;-
448 4756 836 4826 ἀδικήμασιν.
867 4757 1075 4827 Γήραος
1094 4756 1252 4827 οὐδῷ,
1277 4769 1494 4827 senecta:
1523 4756 1681 4827 limen
1706 4757 1868 4827 .'_Ho-

288 4827 556 4881 mericum
591 4823 672 4882 est
703 4823 1045 4907 prorerb't'um
1093 4823 1412 4910 nummo,
1462 4840 1604 4907 vers.
1656 4823 1763 4879 246
1813 4834 1868 4887 et

284 4895 419 4952 547.
446 4906 500 4949 et
529 4897 603 4952 Ψ.
643 4912 691 4952 ν.
721 4897 863 4952 212ι
896 4896 1059 4950 Iliad.
1099 4896 1171 4952 X.
1208 4911 1258 4947 ν.
1299 4895 1387 4952 b0.
1420 4905 1472 4947 et
1499 4894 1665 4949 Iliad.
1706 4896 1769 4952 Ω,
1810 4911 1862 4950 v.

404 4936 419 4960 ,
446 4909 500 4949 et
534 4909 603 4960 Ψ,
643 4912 691 4953 ν.
721 4909 863 4961 212;
896 4909 1059 4950 lltatt.
1099 4909 1171 4959 IL,
1208 4911 1258 4947 ν.
1299 4909 1387 4959 ou,
1420 4909 1472 4947 et
1499 4909 1665 4949 uma.
1706 4909 1769 4954 ιι,
1810 4911 1862 4950 v.

284 4966 419 5021 487.
465 4965 643 5023 Utitur
676 4964 933 5035 llerodot.
962 4965 1147 5019 Thalia
1172 4980 1191 5019 :
1229 4964 1317 5028 Ἐς
1364 4964 1607 5035 πτωχίαν
1635 4966 1868 5034 ἀφῖκται

284 5037 382 5088 ἐπὶ
414 5038 622 5107 γήραος
668 5035 839 5107 οὐδῷ,
878 5034 959 5107 In,
990 5037 1172 5089 limine
1217 5045 1435 5088 senecta:
1476 5034 1545 5088 ad
1592 5044 1869 5106 egestatem

286 5110 541 5159 seruauit.
567 5106 810 5160 Catullus
844 5108 909 5158 ad
946 5106 1226 5159 Manlium.

467 5195 536 5250 Et
568 5215 599 5250 a
635 5198 819 5251 mortis
847 5198 1026 5251 limine
1054 5198 1345 5251 restituam.

287 5288 579 5414 llugeretius
603 5304 818 5360 quoque
847 5304 988 5358 sazpe
1008 5290 1062 5344 in
1081 5289 1261 5344 limine
1278 5289 1369 5344 leti
1389 5288 1526 5344 dixit
1556 5303 1653 5357 pro
1678 5298 1877 5344 morte.

310 5376 323 5412 ι
370 5399 386 5414 .
427 5374 487 5413 ιι.

310 5374 386 5414 ID.
427 5374 487 5413 ll.

473 5449 614 5504 Nam
643 5467 807 5520 quare
845 5451 1040 5520 potius,
1069 5450 1158 5505 leti
1182 5457 1299 5520 jam
1330 5449 1510 5505 limine
1535 5450 1600 5504 ab
1624 5450 1734 5519 ipso

470 5521 547 5573 All
579 5526 739 5575 vitam
764 5522 969 5589 possint
991 5521 1230 5577 conlecta
1254 5530 1423 5575 mente
1455 5521 1657 5576 reverti.

309 5612 357 5665 Et
380 5612 475 5665 lib.
513 5627 566 5665 νι
601 5627 616 5665 :

309 5613 329 5624 ‘
380 5613 475 5665 lib.
513 5627 566 5665 νι
601 5627 616 5665 :

287 5613 428 5755 ΜΙῐι
460 5704 601 5757 omni
631 5705 913 5774 languebat
944 5720 1132 5777 corpus
1179 5702 1271 5760 leti
1298 5703 1415 5775 jam
1445 5702 1625 5759 limine
1656 5702 1712 5757 in
1737 5701 1873 5770 ipso.

287 5794 435 5852 Idem
477 5795 658 5851 statim
688 5818 704 5858 ε

1409 5987 1433 6018 δ

2085 4682 2155 4739 Et
2185 4688 2418 4754 graviter
2445 4685 2642 4755 partim
2672 4694 2957 4741 metuentes
2984 4684 3170 4739 limina
3201 4683 3308 4738 leti.

1976 4846 2025 4900 ὁ,
2145 4776 2282 4831 alius
2310 4785 2465 4846 poeta
2509 4778 2678 4832 vrimo
2712 4780 2767 4832 in
2817 4777 3000 4832 limine
3040 4776 3159 4831 vitae
3191 4790 3290 4847 pro
3329 4774 3558 4831 infantia

2016 4863 2086 4900 ιιι
2117 4886 2131 4900 .

2016 4857 2131 4901 ιιιι.

1974 4937 2235 4994 Juvenari
2266 4948 2446 4994 autem
2478 4937 2772 4993 Horatiana
2800 4954 2902 4993 vox
2930 4938 2983 4993 in
3009 4937 3138 4992 Arte
3158 4938 3362 5006 poetica

1976 5030 2081 5084 Aut
2121 5031 2367 5084 nimirum
2414 5032 2604 5085 teneris
2646 5031 2966 5099 juvenentur
3011 5031 3244 5085 versibus
3296 5045 3550 5097 unquam,

1977 5123 2122 5193 quod
2153 5132 2232 5177 est
2266 5121 2564 5193 νεανιεύειν
2604 5132 2660 5174 ιιι
2700 5122 2787 5176 hic
2815 5124 3178 5193 νεωτερίζειν,
3222 5122 3363 5192 quod
3396 5123 3559 5177 etiam

1981 5192 2197 5257 capitur
2226 5194 2375 5245 rebus
2404 5192 2618 5245 studere
2655 5194 2819 5245 novis.
2856 5192 3097 5248 Scuo'r'r.

2053 5260 2441 5333 (60)]1ολλοὺς
2492 5262 2735 5315 breviaut
2779 5262 2831 5314 in
2872 5262 3069 5316 πολλοῦ
3105 5264 3260 5317 codd.
3298 5259 3421 5315 Vat.
3453 5260 3562 5317 650

1979 5340 2035 5387 et
2059 5330 2167 5386 Alt.
2196 5330 2404 5387 Possm.

2056 5402 2171 5472 (61)
2211 5401 2324 5455 Hoc
2342 5412 2445 5466 est,
2477 5401 2567 5470 qui
2601 5398 2832 5469 majores
2856 5401 3004 5470 justo
3030 5416 3218 5472 pcenas
3244 5400 3431 5468 exigit.
3461 5400 3562 5456 ite-

1980 5485 2100 5525 rum
2145 5473 2354 5540 injuria:
2386 5472 2656 5526 secundus
2704 5483 2897 5526 auctor
2929 5481 3013 5525 est
3043 5487 3058 5525 :
3086 5473 3309 5526 alterius
3348 5472 3560 5534 injurizn

1979 5544 2071 5595 dat
2106 5542 2449 5610 principium.
2480 5541 2749 5609 Explicat,
2780 5544 2922 5609 quod
2945 5544 3057 5611 jutn
3082 5542 3242 5602 dixit,
3277 5557 3295 5591 ι
3320 5540 3387 5611 jn
3416 5541 3557 5608 ejus,

1977 5612 2069 5682 qui
2088 5626 2131 5682 Aa;
2169 5609 2434 5682 principio
2462 5612 2727 5682 peccavit,
2755 5609 3008 5682 dulicluittt
3038 5611 3241 5682 incidit.
3270 5609 3554 5682 )MSCHUTT.

2049 5680 2162 5751 (62)
2196 5682 2291 5734 Ed.
2335 5679 2507 5735 Puris.
2546 5681 2638 5734 καὶ
2686 5681 3016 5751 θαυμαστὰ]
3045 5679 3211 5750 ὀρθὴν
3256 5679 3398 5751 τῷν,
3448 5692 3556 5734 etc.

1977 5748 2191 5807 Lacuna
2228 5752 2508 5822 suppletur
2534 5767 2597 5805 ex
2626 5754 2744 5805 cod.
2777 5748 2892 5805 Vat.
2935 5749 3041 5807 650
3069 5748 3122 5806 et
3152 5748 3261 5804 Alt.
3293 5748 3450 5804 Enn.
