4070 6388
384 355 523 423 1477
1338 359 1873 422 EPISTOLARUM
1912 359 2059 420 LIB.
2104 362 2175 420 ν.
2216 386 2285 395 -
2324 361 2565 421 EPIST.
2608 360 2850 425 CCXLI.
3513 356 3648 424 1478

382 471 694 542 γέγραφας,
723 469 825 524 οὐκ
858 470 940 535 είς
980 471 1301 546 ἀποτροπὴν
1328 474 1532 547 ἀρετῆς
1574 472 1830 544 είρῆσθαι
1877 489 1962 527 νο-
1996 476 2009 532 1

2086 473 2203 540 mli,
2241 490 2260 524 ι
2307 487 2413 527 non
2458 473 2525 528 ad
2587 474 2926 530 avocandum
2975 487 3006 529 a
3052 472 3270 537 virtute,
3317 481 3377 527 ut
3404 474 3631 536 scribis,

388 561 609 631 μιστέον
633 577 650 595 ο
681 560 744 615 οὐ
774 561 883 633 7&9
907 561 994 616 ἵνα
1025 564 1106 629 είς
1139 565 1343 620 κακίαν
1375 564 1667 638 βαδίσοιεν,
1703 562 1781 628 ὡς
1806 562 1965 632 ἔφης,

2086 576 2396 636 usurpatum
2434 580 2561 623 esse
2583 565 3009 622 existimandum
3042 574 3129 621 est
3161 582 3174 618 :
3209 579 3386 633 neque
3413 573 3473 619 ut
3518 564 3649 619 illud

383 655 436 706 cl
481 651 857 723 ἀκροώμενον
890 651 1008 708 ἀλλ’
1058 655 1147 709 ἵνα
1198 656 1281 719 είς
1333 655 1652 726 φιλοσοφίαν
1692 655 1969 725 ὲναχθείεν

2086 655 2386 721 audientes,
2427 658 2504 712 uti
2527 657 2737 722 aiebas,
2763 657 2985 711 malitia
3008 670 3131 711 sese
3158 657 3376 722 dedant,
3418 655 3512 711 sed
3556 672 3652 723 po-

384 743 624 815 εἴρηται.
661 744 737 797 Οὐ
767 745 874 817 γὰρ
900 747 1090 817 ἐπειδὴ
1114 747 1333 811 πάντως
1359 746 1738 818 λοιδορηθῆναι
1776 747 1970 801 δεῖκαὶ

2086 746 2180 800 lius
2212 754 2273 801 ut
2300 748 2367 801 ad
2398 746 2828 817 philosopllicam
2858 761 2918 802 se
2963 746 3250 802 conferant
3280 746 3477 811 vitam,
3527 746 3651 800 ideo

386 833 477 886 τὸν
506 827 566 887 εὖ
603 832 843 903 βιοῦντα,
877 835 977 908 τὴν
1007 836 1205 909 ἡδονὴν
1235 836 1481 909 αἱρετέον
1504 853 1518 868 ·
1557 836 1673 891 ἀλλ’
1709 837 1792 891 ὅτι
1831 837 1969 891 πάν-

2086 837 2301 893 iictum.
2348 835 2467 893 Non
2527 838 2672 892 enim
2718 836 2844 907 quia
2884 837 3105 891 omnino
3156 835 3417 891 conviciis
3456 834 3650 903 impoti

382 929 492 989 τως
516 925 620 979 ὑπὸ
658 925 769 980 τῶν
805 927 1063 1000 πονηρῶν
1085 928 1215 991 τοὺς
1246 927 1505 999 ἀρίστους
1536 927 1970 999 κακηγορεῖσθαι

2086 934 2294 996 oportet
2341 935 2496 983 recte
2537 927 2800 991 viventes,
2846 925 3093 996 voluptas
3135 935 3218 981 est
3252 925 3648 995 amplectenda,
3690 912 3707 931 ⁵

386 1013 695 1084 συμϐαίνει,
752 1016 1164 1088 φιλοσοφητέον.
1220 1017 1448 1090 Ἐρρέθη
1483 1016 1593 1089 γὰρ
1628 1017 1729 1071 οὐκ
1779 1018 1858 1081 είς
1909 1017 1970 1070 τὸ

2086 1017 2168 1072 sed
2197 1016 2328 1086 quia
2357 1015 2426 1072 ab
2449 1014 2710 1086 improbis
2735 1015 2971 1086 optimos
2996 1015 3234 1070 accusati
3268 1015 3489 1069 omnino
3521 1029 3653 1068 con-

395 1108 592 1174 φυγεῖν
619 1106 842 1178 ἀρετὴν,
869 1107 1007 1162 ἀλλὰ
1039 1107 1178 1179 πρὸς
1206 1108 1267 1162 τὸ
1291 1109 1419 1173 τοὺς
1447 1106 1751 1171 ἀσκοῦντας
1776 1107 1968 1178 αὐτὴν,

2086 1107 2262 1177 tingit,
2294 1106 2791 1178 philosophandum
2821 1113 2926 1160 est.
2965 1106 3177 1160 Dictum
3214 1105 3360 1160 enim
3401 1115 3505 1171 est,
3543 1119 3649 1158 non

387 1193 787 1266 κακιζομένους
824 1198 1170 1267 φιλοσοφεῖν·
1201 1199 1231 1251 ὁ
1263 1198 1374 1269 γὰρ
1422 1197 1617 1267 φθόνος
1664 1198 1848 1260 αὐτοῖς
1878 1198 1972 1250 ἀν-

2087 1208 2148 1251 ut
2176 1199 2350 1253 virtus
2378 1197 2638 1269 fugiatur,
2673 1196 2767 1252 sed
2799 1206 2859 1252 ut
2885 1208 3005 1251 eam
3031 1205 3350 1252 exercentes
3379 1195 3518 1252 male
3546 1210 3655 1250 ae—

384 1286 879 1358 τιστρατευόμενος
912 1287 1300 1360 κωμῳδεῖσθαι
1328 1289 1528 1353 αὐτοὺς
1561 1287 1820 1353 πολλάκις
1866 1289 1970 1344 πά-

2086 1291 2217 1359 :epti
2247 1287 2973 1361 philosophentur.,lnvidia
3018 1288 3162 1342 enim
3199 1301 3295 1343 eos
3334 1302 3656 1357 oppugnans

388 1375 739 1445 ρασκευάξει.
779 1379 1036 1449 ’Ἄμεινον
1068 1374 1183 1445 οὖν,
1237 1379 1288 1432 εί
1322 1378 1540 1442 πάντως
1593 1377 1970 1450 λοιδορηθῆναι

2086 1380 2205 1436 'acit
2229 1397 2342 1438 non
2383 1397 2533 1447 raro,
2565 1390 2625 1436 ut
2656 1379 3155 1450 reprehendantur.
3200 1376 3430 1433 Praestat
3466 1380 3654 1445 itaque

385 1468 489 1535 δεῖ,
517 1469 721 1534 ἀδίκως
761 1461 910 1524 τοῦθ’
943 1471 1270 1543 ὑπομεῖναι*
1303 1471 1365 1525 τὸ
1406 1472 1516 1540 γὰρ
1553 1470 1801 1534 δικαίως,
1855 1473 1971 1535 τοῖς

2086 1475 2117 1528 si
2148 1474 2417 1529 conviciis
2446 1473 2669 1529 omnino
2709 1471 2931 1528 obnoxii
2962 1485 3173 1534 sumus,
3204 1469 3404 1537 injuste
3447 1469 3501 1523 id
3532 1483 3656 1537 per-

385 1563 648 1631 πονηροῖς
661 1561 941 1632 οπρόσεστι
950 1602 963 1616 .
1858 1573 1867 1582 ’

2086 1565 2206 1634 peti.
2267 1563 2426 1620 Juste
2469 1563 2614 1620 enim
2666 1561 3014 1632 reprehendi,
3064 1560 3320 1616 convenit
3371 1560 3654 1631 improbis.

942 1667 1109 1722 mea
1148 1697 1216 1710 —
1244 1668 1494 1741 ΠΕΤΡῼ.

2498 1666 2837 1727 CCXXXIX.
2867 1697 2939 1709 ——
2978 1664 3231 1721 PETRO.

1197 1759 1438 1815 "teretes
1464 1767 1559 1814 aut
1586 1775 1651 1814 ea:
1670 1758 1974 1824 ambitione,
2010 1769 2100 1816 aut
2120 1776 2185 1816 ea:
2203 1761 2493 1831 pertinacia
2523 1772 2831 1817 nascuntur.

464 1868 535 1922 Ἦ
581 1867 650 1920 ὲκ
696 1867 1011 1939 φιλαρχίας,
1044 1862 1220 1939 οἶμαι,
1269 1868 1304 1939 ἢ
1360 1869 1424 1921 ἐκ
1475 1866 1823 1939 προλήψεως,
1879 1866 2009 1928 δύο]

2147 1871 2226 1926 Ex
2260 1871 2576 1927 dominandi
2630 1870 2877 1938 libidine,
2917 1879 2972 1927 et
3016 1878 3345 1939 praesumpta
3378 1867 3656 1938 opinione,

385 1959 907 2029 δυσκαταγωνίστων
927 1957 1139 2029 παθῶν,
1170 1960 1268 2023 τὰς
1294 1959 1539 2032 αἱρέσεις
1558 1959 1810 2030 τετέχθαι
1834 1959 1970 2032 (65)·

388 2053 453 2105 Ui
492 2051 590 2122 μὲν
618 2049 728 2123 7&9
770 2052 829 2106 ὲν
857 2052 973 2114 τοῖς
1000 2050 1264 2123 ὑπηκόοις
1295 2050 1371 2122 μὴ
1414 2049 1746 2115 ἀξιώσαντες
1790 2046 1974 2119 εἶναι,

386 2143 440 2196 οἱ
464 2141 522 2195 δὲ
554 2141 694 2213 μετά
732 2140 795 2194 τὸ
837 2141 1238 2214 προληφθῆναι,
1272 2141 1585 2212 διδαχθῆναι
1633 2141 1709 2213 μὴ
1743 2142 1975 2196 καταδε-

389 2231 639 2302 ξάμενοι,
692 2231 964 2304 νεωτέρας
1008 2232 1361 2296 διδασκαλίας
1415 2232 1710 2304 σπέρματα
1746 2232 1975 2287 κατασε-

390 2324 643 2395 σλήκασι,
671 2325 785 2388 τοῖς
810 2321 1205 2396 καθεστηκόσιν
1234 2324 1495 2396 ἐμμεῖναι
1521 2325 1596 2398 μὴ
1618 2323 1966 2391 ἀξιώσαντες.

674 2524 807 2583 ΣΜ’.
836 2555 907 2566 —
934 2525 1148 2596 ΝΕῙΛῼ
1186 2526 1647 2598 ΣΧΟΛΑΣΤΙΚῼ.

2078 1960 2289 2017 duabus
2314 1975 2458 2032 aegre
2486 1962 2738 2032 superari
2767 1961 2947 2017 solitis
2970 1958 3372 2026 aﬂ'ectionibus,
3413 1959 3655 2015 haereses

2077 2062 2222 2108 natae
2249 2062 2397 2109 sunt.
2451 2050 2732 2123 Siquidem
2771 2052 2971 2122 partim
3023 2049 3255 2119 subjecti
3305 2064 3428 2106 esse
3474 2051 3658 2104 detre-

2077 2153 2314 2209 ctantes,
2365 2142 2565 2213 partim
2615 2157 2751 2198 vero
2802 2151 2925 2213 post
2964 2149 3397 2210 praeoecupatam
3437 2138 3655 2209 opinio-

2078 2247 2204 2289 nem
2238 2231 2658 2287 instruetionem
2692 2241 3036 2302 respuentes,
3074 2245 3230 2287 novae
3265 2230 3530 2286 doctrinae
3571 2243 3661 2285 se-

2092 2326 2236 2378 mina
2284 2322 2515 2391 jacinnt,
2562 2332 2884 2379 recusantes
2924 2323 3094 2379 semel
3138 2330 3288 2379 recte
3335 2320 3652 2378 constitutis

2077 2416 2348 2473 inhaerere
2376 2417 2738 2488 dogmatibus.
2920 2420 2921 2423 “

2353 2525 2556 2583 CCXL.
2582 2555 2655 2566 —
2684 2524 2845 2582 ΝΠιο
2875 2522 3374 2581 SCHOLASTICO.

1033 2615 1292 2671 Virtutem
1313 2615 1572 2669 doctrinm
1590 2613 2134 2698 jttngendam..Fidea
2164 2625 2210 2670 et
2251 2632 2428 2685 opera.
2467 2616 2651 2686 (Supr.
2682 2617 2834 2684 epist.
2876 2614 3022 2685 162.)

461 2726 681 2799 Τυφλδς
714 2727 815 2798 μὲν
846 2729 874 2783 ὁ
902 2728 1012 2782 τῶν
1044 2726 1255 2798 ἀρετῶν
1283 2726 1465 2799 χορὸς,
1507 2724 1673 2798 ὀρθοῦ
1718 2726 1793 2797 μὴ
1836 2725 1971 2781 καθ-

391 2819 705 2892 ηγουμένου
739 2819 1007 2891 δόγματος
1029 2835 1045 2851 ·
1085 2818 1256 2891 ἀργὸν
1299 2818 1358 2873 δὲ
1400 2817 1498 2872 καὶ
1538 2817 1601 2872 τὸ
1628 2816 1788 2891 ὀρθὸν
1829 2816 1969 2872 καθ-

394 2911 536 2983 ηγοῦ
544 2927 707 2982 μενον
721 2911 921 2984 δόγμα,
941 2912 990 2964 εί
1011 2913 1039 2964 ὁ
1053 2910 1163 2966 τῶν
1179 2910 1392 2982 ἀρετῶν
1411 2908 1573 2983 χορὸς
1596 2907 1973 2981 ἀπολειφθείηο

394 3005 445 3057 εί
471 3004 529 3057 δὲ
566 3004 626 3058 τὸ
662 3003 761 3074 μὲν
787 3004 1084 3076 κορυφαῖον
1114 3000 1455 3074 ταξιαρχοίη,
1505 3003 1560 3056 αἱ
1588 3001 1645 3056 δὲ
1672 3000 1973 3073 χορεύοιεν,

395 3096 560 3151 παντὶ
590 3096 779 3167 τρόπῳ
829 3097 858 3150 ὁ
889 3095 1052 3169 χορὸς
1082 3094 1464 3168 στεφθήσεται,
1498 3094 1574 3161 ὡς
1609 3095 1860 3165 νομίμως
1883 3092 1976 3148 τὸν

394 3186 584 3257 ἀγῶνα
612 3186 838 3252 διαθείς.
994 3205 999 3207 Α

889 3296 1071 3351 ΣΜΑν.
1109 3323 1174 3339 .-
1215 3295 1303 3367 Ta
1340 3295 1545 3367 ΔΥΤῼ.

2149 2722 2342 2780 Caecus
2366 2725 2585 2793 quidem
2613 2733 2697 2780 est
2718 2725 2982 2781 virtutum
3026 2725 3228 2780 chorus
3255 2737 3360 2779 non
3389 2732 3537 2780 recta
3562 2723 3663 2779 do—

2081 2815 2258 2870 ctrina
2299 2816 2529 2870 imbuta.
2583 2813 2775 2872 Otiosa
2815 2816 3058 2872 vicissim
3104 2822 3259 2871 recta
3307 2815 3557 2872 doctrina
3595 2829 3664 2870 ea

2083 2904 2359 2972 instituto,
2399 2904 2503 2960 nisi
2539 2905 2803 2960 virtutum
2839 2905 3067 2961 chorum
3095 2903 3406 2960 comitetur.
3434 2903 3492 2960 Si
3522 2917 3659 2958 vero

2084 2996 2333 3054 doctrina
2367 2998 2597 3053 chorum
2634 2996 2802 3052 veluti
2855 2996 3054 3061 ducat,
3091 2994 3434 3066 virtutesque
3469 2992 3664 3049 subse-

2083 3101 2346 3161 quantur,
2377 3090 2571 3161 quavis
2602 3090 2816 3146 ratione
2845 3091 3048 3146 chorus
3077 3087 3455 3154 coronabitur,
3483 3095 3542 3144 ut
3580 3085 3660 3143 le-

2005 3164 2055 3227 (ἶ
2083 3183 2273 3253 gitime
2301 3190 2521 3253 peracto
2542 3181 2863 3236 certamine.

2573 3288 2800 3347 CCXLI.
2839 3320 2909 3329 —
2939 3287 3178 3344 EIDEM.

784 3412 947 3466 Deum
973 3426 1076 3465 non
1103 3410 1259 3465 modo
1285 3408 1629 3474 adulterium,
1662 3408 1755 3463 sed
1782 3406 2202 3477 fornicationem,
2240 3414 2288 3461 et
2320 3421 2471 3460 omne
2500 3402 2822 3473 impuritatia
2842 3417 3006 3472 genus
3034 3401 3274 3456 vetuisse.

469 3539 537 3594 Εί
574 3538 672 3594 atat
704 3535 868 3600 αὐτὸς
891 3536 1066 3608 αἰτιᾷ,
1096 3532 1213 3588 ἀλλ’
1240 3533 1352 3603 ἐγὼ
1397 3532 1504 3587 κάν
1552 3532 1729 3605 τούτῳ
1779 3531 1976 3604 κομιδῇ

394 3629 613 3701 ἄγαμαι
631 3627 726 3682 τοῦ
755 3626 1049 3697 νομοθέτου
1076 3624 1176 3696 τὴν
1208 3623 1423 3693 σοφίαν,
1455 3624 1540 3678 ὃτι
1569 3624 1636 3677 ὲκ
1663 3621 1860 3677 πολλοῦ
1882 3619 1977 3675 τοῦ

397 3718 685 3790 περιόντος
748 3715 850 3779 τὰς
917 3713 1207 3783 ἀσελγείας
1265 3711 1674 3783 ὲξοστρακίσαι,
1726 3711 1822 3765 καὶ
1879 3710 1981 3774 τὰς

398 3809 734 3872 ἀκολάστους
783 3805 1012 3878 γνώμας
1061 3803 1365 3877 χαλινῶσαι
1413 3802 1714 3876 προῄρητο.
1760 3803 1820 3856 '0
1869 3800 1980 3874 7&9

398 3904 500 3975 τὴν
540 3900 796 3956 ἀκούσιον
834 3897 1084 3969 ἔκκρισιν
1120 3895 1371 3968 μολύνειν
1406 3893 1843 3966 ἀποφηνάμενος,
1875 3892 1976 3965 τὴν

399 3993 648 4048 ἑκούσιον
679 3987 879 4061 πρᾶξιν
907 3986 1090 4057 πολλῷ
1126 3985 1328 4057 μᾶλλον
1350 3986 1720 4057 ἀπηγόρευσε.
1752 3982 1840 4054 Τῷ
1869 3982 1976 4055 γὰρ

400 4084 499 4155 τὴν
522 4082 823 4152 ἀϐούλητον
851 4080 1028 4151 ῥύσιν,
1051 4077 1149 4149 τὴν
1181 4078 1319 4149 μήτε
1343 4076 1649 4149 ἁμάρτημα
1678 4074 1979 4145 τυγχάνου-

403 4193 527 4242 σαν,
565 4174 703 4248 μήτε
752 4172 859 4225 ὑπὸ
894 4171 1165 4243 τιμωρίαν
1204 4170 1469 4239 ἄγουσαν,
1517 4169 1791 4241 μολυσμὸν
1834 4162 1978 4221 εἶναι

402 4269 600 4338 φῆσαι,
626 4265 721 4319 καὶ
776 4263 1092 4335 καθαρσίων
1123 4261 1376 4327 ἀξιῶσαι,
1407 4261 1471 4315 τὸ
1517 4260 1762 4314 ἑκούσιον
1791 4259 1978 4329 πλημ-

405 4358 629 4430 μέλημα
664 4354 866 4427 μᾶλλον
904 4354 1234 4411 ἀνέστειλεν.
1276 4352 1494 4423 Ἐπειδὴ
1513 4352 1572 4405 δὲ
1596 4352 1697 4422 τὴν
1732 4349 1978 4420 μοιχείαν

2155 3531 2274 3587 Etsi
2302 3532 2419 3600 ipse
2460 3527 2853 3600 reprehendas,
2881 3541 2981 3598 ego
3015 3541 3147 3583 vero
3184 3526 3350 3582 etiam
3377 3525 3657 3599 legislatu-

2082 3624 2160 3679 ris
2184 3623 2277 3678 Dei
2302 3621 2630 3692 sapientiam
2661 3619 3021 3675 vehementer
3045 3619 3313 3685 admiror,
3339 3621 3486 3690 quod
3517 3636 3546 3674 a
3575 3622 3663 3676 vi-

2083 3715 2222 3771 vidis
2262 3714 2575 3769 bominibus
2638 3710 2932 3781 proﬂigare
2985 3710 3243 3766 libidines
3312 3720 3369 3767 et
3423 3710 3664 3767 lascivus

2083 3814 2296 3861 mentes
2323 3803 2478 3859 l'reno
2505 3816 2762 3858 coercere
2783 3800 3061 3857 maluerit.
3098 3800 3468 3857 Pronuntians
3494 3804 3662 3858 etiam

2085 3897 2509 3954 involuutariam
2557 3896 2994 3951 exsecrationem
3045 3894 3339 3965 inquinare
3369 3935 3385 3961 ,
3440 3896 3669 3950 damnat

2085 3990 2261 4046 multo
2295 3988 2467 4059 magis
2502 3986 2872 4043 voluntariam
2906 3985 3205 4041 actionem.
3241 3984 3376 4041 Cum
3405 3986 3552 4042 enim
3581 3987 3664 4042 iu-

2087 4082 2460 4137 voluntarium
2489 4078 2720 4147 ﬂuxum,
2749 4078 2844 4148 qui
2874 4087 2932 4133 et
2958 4077 3079 4134 sine
3107 4090 3334 4149 peccato
3374 4078 3454 4144 ﬁt,
3482 4082 3664 4149 neque

2089 4176 2162 4232 sit
2186 4188 2362 4245 poenae
2395 4171 2691 4238 obnoxius,
2738 4169 3090 4239 pollutionem
3139 4183 3263 4223 esse
3303 4169 3463 4237 dixit,
3499 4184 3664 4238 opus-

2085 4277 2193 4337 que
2225 4261 2548 4334 purgatione
2576 4259 2808 4326 censuit,
2848 4258 3009 4326 longe
3045 4256 3248 4327 justius
3295 4257 3662 4313 voluntarium

2086 4352 2290 4424 repulit
2337 4351 2621 4406 delictum.
2666 4347 3120 4418 Quandoquidem
3158 4360 3287 4401 vero
3333 4346 3663 4403 adulterium

405 4451 575 4520 μόνην
611 4448 869 4518 ἐνόμισας
913 4445 1076 4501 αὐτὸν
1103 4444 1564 4516 ἀπηγορευκέναι,
1592 4442 1766 4506 δοκεῖς
1820 4457 1912 4512 μοι
1942 4439 1979 4512 ἦ

2089 4447 2352 4501 duntaxat
2384 4443 2557 4500 Deum
2587 4443 2857 4498 damnare
2878 4440 3185 4506 existimas,
3213 4439 3418 4494 videris
3442 4448 3535 4493 aut
3556 4456 3663 4495 non

406 4544 484 4616 μὴ
515 4532 879 4612 ἀνεγνωκέναι
909 4538 970 4592 τὸ
998 4537 1436 4609 Δευτερονόμιον,
1467 4534 1499 4606 ἢ
1538 4535 1614 4607 μὴ
1640 4533 1977 4604 νενοηκέναι,

406 4636 585 4689 καίτοι
653 4632 841 4703 σαφῶς
889 4630 1175 4700 κείμενον·
1251 4647 1270 4680 ι
1321 4627 1435 4682 Οὐκ
1482 4626 1632 4680 ἔσται
1675 4624 1806 4695 γὰρ,
1848 4623 1977 4695 ἔφη,

406 4726 604 4797 πόρνος
642 4724 752 4779 ἀπὸ
789 4721 923 4777 υἱῶν
966 4717 1206 4791 Ἰσραὴλ,
1234 4718 1329 4772 καὶ
1359 4717 1463 4771 οὐκ
1491 4714 1644 4769 ἔσται
1676 4715 1851 4785 πόρνη
1873 4711 1982 4767 ἀπὸ

405 4816 723 4887 θυγατέρων
763 4811 1001 4884 Ἰσραήλ.
1029 4830 1047 4863 ι
1076 4812 1141 4864 Et
1170 4810 1277 4881 7&9
1298 4810 1394 4863 καὶ
1419 4805 1777 4880 χαλεπωτέρα
1804 4803 1983 4876 πολλῷ

403 4910 439 4980 ή
467 4877 681 4978 μοιχεία
697 4906 794 4976 τῆς
812 4877 1092 4976 πορνείας,
1116 4877 1210 4957 καὶ
1233 4877 1563 4970 συγγνώμης
1594 4877 1816 4969 μείζων,
1849 4896 1986 4951 ἀλλά
2004 4877 2031 4947 ’.

408 5000 504 5052 καὶ
523 5002 556 5069 ὴ
580 4998 808 5069 πορνεία
829 4995 1110 5068 τιμωριῶν
1130 4994 1274 5062 ἀξία,
1296 4993 1345 5046 εί
1370 4990 1638 5045 καὶτοῦτο
1657 4992 1771 5053 τοῖς
1788 4989 1988 5054 ἔξωθεν

407 5089 750 5160 νομοθέταις,
782 5088 883 5141 οὐκ
906 5083 1001 5142 οἷδ’
1027 5088 1196 5151 ὅπως,
1229 5084 1678 5157 παραλέλειπται.
1714 5081 1839 5143 Τοῖς
1882 5081 1989 5151 γὰρ

409 5180 587 5253 ὀρθῶς
618 5180 796 5250 βιοῦσι
824 5178 1192 5251 καθαρευτέον
1216 5178 1312 5233 καὶ
1329 5176 1437 5231 ἀπὸ
1455 5174 1658 5246 ταύτης
1673 5189 1688 5203 ·
1714 5191 1733 5225 ι
1755 5172 1988 5244 Πορνεία

408 5273 540 5346 γὰρ,
572 5270 733 5345 φησὶν
748 5272 1128 5339 ὀἈπόστολος,
1149 5270 1244 5326 καὶ
1269 5268 1579 5339 ἀκαθαρσία
1613 5265 1749 5338 μηδὲ
1785 5265 1989 5335 ὀνομα-

354 5353 360 5355 Α
410 5363 589 5432 ζέσθω
633 5366 690 5418 ὲν
737 5363 885 5435 ὑμῖν,
918 5363 1099 5428 καθὼς
1133 5362 1334 5435 πρέπει
1373 5360 1570 5431 ἁγίοις.
1613 5376 1632 5409 ι
1676 5357 1789 5411 Καὶ
1824 5354 1987 5409 πάλιν

474 5545 524 5581 ⁸⁸
549 5545 708 5602 Deut.
742 5554 904 5605 χχιιι.
937 5539 1018 5594 l7.

2085 4537 2283 4606 legisse
2333 4533 2813 4596 Deuteronomim,
2866 4538 2963 4585 aut
3016 4544 3123 4584 non
3174 4528 3496 4584 intellixisse
3552 4539 3661 4584 tam

2087 4628 2234 4685 clare
2261 4627 2367 4682 hoc
2398 4624 2831 4695 pronuntiatum.
2853 4620 3016 4693 633
3047 4638 3066 4672 ι
3107 4620 3229 4675 Νοιι
3260 4620 3366 4675 erit
3396 4624 3659 4675 meretrix

2090 4721 2157 4777 de
2184 4719 2401 4776 ﬁliabus
2429 4716 2619 4782 Israel,
2645 4724 2739 4770 aut
2782 4721 3058 4769 scortator
3088 4712 3157 4767 de
3182 4711 3310 4766 ﬁliis
3331 4710 3502 4767 Israel
3532 4711 3599 4765 ⁵³.
3640 4733 3662 4764 ι

2091 4812 2207 4868 Etsi
2257 4813 2401 4868 enim
2452 4809 2629 4881 majus
2674 4806 2938 4878 ﬂagitium
2976 4814 3064 4862 est
3097 4805 3450 4871 adulterium,
3501 4821 3668 4876 quam

2092 4903 2410 4967 fornicatio,
2438 4912 2493 4957 et
2535 4901 2693 4955 venia
2720 4897 2939 4968 gravius
2972 4896 3064 4961 sit,
3117 4895 3233 4950 haec
3271 4904 3453 4949 tamen
3503 4910 3667 4965 poena

2089 5010 2308 5067 quoque
2359 4994 2530 5064 digna
2584 5001 2691 5059 est,
2723 4989 2972 5061 quamvis
3028 4998 3247 5058 poenam
3292 4986 3481 5043 nescio
3531 5002 3670 5057 quo-

2092 5090 2253 5143 modo
2278 5086 2328 5141 ei
2381 5101 2486 5140 non
2519 5080 2957 5154 prmscripseriut
2995 5078 3236 5150 gentium
3296 5076 3665 5149 legislatores.

2092 5177 2264 5234 Recte
2293 5178 2438 5231 enim
2472 5175 2720 5229 viventes
2748 5172 2816 5226 ab
2841 5171 2945 5226 hac
2966 5184 3135 5240 puros
3160 5183 3220 5225 se
3250 5167 3489 5238 praebere
3516 5180 3671 5236 opor-

2098 5276 2172 5322 tet
2207 5283 2221 5320 :
2260 5283 2278 5316 ι
2325 5263 2658 5326 Fornicatio,
2690 5261 2868 5330 inquit
2894 5258 3209 5331 Apostolus,
3239 5265 3296 5313 et
3337 5254 3514 5311 omnis
3560 5254 3669 5308 im-

2094 5356 2355 5414 munditia
2390 5370 2459 5412 ne
2483 5352 2800 5411 nominetur
2830 5352 3053 5422 quidem
3087 5352 3138 5407 in
3180 5348 3331 5405 vobis
3356 5386 3372 5415 ,
3402 5347 3542 5402 sicut
3572 5344 3677 5400 de-

1390 5624 1395 5629 ’
1511 5622 1747 5679 νΑιιιιΕ
1787 5618 2175 5680 LECTIONES
2213 5618 2302 5675 ET
2337 5618 2567 5676 NOTAE.

494 5771 598 5844 (65)
640 5772 745 5830 Pro
788 5775 1035 5847 τετέχθαι
1086 5776 1266 5847 legunt
1312 5774 1527 5832 codices
1577 5771 1737 5827 iidem
1776 5765 2051 5837 τετάχθαι.
2079 5764 2291 5820 Possm.
