4070 6374
519 375 662 442 ηιτῡ

1694 377 1756 437 S.
1799 373 2092 436 lSlDOIlI
2130 371 2568 434 PELUSIOTE

3612 370 3731 438 1480

510 503 603 545 cet
652 494 875 542 sanctos
915 487 980 540 ⁸⁸.
1035 505 1052 538 ι
1104 485 1360 556 Idemque
1407 485 1471 542 de
1516 485 1771 542 castitate
1820 486 1918 548 ait,
1961 486 2094 554 quod

2206 484 2339 552 φησὶ
2371 483 2498 553 περὶ
2539 481 2641 550 τῆς
2683 479 2934 548 άγνείαςτ
2972 481 3056 533 ὅτι
3089 477 3355 550 μεγίστων
3380 477 3586 547 ἀγαθῶν
3615 484 3734 552 πρό-

513 581 814 636 maximum
849 579 1107 634 conciliet
1150 579 1350 634 donum
1381 593 1397 633 :
1435 597 1453 630 ι
1489 577 1709 642 Pacem,
1754 577 1952 646 inquit,
1997 591 2082 630 se-

509 673 739 742 quimini
773 687 895 725 cum
943 671 1196 725 omnibus
1227 681 1282 724 et
1313 670 1756 733 sanctimoniam,
1809 670 1928 724 sine
1977 683 2081 735 qua

514 779 675 818 nemo
702 761 906 816 videbit
930 761 1096 816 Deum
1123 763 1188 815 “.
1228 779 1247 813 ι

768 868 1017 924 CCXLI].
1053 901 1120 911 —
1150 865 1452 923 EUTONIO
1497 865 1814 922 DIACONO.

2195 575 2344 638 ξενος
2369 575 2576 642 γίνεται
2598 591 2610 605 ·
2651 591 2668 623 ι
2705 573 2944 643 Εἰρήνην
2971 570 3200 624 διώκετε
3233 571 3435 624 καὶτὸν
3468 573 3734 644 ἁγιασμδν,

2193 659 2256 720 οὗ
2283 667 2456 738 χωρὶς
2491 666 2668 729 οὐδεὶς
2701 664 2892 734 ὄψεται
2921 663 3012 718 τὸν
3047 663 3272 734 Κύριον.
3309 682 3328 715 ι

2493 860 2666 915 ΣΜΒο.
2708 889 2775 902 -
2815 858 3114 930 ΕΥΤΟΝΙῼ
3152 857 3469 928 ΔῙΑΚΟΝῼ.

1606 961 1851 1032 Cogitare
1878 959 2040 1023 mala,
2081 958 2268 1012 nedum
2298 955 2492 1024 facere,
2521 956 2689 1023 nefas.

581 1070 815 1126 Maxime
843 1086 961 1140 qua:
990 1086 1092 1126 non
1122 1080 1334 1141 oportet
1363 1071 1563 1136 facere,
1591 1086 1657 1127 ne
1680 1073 1851 1142 cogita
1881 1071 2078 1124 facere.

511 1161 568 1216 Si
627 1176 754 1215 vero
791 1170 844 1216 te
882 1163 953 1216 ita
990 1160 1242 1216 affectum
1297 1170 1354 1215 et
1413 1161 1703 1230 fugientem
1763 1177 1868 1216 non
1929 1161 2089 1214 modo

510 1253 652 1320 quod
710 1268 894 1306 revera
945 1261 1100 1320 turpe
1149 1261 1252 1317 est,
1289 1251 1382 1304 sed
1412 1252 1574 1304 etiam
1605 1267 1670 1304 ex
1700 1250 1958 1318 opinione
1993 1251 2091 1303 ab-

510 1343 760 1407 surdum,
813 1342 1050 1396 nonnulli
1095 1343 1327 1410 quadam
1385 1341 1546 1395 veluti
1605 1342 1751 1396 rabie
1809 1341 2089 1409 impetant,

473 1440 478 1499 ξ
511 1447 732 1499 sineque
786 1433 1003 1486 invidia:
1035 1448 1128 1499 per
1153 1432 1526 1486 accusationes
1553 1431 1908 1495 velilicentur,
1950 1445 2016 1484 ne
2045 1439 2095 1483 te

514 1522 643 1576 illud
674 1532 946 1590 torqueat.
992 1523 1183 1578 Solent
1213 1524 1357 1578 enim
1395 1523 1638 1592 plerique
1688 1522 1883 1591 quibus
1917 1521 2095 1574 nullus

513 1627 695 1666 sermo
745 1615 916 1683 turpis
968 1615 1228 1678 indictus,
1264 1613 1464 1668 nullutn
1523 1614 1667 1668 factu
1713 1612 1966 1668 indecens
2012 1612 2094 1665 in-

513 1701 736 1768 fectum,
772 1709 1034 1774 ejusmodi
1072 1707 1324 1772 artificio,
1355 1722 1474 1777 qua:
1521 1707 1620 1777 ipsi
1674 1707 1898 1773 faciunt,
1933 1705 2089 1760 obte—

513 1809 642 1862 gere
673 1806 833 1866 atque
861 1812 1146 1851 exornare.

983 1902 1252 1958 CCXLI".
1290 1933 1361 1943 —
1395 1903 1625 1960 EIDEM.

2264 1067 2518 1121 Μάλιστα
2548 1069 2646 1136 μὲν
2671 1067 2706 1121 ἃ
2736 1066 2810 1138 μὴ
2836 1066 2918 1120 δεῖ
2940 1067 3138 1128 ποιεῖν,
3166 1064 3300 1136 μηδὲ
3318 1064 3542 1119 ὐπονοοῦ
3563 1067 3739 1123 ποιεῖν.

2196 1160 2260 1213 El
2305 1159 2349 1211 δ’
2387 1159 2532 1212 οὕτω
2577 1158 2906 1228 διακειμένῳ
2945 1156 3038 1209 καὶ
3069 1157 3325 1224 φεύγοντι
3383 1154 3457 1224 μὴ
3499 1154 3651 1223 μόνον
3693 1157 3747 1208 τδ

2197 1251 2318 1302 κατ’
2361 1248 2618 1320 ἀλήθειαν
2670 1248 2918 1316 αἰσχρὸν,
2967 1246 3103 1300 ἀλλὰ
3137 1245 3231 1299 καὶ
3268 1244 3330 1297 τὸ
3363 1247 3427 1298 ὲκ
3467 1244 3562 1312 τῆς
3607 1245 3744 1311 δόξης

2197 1342 2420 1404 ἄτοπον,
2457 1337 2786 1391 ἐπιλυττῶσί
2844 1353 3010 1401 τινες,
3055 1335 3150 1389 καὶ
3189 1335 3280 1388 τὸν
3332 1333 3525 1403 φθόνον
3563 1333 3746 1385 ἑαυτῶν

2197 1429 2563 1500 καιιηγορίαις
2618 1427 3014 1500 θεραπεύουσι,
3059 1426 3217 1480 τοῦτό
3277 1443 3338 1479 σε
3390 1425 3464 1496 μὴ
3508 1423 3738 1477 λυπείτω.

2201 1518 2442 1572 Εἱῶθασι
2471 1519 2580 1590 γὰρ
2603 1521 2652 1572 oi
2694 1518 2904 1582 πολλοὶ,
2935 1512 3017 1581 οἷς
3062 1516 3188 1571 οὔτε
3235 1517 3394 1586 λόγος
3423 1515 3638 1584 αἰσχρὸς
3665 1513 3746 1584 ἆῤ·

2199 1612 2386 1681 ρητος,
2413 1609 2538 1664 οὔτε
2570 1610 2732 1682 ἔργον
2755 1611 3002 1682 ἀπρεπὲς
3022 1609 3328 1682 ἄπρακτον,
3359 1606 3446 1662 διὰ
3477 1605 3668 1660 τούτων
3690 1603 3748 1656 τὰ

2203 1706 2327 1761 καθ’
2365 1703 2591 1766 ἑαυτοὺς
2628 1701 3020 1775 περιστέλλειν.

2661 1905 2838 1958 mm.
2884 1933 2952 1943 —
2987 1906 3076 1975 Τῼ
3101 1903 3304 1974 avre.

782 1990 1049 2045 Socordia:
1085 1996 1243 2046 etiam
1277 1994 1533 2063 facillima
1563 1993 1800 2064 di/ﬁcilia
1838 2005 1980 2050 sunt.
2028 1995 2224 2050 Virtuti
2248 2007 2432 2050 contra
2469 1995 2604 2050 nihil
2633 2001 2880 2048 arduum.
2911 1993 3147 2064 (Confer.
3170 1995 3330 2062 epist.
3352 1991 3503 2061 229.)

585 2095 765 2167 Ignavi
802 2113 865 2152 ac
894 2100 1152 2154 socordes
1183 2101 1346 2154 etiam
1381 2103 1448 2154 ad
1480 2101 1616 2156 levia
1651 2117 1716 2156 ac
1751 2102 1928 2158 facilia
1959 2102 2095 2158 difﬁ-

513 2191 644 2246 ciles
683 2206 802 2247 sese
851 2195 1121 2262 praebent;
1165 2196 1415 2264 generosi
1460 2205 1648 2249 contra
1689 2210 1752 2252 ac
1792 2195 1961 2252 fortes
1994 2198 2092 2252 viri

513 2296 583 2337 ne
633 2299 660 2336 ιι
697 2282 854 2337 valde
900 2285 1118 2352 quidem
1170 2284 1477 2342 dillicilibus
1514 2287 1824 2352 abhorrent,
1871 2288 1982 2344 imo
2027 2303 2093 2344 eo

514 2372 688 2440 magis
735 2372 1026 2437 inclinant,
1058 2375 1160 2428 rati
1202 2375 1490 2430 clariorem
1543 2387 1707 2448 atque
1739 2377 2092 2434 illustriorem

516 2460 630 2517 fore
669 2463 975 2531 victoriam,
1005 2465 1326 2537 laudemque
1357 2484 1420 2523 ac
1452 2469 1617 2524 decus
1660 2470 1817 2540 longe
1860 2470 2088 2540 majora.

965 2570 1238 2626 CCXLIV.
1281 2603 1350 2613 —
1380 2573 1606 2631 PAULO

2271 2107 2336 2157 Ui
2371 2103 2491 2156 λίαν
2547 2103 2779 2174 {saeuam
2831 2101 2925 2154 καὶ
2981 2101 3118 2172 πρὸς
3173 2100 3242 2154 τὰ
3281 2099 3456 2171 ῥᾴδια
3509 2096 3759 2161 δυσκόλως

2199 2195 2413 2265 ἔχουσιν
2430 2213 2446 2228 ο
2475 2197 2524 2247 oi
2549 2194 2607 2247 δὲ
2633 2196 2873 2261 γενναῖοι
2900 2193 2992 2246 καὶ
3029 2193 3288 2263 ἀνδρεῖοι,
3313 2191 3448 2245 οὐδὲ
3483 2191 3550 2243 τὰ
3576 2189 3760 2260 σφόδρα

2198 2284 2437 2356 δυσχερῆ
2468 2284 2804 2356 φρίττουσιν,
2830 2283 2968 2338 ἀλλὰ
2995 2283 3130 2355 πρὸς
3163 2282 3350 2336 ταῦτα
3386 2281 3613 2352 μάλιστα
3638 2281 3758 2334 ἁπο-

2197 2377 2438 2433 δύονται.
2483 2377 2950 2446 Ἐπιφανεστέραν
2984 2375 3095 2444 γὰρ
3124 2377 3217 2429 καὶ
3246 2372 3639 2445 λαμπροτέραν
3671 2371 3758 2442 τὴν

2199 2469 2356 2540 νίκην
2379 2468 2603 2524 ἔσεσθαι
2637 2468 3004 2541 προσδοκῶσι,
3036 2467 3208 2522 καὶτὸ
3237 2467 3407 2531 κλέος
3429 2464 3759 2536 ἐνδοξότερον.

2705 2579 2880 2634 ΣΜΔν.
2917 2608 2988 2620 -
3022 2577 3277 2648 ΠΑΥΔῼ.

519 2674 592 2731 De
623 2676 736 2731 vita:
760 2677 1001 2732 humanae
1050 2680 1312 2736 brevitate.
1350 2680 1561 2735 Fabula
1589 2693 1635 2736 et
1679 2683 1862 2737 umbra
1912 2695 2026 2738 est:
2059 2686 2242 2755 futura
2283 2697 2462 2742 autem
2505 2696 2707 2742 aeterna
2736 2697 2832 2742 est.
2888 2685 3104 2756 (Confer
3130 2701 3246 2751 sup.
3283 2685 3448 2754 epist.
3485 2682 3602 2747 162,
3627 2679 3762 2752 l0'l.)

584 2767 724 2820 Nihil
779 2769 891 2822 haec
940 2769 1051 2822 vita
1085 2770 1264 2824 differt
1299 2786 1326 2823 a
1360 2787 1568 2825 scena:
1624 2773 1751 2826 nihil
1801 2776 1944 2826 enim
1998 2777 2092 2826 tir-

515 2871 687 2920 mum,
750 2858 882 2911 nihil
941 2859 1157 2927 stabile,
1210 2871 1467 2916 c0nstans
1531 2861 1664 2915 nihil
1713 2874 1806 2915 aut
1862 2864 2091 2917 solidum

516 2945 787 3013 fixumque
843 2948 1086 3001 continet
1131 2965 1145 3000 :
1195 2946 1392 3002 Umbra
1430 2959 1547 3001 sunt
1579 2951 1765 3003 etenim
1819 2967 1898 3005 res
1955 2968 2098 3005 mor-

515 3035 726 3100 talium,
757 3036 834 3089 ait
861 3039 1150 3092 commdia.
1182 3039 1388 3106 Quibus
1412 3041 1589 3093 verbis
1620 3042 1804 3095 nescio
1829 3045 2097 3108 quomodo

515 3136 705 3194 captus
748 3129 939 3182 comici
980 3129 1186 3184 dictum
1224 3132 1350 3184 illud
1405 3131 1648 3184 admiror
1677 3149 1694 3184 :
1743 3148 1866 3186 nam
1900 3134 1954 3187 in
1992 3133 2096 3188 hac
2124 3123 2166 3182 C

515 3214 625 3268 vita
672 3215 809 3269 bona
871 3218 1118 3288 malaque
1175 3220 1326 3290 juxta
1371 3237 1526 3274 suum
1576 3223 1874 3276 sortiuntur
1909 3224 2090 3290 finem,

515 3305 676 3374 idque
710 3308 992 3362 citissime.
1023 3308 1078 3362 Io
1125 3312 1278 3366 caelis
1328 3326 1454 3365 vero
1495 3321 1722 3380 utraque
1753 3314 1805 3366 in
1831 3323 2092 3368 aeternam

517 3399 887 3465 producuntur
915 3400 1101 3452 vitam.

708 3504 954 3562 CCXLV.
981 3539 1048 3548 —
1080 3507 1373 3564 O-PHELIO
1408 3508 1884 3566 GllAMMATlCO.

2273 2775 2490 2845 Σκηνῆς
2550 2775 2726 2838 οὐδὲν,
2783 2767 2827 2827 ὧ
2867 2773 3132 2842 βέλτιστε,
3173 2773 3201 2824 ὁ
3265 2771 3468 2842 παρὼν
3518 2769 3764 2838 διενήνοχε

2205 2868 2339 2938 βίος,
2371 2867 2522 2921 οὐδὲν
2573 2866 2810 2937 βέϐαιον,
2839 2865 2873 2935 ἢ
2919 2863 3227 2935 μόνιμον,ἢ
3261 2864 3550 2935 σταθερὸν,
3597 2862 3628 2932 ἢ
3673 2861 3766 2914 πά-

2203 2977 2322 3027 γιον
2371 2959 2530 3029 έχων.
2578 2957 2727 3012 Σκιὰ
2764 2957 2873 3027 γὰρ
2913 2955 2985 3009 τὰ
3025 2956 3288 3022 θνητῶν,
3363 2955 3508 3023 λέγει
3545 2956 3576 3023 ἡ
3627 2969 3764 3021 κωμι-

2205 3050 2336 3120 ῳδία
2365 3049 2502 3121 (6ο).
2523 3044 2616 3112 Οἷς
2648 3049 2750 3102 οὐκ
2773 3042 2871 3099 οἷδ’
2895 3047 3042 3107 ὅπως
3066 3043 3260 3106 ἑάλως,
3283 3045 3473 3098 καίτοι
3501 3043 3587 3096 τὸν
3607 3058 3768 3112 κωμι-

2201 3140 2294 3192 κὸν
2318 3137 2639 3209 θαυμάζων.
2683 3135 2950 3191 Ἐνταῦθα
2982 3135 3082 3206 μὲν
3108 3133 3216 3204 γὰρ
3242 3133 3352 3187 καὶ.
3391 3133 3457 3188 τὰ
3489 3132 3660 3202 ἀγαθὰ
3683 3128 3767 3183 καὶ

2199 3230 2268 3282 τὰ
2301 3229 2512 3300 χαλεπὰ
2545 3227 2718 3299 πέρας
2753 3226 2890 3296 ἔχει,
2943 3224 3220 3279 καὶτοῦτο
3249 3225 3544 3296 τάχιστον·
3577 3226 3684 3278 ἐκεῖ
3715 3220 3765 3274 δὲ

2200 3319 2489 3381 ἀθανάτοις
2517 3318 2804 3390 ἀμφότερα
2831 3317 3246 3388 παρεκτείνεται
3278 3319 3505 3371 αἰῶσιν.

2446 3515 2621 3570 ΣΜΕ’.
2665 3546 2734 3557 -
2774 3515 3018 3586 ΩΦΕΛΙῼ
3046 3515 3540 3584 ΓΡΑΜΜΛΤΙΚῼ.

1569 3601 1719 3655 Ridet
1756 3619 1919 3673 nugas
1964 3604 2204 3675 rarasque
2244 3605 2741 3660 Grammaticorum.

586 3708 864 3778 Frigidum
923 3709 1094 3775 quid,
1142 3710 1242 3763 etsi
1302 3710 1685 3763 vocabulorum
1735 3713 2094 3767 sectatoribus

517 3801 675 3854 aliter
715 3801 979 3864 videatur,
1010 3801 1232 3854 vocibus
1265 3801 1516 3868 ineptire,
1558 3817 1620 3857 ac
1658 3804 1722 3856 de
1753 3805 1837 3856 his
1868 3814 2094 3857 c0ttten-

517 3893 667 3945 dere.
701 3891 766 3943 Et
809 3891 1068 3958 quOniam
1117 3893 1363 3960 ingentes
1419 3893 1647 3961 spiritus
1701 3903 1879 3963 gestas
1939 3896 2091 3962 quasi

518 3993 774 4038 accurate
801 3983 1116 4047 instructus,
1145 3998 1324 4053 operae
1353 3985 1587 4052 pretium
1623 3985 1861 4040 facturus
1888 3988 2092 4053 videar,

511 4076 564 4128 si
601 4075 878 4129 retundatn
909 4079 1046 4129 hanc
1093 4076 1168 4128 tui
1231 4078 1657 4144 persuasionem.
1715 4080 2095 4150 Πρεσϐύτατος

515 4168 610 4220 καὶ
639 4167 925 4231 νεώτατος,
962 4169 1027 4222 de
1053 4169 1265 4224 duobus
1299 4171 1402 4224 dici
1437 4181 1582 4225 recte
1623 4172 1882 4228 fratribus
1915 4184 2094 4242 negat,

516 4260 611 4312 sed
658 4270 712 4312 et
755 4260 821 4312 de
855 4260 1117 4327 pluribus.
1159 4263 1229 4316 De
1269 4262 1476 4317 duobus
1522 4277 1648 4316 vero
1683 4265 1976 4329 seniorem,
2005 4266 2095 4332 ju-

2272 3715 2496 3785 Ψυχρὸν
2523 3713 2621 3782 μέν
2647 3714 2784 3774 ἐστι,
2808 3710 2858 3763 ei
2899 3712 2994 3764 καὶ
3022 3711 3096 3782 μὴ
3122 3713 3233 3773 τοῖς
3266 3710 3457 3782 λεξιθὴ
3465 3729 3528 3781 ρα
3541 3727 3585 3773 ις
3615 3709 3762 3772 δοκεῖ,

2202 3809 2261 3861 τὸ
2294 3806 2698 3877 σμικρολογεῖν,
2751 3804 2848 3858 καὶ
2901 3804 3030 3873 περ)⁵
3067 3802 3327 3855 τοιούτων
3387 3801 3653 3855 ποιεῖσθαι
3679 3799 3765 3869 τὴν

2203 3898 2456 3968 ἅμιλλαν.
2488 3895 2828 3964 Ἀλλ’ὲπειδὴ
2859 3895 2999 3964 μέγα
3025 3896 3243 3964 φρονεῖς
3265 3895 3361 3946 ἐπὶ
3378 3894 3457 3964 τῷ
3478 3894 3544 3946 τὰ
3563 3891 3766 3945 τοιαῦτα

2202 3988 2448 4059 ἀκριϐῶς
2474 3985 2691 4048 εἰδέναι,
2719 3986 2818 4038 οὐκ
2852 3985 3052 4037 ἄτοπον
3086 3980 3225 4038 εἷναί
3259 4002 3351 4054 μοι
3376 3985 3626 4053 φαίνεται
3655 3981 3767 4035 σϐέ-

2203 4100 2294 4134 σαι
2328 4099 2421 4133 σου
2459 4080 2519 4132 τὸ
2551 4079 2643 4131 ἐπὶ
2673 4079 2885 4138 τούτοις
2918 4077 3193 4146 φρόνημα.
3237 4077 3297 4128 '0
3335 4077 3448 4146 γὰρ
3473 4074 3768 4145 πρεσϐύτα-

2201 4190 2292 4236 τος
2319 4174 2411 4225 καὶ
2437 4173 2464 4224 ὁ
2489 4170 2777 4232 νεώτατος,
2808 4169 2904 4220 οὐκ
2941 4168 3033 4220 ἐπὶ
3073 4169 3220 4222 δυοῖν
3245 4169 3522 4237 ἀδελφοῖν,
3554 4168 3625 4228 ῶς
3653 4165 3765 4234 φὴς.

2204 4263 2319 4316 ἀλλ’
2359 4265 2454 4314 ἐπὶ
2491 4261 2701 4314 πολλῶν
2722 4261 2964 4329 λέγεται.
3009 4261 3130 4312 Ἐπὶ
3157 4261 3302 4313 δυοῖν
3331 4262 3462 4330 γὰρ,
3489 4263 3517 4313 ό
3546 4255 3770 4329 πρεσϐύ-

523 4352 874 4419 nioretnque,
905 4353 1006 4404 nisi
1038 4356 1260 4406 accedat
1303 4354 1514 4408 tertius.
1555 4354 1708 4420 Quod
1763 4356 1806 4409 si
1839 4358 2082 4422 accedat,

2199 4371 2356 4423 τερος
2384 4353 2479 4406 καὶ
2513 4354 2539 4405 ὁ
2569 4352 2858 4422 νεώτερος,
2896 4352 2970 4413 ὡς
3001 4350 3176 4403 ἄλλων
3216 4349 3316 4402 οὐκ
3345 4351 3521 4404 ὄντων
3565 4350 3733 4428 μέσων
3753 4359 3765 4374 ·

517 4451 642 4496 tunc
677 4443 958 4498 iuteusivis
987 4445 1242 4498 utendum
1271 4445 1653 4512 superlationis
1679 4447 1919 4501 vocibus.

569 4638 734 4712 634
759 4670 828 4682 —-
857 4639 1127 4695 CCXLVI.
1155 4671 1226 4682 —
1254 4642 1504 4698 ZOSIMO
1560 4643 2037 4701 PRESBYTERO.

2204 4445 2334 4498 εἰδὲ
2383 4442 2512 4509 εἷεν,
2569 4447 2682 4506 τοῖς
2733 4445 3067 4504 ὲπιτατικοῖς
3111 4442 3340 4510 ὀνόμασι
3400 4443 3528 4504 τοὺς
3585 4442 3770 4509 ἄκρους

2200 4538 2446 4608 κλητέον,

2450 4645 2643 4712 ΣΜΕΓ.
2678 4672 2743 4683 -
2771 4645 3019 4715 ΖΩΣΙΜῼ
3060 4643 3535 4714 ΠΡΕΣΒΥΤΕΡῼ.

1729 4733 2062 4788 Calumniari
2099 4746 2352 4801 mortuos,
2384 4735 2550 4802 nefas.

594 4825 756 4878 Valde
811 4840 1002 4879 omnes
1052 4826 1320 4880 mirantur
1361 4841 1423 4880 ac
1466 4837 1804 4897 stupescunt,
1833 4845 1933 4882 cur
1993 4845 2100 4883 non

596 4994 641 5028 "
676 4997 872 5068 Ephes.
904 5014 958 5065 ν,
982 4998 1036 5053 3.
1113 4999 1156 5030 “
1190 4998 1353 5054 Hebr.
1399 5017 1476 5063 ιι,
1513 4999 1599 5054 14.

2285 4830 2492 4894 Πάντες
2516 4829 2710 4901 κομιδῇ
2737 4829 3077 4900 θαυμάζουσι
3105 4829 3199 4883 καὶ
3217 4828 3635 4898 ἐκπλήττονται,
3667 4823 3774 4883 πῶς

1595 5151 1824 5207 V’ABIAZ
1864 5150 2258 5206 LECTIONES
2290 5151 2377 5206 ET
2411 5153 2642 5208 NOTAE.

587 5309 696 5374 (66)
759 5309 827 5360 Ἠ
872 5306 1159 5376 κωμῳδία.
1207 5305 1261 5359 In
1324 5308 1583 5376 tragmdia
1637 5308 1777 5361 idem
1842 5306 1980 5359 dixit
2035 5306 2085 5358 in

516 5379 676 5448 Ajace
701 5375 1527 5448 Lorario‘Sophoglesietapud
1558 5379 1827 5448 Stolnnunt
1859 5376 2088 5448 [Eschy-

518 5443 620 5509 liis,
661 5459 820 5512 atque
850 5447 903 5501 in
929 5443 1216 5499 Ριυιεσὶιιιο
1255 5443 1436 5511 Enrip.
1470 5447 1608 5508 apud
1642 5447 1888 5497 etnndem
1921 5464 1933 5498 :
1965 5446 2092 5496 ’Λν-

2201 5308 2335 5382 Ῐιϋθ
2372 5309 2676 5382 Cluiliasten
2711 5312 2941 5382 adagio:
2977 5310 3146 5365 Ilomo
3192 5313 3352 5375 bulla,
3390 5321 3458 5382 eti
3486 5307 3794 5382 illoratittm'

2199 5377 2292 5430 lib.
2320 5395 2392 5441 tv,
2421 5380 2521 5431 oda
2545 5379 2608 5430 τε
2641 5377 2893 5435 Ριιίιῆἐρι
2917 5385 3098 5433 umbra
3121 5398 3335 5436 simius:
3359 5390 3417 5434 ut
3438 5381 3698 5432 Pindarus
3717 5377 3764 5427 in

2197 5445 2519 5515 l’ytltiouicis
2537 5467 2555 5504 :
2590 5448 2801 5502 Umbrw
2833 5451 3114 5511 somnium,
3132 5453 3230 5503 oda
3256 5455 3286 5505 8
3309 5465 3552 5504 extrema
3581 5463 3593 5508 ;
3617 5446 3767 5515 σκιᾶς

518 5515 730 5587 θρωπός
758 5519 873 5568 ὲστι
899 5515 1116 5584 πνεῦμα
1159 5516 1253 5566 κα)⁸
1296 5515 1420 5566 σκιὰ
1451 5513 1630 5587 μόνον.
1660 5514 1912 5587 Comicus
1952 5514 2090 5566 forte

2199 5513 2324 5584 5νάρ
2364 5517 2647 5587 ἄνθρωπος
2668 5537 2679 5549 ·
2707 5521 2840 5587 etin
2868 5518 3216 5573 Nemeonicis.
3242 5521 3297 5574 In
3317 5520 3492 5573 sacris
3511 5529 3634 5568 vero
3660 5513 3766 5587 μι-

517 5586 710 5659 (mleque
740 5600 881 5659 enim
914 5596 1085 5649 poeta:
1114 5598 1306 5635 nomen
1347 5584 1548 5651 attulit)
1597 5586 1734 5650 apud
1768 5584 2088 5637 Athenarum
2191 5587 2318 5659 teris
2362 5584 2540 5659 homo,
2575 5588 2730 5659 cinis,
2757 5586 2955 5656 fenum,
2999 5591 3120 5659 flos,
3150 5601 3311 5659 atque
3344 5589 3502 5641 divus
3537 5585 3763 5659 lacubus

517 5652 608 5705 lib.
637 5671 656 5701 ι
671 5669 725 5704 ιιι
759 5656 1036 5706 Δειπνοσ.

661 5745 728 5795 Τὸ
752 5741 946 5808 μηδέν
973 5743 1104 5795 ἐστι
1134 5738 1233 5792 και
1259 5743 1403 5794 σκιὰ
1432 5739 1584 5794 κατὰ
1615 5739 1851 5806 χθονός.

2189 5657 2314 5777 git:
2367 5652 2544 5723 Vapor
2600 5658 2668 5712 ad
2719 5652 3239 5714 modicum'durans'
3293 5659 3394 5714 vita
3440 5653 3758 5709 mortalium.

2232 5738 2430 5777 cuorr.

2232 5738 2430 5777 CHOTT.
