4070 6376
536 281 672 345 1483

1737 276 1798 336 S.
1838 274 2133 336 ISIDORI
2170 275 2610 339 PELUSIOTr‘E

3636 300 3758 368 1481

528 394 660 448 dent
698 408 711 444 :
754 390 845 460 qui
887 393 1052 447 verbo
1108 400 1159 447 et
1227 388 1599 445 admonitione
1657 387 1911 454 suadent,
1970 395 2030 463 ut
2082 401 2114 441 a

2219 404 2399 441 κασιν·
2432 390 2482 441 οί
2528 388 2674 460 λόγῳ
2721 390 2813 445 καὶ
2852 395 3171 465 παραινέσει
3213 399 3533 472 πειρώμενοι
3575 408 3761 465 πείθειν

528 482 678 538 vitiis
730 480 854 551 quis
908 481 1198 546 abstineat,
1248 480 1372 535 idne
1425 479 1824 550 persuadeant?
1870 478 1962 534 Vel
2000 492 2110 533 non

529 573 917 645 persuadentes
958 573 1011 627 in
1046 572 1253 627 crimen
1286 571 1595 642 ,vocentur?
1625 578 1679 625 et
1708 570 2020 641 quomodo?
2053 569 2109 626 Si

526 680 659 722 vero
722 664 1178 735 patrocinandum
1234 662 1639 735 legislatoribus
1701 671 1809 728 est,
1861 662 2112 732 equidem

528 772 781 814 censeam
833 756 1220 827 suppliciorum
1266 757 1591 826 gravitatem
1641 769 1734 810 eos
1786 768 2109 825 proponere,

529 866 635 906 non
663 849 816 920 quasi
850 846 1145 903 humanum
1193 862 1366 916 genus
1411 846 1644 903 invisum
1698 847 1981 913 ducentes,
2016 848 2111 902 sed

530 956 785 1017 tanquam
814 944 932 1015 ejus
983 960 1171 1000 curant
1216 944 1497 999 habentes.
1537 944 1593 998 ld
1636 943 1781 999 enim
1806 944 1912 997 illis
1942 943 2111 1012 potis-

526 1038 723 1094 simum
776 1037 955 1093 studio
1013 1044 1119 1101 est,
1172 1037 1520 1106 persuadere,
1565 1049 1634 1091 ne
1683 1035 1925 1106 improbe
1980 1036 2109 1105 quid

525 1110 737 1197 agatur.
766 1125 931 1182 Poena
974 1141 1104 1181 vero
1145 1125 1527 1182 secundarium
1566 1124 1692 1193 quid
1745 1134 1851 1188 est,
1900 1133 1954 1179 et
2001 1138 2107 1178 non

525 1216 900 1283 obedieptibus
932 1216 1253 1287 praestituta.
1282 1214 1471 1286 Neque
1508 1215 1651 1268 enim
1706 1212 1810 1268 illis
1864 1211 2110 1282 proposi~

528 1321 663 1376 tum,
696 1320 757 1364 ut
787 1309 939 1364 multi
979 1309 1090 1364 sint
1126 1316 1359 1378 nequam
1411 1316 1465 1360 et
1514 1305 1773 1376 improbi,
1809 1305 1901 1374 qui
1930 1302 2107 1373 puniri

521 1404 756 1459 debeant
799 1421 815 1457 :
864 1402 973 1456 imo
1025 1409 1218 1456 contra
1263 1398 1403 1466 frugi
1448 1411 1639 1453 omnes
1676 1410 1799 1452 esse
1833 1397 2109 1466 bonosque

521 1497 726 1564 volunt,
773 1495 1030 1566 nullaque
1079 1509 1213 1564 opus
1253 1507 1376 1549 esse
1430 1490 1620 1546 multa.
1655 1490 1747 1545 Sic
1788 1488 1864 1543 illi
1894 1487 2108 1558 legisla-

524 1599 668 1645 tores
701 1586 917 1656 quidem
969 1593 1173 1641 terrent
1200 1603 1214 1640 :
1245 1582 1473 1652 improbi
1508 1595 1639 1636 vero
1683 1580 1958 1650 peccando
1986 1594 2104 1633 eam

521 1674 742 1740 laedunt,
788 1688 963 1745 neque
1012 1683 1224 1743 tempus
1281 1670 1448 1727 ullum
1499 1686 1528 1725 a
1580 1669 1798 1740 ﬂagitiis
1854 1683 2104 1735 vacuum,

2214 480 2413 544 κακίας
2444 480 2767 550 ἀπέχεσθαι,
2812 484 3031 551 πάντως
3059 488 3374 557 πείσουσινς
3405 491 3436 563 ἢ
3464 493 3536 564 μὴ
3561 497 3762 554 πείσαν-

2211 587 2301 635 τες
2335 571 2797 644 ἐγκληθήσονταις
2834 575 2929 630 καὶ
2957 577 3077 642 πῶς
3113 578 3224 651 (68)
3253 581 3352 635 οὐκ
3379 581 3598 654 εὖηθες;
3632 589 3689 642 Ei
3712 592 3764 646 δὲ

2212 664 2319 736 χρὴ
2349 664 2444 718 καὶ
2476 664 2658 719 αὐτῶν
2687 665 2795 723 τῶν
2822 669 3132 740 νομοθετῶν
3164 673 3759 749 ὑπεραπολογήσασθαι,

2213 756 2380 826 φαίην
2404 755 2469 809 ἂν
2489 797 2503 823 ,
2532 757 2613 810 ὅτι
2635 758 2705 811 τὰ
2740 760 2944 832 μεγέθη
2976 761 3085 816 τῶν
3106 762 3385 835 τιμωριῶν
3408 766 3763 823 τετυπώκασιν

2211 846 2310 917 οὐχ
2338 845 2414 910 ὡς
2443 848 2849 922 μισάνθρωποι,
2881 852 2997 907 ἀλλ’
3029 852 3105 919 ὡς
3135 854 3430 926 κηδεμόνες
3454 854 3544 911 τοῦ
3572 860 3761 928 γένους.

2213 936 2362 1009 Αὕτη
2390 939 2498 1011 γάρ
2532 939 2779 1012 αὐτοῖςή
2831 943 3077 1015 σπουδὴ,
3126 947 3311 999 πεῖσαι
3369 948 3443 1018 μὴ
3494 951 3769 1021 πονηρεύε-

2213 1029 2372 1083 σθαι’
2407 1030 2468 1083 τὸ
2499 1030 2556 1084 δὲ
2596 1032 2696 1103 τῆς
2737 1035 3038 1107 τιμωρίας,
3068 1036 3320 1108 δεύτερόν
3361 1055 3414 1093 τι
3452 1039 3543 1094 καὶ
3580 1044 3685 1106 τοϊς
3712 1046 3766 1098 οὐ

2212 1123 2555 1196 πειθομένοις
2599 1124 2943 1198 ὁριζόμενον·
2987 1129 3048 1183 ού
3092 1130 3202 1203 γὰρ
3241 1129 3386 1185 τοῦτ’
3428 1131 3764 1201 ἐσπούδασαν,

2210 1210 2347 1270 εἶναί
2383 1235 2442 1269 τε
2465 1217 2693 1283 πολλοὺς
2723 1222 3012 1292 πονηροὺς,
3041 1224 3135 1275 καὶ
3161 1220 3507 1288 κολάζεσθαι·
3543 1225 3602 1279 τὸ
3632 1227 3766 1282 ἐναν-

2208 1308 2322 1362 τίον
2349 1308 2428 1375 δὲ,
2465 1310 2676 1375 πάντας
2706 1308 2844 1366 εἶναι
2873 1315 3144 1385 χρηστοὺς
3174 1315 3272 1368 καὶ
3303 1314 3568 1386 μηδεμιᾶς
3600 1319 3767 1387 χρείαν

2209 1395 2349 1455 εἶναι
2379 1401 2605 1473 ζημίας.
2662 1403 2803 1457 Ἀλλ’
2836 1406 2883 1459 οἱ
2937 1406 3035 1476 μὲν
3066 1406 3345 1474 φοϐοῦσιν,
3388 1409 3437 1461 οἱ
3476 1407 3533 1460 δὲ
3566 1412 3765 1480 πονηροὶ

2209 1493 2595 1564 κακουργοῦσι.
2622 1495 2828 1565 Χρόνος
2852 1496 2909 1550 δὲ
2930 1498 3106 1560 οὐδεὶς
3129 1497 3369 1569 καθαρὸς
3400 1497 3592 1562 κακίας
3614 1540 3628 1565 ,
3650 1499 3764 1553 ἀλλὰ

2209 1582 2379 1639 πολλὰ
2411 1586 2506 1639 καὶ
2541 1587 2858 1641 παντοδαπὰ
2892 1588 3214 1653 ἐπιπολάζει
3246 1589 3531 1660 νοσήματα
3553 1629 3570 1655 ,
3596 1589 3658 1642 δι’
3703 1583 3766 1643 ὧν

2206 1673 2510 1728 δεικνύουσι
2541 1677 2618 1745 μὴ
2645 1676 2929 1732 πείθεσθαι
2958 1677 3071 1749 (69)
3104 1680 3218 1743 τοῖς
3244 1678 3458 1749 νόμοις.
3486 1678 3652 1734 Ὅταν
3674 1681 3767 1752 γάρ

521 1766 615 1823 sed
636 1765 810 1820 multa
843 1765 1105 1833 variaque
1132 1764 1185 1818 in
1217 1763 1335 1819 dies
1361 1770 1649 1832 emergunt
1678 1761 1835 1823 rnala,
1870 1775 1991 1830 quae
2018 1774 2105 1815 res

2210 1782 2292 1828 τις
2324 1765 2480 1837 δίκην
2512 1767 2621 1839 δῷ,
2661 1768 2798 1839 ὁμοῦ
2844 1785 2904 1821 τε
2938 1769 3299 1834 κεκόλασται,
3353 1770 3449 1824 καὶ
3493 1771 3553 1824 τὸ
3585 1771 3655 1842 μὴ
3683 1789 3770 1825 πε-

519 1857 700 1929 arguit
734 1856 946 1924 legibus
979 1870 1084 1910 non
1117 1854 1347 1910 obediri.
1385 1852 1517 1909 Cum
1550 1852 1675 1921 quis
1705 1852 1887 1922 itaque
1917 1865 2106 1922 poenas

511 1950 631 2015 dat,
662 1948 824 2004 simul
868 1947 1187 2019 castigatur,
1214 1954 1270 2002 et
1299 1960 1358 2002 se
1387 1945 1684 2017 legislatori
1725 1959 1831 2000 non
1856 1944 2106 2016 paruisse

518 2039 780 2096 ostendit.
810 2036 1074 2106 Quinimo
1127 2036 1227 2107 ipsi
1281 2022 1618 2107 legislatures
1668 2049 1773 2091 non
1827 2035 2100 2104 ignorant,

516 2145 627 2185 non
663 2129 991 2201 persuadere
1020 2141 1078 2184 se
1099 2127 1374 2193 omnibus,
1399 2136 1456 2182 ut
1486 2126 1596 2182 sint
1644 2128 1791 2183 boni.
1823 2127 2101 2198 Supplicia

519 2224 718 2278 etenim
750 2222 1167 2293 praescribentes
1207 2231 1409 2276 norunt
1438 2221 1605 2292 probe
1639 2236 1747 2276 non
1778 2236 1966 2277 omnes
2001 2223 2098 2277 ba-

521 2315 730 2369 bituros
761 2312 905 2368 dicto
941 2311 1225 2368 audientes
1251 2310 1527 2382 acjustos.
1563 2310 1775 2366 Suntne
1814 2312 2001 2382 itaque
2030 2313 2096 2366 il-

514 2404 692 2458 iorum
743 2402 962 2459 hostes?
988 2402 1208 2457 Minime
1230 2416 1384 2470 vero,
1416 2404 1512 2457 sed
1540 2403 1904 2457 meminerunt
1932 2405 2096 2475 legis-

507 2493 719 2547 vlatores
772 2507 831 2547 se
876 2504 1001 2547 esse
1039 2502 1095 2545 et
1131 2490 1411 2562 praedicari
1457 2509 1471 2546 :
1525 2492 1754 2561 improbi
1802 2506 1930 2546 vero
1961 2493 2099 2548 male

506 2582 817 2639 multantur
849 2596 914 2638 ac
956 2582 1285 2654 plectuntur.
1325 2583 1525 2639 Eadem
1580 2593 1666 2639 est
1706 2584 1848 2639 ratio
1908 2586 2097 2641 admo-

512 2675 780 2742 nentium,
823 2675 1038 2746 quando
1090 2674 1194 2729 illis
1238 2690 1342 2730 non
1388 2686 1628 2745 paretur.
1679 2674 1794 2729 Non
1848 2677 1991 2731 enim
2032 2692 2098 2732 eo

515 2766 658 2836 quod
690 2766 957 2823 Eusebius
984 2775 1038 2821 et
1083 2765 1460 2834 Martinianus,
1507 2766 1757 2822 Zosimus
1802 2775 1856 2821 et
1911 2767 2096 2822 Maron

520 2857 710 2913 morbo
770 2858 1154 2914 immedicabili
1221 2859 1491 2924 laborant,
1557 2859 1702 2914 dicto
1768 2868 1948 2913 tamen
2000 2876 2100 2915 au-

517 2948 734 3003 dientes
797 2965 906 3004 non
966 2959 1114 3016 sunt,
1167 2965 1344 3020 neque
1389 2948 1594 3005 iaciunt
1629 2949 1773 3019 quod
1816 2949 2100 3019 jubentur,

2209 1856 2433 1911 πεῖσθαι
2462 1862 2573 1923 τοῖς
2601 1860 2921 1931 νομοθέταις
2949 1860 3211 1916 δείκνυσι.
3241 1861 3461 1916 Μᾶλλον
3481 1862 3537 1915 δὲ
3562 1862 3704 1917 αὐτοὶ
3724 1865 3768 1916 οἱ

2208 1949 2499 2019 νομοθέται
2549 1951 2625 2015 ὼς
2675 1952 2737 2004 οὐ
2785 1952 3034 2005 πείσουσι
3086 1952 3298 2017 πάντας
3349 1948 3489 2008 εἶναι
3521 1952 3768 2023 ἀγαθοὺς.

2210 2041 2408 2095 ῐσασιν·
2441 2045 2492 2096 οἱ
2543 2043 2654 2115 γὰρ
2687 2043 2963 2115 ὁρίζοντες
2995 2044 3094 2109 τὰς
3121 2046 3395 2118 τιμωρίας
3419 2088 3432 2112 ,
3461 2046 3535 2111 ὡς
3560 2047 3618 2100 οὐ
3649 2046 3770 2101 καθ-

2206 2131 2388 2198 έξουσι
2421 2135 2549 2197 τοὺς
2589 2137 2862 2206 πονηροὺς
2883 2176 2899 2203 ,
2926 2136 3075 2206 δῆλοί
3116 2139 3254 2191 εἰσιν
3285 2137 3506 2203 εἰδότες.
3532 2133 3651 2210 Ἀρ*
3688 2132 3774 2192 οὖν

2203 2225 2435 2280 ἐναντίοι
2467 2226 2642 2292 εἰσίν;
2676 2228 2751 2281 Οὐ
2782 2229 2979 2299 δήπου.
3026 2228 3167 2281 Ἀλλ’
3206 2230 3317 2283 οὐδ’
3353 2229 3644 2284 ἀπόλλυται
3685 2230 3774 2284 αὕ-

2200 2319 2315 2381 τοϊς
2347 2316 2409 2371 τὸ
2442 2318 2738 2388 νομοθέτας
2782 2315 2939 2373 εἶναι.
2992 2318 3133 2372 Ἀλλ’
3161 2320 3374 2373 ἐκεῖνοι
3410 2318 3509 2391 μὲν
3545 2318 3774 2391 ᾅδονται,

2203 2410 2252 2463 οἱ
2300 2408 2357 2463 δὲ
2404 2409 2842 2481 κακουργοῦντες
2893 2409 3233 2474 κακίζονται.
3292 2410 3366 2463 ’Θ
3416 2410 3577 2472 αὐτὸς
3618 2409 3777 2462 τοίνυν

2205 2500 2362 2570 λόγος
2383 2500 2522 2554 ἔστω
2551 2502 2646 2555 καὶ
2668 2503 2797 2573 περὶ
2824 2501 2933 2556 τῶν
2956 2501 3399 2574 παραινούντων,
3432 2500 3506 2573 μὴ
3530 2501 3778 2556 ἀνυόντων

2199 2592 2279 2648 δέ·
2311 2594 2373 2646 οὐ
2402 2593 2512 2665 γὰρ
2540 2594 2589 2647 εί
2618 2593 2878 2657 Εὑσέδιός
2898 2609 2958 2646 τε
2992 2593 3086 2647 καὶ
3116 2592 3518 2664 Μαρτιψιανὸς,
3551 2589 3777 2661 Ζώσιμός

2200 2701 2262 2739 τε
2302 2684 2399 2739 καὶ
2433 2684 2641 2756 Μάρων
2693 2685 2981 2756 κρείττονα
3025 2684 3325 2756 θεραπείας
3373 2682 3585 2738 νοσοῦσι
3619 2680 3776 2746 νόσον,

2203 2775 2306 2847 ἠδη
2339 2778 2451 2841 τοῖς
2487 2777 2849 2848 παραινέσασι
2873 2778 2992 2848 μὲν,
3024 2776 3099 2848 μὴ
3126 2775 3374 2831 άνύσασι
3399 2775 3455 2829 δὲ
3485 2772 3773 2846 ἐγκλητέον·

2203 2866 2341 2920 ἀλλὰ
2390 2867 2613 2932 τούτους
2665 2869 2765 2939 μὲν
2804 2867 3152 2933 ἀποδεκτέον,
3195 2867 3454 2932 ἐκείνους
3504 2866 3561 2921 δὲ
3597 2864 3779 2931 είςτὸ⁶

2208 2956 2345 3029 μηδὲ
2374 2958 2671 3028 θεραπείαν
2701 2958 3060 3030 προϊεμένους
3089 2957 3313 3013 ὠστέον.

515 3044 806 3099 accusandi
859 3044 1113 3101 videntur
1154 3042 1253 3110 illi,
1304 3045 1397 3116 qui
1440 3044 1809 3100 admonitione
1878 3058 1980 3100 non
2040 3052 2453 3117 persuaserim;
2513 3053 2758 3124 quinimo
2803 3052 3056 3138 laudandi
3103 3062 3231 3108 sunt
3307 3052 3453 3112 isti:
3513 3052 3589 3108 illi
3639 3065 3758 3106 vero

513 3134 605 3207 qui
640 3135 960 3193 medicinam
996 3151 1104 3193 non
1127 3136 1465 3200 admiserint,
1491 3133 1740 3189 feriendi.

1032 3245 1206 3303 CCLI.
1231 3276 1302 3286 —
1331 3243 1563 3301 EIDEM.

2669 3249 2841 3305 ENA’.
2876 3280 2947 3290 —
2978 3250 3065 3322 Te
3100 3249 3307 3321 ΑΥΤῼ.

1042 3338 1179 3395 Cum
1201 3336 1485 3392 humilibus
1513 3345 1564 3392 et
1597 3338 1833 3409 superbis
1866 3356 1969 3395 non
1998 3341 2175 3397 eodem
2204 3343 2462 3414 agendum
2498 3344 2673 3398 niodo.
2703 3341 2880 3413 (Conf.
2912 3343 3067 3412 epist.
3091 3343 3241 3416 127.)

577 3453 715 3508 Cum
758 3451 917 3508 bonis
960 3449 1178 3520 quidem
1227 3447 1454 3503 remisse
1500 3456 1586 3502 est
1627 3446 1916 3519 agendum,
1966 3462 2090 3503 eum

510 3543 810 3600 audacibus
843 3540 1112 3598 severius.
1138 3537 1273 3594 Nam
1308 3538 1696 3609 benignitatem
1726 3538 1802 3593 illi
1836 3539 2089 3594 virtutem

512 3643 787 3706 reputant,
816 3620 1113 3703 mitemque
1140 3645 1303 3697 esse;
1344 3641 1532 3687 contra
1577 3631 1632 3686 hi
1660 3631 1943 3686 audaciam
1976 3630 2088 3687 for-

510 3726 795 3782 titudinem
847 3725 1136 3792 astimant.
1193 3721 1350 3792 Apud
1404 3721 1525 3779 illos
1579 3723 1764 3792 itaque
1815 3724 2082 3778 modestia

508 3816 849 3883 adhibenda;
900 3816 957 3870 in
1017 3815 1105 3871 bis
1146 3813 1481 3883 pmﬁdentia
1534 3813 1924 3883 exstinguenda
1975 3823 2082 3880 est,

505 3915 563 3962 et
589 3904 774 3974 opinio
805 3919 871 3960 ex
898 3903 1124 3958 audacia
1172 3910 1336 3959 orta:
1377 3910 1436 3957 ut
1468 3901 1578 3956 illis
1621 3900 1839 3970 quidem
1889 3901 2080 3970 prosit,

505 3998 608 4054 bos
653 4009 785 4052 vero
827 3993 1097 4066 deprimat
1131 3993 1439 4062 prudentia.
1483 3991 1670 4062 Neque
1699 3991 1845 4047 enim
1884 3992 2079 4048 iisdem

504 4103 698 4147 omnes
725 4088 1035 4155 capiuntur,
1062 4101 1236 4156 neque
1269 4085 1462 4142 iisdem
1494 4083 1674 4140 cuncti
1710 4082 1969 4140 remediis
1992 4098 2083 4141 cu-

504 4191 718 4245 rantur,
740 4179 840 4237 sed
869 4186 1026 4249 prout
1065 4186 1151 4233 est
1174 4173 1521 4232 aﬂectionum
1538 4170 1856 4240 multitudo,
1888 4170 1970 4229 sic
1995 4181 2081 4230 est

499 4284 556 4331 et
584 4272 942 4329 medelarum.

574 4381 743 4455 636
769 4378 972 4436 CCL".
1007 4407 1076 4418 -
1106 4372 1477 4434 DOBOTHEO
1518 4372 2001 4431 PRESBYTERO.

2270 3450 2415 3523 Πρὸς
2448 3450 2549 3522 μὲν
2582 3451 2853 3523 χρηστοὺς
2893 3449 3149 3504 ταπεινὸν
3189 3444 3343 3504 εἶναι.
3379 3450 3488 3524 χρὴ
3512 3492 3528 3517 ,
3569 3450 3696 3523 πρὸς
3725 3449 3776 3502 δὲ

2198 3542 2420 3614 θρασεῖς
2468 3543 2691 3614 ὑψηλόν.
2750 3541 2967 3613 Ἐπειδὴ
3015 3542 3124 3612 γὰρ
3153 3542 3205 3595 οἱ
3255 3541 3368 3611 μὲν
3401 3543 3605 3614 ἆρετὴν
3648 3539 3776 3595 εἶναι

2194 3634 2455 3706 ἡγοῦνται
2489 3634 2587 3706 τὴν
2624 3634 2949 3701 ἐπιείκειαν,
2984 3633 3035 3687 οι
3079 3631 3138 3686 δὲ
3171 3632 3413 3706 ἀνδρίαν
3446 3635 3546 3706 τὴν
3583 3633 3774 3707 θρασύ-

2190 3741 2334 3797 τητα
2357 3765 2374 3790 ,
2404 3725 2632 3785 ἐκείνοις
2666 3724 2762 3795 μὲν
2791 3726 2892 3797 τὴν
2914 3723 3434 3798 ταπεινοφροσύνην
3461 3727 3566 3798 χρὴ
3613 3740 3771 3796 προσ-

2191 3816 2400 3886 φέρειν,
2436 3817 2644 3879 τούτοις
2671 3815 2729 3869 δὲ
2760 3813 2859 3885 τὴν
2908 3814 3132 3885 ἀνδρίαν
3153 3853 3168 3878 ,
3203 3814 3575 3872 σϐεννύουσαν
3602 3813 3769 3870 αὐτῶν

2185 3907 2286 3979 τὴν
2316 3908 2426 3963 ἀπὸ
2450 3909 2549 3981 τῆς
2592 3906 2933 3979 θρασύτητος
2974 3906 3152 3970 δόξανο
3191 3905 3281 3961 ἵνα
3328 3908 3462 3973 τοὺς
3504 3907 3606 3978 μὲν
3636 3907 3768 3974 ὠφε-

2186 3998 2345 4070 λήσῃ,
2371 4000 2497 4062 τοὺς
2525 3998 2583 4052 δὲ
2607 3997 2919 4069 ταπεινώσῃ
2941 3997 3003 4051 τὸ
3030 3997 3308 4069 φρόνημα.
3336 3999 3413 4052 Οὐ
3442 3999 3554 4071 γὰρ
3581 3996 3768 4061 πάντες

2185 4089 2299 4152 τοῖς
2323 4088 2508 4151 αὐτοῖς
2532 4086 2834 4158 χαίρουσιν,
2869 4085 2993 4139 οὐδὲ
3024 4087 3230 4151 πάντες
3257 4089 3381 4152 τοῖς
3413 4088 3600 4152 αὐτοῖς
3618 4087 3768 4159 θεραι

2186 4177 2445 4232 πεύονται
2473 4174 2836 4248 βοηθήμασιν⁹
2867 4175 2982 4231 ἀλλ’
3014 4176 3138 4240 ὅσος
3164 4176 3276 4231 τῶν
3313 4177 3509 4233 παθῶν
3533 4181 3565 4233 ὁ
3588 4175 3766 4249 ἑσμὸς,

2183 4268 2438 4332 τοσοῦτος
2470 4267 2616 4323 καὶὸ
2644 4266 2752 4321 τῶν
2780 4266 3108 4338 θεραπειῶν.

2434 4375 2600 4430 me.
2623 4403 2695 4416 -
2716 4374 3020 4446 ΔΩΡΟΘΕῼ
3046 4375 3528 4450 ΠΡΕΣΒΥΤΕΡῼ.

1302 4462 1472 4520 Fama
1500 4465 1850 4535 memoriaque
1880 4466 2136 4519 bonorum
2165 4468 2426 4536 perennia.
2459 4465 2593 4538 (Inf.
2628 4467 2780 4534 epist.
2818 4465 2966 4536 5i8.)

567 4579 682 4636 Etsi
714 4579 873 4635 amici
923 4592 1094 4648 nuper
1137 4576 1246 4632 vita
1299 4574 1471 4631 functi
1524 4574 1788 4629 memoria
1837 4576 1978 4645 apud
2027 4566 2119 4631 tel

2262 4575 2324 4629 Εἰ
2355 4575 2448 4628 καὶ
2486 4574 2631 4629 ἔοικε
2660 4573 2740 4646 τῷ
2765 4574 3022 4629 τεθνεῶτι
3049 4575 3189 4648 φίλῳ
3214 4578 3371 4650 παρὰ
3413 4580 3502 4633 σοί¹
3526 4581 3558 4651 ή
3590 4579 3769 4654 μνήμη

500 4687 607 4727 una
634 4670 980 4726 intercidisse
1009 4668 1280 4734 videatur,
1310 4669 1450 4739 apud
1476 4680 1563 4722 me
1591 4675 1772 4722 tamen
1796 4666 2076 4723 intermori

503 4764 589 4818 illa
629 4776 734 4816 non
768 4768 945 4832 potest
977 4779 992 4815 τ
1022 4761 1095 4816 ita
1124 4768 1186 4815 ut
1210 4760 1299 4815 bic
1329 4758 1548 4830 quidem
1603 4772 1721 4833 non,
1765 4758 2078 4829 exstinguat.

500 4866 606 4918 tur,
634 4854 688 4908 in
719 4855 886 4907 altera
916 4867 1045 4908 vero
1079 4852 1188 4907 vita
1222 4851 1394 4922 magis
1424 4851 1718 4906 elucescat.

716 4959 934 5019 CCLlll.
966 4991 1037 5003 —
1071 4959 1321 5017 ALYPIO
1357 4957 1847 5016 SCHOLASTICO.

2188 4664 2641 4735 συντεθνηκέναι,
2679 4666 2809 4737 παρ’
2848 4665 2973 4735 ἐμοί
3010 4667 3159 4721 ἐστιν
3195 4666 3513 4733 ἀθάνατοςο
3546 4669 3771 4725 ἐνταῦθα

2189 4758 2288 4826 μὲν
2325 4757 2399 4828 μὴ
2428 4756 2850 4827 ἀποθνῄσκουσα
2873 4797 2888 4824 ,
2923 4758 3103 4812 ἐκεῖσε
3141 4758 3237 4813 καὶ
3271 4761 3484 4830 μᾶλλον
3513 4761 3772 4833 ζωοποιη-

2184 4849 2478 4922 θησομένη.
3278 4864 3283 4870 '

2428 4956 2597 5011 2N1".
2635 4984 2701 4998 —
2750 4955 3010 5028 ΑΛΥΠῙῼ
3051 4957 3524 5036 ΣΧΟΛΑΣΤΙΚῼ.

1230 5051 1309 5107 De
1341 5054 1473 5108 bona
1503 5051 1823 5123 virginitatis
1848 5050 2101 5121 conjugio
2125 5049 2444 5117 prwslantis.
2480 5046 2661 5119 (Conf.
2688 5049 2839 5117 epist.
2867 5047 3022 5119 218.)

567 5167 759 5222 Divina
801 5181 890 5222 res
914 5164 1199 5235 virginitas
1229 5178 1331 5231 est,
1377 5171 1733 5233 naturamque
1780 5162 2068 5217 excedens.

500 5256 887 5313 “onerandum
927 5270 1057 5310 vero
1101 5255 1399 5326 legitimum
1432 5265 1515 5311 est
1543 5254 1872 5325 coniugium.
1909 5252 2072 5307 Scor-

2262 5158 2328 5210 'H
2372 5158 2472 5228 μὲν
2506 5156 2775 5226 παρθενία
2827 5156 3075 5227 θειοτάτη
3127 5157 3247 5211 ἐστὶ
3292 5159 3392 5212 καὶ
3447 5158 3763 5230 ὑπερφυὴς.

2178 5251 2207 5302 ὁ
2235 5249 2292 5302 δὲ
2322 5248 2549 5319 νόμιμος
2578 5247 2753 5317 γάμος
2775 5247 2977 5318 τίμιος,
3010 5248 3045 5319 ἡ
3071 5247 3128 5301 δὲ
3158 5249 3390 5319 πορνεία
3421 5253 3761 5320 παράνομος.
3798 5296 3805 5303 .

497 5348 628 5402 talio
651 5362 776 5403 vero
798 5356 985 5402 contra
1015 5347 1157 5417 leges
1173 5355 1275 5402 est.
1308 5345 1676 5411 Quamobrem
1702 5345 1791 5400 illa
1817 5343 1958 5399 coelo
1978 5351 2064 5399 est

2201 5342 2263 5396 tto
2284 5342 2379 5395 καὶ
2409 5342 2441 5411 ἡ
2472 5340 2571 5412 μὲν
2597 5340 2706 5396 τῶν
2733 5340 2979 5412 οὐρανῶν
3004 5343 3153 5395 ἐστιν
3181 5342 3325 5408 ἀξία,
3357 5343 3387 5395 ὁ
3414 5343 3474 5397 δὲ
3510 5346 3611 5417 τῆς
3643 5341 3759 5414 γῆς,

1591 5517 1824 5573 ῩΑΒΙᾹΞ
1866 5515 2250 5574 LECTiONES
2290 5514 2377 5571 ET
2418 5514 2652 5572 NOTAE.

560 5677 679 5747 (68)
714 5681 742 5732 Α
757 5679 881 5737 mbo
908 5677 1063 5732 codd.
1096 5672 1213 5737 πῶς
1245 5680 1455 5727 mutant
1483 5671 1536 5726 in
1573 5671 1696 5724 ποῦ.
1730 5673 1971 5727 Possum.

2250 5671 2360 5743 (69)
2388 5670 2583 5737 Iidem,
2627 5668 2934 5726 πεπεῖσθαι.
2967 5668 3040 5723 In.
