4070 6374
332 353 470 422 1485

1236 349 1778 414 EPISTOLARUM
1816 351 1962 412 LIB.
2003 350 2415 411 V.-—EPIST.
2453 350 2722 414 CCLVII.

3473 354 3609 424 1486

329 469 363 540 ἡ
391 465 449 523 δὲ
478 466 574 523 τοῦ
606 467 754 542 ᾄδω
779 466 846 540 τῇ
879 464 978 538 μὲν
1006 463 1116 538 γὰρ
1148 466 1412 537 στέφανος
1435 466 1816 537 χρεωστεῖται,
1841 463 1920 536 τῷ
1949 519 1950 525 κ

2039 465 2206 534 ligna,
2243 464 2472 520 alterum
2497 473 2642 540 terra
2679 481 2693 518 :
2724 473 2778 518 at
2817 461 3104 522 foruicatio
3141 464 3346 524 inferis.
3380 469 3470 526 llla
3518 489 3613 531 co-

327 557 386 612 δὲ
433 556 748 630 σύμμετρον
802 555 1099 628 ἐγκώμιον,
1147 558 1214 628 τῇ
1265 555 1322 612 δὲ
1369 556 1632 628 τιμωρία.
1683 554 1918 626 Μοιχεία

330 649 440 722 γὰρ
467 691 482 712 .
517 649 616 704 καὶ
659 649 822 718 φόνος
859 648 998 718 (70),
1044 647 1141 702 καὶ
1183 647 1253 700 τὰ
1289 646 1424 701 ἄλλα
1457 646 1809 717 πταίσματα,
1843 642 1919 701 ὧν

329 741 454 796 οὐδὲ
494 740 808 812 μνησθῆναι
845 740 1040 812 θέμις,
1071 738 1314 810 τοσούτῳ
1346 737 1462 792 ἐστὶ
1502 739 1598 794 καὶ
1639 738 1741 810 τῆς
1782 755 1916 811 πορ-

329 833 481 900 νείας
518 833 828 908 βαρύτερα,
877 835 990 904 ὅσῳ
1020 831 1130 886 τῶν
1169 831 1313 886 κατὰ
1352 827 1514 900 φύσιν
1560 831 1922 902 πταισμάτων

287 979 300 986 ,
327 925 400 980 τὰ
430 926 581 1000 παρὰ
613 925 776 996 φύσιν
810 923 1150 997 μιαρώτερα.
1207 921 1370 977 Ἀλλὰ
1412 922 1588 978 ταῦτα
1639 921 1817 976 πάντα
1851 922 1923 976 τὰ

328 1015 478 1072 κακὰ
541 1015 804 1088 μετάνοια
857 1015 1160 1087 εἰλικρινὴς
1219 1013 1548 1087 θεραπεύειν
1603 1013 1918 1081 ἐπίσταται,

329 1106 482 1177 παρὰ
510 1107 606 1162 τοῦ
649 1105 838 1180 κριτοῦ
899 1106 998 1179 τὴν
1040 1107 1348 1178 ἐπιστήμην
1387 1105 1591 1178 ταύτην
1615 1108 1922 1178 ἐγκεχειρι-

2029 567 2220 608 ronam
2247 552 2601 623 adipiscitur;
2635 554 2738 610 hoc
2773 555 3015 611 modeste
3043 565 3101 609 ut
3124 555 3406 614 laudetur:
3445 560 3610 618 torni-

2026 647 2174 702 catio
2229 658 2359 702 vero
2419 645 2684 717 supplicio
2733 648 2914 719 digna.
2953 647 3295 706 Adulterium
3337 663 3520 710 autem
3561 668 3616 710 et

2025 737 2222 799 caedes.
2245 737 2458 810 aliaque
2481 736 2704 810 ﬂagitia,
2729 754 2853 810 quas
2875 741 2956 796 vel
2981 741 3266 800 nominare
3285 743 3358 800 sit
3386 745 3622 809 nefas“,-

2031 835 2182 884 tanto
2225 827 2589 884 fornicatione
2612 831 2882 899 graviora,
2907 839 3112 900 quanto
3145 833 3490 892 naturalibus
3517 839 3612 892 de-

2029 919 2173 978 lictis
2194 919 2376 992 pejora
2409 930 2554 988 sunt,
2590 937 2711 991 qua:
2743 932 2931 978 contra
2966 935 3215 982 naturam
3257 931 3616 986 committun-

2030 1022 2138 1070 tur.
2164 1013 2367 1070 Verum
2403 1015 2520 1070 haec
2543 1013 2726 1070 omnia
2759 1014 2950 1071 delicta
3027 1017 3244 1075 sincera
3295 1021 3613 1090 ptenitentia
3700 1069 3706 1074 .

2031 1105 2253 1178 expiare
2285 1107 2454 1172 novit,
2502 1121 2567 1163 ex
2617 1107 2846 1164 scientia
2909 1122 3072 1180 quam
3126 1127 3372 1168 summus
3423 1114 3619 1171 indidit

341 1201 536 1272 σμένη.

2039 1195 2225 1252 Iudex.

561 1311 729 1367 ENA'.
758 1341 828 1354 -—
857 1307 1164 1379 ΤΙΜΟΘΕῼ
1201 1307 1663 1379 ΣΧΟΛΛΣΤΙΚῼ.

2205 1303 2431 1362 CCLIV.
2452 1333 2522 1346 -—-
2553 1304 2906 1364 TIMOTHEO
2941 1304 3434 1366 SCHOLASTICO.

911 1440 917 1447 .
981 1425 995 1432 -
1425 1399 1660 1455 Adversa
1688 1399 1798 1470 pati
1825 1399 2025 1471 injuste
2061 1399 2118 1454 in
2145 1398 2520 1477 vita'perutite.

413 1511 632 1584 Ἐπειδὴ
659 1511 722 1566 τὺ
747 1510 914 1584 μηδὲν
935 1510 1130 1566 παθεῖν
1153 1511 1212 1563 ὲν
1238 1509 1318 1582 τῷ
1347 1510 1580 1582 παρόντι
1610 1509 1710 1582 βίῳ
1742 1512 1924 1582 κρεῖτ-

2101 1508 2235 1564 Cum
2271 1508 2324 1565 in
2350 1509 2452 1564 hac
2477 1508 2585 1564 vita
2613 1508 2752 1564 nihil
2777 1509 2992 1566 adversi
3031 1512 3242 1582 perpeti
3275 1526 3442 1584 supra
3469 1528 3618 1571 mor-

323 1625 420 1662 τον
448 1605 482 1678 ἢ
524 1604 666 1660 κατὰ
692 1603 998 1676 ἄνθρωπον,
1047 1601 1271 1674 ἄμεινον
1303 1603 1364 1657 τὸ
1403 1601 1610 1667 ἀδίκως
1641 1621 1694 1656 τι
1725 1602 1922 1658 παθεῖν

2039 1600 2222 1655 talium
2248 1599 2322 1655 sit
2345 1612 2578 1666 sortem,
2607 1601 2682 1657 ita
2710 1601 2905 1659 melius
2940 1601 3140 1671 injuste
3169 1604 3298 1674 quid
3326 1607 3432 1674 pati
3457 1621 3620 1676 quam

329 1698 612 1772 ἢδικαίως
638 1695 774 1769 (τί).
829 1695 902 1749 Τὸ
935 1695 1035 1766 μὲν
1075 1695 1184 1767 γὰρ
1231 1694 1541 1764 φιλοσόφων
1579 1694 1731 1766 ἐστὶ,
1767 1694 1830 1748 τὺ
1865 1693 1924 1749 δὲ

2039 1691 2194 1760 iuste.
2225 1690 2339 1746 Hoc
2369 1691 2514 1748 enim
2549 1700 2636 1747 est
2663 1691 3097 1764 pbilosupbicum
3155 1709 3220 1750 ac
3269 1697 3455 1766 pium;
3491 1697 3621 1752 illud

327 1790 681 1862 κακούργων
709 1787 770 1842 τὸ
795 1786 896 1860 μὲν
922 1787 1250 1860 εὐδοκίμων,
1276 1787 1340 1842 τὸ
1371 1788 1428 1842 δὲ
1457 1787 1772 1858 ὲργολάόων
1791 1803 1804 1816 ⁸
1833 1789 1928 1842 καὶ

2039 1795 2161 1838 vero
2193 1781 2569 1851 improborum
2603 1784 2904 1854 proprium.
2939 1784 3054 1842 Hoc
3081 1787 3381 1856 proborum
3409 1804 3473 1844 ac
3503 1790 3624 1845 lau-

331 1883 391 1936 τδ
423 1882 526 1952 μέν
561 1883 679 1935 ἐστι
708 1879 990 1950 στεφάνων
1017 1876 1296 1943 ὑπόθεσις,
1333 1877 1396 1932 τὸ
1416 1879 1474 1933 δὲ
1506 1878 1921 1950 ἁμαρτημάτων

333 1973 616 2038 ἀντίδοσις
645 1972 705 2026 τὸ
731 1973 831 2046 μὲν
854 1971 1135 2044 ὀφειλέτην
1159 1971 1448 2044 καθίστησι
1471 1972 1560 2025 τὸν
1588 1970 1744 2038 Θεὸν,
1776 1971 1838 2024 τὸ
1857 1971 1916 2025 δὲ

333 2065 666 2138 ὀφλημάτων
692 2065 812 2119 ἐστὶ
837 2063 1104 2130 διάλυσις.

612 2265 782 2319 ΣΝΕν.
812 2243 1265 2336 -ᾺΑΜΠΕΤΙῼ
1306 2262 1629 2333 ΔιΑιιοΝᾳ.

2029 1875 2332 1930 dandorum
2357 1883 2475 1940 est;
2515 1873 2648 1930 illud
2689 1875 3148 1946 sycophantarum
3171 1891 3268 1932 seu
3291 1879 3622 1949 quadrupla-

2029 1974 2228 2020 torum.
2254 1965 2321 2018 Et
2341 1963 2444 2020 hoc
2466 1965 2684 2034 quidem
2717 1979 2975 2021 coronam
3028 1976 3301 2037 meretur;
3335 1969 3463 2024 illud
3495 1985 3622 2038 pec-

2027 2066 2275 2112 catorum
2319 2065 2402 2112 est
2445 2071 2656 2114 merces
2701 2071 2718 2111 :
2757 2057 3024 2129 hujusque
3074 2059 3287 2116 debitor
3315 2060 3457 2118 Deus
3497 2048 3616 2128 est;

2027 2149 2156 2204 illud
2185 2165 2313 2206 vero
2343 2148 2648 2206 debitorum
2677 2151 2983 2208 dissolutio.

2297 2257 2500 2314 CCLV.
2531 2287 2597 2300 --
2631 2258 2986 2318 LAMPETIO
3016 2261 3334 2320 DIACONO.

787 2353 946 2425 Regis
969 2367 1014 2410 et
1049 2357 1262 2426 tyranni
1287 2355 1592 2410 discrimen.
1619 2351 1817 2408 Contra
1852 2353 2054 2423 factum
2081 2353 2428 2424 quorumdam
2456 2352 2617 2422 episc.
2650 2351 2812 2420 (Vide
2837 2357 2988 2425 epist.
3023 2356 3170 2427 126.)

401 2461 542 2515 Λίαν
575 2457 864 2532 θαυμάζω,
905 2461 1024 2526 πῶς
1058 2461 1208 2526 τινὲς
1251 2461 1351 2535 μὲν
1386 2462 1500 2516 τῶν
1533 2441 1782 2536 ἀρχαίων
1825 2463 1924 2527 τὰς

332 2550 654 2622 τυραννίδας
681 2553 762 2613 είς
799 2551 1072 2623 πατρικὴν
1117 2551 1446 2623 κηδεμονίαν
1481 2549 1743 2622 ἔτρεψαν·
1775 2548 1925 2614 τινὲς

331 2641 391 2696 δὲ
421 2641 534 2696 τῶν
565 2643 684 2695 νυνὶ
719 2641 1176 2714 νεωτεριζόντων,
1220 2641 1316 2695 καὶ
1341 2641 1442 2713 τὴν
1471 2639 1798 2713 ποιμενικὴν
1832 2657 1922 2709 φι-

333 2733 658 2804 λοστοργίαν
709 2735 790 2798 είς
839 2733 1170 2808 τυραννικὴν
1221 2733 1550 2805 αὐτονομίαν
1603 2731 1919 2804 μετέϐαλονο

336 2823 436 2896 οὐχ
463 2822 762 2878 ὑπεύθυνον
793 2824 968 2897 ἀρχὴν
995 2823 1466 2896 ὲμπεπιστεῦθαι,
1499 2824 1616 2879 ἀλλ’
1651 2825 1926 2897 αὐτοκρα-

338 2916 568 2989 τορικὴν
605 2916 854 2984 ἐξουσίαν
879 2917 1264 2990 κεκληρῶσθαι
1297 2917 1642 2989 νομίσαντες.

649 3119 830 3190 ΣΝς’.
856 3151 929 3162 --
963 3122 1152 3195 ΚΥΡῼ
1195 3121 1626 3177 ΜΟΝΑΖΟΝἨ.

2103 2463 2360 2520 Admiror
2393 2463 2646 2534 equidem
2677 2473 2734 2518 ut
2759 2463 3064 2533 antiquitus
3089 2466 3336 2522 nonnulli
3371 2471 3619 2539 tyranni-

2029 2553 2151 2609 dem
2182 2569 2306 2610 cum
2333 2553 2512 2624 patrio
2561 2563 2940 2623 permutarent
2965 2552 3163 2610 oﬂicio.
3207 2555 3435 2622 Quidam
3487 2572 3622 2612 vero

2035 2661 2183 2702 nunc
2217 2645 2386 2701 rebus
2412 2644 2568 2701 novis
2590 2645 2896 2711 studentes,
2931 2660 2996 2702 ac
3025 2648 3353 2715 pastoralem
3377 2663 3620 2705 amorem

2033 2751 2159 2810 erga
2192 2751 2413 2809 gregem
2441 2736 2542 2794 sibi
2567 2737 2919 2792 commissum
2939 2737 2996 2792 in
3031 2739 3373 2808 tyrannidem
3402 2750 3622 2796 verten-

2037 2841 2119 2886 tes
2159 2844 2264 2886 non
2311 2837 2591 2894 rexerunt,
2627 2827 2781 2898 quasi
2826 2828 3092 2882 creditum
3127 2829 3229 2885 sibi
3276 2840 3422 2885 esset
3459 2831 3627 2902 impe-

2036 2922 2200 2986 rium,
2233 2921 2326 2977 sed
2361 2919 2514 2976 velut
2533 2921 2832 2990 imperandi
2859 2928 3188 2990 potestatem
3215 2929 3361 2978 sorte
3387 2921 3622 2978 oblatam

2036 3012 2144 3067 sint
2183 3011 2350 3066 nacti.

2363 3117 2587 3175 CCLVI.
2619 3147 2690 3160 -
2714 3116 2903 3176 CYRO
2935 3116 3289 3176 MONACIIO.

1726 3213 1804 3268 De
1828 3213 1966 3268 male
2010 3213 2246 3269 inuidia.

414 3324 480 3380 οι
513 3322 606 3386 νοῦ
643 3323 738 3378 καὶ
769 3323 1084 3396 φρονήσεως
1112 3321 1492 3395 ἅμοιροῦντες,
1531 3320 1772 3385 ἐκείνους
1816 3320 1930 3374 δια-

341 3414 560 3470 τελοῦσι
611 3413 934 3487 μισοῦντες,
983 3412 1079 3476 οὓς
1131 3414 1196 3468 ἂν
1247 3410 1636 3469 ὑποπτεύσωσι
1679 3410 1931 3482 βελτίους

344 3507 556 3562 ἑαυτῶν
600 3507 780 3572 δντας·
824 3507 918 3561 καὶ
948 3507 1012 3562 τὸ
1058 3507 1216 3578 μῖσος
1255 3502 1553 3575 τρέφουσιν
1599 3502 1702 3556 οὐκ
1727 3502 1820 3572 ἀφ’
1853 3494 1930 3556 ὧν

343 3599 685 3671 ἠδικήθησαν
728 3593 912 3672 (ἧττον
937 3601 1046 3672 γὰρ
1077 3598 1143 3652 ἂν
1173 3592 1242 3670 ἦν
1275 3595 1407 3660 ἴσως
1433 3595 1656 3667 κακὸν),
1692 3593 1804 3646 ἀλλ’
1837 3593 1929 3662 ἀφ’

339 3684 418 3745 ὧν
441 3689 542 3762 τῆς
565 3687 684 3744 κατ’
718 3689 920 3760 ἀρετὴν
948 3687 1200 3752 εὐκλείας
1220 3687 1710 3759 ἀπολιμπάνονται.

609 3798 776 3856 2sz
805 3828 875 3839 -
909 3798 1160 3870 ΖΩΣΙΜῼ
1196 3798 1671 3870 ΠΡΕΣΒΥΤΕΡῼ.

2111 3321 2214 3390 Qui
2263 3331 2446 3379 mente
2494 3321 2892 3394 prudentiaque
2942 3335 3154 3390 carent,
3208 3325 3392 3382 odisse
3447 3325 3625 3380 solent

2037 3425 2298 3486 perpetuo
2353 3429 2491 3484 quos
2539 3431 2662 3472 sese
2725 3415 2978 3472 meliores
3051 3430 3173 3472 esse
3252 3418 3620 3486 suspicantur,

2037 3509 2296 3578 aluntque
2315 3509 2497 3565 odium
2533 3523 2660 3581 erga
2713 3523 2830 3577 eos,
2861 3523 2966 3566 non
2995 3525 3025 3564 a
3052 3508 3248 3580 quibus
3277 3509 3452 3566 aﬂ'ecti
3486 3513 3627 3582 inju-

2039 3601 2118 3655 ria
2149 3607 2276 3656 sunt
2299 3600 2504 3672 (minus
2535 3602 2680 3656 enim
2713 3600 2767 3656 id
2799 3601 3000 3656 malum
3039 3601 3270 3658 fortasse
3313 3600 3498 3667 foret),
3526 3605 3624 3660 sed

2041 3707 2071 3747 a
2113 3691 2313 3764 quibus
2345 3693 2563 3748 virtutis
2605 3692 2772 3764 gloria
2807 3702 3156 3762 superantur.

2251 3799 2502 3857 CCLV".
2529 3832 2599 3844 -—
2633 3797 2889 3859 ZOSIMO
2925 3801 3410 3861 PRESBYTERO.

793 3893 874 3945 Ad
902 3895 1093 3946 bertam
1132 3894 1321 3948 invitat
1353 3893 1580 3963 frugem,
1609 3891 2046 3964 acquiescendum
2072 3894 2310 3950 consiliis
2336 3895 2612 3950 bonorum.
2647 3893 2838 3968 (Supr.
2863 3897 3013 3965 epist.
3039 3895 3190 3966 105.)

416 4000 510 4072 Μὴ
541 3999 638 4072 τὴν
673 4001 738 4054 ἐκ
770 3995 867 4070 τῆς
895 3999 1104 4064 οἰκείας
1141 4001 1420 4074 ῥᾳθυμίας
1459 3999 1664 4073 ψῆφον,
1703 4001 1802 4073 τὴν
1831 4001 1938 4055 ὑπὸ

341 4094 454 4151 τῶν
485 4093 557 4148 τὰ
589 4093 731 4149 αὐτά
759 4109 842 4147 σοι
875 4091 1126 4164 δρώντων
1159 4092 1527 4168 κυρουμὲνην,
1557 4095 1659 4166 τῆς
1685 4094 1941 4168 ἀληθείας

343 4183 488 4244 εἶναι
521 4187 764 4260 νομίσῃς
791 4186 1242 4259 ἀξιοπιστοτέραν
1293 4190 1365 4259 (εί
1397 4189 1510 4260 γὰρ
1541 4189 1638 4244 καὶ
1666 4189 1700 4260 ή
1741 4205 1940 4260 χειρω-

346 4281 560 4354 σαμένη
608 4296 670 4334 σε
706 4280 808 4352 τῆς
852 4281 1052 4347 κακίας
1097 4281 1254 4344 νόσος
1283 4281 1462 4336 ταῦτά
1500 4299 1585 4335 σοι
1615 4281 1937 4352 νομοθετεῖ,

2110 4003 2190 4061 Ne
2224 4003 2458 4076 proprias
2501 4005 2734 4076 ignaviae
2759 4006 3084 4063 sententiam
3117 4007 3186 4064 ab
3209 4007 3300 4076 iis,
3333 4008 3498 4082 637
3533 4013 3624 4082 qui

2041 4099 2094 4154 in
2133 4097 2324 4154 eadem
2378 4106 2556 4154 tecum
2603 4098 2758 4169 culpa
2803 4108 2952 4164 sunt,
2983 4099 3361 4157 conﬁrmatam
3391 4101 3626 4158 veritate

2042 4190 2148 4246 nde
2175 4190 2476 4262 digniorem
2507 4205 2630 4247 esse
2667 4202 2844 4260 putes.
2882 4186 2940 4245 Si
2973 4187 3120 4246 enim
3149 4199 3203 4246 et
3230 4189 3450 4246 malitiae
3476 4207 3626 4248 mor-

2041 4283 2166 4348 bus,
2203 4296 2312 4352 quo
2365 4281 2598 4352 raperis,
2620 4280 2748 4338 haec
2799 4281 2893 4336 tibi
2949 4281 3272 4352 praescribit,
3314 4283 3630 4354 habeasque

344 4375 443 4428 καὶ
466 4372 595 4438 τοὺς
619 4371 690 4427 τὰ
719 4371 860 4426 αὐτά
883 4389 968 4426 σοι
999 4372 1290 4437 νοσοῦντας
1305 4371 1600 4438 ἐπαινέτας
1629 4371 1788 4444 ἔχει)·
1819 4371 1935 4426 ἀλλ’

2041 4373 2348 4430 laudatores
2397 4374 2497 4438 tui,
2543 4374 2635 4442 qui
2677 4373 2866 4429 eodem
2919 4382 3094 4426 tecum
3137 4371 3326 4427 morbo
3353 4371 3626 4439 laborant,

342 4464 399 4519 ετ
415 4482 482 4536 γε
507 4465 584 4536 μὴ
611 4465 691 4529 είς
720 4461 1020 4536 ἀνήῐεστον
1048 4460 1214 4537 ἦλθες
1243 4464 1538 4536 ρᾳθυμίαν,
1571 4464 1674 4520 οὐκ
1693 4464 1804 4519 ἀπὸ
1831 4465 1939 4518 τῶν

342 4555 646 4612 νοσούντων
702 4557 916 4621 δίκαιος
967 4555 1036 4610 ἂν
1084 4555 1204 4626 εῖης
1250 4555 1436 4610 λαϐεῖν
1495 4556 1598 4621 τὰς
1647 4557 1778 4628 περὶ
1831 4555 1942 4609 τῶν

344 4649 692 4722 πραγμάτων
753 4649 966 4720 ψήφους
1029 4648 1050 4720 (
1070 4650 1120 4704 εί
1173 4648 1283 4720 γὰρ
1330 4647 1543 4708 τούτοις
1597 4647 1784 4720 idem,
1852 4646 1945 4700 καὶ

347 4741 605 4812 ἰατρικῆς
656 4741 753 4795 καὶ
812 4740 1133 4812 φιλοσοφίας
1179 4740 1618 4812 καταψηφίσῃ),
1667 4739 1784 4795 ἀλλ’
1830 4739 1940 4794 ἀπὸ

342 4828 458 4884 τῶν
503 4829 875 4899 ὑγιαινόντων.
927 4831 992 4884 Ei
1023 4831 1067 4884 δ’
1118 4830 1292 4895 οὐδείς
1343 4848 1426 4884 σοι
1467 4831 1732 4900 ὑγιαίνειν
1768 4829 1937 4894 δοκεῖ,

347 4921 590 4994 μάλιστα
639 4923 738 4994 μὲν
793 4925 968 4988 νοσεῖς
1029 4924 1140 4992 (7‘2
1161 4925 1179 4993 )
1200 4940 1215 4954 '
1269 4925 1318 4978 εἰ
1369 4924 1427 4978 δὲ
1481 4923 1732 4988 ἀπιστεῖς
1755 4964 1770 4990 ,
1823 4925 1940 4986 ταῖς

345 5012 525 5078 θείαις
557 5014 801 5086 Γραφαῖς
827 5013 1093 5085 ἐντυχὼν,
1131 5017 1252 5087 εῖσῃ
1274 5017 1368 5069 καὶ
1395 5015 1490 5069 τοῦ
1514 5018 1818 5088 νοσήματος
1841 5015 1940 5086 τὴν

347 5104 576 5170 κακίαν,
603 5104 703 5160 καί¹
737 5105 835 5177 τῆς
863 5105 1064 5170 κακίας
1095 5105 1198 5178 τὴν
1226 5106 1572 5178 ἀπαλλαγήν.

421 5263 466 5295 ⁸³
501 5263 707 5335 Ephes.
741 5279 794 5332 ν,
830 5265 894 5330 5;
921 5263 1132 5321 Coloss.
1163 5279 1249 5333 ιιι,
1283 5265 1317 5319 5

2041 4464 2165 4538 (nisi
2211 4464 2263 4519 in
2314 4462 2666 4520 incurabilem
2719 4461 2860 4519 forte
2911 4461 3158 4518 morbum
3212 4462 3628 4534 iucidisti),nou

2043 4557 2356 4628 sit‘mquum
2399 4559 2466 4613 ab
2514 4555 2672 4626 mgris
2702 4555 2953 4626 accipere
2997 4569 3177 4610 rerum
3222 4562 3435 4608 tuarum
3483 4554 3632 4623 judi-

2047 4648 2191 4704 cium
2221 4648 2374 4716 (nam
2420 4646 2464 4703 si
2517 4660 2614 4702 eos
2641 4645 2910 4714 sequaris,
2943 4643 3395 4700 condemnaberis
3433 4642 3632 4698 merito

2047 4753 2079 4793 a
2106 4737 2333 4794 medicis
2358 4751 2424 4793 ac
2450 4735 2810 4807 philosophis)
2849 4737 2946 4791 sed
2987 4747 3017 4790 a
3067 4743 3214 4790 recte
3239 4733 3546 4790 valentibus
3568 4749 3633 4789 ac

2047 4829 2216 4884 sanis.
2253 4825 2408 4894 Quod
2450 4825 2496 4883 si
2532 4841 2692 4884 nemo
2721 4825 2908 4880 valens
2937 4825 3031 4880 tibi
3079 4825 3331 4881 videatur
3375 4824 3632 4896 (aegrotas

2047 4921 2192 4977 enim
2223 4919 2402 4992 valde)
2421 4934 2485 4976 ac
2513 4919 2560 4976 si
2597 4931 2705 4974 non
2743 4916 2924 4974 credis
2954 4924 3103 4973 recta
3130 4915 3404 4984 suadenti,
3441 4920 3510 4973 ad
3547 4932 3636 4972 sa-

2049 5027 2202 5069 cram
2251 5012 2592 5082 Seripturam
2633 5019 2688 5066 te
2737 5009 2987 5080 recipito,
3030 5017 3092 5063 ut
3135 5009 3312 5066 morbi
3336 5023 3636 5082 cognoscas

2052 5105 2160 5159 vim
2191 5113 2244 5161 et
2271 5103 2491 5160 malitia:
2523 5103 2744 5158 haurias
2771 5103 3192 5161 correctionem.

1459 5379 1694 5435 VARI/E1
1741 5378 2136 5438 LECTIONES
2173 5378 2262 5434 ET
2300 5377 2534 5435 NOTA'J.
2639 5381 2647 5388 ’

445 5515 537 5588 70)
569 5514 742 5588 codd.
779 5513 902 5588 Vat.
935 5514 1040 5588 659
1068 5523 1130 5588 _et_
1146 5513 1282 5588 Alt.,
1309 5513 1522 5588 <p_06vog'
1555 5509 1738 5584 placet
1760 5522 1938 5566 tamen

349 5583 482 5643 mihi
515 5583 728 5656 quidem
758 5585 930 5651 magis
953 5585 1082 5640 editi
1118 5585 1296 5656 lectio.
1331 5583 1542 5656 Possm.

421 5649 548 5728 (71f
575 5655 715 5728 Edit.
746 5649 946 5728 Paris,
975 5656 1200 5725 ἄμεινον
1220 5655 1292 5728 *τὸ
1321 5654 1523 5716 ἀδίκως
1549 5669 1563 5685 υ
1595 5649 1800 5728 τιὸ-μὲν
1831 5649 1940 5728 γὰρ

351 5722 662 5796 φιλοσόφων
699 5724 838 5778 ὲστί.
871 5722 1047 5782 Locus
1080 5724 1360 5796 suppletur
1389 5739 1456 5780 ex
1507 5724 1628 5779 cod.
1658 5723 1766 5777 Alt.
1797 5722 1941 5791 apud

353 5797 663 5850 Possittum.
687 5793 846 5850 Ευιτ.

353 5797 663 5855 Possiuum.
687 5797 846 5850 EDI-‘l‘.

2123 5513 2366 5585 (72)_Ed.
2387 5512 2584 5579 Paris.,
2609 5513 2736 5568 εἰσί.
2767 5513 3232 5585 Legendumcsse
3246 5515 3422 5585 νοσεῖς
3449 5527 3516 5568 ex
3543 5529 3636 5570 se-

2090 5581 2341 5653 ueutibus
2373 5592 2619 5653 apparet,
2644 5592 2700 5637 et
2725 5581 2876 5653 supr'.
2897 5597 2986 5653 ep.
3009 5583 3109 5636 159
3127 5621 3142 5646 ,
3166 5598 3288 5653 pag.
3309 5581 3395 5647 79,
3417 5599 3558 5640 vers.
3577 5586 3635 5651 '5,

2081 5667 2160 5723 σῳ
2206 5647 2300 5706 οὖν
2345 5647 2560 5725 -χέίρων
2603 5647 2632 5706 b
2685 5652 2760 5723 μὴ
2792 5647 3133 5725 ξαίσθβμενιζς
3168 5647 3326 5716 ⁷τιῖως
3375 5653 3476 5724 τῆς
3545 5647 3634 5714 vd;

2053 5720 2168 5788 σου,
2202 5732 2308 5780 etc.
2345 5720 2480 5778 Vide
2506 5732 2558 5778 et
2589 5720 2757 5792 epiSt.
2789 5721 2821 5776 8
2845 5731 2894 5778 et
2925 5721 3050 5777 260.
3085 5720 3326 5778 Scuorr.
