4070 6366
351 398 490 467 1489

1220 405 1754 470 EPISTOLARUM
1793 409 1942 474 LIB.
1982 414 2048 475 ν.
2073 438 2144 450 --
2179 413 2417 476 EPIST.
2457 416 2745 480 CCLXIV.

3481 417 3614 489 14,ηο

348 521 496 585 rore;
533 536 554 572 ι
587 517 700 573 Καὶ
757 516 898 589 μετὰ
957 515 1130 570 ταῦτα
1185 519 1643 604 κατωλιγώρησε,
1696 521 1790 574 καὶ
1841 520 1923 577 soi

2037 525 2427 596 grcgabuntur,
2451 535 2506 581 et
2558 527 2789 584 suﬁiciet
2836 528 2916 586 eis
2943 529 3029 586 ιιι
3068 549 3088 584 ι
3121 531 3228 588 Sed
3277 533 3472 607 deinde
3515 551 3606 593 ne-

345 610 524 682 δήμου
549 607 652 681 τὴν
690 606 1024 680 προστασίαν
1069 599 1426 680 παρῃτήσατο
1447 625 1462 639 ·
1493 611 1608 666 ἀλλ’
1629 613 1780 666 οὐδὲν
1809 613 1924 668 ire-

350 719 445 774 ρον
475 700 634 756 αὑτὸν
661 699 932 754 ἐκώλυσεν
963 697 1222 753 εἰσελθεῖν
1253 703 1334 764 είς
1359 701 1460 772 τὴν
1495 703 1600 773 γῆν
1627 705 1724 769 τῆς
1755 705 1932 775 ἐπαγ-ν

347 794 559 864 γελίας,
582 788 650 864 ἦς
680 793 869 848 ἕνεκεν
890 793 998 848 τῶν
1023 791 1198 846 ἄλλων
1218 793 1474 848 ἁπάντων
1501 790 1567 866 ἦν
1591 796 1688 850 καὶ
1709 797 1932 868 ἡγεμὼν

346 887 446 940 καὶ
489 885 820 955 δημαγωγὸς
841 927 857 952 ,
889 884 922 956 ἢ
955 884 1017 938 τὸ
1062 886 1154 938 ἐπὶ
1183 884 1276 938 τοῦ
1323 884 1513 950 ὕδατος
1544 887 1777 958 συμϐάν.
1832 889 1930 943 Διὰ

257 1045 278 1053 '
344 977 505 1032 τοῦτο
542 977 637 1030 καὶ
680 979 709 1030 ὁ
739 977 1015 1048 ἀκήρατος
1044 975 1172 1039 νοῦς
1199 975 1298 1047 τῆς
1328 977 1606 1048 ἁμαρτίας
1632 977 1732 1050 τὴν
1769 978 1930 1048 φύσιν

347 1069 737 1137 ὲκπομπεύων,
770 1071 863 1122 καὶ
894 1065 1220 1138 παραδηλῶν
1244 1067 1367 1122 ὃθεν
1391 1069 1614 1138 γέγονεν
1647 1069 1930 1140 ἁσύγγνω-

346 1176 508 1222 στος,
560 1158 686 1228 ἔφη,
738 1159 820 1212 ὅτι
865 1177 884 1211 ι
929 1159 1069 1230 Ὀὐχ
1117 1159 1384 1230 ήγιάσατὲ
1436 1175 1502 1229 με
1541 1158 1773 1214 ἐνώπιον
1821 1161 1930 1216 τῶν

345 1251 481 1304 υἱῶν
525 1250 760 1322 Ἰσραὴλ,
795 1249 885 1305 διὰ
915 1249 1073 1304 τοῦτο
1133 1251 1232 1304 οὐκ
1285 1251 1617 1322 εἰσαγάγητε
1664 1250 1764 1320 τὴν
1807 1269 1930 1305 συν-

297 1357 312 1378 τ
344 1340 570 1409 αγωγὴν
603 1341 808 1409 ταύτην
845 1343 924 1399 είς
953 1341 1051 1414 τὴν
1075 1346 1178 1412 γῆν
1204 1382 1219 1409 ,
1251 1341 1316 1414 ἢν
1345 1341 1521 1396 ἔδωκα
1549 1343 1752 1406 αὐτοῖς.
1789 1361 1809 1396 ι
1845 1343 1922 1416 Τῇ

347 1431 448 1500 μὲν
477 1430 586 1500 γὰρ
610 1429 770 1498 φύσει
796 1429 1016 1484 ἔλαττον
1043 1425 1112 1502 ἦν
1143 1431 1366 1484 ἐκείνων
1389 1429 1546 1484 τοῦτο
1565 1430 1626 1484 τὸ
1654 1433 1922 1500 πταῖσμα·

342 1520 424 1592 τῷ
449 1522 508 1574 δὲ
544 1521 681 1592 μετὰ
730 1523 830 1594 τῆς
861 1523 1064 1596 ἑτέρων
1094 1521 1363 1596 κραθῆναι
1398 1521 1631 1594 βλάϐης,
1665 1523 1726 1576 ού
1756 1523 1923 1592 μόνον

343 1614 596 1679 ἐκείνων,
640 1614 774 1668 ἀλλὰ
819 1614 913 1668 καὶ
955 1611 1283 1684 συγγνώμης
1335 1613 1518 1684 μεῖζον
1563 1613 1800 1682 ἐγένετο.
1843 1614 1925 1669 Τὰ

345 1703 449 1774 μὲν
479 1704 590 1776 γὰρ
631 1705 752 1759 κατ’
788 1704 924 1759 ίδίαν
965 1707 1059 1758 καὶ
1092 1704 1487 1773 λανθανόντως,
1535 1705 1596 1758 τδ
1619 1703 1676 1758 δὲ
1705 1706 1798 1758 ἐπὶ
1827 1705 1923 1760 τοῦ

341 1797 408 1867 δή
417 1813 517 1866 μου
552 1796 754 1861 παντὸς
780 1797 1148 1870 ήμαρτάνετο.

771 1904 930 1967 ΣΞΒο.
975 1937 1046 1953 -ρ
1070 1905 1489 1978 ΔΔΑΜΛΝΤΙῼ.

2037 615 2222 686 glexit,
2251 625 2304 671 et
2332 617 2507 686 p0puli
2529 617 2902 687 pmiecturam
2925 621 3248 692 deprecatus
3272 635 3357 681 est
3379 641 3394 680 :
3424 640 3612 684 verum

2035 704 2182 760 aliud
2213 705 2342 760 nihil
2370 706 2546 776 ipsum
2580 707 2858 775 impedivit
2897 709 3106 781 ingredi
3157 711 3212 768 in
3247 721 3453 769 terram
3486 729 3612 784 proo

2035 797 2310 851 missionis
2341 797 2534 871 (cujus
2561 799 2638 852 rei
2662 815 2824 854 causa
2849 801 2956 857 dus
2980 810 3036 860 et
3075 805 3408 861 intercessor
3427 806 3610 876 populi

2031 897 2150 942 erat
2187 889 2555 960 constitutus)
2613 905 2770 958 quam
2825 893 2968 962 quod
3010 895 3079 950 ad
3135 910 3307 966 aquas
3361 898 3610 966 contigit.

2029 977 2320 1052 PrOpterea
2353 990 2408 1036 et
2432 995 2585 1036 mens
2613 981 2824 1052 integra
2859 985 3065 1054 peccati
3101 997 3348 1042 naturam
3371 988 3601 1058 pellens,

2029 1072 2431 1140 ostendensque
2451 1087 2548 1126 cur
2571 1072 2728 1128 venia
2774 1072 3030 1142 indignus
3070 1085 3239 1143 esset,
3262 1078 3338 1131 ait
3373 1095 3388 1133 :
3435 1095 3454 1130 ι
3489 1076 3606 1132 Non

2028 1164 2410 1220 sanctiﬁcastis
2457 1179 2546 1220 me
2587 1164 2730 1220 inter
2755 1163 2898 1221 ﬁlios
2944 1161 3137 1220 Israel.
3168 1165 3461 1238 PrOpterea
3495 1183 3602 1224 non

2029 1253 2382 1308 introducetis
2417 1268 2751 1325 synagogam
2787 1253 2840 1307 in
2873 1269 2993 1308 eam
3045 1263 3270 1324 terram,
3294 1272 3455 1325 qualn
3483 1255 3608 1312 dedi

2027 1345 2158 1414 ipsis
2177 1345 2244 1402 ⁸³.
2277 1364 2296 1398 ι
2326 1344 2528 1399 Natura
2561 1346 2780 1416 quidem
2822 1353 2877 1401 et
2916 1345 3096 1418 reipsa
3151 1347 3328 1402 minus
3369 1357 3491 1404 erat
3531 1347 3608 1412 id,

2027 1448 2186 1503 quam
2210 1432 2422 1487 illorum
2442 1432 2736 1499 delictum;
2764 1433 3020 1504 quoniam
3041 1442 3222 1490 tamen
3241 1434 3294 1488 id
3326 1449 3448 1489 cum
3473 1433 3610 1490 alio-

2028 1539 2144 1577 rum
2169 1525 2370 1577 damno
2391 1525 2714 1593 contigerat,
2737 1538 2844 1578 non
2860 1525 3020 1580 modo
3043 1524 3156 1579 haec
3181 1525 3498 1594 promeruit,
3518 1539 3610 1580 ve—

2028 1630 2147 1670 rum
2166 1615 2330 1670 etiam
2355 1614 2531 1684 majus
2547 1613 2666 1680 fuit,
2687 1630 2847 1685 quam
2868 1624 2926 1668 ut
2943 1614 3153 1670 veniam
3173 1628 3496 1672 mereretur.
3515 1613 3607 1670 Illa

2025 1709 2169 1762 enim
2187 1705 2438 1775 privatim
2465 1716 2519 1761 et
2545 1705 2706 1772 clam,
2741 1707 2840 1760 hoc
2861 1719 2993 1761 vero
3013 1721 3197 1762 coram
3232 1708 3432 1778 populo
3454 1721 3608 1762 com-

2027 1799 2256 1854 missum
2280 1805 2383 1852 est.

2419 1903 2665 1962 CCLXII.
2685 1934 2756 1944 —
2787 1901 3217 1960 ADAMANTIO.

1513 1997 1841 2070 Eloquentia:
1870 2009 2156 2054 ostentator
2173 1999 2438 2067 explosus.

425 2109 487 2164 '0
521 2109 673 2179 φίλος
705 2111 734 2164 ὁ
767 2109 860 2174 σὸς
887 2105 1017 2183 ἦλθε
1047 2111 1145 2180 μὲν
1172 2111 1234 2164 οὐ
1268 2109 1674 2182 μαθησόμενος,
1704 2108 1780 2172 ὡς
1811 2107 1926 2162 ἕλε-

346 2217 464 2270 γεν,
500 2200 614 2254 ἀλλ’
643 2201 1045 2272 ἐπιδειξόμενος
1069 2203 1162 2255 καὶ
1187 2201 1434 2265 διδάξων,
1467 2201 1558 2254 καὶ
1585 2199 1647 2251 τὸ
1668 2199 1924 2270 φρόνημα

344 2291 456 2346 τῶν
503 2291 802 2347 δοκούντων
839 2309 892 2346 τι
935 2293 1133 2348 εἰδέναι
1182 2293 1410 2347 σϐέσων.
1457 2289 1690 2362 ’Δπῆλῦε
1721 2290 1780 2345 δὲ
1814 2308 1921 2346 πα-

343 2381 478 2448 Θὼν,
505 2381 534 2437 δ
559 2385 759 2456 δρᾶσαι
788 2384 1208 2456 προσεδόκησεν.

696 2585 851 2643 ΣΞΓ.
886 2618 958 2630 -
987 2588 1288 2662 ογΡΑΝιο
1310 2589 1632 2661 annona.

2100 2107 2320 2163 Amicus
2348 2107 2436 2162 ille
2463 2115 2588 2161 tuus
2626 2103 2796 2169 venit,
2832 2119 2940 2159 non
2989 2103 3208 2174 quidem
3273 2103 3479 2174 aliquid
3507 2105 3608 2160 do-

2031 2198 2258 2264 cendus,
2290 2205 2348 2252 ut
2377 2197 2688 2263 aiebat,sed
2717 2196 2976 2268 docturus
2999 2196 3600 2266 demonstraturusque.

2029 2301 2194 2358 atque
2219 2303 2434 2352 eorum,
2465 2289 2558 2358 qui
2601 2287 2703 2342 sibi
2735 2287 2882 2342 scire
2937 2285 3140 2354 aliquid
3183 2287 3461 2354 videntur,
3484 2287 3604 2356 cpi-

2029 2380 2246 2435 nionem
2279 2379 2636 2435 refutaturus.
2668 2377 2818 2433 Abiit
2850 2377 3034 2448 itaque
3055 2376 3186 2432 illud
3216 2391 3433 2448 passus,
3457 2377 3605 2446 quod

2027 2469 2296 2528 facturum
2327 2485 2388 2526 se
2410 2469 2688 2539 sperabat.

2310 2578 2586 2637 CCLXlll.
2609 2577 2950 2637 --URANIO
2989 2575 3308 2635 DlACONO.
3337 2589 3342 2593 ’

1333 2678 1558 2735 Dicendi
1602 2683 1740 2736 ratio
1775 2678 1994 2748 optima,
2025 2672 2266 2742 simplex,
2295 2672 2409 2728 sine
2449 2671 2617 2740 fastu.

425 2786 492 2840 Ἦ
521 2783 632 2840 τῶν
657 2784 836 2856 ὀρθῶς
870 2785 968 2840 καὶ
1015 2787 1156 2858 μετὰ
1191 2787 1354 2842 πόνου
1380 2784 1740 2842 διδασκόντων
1769 2783 1920 2856 ψυχὴ

341 2876 568 2946 (πολλοὶ
613 2878 722 2948 γὰρ
771 2877 889 2948 μετ’
945 2877 1258 2941 ἐπιδείξεως
1305 2877 1402 2932 καὶ
1461 2879 1923 2948 καταφρονήσεως

342 2967 699 3040 ἐξηγούμενοι
745 2968 1000 3022 ἐκλύουσι
1039 2969 1138 3022 καὶ
1187 2968 1296 3022 τῶν
1343 2969 1629 3040 ἀκροατῶν
1658 2968 1756 3038 τὴν
1785 2982 1922 3038 ’προ⁹

2090 2779 2259 2834 ltecte
2314 2777 2694 2844 laborioseque
2759 2775 3072 2831 docentium
3132 2775 3347 2832 animus
3405 2775 3606 2844 (muiti

2017 2873 2161 2928 enim
2195 2886 2319 2926 cum
2351 2869 2720 2926 ostentatione
2746 2876 2912 2938 atque
2949 2875 3264 2935 contemptu
3311 2865 3608 2936 explanan-

2021 2973 2101 3019 tcs
2147 2977 2398 3034 magnam
2439 2960 2758 3016 auditorum
2815 2959 3058 3015 discendi
3113 2958 3602 3028 promptitudinem

346 3060 410 3112 ου
418 3059 592 3128 μίαν),
611 3059 832 3130 πρῶτον
861 3060 961 3131 μὲν
982 3060 1072 3114 διὰ
1095 3059 1204 3112 τῶν
1229 3059 1524 3131 ὀφθαλμῶν
1554 3059 1808 3130 ἐμφαίνει
1821 3055 1922 3129 τὴν

2028 3050 2365 3122 infringunt)
2387 3050 2624 3120 primum
2650 3049 2872 3118 quidem
2900 3049 3074 3104 oculis
3113 3047 3373 3118 pietatem
3405 3061 3517 3117 pra
3543 3063 3606 3104 se

342 3149 630 3204 εὐλάϐειαν
649 3165 664 3182 ·
689 3149 865 3205 πολλά
897 3153 1008 3222 γὰρ
1030 3151 1212 3206 αὐτῶν
1236 3151 1372 3222 πρὸς
1400 3151 1490 3206 τὸν
1513 3151 1670 3220 λόγον
1700 3149 1770 3204 τὰ
1797 3150 1920 3204 κέν-

2028 3146 2128 3202 fert
2155 3163 2170 3201 :
2197 3161 2293 3201 eos
2319 3145 2464 3201 enim
2507 3143 2649 3198 oculi
2710 3155 3027 3198 sermonum
3081 3140 3332 3196 stimulos
3375 3140 3600 3194 addunt.

341 3261 467 3315 τρα·
499 3244 692 3299 ἔπειτα
716 3245 774 3299 δὲ
807 3247 903 3300 καὶ
931 3247 1022 3300 διὰ
1061 3245 1173 3300 τῶν
1210 3245 1428 3316 ὀφρύων
1459 3243 1804 3316 διασημαίνει
1825 3243 1919 3297 τδν

341 3335 470 3390 νοῦν
493 3336 602 3391 τῶν
627 3337 992 3408 διδαγμάτωνε
1024 3337 1169 3410 λόγῳ
1199 3338 1259 3392 δὲ
1294 3337 1500 3409 μετρίῳ
1525 3337 1726 3408 χρῆται
1746 3377 1762 3400 ,
1793 3335 1920 3390 οὔτε

341 3425 450 3480 ὑπὸ
497 3425 714 3496 τρυφῆς
764 3425 1136 3497 ἐξυϐρίζον-τι,
1187 3425 1312 3480 οὔτε
1379 3427 1486 3480 ὑπὸ
1535 3423 1922 3494 ταπεινότητος

339 3513 822 3587 ἐξευτελιζομένῳ.
865 3515 930 3569 Ei
957 3515 1065 3586 γὰρ
1101 3515 1198 3570 καὶ
1221 3517 1256 3587 ἡ
1292 3515 1492 3586 φράσις
1527 3514 1614 3584 εἴη
1641 3512 1920 3570 ἅναττίκι·

341 3619 500 3668 στος,
527 3603 667 3660 ἀλλά
696 3620 760 3674 γε
789 3604 858 3659 τὰ
882 3604 1260 3676 ὑποδείγματα
1295 3605 1390 3659 καὶ
1429 3605 1492 3659 τὸ
1525 3605 1604 3670 είς
1633 3602 1922 3658 εύλάσειαν

344 3691 565 3762 βλέπειν
591 3693 945 3770 διαναστήσει
972 3696 1100 3760 τοὺς
1125 3697 1412 3768 φοιτητὰς.

868 3803 1026 3860 mat.
1061 3835 1132 3846 --
1160 3806 1390 3877 uasis.

2028 3237 2228 3292 Deinde
2249 3237 2414 3292 etiam
2450 3233 2756 3305 superciliis
2783 3240 3018 3287 mentem
3043 3243 3374 3302 sensumque
3391 3230 3600 3287 doetri-

2026 3341 2108 3382 na!
2133 3343 2248 3382 suae
2277 3327 2554 3392 indicant;
2578 3323 2750 3396 339
2773 3323 3024 3376 oratione
3050 3335 3179 3376 vero
3215 3321 3388 3376 utitur
3417 3319 3606 3376 mode-

2027 3428 2170 3484 rata,
2196 3416 2411 3474 deliciis
2444 3429 2552 3470 non
2579 3415 2918 3478 lasciviente,
2951 3427 3134 3480 neque
3187 3411 3498 3467 humilitate
3519 3413 3607 3468 ni-

2027 3513 2132 3566 mis
2157 3516 2459 3564 attenuata.
2491 3507 2549 3564 Si
2573 3507 2718 3562 enim
2755 3504 2975 3576 phrasis
3013 3503 3192 3558 Attica
3233 3518 3340 3558 non
3377 3504 3472 3570 sit,
3505 3505 3608 3561 sed

2023 3602 2275 3672 simplex,
2304 3601 2552 3670 exempla
2584 3610 2762 3654 tamen
2793 3597 2860 3653 ad
2883 3597 3141 3667 pietatem
3160 3597 3406 3652 excitare
3427 3595 3602 3666 pluri-

2025 3707 2171 3754 mum
2202 3693 2495 3766 discipulos
2537 3692 2739 3748 valent.

2495 3797 2770 3858 CCLXIV.
2793 3795 3127 3856 —ESAIA'3.

1225 3897 1508 3962 De‘activa
1535 3897 1642 3954 vita
1671 3913 1763 3954 seu
1792 3900 2080 3971 negatiosa.
2116 3896 2356 3970 (Confer.
2385 3895 2542 3965 epist.
2579 3892 2726 3966 HO.)

414 4005 508 4080 Μὴ
535 4003 614 4080 τῷ
641 4006 814 4072 δεινὸς
865 3999 1006 4062 εἶναι
1047 4006 1334 4080 πράγμασι
1369 4005 1624 4080 χρῆσθαι,
1647 4007 1723 4072 ὼς
1752 4008 1921 4081 ἁδρα-

343 4101 460 4164 νεῖς
497 4099 638 4172 ψέγε
684 4100 812 4164 τοὺς
857 4099 958 4172 τῆς
997 4097 1432 4171 ἀπραγμοσύνης
1481 4099 1722 4172 ἐρῶντας
1774 4099 1918 4174 (73)°

342 4191 482 4246 ἀλλὰ
511 4191 590 4264 τῷ
620 4191 880 4256 πολλάκις
909 4193 989 4255 είς
1017 4191 1296 4262 χειμῶνας
1319 4190 1590 4263 χαλεποὺς
1623 4192 1920 4261 ἐμπεπτω-

341 4281 520 4348 κέναι,
539 4282 810 4356 μακάριζε
834 4283 981 4348 τοὺς,
1003 4283 1079 4345 ὡς
1095 4281 1386 4353 ἐνδέχεται,
1406 4283 1485 4346 είς
1501 4281 1590 4334 τὸν
1609 4281 1804 4353 λιμένα
1821 4281 1922 4352 τῆς

339 4374 577 4446 ἡσυχίας
607 4373 915 4447 ὁρμῶντας.
952 4373 1089 4428 Είδὲ
1109 4373 1204 4427 καὶ
1221 4375 1406 4437 αὐτοῖς
1441 4373 1700 4437 πολλάκις
1724 4373 1920 4426 σπιλὰ-

2103 4008 2246 4065 Cave
2289 4020 2378 4074 ne,
2415 4003 2561 4076 quod
2603 4004 2680 4059 sis
2725 4002 2890 4059 rebus
2939 4003 3190 4074 gerendis
3247 4003 3494 4068 idoneus,
3548 4014 3608 4060 ut

2029 4101 2251 4172 ignavos
2285 4111 2512 4169 spernas
2537 4111 2655 4162 eos,
2679 4095 2772 4166 qui
2797 4095 3026 4150 otiosam
3050 4093 3408 4164 inutilemque
3437 4093 3600 4150 vitam

2029 4189 2452 4260 amplectuntur.
2496 4183 2603 4242 Sed
2645 4185 2788 4256 quod
2829 4199 2972 4256 stepe
3019 4184 3070 4239 in
3108 4194 3454 4256 tempestates
3489 4200 3605 4242 mo-

2028 4281 2303 4350 lestasque
2342 4278 2613 4350 procellas
2661 4275 2941 4340 incideris,
2978 4275 3165 4332 felices
3221 4291 3315 4332 eos
3347 4275 3602 4347 przediea,

2028 4374 2168 4442 quod
2201 4387 2299 4428 eos
2318 4371 2428 4441 jam
2469 4369 2880 4440 tranquillitatis
2899 4368 3172 4439 exceperit
3202 4377 3408 4436 portus.
3439 4365 3602 4422 Tam-

339 4464 432 4530 δες
455 4466 960 4537 κατασκήπτουσιν,
986 4464 1102 4520 ἀλλ’
1133 4464 1232 4518 οὐκ
1257 4463 1402 4518 ἐστιν
1429 4461 1548 4518 ἴσον
1571 4465 1632 4517 τδ
1658 4464 1732 4536 μὴ
1763 4463 1922 4535 μόνον

2028 4464 2128 4518 etsi
2167 4463 2310 4518 enim
2343 4462 2444 4532 ipsi
2487 4474 2631 4530 saepe
2675 4474 2739 4514 ex
2783 4473 3046 4528 aquarum
3089 4457 3390 4514 vorticibus
3428 4471 3600 4512 emer-

340 4556 415 4610 τὰ
437 4555 648 4626 πελάγη
673 4555 783 4610 τῶν
803 4555 1145 4628 πραγμάτων
1161 4554 1428 4618 διαπλεῖν,
1457 4555 1596 4611 ἀλλὰ
1615 4557 1708 4609 καὶ
1729 4555 1922 4610 ἑαυτὸν

343 4649 425 4710 είς
467 4647 532 4700 τὸ
566 4646 800 4715 πέλαγος
824 4645 934 4700 τῶν
983 4645 1172 4700 παθῶν
1204 4645 1513 4716 ἐμϐάλλειν,
1545 4647 1638 4700 καὶ
1681 4647 1773 4701 τὸν
1799 4663 1922 4700 πει-

345 4741 558 4814 ρασμὸν
613 4743 876 4810 ἐνεγκεῖν.
931 4741 1005 4794 Τὸ
1039 4740 1139 4812 μὲν
1185 4741 1298 4812 γὰρ
1328 4740 1718 4813 ῥιψοκινδύνων
1774 4741 1922 4794 ἐστὶν

341 4833 578 4904 ἀνδρῶν,
624 4835 716 4888 καὶ
751 4833 1052 4906 ἐμπορικὸν
1083 4831 1198 4906 βίον
1246 4833 1636 4908 ἀνῃρημένων·
1669 4833 1730 4888 τὸ
1755 4831 1811 4886 δὲ
1838 4832 1922 4885 δι-

341 4923 516 4978 καίων
543 4923 1012 4994 δοκιμαζομένων,
1061 4922 1156 4976 καὶ
1188 4921 1378 4993 ῶσπερ
1407 4921 1606 4993 χρυσὸς
1635 4919 1920 4992 βασανιζοο

347 5012 551 5084 μένων.
607 5012 672 5066 Ei
736 5011 793 5066 δὲ
836 5011 898 5066 τὸ
961 5010 1264 5084 πρακτικόν
1311 5028 1394 5064 σοι
1449 5013 1546 5066 καὶ
1595 5011 1920 5084 δραστήριον

2029 4553 2223 4618 serint,
2263 4553 2380 4606 ﬁeri
2449 4561 2629 4606 tamen
2689 4551 2904 4621 nequit,
2948 4559 3008 4605 ut
3069 4550 3196 4621 quis
3262 4549 3603 4621 negotiorum

2031 4652 2326 4699 transmeet
2349 4642 2591 4713 pelagus,
2623 4642 2752 4710 quin
2787 4641 3056 4696 interdum
3083 4641 3246 4696 etiam
3291 4639 3603 4710 passionum

2029 4734 2279 4790 ﬂuetibus
2303 4733 2684 4794 absorbeatur.
2709 4740 2764 4787 et
2790 4732 2842 4788 in
2885 4732 3214 4786 tentationes
3263 4729 3446 4785 varias
3476 4728 3605 4784 inci-

2029 4827 2144 4882 dat.
2182 4823 2316 4880 iliud
2374 4823 2518 4878 enim
2579 4823 2821 4879 virorum
2873 4831 2960 4878 est
3026 4821 3304 4893 proprium
3348 4817 3606 4892 proiecta!

2027 4917 2267 4973 audaciae
2311 4917 2802 4986 mercatoriamque
2869 4915 3037 4969 vitam
3095 4913 3418 4970 sectantium
3455 4933 3468 4969 :
3501 4913 3606 4968 hoc

2027 5026 2160 5066 vero
2192 5024 2380 5066 corum
2431 5009 2521 5078 qui
2568 5006 2702 5076 justi
2759 5005 3051 5075 habentur,
3084 5019 3150 5062 ac
3199 5004 3368 5060 veluti
3400 5005 3452 5060 in
3483 5003 3606 5074 igne

338 5104 590 5176 ἀρέσκει,
624 5103 864 5175 μάνθανε
896 5103 979 5158 ὅτι
1021 5105 1121 5158 οὐκ
1166 5103 1282 5157 ἔστι
1311 5103 1469 5158 τοῦτο
1497 5102 1526 5156 ὃ
1555 5105 1619 5157 σὺ
1647 5105 1773 5174 φής·
1803 5103 1923 5156 ἐπεὶ

2028 5119 2214 5158 aurum
2251 5101 2466 5172 probari
2531 5099 2726 5155 solent.
2751 5096 2810 5154 Si
2845 5108 2978 5152 vero
3026 5099 3172 5153 actio
3237 5097 3334 5153 tibi
3377 5097 3598 5165 vitaque

341 5193 489 5249 κατὰ
529 5195 724 5266 μικρὸν
763 5194 989 5268 προϊὼν,
1033 5196 1128 5249 καὶ
1159 5196 1287 5260 τοὺς
1321 5193 1666 5264 συκοφάντας
1700 5193 1808 5248 τῶν
1838 5211 1926 5262 φι-

2025 5192 2235 5262 placeat
2277 5191 2578 5263 negotiosa,
2611 5189 2760 5244 disce
2793 5201 2900 5243 non
2925 5197 3046 5244 esse
3069 5187 3214 5258 quod
3248 5195 3302 5243 tu
3330 5186 3600 5256 opinaris.

341 5285 594 5356 λοσόιρων
633 5287 1016 5356 προτιμήσεις,
1045 5285 1290 5352 καὶτοὺς
1323 5285 1772 5358 παλιγκαπήλους
1815 5285 1923 5340 τῶν

2028 5283 2312 5338 Paululum
2363 5281 2509 5338 enim
2545 5295 2869 5352 progressus
2905 5289 2962 5337 et
3009 5280 3374 5350 sycophantas
3424 5277 3604 5346 philo-

340 5375 666 5448 ἐλευθερίως
691 5373 1221 5446 μεταχειριζομένων
1243 5373 1314 5430 τὰ
1336 5375 1656 5448 πράγματα,
1687 5375 1922 5439 καὶτοὺς

2031 5377 2220 5447 sopitis
2256 5378 2461 5432 honore
2497 5373 2778 5446 praeferes,
2817 5382 2874 5430 et
2931 5373 3207 5430 institores
3243 5371 3410 5424 libere
3441 5383 3604 5438 nego«

421 5531 468 5566 “
487 5534 649 5589 Num.
675 5551 754 5605 ιιι,
793 5538 887 5604 2i,
925 5535 1018 5592 2‘2.
1098 5533 1145 5566 “
1173 5531 1336 5587 Deut.
1379 5547 1552 5599 χχιιι,
1583 5533 1673 5588 51.

1453 5643 1686 5705 ἺΑΒΙᾹΞ
1726 5647 2106 5706 LECTIONES
2145 5647 2235 5703 ET
2274 5645 2532 5714 NOTAE.,

419 5806 532 5877 (73)
563 5806 667 5866 Pro
718 5807 960 5881 ἐρῶντας
993 5806 1152 5861 ambo
1202 5805 1359 5860 codd.
1404 5805 1523 5860 Vat.
1568 5806 1672 5882 650
1719 5815 1771 5862 et
1800 5809 1908 5863 Αιι.

2023 5806 2269 5864 scribunt
2311 5789 2539 5876 ἔρωτας.
2575 5801 2787 5858 Possm.
